time,price,volume,match_type,id
2024-07-30 09:14:40,129000.0,33400,ATO/ATC,227139574
2024-07-30 09:14:41,129000.0,300,Sell,227139643
2024-07-30 09:14:42,129000.0,100,Sell,227139832
2024-07-30 09:14:42,129000.0,100,Sell,227139749
2024-07-30 09:14:43,129500.0,100,Buy,227139847
2024-07-30 09:14:43,129500.0,100,Buy,227139845
2024-07-30 09:14:43,129500.0,200,Buy,227139848
2024-07-30 09:15:20,129200.0,100,Sell,227141227
2024-07-30 09:15:20,129100.0,100,Sell,227141228
2024-07-30 09:15:32,129100.0,200,Sell,227141773
2024-07-30 09:15:44,129100.0,2000,Sell,227142219
2024-07-30 09:15:47,129300.0,100,Buy,227142319
2024-07-30 09:16:05,129300.0,400,Buy,227142751
2024-07-30 09:16:09,129300.0,300,Sell,227142833
2024-07-30 09:16:14,129400.0,200,Buy,227142950
2024-07-30 09:16:16,129100.0,700,Sell,227143029
2024-07-30 09:16:16,129100.0,200,Sell,227143030
2024-07-30 09:16:16,129100.0,200,Sell,227143031
2024-07-30 09:16:16,129100.0,100,Sell,227143032
2024-07-30 09:16:16,129100.0,200,Buy,227143033
2024-07-30 09:16:18,129100.0,300,Buy,227143101
2024-07-30 09:16:26,129100.0,2000,Buy,227143273
2024-07-30 09:16:33,129100.0,100,Buy,227143464
2024-07-30 09:16:39,129000.0,100,Sell,227143664
2024-07-30 09:16:49,129000.0,6000,Sell,227143896
2024-07-30 09:16:49,129000.0,100,Sell,227143894
2024-07-30 09:16:49,129000.0,200,Sell,227143895
2024-07-30 09:16:57,129000.0,200,Sell,227144263
2024-07-30 09:17:01,129000.0,500,Sell,227144397
2024-07-30 09:17:04,129000.0,200,Sell,227144515
2024-07-30 09:17:04,129000.0,4900,Sell,227144523
2024-07-30 09:17:04,129000.0,100,Sell,227144522
2024-07-30 09:17:04,129000.0,500,Sell,227144521
2024-07-30 09:17:04,129000.0,500,Sell,227144520
2024-07-30 09:17:04,129000.0,200,Sell,227144519
2024-07-30 09:17:04,129000.0,100,Sell,227144518
2024-07-30 09:17:04,129000.0,100,Sell,227144517
2024-07-30 09:17:04,129000.0,100,Sell,227144516
2024-07-30 09:17:04,129000.0,1000,Sell,227144514
2024-07-30 09:17:04,129000.0,100,Sell,227144510
2024-07-30 09:17:04,129000.0,100,Sell,227144512
2024-07-30 09:17:04,129000.0,1000,Sell,227144513
2024-07-30 09:17:04,129000.0,600,Sell,227144478
2024-07-30 09:17:04,129000.0,300,Sell,227144479
2024-07-30 09:17:04,129000.0,400,Sell,227144480
2024-07-30 09:17:04,129000.0,600,Sell,227144505
2024-07-30 09:17:04,129000.0,100,Sell,227144509
2024-07-30 09:17:04,129000.0,100,Sell,227144507
2024-07-30 09:17:04,129000.0,100,Sell,227144508
2024-07-30 09:17:04,129000.0,100,Sell,227144511
2024-07-30 09:17:04,129000.0,100,Sell,227144506
2024-07-30 09:17:17,128900.0,100,Sell,227144905
2024-07-30 09:17:19,128900.0,200,Buy,227145020
2024-07-30 09:17:23,128900.0,100,Buy,227145105
2024-07-30 09:17:29,128800.0,100,Sell,227145282
2024-07-30 09:17:29,128800.0,100,Sell,227145283
2024-07-30 09:17:29,128800.0,100,Sell,227145284
2024-07-30 09:17:38,128800.0,200,Sell,227145700
2024-07-30 09:17:40,128800.0,200,Sell,227145768
2024-07-30 09:17:42,128800.0,100,Buy,227145819
2024-07-30 09:17:44,128800.0,200,Buy,227145909
2024-07-30 09:17:52,128600.0,100,Sell,227146354
2024-07-30 09:17:52,128600.0,1000,Sell,227146352
2024-07-30 09:17:52,128600.0,2000,Sell,227146353
2024-07-30 09:17:53,128500.0,200,Sell,227146449
2024-07-30 09:17:53,128500.0,100,Sell,227146448
2024-07-30 09:17:58,128600.0,100,Buy,227146580
2024-07-30 09:18:07,128500.0,100,Sell,227146883
2024-07-30 09:18:07,128500.0,200,Sell,227146884
2024-07-30 09:18:07,128500.0,100,Sell,227146885
2024-07-30 09:18:07,128500.0,500,Sell,227146886
2024-07-30 09:18:07,128500.0,100,Sell,227146887
2024-07-30 09:18:07,128500.0,100,Sell,227146893
2024-07-30 09:18:07,128500.0,400,Sell,227146894
2024-07-30 09:18:13,128500.0,4100,Sell,227147040
2024-07-30 09:18:22,128500.0,2000,Buy,227147409
2024-07-30 09:18:22,128500.0,100,Buy,227147393
2024-07-30 09:18:39,128500.0,100,Buy,227148005
2024-07-30 09:18:39,128500.0,300,Buy,227148006
2024-07-30 09:18:39,128500.0,500,Buy,227148007
2024-07-30 09:18:39,128500.0,100,Buy,227148004
2024-07-30 09:18:41,128500.0,100,Sell,227148059
2024-07-30 09:18:46,128500.0,200,Sell,227148284
2024-07-30 09:18:47,128500.0,200,Sell,227148312
2024-07-30 09:18:49,128500.0,200,Buy,227148366
2024-07-30 09:18:49,128500.0,100,Sell,227148400
2024-07-30 09:18:53,128500.0,100,Sell,227148500
2024-07-30 09:18:57,128300.0,1000,Sell,227148665
2024-07-30 09:18:57,128300.0,100,Sell,227148645
2024-07-30 09:18:57,128300.0,3200,Sell,227148646
2024-07-30 09:19:07,128300.0,200,Sell,227149007
2024-07-30 09:19:13,128500.0,600,Buy,227149209
2024-07-30 09:19:15,128500.0,200,Buy,227149301
2024-07-30 09:19:21,128300.0,300,Sell,227149543
2024-07-30 09:19:22,128300.0,200,Sell,227149559
2024-07-30 09:19:35,128400.0,100,Sell,227149982
2024-07-30 09:19:35,128300.0,100,Sell,227149983
2024-07-30 09:19:35,128300.0,300,Sell,227149984
2024-07-30 09:19:35,128300.0,200,Sell,227149985
2024-07-30 09:19:38,128500.0,200,Buy,227150139
2024-07-30 09:20:05,128300.0,200,Sell,227151059
2024-07-30 09:20:05,128300.0,400,Sell,227151060
2024-07-30 09:20:12,128500.0,100,Buy,227151272
2024-07-30 09:20:22,128500.0,100,Buy,227151558
2024-07-30 09:20:26,128300.0,600,Sell,227151644
2024-07-30 09:20:26,128300.0,800,Sell,227151645
2024-07-30 09:20:26,128300.0,100,Sell,227151646
2024-07-30 09:20:26,128300.0,200,Sell,227151647
2024-07-30 09:20:26,128300.0,1000,Sell,227151648
2024-07-30 09:20:26,128300.0,500,Sell,227151649
2024-07-30 09:20:26,128300.0,400,Sell,227151650
2024-07-30 09:20:26,128300.0,100,Sell,227151651
2024-07-30 09:20:26,128300.0,100,Sell,227151652
2024-07-30 09:20:26,128300.0,100,Sell,227151653
2024-07-30 09:20:26,128300.0,100,Sell,227151654
2024-07-30 09:20:34,128300.0,100,Sell,227151929
2024-07-30 09:20:37,128300.0,100,Sell,227151982
2024-07-30 09:20:37,128300.0,100,Sell,227151981
2024-07-30 09:20:44,128300.0,100,Sell,227152233
2024-07-30 09:20:46,128300.0,200,Buy,227152297
2024-07-30 09:20:49,128300.0,100,Buy,227152366
2024-07-30 09:20:51,128300.0,200,Buy,227152434
2024-07-30 09:20:52,128300.0,100,Buy,227152469
2024-07-30 09:20:53,128300.0,100,Buy,227152475
2024-07-30 09:20:59,128300.0,200,Buy,227152652
2024-07-30 09:21:05,128300.0,100,Buy,227152829
2024-07-30 09:21:15,128200.0,100,Sell,227153136
2024-07-30 09:21:15,128200.0,100,Sell,227153134
2024-07-30 09:21:15,128200.0,100,Sell,227153133
2024-07-30 09:21:15,128200.0,100,Sell,227153135
2024-07-30 09:21:15,128200.0,100,Sell,227153131
2024-07-30 09:21:15,128200.0,1000,Sell,227153130
2024-07-30 09:21:15,128200.0,100,Sell,227153129
2024-07-30 09:21:15,128200.0,100,Sell,227153132
2024-07-30 09:21:18,128200.0,300,Buy,227153230
2024-07-30 09:21:18,128200.0,100,Buy,227153231
2024-07-30 09:21:18,128200.0,500,Buy,227153232
2024-07-30 09:21:18,128300.0,100,Buy,227153233
2024-07-30 09:21:27,128100.0,100,Sell,227153511
2024-07-30 09:21:29,128100.0,200,Sell,227153560
2024-07-30 09:21:29,128100.0,200,Sell,227153559
2024-07-30 09:21:29,128100.0,500,Sell,227153556
2024-07-30 09:21:29,128100.0,400,Sell,227153558
2024-07-30 09:21:29,128100.0,100,Sell,227153554
2024-07-30 09:21:29,128100.0,1000,Sell,227153555
2024-07-30 09:21:29,128300.0,500,Buy,227153551
2024-07-30 09:21:29,128100.0,1000,Sell,227153557
2024-07-30 09:21:29,128300.0,300,Buy,227153553
2024-07-30 09:21:29,128300.0,500,Buy,227153552
2024-07-30 09:22:01,128100.0,500,Sell,227154436
2024-07-30 09:22:06,128200.0,300,Sell,227154569
2024-07-30 09:22:16,128300.0,200,Buy,227154898
2024-07-30 09:22:17,128200.0,100,Sell,227154912
2024-07-30 09:22:47,128300.0,1000,Buy,227155726
2024-07-30 09:22:49,128200.0,100,Sell,227155814
2024-07-30 09:22:49,128300.0,500,Buy,227155833
2024-07-30 09:22:55,128300.0,200,Buy,227156043
2024-07-30 09:23:01,128300.0,700,Buy,227156228
2024-07-30 09:23:01,128300.0,200,Buy,227156227
2024-07-30 09:23:01,128300.0,100,Buy,227156226
2024-07-30 09:23:03,128300.0,300,Buy,227156289
2024-07-30 09:23:03,128300.0,100,Buy,227156290
2024-07-30 09:23:03,128300.0,200,Buy,227156291
2024-07-30 09:23:03,128300.0,100,Buy,227156292
2024-07-30 09:23:34,128300.0,100,Sell,227157216
2024-07-30 09:23:35,128300.0,200,Sell,227157218
2024-07-30 09:23:36,128300.0,300,Sell,227157251
2024-07-30 09:23:43,128300.0,300,Sell,227157420
2024-07-30 09:23:43,128300.0,200,Sell,227157421
2024-07-30 09:23:47,128400.0,100,Buy,227157538
2024-07-30 09:23:53,128300.0,400,Sell,227157690
2024-07-30 09:23:53,128300.0,100,Sell,227157688
2024-07-30 09:23:53,128300.0,100,Sell,227157689
2024-07-30 09:24:06,128300.0,100,Sell,227157993
2024-07-30 09:24:06,128300.0,300,Sell,227157996
2024-07-30 09:24:06,128300.0,400,Sell,227157992
2024-07-30 09:24:06,128300.0,100,Sell,227157994
2024-07-30 09:24:06,128300.0,100,Sell,227157995
2024-07-30 09:24:21,128300.0,200,Sell,227158422
2024-07-30 09:24:25,128400.0,200,Buy,227158514
2024-07-30 09:24:26,128300.0,200,Sell,227158554
2024-07-30 09:24:29,128400.0,500,Buy,227158627
2024-07-30 09:24:31,128400.0,1000,Buy,227158661
2024-07-30 09:24:36,128400.0,100,Buy,227158755
2024-07-30 09:24:37,128400.0,100,Buy,227158800
2024-07-30 09:24:37,128400.0,400,Buy,227158801
2024-07-30 09:24:40,128400.0,100,Buy,227158885
2024-07-30 09:24:43,128100.0,300,Sell,227158964
2024-07-30 09:24:43,128200.0,200,Sell,227158963
2024-07-30 09:24:43,128200.0,100,Sell,227158962
2024-07-30 09:24:43,128200.0,100,Sell,227158961
2024-07-30 09:24:43,128200.0,100,Sell,227158960
2024-07-30 09:24:43,128200.0,100,Sell,227158959
2024-07-30 09:24:43,128200.0,2000,Sell,227158958
2024-07-30 09:24:43,128200.0,100,Sell,227158957
2024-07-30 09:24:43,128200.0,100,Sell,227158956
2024-07-30 09:24:43,128200.0,200,Sell,227158955
2024-07-30 09:24:43,128100.0,100,Sell,227158965
2024-07-30 09:24:43,128200.0,200,Sell,227158954
2024-07-30 09:24:43,128200.0,300,Sell,227158952
2024-07-30 09:24:43,128400.0,100,Buy,227158942
2024-07-30 09:24:43,128400.0,200,Buy,227158943
2024-07-30 09:24:43,128400.0,400,Sell,227158944
2024-07-30 09:24:43,128300.0,1300,Sell,227158945
2024-07-30 09:24:43,128300.0,100,Sell,227158946
2024-07-30 09:24:43,128200.0,100,Sell,227158953
2024-07-30 09:24:43,128300.0,1000,Sell,227158948
2024-07-30 09:24:43,128300.0,100,Sell,227158949
2024-07-30 09:24:43,128300.0,100,Sell,227158950
2024-07-30 09:24:43,128300.0,100,Sell,227158951
2024-07-30 09:24:43,128300.0,200,Sell,227158947
2024-07-30 09:24:55,128400.0,100,Sell,227159315
2024-07-30 09:25:00,128400.0,100,Sell,227159474
2024-07-30 09:25:10,128400.0,200,Buy,227159756
2024-07-30 09:25:10,128400.0,500,Buy,227159755
2024-07-30 09:25:17,128500.0,200,Buy,227159935
2024-07-30 09:25:40,128500.0,500,Buy,227160552
2024-07-30 09:25:43,128500.0,200,Buy,227160625
2024-07-30 09:25:46,128500.0,100,Buy,227160709
2024-07-30 09:25:46,128500.0,100,Buy,227160710
2024-07-30 09:26:08,128500.0,700,Buy,227161343
2024-07-30 09:26:12,128500.0,200,Buy,227161417
2024-07-30 09:26:42,128500.0,100,Buy,227162257
2024-07-30 09:26:46,128500.0,100,Buy,227162340
2024-07-30 09:26:47,128400.0,400,Sell,227162396
2024-07-30 09:26:47,128400.0,100,Sell,227162394
2024-07-30 09:26:47,128400.0,300,Sell,227162393
2024-07-30 09:26:47,128400.0,500,Sell,227162395
2024-07-30 09:26:48,128500.0,200,Buy,227162418
2024-07-30 09:27:14,128400.0,300,Sell,227163148
2024-07-30 09:27:14,128400.0,200,Sell,227163149
2024-07-30 09:27:19,128400.0,2000,Buy,227163270
2024-07-30 09:27:22,128400.0,200,Buy,227163383
2024-07-30 09:27:29,128400.0,200,Buy,227163682
2024-07-30 09:27:29,128400.0,100,Buy,227163683
2024-07-30 09:27:41,128400.0,100,Buy,227163972
2024-07-30 09:28:00,128400.0,300,Buy,227164541
2024-07-30 09:28:00,128400.0,200,Buy,227164542
2024-07-30 09:28:04,128400.0,800,Buy,227164651
2024-07-30 09:28:04,128400.0,100,Buy,227164652
2024-07-30 09:28:04,128400.0,800,Buy,227164653
2024-07-30 09:28:04,128400.0,300,Buy,227164654
2024-07-30 09:28:05,128400.0,100,Buy,227164687
2024-07-30 09:28:07,128400.0,200,Buy,227164737
2024-07-30 09:28:07,128400.0,600,Buy,227164736
2024-07-30 09:28:15,128400.0,4200,Sell,227164947
2024-07-30 09:28:15,128400.0,1000,Sell,227164948
2024-07-30 09:28:15,128400.0,1000,Sell,227164949
2024-07-30 09:28:15,128400.0,1000,Sell,227164950
2024-07-30 09:28:15,128400.0,100,Sell,227164951
2024-07-30 09:28:19,128400.0,300,Buy,227165047
2024-07-30 09:28:19,128400.0,200,Buy,227165054
2024-07-30 09:28:37,128400.0,400,Buy,227165664
2024-07-30 09:28:37,128400.0,200,Buy,227165684
2024-07-30 09:28:43,128200.0,200,Sell,227165876
2024-07-30 09:28:43,128200.0,500,Sell,227165875
2024-07-30 09:28:43,128200.0,100,Sell,227165874
2024-07-30 09:28:43,128300.0,100,Sell,227165873
2024-07-30 09:28:43,128300.0,100,Sell,227165870
2024-07-30 09:28:43,128300.0,100,Sell,227165871
2024-07-30 09:28:43,128300.0,400,Sell,227165872
2024-07-30 09:28:43,128300.0,100,Sell,227165869
2024-07-30 09:28:43,128300.0,200,Sell,227165868
2024-07-30 09:28:49,128300.0,300,Sell,227166082
2024-07-30 09:29:04,128300.0,200,Sell,227166654
2024-07-30 09:29:30,128400.0,800,Buy,227167570
2024-07-30 09:29:30,128400.0,2100,Buy,227167571
2024-07-30 09:29:30,128400.0,2100,Buy,227167572
2024-07-30 09:29:35,128300.0,300,Sell,227167755
2024-07-30 09:29:35,128300.0,100,Sell,227167753
2024-07-30 09:29:35,128300.0,300,Sell,227167754
2024-07-30 09:29:35,128300.0,100,Sell,227167751
2024-07-30 09:29:35,128300.0,500,Sell,227167750
2024-07-30 09:29:35,128300.0,100,Sell,227167752
2024-07-30 09:29:42,128400.0,900,Buy,227167964
2024-07-30 09:29:42,128400.0,100,Buy,227167965
2024-07-30 09:29:42,128400.0,100,Buy,227167977
2024-07-30 09:29:47,128400.0,900,Sell,227168146
2024-07-30 09:29:48,128400.0,100,Buy,227168206
2024-07-30 09:29:49,128500.0,200,Buy,227168225
2024-07-30 09:30:02,128400.0,100,Sell,227168622
2024-07-30 09:30:02,128400.0,100,Sell,227168621
2024-07-30 09:30:02,128400.0,400,Sell,227168620
2024-07-30 09:30:06,128400.0,100,Buy,227168899
2024-07-30 09:30:13,128400.0,100,Buy,227169102
2024-07-30 09:30:24,128400.0,200,Buy,227169476
2024-07-30 09:30:31,128400.0,200,Buy,227169705
2024-07-30 09:30:37,128400.0,1000,Buy,227169854
2024-07-30 09:30:43,128400.0,4100,Buy,227170045
2024-07-30 09:30:43,128400.0,200,Buy,227170046
2024-07-30 09:30:43,128400.0,5000,Buy,227170047
2024-07-30 09:30:44,128300.0,200,Sell,227170067
2024-07-30 09:30:44,128300.0,2000,Sell,227170066
2024-07-30 09:30:44,128300.0,200,Sell,227170069
2024-07-30 09:30:44,128300.0,1700,Sell,227170064
2024-07-30 09:30:44,128400.0,700,Sell,227170063
2024-07-30 09:30:44,128300.0,100,Sell,227170065
2024-07-30 09:30:44,128300.0,500,Sell,227170068
2024-07-30 09:30:48,128300.0,100,Buy,227170230
2024-07-30 09:30:49,128300.0,300,Buy,227170254
2024-07-30 09:31:03,128300.0,100,Sell,227170686
2024-07-30 09:31:03,128300.0,200,Sell,227170687
2024-07-30 09:31:11,128300.0,100,Buy,227170919
2024-07-30 09:31:20,128500.0,200,Buy,227171180
2024-07-30 09:32:01,128500.0,200,Buy,227172408
2024-07-30 09:32:06,128500.0,100,Buy,227172548
2024-07-30 09:32:09,128500.0,4000,Buy,227172704
2024-07-30 09:32:17,128500.0,100,Buy,227172895
2024-07-30 09:32:17,128500.0,200,Buy,227172887
2024-07-30 09:32:17,128500.0,1700,Buy,227172885
2024-07-30 09:32:17,128500.0,100,Buy,227172886
2024-07-30 09:32:22,128300.0,500,Sell,227173121
2024-07-30 09:32:22,128300.0,300,Sell,227173122
2024-07-30 09:32:22,128300.0,200,Sell,227173120
2024-07-30 09:32:25,128500.0,200,Buy,227173213
2024-07-30 09:32:25,128500.0,600,Buy,227173214
2024-07-30 09:32:25,128500.0,300,Buy,227173215
2024-07-30 09:32:25,128500.0,200,Buy,227173216
2024-07-30 09:32:25,128500.0,100,Buy,227173217
2024-07-30 09:32:25,128500.0,600,Buy,227173218
2024-07-30 09:32:37,128500.0,100,Buy,227173589
2024-07-30 09:32:41,128500.0,100,Buy,227173674
2024-07-30 09:32:43,128500.0,200,Buy,227173705
2024-07-30 09:32:51,128500.0,200,Buy,227173893
2024-07-30 09:33:03,128500.0,100,Buy,227174210
2024-07-30 09:33:29,128500.0,200,Buy,227174782
2024-07-30 09:33:42,128400.0,1000,Buy,227175105
2024-07-30 09:33:47,128500.0,500,Buy,227175254
2024-07-30 09:33:53,128500.0,300,Buy,227175448
2024-07-30 09:34:08,128400.0,4000,Sell,227175839
2024-07-30 09:34:17,128400.0,100,Sell,227176080
2024-07-30 09:34:17,128400.0,4900,Sell,227176081
2024-07-30 09:34:21,128500.0,200,Buy,227176201
2024-07-30 09:34:26,128400.0,100,Sell,227176336
2024-07-30 09:34:26,128400.0,100,Sell,227176335
2024-07-30 09:34:26,128400.0,3500,Sell,227176333
2024-07-30 09:34:26,128400.0,100,Sell,227176334
2024-07-30 09:34:34,128500.0,1300,Buy,227176511
2024-07-30 09:34:58,128500.0,100,Buy,227177092
2024-07-30 09:35:10,128500.0,200,Buy,227177364
2024-07-30 09:35:10,128400.0,300,Sell,227177351
2024-07-30 09:35:16,128500.0,100,Buy,227177495
2024-07-30 09:35:25,128500.0,500,Buy,227177692
2024-07-30 09:35:40,128500.0,100,Buy,227178076
2024-07-30 09:35:52,128500.0,200,Buy,227178364
2024-07-30 09:36:02,128500.0,500,Buy,227178555
2024-07-30 09:36:10,128500.0,200,Buy,227178735
2024-07-30 09:36:10,128500.0,500,Buy,227178750
2024-07-30 09:36:19,128500.0,100,Buy,227178933
2024-07-30 09:36:27,128500.0,2500,Buy,227179072
2024-07-30 09:36:27,128500.0,200,Buy,227179070
2024-07-30 09:36:27,128500.0,300,Buy,227179071
2024-07-30 09:36:27,128500.0,1200,Buy,227179069
2024-07-30 09:36:30,128500.0,2500,Buy,227179140
2024-07-30 09:36:30,128500.0,200,Buy,227179141
2024-07-30 09:36:30,128500.0,200,Buy,227179142
2024-07-30 09:36:30,128500.0,300,Buy,227179143
2024-07-30 09:36:30,128500.0,200,Buy,227179144
2024-07-30 09:36:30,128500.0,1600,Buy,227179145
2024-07-30 09:36:40,128500.0,100,Buy,227179342
2024-07-30 09:36:41,128500.0,100,Buy,227179373
2024-07-30 09:36:41,128500.0,100,Buy,227179365
2024-07-30 09:36:41,128500.0,100,Buy,227179360
2024-07-30 09:36:41,128500.0,200,Buy,227179361
2024-07-30 09:36:41,128500.0,400,Buy,227179359
2024-07-30 09:36:43,128500.0,100,Buy,227179416
2024-07-30 09:36:43,128500.0,300,Buy,227179417
2024-07-30 09:36:43,128500.0,500,Buy,227179418
2024-07-30 09:36:43,128500.0,300,Buy,227179419
2024-07-30 09:36:43,128500.0,3000,Buy,227179420
2024-07-30 09:36:50,128500.0,200,Sell,227179598
2024-07-30 09:37:01,128500.0,200,Sell,227179872
2024-07-30 09:37:06,128600.0,100,Buy,227179988
2024-07-30 09:37:11,128600.0,100,Buy,227180125
2024-07-30 09:37:13,128600.0,400,Buy,227180173
2024-07-30 09:37:15,128600.0,400,Buy,227180240
2024-07-30 09:37:21,128600.0,500,Buy,227180365
2024-07-30 09:37:22,128600.0,200,Buy,227180395
2024-07-30 09:37:23,128600.0,500,Buy,227180419
2024-07-30 09:37:25,128600.0,100,Buy,227180470
2024-07-30 09:37:25,128600.0,300,Buy,227180471
2024-07-30 09:37:30,128600.0,100,Sell,227180576
2024-07-30 09:37:38,128600.0,500,Sell,227180785
2024-07-30 09:37:38,128600.0,400,Sell,227180786
2024-07-30 09:37:38,128600.0,100,Sell,227180787
2024-07-30 09:37:46,128600.0,100,Buy,227181037
2024-07-30 09:37:49,128600.0,100,Buy,227181095
2024-07-30 09:37:52,128600.0,5000,Buy,227181142
2024-07-30 09:37:55,128600.0,700,Buy,227181190
2024-07-30 09:37:55,128600.0,100,Buy,227181188
2024-07-30 09:37:55,128600.0,100,Buy,227181187
2024-07-30 09:37:55,128600.0,300,Buy,227181189
2024-07-30 09:37:56,128600.0,900,Sell,227181208
2024-07-30 09:37:57,128600.0,500,Buy,227181271
2024-07-30 09:38:18,128600.0,1000,Buy,227181772
2024-07-30 09:38:42,128600.0,400,Buy,227182213
2024-07-30 09:38:44,128600.0,100,Buy,227182268
2024-07-30 09:38:50,128600.0,100,Buy,227182341
2024-07-30 09:38:53,128600.0,200,Buy,227182390
2024-07-30 09:39:05,128500.0,100,Sell,227182725
2024-07-30 09:39:05,128600.0,200,Buy,227182726
2024-07-30 09:39:41,128600.0,500,Buy,227183457
2024-07-30 09:39:53,128500.0,300,Sell,227183668
2024-07-30 09:39:53,128500.0,700,Sell,227183669
2024-07-30 09:40:00,128500.0,300,Sell,227183794
2024-07-30 09:40:21,128600.0,300,Buy,227184261
2024-07-30 09:40:24,128600.0,200,Buy,227184374
2024-07-30 09:40:53,128600.0,500,Buy,227184972
2024-07-30 09:41:06,128600.0,1400,Buy,227185288
2024-07-30 09:41:06,128600.0,400,Buy,227185289
2024-07-30 09:41:19,128500.0,1000,Sell,227185540
2024-07-30 09:41:20,128600.0,100,Buy,227185578
2024-07-30 09:41:54,128600.0,200,Buy,227186263
2024-07-30 09:42:05,128600.0,1000,Buy,227186447
2024-07-30 09:42:33,128600.0,1000,Buy,227186844
2024-07-30 09:42:48,128600.0,1000,Buy,227187152
2024-07-30 09:43:25,128600.0,100,Buy,227188045
2024-07-30 09:43:30,128600.0,100,Buy,227188184
2024-07-30 09:43:33,128600.0,100,Buy,227188227
2024-07-30 09:43:34,128600.0,100,Buy,227188231
2024-07-30 09:43:35,128500.0,100,Sell,227188247
2024-07-30 09:43:43,128500.0,300,Sell,227188442
2024-07-30 09:43:44,128500.0,300,Sell,227188452
2024-07-30 09:43:47,128500.0,100,Sell,227188501
2024-07-30 09:44:13,128500.0,100,Sell,227189029
2024-07-30 09:44:29,128500.0,200,Sell,227189367
2024-07-30 09:44:31,128500.0,1900,Sell,227189405
2024-07-30 09:44:31,128500.0,100,Sell,227189406
2024-07-30 09:44:32,128500.0,2000,Sell,227189435
2024-07-30 09:44:42,128500.0,200,Sell,227189603
2024-07-30 09:44:49,128600.0,100,Buy,227189757
2024-07-30 09:44:49,128600.0,200,Buy,227189756
2024-07-30 09:44:49,128600.0,900,Buy,227189755
2024-07-30 09:44:50,128500.0,6100,Sell,227189784
2024-07-30 09:44:50,128500.0,100,Sell,227189785
2024-07-30 09:44:50,128500.0,200,Sell,227189786
2024-07-30 09:44:50,128500.0,400,Sell,227189787
2024-07-30 09:44:50,128500.0,100,Sell,227189788
2024-07-30 09:44:50,128500.0,100,Sell,227189789
2024-07-30 09:44:50,128500.0,100,Sell,227189790
2024-07-30 09:44:50,128500.0,100,Sell,227189791
2024-07-30 09:44:50,128500.0,500,Sell,227189792
2024-07-30 09:44:56,128500.0,200,Buy,227189933
2024-07-30 09:45:30,128500.0,300,Buy,227190557
2024-07-30 09:45:30,128500.0,100,Buy,227190556
2024-07-30 09:45:41,128500.0,100,Sell,227190761
2024-07-30 09:45:51,128500.0,100,Buy,227190992
2024-07-30 09:45:58,128500.0,100,Buy,227191149
2024-07-30 09:46:18,128500.0,800,Buy,227191612
2024-07-30 09:46:26,128500.0,200,Buy,227191795
2024-07-30 09:46:38,128500.0,700,Buy,227192181
2024-07-30 09:46:38,128500.0,1100,Buy,227192182
2024-07-30 09:46:47,128500.0,100,Buy,227192364
2024-07-30 09:47:30,128500.0,500,Buy,227193338
2024-07-30 09:47:53,128500.0,400,Buy,227193814
2024-07-30 09:47:57,128500.0,200,Buy,227193904
2024-07-30 09:48:45,128500.0,1000,Buy,227195261
2024-07-30 09:49:04,128400.0,100,Sell,227195668
2024-07-30 09:49:11,128400.0,300,Sell,227195760
2024-07-30 09:49:27,128500.0,100,Buy,227196122
2024-07-30 09:49:27,128500.0,100,Buy,227196123
2024-07-30 09:49:37,128400.0,1500,Sell,227196336
2024-07-30 09:49:42,128400.0,200,Sell,227196419
2024-07-30 09:49:46,128400.0,200,Sell,227196582
2024-07-30 09:49:49,128400.0,100,Sell,227196671
2024-07-30 09:49:58,128400.0,100,Sell,227196849
2024-07-30 09:50:02,128400.0,200,Sell,227196915
2024-07-30 09:50:02,128400.0,100,Sell,227196916
2024-07-30 09:50:02,128400.0,1500,Sell,227196917
2024-07-30 09:50:03,128400.0,300,Sell,227196946
2024-07-30 09:50:04,128400.0,200,Sell,227196966
2024-07-30 09:50:26,128400.0,400,Sell,227197478
2024-07-30 09:50:27,128400.0,300,Sell,227197507
2024-07-30 09:50:33,128400.0,100,Sell,227197654
2024-07-30 09:50:36,128400.0,1200,Sell,227197817
2024-07-30 09:50:46,128400.0,100,Sell,227198041
2024-07-30 09:50:58,128400.0,1900,Sell,227198290
2024-07-30 09:50:58,128500.0,200,Buy,227198288
2024-07-30 09:51:02,128400.0,3000,Sell,227198358
2024-07-30 09:51:07,128400.0,100,Sell,227198469
2024-07-30 09:51:12,128400.0,200,Sell,227198550
2024-07-30 09:51:43,128400.0,100,Sell,227199351
2024-07-30 09:51:54,128400.0,100,Sell,227199582
2024-07-30 09:51:56,128400.0,200,Sell,227199609
2024-07-30 09:51:57,128400.0,300,Sell,227199617
2024-07-30 09:51:57,128400.0,300,Sell,227199618
2024-07-30 09:51:57,128400.0,100,Sell,227199619
2024-07-30 09:51:57,128400.0,1300,Sell,227199620
2024-07-30 09:52:04,128400.0,200,Sell,227199829
2024-07-30 09:52:19,128400.0,400,Sell,227200112
2024-07-30 09:52:29,128500.0,200,Buy,227200280
2024-07-30 09:52:32,128400.0,100,Sell,227200388
2024-07-30 09:52:41,128400.0,300,Sell,227200530
2024-07-30 09:52:57,128400.0,300,Sell,227200876
2024-07-30 09:53:25,128400.0,200,Sell,227201428
2024-07-30 09:53:59,128500.0,200,Buy,227202145
2024-07-30 09:54:16,128500.0,100,Buy,227202497
2024-07-30 09:54:47,128400.0,100,Sell,227203146
2024-07-30 09:54:54,128500.0,200,Buy,227203293
2024-07-30 09:54:54,128500.0,100,Buy,227203294
2024-07-30 09:55:08,128400.0,100,Sell,227203570
2024-07-30 09:55:08,128400.0,100,Sell,227203571
2024-07-30 09:55:08,128400.0,200,Sell,227203569
2024-07-30 09:55:08,128400.0,100,Sell,227203568
2024-07-30 09:55:08,128400.0,100,Sell,227203567
2024-07-30 09:55:08,128400.0,200,Sell,227203565
2024-07-30 09:55:08,128400.0,100,Sell,227203564
2024-07-30 09:55:08,128400.0,100,Sell,227203566
2024-07-30 09:55:30,128500.0,100,Buy,227204029
2024-07-30 09:55:30,128500.0,100,Buy,227204030
2024-07-30 09:55:34,128400.0,200,Sell,227204195
2024-07-30 09:55:40,128400.0,200,Sell,227204276
2024-07-30 09:55:47,128500.0,100,Buy,227204378
2024-07-30 09:56:14,128400.0,2300,Sell,227204946
2024-07-30 09:56:14,128400.0,100,Sell,227204947
2024-07-30 09:56:20,128400.0,100,Sell,227205041
2024-07-30 09:56:20,128400.0,500,Sell,227205042
2024-07-30 09:56:20,128400.0,3400,Sell,227205043
2024-07-30 09:56:25,128400.0,300,Sell,227205127
2024-07-30 09:56:27,128400.0,100,Sell,227205157
2024-07-30 09:56:33,128400.0,2000,Sell,227205262
2024-07-30 09:57:01,128500.0,200,Buy,227205891
2024-07-30 09:57:08,128400.0,200,Sell,227206022
2024-07-30 09:57:10,128400.0,200,Sell,227206061
2024-07-30 09:57:18,128400.0,1400,Sell,227206252
2024-07-30 09:57:18,128400.0,200,Sell,227206253
2024-07-30 09:57:18,128400.0,200,Sell,227206254
2024-07-30 09:57:18,128400.0,1000,Sell,227206255
2024-07-30 09:57:18,128400.0,200,Sell,227206256
2024-07-30 09:57:18,128400.0,100,Sell,227206257
2024-07-30 09:57:18,128400.0,300,Sell,227206258
2024-07-30 09:57:41,128400.0,100,Buy,227206706
2024-07-30 09:57:57,128400.0,300,Buy,227206975
2024-07-30 09:58:02,128400.0,200,Buy,227207056
2024-07-30 09:58:15,128400.0,100,Buy,227207279
2024-07-30 09:58:18,128300.0,700,Sell,227207319
2024-07-30 09:58:18,128300.0,5000,Sell,227207320
2024-07-30 09:58:18,128300.0,200,Sell,227207321
2024-07-30 09:58:18,128300.0,200,Sell,227207322
2024-07-30 09:58:18,128300.0,200,Sell,227207323
2024-07-30 09:58:31,128400.0,200,Buy,227207642
2024-07-30 09:58:42,128400.0,400,Buy,227207832
2024-07-30 09:59:19,128400.0,100,Buy,227208539
2024-07-30 10:00:02,128400.0,200,Buy,227209409
2024-07-30 10:00:33,128300.0,800,Sell,227210079
2024-07-30 10:00:33,128300.0,200,Sell,227210080
2024-07-30 10:00:37,128300.0,100,Sell,227210118
2024-07-30 10:00:53,128300.0,200,Sell,227210362
2024-07-30 10:01:31,128300.0,200,Sell,227211070
2024-07-30 10:01:31,128300.0,100,Sell,227211069
2024-07-30 10:01:31,128300.0,500,Sell,227211066
2024-07-30 10:01:31,128300.0,100,Sell,227211067
2024-07-30 10:01:31,128300.0,100,Sell,227211068
2024-07-30 10:01:32,128400.0,100,Buy,227211090
2024-07-30 10:01:33,128300.0,100,Sell,227211107
2024-07-30 10:01:35,128300.0,1700,Sell,227211139
2024-07-30 10:01:36,128300.0,200,Sell,227211148
2024-07-30 10:01:36,128300.0,100,Sell,227211151
2024-07-30 10:01:36,128300.0,100,Sell,227211150
2024-07-30 10:01:36,128300.0,600,Sell,227211149
2024-07-30 10:01:36,128300.0,700,Sell,227211147
2024-07-30 10:01:36,128300.0,500,Sell,227211142
2024-07-30 10:01:36,128300.0,500,Sell,227211145
2024-07-30 10:01:36,128300.0,500,Sell,227211141
2024-07-30 10:01:36,128300.0,500,Sell,227211140
2024-07-30 10:01:36,128300.0,100,Sell,227211146
2024-07-30 10:01:36,128300.0,100,Sell,227211144
2024-07-30 10:01:36,128300.0,200,Sell,227211143
2024-07-30 10:01:51,128200.0,500,Sell,227211390
2024-07-30 10:01:51,128200.0,500,Sell,227211379
2024-07-30 10:01:59,128200.0,500,Sell,227211520
2024-07-30 10:02:03,128200.0,900,Sell,227211592
2024-07-30 10:02:03,128200.0,500,Sell,227211600
2024-07-30 10:02:08,128300.0,200,Buy,227211712
2024-07-30 10:02:11,128200.0,800,Sell,227211747
2024-07-30 10:02:18,128200.0,1000,Sell,227211839
2024-07-30 10:02:23,128200.0,200,Sell,227211887
2024-07-30 10:02:26,128200.0,500,Sell,227211946
2024-07-30 10:02:26,128200.0,200,Sell,227211945
2024-07-30 10:02:26,128200.0,100,Sell,227211943
2024-07-30 10:02:26,128200.0,100,Sell,227211942
2024-07-30 10:02:26,128200.0,100,Sell,227211944
2024-07-30 10:02:34,128200.0,500,Sell,227212074
2024-07-30 10:02:40,128200.0,1400,Sell,227212182
2024-07-30 10:02:40,128200.0,100,Sell,227212181
2024-07-30 10:02:40,128200.0,3000,Sell,227212180
2024-07-30 10:02:40,128200.0,100,Sell,227212179
2024-07-30 10:02:40,128200.0,200,Sell,227212178
2024-07-30 10:02:40,128200.0,300,Sell,227212177
2024-07-30 10:02:40,128200.0,200,Sell,227212176
2024-07-30 10:02:40,128200.0,500,Sell,227212175
2024-07-30 10:02:40,128200.0,1000,Sell,227212174
2024-07-30 10:02:40,128200.0,100,Sell,227212172
2024-07-30 10:02:40,128200.0,1000,Sell,227212171
2024-07-30 10:02:40,128200.0,2000,Sell,227212170
2024-07-30 10:02:40,128200.0,200,Sell,227212169
2024-07-30 10:02:40,128200.0,300,Sell,227212168
2024-07-30 10:02:40,128200.0,100,Sell,227212167
2024-07-30 10:02:40,128200.0,500,Sell,227212166
2024-07-30 10:02:40,128200.0,300,Sell,227212173
2024-07-30 10:02:44,128200.0,500,Sell,227212276
2024-07-30 10:02:44,128200.0,100,Sell,227212275
2024-07-30 10:02:44,128200.0,100,Sell,227212274
2024-07-30 10:02:44,128200.0,200,Sell,227212272
2024-07-30 10:02:44,128200.0,500,Sell,227212271
2024-07-30 10:02:44,128200.0,600,Sell,227212270
2024-07-30 10:02:44,128200.0,1000,Sell,227212273
2024-07-30 10:02:45,128300.0,300,Buy,227212289
2024-07-30 10:02:45,128300.0,100,Buy,227212290
2024-07-30 10:02:48,128200.0,100,Sell,227212344
2024-07-30 10:02:48,128200.0,200,Sell,227212345
2024-07-30 10:02:48,128200.0,200,Sell,227212346
2024-07-30 10:02:48,128200.0,100,Sell,227212347
2024-07-30 10:02:51,128200.0,200,Buy,227212394
2024-07-30 10:02:53,128200.0,300,Buy,227212410
2024-07-30 10:03:03,128200.0,200,Buy,227212607
2024-07-30 10:03:03,128200.0,200,Buy,227212597
2024-07-30 10:03:07,128200.0,200,Buy,227212690
2024-07-30 10:03:10,128200.0,500,Buy,227212736
2024-07-30 10:03:16,128200.0,100,Buy,227212813
2024-07-30 10:03:27,128200.0,1000,Buy,227213038
2024-07-30 10:03:46,128200.0,1000,Buy,227213330
2024-07-30 10:03:51,128200.0,100,Buy,227213398
2024-07-30 10:04:04,128200.0,100,Buy,227213676
2024-07-30 10:04:11,128200.0,500,Buy,227213824
2024-07-30 10:04:11,128200.0,1700,Buy,227213825
2024-07-30 10:04:11,128200.0,700,Buy,227213826
2024-07-30 10:04:12,128200.0,100,Buy,227213846
2024-07-30 10:04:15,128200.0,200,Buy,227213890
2024-07-30 10:04:15,128200.0,1700,Buy,227213889
2024-07-30 10:04:15,128200.0,3000,Buy,227213888
2024-07-30 10:04:15,128200.0,100,Buy,227213887
2024-07-30 10:04:15,128200.0,1700,Buy,227213885
2024-07-30 10:04:15,128200.0,2200,Buy,227213884
2024-07-30 10:04:15,128200.0,300,Buy,227213886
2024-07-30 10:04:26,128300.0,100,Buy,227214080
2024-07-30 10:04:34,128300.0,200,Buy,227214213
2024-07-30 10:04:36,128200.0,800,Sell,227214273
2024-07-30 10:04:44,128300.0,100,Buy,227214400
2024-07-30 10:04:54,128200.0,100,Sell,227214540
2024-07-30 10:04:54,128200.0,100,Sell,227214539
2024-07-30 10:04:54,128200.0,500,Sell,227214538
2024-07-30 10:04:54,128200.0,500,Sell,227214537
2024-07-30 10:04:54,128200.0,3000,Sell,227214535
2024-07-30 10:04:54,128200.0,500,Sell,227214534
2024-07-30 10:04:54,128200.0,1000,Sell,227214533
2024-07-30 10:04:54,128200.0,100,Sell,227214532
2024-07-30 10:04:54,128200.0,100,Sell,227214531
2024-07-30 10:04:54,128200.0,100,Sell,227214536
2024-07-30 10:05:00,128200.0,300,Buy,227214646
2024-07-30 10:05:01,128200.0,100,Buy,227214656
2024-07-30 10:05:07,128200.0,500,Buy,227214772
2024-07-30 10:05:10,128200.0,100,Buy,227214833
2024-07-30 10:05:30,128200.0,300,Buy,227215144
2024-07-30 10:05:41,128200.0,100,Buy,227215318
2024-07-30 10:06:04,128200.0,200,Buy,227215666
2024-07-30 10:06:33,128200.0,100,Buy,227216056
2024-07-30 10:06:45,128200.0,300,Buy,227216330
2024-07-30 10:07:06,128200.0,500,Buy,227217037
2024-07-30 10:07:07,128200.0,300,Buy,227217051
2024-07-30 10:07:12,128100.0,100,Sell,227217101
2024-07-30 10:07:12,128100.0,4900,Sell,227217102
2024-07-30 10:07:14,128100.0,1000,Sell,227217133
2024-07-30 10:07:22,128200.0,1000,Buy,227217276
2024-07-30 10:07:30,128100.0,3500,Sell,227217411
2024-07-30 10:07:30,128100.0,100,Sell,227217410
2024-07-30 10:07:30,128100.0,200,Sell,227217407
2024-07-30 10:07:30,128100.0,100,Sell,227217409
2024-07-30 10:07:30,128100.0,500,Sell,227217408
2024-07-30 10:07:30,128100.0,100,Sell,227217406
2024-07-30 10:07:30,128100.0,500,Sell,227217400
2024-07-30 10:07:30,128100.0,200,Sell,227217404
2024-07-30 10:07:30,128100.0,100,Sell,227217405
2024-07-30 10:07:30,128100.0,100,Sell,227217395
2024-07-30 10:07:30,128100.0,4000,Sell,227217399
2024-07-30 10:07:30,128100.0,100,Sell,227217401
2024-07-30 10:07:30,128100.0,100,Sell,227217403
2024-07-30 10:07:30,128100.0,500,Sell,227217402
2024-07-30 10:07:35,128200.0,200,Buy,227217474
2024-07-30 10:07:42,128100.0,700,Sell,227217621
2024-07-30 10:08:08,128100.0,1000,Sell,227218182
2024-07-30 10:08:21,128100.0,200,Sell,227218336
2024-07-30 10:08:25,128100.0,200,Sell,227218406
2024-07-30 10:08:34,128100.0,600,Sell,227218542
2024-07-30 10:08:50,128100.0,1100,Sell,227218755
2024-07-30 10:08:52,128100.0,700,Sell,227218776
2024-07-30 10:08:52,128100.0,1200,Sell,227218777
2024-07-30 10:08:53,128100.0,900,Sell,227218793
2024-07-30 10:08:53,128100.0,200,Sell,227218792
2024-07-30 10:08:53,128100.0,300,Sell,227218791
2024-07-30 10:08:53,128100.0,100,Sell,227218790
2024-07-30 10:08:53,128100.0,500,Sell,227218786
2024-07-30 10:08:53,128100.0,1000,Sell,227218788
2024-07-30 10:08:53,128100.0,100,Sell,227218787
2024-07-30 10:08:53,128100.0,100,Sell,227218789
2024-07-30 10:08:53,128100.0,1800,Sell,227218785
2024-07-30 10:09:00,128100.0,200,Sell,227218877
2024-07-30 10:09:05,128100.0,100,Sell,227218940
2024-07-30 10:09:05,128100.0,200,Sell,227218939
2024-07-30 10:09:06,128100.0,300,Sell,227218953
2024-07-30 10:09:06,128200.0,200,Buy,227218976
2024-07-30 10:09:08,128100.0,500,Sell,227218997
2024-07-30 10:09:09,128100.0,100,Sell,227219038
2024-07-30 10:09:09,128100.0,200,Sell,227219039
2024-07-30 10:09:09,128100.0,1000,Sell,227219041
2024-07-30 10:09:09,128100.0,1000,Sell,227219042
2024-07-30 10:09:09,128100.0,100,Sell,227219043
2024-07-30 10:09:09,128100.0,100,Sell,227219044
2024-07-30 10:09:09,128100.0,1000,Sell,227219045
2024-07-30 10:09:09,128100.0,1000,Sell,227219046
2024-07-30 10:09:09,128100.0,100,Sell,227219047
2024-07-30 10:09:09,128100.0,100,Sell,227219048
2024-07-30 10:09:09,128100.0,100,Sell,227219050
2024-07-30 10:09:09,128100.0,300,Sell,227219051
2024-07-30 10:09:09,128100.0,1000,Sell,227219052
2024-07-30 10:09:09,128100.0,500,Sell,227219053
2024-07-30 10:09:09,128100.0,100,Sell,227219054
2024-07-30 10:09:09,128100.0,100,Sell,227219055
2024-07-30 10:09:09,128100.0,100,Sell,227219056
2024-07-30 10:09:09,128100.0,200,Sell,227219057
2024-07-30 10:09:09,128100.0,100,Sell,227219037
2024-07-30 10:09:09,128100.0,300,Sell,227219049
2024-07-30 10:09:09,128100.0,2000,Sell,227219036
2024-07-30 10:09:09,128100.0,6500,Sell,227219040
2024-07-30 10:09:09,128100.0,100,Sell,227219034
2024-07-30 10:09:09,128100.0,100,Sell,227219015
2024-07-30 10:09:09,128100.0,200,Sell,227219016
2024-07-30 10:09:09,128100.0,100,Sell,227219017
2024-07-30 10:09:09,128100.0,200,Sell,227219018
2024-07-30 10:09:09,128100.0,100,Sell,227219019
2024-07-30 10:09:09,128100.0,200,Sell,227219020
2024-07-30 10:09:09,128100.0,100,Sell,227219021
2024-07-30 10:09:09,128100.0,3000,Sell,227219022
2024-07-30 10:09:09,128100.0,1000,Sell,227219035
2024-07-30 10:09:09,128100.0,100,Sell,227219024
2024-07-30 10:09:09,128100.0,400,Sell,227219023
2024-07-30 10:09:09,128100.0,1000,Sell,227219026
2024-07-30 10:09:09,128100.0,500,Sell,227219027
2024-07-30 10:09:09,128100.0,500,Sell,227219028
2024-07-30 10:09:09,128100.0,100,Sell,227219029
2024-07-30 10:09:09,128100.0,500,Sell,227219030
2024-07-30 10:09:09,128100.0,100,Sell,227219031
2024-07-30 10:09:09,128100.0,1100,Sell,227219014
2024-07-30 10:09:09,128100.0,100,Sell,227219032
2024-07-30 10:09:09,128100.0,200,Sell,227219033
2024-07-30 10:09:09,128100.0,100,Sell,227219025
2024-07-30 10:09:12,128100.0,200,Sell,227219086
2024-07-30 10:09:18,128000.0,400,Sell,227219194
2024-07-30 10:09:18,128000.0,100,Sell,227219193
2024-07-30 10:09:18,128000.0,100,Sell,227219191
2024-07-30 10:09:18,128000.0,200,Sell,227219192
2024-07-30 10:09:18,128000.0,300,Sell,227219189
2024-07-30 10:09:18,128000.0,200,Sell,227219188
2024-07-30 10:09:18,128000.0,500,Sell,227219187
2024-07-30 10:09:18,128000.0,1000,Sell,227219186
2024-07-30 10:09:18,128000.0,200,Sell,227219190
2024-07-30 10:09:19,128000.0,400,Sell,227219203
2024-07-30 10:09:19,128000.0,100,Sell,227219204
2024-07-30 10:09:19,128000.0,100,Sell,227219205
2024-07-30 10:09:19,128000.0,100,Sell,227219206
2024-07-30 10:09:19,128000.0,100,Sell,227219207
2024-07-30 10:09:19,128000.0,100,Sell,227219209
2024-07-30 10:09:19,128000.0,400,Sell,227219215
2024-07-30 10:09:19,128000.0,100,Sell,227219216
2024-07-30 10:09:19,128000.0,100,Sell,227219217
2024-07-30 10:09:27,128100.0,2000,Buy,227219307
2024-07-30 10:10:13,128100.0,100,Buy,227220016
2024-07-30 10:10:17,128100.0,200,Buy,227220078
2024-07-30 10:10:34,128000.0,300,Sell,227220358
2024-07-30 10:10:34,128000.0,100,Sell,227220359
2024-07-30 10:10:34,128000.0,100,Sell,227220360
2024-07-30 10:10:34,128000.0,500,Sell,227220361
2024-07-30 10:10:34,128000.0,100,Sell,227220362
2024-07-30 10:10:34,128000.0,100,Sell,227220363
2024-07-30 10:10:34,128000.0,100,Sell,227220364
2024-07-30 10:10:34,128000.0,100,Sell,227220365
2024-07-30 10:10:34,128000.0,400,Sell,227220366
2024-07-30 10:10:36,128100.0,200,Buy,227220390
2024-07-30 10:10:38,128100.0,500,Buy,227220407
2024-07-30 10:10:43,128100.0,500,Buy,227220494
2024-07-30 10:11:11,128100.0,100,Buy,227220891
2024-07-30 10:11:19,128100.0,100,Buy,227221033
2024-07-30 10:11:27,128100.0,100,Buy,227221157
2024-07-30 10:11:32,128100.0,100,Buy,227221202
2024-07-30 10:11:46,128100.0,300,Buy,227221368
2024-07-30 10:11:48,128000.0,900,Sell,227221411
2024-07-30 10:11:54,128000.0,400,Sell,227221544
2024-07-30 10:11:54,128000.0,500,Sell,227221543
2024-07-30 10:11:54,128000.0,300,Sell,227221541
2024-07-30 10:11:54,128000.0,1700,Sell,227221540
2024-07-30 10:11:54,128100.0,7000,Buy,227221539
2024-07-30 10:11:54,128100.0,100,Buy,227221538
2024-07-30 10:11:54,128100.0,100,Buy,227221537
2024-07-30 10:11:54,128100.0,300,Buy,227221536
2024-07-30 10:11:54,128100.0,500,Buy,227221535
2024-07-30 10:11:54,128100.0,100,Buy,227221534
2024-07-30 10:11:54,128100.0,800,Buy,227221533
2024-07-30 10:11:54,128000.0,100,Sell,227221542
2024-07-30 10:11:54,128100.0,1000,Buy,227221531
2024-07-30 10:11:54,128100.0,600,Buy,227221521
2024-07-30 10:11:54,128100.0,1800,Buy,227221522
2024-07-30 10:11:54,128100.0,1100,Buy,227221524
2024-07-30 10:11:54,128100.0,400,Buy,227221525
2024-07-30 10:11:54,128100.0,200,Buy,227221523
2024-07-30 10:11:54,128100.0,3000,Buy,227221527
2024-07-30 10:11:54,128100.0,500,Buy,227221528
2024-07-30 10:11:54,128100.0,100,Buy,227221529
2024-07-30 10:11:54,128100.0,200,Buy,227221530
2024-07-30 10:11:54,128100.0,200,Buy,227221526
2024-07-30 10:11:54,128100.0,2000,Buy,227221532
2024-07-30 10:11:57,128000.0,200,Sell,227221585
2024-07-30 10:11:57,128000.0,400,Sell,227221586
2024-07-30 10:11:58,128000.0,200,Sell,227221588
2024-07-30 10:12:04,128000.0,200,Sell,227221662
2024-07-30 10:12:07,128100.0,200,Buy,227221712
2024-07-30 10:12:15,128100.0,1000,Buy,227221792
2024-07-30 10:12:17,128100.0,100,Buy,227221823
2024-07-30 10:12:28,128100.0,300,Buy,227221936
2024-07-30 10:12:41,128100.0,100,Buy,227222112
2024-07-30 10:12:42,128100.0,200,Buy,227222123
2024-07-30 10:12:44,128100.0,300,Buy,227222161
2024-07-30 10:12:45,128100.0,300,Buy,227222178
2024-07-30 10:12:52,128100.0,100,Buy,227222266
2024-07-30 10:12:57,128100.0,400,Buy,227222383
2024-07-30 10:12:57,128100.0,200,Buy,227222384
2024-07-30 10:12:57,128100.0,400,Buy,227222385
2024-07-30 10:13:01,128100.0,100,Buy,227222417
2024-07-30 10:13:08,128100.0,100,Buy,227222516
2024-07-30 10:13:12,128100.0,800,Buy,227222564
2024-07-30 10:13:12,128100.0,400,Buy,227222565
2024-07-30 10:13:12,128100.0,1800,Buy,227222566
2024-07-30 10:13:19,128100.0,200,Buy,227222694
2024-07-30 10:13:19,128100.0,800,Buy,227222695
2024-07-30 10:13:19,128100.0,100,Buy,227222689
2024-07-30 10:13:19,128100.0,100,Buy,227222690
2024-07-30 10:13:34,128100.0,100,Sell,227222889
2024-07-30 10:13:34,128100.0,100,Sell,227222888
2024-07-30 10:13:37,128200.0,200,Buy,227222931
2024-07-30 10:13:52,128200.0,100,Buy,227223200
2024-07-30 10:13:52,128200.0,400,Buy,227223201
2024-07-30 10:13:58,128200.0,100,Buy,227223288
2024-07-30 10:14:16,128200.0,100,Buy,227223613
2024-07-30 10:14:16,128200.0,100,Buy,227223614
2024-07-30 10:14:32,128200.0,100,Buy,227223901
2024-07-30 10:14:32,128200.0,1000,Buy,227223902
2024-07-30 10:14:41,128200.0,200,Buy,227224081
2024-07-30 10:14:45,128200.0,200,Buy,227224157
2024-07-30 10:14:45,128200.0,800,Buy,227224156
2024-07-30 10:14:47,128200.0,100,Buy,227224187
2024-07-30 10:14:51,128200.0,100,Buy,227224230
2024-07-30 10:14:51,128200.0,100,Buy,227224231
2024-07-30 10:14:51,128200.0,3800,Buy,227224232
2024-07-30 10:15:01,128200.0,1200,Buy,227224378
2024-07-30 10:15:01,128200.0,200,Buy,227224379
2024-07-30 10:15:01,128200.0,500,Buy,227224380
2024-07-30 10:15:01,128200.0,2000,Buy,227224381
2024-07-30 10:15:01,128200.0,100,Buy,227224382
2024-07-30 10:15:01,128200.0,2000,Buy,227224383
2024-07-30 10:15:01,128200.0,300,Buy,227224384
2024-07-30 10:15:02,128200.0,600,Sell,227224406
2024-07-30 10:15:03,128200.0,200,Sell,227224425
2024-07-30 10:15:08,128300.0,100,Buy,227224568
2024-07-30 10:15:08,128300.0,100,Buy,227224567
2024-07-30 10:15:32,128300.0,100,Buy,227225101
2024-07-30 10:15:52,128300.0,100,Buy,227225453
2024-07-30 10:15:53,128300.0,100,Buy,227225455
2024-07-30 10:15:54,128300.0,100,Buy,227225470
2024-07-30 10:15:54,128300.0,100,Buy,227225471
2024-07-30 10:16:10,128300.0,200,Buy,227225699
2024-07-30 10:16:17,128300.0,100,Sell,227225802
2024-07-30 10:16:26,128300.0,100,Sell,227225913
2024-07-30 10:16:33,128300.0,200,Sell,227225994
2024-07-30 10:16:39,128400.0,100,Buy,227226140
2024-07-30 10:16:39,128400.0,100,Buy,227226141
2024-07-30 10:16:55,128400.0,200,Buy,227226427
2024-07-30 10:16:55,128400.0,100,Buy,227226428
2024-07-30 10:17:02,128400.0,100,Buy,227226532
2024-07-30 10:17:02,128400.0,200,Buy,227226533
2024-07-30 10:17:02,128400.0,300,Buy,227226534
2024-07-30 10:17:04,128400.0,100,Buy,227226564
2024-07-30 10:17:10,128400.0,100,Buy,227226666
2024-07-30 10:17:27,128300.0,700,Sell,227226953
2024-07-30 10:17:27,128300.0,200,Sell,227226954
2024-07-30 10:17:27,128300.0,100,Sell,227226955
2024-07-30 10:17:40,128400.0,400,Buy,227227102
2024-07-30 10:17:50,128400.0,300,Buy,227227239
2024-07-30 10:17:54,128300.0,100,Sell,227227334
2024-07-30 10:17:56,128400.0,100,Buy,227227362
2024-07-30 10:18:09,128400.0,200,Buy,227227546
2024-07-30 10:18:40,128300.0,100,Buy,227228046
2024-07-30 10:18:43,128300.0,300,Buy,227228222
2024-07-30 10:18:43,128300.0,200,Buy,227228223
2024-07-30 10:18:46,128300.0,100,Buy,227228260
2024-07-30 10:18:47,128300.0,300,Buy,227228275
2024-07-30 10:18:59,128300.0,500,Buy,227228475
2024-07-30 10:19:21,128300.0,100,Buy,227228947
2024-07-30 10:19:29,128300.0,100,Buy,227229108
2024-07-30 10:19:40,128300.0,200,Buy,227229289
2024-07-30 10:19:50,128200.0,2900,Sell,227229494
2024-07-30 10:19:50,128200.0,200,Sell,227229495
2024-07-30 10:19:50,128200.0,1000,Sell,227229496
2024-07-30 10:19:50,128200.0,300,Sell,227229497
2024-07-30 10:19:50,128200.0,600,Sell,227229498
2024-07-30 10:19:55,128200.0,100,Sell,227229571
2024-07-30 10:19:55,128200.0,100,Sell,227229572
2024-07-30 10:20:01,128300.0,100,Buy,227229658
2024-07-30 10:20:03,128200.0,200,Sell,227229687
2024-07-30 10:20:12,128200.0,500,Sell,227229837
2024-07-30 10:20:15,128200.0,200,Sell,227229909
2024-07-30 10:20:15,128200.0,100,Sell,227229910
2024-07-30 10:20:15,128200.0,100,Sell,227229911
2024-07-30 10:20:15,128200.0,200,Sell,227229912
2024-07-30 10:20:17,128200.0,100,Sell,227229940
2024-07-30 10:20:17,128200.0,100,Sell,227229942
2024-07-30 10:20:17,128200.0,100,Sell,227229950
2024-07-30 10:20:24,128200.0,100,Sell,227230139
2024-07-30 10:20:31,128200.0,700,Sell,227230269
2024-07-30 10:20:31,128200.0,200,Sell,227230270
2024-07-30 10:20:31,128200.0,100,Sell,227230271
2024-07-30 10:20:41,128200.0,100,Sell,227230413
2024-07-30 10:21:00,128200.0,200,Sell,227230762
2024-07-30 10:21:11,128300.0,100,Buy,227230897
2024-07-30 10:21:14,128200.0,2000,Sell,227230944
2024-07-30 10:21:19,128200.0,2000,Sell,227231019
2024-07-30 10:21:37,128300.0,100,Buy,227231259
2024-07-30 10:21:50,128300.0,100,Buy,227231416
2024-07-30 10:22:17,128200.0,700,Sell,227232069
2024-07-30 10:22:17,128200.0,100,Sell,227232070
2024-07-30 10:22:23,128300.0,100,Buy,227232197
2024-07-30 10:22:41,128300.0,200,Buy,227232509
2024-07-30 10:23:47,128200.0,2900,Sell,227233906
2024-07-30 10:23:47,128200.0,100,Sell,227233907
2024-07-30 10:23:47,128200.0,100,Sell,227233908
2024-07-30 10:23:47,128200.0,6900,Sell,227233909
2024-07-30 10:23:56,128200.0,100,Sell,227234040
2024-07-30 10:23:56,128200.0,100,Sell,227234039
2024-07-30 10:23:56,128200.0,100,Sell,227234037
2024-07-30 10:23:56,128200.0,3100,Sell,227234036
2024-07-30 10:23:56,128200.0,500,Sell,227234038
2024-07-30 10:23:59,128200.0,600,Buy,227234109
2024-07-30 10:23:59,128200.0,100,Buy,227234115
2024-07-30 10:24:04,128200.0,100,Buy,227234225
2024-07-30 10:24:07,128200.0,3000,Buy,227234279
2024-07-30 10:24:12,128200.0,200,Buy,227234346
2024-07-30 10:24:13,128100.0,1300,Sell,227234365
2024-07-30 10:24:13,128100.0,100,Sell,227234361
2024-07-30 10:24:13,128100.0,100,Sell,227234362
2024-07-30 10:24:13,128100.0,100,Sell,227234360
2024-07-30 10:24:13,128100.0,2000,Sell,227234355
2024-07-30 10:24:13,128100.0,100,Sell,227234358
2024-07-30 10:24:13,128100.0,200,Sell,227234359
2024-07-30 10:24:13,128100.0,400,Sell,227234354
2024-07-30 10:24:13,128100.0,200,Sell,227234357
2024-07-30 10:24:13,128100.0,500,Sell,227234356
2024-07-30 10:24:31,128100.0,3000,Sell,227234684
2024-07-30 10:24:37,128100.0,5000,Sell,227234783
2024-07-30 10:24:45,128100.0,300,Sell,227234928
2024-07-30 10:25:05,128100.0,400,Sell,227235390
2024-07-30 10:25:05,128100.0,1000,Sell,227235391
2024-07-30 10:25:07,128100.0,100,Sell,227235449
2024-07-30 10:25:07,128100.0,200,Sell,227235446
2024-07-30 10:25:07,128100.0,300,Sell,227235447
2024-07-30 10:25:07,128100.0,100,Sell,227235448
2024-07-30 10:25:07,128100.0,100,Sell,227235450
2024-07-30 10:25:07,128100.0,200,Sell,227235451
2024-07-30 10:25:21,128100.0,100,Sell,227235657
2024-07-30 10:25:21,128100.0,400,Sell,227235655
2024-07-30 10:25:21,128100.0,500,Sell,227235656
2024-07-30 10:25:28,128200.0,200,Buy,227235808
2024-07-30 10:25:28,128200.0,200,Buy,227235809
2024-07-30 10:25:28,128200.0,100,Buy,227235810
2024-07-30 10:25:32,128100.0,100,Sell,227235851
2024-07-30 10:25:32,128100.0,100,Sell,227235846
2024-07-30 10:25:32,128100.0,5000,Sell,227235853
2024-07-30 10:25:32,128100.0,100,Sell,227235850
2024-07-30 10:25:32,128100.0,100,Sell,227235852
2024-07-30 10:25:32,128100.0,200,Sell,227235849
2024-07-30 10:25:32,128100.0,4000,Sell,227235845
2024-07-30 10:25:32,128100.0,100,Sell,227235847
2024-07-30 10:25:32,128100.0,100,Sell,227235844
2024-07-30 10:25:32,128100.0,200,Sell,227235843
2024-07-30 10:25:32,128100.0,1900,Sell,227235842
2024-07-30 10:25:32,128100.0,100,Sell,227235848
2024-07-30 10:25:41,128100.0,100,Sell,227235974
2024-07-30 10:25:42,128200.0,200,Buy,227235992
2024-07-30 10:26:00,128200.0,200,Buy,227236239
2024-07-30 10:26:23,128200.0,400,Buy,227236509
2024-07-30 10:27:00,128200.0,100,Buy,227237021
2024-07-30 10:27:07,128100.0,200,Sell,227237069
2024-07-30 10:27:07,128100.0,500,Sell,227237066
2024-07-30 10:27:07,128100.0,200,Sell,227237067
2024-07-30 10:27:07,128100.0,100,Sell,227237068
2024-07-30 10:27:13,128200.0,200,Buy,227237148
2024-07-30 10:27:19,128200.0,400,Buy,227237261
2024-07-30 10:27:43,128200.0,1000,Buy,227237651
2024-07-30 10:28:07,128200.0,100,Buy,227238017
2024-07-30 10:28:15,128200.0,100,Buy,227238122
2024-07-30 10:28:21,128200.0,200,Buy,227238196
2024-07-30 10:28:29,128100.0,100,Sell,227238272
2024-07-30 10:28:35,128200.0,400,Buy,227238355
2024-07-30 10:28:44,128200.0,200,Buy,227238475
2024-07-30 10:29:11,128200.0,100,Buy,227238762
2024-07-30 10:29:12,128200.0,300,Buy,227238767
2024-07-30 10:29:27,128200.0,100,Buy,227238966
2024-07-30 10:29:54,128200.0,100,Buy,227239254
2024-07-30 10:30:05,128100.0,200,Sell,227239393
2024-07-30 10:30:06,128200.0,100,Buy,227239412
2024-07-30 10:30:06,128100.0,100,Sell,227239426
2024-07-30 10:30:14,128200.0,200,Buy,227239521
2024-07-30 10:31:12,128100.0,5500,Sell,227240352
2024-07-30 10:31:12,128100.0,1400,Sell,227240350
2024-07-30 10:31:12,128100.0,100,Sell,227240351
2024-07-30 10:31:22,128100.0,1000,Sell,227240574
2024-07-30 10:31:27,128100.0,200,Sell,227240631
2024-07-30 10:31:35,128100.0,3400,Sell,227240724
2024-07-30 10:31:35,128100.0,100,Sell,227240725
2024-07-30 10:31:35,128100.0,500,Sell,227240726
2024-07-30 10:31:35,128100.0,200,Sell,227240727
2024-07-30 10:31:35,128100.0,100,Sell,227240728
2024-07-30 10:31:35,128100.0,100,Sell,227240729
2024-07-30 10:31:35,128100.0,600,Sell,227240730
2024-07-30 10:31:41,128100.0,1400,Sell,227240782
2024-07-30 10:31:41,128000.0,2000,Sell,227240789
2024-07-30 10:31:45,128200.0,200,Buy,227240829
2024-07-30 10:32:23,128100.0,100,Sell,227241320
2024-07-30 10:32:23,128100.0,100,Sell,227241321
2024-07-30 10:32:41,128100.0,100,Buy,227241524
2024-07-30 10:33:01,128100.0,1000,Buy,227241815
2024-07-30 10:33:05,128100.0,100,Buy,227241889
2024-07-30 10:33:16,128100.0,200,Buy,227242045
2024-07-30 10:33:37,128100.0,100,Buy,227242420
2024-07-30 10:33:48,128000.0,300,Sell,227242595
2024-07-30 10:33:48,128000.0,100,Sell,227242596
2024-07-30 10:33:48,128000.0,100,Sell,227242597
2024-07-30 10:33:48,128000.0,200,Sell,227242598
2024-07-30 10:33:48,128000.0,100,Sell,227242599
2024-07-30 10:33:48,128000.0,500,Sell,227242603
2024-07-30 10:33:48,128000.0,100,Sell,227242601
2024-07-30 10:33:48,128000.0,200,Sell,227242594
2024-07-30 10:33:48,128000.0,200,Sell,227242604
2024-07-30 10:33:48,128000.0,100,Sell,227242605
2024-07-30 10:33:48,128000.0,100,Sell,227242600
2024-07-30 10:33:48,128000.0,100,Sell,227242593
2024-07-30 10:33:48,128000.0,800,Sell,227242602
2024-07-30 10:33:48,128000.0,300,Sell,227242591
2024-07-30 10:33:48,128000.0,100,Sell,227242592
2024-07-30 10:33:48,128000.0,2200,Sell,227242580
2024-07-30 10:33:48,128000.0,200,Sell,227242581
2024-07-30 10:33:48,128000.0,100,Sell,227242583
2024-07-30 10:33:48,128000.0,2100,Sell,227242584
2024-07-30 10:33:48,128000.0,1000,Sell,227242582
2024-07-30 10:33:48,128000.0,200,Sell,227242586
2024-07-30 10:33:48,128000.0,100,Sell,227242587
2024-07-30 10:33:48,128000.0,100,Sell,227242588
2024-07-30 10:33:48,128000.0,100,Sell,227242589
2024-07-30 10:33:48,128000.0,100,Sell,227242590
2024-07-30 10:33:48,128000.0,1000,Sell,227242585
2024-07-30 10:33:49,128000.0,100,Sell,227242616
2024-07-30 10:33:49,128000.0,100,Sell,227242621
2024-07-30 10:33:49,128000.0,1000,Sell,227242620
2024-07-30 10:33:49,128000.0,100,Sell,227242619
2024-07-30 10:33:49,128000.0,300,Sell,227242618
2024-07-30 10:33:49,128000.0,300,Sell,227242617
2024-07-30 10:33:49,128000.0,100,Sell,227242615
2024-07-30 10:33:49,128000.0,100,Sell,227242609
2024-07-30 10:33:49,128000.0,100,Sell,227242613
2024-07-30 10:33:49,128000.0,500,Sell,227242612
2024-07-30 10:33:49,128000.0,3400,Sell,227242611
2024-07-30 10:33:49,128000.0,100,Sell,227242610
2024-07-30 10:33:49,128000.0,100,Sell,227242608
2024-07-30 10:33:49,128000.0,100,Sell,227242607
2024-07-30 10:33:49,128000.0,100,Sell,227242606
2024-07-30 10:33:49,128000.0,3000,Sell,227242614
2024-07-30 10:33:52,128000.0,100,Sell,227242672
2024-07-30 10:34:02,128100.0,200,Buy,227242795
2024-07-30 10:34:02,128100.0,300,Buy,227242794
2024-07-30 10:34:02,128100.0,1400,Buy,227242791
2024-07-30 10:34:02,128100.0,200,Buy,227242792
2024-07-30 10:34:02,128100.0,7100,Buy,227242788
2024-07-30 10:34:02,128100.0,100,Buy,227242793
2024-07-30 10:34:19,128100.0,200,Sell,227243085
2024-07-30 10:34:27,128100.0,300,Sell,227243191
2024-07-30 10:34:46,128200.0,200,Buy,227243453
2024-07-30 10:35:19,128200.0,4900,Buy,227244025
2024-07-30 10:35:19,128200.0,100,Buy,227244024
2024-07-30 10:35:19,128200.0,300,Buy,227244023
2024-07-30 10:35:19,128200.0,200,Buy,227244021
2024-07-30 10:35:19,128200.0,2100,Buy,227244020
2024-07-30 10:35:19,128200.0,2100,Buy,227244019
2024-07-30 10:35:19,128200.0,100,Buy,227244018
2024-07-30 10:35:19,128200.0,200,Buy,227244022
2024-07-30 10:35:37,128100.0,500,Sell,227244316
2024-07-30 10:35:38,128200.0,200,Buy,227244325
2024-07-30 10:35:38,128200.0,1900,Buy,227244326
2024-07-30 10:35:38,128200.0,2100,Buy,227244324
2024-07-30 10:35:38,128200.0,5100,Buy,227244320
2024-07-30 10:35:38,128200.0,300,Buy,227244322
2024-07-30 10:35:38,128200.0,200,Buy,227244321
2024-07-30 10:35:38,128200.0,200,Buy,227244323
2024-07-30 10:36:03,128200.0,100,Buy,227244734
2024-07-30 10:36:06,128200.0,200,Buy,227244794
2024-07-30 10:36:17,128200.0,200,Buy,227245055
2024-07-30 10:36:37,128200.0,100,Buy,227245281
2024-07-30 10:36:41,128200.0,300,Buy,227245330
2024-07-30 10:36:41,128200.0,200,Buy,227245331
2024-07-30 10:36:41,128200.0,200,Buy,227245329
2024-07-30 10:36:41,128200.0,500,Buy,227245328
2024-07-30 10:36:41,128200.0,100,Buy,227245327
2024-07-30 10:36:41,128200.0,300,Buy,227245326
2024-07-30 10:36:41,128200.0,100,Buy,227245325
2024-07-30 10:36:41,128200.0,300,Buy,227245324
2024-07-30 10:36:41,128200.0,2500,Buy,227245323
2024-07-30 10:36:46,128200.0,300,Sell,227245448
2024-07-30 10:37:17,128200.0,100,Sell,227245896
2024-07-30 10:37:26,128200.0,300,Sell,227246167
2024-07-30 10:37:46,128300.0,200,Buy,227246477
2024-07-30 10:37:46,128300.0,300,Buy,227246478
2024-07-30 10:37:46,128300.0,100,Buy,227246479
2024-07-30 10:37:47,128300.0,200,Buy,227246546
2024-07-30 10:38:10,128300.0,100,Buy,227246916
2024-07-30 10:38:10,128200.0,100,Sell,227246917
2024-07-30 10:38:15,128300.0,100,Buy,227247012
2024-07-30 10:38:15,128300.0,200,Buy,227247013
2024-07-30 10:38:15,128300.0,300,Buy,227247014
2024-07-30 10:38:15,128300.0,3400,Buy,227247015
2024-07-30 10:38:32,128200.0,100,Sell,227247305
2024-07-30 10:38:54,128200.0,200,Sell,227247849
2024-07-30 10:39:09,128200.0,100,Sell,227248210
2024-07-30 10:39:09,128200.0,100,Sell,227248212
2024-07-30 10:39:09,128200.0,100,Sell,227248211
2024-07-30 10:39:09,128200.0,200,Sell,227248209
2024-07-30 10:39:09,128200.0,200,Sell,227248207
2024-07-30 10:39:09,128200.0,100,Sell,227248206
2024-07-30 10:39:09,128200.0,4000,Sell,227248205
2024-07-30 10:39:09,128200.0,100,Sell,227248204
2024-07-30 10:39:09,128200.0,4600,Sell,227248203
2024-07-30 10:39:09,128200.0,100,Sell,227248208
2024-07-30 10:39:18,128200.0,100,Buy,227248340
2024-07-30 10:39:29,128200.0,300,Buy,227248537
2024-07-30 10:39:48,128100.0,100,Sell,227248836
2024-07-30 10:40:05,128100.0,1500,Sell,227249075
2024-07-30 10:40:05,128100.0,900,Sell,227249073
2024-07-30 10:40:05,128100.0,100,Sell,227249074
2024-07-30 10:40:24,128100.0,200,Sell,227249341
2024-07-30 10:40:25,128200.0,200,Buy,227249345
2024-07-30 10:40:49,128200.0,100,Buy,227249666
2024-07-30 10:40:49,128200.0,100,Buy,227249665
2024-07-30 10:42:15,128200.0,100,Buy,227250991
2024-07-30 10:42:19,128200.0,200,Buy,227251050
2024-07-30 10:42:39,128100.0,100,Sell,227251389
2024-07-30 10:42:39,128100.0,100,Sell,227251390
2024-07-30 10:42:39,128100.0,100,Sell,227251388
2024-07-30 10:42:39,128100.0,600,Sell,227251392
2024-07-30 10:42:39,128100.0,100,Sell,227251391
2024-07-30 10:42:39,128100.0,500,Sell,227251387
2024-07-30 10:42:39,128100.0,1000,Sell,227251393
2024-07-30 10:42:39,128100.0,1000,Sell,227251385
2024-07-30 10:42:39,128100.0,2300,Sell,227251380
2024-07-30 10:42:39,128100.0,100,Sell,227251381
2024-07-30 10:42:39,128100.0,200,Sell,227251386
2024-07-30 10:42:39,128100.0,100,Sell,227251383
2024-07-30 10:42:39,128100.0,500,Sell,227251384
2024-07-30 10:42:39,128100.0,100,Sell,227251382
2024-07-30 10:42:41,128100.0,1000,Buy,227251422
2024-07-30 10:42:45,128000.0,100,Sell,227251518
2024-07-30 10:42:46,128000.0,100,Sell,227251539
2024-07-30 10:42:46,128000.0,900,Sell,227251538
2024-07-30 10:42:46,128000.0,100,Sell,227251537
2024-07-30 10:42:46,128000.0,200,Sell,227251535
2024-07-30 10:42:46,128000.0,100,Sell,227251536
2024-07-30 10:42:46,128000.0,100,Sell,227251532
2024-07-30 10:42:46,128000.0,500,Sell,227251531
2024-07-30 10:42:46,128000.0,300,Sell,227251530
2024-07-30 10:42:46,128000.0,1000,Sell,227251529
2024-07-30 10:42:46,128000.0,400,Sell,227251528
2024-07-30 10:42:46,128000.0,100,Sell,227251533
2024-07-30 10:42:46,128000.0,200,Sell,227251534
2024-07-30 10:42:52,128100.0,2200,Buy,227251602
2024-07-30 10:42:54,128000.0,100,Sell,227251622
2024-07-30 10:42:54,128100.0,2800,Sell,227251616
2024-07-30 10:42:54,128000.0,900,Sell,227251617
2024-07-30 10:42:54,128000.0,900,Sell,227251618
2024-07-30 10:42:54,128000.0,1400,Sell,227251619
2024-07-30 10:42:54,128000.0,100,Sell,227251620
2024-07-30 10:42:54,128000.0,100,Sell,227251621
2024-07-30 10:43:15,128000.0,100,Sell,227251998
2024-07-30 10:43:15,128100.0,100,Sell,227251996
2024-07-30 10:43:15,128000.0,100,Sell,227251997
2024-07-30 10:43:24,128000.0,100,Sell,227252148
2024-07-30 10:43:24,128000.0,100,Sell,227252149
2024-07-30 10:43:24,128000.0,100,Sell,227252150
2024-07-30 10:43:50,128100.0,200,Sell,227252632
2024-07-30 10:43:50,128200.0,200,Buy,227252635
2024-07-30 10:44:36,128200.0,100,Buy,227253347
2024-07-30 10:45:20,128200.0,300,Buy,227254003
2024-07-30 10:45:20,128200.0,100,Buy,227254002
2024-07-30 10:45:20,128200.0,200,Buy,227254001
2024-07-30 10:45:20,128200.0,100,Buy,227254000
2024-07-30 10:45:20,128200.0,200,Buy,227253998
2024-07-30 10:45:20,128200.0,5000,Buy,227253999
2024-07-30 10:45:20,128200.0,200,Buy,227253996
2024-07-30 10:45:20,128200.0,300,Buy,227253995
2024-07-30 10:45:20,128200.0,100,Buy,227253994
2024-07-30 10:45:20,128200.0,100,Buy,227253993
2024-07-30 10:45:20,128200.0,100,Buy,227253992
2024-07-30 10:45:20,128200.0,1100,Buy,227253991
2024-07-30 10:45:20,128200.0,2100,Buy,227253997
2024-07-30 10:45:21,128200.0,200,Buy,227254012
2024-07-30 10:45:37,128100.0,1000,Sell,227254239
2024-07-30 10:45:38,128100.0,200,Sell,227254244
2024-07-30 10:46:07,128200.0,1300,Buy,227254759
2024-07-30 10:46:26,128100.0,200,Sell,227255080
2024-07-30 10:46:42,128100.0,300,Sell,227255314
2024-07-30 10:46:45,128100.0,100,Sell,227255356
2024-07-30 10:46:45,128100.0,100,Sell,227255354
2024-07-30 10:46:45,128100.0,500,Sell,227255355
2024-07-30 10:46:45,128100.0,100,Sell,227255353
2024-07-30 10:46:45,128100.0,100,Sell,227255350
2024-07-30 10:46:45,128100.0,600,Sell,227255351
2024-07-30 10:46:45,128100.0,200,Sell,227255352
2024-07-30 10:46:45,128100.0,8100,Sell,227255349
2024-07-30 10:46:48,128100.0,200,Buy,227255384
2024-07-30 10:46:51,128200.0,200,Buy,227255434
2024-07-30 10:46:59,128000.0,100,Sell,227255556
2024-07-30 10:47:01,128200.0,100,Buy,227255593
2024-07-30 10:47:57,128100.0,100,Buy,227256500
2024-07-30 10:47:57,128100.0,1600,Buy,227256506
2024-07-30 10:48:04,128100.0,4000,Sell,227256612
2024-07-30 10:48:22,128200.0,200,Buy,227256916
2024-07-30 10:48:28,128100.0,4400,Sell,227256975
2024-07-30 10:48:28,128100.0,100,Sell,227256976
2024-07-30 10:48:31,128100.0,500,Buy,227257032
2024-07-30 10:48:37,128100.0,300,Sell,227257139
2024-07-30 10:48:44,128100.0,700,Sell,227257244
2024-07-30 10:48:52,128100.0,500,Sell,227257400
2024-07-30 10:49:09,128200.0,400,Buy,227257652
2024-07-30 10:49:27,128200.0,200,Buy,227257918
2024-07-30 10:49:35,128200.0,100,Buy,227258026
2024-07-30 10:49:41,128100.0,5500,Sell,227258088
2024-07-30 10:49:47,128200.0,100,Buy,227258196
2024-07-30 10:49:50,128100.0,6100,Sell,227258262
2024-07-30 10:49:50,128100.0,4000,Sell,227258263
2024-07-30 10:49:50,128100.0,500,Sell,227258264
2024-07-30 10:49:52,128100.0,200,Buy,227258300
2024-07-30 10:49:56,128100.0,100,Buy,227258343
2024-07-30 10:49:58,128100.0,4000,Buy,227258381
2024-07-30 10:50:14,128100.0,700,Buy,227258669
2024-07-30 10:50:14,128100.0,100,Buy,227258665
2024-07-30 10:50:14,128100.0,4000,Buy,227258667
2024-07-30 10:50:14,128100.0,300,Buy,227258668
2024-07-30 10:50:19,128100.0,4300,Buy,227258785
2024-07-30 10:50:27,128100.0,500,Sell,227259012
2024-07-30 10:50:51,128100.0,200,Sell,227259380
2024-07-30 10:51:12,128100.0,100,Sell,227259721
2024-07-30 10:51:16,128100.0,100,Sell,227259798
2024-07-30 10:51:16,128100.0,400,Sell,227259799
2024-07-30 10:51:16,128100.0,3600,Sell,227259800
2024-07-30 10:51:16,128100.0,100,Sell,227259801
2024-07-30 10:51:23,128100.0,200,Buy,227259899
2024-07-30 10:51:24,128100.0,100,Buy,227259914
2024-07-30 10:51:51,128100.0,500,Buy,227260296
2024-07-30 10:51:51,128100.0,200,Buy,227260297
2024-07-30 10:52:21,128100.0,300,Sell,227260716
2024-07-30 10:52:40,128200.0,500,Buy,227260999
2024-07-30 10:52:54,128200.0,200,Buy,227261206
2024-07-30 10:53:44,128200.0,100,Buy,227261855
2024-07-30 10:54:08,128200.0,300,Buy,227262227
2024-07-30 10:54:08,128200.0,900,Buy,227262228
2024-07-30 10:54:24,128200.0,200,Buy,227262405
2024-07-30 10:54:43,128200.0,100,Buy,227262995
2024-07-30 10:54:59,128200.0,200,Buy,227263488
2024-07-30 10:55:24,128200.0,3200,Buy,227263904
2024-07-30 10:55:25,128100.0,100,Sell,227263925
2024-07-30 10:55:55,128200.0,200,Buy,227264525
2024-07-30 10:57:06,128200.0,100,Buy,227265451
2024-07-30 10:57:26,128200.0,100,Buy,227265764
2024-07-30 10:57:49,128200.0,700,Buy,227266136
2024-07-30 10:58:37,128200.0,100,Buy,227267431
2024-07-30 10:58:46,128200.0,100,Buy,227267750
2024-07-30 10:58:56,128200.0,200,Buy,227267894
2024-07-30 10:59:37,128200.0,100,Buy,227268473
2024-07-30 10:59:38,128100.0,100,Sell,227268482
2024-07-30 10:59:48,128100.0,300,Sell,227268615
2024-07-30 10:59:53,128200.0,100,Buy,227268689
2024-07-30 10:59:57,128100.0,500,Sell,227268826
2024-07-30 11:00:22,128100.0,700,Sell,227269213
2024-07-30 11:00:27,128200.0,200,Buy,227269313
2024-07-30 11:01:11,128200.0,100,Buy,227270181
2024-07-30 11:01:11,128200.0,100,Buy,227270182
2024-07-30 11:01:57,128200.0,200,Buy,227271032
2024-07-30 11:02:05,128100.0,200,Sell,227271136
2024-07-30 11:02:23,128100.0,100,Sell,227271578
2024-07-30 11:02:23,128100.0,300,Sell,227271577
2024-07-30 11:02:23,128100.0,100,Sell,227271576
2024-07-30 11:02:23,128100.0,100,Sell,227271575
2024-07-30 11:02:23,128100.0,1000,Sell,227271574
2024-07-30 11:02:23,128100.0,4000,Sell,227271572
2024-07-30 11:02:23,128100.0,100,Sell,227271571
2024-07-30 11:02:23,128100.0,100,Sell,227271570
2024-07-30 11:02:23,128100.0,500,Sell,227271569
2024-07-30 11:02:23,128100.0,100,Sell,227271568
2024-07-30 11:02:23,128100.0,8300,Sell,227271567
2024-07-30 11:02:23,128100.0,300,Sell,227271573
2024-07-30 11:02:47,128100.0,300,Sell,227271888
2024-07-30 11:03:24,128100.0,200,Sell,227272332
2024-07-30 11:03:24,128100.0,200,Sell,227272331
2024-07-30 11:03:24,128100.0,100,Sell,227272333
2024-07-30 11:03:24,128100.0,100,Sell,227272329
2024-07-30 11:03:24,128100.0,500,Sell,227272328
2024-07-30 11:03:24,128100.0,400,Sell,227272330
2024-07-30 11:03:28,128200.0,200,Buy,227272398
2024-07-30 11:03:32,128100.0,100,Sell,227272475
2024-07-30 11:03:32,128100.0,100,Sell,227272476
2024-07-30 11:03:32,128100.0,3800,Sell,227272477
2024-07-30 11:03:44,128100.0,500,Sell,227272757
2024-07-30 11:03:59,128100.0,1700,Sell,227272971
2024-07-30 11:04:15,128100.0,400,Sell,227273298
2024-07-30 11:04:17,128100.0,200,Sell,227273315
2024-07-30 11:04:41,128100.0,3400,Sell,227273812
2024-07-30 11:04:41,128100.0,100,Sell,227273813
2024-07-30 11:04:59,128000.0,100,Sell,227274178
2024-07-30 11:04:59,128000.0,200,Sell,227274175
2024-07-30 11:04:59,128000.0,200,Sell,227274180
2024-07-30 11:04:59,128000.0,400,Sell,227274181
2024-07-30 11:04:59,128000.0,300,Sell,227274179
2024-07-30 11:04:59,128000.0,100,Sell,227274174
2024-07-30 11:04:59,128000.0,100,Sell,227274177
2024-07-30 11:04:59,128000.0,200,Sell,227274172
2024-07-30 11:04:59,128000.0,100,Sell,227274173
2024-07-30 11:04:59,128100.0,200,Buy,227274165
2024-07-30 11:04:59,128000.0,800,Sell,227274167
2024-07-30 11:04:59,128000.0,100,Sell,227274176
2024-07-30 11:04:59,128000.0,200,Sell,227274170
2024-07-30 11:04:59,128000.0,1000,Sell,227274169
2024-07-30 11:04:59,128000.0,100,Sell,227274171
2024-07-30 11:05:01,128000.0,300,Sell,227274195
2024-07-30 11:05:04,128100.0,100,Buy,227274254
2024-07-30 11:05:11,128100.0,100,Buy,227274335
2024-07-30 11:05:20,128100.0,6100,Buy,227274430
2024-07-30 11:05:46,128100.0,200,Sell,227274873
2024-07-30 11:05:47,128000.0,100,Sell,227274930
2024-07-30 11:05:47,128000.0,100,Sell,227274929
2024-07-30 11:05:47,128000.0,300,Sell,227274928
2024-07-30 11:05:47,128000.0,100,Sell,227274927
2024-07-30 11:05:47,128000.0,100,Sell,227274926
2024-07-30 11:05:47,128000.0,400,Sell,227274924
2024-07-30 11:05:47,128000.0,100,Sell,227274931
2024-07-30 11:05:47,128000.0,1000,Sell,227274922
2024-07-30 11:05:47,128000.0,100,Sell,227274921
2024-07-30 11:05:47,128000.0,400,Sell,227274920
2024-07-30 11:05:47,128000.0,500,Sell,227274919
2024-07-30 11:05:47,128000.0,500,Sell,227274925
2024-07-30 11:05:47,128000.0,500,Sell,227274923
2024-07-30 11:05:47,128000.0,200,Sell,227274935
2024-07-30 11:05:47,128000.0,4000,Sell,227274918
2024-07-30 11:05:47,128000.0,1000,Sell,227274936
2024-07-30 11:05:47,128000.0,100,Sell,227274937
2024-07-30 11:05:47,128000.0,100,Sell,227274938
2024-07-30 11:05:47,128000.0,100,Sell,227274939
2024-07-30 11:05:47,128000.0,100,Sell,227274940
2024-07-30 11:05:47,128000.0,100,Sell,227274941
2024-07-30 11:05:47,128000.0,100,Sell,227274942
2024-07-30 11:05:47,128000.0,1500,Sell,227274943
2024-07-30 11:05:47,128000.0,300,Sell,227274944
2024-07-30 11:05:47,128000.0,300,Sell,227274945
2024-07-30 11:05:47,128000.0,2100,Sell,227274946
2024-07-30 11:05:47,128000.0,7900,Sell,227274947
2024-07-30 11:05:47,128000.0,200,Sell,227274932
2024-07-30 11:05:47,128000.0,100,Sell,227274917
2024-07-30 11:05:47,128000.0,100,Sell,227274934
2024-07-30 11:05:47,128000.0,300,Sell,227274915
2024-07-30 11:05:47,128000.0,100,Sell,227274916
2024-07-30 11:05:47,128100.0,3700,Sell,227274887
2024-07-30 11:05:47,128100.0,30000,Sell,227274888
2024-07-30 11:05:47,128000.0,300,Sell,227274889
2024-07-30 11:05:47,128000.0,200,Sell,227274890
2024-07-30 11:05:47,128000.0,100,Sell,227274891
2024-07-30 11:05:47,128000.0,200,Sell,227274892
2024-07-30 11:05:47,128000.0,200,Sell,227274893
2024-07-30 11:05:47,128000.0,100,Sell,227274894
2024-07-30 11:05:47,128000.0,100,Sell,227274895
2024-07-30 11:05:47,128000.0,100,Sell,227274896
2024-07-30 11:05:47,128000.0,400,Sell,227274897
2024-07-30 11:05:47,128000.0,500,Sell,227274898
2024-07-30 11:05:47,128000.0,200,Sell,227274899
2024-07-30 11:05:47,128000.0,900,Sell,227274900
2024-07-30 11:05:47,128000.0,900,Sell,227274933
2024-07-30 11:05:47,128000.0,100,Sell,227274901
2024-07-30 11:05:47,128000.0,100,Sell,227274914
2024-07-30 11:05:47,128000.0,100,Sell,227274913
2024-07-30 11:05:47,128000.0,100,Sell,227274912
2024-07-30 11:05:47,128000.0,300,Sell,227274911
2024-07-30 11:05:47,128000.0,100,Sell,227274909
2024-07-30 11:05:47,128000.0,100,Sell,227274908
2024-07-30 11:05:47,128000.0,100,Sell,227274910
2024-07-30 11:05:47,128000.0,500,Sell,227274906
2024-07-30 11:05:47,128000.0,500,Sell,227274905
2024-07-30 11:05:47,128000.0,100,Sell,227274904
2024-07-30 11:05:47,128000.0,100,Sell,227274903
2024-07-30 11:05:47,128000.0,200,Sell,227274902
2024-07-30 11:05:47,128000.0,100,Sell,227274907
2024-07-30 11:06:00,128000.0,100,Sell,227275138
2024-07-30 11:06:04,128000.0,1000,Sell,227275180
2024-07-30 11:06:04,128000.0,200,Sell,227275184
2024-07-30 11:06:04,128000.0,200,Sell,227275183
2024-07-30 11:06:04,128000.0,300,Sell,227275182
2024-07-30 11:06:04,128000.0,100,Sell,227275179
2024-07-30 11:06:04,128000.0,500,Sell,227275176
2024-07-30 11:06:04,128000.0,200,Sell,227275177
2024-07-30 11:06:04,128000.0,100,Sell,227275175
2024-07-30 11:06:04,128000.0,300,Sell,227275174
2024-07-30 11:06:04,128000.0,2000,Sell,227275173
2024-07-30 11:06:04,128000.0,100,Sell,227275178
2024-07-30 11:06:17,128000.0,2800,Sell,227275414
2024-07-30 11:06:17,128000.0,100,Sell,227275413
2024-07-30 11:06:17,128000.0,500,Sell,227275412
2024-07-30 11:06:17,128000.0,300,Sell,227275407
2024-07-30 11:06:17,128000.0,100,Sell,227275410
2024-07-30 11:06:17,128000.0,100,Sell,227275409
2024-07-30 11:06:17,128000.0,1000,Sell,227275408
2024-07-30 11:06:17,128000.0,100,Sell,227275411
2024-07-30 11:06:19,128000.0,700,Sell,227275438
2024-07-30 11:06:27,128000.0,1100,Sell,227275556
2024-07-30 11:06:29,128100.0,200,Buy,227275630
2024-07-30 11:06:31,128000.0,2700,Sell,227275666
2024-07-30 11:06:31,128000.0,200,Sell,227275665
2024-07-30 11:06:31,128000.0,100,Sell,227275664
2024-07-30 11:06:31,128000.0,100,Sell,227275663
2024-07-30 11:06:31,128000.0,100,Sell,227275661
2024-07-30 11:06:31,128000.0,1000,Sell,227275660
2024-07-30 11:06:31,128000.0,500,Sell,227275662
2024-07-30 11:06:31,128000.0,3300,Sell,227275659
2024-07-30 11:06:33,128000.0,1300,Sell,227275679
2024-07-30 11:06:33,128000.0,100,Sell,227275680
2024-07-30 11:06:33,128000.0,200,Sell,227275681
2024-07-30 11:06:33,128000.0,100,Sell,227275682
2024-07-30 11:06:33,128000.0,200,Sell,227275683
2024-07-30 11:06:47,128000.0,200,Sell,227275903
2024-07-30 11:06:47,128000.0,1000,Sell,227275904
2024-07-30 11:06:47,128000.0,800,Sell,227275894
2024-07-30 11:06:47,128000.0,100,Sell,227275892
2024-07-30 11:06:47,128000.0,100,Sell,227275893
2024-07-30 11:06:55,128000.0,2000,Sell,227276075
2024-07-30 11:06:59,128000.0,5000,Sell,227276151
2024-07-30 11:07:01,128000.0,5000,Sell,227276172
2024-07-30 11:07:13,128000.0,4500,Sell,227276298
2024-07-30 11:07:16,128000.0,200,Sell,227276330
2024-07-30 11:07:18,128000.0,1300,Sell,227276381
2024-07-30 11:07:18,128000.0,500,Sell,227276382
2024-07-30 11:07:18,128000.0,300,Sell,227276383
2024-07-30 11:07:18,128000.0,100,Sell,227276384
2024-07-30 11:07:21,128000.0,4000,Buy,227276438
2024-07-30 11:07:24,128000.0,500,Buy,227276507
2024-07-30 11:07:36,128000.0,500,Buy,227276701
2024-07-30 11:07:41,127900.0,500,Sell,227276908
2024-07-30 11:08:00,128000.0,200,Buy,227277226
2024-07-30 11:08:00,127900.0,200,Sell,227277222
2024-07-30 11:08:03,128000.0,100,Buy,227277266
2024-07-30 11:08:11,128000.0,100,Buy,227277350
2024-07-30 11:08:27,128000.0,200,Buy,227277598
2024-07-30 11:09:00,128000.0,100,Buy,227278087
2024-07-30 11:09:04,128000.0,100,Buy,227278140
2024-07-30 11:09:31,128000.0,200,Buy,227278536
2024-07-30 11:09:57,128000.0,100,Buy,227278920
2024-07-30 11:10:10,128000.0,200,Buy,227279152
2024-07-30 11:10:20,128000.0,300,Buy,227279303
2024-07-30 11:10:22,128000.0,100,Buy,227279321
2024-07-30 11:10:23,128000.0,100,Buy,227279333
2024-07-30 11:10:44,128000.0,500,Buy,227279765
2024-07-30 11:11:00,128000.0,1000,Buy,227280106
2024-07-30 11:11:01,128000.0,200,Buy,227280128
2024-07-30 11:11:32,128000.0,100,Buy,227280623
2024-07-30 11:11:39,128000.0,1300,Buy,227280776
2024-07-30 11:11:39,128000.0,200,Buy,227280775
2024-07-30 11:11:39,128000.0,2500,Buy,227280774
2024-07-30 11:11:39,128000.0,2500,Buy,227280769
2024-07-30 11:11:39,128000.0,2000,Buy,227280768
2024-07-30 11:11:39,128000.0,300,Buy,227280767
2024-07-30 11:11:39,128000.0,2000,Buy,227280766
2024-07-30 11:11:39,128000.0,200,Buy,227280765
2024-07-30 11:11:39,128000.0,200,Buy,227280762
2024-07-30 11:11:39,128000.0,200,Buy,227280761
2024-07-30 11:11:39,128000.0,500,Buy,227280760
2024-07-30 11:11:39,128000.0,500,Buy,227280759
2024-07-30 11:11:39,128000.0,6300,Buy,227280758
2024-07-30 11:11:39,128000.0,5000,Buy,227280757
2024-07-30 11:11:39,128000.0,400,Buy,227280756
2024-07-30 11:11:39,128000.0,2200,Buy,227280755
2024-07-30 11:11:39,128000.0,300,Buy,227280763
2024-07-30 11:11:39,128000.0,100,Buy,227280764
2024-07-30 11:11:44,128000.0,300,Sell,227280841
2024-07-30 11:11:55,128000.0,3000,Sell,227281050
2024-07-30 11:12:11,127900.0,100,Sell,227281350
2024-07-30 11:12:11,127900.0,700,Sell,227281348
2024-07-30 11:12:11,128000.0,100,Sell,227281347
2024-07-30 11:12:11,127900.0,100,Sell,227281349
2024-07-30 11:12:28,128000.0,100,Sell,227281582
2024-07-30 11:12:32,128000.0,200,Buy,227281649
2024-07-30 11:12:37,128000.0,100,Buy,227281728
2024-07-30 11:12:39,128000.0,100,Buy,227281757
2024-07-30 11:12:54,128000.0,100,Buy,227281965
2024-07-30 11:12:54,128000.0,100,Buy,227281966
2024-07-30 11:12:54,128000.0,100,Buy,227281976
2024-07-30 11:13:03,128000.0,500,Buy,227282078
2024-07-30 11:13:03,128000.0,3200,Buy,227282079
2024-07-30 11:13:14,128000.0,200,Sell,227282272
2024-07-30 11:13:29,128100.0,100,Buy,227282442
2024-07-30 11:13:30,128100.0,600,Buy,227282454
2024-07-30 11:13:33,128100.0,2300,Buy,227282500
2024-07-30 11:13:33,128100.0,1700,Buy,227282501
2024-07-30 11:14:01,128000.0,2900,Sell,227283074
2024-07-30 11:14:02,128100.0,200,Buy,227283081
2024-07-30 11:14:02,128100.0,100,Buy,227283091
2024-07-30 11:14:04,128000.0,3200,Sell,227283122
2024-07-30 11:14:04,128000.0,100,Sell,227283123
2024-07-30 11:14:04,128000.0,1700,Sell,227283124
2024-07-30 11:14:09,128000.0,500,Sell,227283180
2024-07-30 11:14:24,128000.0,500,Sell,227283325
2024-07-30 11:14:26,128000.0,400,Sell,227283384
2024-07-30 11:14:26,128000.0,1300,Sell,227283382
2024-07-30 11:14:26,128000.0,100,Sell,227283383
2024-07-30 11:14:52,128000.0,400,Buy,227283817
2024-07-30 11:15:20,128000.0,800,Buy,227284313
2024-07-30 11:15:20,128000.0,200,Buy,227284314
2024-07-30 11:15:23,128000.0,200,Buy,227284383
2024-07-30 11:15:33,128000.0,200,Buy,227284530
2024-07-30 11:15:34,127900.0,100,Sell,227284544
2024-07-30 11:15:34,127900.0,100,Sell,227284545
2024-07-30 11:15:34,127900.0,100,Sell,227284546
2024-07-30 11:15:34,127900.0,200,Sell,227284547
2024-07-30 11:15:34,127900.0,500,Sell,227284548
2024-07-30 11:15:34,128000.0,400,Buy,227284549
2024-07-30 11:15:34,128000.0,300,Buy,227284550
2024-07-30 11:15:38,128000.0,100,Sell,227284596
2024-07-30 11:15:59,128000.0,100,Sell,227284946
2024-07-30 11:15:59,128000.0,100,Sell,227284947
2024-07-30 11:15:59,128000.0,200,Sell,227284945
2024-07-30 11:16:15,128000.0,100,Buy,227285084
2024-07-30 11:16:15,128000.0,200,Buy,227285085
2024-07-30 11:16:19,128000.0,100,Sell,227285130
2024-07-30 11:16:22,128000.0,200,Sell,227285198
2024-07-30 11:17:03,128000.0,200,Buy,227285981
2024-07-30 11:17:04,128000.0,100,Buy,227285985
2024-07-30 11:17:21,128000.0,100,Buy,227286148
2024-07-30 11:17:44,128000.0,100,Buy,227286571
2024-07-30 11:17:58,128000.0,300,Buy,227286775
2024-07-30 11:17:58,128000.0,500,Buy,227286776
2024-07-30 11:17:58,128000.0,200,Buy,227286773
2024-07-30 11:17:58,128000.0,100,Buy,227286774
2024-07-30 11:17:58,128000.0,4500,Buy,227286772
2024-07-30 11:18:27,128000.0,200,Sell,227287192
2024-07-30 11:18:34,128100.0,200,Buy,227287299
2024-07-30 11:18:38,128000.0,1200,Sell,227287408
2024-07-30 11:18:57,128000.0,500,Sell,227287618
2024-07-30 11:19:12,128000.0,300,Sell,227287786
2024-07-30 11:19:13,128000.0,500,Sell,227287798
2024-07-30 11:19:49,128100.0,1700,Buy,227288345
2024-07-30 11:19:49,128100.0,600,Buy,227288344
2024-07-30 11:19:49,128100.0,700,Buy,227288341
2024-07-30 11:19:49,128100.0,300,Buy,227288342
2024-07-30 11:19:49,128100.0,5000,Buy,227288343
2024-07-30 11:19:50,128100.0,300,Buy,227288347
2024-07-30 11:19:50,128100.0,400,Buy,227288348
2024-07-30 11:19:50,128100.0,1000,Buy,227288346
2024-07-30 11:20:05,128100.0,200,Buy,227288667
2024-07-30 11:20:08,128100.0,500,Buy,227288713
2024-07-30 11:20:39,128100.0,300,Buy,227289128
2024-07-30 11:21:36,128100.0,200,Buy,227289785
2024-07-30 11:21:38,128100.0,400,Buy,227289808
2024-07-30 11:23:06,128100.0,100,Buy,227290861
2024-07-30 11:23:06,128100.0,100,Buy,227290860
2024-07-30 11:24:37,128100.0,100,Buy,227292461
2024-07-30 11:24:37,128100.0,100,Buy,227292460
2024-07-30 11:24:38,128100.0,200,Buy,227292474
2024-07-30 11:26:07,128100.0,100,Buy,227293544
2024-07-30 11:26:11,128100.0,2000,Buy,227293600
2024-07-30 11:26:17,128100.0,100,Buy,227293671
2024-07-30 11:26:47,128100.0,1400,Buy,227294145
2024-07-30 11:27:25,128000.0,100,Sell,227294618
2024-07-30 11:27:38,128100.0,200,Buy,227294766
2024-07-30 11:27:55,128000.0,100,Sell,227295003
2024-07-30 11:28:03,128100.0,1200,Buy,227295084
2024-07-30 11:28:03,128100.0,900,Buy,227295083
2024-07-30 11:28:40,128000.0,1600,Sell,227295748
2024-07-30 11:28:49,128000.0,300,Sell,227295859
2024-07-30 11:28:53,128000.0,200,Sell,227295900
2024-07-30 11:29:11,128000.0,100,Sell,227296137
2024-07-30 12:59:39,128000.0,100,Sell,227296825
2024-07-30 12:59:39,128000.0,100,Sell,227296824
2024-07-30 12:59:39,128000.0,100,Sell,227296823
2024-07-30 12:59:39,128000.0,100,Sell,227296822
2024-07-30 12:59:39,128000.0,100,Sell,227296821
2024-07-30 12:59:39,128000.0,600,Sell,227296819
2024-07-30 12:59:39,128000.0,100,Sell,227296818
2024-07-30 12:59:39,128000.0,100,Sell,227296817
2024-07-30 12:59:39,128000.0,9100,Sell,227296816
2024-07-30 12:59:39,128000.0,200,Sell,227296713
2024-07-30 12:59:39,128000.0,100,Sell,227296820
2024-07-30 12:59:40,128000.0,300,Buy,227297288
2024-07-30 12:59:40,128000.0,2800,Buy,227297287
2024-07-30 12:59:40,128000.0,100,Sell,227297011
2024-07-30 12:59:40,128000.0,600,Sell,227297010
2024-07-30 12:59:40,128000.0,100,Sell,227297009
2024-07-30 12:59:40,128000.0,500,Sell,227297008
2024-07-30 12:59:40,128000.0,100,Sell,227297007
2024-07-30 12:59:40,128000.0,1000,Sell,227297006
2024-07-30 12:59:40,128000.0,100,Sell,227297004
2024-07-30 12:59:40,128000.0,2300,Sell,227296997
2024-07-30 12:59:40,128000.0,200,Sell,227296998
2024-07-30 12:59:40,128000.0,1500,Sell,227296999
2024-07-30 12:59:40,128000.0,100,Sell,227297005
2024-07-30 12:59:40,128000.0,500,Sell,227297001
2024-07-30 12:59:40,128000.0,200,Sell,227297003
2024-07-30 12:59:40,128000.0,100,Sell,227297000
2024-07-30 12:59:40,128000.0,2400,Sell,227297002
2024-07-30 12:59:41,127900.0,1000,Sell,227297651
2024-07-30 12:59:41,127900.0,1100,Sell,227297667
2024-07-30 12:59:41,127900.0,100,Sell,227297666
2024-07-30 12:59:41,127900.0,100,Sell,227297665
2024-07-30 12:59:41,127900.0,100,Sell,227297664
2024-07-30 12:59:41,127900.0,100,Sell,227297663
2024-07-30 12:59:41,127900.0,100,Sell,227297662
2024-07-30 12:59:41,127900.0,100,Sell,227297661
2024-07-30 12:59:41,127900.0,200,Sell,227297660
2024-07-30 12:59:41,128000.0,300,Buy,227297669
2024-07-30 12:59:41,127900.0,1000,Sell,227297657
2024-07-30 12:59:41,127900.0,100,Sell,227297656
2024-07-30 12:59:41,127900.0,100,Sell,227297655
2024-07-30 12:59:41,127900.0,100,Sell,227297654
2024-07-30 12:59:41,127900.0,500,Sell,227297653
2024-07-30 12:59:41,127900.0,100,Sell,227297652
2024-07-30 12:59:41,127900.0,100,Sell,227297659
2024-07-30 12:59:41,127900.0,100,Sell,227297658
2024-07-30 12:59:42,128000.0,300,Buy,227297909
2024-07-30 12:59:42,128000.0,200,Buy,227297910
2024-07-30 12:59:43,128000.0,100,Buy,227298169
2024-07-30 12:59:43,128000.0,4700,Buy,227298170
2024-07-30 12:59:43,128000.0,300,Buy,227298171
2024-07-30 12:59:44,128000.0,700,Buy,227298392
2024-07-30 12:59:44,128000.0,500,Buy,227298393
2024-07-30 12:59:44,128000.0,500,Buy,227298394
2024-07-30 12:59:44,128000.0,2000,Buy,227298395
2024-07-30 12:59:44,128000.0,100,Buy,227298396
2024-07-30 12:59:44,128000.0,100,Buy,227298397
2024-07-30 12:59:44,128100.0,7600,Buy,227298398
2024-07-30 12:59:44,128100.0,200,Buy,227298399
2024-07-30 12:59:45,128000.0,300,Buy,227298645
2024-07-30 12:59:46,128000.0,200,Buy,227298956
2024-07-30 12:59:46,128000.0,100,Buy,227298957
2024-07-30 12:59:47,128000.0,100,Buy,227299171
2024-07-30 12:59:47,128000.0,200,Buy,227299370
2024-07-30 12:59:48,128000.0,200,Buy,227299721
2024-07-30 12:59:53,128000.0,100,Buy,227300372
2024-07-30 12:59:53,128000.0,100,Buy,227300398
2024-07-30 12:59:54,128000.0,100,Buy,227300456
2024-07-30 12:59:56,128000.0,100,Buy,227300606
2024-07-30 12:59:56,128000.0,100,Buy,227300607
2024-07-30 12:59:56,128000.0,200,Buy,227300608
2024-07-30 13:00:01,128000.0,100,Buy,227301063
2024-07-30 13:00:08,128000.0,100,Buy,227301254
2024-07-30 13:00:39,127900.0,1000,Sell,227302270
2024-07-30 13:00:47,127900.0,200,Sell,227302524
2024-07-30 13:01:07,127900.0,300,Sell,227302961
2024-07-30 13:01:07,127900.0,100,Sell,227302968
2024-07-30 13:01:09,128000.0,100,Buy,227303008
2024-07-30 13:01:09,128000.0,100,Buy,227303009
2024-07-30 13:01:10,127900.0,200,Sell,227303025
2024-07-30 13:01:18,127900.0,100,Sell,227303264
2024-07-30 13:01:22,127900.0,100,Sell,227303346
2024-07-30 13:01:27,127900.0,100,Sell,227303440
2024-07-30 13:01:42,128000.0,100,Buy,227303783
2024-07-30 13:01:42,128000.0,100,Buy,227303784
2024-07-30 13:01:42,128000.0,200,Buy,227303785
2024-07-30 13:01:42,128000.0,500,Buy,227303786
2024-07-30 13:01:55,128000.0,5000,Buy,227304091
2024-07-30 13:01:55,128000.0,700,Buy,227304092
2024-07-30 13:01:55,128000.0,200,Buy,227304089
2024-07-30 13:01:55,128000.0,100,Buy,227304088
2024-07-30 13:01:55,128000.0,300,Buy,227304090
2024-07-30 13:01:58,128000.0,100,Buy,227304180
2024-07-30 13:02:13,128000.0,900,Buy,227304598
2024-07-30 13:02:17,128000.0,200,Buy,227304684
2024-07-30 13:02:17,128000.0,100,Buy,227304685
2024-07-30 13:02:17,128000.0,200,Buy,227304686
2024-07-30 13:02:17,128000.0,3000,Buy,227304687
2024-07-30 13:02:30,128000.0,600,Sell,227305066
2024-07-30 13:02:36,128100.0,800,Buy,227305236
2024-07-30 13:02:36,128100.0,100,Buy,227305237
2024-07-30 13:02:40,128100.0,100,Buy,227305329
2024-07-30 13:02:40,128100.0,100,Buy,227305328
2024-07-30 13:02:57,128100.0,100,Buy,227305737
2024-07-30 13:03:03,128100.0,4000,Buy,227305895
2024-07-30 13:03:03,128100.0,500,Buy,227305897
2024-07-30 13:03:03,128100.0,800,Buy,227305894
2024-07-30 13:03:03,128100.0,1000,Buy,227305896
2024-07-30 13:03:17,128000.0,2200,Sell,227306322
2024-07-30 13:03:17,128000.0,100,Sell,227306323
2024-07-30 13:03:22,128000.0,400,Sell,227306462
2024-07-30 13:03:30,128100.0,900,Buy,227306678
2024-07-30 13:03:38,128000.0,800,Sell,227306924
2024-07-30 13:03:42,128000.0,800,Sell,227307052
2024-07-30 13:03:42,128000.0,1000,Sell,227307142
2024-07-30 13:03:52,128000.0,2000,Sell,227307418
2024-07-30 13:03:56,128000.0,100,Sell,227307567
2024-07-30 13:03:56,128000.0,100,Sell,227307566
2024-07-30 13:03:56,128000.0,500,Sell,227307565
2024-07-30 13:03:56,128000.0,900,Sell,227307564
2024-07-30 13:03:56,128000.0,2900,Sell,227307561
2024-07-30 13:03:56,128000.0,200,Sell,227307563
2024-07-30 13:03:56,128000.0,100,Sell,227307562
2024-07-30 13:03:57,128000.0,200,Buy,227307571
2024-07-30 13:04:05,128000.0,5000,Sell,227307774
2024-07-30 13:04:06,128000.0,400,Sell,227307777
2024-07-30 13:04:11,128100.0,200,Buy,227307890
2024-07-30 13:04:23,128000.0,500,Sell,227308276
2024-07-30 13:04:28,128000.0,1100,Sell,227308406
2024-07-30 13:04:35,128000.0,100,Sell,227308604
2024-07-30 13:04:35,128000.0,100,Sell,227308603
2024-07-30 13:04:35,128000.0,2800,Sell,227308602
2024-07-30 13:04:47,128000.0,1000,Sell,227308929
2024-07-30 13:04:50,128000.0,300,Sell,227309054
2024-07-30 13:04:53,128000.0,2700,Sell,227309141
2024-07-30 13:04:53,128000.0,900,Sell,227309142
2024-07-30 13:05:24,128000.0,100,Buy,227309939
2024-07-30 13:05:25,128000.0,300,Buy,227309982
2024-07-30 13:05:25,128000.0,400,Buy,227309983
2024-07-30 13:05:26,128000.0,1600,Sell,227310001
2024-07-30 13:05:28,128000.0,1000,Sell,227310037
2024-07-30 13:05:35,128000.0,300,Sell,227310236
2024-07-30 13:05:42,128000.0,1400,Sell,227310402
2024-07-30 13:05:42,128000.0,600,Sell,227310403
2024-07-30 13:05:42,128100.0,200,Buy,227310411
2024-07-30 13:06:03,128000.0,2900,Sell,227310964
2024-07-30 13:06:03,128000.0,100,Sell,227310963
2024-07-30 13:06:03,128000.0,300,Sell,227310962
2024-07-30 13:06:16,128000.0,500,Sell,227311517
2024-07-30 13:06:21,128000.0,300,Sell,227311760
2024-07-30 13:06:24,128000.0,100,Sell,227311852
2024-07-30 13:06:28,128000.0,200,Sell,227311948
2024-07-30 13:06:28,128000.0,100,Sell,227311949
2024-07-30 13:06:28,128000.0,700,Sell,227311950
2024-07-30 13:06:32,128000.0,200,Sell,227312049
2024-07-30 13:06:32,128000.0,2100,Sell,227312050
2024-07-30 13:06:32,128000.0,1700,Sell,227312051
2024-07-30 13:06:39,128000.0,100,Sell,227312275
2024-07-30 13:06:39,128000.0,400,Sell,227312274
2024-07-30 13:07:00,128100.0,100,Buy,227312843
2024-07-30 13:07:01,128000.0,300,Sell,227312900
2024-07-30 13:07:04,128000.0,400,Sell,227313005
2024-07-30 13:07:09,128000.0,200,Sell,227313141
2024-07-30 13:07:13,128100.0,200,Buy,227313247
2024-07-30 13:07:39,128000.0,1100,Sell,227313932
2024-07-30 13:07:39,128000.0,400,Sell,227313933
2024-07-30 13:07:39,128000.0,1600,Sell,227313934
2024-07-30 13:07:39,128000.0,800,Sell,227313935
2024-07-30 13:07:39,128000.0,16100,Sell,227313936
2024-07-30 13:07:49,128000.0,300,Sell,227314354
2024-07-30 13:07:59,128000.0,400,Sell,227314653
2024-07-30 13:08:22,128000.0,100,Sell,227315316
2024-07-30 13:08:34,128000.0,500,Sell,227315839
2024-07-30 13:08:35,128000.0,300,Sell,227315887
2024-07-30 13:08:37,128100.0,900,Buy,227315954
2024-07-30 13:08:44,128100.0,200,Buy,227316113
2024-07-30 13:08:46,128100.0,100,Buy,227316168
2024-07-30 13:08:48,128000.0,1000,Sell,227316222
2024-07-30 13:08:58,128000.0,200,Sell,227316496
2024-07-30 13:09:19,128000.0,400,Sell,227317126
2024-07-30 13:09:29,128100.0,300,Buy,227317378
2024-07-30 13:09:31,128100.0,900,Buy,227317431
2024-07-30 13:09:33,128100.0,500,Buy,227317464
2024-07-30 13:09:51,128100.0,400,Buy,227317879
2024-07-30 13:09:51,128100.0,900,Buy,227317907
2024-07-30 13:09:51,128100.0,100,Buy,227317909
2024-07-30 13:09:51,128100.0,400,Buy,227317911
2024-07-30 13:09:51,128100.0,100,Buy,227317908
2024-07-30 13:09:51,128100.0,100,Buy,227317910
2024-07-30 13:09:54,128100.0,100,Buy,227318079
2024-07-30 13:09:54,128100.0,400,Buy,227318080
2024-07-30 13:09:56,128100.0,200,Buy,227318172
2024-07-30 13:09:56,128100.0,500,Buy,227318171
2024-07-30 13:09:56,128100.0,600,Buy,227318168
2024-07-30 13:09:56,128100.0,1000,Buy,227318169
2024-07-30 13:09:56,128100.0,700,Buy,227318170
2024-07-30 13:10:08,128100.0,100,Buy,227318590
2024-07-30 13:10:08,128100.0,4300,Buy,227318591
2024-07-30 13:10:08,128100.0,100,Buy,227318589
2024-07-30 13:10:15,128100.0,200,Buy,227318774
2024-07-30 13:10:19,128100.0,100,Buy,227318889
2024-07-30 13:10:26,128100.0,100,Buy,227319038
2024-07-30 13:10:26,128100.0,300,Buy,227319039
2024-07-30 13:10:26,128100.0,100,Buy,227319040
2024-07-30 13:10:36,128100.0,3100,Sell,227319360
2024-07-30 13:10:36,128100.0,400,Sell,227319357
2024-07-30 13:10:36,128100.0,100,Sell,227319358
2024-07-30 13:10:36,128100.0,100,Sell,227319359
2024-07-30 13:10:45,128200.0,100,Buy,227319690
2024-07-30 13:10:46,128100.0,500,Sell,227319750
2024-07-30 13:10:48,128200.0,4000,Buy,227319815
2024-07-30 13:10:55,128200.0,1700,Buy,227320035
2024-07-30 13:10:55,128200.0,100,Buy,227320036
2024-07-30 13:10:55,128200.0,100,Buy,227320037
2024-07-30 13:10:55,128200.0,100,Buy,227320038
2024-07-30 13:10:58,128200.0,500,Buy,227320121
2024-07-30 13:10:58,128200.0,300,Buy,227320122
2024-07-30 13:10:58,128200.0,200,Buy,227320120
2024-07-30 13:10:58,128200.0,200,Buy,227320118
2024-07-30 13:10:58,128200.0,1600,Buy,227320117
2024-07-30 13:10:58,128200.0,200,Buy,227320119
2024-07-30 13:11:08,128100.0,100,Sell,227320589
2024-07-30 13:11:08,128200.0,200,Buy,227320590
2024-07-30 13:11:08,128200.0,2000,Buy,227320618
2024-07-30 13:11:19,128200.0,500,Buy,227320905
2024-07-30 13:11:19,128200.0,400,Buy,227320906
2024-07-30 13:11:21,128200.0,500,Buy,227320943
2024-07-30 13:11:25,128200.0,100,Buy,227321069
2024-07-30 13:11:25,128200.0,1000,Buy,227321072
2024-07-30 13:11:29,128200.0,300,Buy,227321185
2024-07-30 13:11:29,128200.0,3000,Buy,227321184
2024-07-30 13:11:34,128200.0,300,Sell,227321318
2024-07-30 13:11:37,128200.0,400,Sell,227321430
2024-07-30 13:11:37,128200.0,200,Sell,227321431
2024-07-30 13:11:46,128300.0,200,Buy,227321654
2024-07-30 13:11:47,128200.0,900,Sell,227321664
2024-07-30 13:11:56,128200.0,500,Sell,227321892
2024-07-30 13:12:13,128200.0,2000,Sell,227322416
2024-07-30 13:12:13,128300.0,900,Buy,227322419
2024-07-30 13:12:27,128300.0,100,Buy,227322769
2024-07-30 13:13:00,128200.0,600,Sell,227323687
2024-07-30 13:13:02,128200.0,300,Sell,227323743
2024-07-30 13:13:07,128300.0,400,Buy,227323854
2024-07-30 13:13:07,128300.0,500,Buy,227323853
2024-07-30 13:13:17,128300.0,200,Buy,227324061
2024-07-30 13:13:53,128300.0,400,Buy,227324865
2024-07-30 13:13:53,128300.0,100,Buy,227324866
2024-07-30 13:13:53,128300.0,1000,Buy,227324867
2024-07-30 13:13:53,128300.0,1700,Buy,227324868
2024-07-30 13:13:53,128300.0,100,Buy,227324869
2024-07-30 13:13:53,128300.0,100,Buy,227324870
2024-07-30 13:13:53,128300.0,700,Buy,227324871
2024-07-30 13:13:53,128300.0,900,Buy,227324875
2024-07-30 13:13:59,128300.0,200,Buy,227325068
2024-07-30 13:14:01,128300.0,900,Buy,227325168
2024-07-30 13:14:04,128200.0,800,Sell,227325260
2024-07-30 13:14:04,128200.0,200,Sell,227325259
2024-07-30 13:14:05,128300.0,3100,Buy,227325280
2024-07-30 13:14:05,128300.0,700,Buy,227325281
2024-07-30 13:14:12,128300.0,100,Buy,227325442
2024-07-30 13:14:14,128200.0,1000,Sell,227325473
2024-07-30 13:14:33,128200.0,300,Sell,227325907
2024-07-30 13:14:41,128200.0,100,Sell,227326123
2024-07-30 13:14:41,128200.0,1000,Sell,227326122
2024-07-30 13:14:41,128200.0,1500,Sell,227326124
2024-07-30 13:14:41,128200.0,100,Sell,227326120
2024-07-30 13:14:41,128200.0,200,Sell,227326119
2024-07-30 13:14:41,128200.0,200,Sell,227326121
2024-07-30 13:14:41,128200.0,1900,Sell,227326118
2024-07-30 13:14:48,128300.0,200,Buy,227326238
2024-07-30 13:14:55,128200.0,300,Sell,227326414
2024-07-30 13:14:56,128300.0,900,Buy,227326438
2024-07-30 13:15:03,128300.0,500,Buy,227326631
2024-07-30 13:15:03,128300.0,500,Buy,227326630
2024-07-30 13:15:03,128300.0,100,Buy,227326628
2024-07-30 13:15:03,128300.0,1900,Buy,227326626
2024-07-30 13:15:03,128300.0,100,Buy,227326625
2024-07-30 13:15:03,128300.0,500,Buy,227326629
2024-07-30 13:15:03,128300.0,400,Buy,227326623
2024-07-30 13:15:03,128300.0,5000,Buy,227326622
2024-07-30 13:15:03,128300.0,4000,Buy,227326621
2024-07-30 13:15:03,128300.0,1100,Buy,227326620
2024-07-30 13:15:03,128300.0,2300,Buy,227326619
2024-07-30 13:15:03,128300.0,100,Buy,227326624
2024-07-30 13:15:03,128300.0,300,Buy,227326627
2024-07-30 13:15:05,128300.0,100,Sell,227326667
2024-07-30 13:15:15,128300.0,100,Sell,227326862
2024-07-30 13:15:15,128300.0,100,Sell,227326863
2024-07-30 13:15:15,128300.0,400,Sell,227326864
2024-07-30 13:15:16,128300.0,1000,Sell,227326929
2024-07-30 13:15:17,128300.0,400,Sell,227326944
2024-07-30 13:15:32,128300.0,1000,Sell,227327327
2024-07-30 13:15:47,128300.0,100,Sell,227327774
2024-07-30 13:15:50,128400.0,300,Buy,227327832
2024-07-30 13:15:50,128400.0,500,Buy,227327831
2024-07-30 13:15:50,128400.0,100,Buy,227327830
2024-07-30 13:15:50,128400.0,200,Buy,227327810
2024-07-30 13:15:50,128400.0,100,Buy,227327809
2024-07-30 13:15:50,128400.0,900,Buy,227327811
2024-07-30 13:15:58,128400.0,100,Buy,227328094
2024-07-30 13:16:08,128400.0,100,Buy,227328350
2024-07-30 13:16:19,128400.0,100,Buy,227328626
2024-07-30 13:16:19,128400.0,100,Buy,227328627
2024-07-30 13:16:24,128400.0,300,Buy,227328723
2024-07-30 13:16:29,128400.0,100,Buy,227328831
2024-07-30 13:16:31,128400.0,300,Buy,227328888
2024-07-30 13:16:32,128400.0,1000,Buy,227328902
2024-07-30 13:16:37,128400.0,100,Buy,227328991
2024-07-30 13:16:42,128400.0,200,Buy,227329108
2024-07-30 13:16:42,128400.0,800,Buy,227329110
2024-07-30 13:16:43,128400.0,100,Buy,227329155
2024-07-30 13:16:44,128400.0,100,Buy,227329189
2024-07-30 13:16:44,128400.0,300,Buy,227329190
2024-07-30 13:16:47,128400.0,300,Sell,227329262
2024-07-30 13:17:32,128400.0,200,Sell,227330433
2024-07-30 13:17:32,128400.0,100,Sell,227330434
2024-07-30 13:17:36,128400.0,100,Sell,227330521
2024-07-30 13:17:38,128500.0,100,Buy,227330551
2024-07-30 13:17:38,128500.0,100,Buy,227330552
2024-07-30 13:17:38,128500.0,100,Buy,227330553
2024-07-30 13:17:38,128500.0,300,Buy,227330554
2024-07-30 13:17:38,128500.0,100,Buy,227330555
2024-07-30 13:17:38,128500.0,200,Buy,227330556
2024-07-30 13:17:45,128500.0,100,Buy,227330763
2024-07-30 13:17:48,128500.0,300,Buy,227330815
2024-07-30 13:17:48,128500.0,1500,Buy,227330814
2024-07-30 13:17:48,128500.0,2000,Buy,227330811
2024-07-30 13:17:48,128500.0,100,Buy,227330812
2024-07-30 13:17:48,128500.0,100,Buy,227330813
2024-07-30 13:17:50,128500.0,100,Buy,227331008
2024-07-30 13:17:50,128500.0,100,Buy,227331009
2024-07-30 13:17:56,128500.0,100,Buy,227331247
2024-07-30 13:17:56,128500.0,100,Buy,227331248
2024-07-30 13:17:57,128500.0,100,Buy,227331278
2024-07-30 13:18:01,128500.0,1800,Buy,227331395
2024-07-30 13:18:01,128500.0,100,Buy,227331396
2024-07-30 13:18:15,128500.0,2100,Sell,227331805
2024-07-30 13:18:15,128500.0,500,Sell,227331806
2024-07-30 13:18:29,128500.0,100,Buy,227332200
2024-07-30 13:18:32,128500.0,200,Buy,227332242
2024-07-30 13:18:32,128500.0,400,Buy,227332241
2024-07-30 13:18:32,128500.0,300,Buy,227332240
2024-07-30 13:18:34,128500.0,100,Buy,227332305
2024-07-30 13:18:35,128500.0,400,Buy,227332326
2024-07-30 13:18:35,128500.0,1600,Buy,227332329
2024-07-30 13:18:37,128500.0,200,Buy,227332396
2024-07-30 13:18:47,128500.0,100,Buy,227332681
2024-07-30 13:18:53,128500.0,100,Buy,227332835
2024-07-30 13:19:00,128600.0,400,Buy,227333012
2024-07-30 13:19:00,128600.0,3000,Buy,227333011
2024-07-30 13:19:00,128600.0,100,Buy,227333010
2024-07-30 13:19:00,128600.0,2000,Buy,227333009
2024-07-30 13:19:00,128600.0,100,Buy,227333007
2024-07-30 13:19:00,128600.0,6300,Buy,227333006
2024-07-30 13:19:00,128500.0,600,Buy,227333004
2024-07-30 13:19:00,128600.0,2000,Buy,227333008
2024-07-30 13:19:00,128600.0,500,Buy,227333005
2024-07-30 13:19:13,128500.0,100,Sell,227333434
2024-07-30 13:19:13,128500.0,100,Sell,227333435
2024-07-30 13:19:21,128600.0,200,Buy,227333694
2024-07-30 13:19:25,128600.0,400,Buy,227333779
2024-07-30 13:19:26,128600.0,300,Buy,227333783
2024-07-30 13:19:26,128600.0,200,Buy,227333784
2024-07-30 13:19:31,128600.0,300,Buy,227333923
2024-07-30 13:19:46,128600.0,300,Sell,227334379
2024-07-30 13:19:46,128600.0,1000,Sell,227334380
2024-07-30 13:19:47,128600.0,100,Sell,227334419
2024-07-30 13:19:59,128600.0,300,Sell,227334826
2024-07-30 13:20:02,128600.0,100,Sell,227334960
2024-07-30 13:20:20,128700.0,900,Buy,227335553
2024-07-30 13:20:32,128600.0,900,Sell,227335943
2024-07-30 13:20:32,128600.0,700,Sell,227335944
2024-07-30 13:20:32,128600.0,800,Sell,227335945
2024-07-30 13:20:32,128600.0,900,Sell,227335946
2024-07-30 13:20:45,128600.0,1500,Buy,227336348
2024-07-30 13:20:46,128600.0,200,Buy,227336387
2024-07-30 13:20:47,128600.0,300,Sell,227336432
2024-07-30 13:20:50,128600.0,100,Buy,227336485
2024-07-30 13:20:50,128600.0,100,Buy,227336488
2024-07-30 13:20:52,128700.0,200,Buy,227336529
2024-07-30 13:21:18,128700.0,100,Buy,227337265
2024-07-30 13:21:28,128700.0,3400,Buy,227337593
2024-07-30 13:21:28,128700.0,300,Buy,227337594
2024-07-30 13:21:28,128700.0,100,Buy,227337595
2024-07-30 13:21:28,128700.0,1500,Buy,227337596
2024-07-30 13:21:28,128700.0,400,Buy,227337597
2024-07-30 13:21:28,128700.0,100,Buy,227337598
2024-07-30 13:21:28,128700.0,1400,Buy,227337599
2024-07-30 13:21:28,128700.0,100,Buy,227337600
2024-07-30 13:21:28,128700.0,1700,Buy,227337572
2024-07-30 13:21:31,128600.0,100,Sell,227337729
2024-07-30 13:21:34,128600.0,800,Sell,227337807
2024-07-30 13:21:34,128600.0,200,Sell,227337808
2024-07-30 13:21:34,128600.0,800,Sell,227337805
2024-07-30 13:21:34,128600.0,100,Sell,227337806
2024-07-30 13:21:48,128600.0,100,Buy,227338264
2024-07-30 13:22:15,128500.0,1900,Sell,227339105
2024-07-30 13:22:15,128500.0,100,Sell,227339106
2024-07-30 13:22:15,128500.0,200,Sell,227339107
2024-07-30 13:22:15,128500.0,100,Sell,227339108
2024-07-30 13:22:15,128500.0,800,Sell,227339109
2024-07-30 13:22:22,128400.0,200,Sell,227339322
2024-07-30 13:22:22,128400.0,100,Sell,227339323
2024-07-30 13:22:22,128400.0,100,Sell,227339324
2024-07-30 13:22:22,128400.0,1000,Sell,227339325
2024-07-30 13:22:24,128400.0,200,Buy,227339403
2024-07-30 13:22:27,128300.0,100,Sell,227339490
2024-07-30 13:22:27,128300.0,300,Sell,227339489
2024-07-30 13:22:27,128300.0,1100,Sell,227339488
2024-07-30 13:22:36,128300.0,200,Sell,227339788
2024-07-30 13:22:37,128300.0,300,Sell,227339816
2024-07-30 13:22:41,128300.0,500,Sell,227339907
2024-07-30 13:22:41,128300.0,100,Sell,227339908
2024-07-30 13:22:41,128300.0,100,Sell,227339909
2024-07-30 13:22:41,128300.0,200,Sell,227339910
2024-07-30 13:22:43,128300.0,200,Buy,227339969
2024-07-30 13:22:56,128300.0,100,Buy,227340347
2024-07-30 13:22:58,128200.0,2200,Sell,227340391
2024-07-30 13:22:58,128200.0,200,Sell,227340392
2024-07-30 13:23:04,128300.0,100,Buy,227340530
2024-07-30 13:23:24,128300.0,500,Buy,227341097
2024-07-30 13:23:25,128300.0,100,Buy,227341127
2024-07-30 13:23:32,128300.0,100,Buy,227341275
2024-07-30 13:23:32,128300.0,100,Buy,227341276
2024-07-30 13:23:32,128300.0,300,Buy,227341277
2024-07-30 13:23:32,128300.0,1500,Buy,227341278
2024-07-30 13:23:32,128300.0,100,Buy,227341279
2024-07-30 13:23:32,128300.0,400,Buy,227341280
2024-07-30 13:23:38,128200.0,100,Sell,227341422
2024-07-30 13:23:38,128200.0,4000,Sell,227341419
2024-07-30 13:23:38,128200.0,100,Sell,227341418
2024-07-30 13:23:38,128200.0,800,Sell,227341421
2024-07-30 13:23:38,128200.0,100,Sell,227341416
2024-07-30 13:23:38,128200.0,4000,Sell,227341417
2024-07-30 13:23:38,128300.0,1800,Sell,227341413
2024-07-30 13:23:38,128200.0,100,Sell,227341420
2024-07-30 13:23:38,128300.0,300,Sell,227341414
2024-07-30 13:23:38,128300.0,200,Sell,227341415
2024-07-30 13:23:55,128300.0,200,Buy,227341868
2024-07-30 13:24:01,128200.0,100,Sell,227342031
2024-07-30 13:24:01,128200.0,100,Sell,227342032
2024-07-30 13:24:01,128200.0,100,Sell,227342033
2024-07-30 13:24:03,128200.0,1000,Buy,227342133
2024-07-30 13:24:21,128100.0,200,Sell,227342552
2024-07-30 13:24:22,128100.0,100,Sell,227342557
2024-07-30 13:24:22,128100.0,1800,Sell,227342558
2024-07-30 13:24:22,128200.0,100,Buy,227342596
2024-07-30 13:24:26,128200.0,100,Buy,227342737
2024-07-30 13:24:26,128200.0,300,Buy,227342719
2024-07-30 13:24:26,128200.0,400,Buy,227342718
2024-07-30 13:24:26,128200.0,1300,Buy,227342720
2024-07-30 13:24:29,128200.0,300,Buy,227342808
2024-07-30 13:24:29,128200.0,300,Buy,227342809
2024-07-30 13:24:35,128300.0,100,Buy,227342978
2024-07-30 13:24:45,128200.0,1400,Sell,227343338
2024-07-30 13:24:45,128200.0,600,Sell,227343339
2024-07-30 13:24:58,128200.0,2100,Sell,227343647
2024-07-30 13:24:58,128200.0,300,Sell,227343665
2024-07-30 13:25:05,128200.0,2000,Sell,227343823
2024-07-30 13:25:05,128200.0,3000,Sell,227343824
2024-07-30 13:25:09,128300.0,200,Buy,227343939
2024-07-30 13:25:09,128300.0,100,Buy,227343940
2024-07-30 13:25:09,128300.0,1700,Buy,227343941
2024-07-30 13:25:13,128300.0,300,Buy,227344015
2024-07-30 13:25:13,128300.0,1700,Buy,227344016
2024-07-30 13:25:19,128300.0,900,Buy,227344137
2024-07-30 13:25:26,128300.0,200,Buy,227344289
2024-07-30 13:25:28,128300.0,200,Buy,227344330
2024-07-30 13:25:28,128300.0,100,Buy,227344331
2024-07-30 13:25:28,128300.0,1400,Buy,227344332
2024-07-30 13:25:28,128300.0,300,Buy,227344334
2024-07-30 13:25:30,128300.0,200,Buy,227344419
2024-07-30 13:25:44,128300.0,100,Buy,227344727
2024-07-30 13:25:45,128300.0,100,Buy,227344788
2024-07-30 13:25:50,128200.0,2000,Sell,227344917
2024-07-30 13:25:50,128200.0,3000,Sell,227344918
2024-07-30 13:26:08,128300.0,200,Buy,227345383
2024-07-30 13:26:08,128300.0,800,Buy,227345384
2024-07-30 13:26:09,128300.0,200,Buy,227345393
2024-07-30 13:26:14,128300.0,900,Buy,227345479
2024-07-30 13:26:16,128300.0,100,Buy,227345539
2024-07-30 13:26:36,128300.0,200,Buy,227345969
2024-07-30 13:26:37,128300.0,100,Buy,227345986
2024-07-30 13:26:57,128300.0,200,Buy,227346379
2024-07-30 13:27:07,128300.0,500,Buy,227346643
2024-07-30 13:27:07,128300.0,400,Buy,227346644
2024-07-30 13:27:08,128300.0,100,Buy,227346655
2024-07-30 13:27:14,128300.0,100,Buy,227346791
2024-07-30 13:27:20,128300.0,4000,Buy,227346942
2024-07-30 13:27:21,128300.0,100,Buy,227346955
2024-07-30 13:27:22,128200.0,800,Sell,227346961
2024-07-30 13:27:25,128300.0,500,Buy,227347035
2024-07-30 13:27:26,128300.0,100,Buy,227347047
2024-07-30 13:27:34,128200.0,100,Sell,227347209
2024-07-30 13:27:34,128200.0,4000,Sell,227347210
2024-07-30 13:27:34,128200.0,500,Sell,227347211
2024-07-30 13:27:34,128200.0,200,Sell,227347212
2024-07-30 13:27:34,128200.0,200,Sell,227347208
2024-07-30 13:27:40,128300.0,100,Buy,227347356
2024-07-30 13:27:44,128300.0,500,Buy,227347455
2024-07-30 13:27:48,128200.0,100,Sell,227347541
2024-07-30 13:27:48,128200.0,1900,Sell,227347542
2024-07-30 13:27:51,128200.0,1500,Sell,227347610
2024-07-30 13:27:57,128200.0,300,Sell,227347746
2024-07-30 13:28:01,128300.0,900,Buy,227347861
2024-07-30 13:28:02,128200.0,100,Sell,227347902
2024-07-30 13:28:02,128200.0,1700,Sell,227347868
