time,price,volume,match_type,id
2024-08-27 09:14:38,131500.0,24700,ATO/ATC,234885233
2024-08-27 09:14:40,131200.0,100,Sell,234885437
2024-08-27 09:14:40,131300.0,100,Sell,234885435
2024-08-27 09:14:40,131300.0,200,Sell,234885436
2024-08-27 09:14:41,131200.0,100,Sell,234885530
2024-08-27 09:14:44,131300.0,100,Buy,234885596
2024-08-27 09:14:50,131300.0,100,Buy,234885716
2024-08-27 09:14:52,131300.0,1000,Buy,234885725
2024-08-27 09:14:56,131300.0,100,Buy,234885780
2024-08-27 09:15:02,131300.0,100,Buy,234885843
2024-08-27 09:15:19,131200.0,900,Buy,234886057
2024-08-27 09:15:27,131000.0,200,Sell,234886178
2024-08-27 09:15:27,131000.0,100,Sell,234886175
2024-08-27 09:15:27,131000.0,100,Sell,234886174
2024-08-27 09:15:27,131000.0,700,Sell,234886177
2024-08-27 09:15:27,131000.0,100,Sell,234886172
2024-08-27 09:15:27,131100.0,2000,Sell,234886171
2024-08-27 09:15:27,131000.0,100,Sell,234886160
2024-08-27 09:15:27,131000.0,200,Sell,234886173
2024-08-27 09:15:27,131000.0,200,Sell,234886176
2024-08-27 09:15:29,131000.0,300,Sell,234886201
2024-08-27 09:15:30,131000.0,2000,Sell,234886256
2024-08-27 09:15:30,131000.0,100,Sell,234886262
2024-08-27 09:15:30,131000.0,300,Sell,234886261
2024-08-27 09:15:30,131000.0,200,Sell,234886260
2024-08-27 09:15:30,131000.0,100,Sell,234886259
2024-08-27 09:15:30,131000.0,100,Sell,234886258
2024-08-27 09:15:30,131000.0,800,Sell,234886257
2024-08-27 09:15:30,131000.0,100,Sell,234886255
2024-08-27 09:15:30,131000.0,100,Sell,234886253
2024-08-27 09:15:30,131000.0,8800,Sell,234886247
2024-08-27 09:15:30,131000.0,300,Sell,234886248
2024-08-27 09:15:30,131000.0,100,Sell,234886249
2024-08-27 09:15:30,131000.0,300,Sell,234886254
2024-08-27 09:15:30,131000.0,100,Sell,234886251
2024-08-27 09:15:30,131000.0,200,Sell,234886252
2024-08-27 09:15:30,131000.0,300,Sell,234886250
2024-08-27 09:15:46,131000.0,900,Buy,234886562
2024-08-27 09:15:47,130900.0,100,Sell,234886578
2024-08-27 09:15:47,130900.0,500,Sell,234886579
2024-08-27 09:15:47,130900.0,200,Sell,234886588
2024-08-27 09:15:54,130900.0,100,Buy,234886700
2024-08-27 09:15:55,130900.0,200,Buy,234886726
2024-08-27 09:15:58,130900.0,4500,Buy,234886780
2024-08-27 09:15:58,130900.0,100,Buy,234886781
2024-08-27 09:15:59,130900.0,400,Sell,234886788
2024-08-27 09:16:19,131000.0,100,Buy,234887101
2024-08-27 09:16:19,130900.0,100,Sell,234887102
2024-08-27 09:16:25,130900.0,100,Sell,234887251
2024-08-27 09:16:25,130900.0,100,Sell,234887252
2024-08-27 09:16:25,130900.0,100,Sell,234887253
2024-08-27 09:16:29,130900.0,100,Sell,234887351
2024-08-27 09:16:29,130900.0,800,Sell,234887350
2024-08-27 09:16:30,130900.0,100,Buy,234887374
2024-08-27 09:16:32,130900.0,200,Buy,234887445
2024-08-27 09:16:34,130900.0,2000,Buy,234887479
2024-08-27 09:16:40,130900.0,1000,Buy,234887607
2024-08-27 09:16:40,130900.0,300,Buy,234887612
2024-08-27 09:16:40,130900.0,200,Buy,234887613
2024-08-27 09:16:42,130900.0,100,Buy,234887664
2024-08-27 09:16:42,130900.0,100,Buy,234887665
2024-08-27 09:16:42,130900.0,100,Buy,234887666
2024-08-27 09:16:42,130900.0,100,Buy,234887667
2024-08-27 09:16:45,130900.0,1000,Sell,234887720
2024-08-27 09:16:46,130900.0,100,Sell,234887764
2024-08-27 09:16:54,130900.0,500,Sell,234887927
2024-08-27 09:16:55,130900.0,100,Sell,234887948
2024-08-27 09:17:18,130900.0,300,Sell,234888385
2024-08-27 09:17:20,130900.0,100,Sell,234888433
2024-08-27 09:17:20,130900.0,100,Sell,234888432
2024-08-27 09:17:20,130900.0,100,Sell,234888429
2024-08-27 09:17:20,130900.0,100,Sell,234888430
2024-08-27 09:17:20,130900.0,900,Sell,234888428
2024-08-27 09:17:20,130900.0,100,Sell,234888431
2024-08-27 09:17:20,130900.0,100,Sell,234888426
2024-08-27 09:17:20,130900.0,300,Sell,234888425
2024-08-27 09:17:20,130900.0,200,Sell,234888424
2024-08-27 09:17:20,130900.0,500,Sell,234888423
2024-08-27 09:17:20,130900.0,500,Sell,234888422
2024-08-27 09:17:20,130900.0,600,Sell,234888421
2024-08-27 09:17:20,130900.0,100,Sell,234888427
2024-08-27 09:17:22,130900.0,100,Buy,234888458
2024-08-27 09:17:27,130900.0,200,Buy,234888547
2024-08-27 09:17:27,131000.0,100,Buy,234888548
2024-08-27 09:17:34,130900.0,900,Buy,234888671
2024-08-27 09:17:36,130900.0,1000,Buy,234888747
2024-08-27 09:17:38,130900.0,200,Buy,234888839
2024-08-27 09:17:40,130900.0,100,Buy,234888855
2024-08-27 09:17:44,130900.0,200,Buy,234888942
2024-08-27 09:17:44,130900.0,600,Buy,234888956
2024-08-27 09:17:46,131000.0,100,Buy,234888986
2024-08-27 09:17:50,130900.0,1000,Sell,234889074
2024-08-27 09:18:00,130900.0,300,Sell,234889285
2024-08-27 09:18:20,131000.0,100,Buy,234889780
2024-08-27 09:18:27,131000.0,900,Buy,234889919
2024-08-27 09:18:34,131000.0,200,Buy,234890092
2024-08-27 09:18:35,131000.0,100,Buy,234890134
2024-08-27 09:18:35,131000.0,100,Buy,234890138
2024-08-27 09:18:35,131000.0,200,Buy,234890137
2024-08-27 09:18:35,131000.0,200,Buy,234890136
2024-08-27 09:18:35,131000.0,200,Buy,234890135
2024-08-27 09:18:35,131000.0,1000,Buy,234890132
2024-08-27 09:18:35,131000.0,100,Buy,234890133
2024-08-27 09:18:35,131000.0,1100,Buy,234890125
2024-08-27 09:18:35,131000.0,5000,Buy,234890126
2024-08-27 09:18:35,131000.0,900,Buy,234890127
2024-08-27 09:18:35,131000.0,100,Buy,234890131
2024-08-27 09:18:35,131000.0,200,Buy,234890129
2024-08-27 09:18:35,131000.0,100,Buy,234890130
2024-08-27 09:18:35,131000.0,100,Buy,234890128
2024-08-27 09:18:46,131000.0,100,Sell,234890335
2024-08-27 09:18:47,131000.0,100,Sell,234890354
2024-08-27 09:19:05,131100.0,300,Sell,234890694
2024-08-27 09:19:25,131100.0,100,Sell,234891176
2024-08-27 09:19:25,131100.0,500,Sell,234891175
2024-08-27 09:19:25,131100.0,100,Sell,234891173
2024-08-27 09:19:25,131100.0,200,Sell,234891172
2024-08-27 09:19:25,131100.0,100,Sell,234891174
2024-08-27 09:19:26,131100.0,100,Sell,234891239
2024-08-27 09:19:30,131100.0,200,Sell,234891325
2024-08-27 09:19:35,131300.0,100,Buy,234891423
2024-08-27 09:19:37,131200.0,100,Sell,234891487
2024-08-27 09:19:48,131200.0,300,Buy,234891717
2024-08-27 09:19:48,131200.0,300,Buy,234891718
2024-08-27 09:20:02,131300.0,500,Buy,234892034
2024-08-27 09:20:15,131300.0,300,Buy,234892313
2024-08-27 09:20:15,131300.0,500,Buy,234892311
2024-08-27 09:20:15,131300.0,100,Buy,234892312
2024-08-27 09:20:16,131200.0,300,Sell,234892339
2024-08-27 09:20:16,131200.0,700,Sell,234892340
2024-08-27 09:20:20,131300.0,200,Buy,234892423
2024-08-27 09:20:26,131200.0,600,Sell,234892588
2024-08-27 09:20:36,131200.0,200,Sell,234892791
2024-08-27 09:20:36,131300.0,1500,Buy,234892794
2024-08-27 09:20:36,131300.0,100,Buy,234892795
2024-08-27 09:20:36,131300.0,2400,Buy,234892796
2024-08-27 09:20:41,131300.0,100,Buy,234892862
2024-08-27 09:20:42,131300.0,1000,Buy,234892878
2024-08-27 09:20:52,131200.0,300,Sell,234893082
2024-08-27 09:21:02,131200.0,200,Sell,234893337
2024-08-27 09:21:11,131200.0,100,Sell,234893537
2024-08-27 09:21:11,131200.0,500,Sell,234893536
2024-08-27 09:21:12,131200.0,400,Sell,234893562
2024-08-27 09:21:12,131200.0,100,Sell,234893563
2024-08-27 09:21:12,131200.0,100,Sell,234893564
2024-08-27 09:21:12,131200.0,200,Sell,234893565
2024-08-27 09:21:12,131200.0,1000,Sell,234893566
2024-08-27 09:21:12,131200.0,100,Sell,234893567
2024-08-27 09:21:12,131200.0,500,Sell,234893568
2024-08-27 09:21:24,131200.0,200,Sell,234893875
2024-08-27 09:21:28,131200.0,100,Sell,234893995
2024-08-27 09:21:29,131300.0,100,Buy,234894000
2024-08-27 09:21:30,131200.0,300,Sell,234894030
2024-08-27 09:21:30,131200.0,200,Sell,234894029
2024-08-27 09:21:30,131300.0,300,Buy,234894028
2024-08-27 09:21:37,131200.0,100,Sell,234894170
2024-08-27 09:22:03,131200.0,100,Sell,234894887
2024-08-27 09:22:03,131200.0,200,Sell,234894888
2024-08-27 09:22:03,131200.0,100,Sell,234894886
2024-08-27 09:22:19,131200.0,100,Sell,234895248
2024-08-27 09:22:19,131200.0,200,Sell,234895249
2024-08-27 09:22:19,131200.0,100,Sell,234895250
2024-08-27 09:22:19,131200.0,100,Sell,234895251
2024-08-27 09:22:20,131200.0,500,Sell,234895295
2024-08-27 09:22:37,131300.0,100,Buy,234895754
2024-08-27 09:22:56,131200.0,200,Sell,234896097
2024-08-27 09:22:57,131300.0,1500,Buy,234896138
2024-08-27 09:23:06,131300.0,100,Buy,234896344
2024-08-27 09:23:09,131300.0,100,Buy,234896445
2024-08-27 09:23:14,131200.0,100,Sell,234896606
2024-08-27 09:23:14,131200.0,100,Sell,234896607
2024-08-27 09:23:14,131200.0,900,Sell,234896608
2024-08-27 09:23:14,131200.0,100,Sell,234896609
2024-08-27 09:23:14,131200.0,900,Sell,234896610
2024-08-27 09:23:14,131300.0,100,Buy,234896611
2024-08-27 09:23:23,131300.0,100,Buy,234896849
2024-08-27 09:23:24,131300.0,900,Buy,234896853
2024-08-27 09:23:25,131300.0,100,Buy,234896886
2024-08-27 09:23:31,131200.0,500,Sell,234897004
2024-08-27 09:23:59,131300.0,200,Buy,234897699
2024-08-27 09:24:05,131200.0,200,Sell,234897892
2024-08-27 09:24:17,131300.0,200,Buy,234898174
2024-08-27 09:24:18,131300.0,1000,Buy,234898203
2024-08-27 09:24:45,131300.0,900,Buy,234898789
2024-08-27 09:24:51,131300.0,500,Buy,234898965
2024-08-27 09:25:04,131200.0,700,Sell,234899241
2024-08-27 09:25:04,131200.0,100,Sell,234899240
2024-08-27 09:25:04,131200.0,100,Sell,234899239
2024-08-27 09:25:04,131200.0,200,Sell,234899238
2024-08-27 09:25:04,131200.0,500,Sell,234899237
2024-08-27 09:25:04,131200.0,1100,Sell,234899236
2024-08-27 09:25:04,131200.0,600,Sell,234899235
2024-08-27 09:25:04,131200.0,900,Sell,234899232
2024-08-27 09:25:04,131200.0,100,Sell,234899233
2024-08-27 09:25:04,131200.0,2000,Sell,234899231
2024-08-27 09:25:04,131200.0,100,Sell,234899230
2024-08-27 09:25:04,131200.0,100,Sell,234899229
2024-08-27 09:25:04,131200.0,1000,Sell,234899228
2024-08-27 09:25:04,131200.0,2000,Sell,234899227
2024-08-27 09:25:04,131200.0,300,Sell,234899225
2024-08-27 09:25:04,131200.0,200,Sell,234899234
2024-08-27 09:25:14,131200.0,200,Sell,234899430
2024-08-27 09:25:14,131200.0,100,Sell,234899429
2024-08-27 09:25:14,131200.0,1400,Sell,234899431
2024-08-27 09:25:14,131200.0,300,Sell,234899427
2024-08-27 09:25:14,131200.0,100,Sell,234899428
2024-08-27 09:25:14,131200.0,500,Sell,234899426
2024-08-27 09:25:14,131200.0,900,Sell,234899423
2024-08-27 09:25:14,131200.0,1100,Sell,234899422
2024-08-27 09:25:14,131200.0,200,Sell,234899425
2024-08-27 09:25:14,131200.0,200,Sell,234899424
2024-08-27 09:25:23,131200.0,600,Sell,234899622
2024-08-27 09:25:23,131200.0,900,Sell,234899623
2024-08-27 09:25:23,131200.0,500,Sell,234899624
2024-08-27 09:25:36,131100.0,500,Sell,234899890
2024-08-27 09:25:36,131100.0,100,Sell,234899888
2024-08-27 09:25:36,131100.0,400,Sell,234899891
2024-08-27 09:25:36,131100.0,500,Sell,234899886
2024-08-27 09:25:36,131100.0,7400,Sell,234899885
2024-08-27 09:25:36,131100.0,500,Sell,234899884
2024-08-27 09:25:36,131100.0,100,Sell,234899887
2024-08-27 09:25:36,131100.0,500,Sell,234899889
2024-08-27 09:25:39,131100.0,4600,Sell,234899944
2024-08-27 09:25:39,131100.0,200,Sell,234899945
2024-08-27 09:25:39,131100.0,100,Sell,234899946
2024-08-27 09:25:39,131100.0,100,Sell,234899947
2024-08-27 09:25:46,131100.0,800,Sell,234900083
2024-08-27 09:25:46,131100.0,100,Sell,234900084
2024-08-27 09:26:05,131100.0,900,Buy,234900471
2024-08-27 09:26:07,131100.0,100,Buy,234900545
2024-08-27 09:26:13,131100.0,200,Buy,234900669
2024-08-27 09:26:17,131100.0,200,Buy,234900815
2024-08-27 09:26:19,131100.0,100,Buy,234900868
2024-08-27 09:26:31,131100.0,100,Buy,234901194
2024-08-27 09:26:31,131000.0,100,Sell,234901192
2024-08-27 09:26:32,131100.0,1000,Buy,234901200
2024-08-27 09:26:37,131100.0,200,Buy,234901284
2024-08-27 09:26:55,131000.0,300,Sell,234901711
2024-08-27 09:26:55,131000.0,700,Sell,234901712
2024-08-27 09:27:01,131100.0,100,Buy,234901824
2024-08-27 09:27:09,131100.0,100,Buy,234901971
2024-08-27 09:27:13,131100.0,500,Buy,234902067
2024-08-27 09:27:17,131100.0,100,Buy,234902197
2024-08-27 09:27:18,131000.0,300,Sell,234902229
2024-08-27 09:27:18,131000.0,2700,Sell,234902230
2024-08-27 09:27:30,131000.0,400,Sell,234902486
2024-08-27 09:27:31,131000.0,100,Sell,234902516
2024-08-27 09:27:41,131100.0,300,Buy,234902702
2024-08-27 09:27:53,131100.0,100,Buy,234903085
2024-08-27 09:27:53,131100.0,100,Buy,234903086
2024-08-27 09:27:53,131100.0,300,Buy,234903087
2024-08-27 09:27:53,131100.0,200,Buy,234903088
2024-08-27 09:27:56,131100.0,300,Sell,234903232
2024-08-27 09:27:57,131100.0,200,Buy,234903282
2024-08-27 09:28:01,131100.0,300,Buy,234903365
2024-08-27 09:28:08,131100.0,100,Buy,234903534
2024-08-27 09:28:13,131100.0,100,Buy,234903625
2024-08-27 09:28:20,131100.0,1000,Buy,234903791
2024-08-27 09:28:27,131100.0,500,Buy,234903973
2024-08-27 09:28:27,131100.0,500,Buy,234903969
2024-08-27 09:28:33,131000.0,100,Sell,234904119
2024-08-27 09:28:45,131100.0,100,Buy,234904658
2024-08-27 09:28:46,131100.0,900,Buy,234904711
2024-08-27 09:28:46,131100.0,500,Buy,234904710
2024-08-27 09:28:46,131100.0,500,Buy,234904709
2024-08-27 09:28:46,131100.0,100,Buy,234904708
2024-08-27 09:28:47,131100.0,900,Buy,234904729
2024-08-27 09:28:58,131100.0,600,Buy,234905035
2024-08-27 09:28:59,131000.0,500,Sell,234905234
2024-08-27 09:29:12,131100.0,100,Buy,234905591
2024-08-27 09:29:14,131100.0,900,Buy,234905621
2024-08-27 09:29:41,131100.0,900,Buy,234906512
2024-08-27 09:30:08,131100.0,1000,Buy,234907397
2024-08-27 09:30:13,131100.0,100,Buy,234907701
2024-08-27 09:30:24,131100.0,100,Buy,234908086
2024-08-27 09:30:27,131100.0,100,Buy,234908218
2024-08-27 09:30:33,131100.0,300,Buy,234908419
2024-08-27 09:30:35,131100.0,900,Buy,234908528
2024-08-27 09:30:35,131100.0,200,Buy,234908536
2024-08-27 09:30:35,131100.0,100,Buy,234908555
2024-08-27 09:30:47,131100.0,200,Buy,234909000
2024-08-27 09:30:55,131100.0,200,Buy,234909337
2024-08-27 09:30:55,131000.0,100,Sell,234909338
2024-08-27 09:30:58,131100.0,300,Buy,234909408
2024-08-27 09:31:02,131000.0,400,Sell,234909526
2024-08-27 09:31:02,131000.0,1000,Sell,234909524
2024-08-27 09:31:02,131000.0,100,Sell,234909525
2024-08-27 09:31:02,131000.0,1200,Sell,234909522
2024-08-27 09:31:02,131100.0,900,Buy,234909519
2024-08-27 09:31:02,131000.0,300,Sell,234909523
2024-08-27 09:31:06,131100.0,800,Buy,234909646
2024-08-27 09:31:06,131000.0,100,Sell,234909665
2024-08-27 09:31:11,131000.0,1500,Sell,234909854
2024-08-27 09:31:19,131100.0,200,Buy,234910064
2024-08-27 09:31:29,131100.0,300,Buy,234910397
2024-08-27 09:31:29,131100.0,600,Buy,234910398
2024-08-27 09:31:38,131000.0,3000,Sell,234910675
2024-08-27 09:31:38,131100.0,200,Buy,234910824
2024-08-27 09:31:55,131100.0,900,Buy,234911289
2024-08-27 09:32:00,131100.0,800,Buy,234911488
2024-08-27 09:32:00,131100.0,200,Buy,234911489
2024-08-27 09:32:05,131000.0,200,Sell,234911607
2024-08-27 09:32:10,131000.0,500,Sell,234911820
2024-08-27 09:32:10,131000.0,2000,Sell,234911819
2024-08-27 09:32:10,131000.0,100,Sell,234911818
2024-08-27 09:32:10,131000.0,300,Sell,234911813
2024-08-27 09:32:10,131000.0,300,Sell,234911816
2024-08-27 09:32:10,131000.0,400,Sell,234911815
2024-08-27 09:32:10,131000.0,100,Sell,234911814
2024-08-27 09:32:10,131000.0,100,Sell,234911817
2024-08-27 09:32:10,131000.0,300,Sell,234911821
2024-08-27 09:32:10,131000.0,100,Sell,234911796
2024-08-27 09:32:10,131000.0,100,Sell,234911823
2024-08-27 09:32:10,131000.0,100,Sell,234911824
2024-08-27 09:32:10,131000.0,300,Sell,234911825
2024-08-27 09:32:10,131000.0,100,Sell,234911826
2024-08-27 09:32:10,131000.0,100,Sell,234911827
2024-08-27 09:32:10,131000.0,100,Sell,234911828
2024-08-27 09:32:10,131000.0,300,Sell,234911829
2024-08-27 09:32:10,131000.0,900,Sell,234911812
2024-08-27 09:32:10,131000.0,100,Sell,234911822
2024-08-27 09:32:10,131000.0,500,Sell,234911811
2024-08-27 09:32:10,131000.0,200,Sell,234911794
2024-08-27 09:32:10,131000.0,100,Sell,234911809
2024-08-27 09:32:10,131000.0,600,Sell,234911789
2024-08-27 09:32:10,131000.0,500,Sell,234911790
2024-08-27 09:32:10,131000.0,400,Sell,234911791
2024-08-27 09:32:10,131000.0,200,Sell,234911792
2024-08-27 09:32:10,131000.0,100,Sell,234911793
2024-08-27 09:32:10,131000.0,5000,Sell,234911795
2024-08-27 09:32:10,131000.0,500,Sell,234911797
2024-08-27 09:32:10,131000.0,200,Sell,234911799
2024-08-27 09:32:10,131000.0,100,Sell,234911810
2024-08-27 09:32:10,131000.0,1000,Sell,234911801
2024-08-27 09:32:10,131000.0,100,Sell,234911802
2024-08-27 09:32:10,131000.0,1000,Sell,234911803
2024-08-27 09:32:10,131000.0,100,Sell,234911804
2024-08-27 09:32:10,131000.0,100,Sell,234911805
2024-08-27 09:32:10,131000.0,600,Sell,234911806
2024-08-27 09:32:10,131000.0,900,Sell,234911807
2024-08-27 09:32:10,131000.0,500,Sell,234911808
2024-08-27 09:32:10,131000.0,1000,Sell,234911800
2024-08-27 09:32:12,131000.0,100,Sell,234911969
2024-08-27 09:32:12,131000.0,500,Sell,234911968
2024-08-27 09:32:12,131000.0,200,Sell,234911967
2024-08-27 09:32:12,131000.0,100,Sell,234911966
2024-08-27 09:32:12,131000.0,100,Sell,234911965
2024-08-27 09:32:12,131000.0,200,Sell,234911964
2024-08-27 09:32:12,131000.0,100,Sell,234911962
2024-08-27 09:32:12,131000.0,500,Sell,234911961
2024-08-27 09:32:12,131000.0,100,Sell,234911960
2024-08-27 09:32:12,131000.0,1000,Sell,234911958
2024-08-27 09:32:12,131000.0,1200,Sell,234911957
2024-08-27 09:32:12,131000.0,100,Sell,234911963
2024-08-27 09:32:12,131000.0,100,Sell,234911959
2024-08-27 09:32:19,131000.0,200,Buy,234912123
2024-08-27 09:32:22,131000.0,500,Buy,234912177
2024-08-27 09:32:22,131000.0,500,Buy,234912178
2024-08-27 09:32:32,131000.0,300,Buy,234912457
2024-08-27 09:32:38,131000.0,100,Buy,234912618
2024-08-27 09:32:40,131000.0,1000,Buy,234912708
2024-08-27 09:32:49,131000.0,100,Buy,234912965
2024-08-27 09:32:49,131000.0,800,Buy,234912966
2024-08-27 09:33:03,131000.0,100,Buy,234913388
2024-08-27 09:33:05,130900.0,100,Sell,234913435
2024-08-27 09:33:05,130900.0,100,Sell,234913434
2024-08-27 09:33:07,130900.0,500,Sell,234913483
2024-08-27 09:33:07,130900.0,100,Sell,234913484
2024-08-27 09:33:09,130900.0,100,Sell,234913501
2024-08-27 09:33:09,130900.0,1000,Sell,234913502
2024-08-27 09:33:09,130900.0,3900,Sell,234913503
2024-08-27 09:33:16,130900.0,100,Sell,234913717
2024-08-27 09:33:21,130900.0,100,Sell,234913818
2024-08-27 09:33:23,130900.0,1000,Sell,234913848
2024-08-27 09:33:23,130900.0,900,Sell,234913849
2024-08-27 09:33:23,130900.0,100,Sell,234913850
2024-08-27 09:33:23,130900.0,500,Sell,234913851
2024-08-27 09:33:23,130900.0,1000,Sell,234913860
2024-08-27 09:33:26,130900.0,1000,Sell,234913927
2024-08-27 09:33:28,130900.0,1000,Sell,234913997
2024-08-27 09:33:28,130900.0,200,Sell,234913996
2024-08-27 09:33:28,130900.0,300,Sell,234913993
2024-08-27 09:33:28,130900.0,5100,Sell,234913994
2024-08-27 09:33:28,130900.0,200,Sell,234913966
2024-08-27 09:33:28,130900.0,200,Sell,234913995
2024-08-27 09:33:29,130900.0,100,Sell,234914034
2024-08-27 09:33:29,130900.0,100,Sell,234914041
2024-08-27 09:33:29,130900.0,100,Sell,234914040
2024-08-27 09:33:29,130900.0,100,Sell,234914039
2024-08-27 09:33:29,130900.0,900,Sell,234914038
2024-08-27 09:33:29,130900.0,100,Sell,234914037
2024-08-27 09:33:29,130900.0,200,Sell,234914036
2024-08-27 09:33:29,130900.0,2000,Sell,234914035
2024-08-27 09:33:29,130900.0,200,Sell,234914033
2024-08-27 09:33:29,130900.0,200,Sell,234914024
2024-08-27 09:33:29,130900.0,300,Sell,234914031
2024-08-27 09:33:29,130900.0,200,Sell,234914030
2024-08-27 09:33:29,130900.0,200,Sell,234914029
2024-08-27 09:33:29,130900.0,100,Sell,234914028
2024-08-27 09:33:29,130900.0,500,Sell,234914027
2024-08-27 09:33:29,130900.0,200,Sell,234914026
2024-08-27 09:33:29,130900.0,100,Sell,234914025
2024-08-27 09:33:29,130900.0,100,Sell,234914023
2024-08-27 09:33:29,130900.0,100,Sell,234914032
2024-08-27 09:33:32,130900.0,100,Buy,234914136
2024-08-27 09:33:36,130900.0,100,Buy,234914213
2024-08-27 09:33:39,130800.0,100,Sell,234914289
2024-08-27 09:33:39,130800.0,100,Sell,234914288
2024-08-27 09:33:39,130800.0,900,Sell,234914291
2024-08-27 09:33:39,130800.0,200,Sell,234914290
2024-08-27 09:33:39,130800.0,500,Sell,234914287
2024-08-27 09:33:39,130800.0,100,Sell,234914283
2024-08-27 09:33:39,130800.0,100,Sell,234914285
2024-08-27 09:33:39,130800.0,100,Sell,234914281
2024-08-27 09:33:39,130800.0,100,Sell,234914282
2024-08-27 09:33:39,130800.0,100,Sell,234914286
2024-08-27 09:33:39,130800.0,100,Sell,234914284
2024-08-27 09:33:39,130800.0,100,Sell,234914280
2024-08-27 09:33:41,130800.0,100,Sell,234914322
2024-08-27 09:33:41,130800.0,100,Sell,234914321
2024-08-27 09:33:41,130800.0,100,Sell,234914323
2024-08-27 09:33:46,130800.0,400,Sell,234914508
2024-08-27 09:33:46,130800.0,100,Sell,234914509
2024-08-27 09:33:46,130800.0,200,Sell,234914510
2024-08-27 09:33:47,130800.0,100,Sell,234914529
2024-08-27 09:33:47,130800.0,1800,Sell,234914530
2024-08-27 09:33:50,130800.0,100,Sell,234914668
2024-08-27 09:33:54,130800.0,3000,Sell,234914777
2024-08-27 09:33:56,130800.0,100,Sell,234914854
2024-08-27 09:33:56,130800.0,300,Sell,234914853
2024-08-27 09:33:56,130800.0,900,Sell,234914837
2024-08-27 09:33:56,130800.0,100,Sell,234914834
2024-08-27 09:33:56,130800.0,100,Sell,234914836
2024-08-27 09:33:58,130800.0,100,Buy,234914949
2024-08-27 09:34:04,130800.0,100,Buy,234915127
2024-08-27 09:34:05,130800.0,100,Buy,234915161
2024-08-27 09:34:10,130800.0,700,Buy,234915288
2024-08-27 09:34:10,130800.0,300,Buy,234915289
2024-08-27 09:34:10,130800.0,500,Buy,234915307
2024-08-27 09:34:13,130800.0,100,Buy,234915416
2024-08-27 09:34:16,130800.0,100,Buy,234915513
2024-08-27 09:34:17,130800.0,100,Buy,234915530
2024-08-27 09:34:19,130700.0,100,Sell,234915560
2024-08-27 09:34:19,130700.0,500,Sell,234915561
2024-08-27 09:34:19,130700.0,800,Sell,234915562
2024-08-27 09:34:22,130700.0,100,Sell,234915654
2024-08-27 09:34:25,130700.0,100,Sell,234915728
2024-08-27 09:34:25,130700.0,500,Sell,234915727
2024-08-27 09:34:25,130700.0,100,Sell,234915726
2024-08-27 09:34:25,130700.0,100,Sell,234915725
2024-08-27 09:34:25,130700.0,200,Sell,234915724
2024-08-27 09:34:25,130700.0,200,Sell,234915723
2024-08-27 09:34:25,130700.0,200,Sell,234915721
2024-08-27 09:34:25,130700.0,200,Sell,234915720
2024-08-27 09:34:25,130700.0,100,Sell,234915719
2024-08-27 09:34:25,130700.0,100,Sell,234915718
2024-08-27 09:34:25,130700.0,1000,Sell,234915717
2024-08-27 09:34:25,130700.0,4100,Sell,234915716
2024-08-27 09:34:25,130800.0,200,Buy,234915714
2024-08-27 09:34:25,130700.0,3000,Sell,234915722
2024-08-27 09:34:27,130800.0,500,Buy,234915779
2024-08-27 09:34:27,130800.0,2000,Buy,234915778
2024-08-27 09:34:27,130800.0,300,Buy,234915781
2024-08-27 09:34:27,130800.0,200,Buy,234915776
2024-08-27 09:34:27,130800.0,100,Buy,234915777
2024-08-27 09:34:27,130800.0,800,Buy,234915780
2024-08-27 09:34:27,130700.0,200,Buy,234915775
2024-08-27 09:34:31,130800.0,400,Sell,234915889
2024-08-27 09:34:44,130800.0,100,Sell,234916310
2024-08-27 09:34:45,130800.0,400,Sell,234916334
2024-08-27 09:34:45,130800.0,100,Sell,234916335
2024-08-27 09:34:45,130800.0,800,Sell,234916336
2024-08-27 09:34:48,130800.0,500,Buy,234916396
2024-08-27 09:34:52,130700.0,100,Sell,234916470
2024-08-27 09:34:56,130800.0,100,Buy,234916654
2024-08-27 09:35:01,130700.0,100,Sell,234916769
2024-08-27 09:35:10,130800.0,100,Buy,234917184
2024-08-27 09:35:16,130700.0,200,Sell,234917324
2024-08-27 09:35:21,130700.0,100,Sell,234917488
2024-08-27 09:35:21,130700.0,100,Sell,234917487
2024-08-27 09:35:21,130700.0,100,Sell,234917486
2024-08-27 09:35:21,130700.0,900,Sell,234917485
2024-08-27 09:35:21,130700.0,500,Sell,234917480
2024-08-27 09:35:21,130700.0,100,Sell,234917483
2024-08-27 09:35:21,130700.0,200,Sell,234917482
2024-08-27 09:35:21,130700.0,200,Sell,234917481
2024-08-27 09:35:21,130700.0,100,Sell,234917484
2024-08-27 09:35:21,130700.0,100,Sell,234917478
2024-08-27 09:35:25,130700.0,100,Buy,234917575
2024-08-27 09:35:31,130700.0,100,Buy,234917730
2024-08-27 09:35:31,130700.0,900,Buy,234917716
2024-08-27 09:35:34,130700.0,100,Buy,234917789
2024-08-27 09:35:42,130700.0,200,Buy,234918000
2024-08-27 09:35:50,130600.0,100,Sell,234918243
2024-08-27 09:35:51,130600.0,400,Sell,234918264
2024-08-27 09:35:58,130600.0,700,Sell,234918507
2024-08-27 09:35:58,130600.0,500,Sell,234918508
2024-08-27 09:35:58,130600.0,100,Sell,234918509
2024-08-27 09:35:58,130600.0,100,Sell,234918510
2024-08-27 09:35:58,130600.0,200,Sell,234918511
2024-08-27 09:36:02,130600.0,600,Sell,234918607
2024-08-27 09:36:05,130600.0,300,Sell,234918676
2024-08-27 09:36:05,130600.0,200,Sell,234918674
2024-08-27 09:36:05,130600.0,100,Sell,234918675
2024-08-27 09:36:08,130600.0,200,Sell,234918779
2024-08-27 09:36:08,130600.0,100,Sell,234918780
2024-08-27 09:36:08,130600.0,100,Sell,234918781
2024-08-27 09:36:12,130600.0,100,Sell,234918866
2024-08-27 09:36:16,130600.0,100,Sell,234918956
2024-08-27 09:36:16,130600.0,400,Sell,234918957
2024-08-27 09:36:16,130600.0,100,Sell,234918958
2024-08-27 09:36:16,130600.0,400,Sell,234918959
2024-08-27 09:36:17,130600.0,400,Sell,234918988
2024-08-27 09:36:17,130600.0,300,Sell,234918987
2024-08-27 09:36:17,130600.0,500,Sell,234918986
2024-08-27 09:36:17,130600.0,200,Sell,234918984
2024-08-27 09:36:17,130600.0,100,Sell,234918985
2024-08-27 09:36:17,130600.0,100,Sell,234918983
2024-08-27 09:36:19,130600.0,300,Sell,234919058
2024-08-27 09:36:22,130600.0,400,Sell,234919178
2024-08-27 09:36:24,130700.0,300,Buy,234919204
2024-08-27 09:36:25,130700.0,900,Buy,234919214
2024-08-27 09:36:27,130600.0,400,Sell,234919275
2024-08-27 09:36:27,130600.0,200,Sell,234919276
2024-08-27 09:36:27,130600.0,1000,Sell,234919277
2024-08-27 09:36:27,130600.0,400,Sell,234919278
2024-08-27 09:36:28,130600.0,500,Buy,234919294
2024-08-27 09:36:28,130600.0,200,Buy,234919297
2024-08-27 09:36:29,130600.0,500,Buy,234919304
2024-08-27 09:36:32,130600.0,100,Buy,234919409
2024-08-27 09:36:39,130600.0,100,Buy,234919574
2024-08-27 09:36:43,130600.0,100,Buy,234919672
2024-08-27 09:36:50,130600.0,400,Buy,234919838
2024-08-27 09:36:52,130600.0,900,Buy,234919875
2024-08-27 09:36:52,130600.0,100,Buy,234919873
2024-08-27 09:36:54,130600.0,100,Buy,234919947
2024-08-27 09:36:55,130600.0,500,Buy,234920004
2024-08-27 09:36:59,130600.0,1000,Buy,234920057
2024-08-27 09:37:11,130600.0,300,Buy,234920456
2024-08-27 09:37:12,130500.0,300,Sell,234920508
2024-08-27 09:37:12,130500.0,100,Sell,234920507
2024-08-27 09:37:12,130500.0,200,Sell,234920502
2024-08-27 09:37:12,130500.0,200,Sell,234920506
2024-08-27 09:37:12,130500.0,100,Sell,234920505
2024-08-27 09:37:12,130500.0,100,Sell,234920504
2024-08-27 09:37:12,130500.0,200,Sell,234920503
2024-08-27 09:37:12,130500.0,500,Sell,234920501
2024-08-27 09:37:12,130500.0,100,Sell,234920493
2024-08-27 09:37:12,130500.0,100,Sell,234920499
2024-08-27 09:37:12,130500.0,100,Sell,234920500
2024-08-27 09:37:12,130500.0,100,Sell,234920491
2024-08-27 09:37:12,130500.0,100,Sell,234920494
2024-08-27 09:37:12,130500.0,500,Sell,234920492
2024-08-27 09:37:12,130500.0,100,Sell,234920496
2024-08-27 09:37:12,130500.0,500,Sell,234920497
2024-08-27 09:37:12,130500.0,100,Sell,234920498
2024-08-27 09:37:12,130500.0,300,Sell,234920495
2024-08-27 09:37:13,130500.0,300,Sell,234920519
2024-08-27 09:37:13,130500.0,100,Sell,234920525
2024-08-27 09:37:13,130500.0,500,Sell,234920528
2024-08-27 09:37:13,130500.0,4700,Sell,234920518
2024-08-27 09:37:14,130500.0,400,Sell,234920561
2024-08-27 09:37:21,130500.0,100,Sell,234920763
2024-08-27 09:37:22,130500.0,100,Sell,234920799
2024-08-27 09:37:23,130500.0,500,Sell,234920811
2024-08-27 09:37:25,130500.0,1000,Sell,234920877
2024-08-27 09:37:27,130500.0,1000,Sell,234920923
2024-08-27 09:37:27,130500.0,100,Sell,234920940
2024-08-27 09:37:27,130500.0,200,Sell,234920939
2024-08-27 09:37:27,130500.0,100,Sell,234920938
2024-08-27 09:37:27,130500.0,200,Sell,234920937
2024-08-27 09:37:27,130500.0,100,Sell,234920936
2024-08-27 09:37:27,130500.0,1000,Sell,234920918
2024-08-27 09:37:27,130500.0,100,Sell,234920934
2024-08-27 09:37:27,130500.0,200,Sell,234920933
2024-08-27 09:37:27,130500.0,300,Sell,234920935
2024-08-27 09:37:27,130500.0,100,Sell,234920931
2024-08-27 09:37:27,130500.0,100,Sell,234920930
2024-08-27 09:37:27,130500.0,100,Sell,234920929
2024-08-27 09:37:27,130500.0,500,Sell,234920928
2024-08-27 09:37:27,130500.0,100,Sell,234920927
2024-08-27 09:37:27,130500.0,100,Sell,234920926
2024-08-27 09:37:27,130500.0,1000,Sell,234920925
2024-08-27 09:37:27,130500.0,200,Sell,234920924
2024-08-27 09:37:27,130500.0,1000,Sell,234920932
2024-08-27 09:37:28,130500.0,100,Sell,234920991
2024-08-27 09:37:28,130500.0,100,Sell,234920959
2024-08-27 09:37:28,130500.0,1000,Sell,234920958
2024-08-27 09:37:28,130500.0,200,Sell,234920957
2024-08-27 09:37:28,130500.0,100,Sell,234920956
2024-08-27 09:37:28,130500.0,100,Sell,234920955
2024-08-27 09:37:28,130500.0,100,Sell,234920952
2024-08-27 09:37:28,130500.0,100,Sell,234920953
2024-08-27 09:37:28,130500.0,100,Sell,234920951
2024-08-27 09:37:28,130500.0,2000,Sell,234920950
2024-08-27 09:37:28,130500.0,100,Sell,234920949
2024-08-27 09:37:28,130500.0,100,Sell,234920948
2024-08-27 09:37:28,130500.0,900,Sell,234920947
2024-08-27 09:37:28,130500.0,100,Sell,234920954
2024-08-27 09:37:29,130500.0,800,Sell,234921027
2024-08-27 09:37:30,130500.0,200,Sell,234921064
2024-08-27 09:37:30,130500.0,300,Sell,234921067
2024-08-27 09:37:30,130500.0,1000,Sell,234921068
2024-08-27 09:37:31,130600.0,100,Buy,234921080
2024-08-27 09:37:33,130500.0,100,Sell,234921131
2024-08-27 09:37:35,130500.0,100,Sell,234921178
2024-08-27 09:37:35,130500.0,200,Sell,234921179
2024-08-27 09:37:35,130500.0,100,Sell,234921180
2024-08-27 09:37:35,130500.0,400,Sell,234921181
2024-08-27 09:37:36,130500.0,1000,Sell,234921192
2024-08-27 09:37:37,130500.0,200,Sell,234921207
2024-08-27 09:37:38,130500.0,1000,Sell,234921237
2024-08-27 09:37:38,130500.0,1100,Sell,234921238
2024-08-27 09:37:42,130500.0,1700,Sell,234921409
2024-08-27 09:37:46,130500.0,2500,Sell,234921576
2024-08-27 09:37:49,130500.0,500,Sell,234921676
2024-08-27 09:37:51,130500.0,500,Sell,234921715
2024-08-27 09:37:54,130500.0,1100,Sell,234921795
2024-08-27 09:37:54,130500.0,2900,Sell,234921796
2024-08-27 09:37:54,130500.0,200,Sell,234921826
2024-08-27 09:37:55,130500.0,100,Sell,234921914
2024-08-27 09:37:55,130500.0,1000,Sell,234921925
2024-08-27 09:37:56,130500.0,2400,Sell,234921953
2024-08-27 09:37:56,130500.0,100,Sell,234921951
2024-08-27 09:37:56,130500.0,100,Sell,234921952
2024-08-27 09:37:56,130500.0,100,Sell,234921949
2024-08-27 09:37:56,130500.0,500,Sell,234921948
2024-08-27 09:37:56,130500.0,900,Sell,234921947
2024-08-27 09:37:56,130500.0,900,Sell,234921950
2024-08-27 09:37:58,130500.0,500,Sell,234922014
2024-08-27 09:38:00,130500.0,2200,Sell,234922095
2024-08-27 09:38:00,130500.0,100,Sell,234922096
2024-08-27 09:38:00,130400.0,100,Sell,234922120
2024-08-27 09:38:02,130500.0,100,Buy,234922164
2024-08-27 09:38:02,130400.0,100,Sell,234922165
2024-08-27 09:38:03,130500.0,200,Buy,234922176
2024-08-27 09:38:08,130400.0,200,Sell,234922404
2024-08-27 09:38:08,130400.0,100,Sell,234922403
2024-08-27 09:38:08,130400.0,200,Sell,234922401
2024-08-27 09:38:08,130400.0,100,Sell,234922402
2024-08-27 09:38:08,130400.0,1000,Sell,234922399
2024-08-27 09:38:08,130400.0,200,Sell,234922398
2024-08-27 09:38:08,130400.0,900,Sell,234922397
2024-08-27 09:38:08,130400.0,300,Sell,234922400
2024-08-27 09:38:12,130400.0,2200,Buy,234922483
2024-08-27 09:38:12,130400.0,1000,Buy,234922484
2024-08-27 09:38:24,130400.0,1900,Sell,234922923
2024-08-27 09:38:24,130400.0,100,Sell,234922924
2024-08-27 09:38:30,130400.0,900,Sell,234923066
2024-08-27 09:38:30,130400.0,100,Sell,234923067
2024-08-27 09:38:30,130400.0,100,Sell,234923068
2024-08-27 09:38:30,130400.0,100,Sell,234923069
2024-08-27 09:38:30,130400.0,800,Sell,234923070
2024-08-27 09:38:31,130400.0,200,Sell,234923094
2024-08-27 09:38:31,130400.0,100,Buy,234923095
2024-08-27 09:38:39,130400.0,100,Buy,234923307
2024-08-27 09:38:39,130400.0,500,Buy,234923308
2024-08-27 09:38:50,130400.0,100,Sell,234923678
2024-08-27 09:38:51,130500.0,300,Buy,234923687
2024-08-27 09:38:56,130400.0,200,Sell,234923795
2024-08-27 09:38:56,130400.0,700,Sell,234923796
2024-08-27 09:38:59,130400.0,300,Sell,234923874
2024-08-27 09:38:59,130400.0,100,Sell,234923875
2024-08-27 09:39:07,130400.0,100,Sell,234924136
2024-08-27 09:39:08,130500.0,500,Buy,234924150
2024-08-27 09:39:22,130500.0,200,Buy,234924560
2024-08-27 09:39:22,130500.0,100,Buy,234924559
2024-08-27 09:39:22,130500.0,200,Buy,234924558
2024-08-27 09:39:24,130500.0,100,Buy,234924623
2024-08-27 09:39:24,130400.0,2200,Sell,234924603
2024-08-27 09:39:24,130400.0,500,Sell,234924602
2024-08-27 09:39:24,130400.0,100,Sell,234924597
2024-08-27 09:39:24,130400.0,200,Sell,234924600
2024-08-27 09:39:24,130400.0,100,Sell,234924599
2024-08-27 09:39:24,130400.0,300,Sell,234924598
2024-08-27 09:39:24,130400.0,100,Sell,234924601
2024-08-27 09:39:30,130500.0,100,Buy,234924787
2024-08-27 09:39:31,130500.0,100,Buy,234924801
2024-08-27 09:39:31,130500.0,800,Buy,234924802
2024-08-27 09:39:31,130500.0,100,Buy,234924803
2024-08-27 09:39:33,130500.0,900,Buy,234924836
2024-08-27 09:39:35,130400.0,800,Sell,234924896
2024-08-27 09:39:35,130400.0,100,Sell,234924897
2024-08-27 09:39:36,130500.0,200,Buy,234924914
2024-08-27 09:39:36,130500.0,100,Buy,234924915
2024-08-27 09:39:36,130500.0,200,Buy,234924916
2024-08-27 09:39:38,130500.0,100,Buy,234924981
2024-08-27 09:39:38,130500.0,100,Buy,234924982
2024-08-27 09:39:42,130500.0,300,Buy,234925045
2024-08-27 09:39:42,130500.0,500,Buy,234925035
2024-08-27 09:39:42,130500.0,500,Buy,234925036
2024-08-27 09:39:42,130500.0,200,Buy,234925042
2024-08-27 09:39:44,130600.0,100,Buy,234925092
2024-08-27 09:39:47,130500.0,100,Sell,234925167
2024-08-27 09:39:52,130500.0,600,Sell,234925311
2024-08-27 09:39:58,130500.0,300,Sell,234925505
2024-08-27 09:39:59,130900.0,4200,Buy,234925557
2024-08-27 09:39:59,130800.0,200,Buy,234925556
2024-08-27 09:39:59,130800.0,200,Buy,234925555
2024-08-27 09:39:59,130800.0,1000,Buy,234925554
2024-08-27 09:39:59,130800.0,200,Buy,234925553
2024-08-27 09:39:59,130800.0,100,Buy,234925552
2024-08-27 09:39:59,130800.0,1000,Buy,234925551
2024-08-27 09:39:59,130700.0,100,Buy,234925550
2024-08-27 09:39:59,130700.0,100,Buy,234925549
2024-08-27 09:39:59,130700.0,100,Buy,234925547
2024-08-27 09:39:59,130700.0,100,Buy,234925546
2024-08-27 09:39:59,130700.0,500,Buy,234925545
2024-08-27 09:39:59,130600.0,200,Buy,234925544
2024-08-27 09:39:59,130600.0,100,Buy,234925543
2024-08-27 09:39:59,130600.0,3400,Buy,234925542
2024-08-27 09:39:59,130600.0,500,Buy,234925541
2024-08-27 09:39:59,130600.0,200,Buy,234925540
2024-08-27 09:39:59,130700.0,200,Buy,234925548
2024-08-27 09:40:04,130500.0,100,Sell,234925714
2024-08-27 09:40:04,130500.0,1000,Sell,234925713
2024-08-27 09:40:04,130500.0,200,Sell,234925712
2024-08-27 09:40:04,130500.0,600,Sell,234925708
2024-08-27 09:40:04,130500.0,100,Sell,234925710
2024-08-27 09:40:04,130500.0,200,Sell,234925709
2024-08-27 09:40:04,130500.0,200,Sell,234925705
2024-08-27 09:40:04,130500.0,100,Sell,234925711
2024-08-27 09:40:14,130700.0,1600,Sell,234925982
2024-08-27 09:40:17,130900.0,1000,Buy,234926059
2024-08-27 09:40:27,130900.0,900,Buy,234926352
2024-08-27 09:40:32,130900.0,11800,Buy,234926468
2024-08-27 09:40:32,130900.0,1200,Buy,234926469
2024-08-27 09:40:32,130900.0,10000,Buy,234926470
2024-08-27 09:40:32,130900.0,5000,Buy,234926471
2024-08-27 09:40:32,131000.0,1100,Buy,234926472
2024-08-27 09:40:32,131000.0,900,Buy,234926473
2024-08-27 09:40:37,130800.0,100,Buy,234926579
2024-08-27 09:40:41,130900.0,200,Sell,234926682
2024-08-27 09:40:42,131000.0,300,Buy,234926718
2024-08-27 09:40:42,130900.0,200,Sell,234926736
2024-08-27 09:40:42,130900.0,100,Sell,234926735
2024-08-27 09:40:42,131000.0,200,Sell,234926734
2024-08-27 09:40:42,131000.0,100,Sell,234926733
2024-08-27 09:40:42,131000.0,100,Sell,234926732
2024-08-27 09:40:42,131000.0,200,Sell,234926727
2024-08-27 09:40:42,131000.0,100,Sell,234926726
2024-08-27 09:40:42,131000.0,100,Buy,234926720
2024-08-27 09:40:42,131000.0,500,Buy,234926719
2024-08-27 09:40:42,131000.0,100,Buy,234926717
2024-08-27 09:40:42,131000.0,200,Buy,234926714
2024-08-27 09:40:42,131000.0,100,Buy,234926713
2024-08-27 09:40:42,131000.0,500,Buy,234926712
2024-08-27 09:40:42,131000.0,100,Buy,234926711
2024-08-27 09:40:42,131000.0,1000,Buy,234926710
2024-08-27 09:40:42,131000.0,300,Buy,234926709
2024-08-27 09:40:42,131000.0,200,Buy,234926708
2024-08-27 09:40:42,131000.0,300,Buy,234926707
2024-08-27 09:40:42,131000.0,200,Buy,234926706
2024-08-27 09:40:42,131000.0,200,Buy,234926705
2024-08-27 09:40:42,131000.0,100,Buy,234926704
2024-08-27 09:40:42,131000.0,5100,Buy,234926698
2024-08-27 09:40:43,130900.0,1300,Sell,234926748
2024-08-27 09:40:51,130900.0,4000,Sell,234926923
2024-08-27 09:40:53,131100.0,100,Buy,234926959
2024-08-27 09:40:53,131100.0,100,Buy,234926958
2024-08-27 09:40:54,131100.0,200,Buy,234926977
2024-08-27 09:40:54,131100.0,200,Buy,234926978
2024-08-27 09:40:54,131100.0,500,Buy,234926979
2024-08-27 09:40:57,131000.0,100,Sell,234927110
2024-08-27 09:41:06,131200.0,3800,Buy,234927374
2024-08-27 09:41:06,131200.0,300,Buy,234927373
2024-08-27 09:41:06,131200.0,10000,Buy,234927372
2024-08-27 09:41:06,131200.0,8000,Buy,234927371
2024-08-27 09:41:06,131100.0,200,Buy,234927370
2024-08-27 09:41:06,131100.0,600,Buy,234927367
2024-08-27 09:41:06,131100.0,5000,Buy,234927368
2024-08-27 09:41:06,131100.0,800,Buy,234927366
2024-08-27 09:41:06,131100.0,400,Buy,234927365
2024-08-27 09:41:06,131100.0,800,Buy,234927364
2024-08-27 09:41:06,131100.0,100,Buy,234927369
2024-08-27 09:41:08,131000.0,400,Sell,234927426
2024-08-27 09:41:24,131300.0,3600,Buy,234927808
2024-08-27 09:41:24,131300.0,100,Buy,234927807
2024-08-27 09:41:24,131300.0,100,Buy,234927806
2024-08-27 09:41:24,131300.0,100,Buy,234927805
2024-08-27 09:41:24,131300.0,500,Buy,234927804
2024-08-27 09:41:24,131300.0,5000,Buy,234927803
2024-08-27 09:41:24,131200.0,500,Buy,234927801
2024-08-27 09:41:24,131200.0,100,Buy,234927800
2024-08-27 09:41:24,131200.0,200,Buy,234927799
2024-08-27 09:41:24,131200.0,6200,Buy,234927798
2024-08-27 09:41:24,131300.0,13600,Buy,234927802
2024-08-27 09:41:26,131000.0,500,Sell,234927868
2024-08-27 09:41:26,131000.0,1500,Sell,234927869
2024-08-27 09:41:26,131000.0,500,Sell,234927870
2024-08-27 09:41:42,131000.0,100,Sell,234928350
2024-08-27 09:41:42,131000.0,100,Sell,234928351
2024-08-27 09:41:42,131000.0,500,Sell,234928348
2024-08-27 09:41:42,131000.0,900,Sell,234928349
2024-08-27 09:41:45,131000.0,3500,Buy,234928430
2024-08-27 09:41:45,131200.0,2500,Buy,234928433
2024-08-27 09:41:45,131300.0,1400,Buy,234928434
2024-08-27 09:41:45,131300.0,100,Buy,234928435
2024-08-27 09:41:45,131300.0,300,Buy,234928436
2024-08-27 09:41:45,131300.0,600,Buy,234928437
2024-08-27 09:41:45,131300.0,200,Buy,234928438
2024-08-27 09:41:45,131300.0,1400,Buy,234928439
2024-08-27 09:41:48,131300.0,100,Buy,234928662
2024-08-27 09:41:48,131300.0,600,Buy,234928660
2024-08-27 09:41:48,131300.0,100,Buy,234928661
2024-08-27 09:41:58,131400.0,1500,Buy,234929094
2024-08-27 09:41:58,131400.0,8000,Buy,234929095
2024-08-27 09:41:58,131400.0,100,Buy,234929096
2024-08-27 09:42:23,131500.0,500,Buy,234930051
2024-08-27 09:42:23,131500.0,100,Buy,234930050
2024-08-27 09:42:23,131500.0,200,Buy,234930049
2024-08-27 09:42:23,131500.0,500,Buy,234930048
2024-08-27 09:42:23,131500.0,500,Buy,234930044
2024-08-27 09:42:23,131500.0,700,Buy,234930043
2024-08-27 09:42:23,131500.0,100,Buy,234930042
2024-08-27 09:42:23,131500.0,700,Buy,234930038
2024-08-27 09:42:23,131500.0,200,Buy,234930040
2024-08-27 09:42:23,131500.0,100,Buy,234930041
2024-08-27 09:42:23,131500.0,2900,Buy,234930033
2024-08-27 09:42:23,131500.0,5000,Buy,234930034
2024-08-27 09:42:23,131500.0,100,Buy,234930037
2024-08-27 09:42:23,131500.0,200,Buy,234930036
2024-08-27 09:42:23,131500.0,100,Buy,234930039
2024-08-27 09:42:23,131500.0,100,Buy,234930035
2024-08-27 09:42:38,131500.0,100,Buy,234930659
2024-08-27 09:42:42,131500.0,200,Buy,234930765
2024-08-27 09:42:49,131500.0,700,Sell,234931015
2024-08-27 09:42:49,131600.0,6800,Buy,234930999
2024-08-27 09:42:49,131600.0,200,Buy,234930996
2024-08-27 09:42:49,131600.0,100,Buy,234930997
2024-08-27 09:42:49,131600.0,8000,Buy,234930998
2024-08-27 09:42:51,131500.0,200,Buy,234931083
2024-08-27 09:43:03,131500.0,100,Buy,234931545
2024-08-27 09:43:09,131500.0,900,Buy,234931898
2024-08-27 09:43:14,131500.0,600,Buy,234932026
2024-08-27 09:43:14,131500.0,100,Buy,234932027
2024-08-27 09:43:14,131500.0,500,Buy,234932028
2024-08-27 09:43:14,131500.0,100,Buy,234932029
2024-08-27 09:43:20,131500.0,1000,Sell,234932170
2024-08-27 09:43:24,131500.0,900,Buy,234932235
2024-08-27 09:43:25,131500.0,1100,Buy,234932284
2024-08-27 09:43:30,131500.0,100,Sell,234932374
2024-08-27 09:43:32,131500.0,500,Sell,234932460
2024-08-27 09:44:01,131500.0,200,Sell,234933292
2024-08-27 09:44:04,131600.0,100,Buy,234933333
2024-08-27 09:44:14,131600.0,1000,Buy,234933575
2024-08-27 09:44:16,131600.0,800,Buy,234933621
2024-08-27 09:44:16,131600.0,100,Buy,234933619
2024-08-27 09:44:16,131600.0,100,Buy,234933620
2024-08-27 09:44:26,131600.0,100,Buy,234933890
2024-08-27 09:44:26,131600.0,900,Buy,234933888
2024-08-27 09:44:26,131600.0,100,Buy,234933889
2024-08-27 09:44:34,131700.0,200,Buy,234934038
2024-08-27 09:44:37,131700.0,100,Buy,234934066
2024-08-27 09:44:47,131700.0,500,Buy,234934315
2024-08-27 09:44:47,131700.0,100,Buy,234934316
2024-08-27 09:44:47,131700.0,4400,Buy,234934317
2024-08-27 09:44:49,131700.0,900,Buy,234934366
2024-08-27 09:44:52,131700.0,1500,Buy,234934406
2024-08-27 09:44:54,131700.0,1000,Buy,234934448
2024-08-27 09:44:56,131700.0,500,Buy,234934510
2024-08-27 09:44:56,131700.0,900,Buy,234934527
2024-08-27 09:45:05,131700.0,100,Buy,234934716
2024-08-27 09:45:07,131700.0,400,Buy,234934794
2024-08-27 09:45:12,131700.0,200,Buy,234934930
2024-08-27 09:45:21,131700.0,100,Buy,234935115
2024-08-27 09:45:21,131700.0,400,Buy,234935116
2024-08-27 09:45:22,131700.0,1000,Buy,234935145
2024-08-27 09:45:24,131700.0,300,Buy,234935213
2024-08-27 09:45:24,131700.0,500,Buy,234935214
2024-08-27 09:45:24,131700.0,100,Buy,234935215
2024-08-27 09:45:28,131700.0,100,Buy,234935351
2024-08-27 09:45:49,131700.0,200,Buy,234935902
2024-08-27 09:45:57,131600.0,300,Sell,234936110
2024-08-27 09:45:57,131700.0,1000,Sell,234936108
2024-08-27 09:45:57,131700.0,800,Sell,234936109
2024-08-27 09:46:07,131700.0,100,Buy,234936332
2024-08-27 09:46:17,131700.0,900,Buy,234936497
2024-08-27 09:46:18,131700.0,100,Buy,234936510
2024-08-27 09:46:27,131600.0,300,Sell,234936725
2024-08-27 09:46:32,131600.0,100,Sell,234936854
2024-08-27 09:46:37,131600.0,200,Sell,234936940
2024-08-27 09:46:37,131600.0,200,Sell,234936941
2024-08-27 09:46:37,131600.0,100,Sell,234936942
2024-08-27 09:46:56,131600.0,100,Sell,234937394
2024-08-27 09:47:05,131600.0,200,Sell,234937605
2024-08-27 09:47:13,131700.0,500,Buy,234937752
2024-08-27 09:47:14,131700.0,100,Buy,234937762
2024-08-27 09:47:36,131700.0,200,Buy,234938252
2024-08-27 09:47:38,131700.0,600,Buy,234938265
2024-08-27 09:47:38,131700.0,400,Buy,234938266
2024-08-27 09:47:39,131700.0,200,Buy,234938277
2024-08-27 09:47:47,131700.0,2000,Buy,234938429
2024-08-27 09:47:48,131700.0,400,Buy,234938443
2024-08-27 09:47:53,131700.0,300,Buy,234938551
2024-08-27 09:48:04,131700.0,200,Buy,234938817
2024-08-27 09:48:05,131700.0,900,Buy,234938843
2024-08-27 09:48:06,131700.0,100,Buy,234938868
2024-08-27 09:48:07,131700.0,100,Buy,234938873
2024-08-27 09:48:12,131600.0,500,Sell,234939049
2024-08-27 09:48:12,131600.0,100,Sell,234939050
2024-08-27 09:48:12,131600.0,200,Sell,234939051
2024-08-27 09:48:12,131600.0,100,Sell,234939052
2024-08-27 09:48:12,131600.0,900,Sell,234939053
2024-08-27 09:48:12,131600.0,200,Sell,234939054
2024-08-27 09:48:12,131600.0,100,Sell,234939055
2024-08-27 09:48:12,131600.0,900,Sell,234939056
2024-08-27 09:48:13,131600.0,600,Buy,234939071
2024-08-27 09:48:17,131600.0,100,Buy,234939183
2024-08-27 09:48:20,131600.0,200,Buy,234939241
2024-08-27 09:48:32,131600.0,300,Buy,234939465
2024-08-27 09:48:32,131600.0,600,Buy,234939464
2024-08-27 09:48:33,131600.0,100,Buy,234939486
2024-08-27 09:48:34,131600.0,600,Buy,234939501
2024-08-27 09:48:44,131600.0,400,Sell,234939709
2024-08-27 09:48:44,131600.0,100,Sell,234939710
2024-08-27 09:48:44,131600.0,300,Sell,234939711
2024-08-27 09:48:44,131600.0,200,Sell,234939712
2024-08-27 09:48:45,131600.0,100,Sell,234939728
2024-08-27 09:48:45,131600.0,200,Sell,234939729
2024-08-27 09:48:46,131500.0,200,Sell,234939758
2024-08-27 09:48:46,131500.0,100,Sell,234939756
2024-08-27 09:48:46,131500.0,100,Sell,234939757
2024-08-27 09:48:49,131600.0,100,Buy,234939814
2024-08-27 09:48:59,131500.0,1700,Sell,234940033
2024-08-27 09:48:59,131600.0,700,Buy,234940029
2024-08-27 09:48:59,131600.0,200,Buy,234940030
2024-08-27 09:48:59,131500.0,800,Sell,234940032
2024-08-27 09:49:19,131500.0,3500,Sell,234940450
2024-08-27 09:49:19,131600.0,700,Buy,234940457
2024-08-27 09:49:19,131600.0,100,Buy,234940459
2024-08-27 09:49:19,131600.0,200,Buy,234940460
2024-08-27 09:49:20,131600.0,100,Buy,234940476
2024-08-27 09:49:20,131600.0,800,Buy,234940477
2024-08-27 09:49:21,131600.0,100,Buy,234940501
2024-08-27 09:49:21,131500.0,300,Sell,234940499
2024-08-27 09:49:21,131500.0,100,Sell,234940498
2024-08-27 09:49:21,131500.0,1000,Sell,234940497
2024-08-27 09:49:21,131500.0,200,Sell,234940493
2024-08-27 09:49:21,131500.0,100,Sell,234940495
2024-08-27 09:49:21,131500.0,200,Sell,234940494
2024-08-27 09:49:21,131500.0,900,Sell,234940492
2024-08-27 09:49:21,131500.0,2800,Sell,234940491
2024-08-27 09:49:21,131500.0,100,Sell,234940496
2024-08-27 09:49:22,131600.0,200,Buy,234940519
2024-08-27 09:49:22,131600.0,800,Buy,234940520
2024-08-27 09:49:22,131500.0,200,Sell,234940517
2024-08-27 09:49:22,131600.0,100,Buy,234940518
2024-08-27 09:49:23,131600.0,200,Buy,234940533
2024-08-27 09:49:30,131600.0,100,Sell,234940610
2024-08-27 09:49:42,131600.0,100,Sell,234940862
2024-08-27 09:50:04,131600.0,100,Sell,234941216
2024-08-27 09:50:05,131600.0,300,Sell,234941239
2024-08-27 09:50:17,131600.0,100,Sell,234941497
2024-08-27 09:51:07,131700.0,200,Buy,234942545
2024-08-27 09:51:14,131700.0,200,Buy,234942647
2024-08-27 09:51:14,131700.0,700,Buy,234942648
2024-08-27 09:51:15,131700.0,100,Buy,234942667
2024-08-27 09:51:18,131700.0,300,Buy,234942773
2024-08-27 09:51:18,131700.0,900,Buy,234942771
2024-08-27 09:51:18,131700.0,800,Buy,234942772
2024-08-27 09:51:19,131700.0,400,Buy,234942784
2024-08-27 09:51:24,131700.0,100,Buy,234942835
2024-08-27 09:51:41,131700.0,1000,Buy,234943187
2024-08-27 09:51:42,131700.0,200,Buy,234943222
2024-08-27 09:51:50,131700.0,100,Buy,234943390
2024-08-27 09:51:50,131700.0,1500,Buy,234943391
2024-08-27 09:51:51,131700.0,300,Buy,234943401
2024-08-27 09:52:00,131700.0,100,Buy,234943510
2024-08-27 09:52:02,131700.0,100,Buy,234943570
2024-08-27 09:52:08,131700.0,400,Buy,234943656
2024-08-27 09:52:08,131700.0,500,Buy,234943655
2024-08-27 09:52:09,131700.0,100,Buy,234943675
2024-08-27 09:52:13,131700.0,200,Buy,234943784
2024-08-27 09:52:14,131700.0,100,Buy,234943811
2024-08-27 09:52:14,131700.0,400,Buy,234943810
2024-08-27 09:52:14,131700.0,100,Buy,234943807
2024-08-27 09:52:14,131700.0,100,Buy,234943808
2024-08-27 09:52:14,131700.0,500,Buy,234943809
2024-08-27 09:52:15,131700.0,200,Buy,234943819
2024-08-27 09:52:17,131700.0,100,Buy,234943859
2024-08-27 09:52:26,131700.0,500,Buy,234944016
2024-08-27 09:52:26,131700.0,100,Buy,234944020
2024-08-27 09:52:34,131700.0,100,Buy,234944143
2024-08-27 09:53:28,131800.0,100,Buy,234945424
2024-08-27 09:53:28,131700.0,200,Sell,234945396
2024-08-27 09:53:28,131700.0,800,Sell,234945395
2024-08-27 09:53:29,131800.0,100,Buy,234945436
2024-08-27 09:53:29,131800.0,100,Buy,234945437
2024-08-27 09:53:32,131800.0,100,Buy,234945495
2024-08-27 09:53:32,131800.0,100,Buy,234945496
2024-08-27 09:53:32,131800.0,3500,Buy,234945497
2024-08-27 09:53:34,131800.0,700,Buy,234945519
2024-08-27 09:53:34,131700.0,500,Sell,234945525
2024-08-27 09:53:35,131800.0,100,Buy,234945528
2024-08-27 09:53:36,131800.0,100,Buy,234945540
2024-08-27 09:53:44,131800.0,100,Buy,234945716
2024-08-27 09:53:44,131800.0,700,Buy,234945718
2024-08-27 09:53:44,131800.0,600,Buy,234945711
2024-08-27 09:53:44,131800.0,1800,Buy,234945717
2024-08-27 09:53:46,131900.0,10000,Buy,234945746
2024-08-27 09:53:46,131900.0,200,Buy,234945747
2024-08-27 09:54:11,131900.0,100,Sell,234946244
2024-08-27 09:54:12,132000.0,100,Buy,234946258
2024-08-27 09:54:22,132000.0,100,Buy,234946445
2024-08-27 09:54:22,132000.0,800,Buy,234946446
2024-08-27 09:54:23,132000.0,100,Buy,234946469
2024-08-27 09:54:31,132000.0,400,Buy,234946591
2024-08-27 09:54:31,132000.0,100,Buy,234946590
2024-08-27 09:54:32,132000.0,100,Buy,234946598
2024-08-27 09:54:33,132000.0,100,Buy,234946621
2024-08-27 09:54:33,132000.0,500,Buy,234946622
2024-08-27 09:54:33,132000.0,500,Buy,234946623
2024-08-27 09:54:33,132000.0,100,Buy,234946624
2024-08-27 09:54:33,132000.0,200,Buy,234946625
2024-08-27 09:54:33,132000.0,500,Buy,234946627
2024-08-27 09:54:34,132000.0,200,Buy,234946635
2024-08-27 09:54:35,132000.0,100,Buy,234946650
2024-08-27 09:54:41,132000.0,5000,Buy,234946746
2024-08-27 09:54:42,132000.0,400,Buy,234946777
2024-08-27 09:54:42,132000.0,500,Buy,234946776
2024-08-27 09:54:42,132000.0,100,Buy,234946775
2024-08-27 09:54:42,132000.0,100,Buy,234946771
2024-08-27 09:54:43,132000.0,200,Buy,234946805
2024-08-27 09:54:48,132000.0,900,Buy,234946917
2024-08-27 09:54:49,132000.0,100,Buy,234946928
2024-08-27 09:54:49,132000.0,400,Buy,234946951
2024-08-27 09:54:49,132000.0,900,Buy,234946948
2024-08-27 09:54:49,132000.0,100,Buy,234946947
2024-08-27 09:54:49,132000.0,100,Buy,234946946
2024-08-27 09:54:49,132000.0,300,Buy,234946945
2024-08-27 09:54:49,132000.0,5700,Buy,234946944
2024-08-27 09:54:49,132000.0,100,Buy,234946943
2024-08-27 09:54:49,132000.0,1000,Buy,234946942
2024-08-27 09:54:49,132000.0,1100,Buy,234946941
2024-08-27 09:54:49,132000.0,100,Buy,234946940
2024-08-27 09:54:49,132000.0,200,Buy,234946950
2024-08-27 09:54:49,132000.0,500,Buy,234946938
2024-08-27 09:54:49,132000.0,100,Buy,234946939
2024-08-27 09:54:49,132000.0,500,Buy,234946929
2024-08-27 09:54:49,132000.0,1000,Buy,234946930
2024-08-27 09:54:49,132000.0,500,Buy,234946931
2024-08-27 09:54:49,132000.0,100,Buy,234946932
2024-08-27 09:54:49,132000.0,300,Buy,234946949
2024-08-27 09:54:49,132000.0,200,Buy,234946934
2024-08-27 09:54:49,132000.0,700,Buy,234946933
2024-08-27 09:54:49,132000.0,200,Buy,234946935
2024-08-27 09:54:49,132000.0,100,Buy,234946936
2024-08-27 09:54:49,132000.0,100,Buy,234946937
2024-08-27 09:54:51,132000.0,500,Sell,234946976
2024-08-27 09:54:52,132000.0,200,Sell,234946996
2024-08-27 09:54:52,132000.0,800,Sell,234946997
2024-08-27 09:55:00,132000.0,100,Sell,234947099
2024-08-27 09:55:08,132100.0,100,Sell,234947245
2024-08-27 09:55:11,132100.0,200,Sell,234947289
2024-08-27 09:55:17,132100.0,1000,Sell,234947401
2024-08-27 09:55:17,132100.0,700,Sell,234947400
2024-08-27 09:55:17,132100.0,600,Buy,234947402
2024-08-27 09:55:18,132100.0,200,Buy,234947420
2024-08-27 09:55:19,132200.0,200,Buy,234947434
2024-08-27 09:55:19,132200.0,100,Buy,234947435
2024-08-27 09:55:23,132100.0,200,Sell,234947493
2024-08-27 09:55:23,132100.0,100,Sell,234947494
2024-08-27 09:55:27,132100.0,100,Buy,234947615
2024-08-27 09:55:27,132100.0,200,Buy,234947623
2024-08-27 09:55:46,132200.0,100,Buy,234947976
2024-08-27 09:55:51,132200.0,100,Buy,234948085
2024-08-27 09:55:54,132200.0,300,Buy,234948175
2024-08-27 09:55:54,132200.0,500,Buy,234948176
2024-08-27 09:55:56,132200.0,1000,Sell,234948195
2024-08-27 09:55:58,132300.0,100,Buy,234948226
2024-08-27 09:56:02,132300.0,100,Buy,234948293
2024-08-27 09:56:10,132300.0,100,Buy,234948414
2024-08-27 09:56:10,132300.0,300,Buy,234948411
2024-08-27 09:56:10,132300.0,200,Buy,234948412
2024-08-27 09:56:10,132300.0,300,Buy,234948413
2024-08-27 09:56:11,132300.0,100,Buy,234948446
2024-08-27 09:56:12,132300.0,500,Buy,234948469
2024-08-27 09:56:13,132300.0,100,Buy,234948506
2024-08-27 09:56:13,132300.0,100,Buy,234948507
2024-08-27 09:56:16,132300.0,300,Buy,234948635
2024-08-27 09:56:16,132300.0,100,Buy,234948636
2024-08-27 09:56:24,132300.0,100,Sell,234948800
2024-08-27 09:56:31,132300.0,2200,Sell,234948940
2024-08-27 09:56:31,132300.0,100,Sell,234948941
2024-08-27 09:56:31,132300.0,100,Sell,234948942
2024-08-27 09:56:32,132300.0,300,Buy,234948951
2024-08-27 09:56:32,132300.0,100,Buy,234948950
2024-08-27 09:56:35,132300.0,200,Buy,234948994
2024-08-27 09:56:35,132400.0,1800,Buy,234948995
2024-08-27 09:56:36,132300.0,400,Buy,234949009
2024-08-27 09:56:37,132300.0,300,Buy,234949018
2024-08-27 09:56:41,132300.0,200,Sell,234949078
2024-08-27 09:56:58,132400.0,100,Buy,234949403
2024-08-27 09:57:04,132400.0,100,Buy,234949489
2024-08-27 09:57:04,132400.0,900,Buy,234949490
2024-08-27 09:57:05,132400.0,100,Buy,234949523
2024-08-27 09:57:05,132400.0,100,Buy,234949518
2024-08-27 09:57:05,132400.0,100,Buy,234949517
2024-08-27 09:57:21,132400.0,300,Sell,234949772
2024-08-27 09:57:24,132400.0,100,Sell,234949817
2024-08-27 09:57:27,132400.0,100,Sell,234949887
2024-08-27 09:57:31,132400.0,100,Buy,234950054
2024-08-27 09:57:31,132400.0,400,Buy,234950055
2024-08-27 09:57:31,132400.0,100,Buy,234950056
2024-08-27 09:57:31,132400.0,300,Sell,234950079
2024-08-27 09:57:32,132400.0,100,Buy,234950088
2024-08-27 09:57:33,132400.0,100,Buy,234950098
2024-08-27 09:57:38,132400.0,100,Buy,234950180
2024-08-27 09:57:41,132400.0,100,Buy,234950208
2024-08-27 09:57:42,132300.0,200,Sell,234950229
2024-08-27 09:57:42,132300.0,500,Sell,234950230
2024-08-27 09:57:42,132300.0,800,Sell,234950231
2024-08-27 09:57:42,132300.0,400,Sell,234950228
2024-08-27 09:57:45,132400.0,100,Buy,234950253
2024-08-27 09:57:46,132400.0,100,Buy,234950258
2024-08-27 09:57:55,132400.0,100,Buy,234950390
2024-08-27 09:57:55,132400.0,100,Buy,234950401
2024-08-27 09:57:55,132400.0,100,Buy,234950402
2024-08-27 09:57:55,132400.0,1000,Buy,234950403
2024-08-27 09:57:57,132400.0,500,Sell,234950432
2024-08-27 09:57:58,132400.0,100,Sell,234950466
2024-08-27 09:57:58,132400.0,200,Sell,234950465
2024-08-27 09:58:02,132400.0,100,Sell,234950504
2024-08-27 09:58:13,132500.0,800,Buy,234950686
2024-08-27 09:58:13,132500.0,100,Buy,234950685
2024-08-27 09:58:13,132500.0,2000,Buy,234950684
2024-08-27 09:58:13,132500.0,100,Buy,234950683
2024-08-27 09:58:13,132500.0,100,Buy,234950677
2024-08-27 09:58:13,132500.0,100,Buy,234950681
2024-08-27 09:58:13,132500.0,100,Buy,234950680
2024-08-27 09:58:13,132500.0,100,Buy,234950679
2024-08-27 09:58:13,132500.0,100,Buy,234950678
2024-08-27 09:58:13,132500.0,500,Buy,234950682
2024-08-27 09:58:14,132500.0,600,Buy,234950693
2024-08-27 09:58:14,132500.0,200,Buy,234950692
2024-08-27 09:58:15,132500.0,100,Buy,234950708
2024-08-27 09:58:15,132400.0,900,Sell,234950711
2024-08-27 09:58:15,132400.0,100,Sell,234950713
2024-08-27 09:58:15,132400.0,900,Sell,234950714
2024-08-27 09:58:15,132400.0,100,Sell,234950712
2024-08-27 09:58:18,132500.0,100,Buy,234950776
2024-08-27 09:58:19,132400.0,400,Sell,234950783
2024-08-27 09:58:46,132400.0,100,Sell,234951143
2024-08-27 09:59:03,132400.0,500,Sell,234951352
2024-08-27 09:59:04,132400.0,100,Sell,234951377
2024-08-27 09:59:06,132400.0,500,Sell,234951423
2024-08-27 09:59:07,132400.0,200,Sell,234951452
2024-08-27 09:59:07,132400.0,800,Sell,234951451
2024-08-27 09:59:09,132400.0,900,Sell,234951469
2024-08-27 09:59:09,132400.0,100,Sell,234951470
2024-08-27 09:59:09,132400.0,1000,Sell,234951473
2024-08-27 09:59:09,132400.0,900,Sell,234951474
2024-08-27 09:59:09,132400.0,1100,Sell,234951475
2024-08-27 09:59:09,132400.0,100,Sell,234951476
2024-08-27 09:59:09,132400.0,100,Sell,234951477
2024-08-27 09:59:09,132400.0,300,Sell,234951478
2024-08-27 09:59:09,132400.0,300,Buy,234951479
2024-08-27 09:59:09,132400.0,200,Sell,234951468
2024-08-27 09:59:12,132400.0,100,Sell,234951524
2024-08-27 09:59:12,132400.0,100,Sell,234951518
2024-08-27 09:59:13,132400.0,200,Sell,234951528
2024-08-27 09:59:14,132400.0,200,Sell,234951548
2024-08-27 09:59:14,132300.0,100,Sell,234951549
2024-08-27 09:59:14,132300.0,200,Sell,234951550
2024-08-27 09:59:28,132300.0,100,Sell,234951769
2024-08-27 09:59:28,132300.0,300,Sell,234951770
2024-08-27 09:59:28,132300.0,100,Sell,234951771
2024-08-27 09:59:28,132300.0,100,Sell,234951772
2024-08-27 09:59:28,132300.0,700,Sell,234951773
2024-08-27 09:59:40,132300.0,200,Sell,234951935
2024-08-27 09:59:40,132300.0,300,Sell,234951934
2024-08-27 09:59:41,132300.0,100,Buy,234951956
2024-08-27 09:59:43,132200.0,200,Sell,234951975
2024-08-27 09:59:43,132200.0,200,Sell,234951976
2024-08-27 09:59:43,132200.0,500,Sell,234951977
2024-08-27 09:59:43,132200.0,100,Sell,234951974
2024-08-27 09:59:57,132200.0,100,Sell,234952291
2024-08-27 10:00:00,132200.0,200,Sell,234952332
2024-08-27 10:00:04,132200.0,200,Sell,234952413
2024-08-27 10:00:05,132200.0,100,Sell,234952423
2024-08-27 10:00:07,132200.0,100,Sell,234952467
2024-08-27 10:00:07,132200.0,900,Sell,234952466
2024-08-27 10:00:07,132200.0,100,Sell,234952464
2024-08-27 10:00:07,132200.0,1900,Sell,234952463
2024-08-27 10:00:07,132200.0,200,Sell,234952465
2024-08-27 10:00:08,132200.0,600,Buy,234952473
2024-08-27 10:00:09,132200.0,100,Buy,234952495
2024-08-27 10:00:12,132200.0,900,Buy,234952548
2024-08-27 10:00:13,132200.0,100,Buy,234952565
2024-08-27 10:00:24,132200.0,100,Buy,234952772
2024-08-27 10:00:24,132200.0,400,Buy,234952773
2024-08-27 10:00:24,132100.0,100,Sell,234952779
2024-08-27 10:00:24,132100.0,100,Sell,234952780
2024-08-27 10:00:27,132200.0,200,Buy,234952849
2024-08-27 10:00:32,132200.0,400,Sell,234952929
2024-08-27 10:00:32,132200.0,100,Sell,234952918
2024-08-27 10:00:39,132200.0,900,Buy,234952988
2024-08-27 10:00:40,132200.0,100,Buy,234953016
2024-08-27 10:00:50,132200.0,600,Buy,234953170
2024-08-27 10:00:50,132200.0,100,Buy,234953171
2024-08-27 10:00:50,132200.0,100,Buy,234953172
2024-08-27 10:00:50,132200.0,400,Sell,234953181
2024-08-27 10:00:52,132200.0,500,Buy,234953221
2024-08-27 10:00:53,132200.0,100,Buy,234953232
2024-08-27 10:00:53,132200.0,200,Buy,234953233
2024-08-27 10:00:57,132200.0,500,Buy,234953268
2024-08-27 10:00:58,132200.0,100,Buy,234953290
2024-08-27 10:01:01,132200.0,200,Buy,234953331
2024-08-27 10:01:12,132200.0,100,Buy,234953465
2024-08-27 10:01:12,132200.0,1000,Sell,234953464
2024-08-27 10:01:13,132200.0,200,Buy,234953475
2024-08-27 10:01:23,132100.0,800,Sell,234953680
2024-08-27 10:01:23,132100.0,100,Sell,234953681
2024-08-27 10:01:23,132100.0,200,Sell,234953682
2024-08-27 10:01:23,132100.0,100,Sell,234953683
2024-08-27 10:01:24,132100.0,200,Buy,234953700
2024-08-27 10:01:33,132100.0,900,Buy,234953853
2024-08-27 10:01:34,132100.0,100,Buy,234953883
2024-08-27 10:01:35,132100.0,100,Buy,234953896
2024-08-27 10:01:39,132000.0,100,Sell,234953985
2024-08-27 10:01:42,132100.0,100,Buy,234954018
2024-08-27 10:01:43,132100.0,100,Buy,234954033
2024-08-27 10:01:45,132000.0,1500,Sell,234954074
2024-08-27 10:01:45,132000.0,500,Sell,234954073
2024-08-27 10:02:10,132000.0,100,Sell,234954503
2024-08-27 10:02:10,132000.0,200,Sell,234954504
2024-08-27 10:02:10,132000.0,1500,Sell,234954505
2024-08-27 10:02:10,132000.0,1600,Sell,234954506
2024-08-27 10:02:10,132000.0,700,Sell,234954502
2024-08-27 10:02:13,132100.0,800,Buy,234954543
2024-08-27 10:02:13,132100.0,100,Sell,234954549
2024-08-27 10:02:13,132000.0,900,Sell,234954550
2024-08-27 10:02:18,132000.0,300,Sell,234954609
2024-08-27 10:02:26,132000.0,200,Sell,234954734
2024-08-27 10:02:40,132000.0,100,Sell,234954990
2024-08-27 10:02:46,132000.0,600,Sell,234955076
2024-08-27 10:02:46,132000.0,1900,Sell,234955074
2024-08-27 10:02:46,132000.0,500,Sell,234955075
2024-08-27 10:03:01,132000.0,200,Sell,234955319
2024-08-27 10:03:03,132100.0,100,Buy,234955344
2024-08-27 10:03:03,132100.0,100,Buy,234955345
2024-08-27 10:03:03,132100.0,400,Buy,234955346
2024-08-27 10:03:04,132000.0,800,Sell,234955365
2024-08-27 10:03:04,132000.0,1000,Sell,234955370
2024-08-27 10:03:04,132000.0,600,Sell,234955369
2024-08-27 10:03:04,132000.0,500,Sell,234955368
2024-08-27 10:03:04,132000.0,900,Sell,234955367
2024-08-27 10:03:04,132000.0,300,Sell,234955366
2024-08-27 10:03:04,132000.0,900,Sell,234955364
2024-08-27 10:03:04,132000.0,100,Sell,234955361
2024-08-27 10:03:04,132000.0,400,Sell,234955362
2024-08-27 10:03:04,132000.0,2100,Sell,234955363
2024-08-27 10:03:04,132000.0,200,Sell,234955356
2024-08-27 10:03:04,132000.0,500,Sell,234955357
2024-08-27 10:03:04,132000.0,300,Sell,234955360
2024-08-27 10:03:04,132000.0,200,Sell,234955359
2024-08-27 10:03:04,132000.0,200,Sell,234955358
2024-08-27 10:03:05,132000.0,400,Buy,234955376
2024-08-27 10:03:06,132000.0,1500,Buy,234955392
2024-08-27 10:03:07,132000.0,300,Buy,234955404
2024-08-27 10:03:12,132000.0,1100,Buy,234955487
2024-08-27 10:03:13,132000.0,200,Buy,234955500
2024-08-27 10:03:14,131900.0,1000,Sell,234955514
2024-08-27 10:03:20,132000.0,100,Buy,234955606
2024-08-27 10:03:21,132000.0,900,Buy,234955611
2024-08-27 10:03:22,132000.0,100,Buy,234955623
2024-08-27 10:03:23,132000.0,600,Buy,234955636
2024-08-27 10:03:24,132000.0,100,Buy,234955645
2024-08-27 10:03:32,131900.0,500,Sell,234955765
2024-08-27 10:03:38,132000.0,5000,Buy,234955882
2024-08-27 10:03:39,132000.0,500,Buy,234955897
2024-08-27 10:03:44,132000.0,100,Buy,234955944
2024-08-27 10:03:48,132000.0,100,Buy,234955999
2024-08-27 10:03:48,132000.0,300,Buy,234956000
2024-08-27 10:03:48,132000.0,300,Buy,234956001
2024-08-27 10:03:48,132000.0,100,Buy,234956002
2024-08-27 10:03:48,132000.0,100,Buy,234956003
2024-08-27 10:03:55,132000.0,700,Buy,234956135
2024-08-27 10:03:58,132000.0,100,Buy,234956191
2024-08-27 10:04:15,132000.0,900,Buy,234956483
2024-08-27 10:04:38,132000.0,100,Buy,234956871
2024-08-27 10:04:42,132000.0,100,Buy,234956902
2024-08-27 10:04:42,132000.0,500,Buy,234956900
2024-08-27 10:04:42,132000.0,200,Buy,234956899
2024-08-27 10:04:42,132000.0,100,Buy,234956901
2024-08-27 10:05:09,132000.0,100,Buy,234957371
2024-08-27 10:05:09,132000.0,300,Buy,234957372
2024-08-27 10:05:09,132000.0,200,Buy,234957373
2024-08-27 10:05:09,132000.0,100,Buy,234957374
2024-08-27 10:05:09,132000.0,100,Buy,234957375
2024-08-27 10:05:21,132000.0,200,Sell,234957530
2024-08-27 10:05:25,132000.0,100,Buy,234957588
2024-08-27 10:05:25,132100.0,100,Buy,234957589
2024-08-27 10:05:25,132000.0,100,Buy,234957584
2024-08-27 10:05:25,132000.0,700,Buy,234957587
2024-08-27 10:05:36,132100.0,900,Buy,234957779
2024-08-27 10:05:41,132000.0,100,Sell,234957851
2024-08-27 10:05:41,132000.0,500,Buy,234957858
2024-08-27 10:06:02,132000.0,500,Buy,234958293
2024-08-27 10:06:26,132000.0,400,Sell,234958623
2024-08-27 10:06:26,132000.0,100,Sell,234958624
2024-08-27 10:06:54,132100.0,1100,Buy,234959628
2024-08-27 10:06:54,132100.0,100,Buy,234959629
2024-08-27 10:06:54,132100.0,500,Buy,234959630
2024-08-27 10:06:54,132100.0,100,Buy,234959631
2024-08-27 10:08:08,132100.0,100,Sell,234961076
2024-08-27 10:08:08,132100.0,300,Sell,234961077
2024-08-27 10:08:27,132100.0,100,Sell,234961487
2024-08-27 10:08:39,132100.0,600,Sell,234961717
2024-08-27 10:08:39,132100.0,100,Sell,234961718
2024-08-27 10:08:39,132100.0,900,Sell,234961719
2024-08-27 10:08:39,132100.0,900,Sell,234961720
2024-08-27 10:08:39,132100.0,1500,Sell,234961721
2024-08-27 10:08:48,132200.0,100,Buy,234961891
2024-08-27 10:09:05,132200.0,100,Buy,234962263
2024-08-27 10:09:05,132200.0,100,Buy,234962264
2024-08-27 10:09:05,132200.0,900,Buy,234962262
2024-08-27 10:09:05,132200.0,2000,Buy,234962265
2024-08-27 10:09:05,132200.0,1000,Buy,234962260
2024-08-27 10:09:05,132200.0,300,Buy,234962259
2024-08-27 10:09:05,132200.0,100,Buy,234962261
2024-08-27 10:09:05,132200.0,3200,Buy,234962258
2024-08-27 10:09:06,132200.0,500,Sell,234962279
2024-08-27 10:09:54,132300.0,200,Buy,234963437
2024-08-27 10:10:05,132300.0,800,Buy,234963735
2024-08-27 10:10:05,132300.0,100,Buy,234963736
2024-08-27 10:10:08,132300.0,100,Buy,234963839
2024-08-27 10:10:08,132300.0,200,Buy,234963840
2024-08-27 10:10:08,132300.0,100,Buy,234963841
2024-08-27 10:10:08,132300.0,100,Buy,234963842
2024-08-27 10:10:08,132300.0,100,Buy,234963843
2024-08-27 10:10:08,132300.0,200,Buy,234963844
2024-08-27 10:10:22,132300.0,700,Sell,234964104
2024-08-27 10:10:31,132200.0,900,Sell,234964288
2024-08-27 10:10:31,132200.0,900,Sell,234964286
2024-08-27 10:10:31,132200.0,800,Sell,234964285
2024-08-27 10:10:31,132200.0,400,Sell,234964287
2024-08-27 10:10:32,132300.0,300,Buy,234964292
2024-08-27 10:10:37,132400.0,100,Buy,234964389
2024-08-27 10:10:37,132400.0,200,Buy,234964390
2024-08-27 10:10:45,132300.0,200,Sell,234964583
2024-08-27 10:10:57,132400.0,100,Buy,234965008
2024-08-27 10:10:58,132400.0,100,Buy,234965011
2024-08-27 10:10:59,132400.0,200,Buy,234965039
2024-08-27 10:10:59,132400.0,600,Buy,234965037
2024-08-27 10:10:59,132400.0,100,Buy,234965038
2024-08-27 10:11:02,132400.0,300,Buy,234965237
2024-08-27 10:11:02,132400.0,100,Buy,234965238
2024-08-27 10:11:02,132400.0,100,Buy,234965239
2024-08-27 10:11:02,132400.0,500,Buy,234965240
2024-08-27 10:11:10,132400.0,100,Buy,234965376
2024-08-27 10:11:10,132400.0,1700,Buy,234965377
2024-08-27 10:11:10,132400.0,200,Buy,234965378
2024-08-27 10:11:22,132500.0,1000,Buy,234965695
2024-08-27 10:11:22,132500.0,100,Buy,234965696
2024-08-27 10:11:22,132500.0,100,Buy,234965697
2024-08-27 10:11:22,132500.0,200,Buy,234965699
2024-08-27 10:11:22,132500.0,200,Buy,234965703
2024-08-27 10:11:22,132500.0,500,Buy,234965701
2024-08-27 10:11:22,132500.0,200,Buy,234965702
2024-08-27 10:11:22,132500.0,1400,Buy,234965704
2024-08-27 10:11:22,132500.0,100,Buy,234965694
2024-08-27 10:11:22,132500.0,300,Buy,234965693
2024-08-27 10:11:22,132500.0,500,Buy,234965700
2024-08-27 10:11:22,132500.0,200,Buy,234965691
2024-08-27 10:11:22,132500.0,100,Buy,234965692
2024-08-27 10:11:22,132500.0,200,Buy,234965681
2024-08-27 10:11:22,132500.0,500,Buy,234965682
2024-08-27 10:11:22,132500.0,500,Buy,234965683
2024-08-27 10:11:22,132500.0,4000,Buy,234965684
2024-08-27 10:11:22,132500.0,100,Buy,234965685
2024-08-27 10:11:22,132500.0,100,Buy,234965698
2024-08-27 10:11:22,132500.0,100,Buy,234965686
2024-08-27 10:11:22,132500.0,500,Buy,234965687
2024-08-27 10:11:22,132500.0,500,Buy,234965688
2024-08-27 10:11:22,132500.0,500,Buy,234965689
2024-08-27 10:11:22,132500.0,100,Buy,234965690
2024-08-27 10:11:23,132500.0,100,Buy,234965762
2024-08-27 10:11:23,132500.0,500,Buy,234965761
2024-08-27 10:11:23,132500.0,100,Buy,234965759
2024-08-27 10:11:23,132500.0,100,Buy,234965758
2024-08-27 10:11:23,132500.0,1000,Buy,234965757
2024-08-27 10:11:23,132500.0,1000,Buy,234965756
2024-08-27 10:11:23,132500.0,100,Buy,234965755
2024-08-27 10:11:23,132500.0,100,Buy,234965754
2024-08-27 10:11:23,132500.0,300,Buy,234965760
2024-08-27 10:11:23,132500.0,1000,Buy,234965751
2024-08-27 10:11:23,132500.0,300,Buy,234965750
2024-08-27 10:11:23,132500.0,500,Buy,234965749
2024-08-27 10:11:23,132500.0,10000,Buy,234965748
2024-08-27 10:11:23,132500.0,1000,Buy,234965747
2024-08-27 10:11:23,132500.0,100,Buy,234965746
2024-08-27 10:11:23,132500.0,100,Buy,234965745
2024-08-27 10:11:23,132500.0,2600,Buy,234965744
2024-08-27 10:11:23,132500.0,600,Buy,234965753
2024-08-27 10:11:23,132500.0,500,Buy,234965752
2024-08-27 10:11:26,132500.0,100,Buy,234965824
2024-08-27 10:11:26,132500.0,100,Buy,234965823
2024-08-27 10:11:26,132500.0,100,Buy,234965822
2024-08-27 10:11:29,132600.0,100,Buy,234965934
2024-08-27 10:11:31,132600.0,900,Buy,234965974
2024-08-27 10:11:31,132600.0,4100,Buy,234965975
2024-08-27 10:11:31,132500.0,300,Sell,234965981
2024-08-27 10:11:40,132600.0,900,Buy,234966262
2024-08-27 10:11:40,132600.0,100,Buy,234966263
2024-08-27 10:11:46,132500.0,300,Sell,234966448
2024-08-27 10:11:46,132500.0,700,Sell,234966449
2024-08-27 10:12:00,132500.0,100,Sell,234966973
2024-08-27 10:12:04,132500.0,900,Sell,234967117
2024-08-27 10:12:04,132500.0,200,Sell,234967115
2024-08-27 10:12:04,132500.0,900,Sell,234967116
2024-08-27 10:12:08,132600.0,100,Buy,234967264
2024-08-27 10:12:12,132500.0,300,Sell,234967317
2024-08-27 10:12:23,132500.0,300,Sell,234967590
2024-08-27 10:12:24,132600.0,100,Buy,234967612
2024-08-27 10:12:24,132600.0,100,Buy,234967613
2024-08-27 10:12:24,132600.0,100,Buy,234967614
2024-08-27 10:12:24,132600.0,700,Buy,234967615
2024-08-27 10:12:29,132600.0,200,Buy,234967835
2024-08-27 10:12:32,132500.0,2700,Sell,234967904
2024-08-27 10:12:32,132500.0,300,Sell,234967905
2024-08-27 10:12:56,132500.0,200,Sell,234968451
2024-08-27 10:13:00,132500.0,1000,Sell,234968586
2024-08-27 10:13:00,132500.0,400,Sell,234968585
2024-08-27 10:13:00,132500.0,100,Sell,234968587
2024-08-27 10:13:06,132500.0,1000,Buy,234968833
2024-08-27 10:13:09,132500.0,1000,Sell,234968907
2024-08-27 10:13:09,132400.0,2000,Sell,234968908
2024-08-27 10:13:27,132400.0,100,Sell,234969591
2024-08-27 10:13:50,132400.0,2500,Sell,234970397
2024-08-27 10:13:52,132400.0,400,Sell,234970437
2024-08-27 10:13:52,132400.0,100,Sell,234970438
2024-08-27 10:14:11,132400.0,500,Sell,234971106
2024-08-27 10:14:17,132400.0,400,Sell,234971240
2024-08-27 10:14:17,132400.0,900,Sell,234971241
2024-08-27 10:14:17,132400.0,700,Sell,234971242
2024-08-27 10:14:23,132400.0,200,Sell,234971487
2024-08-27 10:14:23,132400.0,200,Sell,234971488
2024-08-27 10:14:25,132400.0,100,Buy,234971533
2024-08-27 10:14:28,132400.0,200,Sell,234971663
2024-08-27 10:14:38,132400.0,300,Sell,234971992
2024-08-27 10:14:48,132400.0,1000,Sell,234972347
2024-08-27 10:15:08,132400.0,100,Sell,234972859
2024-08-27 10:15:36,132400.0,100,Sell,234974133
2024-08-27 10:15:44,132400.0,100,Sell,234974455
2024-08-27 10:15:44,132500.0,800,Buy,234974465
2024-08-27 10:15:44,132500.0,200,Buy,234974466
2024-08-27 10:15:55,132500.0,900,Buy,234974996
2024-08-27 10:15:59,132500.0,200,Buy,234975204
2024-08-27 10:16:15,132500.0,1000,Buy,234975694
2024-08-27 10:16:15,132500.0,1700,Buy,234975698
2024-08-27 10:16:15,132500.0,100,Buy,234975697
2024-08-27 10:16:15,132500.0,300,Buy,234975696
2024-08-27 10:16:15,132500.0,100,Buy,234975695
2024-08-27 10:16:15,132500.0,100,Buy,234975693
2024-08-27 10:16:15,132500.0,700,Buy,234975686
2024-08-27 10:16:15,132500.0,1700,Buy,234975691
2024-08-27 10:16:15,132500.0,1000,Buy,234975690
2024-08-27 10:16:15,132500.0,500,Buy,234975689
2024-08-27 10:16:15,132500.0,200,Buy,234975688
2024-08-27 10:16:15,132500.0,1700,Buy,234975687
2024-08-27 10:16:15,132500.0,100,Buy,234975692
2024-08-27 10:16:18,132400.0,1000,Sell,234975738
2024-08-27 10:16:35,132400.0,100,Sell,234976165
2024-08-27 10:17:23,132400.0,1500,Sell,234977487
2024-08-27 10:17:27,132500.0,900,Buy,234977654
2024-08-27 10:17:27,132500.0,1700,Buy,234977653
2024-08-27 10:17:27,132500.0,100,Buy,234977652
2024-08-27 10:17:27,132500.0,2000,Buy,234977648
2024-08-27 10:17:27,132500.0,100,Buy,234977650
2024-08-27 10:17:27,132500.0,100,Buy,234977649
2024-08-27 10:17:27,132500.0,100,Buy,234977651
2024-08-27 10:17:42,132500.0,1700,Buy,234978149
2024-08-27 10:17:42,132500.0,100,Buy,234978148
2024-08-27 10:17:42,132500.0,2000,Buy,234978146
2024-08-27 10:17:42,132500.0,800,Buy,234978145
2024-08-27 10:17:42,132500.0,2000,Buy,234978147
2024-08-27 10:17:45,132500.0,300,Sell,234978237
2024-08-27 10:17:53,132500.0,200,Sell,234978541
2024-08-27 10:17:58,132500.0,200,Sell,234978799
2024-08-27 10:18:17,132500.0,100,Sell,234979456
2024-08-27 10:18:32,132500.0,100,Sell,234979980
2024-08-27 10:18:40,132500.0,1500,Sell,234980181
2024-08-27 10:18:42,132500.0,200,Sell,234980247
2024-08-27 10:18:54,132500.0,600,Sell,234980559
2024-08-27 10:18:54,132500.0,400,Sell,234980560
2024-08-27 10:18:58,132500.0,100,Sell,234980624
2024-08-27 10:19:04,132500.0,200,Sell,234980794
2024-08-27 10:19:34,132500.0,100,Sell,234981667
2024-08-27 10:19:40,132500.0,100,Sell,234981800
2024-08-27 10:19:40,132500.0,100,Sell,234981799
2024-08-27 10:19:44,132500.0,100,Sell,234982011
2024-08-27 10:19:46,132500.0,100,Sell,234982047
2024-08-27 10:19:56,132500.0,600,Sell,234982387
2024-08-27 10:19:56,132500.0,200,Sell,234982388
2024-08-27 10:19:56,132500.0,100,Sell,234982389
2024-08-27 10:20:09,132500.0,300,Sell,234982824
2024-08-27 10:20:13,132500.0,900,Sell,234982950
2024-08-27 10:20:13,132500.0,900,Sell,234982949
2024-08-27 10:20:13,132500.0,500,Sell,234982948
2024-08-27 10:20:13,132500.0,3000,Sell,234982946
2024-08-27 10:20:13,132500.0,4300,Sell,234982945
2024-08-27 10:20:13,132500.0,600,Sell,234982944
2024-08-27 10:20:13,132500.0,900,Sell,234982947
2024-08-27 10:20:24,132500.0,1000,Buy,234983305
2024-08-27 10:20:25,132400.0,200,Sell,234983390
2024-08-27 10:20:49,132400.0,300,Sell,234984005
2024-08-27 10:20:49,132400.0,100,Sell,234984008
2024-08-27 10:21:06,132400.0,200,Sell,234984379
2024-08-27 10:21:21,132400.0,100,Sell,234984820
2024-08-27 10:21:21,132400.0,900,Sell,234984819
2024-08-27 10:21:21,132400.0,500,Sell,234984818
2024-08-27 10:21:21,132400.0,1000,Sell,234984817
2024-08-27 10:21:21,132400.0,900,Sell,234984815
2024-08-27 10:21:21,132400.0,700,Sell,234984814
2024-08-27 10:21:21,132400.0,900,Sell,234984816
2024-08-27 10:21:27,132400.0,500,Sell,234984971
2024-08-27 10:21:32,132400.0,300,Sell,234985143
2024-08-27 10:21:32,132400.0,100,Sell,234985144
2024-08-27 10:21:32,132400.0,600,Sell,234985145
2024-08-27 10:21:36,132400.0,500,Sell,234985255
2024-08-27 10:22:08,132400.0,100,Sell,234986154
2024-08-27 10:22:09,132400.0,800,Sell,234986175
2024-08-27 10:22:09,132400.0,200,Sell,234986176
2024-08-27 10:22:10,132400.0,400,Sell,234986194
2024-08-27 10:22:18,132400.0,100,Sell,234986376
2024-08-27 10:22:20,132400.0,100,Sell,234986413
2024-08-27 10:22:23,132400.0,100,Sell,234986465
2024-08-27 10:22:23,132400.0,900,Sell,234986466
2024-08-27 10:22:23,132400.0,900,Sell,234986467
2024-08-27 10:22:23,132400.0,1000,Sell,234986468
2024-08-27 10:22:25,132400.0,500,Buy,234986503
2024-08-27 10:22:39,132400.0,900,Buy,234986834
2024-08-27 10:23:06,132400.0,900,Buy,234987501
2024-08-27 10:23:15,132300.0,500,Sell,234987727
2024-08-27 10:23:15,132300.0,1200,Sell,234987728
2024-08-27 10:23:16,132300.0,1700,Sell,234987762
2024-08-27 10:23:16,132300.0,1700,Sell,234987745
2024-08-27 10:23:22,132300.0,100,Sell,234987890
2024-08-27 10:23:22,132300.0,100,Sell,234987891
2024-08-27 10:23:22,132300.0,400,Sell,234987889
2024-08-27 10:23:33,132300.0,400,Buy,234988142
2024-08-27 10:23:33,132300.0,500,Buy,234988143
2024-08-27 10:23:43,132200.0,100,Sell,234988399
2024-08-27 10:23:43,132100.0,400,Sell,234988400
2024-08-27 10:23:48,132100.0,500,Sell,234988517
2024-08-27 10:23:48,132100.0,300,Sell,234988518
2024-08-27 10:23:48,132100.0,200,Sell,234988519
2024-08-27 10:23:54,132100.0,300,Sell,234988737
2024-08-27 10:23:55,132300.0,1000,Buy,234988758
2024-08-27 10:23:56,132100.0,500,Sell,234988770
2024-08-27 10:24:18,132100.0,500,Sell,234989170
2024-08-27 10:24:21,132300.0,800,Buy,234989267
2024-08-27 10:24:21,132300.0,200,Buy,234989266
2024-08-27 10:24:27,132200.0,200,Buy,234989363
2024-08-27 10:24:27,132300.0,800,Buy,234989364
2024-08-27 10:24:50,132100.0,100,Sell,234989890
2024-08-27 10:25:08,132100.0,100,Sell,234990222
2024-08-27 10:25:08,132100.0,900,Sell,234990223
2024-08-27 10:25:08,132100.0,4100,Sell,234990224
2024-08-27 10:25:25,132100.0,900,Sell,234990604
2024-08-27 10:25:25,132100.0,100,Sell,234990602
2024-08-27 10:25:25,132100.0,200,Sell,234990603
2024-08-27 10:25:25,132100.0,300,Sell,234990600
2024-08-27 10:25:25,132100.0,900,Sell,234990599
2024-08-27 10:25:25,132100.0,900,Sell,234990598
2024-08-27 10:25:25,132100.0,900,Sell,234990601
2024-08-27 10:25:30,132100.0,500,Buy,234990708
2024-08-27 10:25:36,132000.0,500,Sell,234990793
2024-08-27 10:25:40,132100.0,400,Buy,234990890
2024-08-27 10:25:40,132100.0,100,Buy,234990891
2024-08-27 10:25:40,132100.0,1700,Buy,234990892
2024-08-27 10:25:40,132100.0,2800,Buy,234990893
2024-08-27 10:25:41,132000.0,400,Sell,234990922
2024-08-27 10:25:41,132000.0,1000,Sell,234990925
2024-08-27 10:25:41,132000.0,100,Sell,234990924
2024-08-27 10:25:41,132000.0,100,Sell,234990923
2024-08-27 10:25:41,132000.0,100,Sell,234990921
2024-08-27 10:25:41,132000.0,400,Sell,234990915
2024-08-27 10:25:41,132000.0,300,Sell,234990919
2024-08-27 10:25:41,132000.0,200,Sell,234990918
2024-08-27 10:25:41,132000.0,100,Sell,234990917
2024-08-27 10:25:41,132000.0,900,Sell,234990916
2024-08-27 10:25:41,132000.0,100,Sell,234990920
2024-08-27 10:25:46,131900.0,200,Sell,234991085
2024-08-27 10:25:47,132000.0,1400,Buy,234991096
2024-08-27 10:25:47,132000.0,300,Sell,234991108
2024-08-27 10:25:49,132000.0,200,Sell,234991161
2024-08-27 10:25:49,132000.0,1000,Sell,234991169
2024-08-27 10:25:56,132100.0,200,Buy,234991305
2024-08-27 10:26:03,132100.0,600,Buy,234991434
2024-08-27 10:26:13,132000.0,100,Sell,234991631
2024-08-27 10:26:14,132100.0,1000,Buy,234991651
2024-08-27 10:26:19,132100.0,200,Buy,234991734
2024-08-27 10:26:19,132100.0,800,Buy,234991735
2024-08-27 10:26:41,132100.0,700,Buy,234992076
2024-08-27 10:26:41,132100.0,200,Buy,234992077
2024-08-27 10:27:05,132100.0,400,Buy,234992596
2024-08-27 10:27:05,132100.0,300,Buy,234992594
2024-08-27 10:27:05,132100.0,1000,Buy,234992595
2024-08-27 10:27:05,132100.0,200,Buy,234992592
2024-08-27 10:27:05,132100.0,500,Buy,234992591
2024-08-27 10:27:05,132100.0,600,Buy,234992593
2024-08-27 10:27:08,132100.0,300,Buy,234992661
2024-08-27 10:27:37,132100.0,600,Sell,234993239
2024-08-27 10:27:37,132100.0,400,Sell,234993240
2024-08-27 10:27:40,132100.0,500,Sell,234993288
2024-08-27 10:27:43,132100.0,100,Buy,234993346
2024-08-27 10:28:02,132100.0,400,Buy,234993835
2024-08-27 10:28:02,132100.0,600,Buy,234993836
2024-08-27 10:28:19,132000.0,400,Sell,234994107
2024-08-27 10:28:23,132100.0,100,Buy,234994149
2024-08-27 10:28:28,132100.0,400,Buy,234994232
2024-08-27 10:29:32,132100.0,1000,Sell,234995483
2024-08-27 10:29:36,132100.0,1000,Sell,234995581
2024-08-27 10:29:52,132100.0,2500,Sell,234995878
2024-08-27 10:29:57,132100.0,100,Sell,234995955
2024-08-27 10:30:03,132100.0,900,Sell,234996164
2024-08-27 10:30:03,132100.0,100,Sell,234996165
2024-08-27 10:30:11,132100.0,800,Sell,234996336
2024-08-27 10:30:11,132100.0,900,Sell,234996337
2024-08-27 10:30:11,132100.0,300,Sell,234996338
2024-08-27 10:30:20,132100.0,100,Sell,234996573
2024-08-27 10:30:38,132100.0,300,Sell,234996962
2024-08-27 10:30:38,132100.0,600,Sell,234996961
2024-08-27 10:30:38,132100.0,100,Sell,234996963
2024-08-27 10:30:42,132100.0,300,Sell,234997102
2024-08-27 10:30:46,132100.0,500,Sell,234997170
2024-08-27 10:30:51,132100.0,300,Sell,234997259
2024-08-27 10:31:15,132100.0,900,Sell,234997625
2024-08-27 10:31:15,132100.0,600,Sell,234997624
2024-08-27 10:31:15,132000.0,3000,Sell,234997626
2024-08-27 10:31:23,132000.0,2000,Sell,234997777
2024-08-27 10:31:31,132000.0,500,Sell,234997928
2024-08-27 10:31:38,132000.0,1100,Sell,234998019
2024-08-27 10:31:38,132000.0,900,Sell,234998020
2024-08-27 10:31:39,132000.0,100,Sell,234998043
2024-08-27 10:31:43,132000.0,900,Sell,234998130
2024-08-27 10:31:43,132000.0,1000,Sell,234998131
2024-08-27 10:31:43,132000.0,500,Sell,234998132
2024-08-27 10:31:43,132000.0,100,Sell,234998133
2024-08-27 10:31:43,132000.0,500,Sell,234998134
2024-08-27 10:31:45,132000.0,300,Sell,234998209
2024-08-27 10:31:57,132000.0,100,Sell,234998366
2024-08-27 10:32:06,132000.0,100,Sell,234998499
2024-08-27 10:32:06,132000.0,100,Sell,234998498
2024-08-27 10:32:09,132000.0,600,Sell,234998579
2024-08-27 10:32:09,132000.0,1000,Sell,234998580
2024-08-27 10:32:17,132000.0,200,Buy,234998784
2024-08-27 10:32:32,132000.0,200,Buy,234999030
2024-08-27 10:32:32,132000.0,200,Buy,234999031
2024-08-27 10:32:32,132000.0,200,Buy,234999032
2024-08-27 10:32:32,132000.0,100,Buy,234999033
2024-08-27 10:32:41,132000.0,200,Sell,234999416
2024-08-27 10:32:58,132000.0,900,Buy,234999780
2024-08-27 10:33:01,132000.0,1200,Buy,234999935
2024-08-27 10:33:24,132000.0,900,Buy,235000284
2024-08-27 10:33:40,132000.0,3900,Buy,235000518
2024-08-27 10:33:40,132000.0,2100,Buy,235000517
2024-08-27 10:33:45,132000.0,300,Buy,235000600
2024-08-27 10:33:52,132000.0,800,Buy,235000684
2024-08-27 10:33:52,132000.0,200,Buy,235000685
2024-08-27 10:34:10,132000.0,100,Buy,235000882
2024-08-27 10:34:19,132000.0,900,Buy,235000993
2024-08-27 10:34:46,132000.0,900,Buy,235001552
2024-08-27 10:34:47,132000.0,1900,Buy,235001598
2024-08-27 10:34:47,132000.0,1100,Buy,235001597
2024-08-27 10:35:13,132000.0,800,Buy,235002128
2024-08-27 10:35:13,132000.0,100,Buy,235002127
2024-08-27 10:35:40,132000.0,400,Buy,235002727
2024-08-27 10:35:40,132000.0,100,Buy,235002728
2024-08-27 10:35:40,132000.0,500,Buy,235002729
2024-08-27 10:36:07,132000.0,900,Buy,235003408
2024-08-27 10:36:34,132000.0,900,Buy,235003686
2024-08-27 10:37:01,132000.0,200,Buy,235004080
2024-08-27 10:37:01,132000.0,700,Buy,235004081
2024-08-27 10:37:23,131900.0,700,Sell,235004446
2024-08-27 10:37:23,131900.0,700,Sell,235004444
2024-08-27 10:37:23,131900.0,100,Sell,235004445
2024-08-27 10:37:28,131900.0,100,Sell,235004522
2024-08-27 10:37:28,131900.0,900,Sell,235004525
2024-08-27 10:37:28,131900.0,1300,Sell,235004521
2024-08-27 10:37:28,131900.0,100,Sell,235004523
2024-08-27 10:37:28,131900.0,1000,Sell,235004524
2024-08-27 10:37:55,131900.0,1000,Buy,235004984
2024-08-27 10:38:21,131900.0,600,Buy,235005361
2024-08-27 10:38:21,131900.0,300,Buy,235005362
2024-08-27 10:38:49,131900.0,900,Buy,235005840
2024-08-27 10:39:14,131800.0,100,Sell,235006212
2024-08-27 10:39:14,131800.0,100,Sell,235006213
2024-08-27 10:39:18,131800.0,400,Sell,235006281
2024-08-27 10:39:18,131800.0,500,Sell,235006280
2024-08-27 10:39:18,131800.0,300,Sell,235006279
2024-08-27 10:39:18,131800.0,1000,Sell,235006278
2024-08-27 10:39:18,131800.0,500,Sell,235006275
2024-08-27 10:39:18,131800.0,200,Sell,235006276
2024-08-27 10:39:18,131800.0,1900,Sell,235006273
2024-08-27 10:39:18,131800.0,100,Sell,235006277
2024-08-27 10:39:18,131800.0,100,Sell,235006274
2024-08-27 10:39:54,131800.0,100,Sell,235006918
2024-08-27 10:40:01,131800.0,300,Sell,235007078
2024-08-27 10:40:05,131800.0,1000,Sell,235007113
2024-08-27 10:40:05,131800.0,100,Sell,235007111
2024-08-27 10:40:05,131800.0,100,Sell,235007110
2024-08-27 10:40:05,131800.0,300,Sell,235007112
2024-08-27 10:40:09,131800.0,900,Buy,235007173
2024-08-27 10:40:10,131800.0,2600,Buy,235007199
2024-08-27 10:40:27,131800.0,100,Sell,235007479
2024-08-27 10:41:38,131900.0,100,Buy,235008907
2024-08-27 10:41:38,131900.0,600,Buy,235008908
2024-08-27 10:41:38,131900.0,700,Buy,235008909
2024-08-27 10:41:38,131900.0,100,Buy,235008910
2024-08-27 10:41:39,131800.0,4600,Sell,235008925
2024-08-27 10:41:39,131800.0,1000,Sell,235008924
2024-08-27 10:41:39,131800.0,100,Sell,235008922
2024-08-27 10:41:39,131800.0,900,Sell,235008921
2024-08-27 10:41:39,131800.0,2300,Sell,235008920
2024-08-27 10:41:39,131800.0,100,Sell,235008923
2024-08-27 10:42:17,131800.0,400,Sell,235009661
2024-08-27 10:42:17,131800.0,300,Sell,235009662
2024-08-27 10:42:34,131800.0,600,Sell,235009907
2024-08-27 10:42:34,131800.0,1000,Sell,235009908
2024-08-27 10:42:34,131800.0,100,Sell,235009909
2024-08-27 10:42:34,131800.0,300,Sell,235009910
2024-08-27 10:42:43,131800.0,100,Sell,235010162
2024-08-27 10:42:57,131800.0,200,Sell,235010510
2024-08-27 10:42:57,131800.0,100,Sell,235010509
2024-08-27 10:43:19,131800.0,200,Sell,235010891
2024-08-27 10:43:42,131800.0,900,Sell,235011565
2024-08-27 10:43:42,131800.0,200,Sell,235011569
2024-08-27 10:43:42,131800.0,100,Sell,235011568
2024-08-27 10:43:42,131800.0,500,Sell,235011564
2024-08-27 10:43:42,131800.0,400,Sell,235011566
2024-08-27 10:43:42,131800.0,900,Sell,235011567
2024-08-27 10:43:44,131800.0,800,Sell,235011618
2024-08-27 10:43:45,131800.0,900,Buy,235011626
2024-08-27 10:44:10,131600.0,100,Sell,235012343
2024-08-27 10:44:10,131600.0,2000,Sell,235012344
2024-08-27 10:44:10,131500.0,20000,Sell,235012345
2024-08-27 10:44:10,131500.0,200,Sell,235012346
2024-08-27 10:44:10,131500.0,100,Sell,235012347
2024-08-27 10:44:10,131500.0,100,Sell,235012348
2024-08-27 10:44:10,131500.0,2000,Sell,235012350
2024-08-27 10:44:10,131500.0,100,Sell,235012351
2024-08-27 10:44:10,131500.0,200,Sell,235012352
2024-08-27 10:44:10,131500.0,3000,Sell,235012353
2024-08-27 10:44:10,131500.0,3800,Sell,235012354
2024-08-27 10:44:10,131500.0,13300,Sell,235012355
2024-08-27 10:44:10,131500.0,18400,Sell,235012349
2024-08-27 10:44:10,131600.0,1000,Sell,235012341
2024-08-27 10:44:10,131600.0,100,Sell,235012342
2024-08-27 10:44:10,131600.0,1400,Sell,235012339
2024-08-27 10:44:10,131700.0,200,Sell,235012325
2024-08-27 10:44:10,131700.0,1000,Sell,235012326
2024-08-27 10:44:10,131700.0,100,Sell,235012327
2024-08-27 10:44:10,131700.0,300,Sell,235012329
2024-08-27 10:44:10,131700.0,1300,Sell,235012330
2024-08-27 10:44:10,131700.0,500,Sell,235012331
2024-08-27 10:44:10,131700.0,1000,Sell,235012328
2024-08-27 10:44:10,131700.0,1000,Sell,235012333
2024-08-27 10:44:10,131700.0,100,Sell,235012334
2024-08-27 10:44:10,131600.0,300,Sell,235012335
2024-08-27 10:44:10,131600.0,900,Sell,235012336
2024-08-27 10:44:10,131600.0,900,Sell,235012337
2024-08-27 10:44:10,131600.0,900,Sell,235012338
2024-08-27 10:44:10,131700.0,500,Sell,235012332
2024-08-27 10:44:10,131600.0,200,Sell,235012340
2024-08-27 10:44:16,131500.0,200,Sell,235012473
2024-08-27 10:44:27,131500.0,1700,Sell,235012693
2024-08-27 10:44:27,131500.0,100,Sell,235012694
2024-08-27 10:44:27,131500.0,100,Sell,235012695
2024-08-27 10:44:27,131500.0,900,Sell,235012696
2024-08-27 10:44:39,131500.0,900,Buy,235013276
2024-08-27 10:44:42,131400.0,400,Sell,235013332
2024-08-27 10:45:02,131400.0,300,Sell,235013972
2024-08-27 10:45:02,131400.0,500,Sell,235013970
2024-08-27 10:45:02,131400.0,200,Sell,235013971
2024-08-27 10:45:13,131400.0,100,Sell,235014445
2024-08-27 10:45:14,131400.0,100,Sell,235014464
2024-08-27 10:45:31,131400.0,500,Sell,235014908
2024-08-27 10:45:39,131400.0,100,Sell,235015148
2024-08-27 10:45:39,131400.0,100,Sell,235015149
2024-08-27 10:46:44,131400.0,400,Sell,235017278
2024-08-27 10:46:44,131400.0,1000,Sell,235017276
2024-08-27 10:46:44,131400.0,100,Sell,235017275
2024-08-27 10:46:44,131400.0,100,Sell,235017277
2024-08-27 10:46:44,131400.0,900,Sell,235017273
2024-08-27 10:46:44,131400.0,100,Sell,235017272
2024-08-27 10:46:44,131400.0,200,Sell,235017271
2024-08-27 10:46:44,131400.0,100,Sell,235017274
2024-08-27 10:46:53,131400.0,900,Sell,235017599
2024-08-27 10:46:53,131400.0,500,Sell,235017600
2024-08-27 10:46:53,131400.0,100,Sell,235017601
2024-08-27 10:46:53,131400.0,900,Sell,235017602
2024-08-27 10:46:53,131400.0,100,Sell,235017603
2024-08-27 10:46:53,131400.0,4500,Sell,235017604
2024-08-27 10:47:02,131400.0,600,Sell,235017959
2024-08-27 10:47:02,131400.0,100,Sell,235017960
2024-08-27 10:47:02,131400.0,300,Sell,235017961
2024-08-27 10:47:13,131400.0,100,Sell,235018267
2024-08-27 10:47:18,131400.0,200,Sell,235018654
2024-08-27 10:47:18,131400.0,500,Sell,235018652
2024-08-27 10:47:18,131400.0,5100,Sell,235018653
2024-08-27 10:47:20,131400.0,1000,Buy,235018698
2024-08-27 10:47:22,131400.0,1200,Buy,235018780
2024-08-27 10:47:22,131400.0,1000,Buy,235018781
2024-08-27 10:47:27,131400.0,500,Sell,235018977
2024-08-27 10:47:32,131400.0,2000,Sell,235019227
2024-08-27 10:47:49,131400.0,400,Sell,235019765
2024-08-27 10:47:49,131400.0,100,Sell,235019766
2024-08-27 10:47:49,131400.0,100,Sell,235019767
2024-08-27 10:47:49,131400.0,100,Sell,235019768
2024-08-27 10:47:49,131400.0,100,Sell,235019769
2024-08-27 10:48:01,131400.0,200,Sell,235020094
2024-08-27 10:48:01,131400.0,800,Sell,235020093
2024-08-27 10:48:34,131400.0,1000,Sell,235021340
2024-08-27 10:48:37,131500.0,700,Buy,235021416
2024-08-27 10:48:40,131400.0,400,Sell,235021532
2024-08-27 10:48:40,131500.0,600,Buy,235021570
2024-08-27 10:48:40,131500.0,100,Buy,235021571
2024-08-27 10:48:40,131500.0,200,Buy,235021572
2024-08-27 10:49:07,131500.0,100,Buy,235022497
2024-08-27 10:49:08,131500.0,1000,Buy,235022502
2024-08-27 10:49:15,131500.0,100,Buy,235022697
2024-08-27 10:49:27,131500.0,100,Buy,235023204
2024-08-27 10:49:29,131500.0,200,Buy,235023282
2024-08-27 10:49:29,131500.0,300,Buy,235023281
2024-08-27 10:49:29,131500.0,200,Buy,235023274
2024-08-27 10:49:35,131500.0,1900,Buy,235023406
2024-08-27 10:49:35,131500.0,100,Buy,235023388
2024-08-27 10:49:35,131500.0,800,Buy,235023389
2024-08-27 10:49:36,131500.0,2500,Sell,235023496
2024-08-27 10:49:51,131500.0,700,Sell,235023963
2024-08-27 10:49:51,131500.0,300,Sell,235023964
2024-08-27 10:50:07,131500.0,100,Sell,235024382
2024-08-27 10:50:09,131500.0,100,Sell,235024420
2024-08-27 10:50:09,131500.0,1000,Sell,235024421
2024-08-27 10:50:09,131500.0,200,Sell,235024422
2024-08-27 10:50:09,131500.0,900,Sell,235024423
2024-08-27 10:50:19,131500.0,100,Buy,235024672
2024-08-27 10:50:27,131500.0,7400,Buy,235024990
2024-08-27 10:50:29,131500.0,900,Buy,235025061
2024-08-27 10:50:43,131500.0,500,Buy,235025442
2024-08-27 10:50:53,131500.0,5100,Buy,235025739
2024-08-27 10:50:56,131500.0,900,Buy,235025817
2024-08-27 10:51:14,131500.0,100,Buy,235026300
2024-08-27 10:51:23,131500.0,1000,Buy,235026479
2024-08-27 10:51:31,131400.0,100,Sell,235026848
2024-08-27 10:51:31,131400.0,500,Sell,235026849
2024-08-27 10:51:31,131500.0,1800,Buy,235026865
2024-08-27 10:51:31,131500.0,200,Buy,235026866
2024-08-27 10:51:31,131500.0,100,Buy,235026867
2024-08-27 10:51:40,131500.0,1000,Sell,235027144
2024-08-27 10:52:04,131500.0,1900,Sell,235027779
2024-08-27 10:52:04,131500.0,400,Sell,235027780
2024-08-27 10:52:09,131500.0,100,Sell,235027855
2024-08-27 10:52:31,131500.0,500,Sell,235028339
2024-08-27 10:52:38,131500.0,400,Sell,235028459
2024-08-27 10:52:42,131500.0,100,Sell,235028555
2024-08-27 10:52:53,131500.0,100,Sell,235028768
2024-08-27 10:53:05,131500.0,3500,Sell,235029002
2024-08-27 10:53:05,131500.0,900,Sell,235029003
2024-08-27 10:53:05,131500.0,1700,Sell,235029004
2024-08-27 10:53:45,131700.0,100,Buy,235029870
2024-08-27 10:53:45,131700.0,400,Buy,235029871
2024-08-27 10:53:58,131700.0,400,Buy,235030082
2024-08-27 10:54:01,131700.0,100,Buy,235030133
2024-08-27 10:54:01,131700.0,200,Buy,235030132
2024-08-27 10:54:01,131700.0,200,Buy,235030131
2024-08-27 10:54:03,131700.0,100,Buy,235030164
2024-08-27 10:54:34,131700.0,800,Sell,235030660
2024-08-27 10:54:34,131700.0,300,Sell,235030661
2024-08-27 10:54:34,131700.0,500,Sell,235030662
2024-08-27 10:54:34,131700.0,200,Sell,235030663
2024-08-27 10:54:34,131700.0,900,Sell,235030664
2024-08-27 10:54:57,131700.0,200,Buy,235031042
2024-08-27 10:54:58,131700.0,1000,Buy,235031048
2024-08-27 10:55:01,131700.0,500,Buy,235031094
2024-08-27 10:55:25,131700.0,200,Buy,235031500
2024-08-27 10:55:25,131700.0,600,Buy,235031498
2024-08-27 10:55:25,131700.0,100,Buy,235031499
2024-08-27 10:55:36,131700.0,200,Buy,235031653
2024-08-27 10:56:10,131700.0,500,Sell,235032158
2024-08-27 10:56:10,131700.0,900,Sell,235032159
2024-08-27 10:56:10,131700.0,100,Sell,235032160
2024-08-27 10:56:10,131700.0,700,Sell,235032161
2024-08-27 10:56:10,131700.0,2000,Sell,235032162
2024-08-27 10:56:10,131700.0,100,Sell,235032163
2024-08-27 10:56:10,131700.0,300,Sell,235032157
2024-08-27 10:56:18,131700.0,400,Buy,235032281
2024-08-27 10:56:18,131700.0,500,Buy,235032282
2024-08-27 10:56:41,131700.0,100,Buy,235032588
2024-08-27 10:56:45,131700.0,400,Buy,235032637
2024-08-27 10:56:45,131600.0,100,Sell,235032635
2024-08-27 10:56:45,131600.0,400,Sell,235032636
2024-08-27 10:57:19,131700.0,500,Sell,235033143
2024-08-27 10:57:19,131700.0,1000,Sell,235033144
2024-08-27 10:57:20,131700.0,100,Buy,235033151
2024-08-27 10:57:22,131700.0,700,Buy,235033178
2024-08-27 10:57:40,131700.0,900,Buy,235033395
2024-08-27 10:58:01,131700.0,1500,Buy,235033765
2024-08-27 10:58:07,131700.0,300,Buy,235033856
2024-08-27 10:58:07,131700.0,600,Buy,235033857
2024-08-27 10:58:30,131600.0,2100,Sell,235034145
2024-08-27 10:58:30,131600.0,3400,Sell,235034146
2024-08-27 11:00:38,131600.0,100,Sell,235035922
2024-08-27 11:00:52,131600.0,2800,Sell,235036065
2024-08-27 11:00:52,131600.0,900,Sell,235036066
2024-08-27 11:00:52,131600.0,900,Sell,235036067
2024-08-27 11:00:52,131600.0,100,Sell,235036068
2024-08-27 11:00:52,131600.0,1000,Sell,235036069
2024-08-27 11:00:52,131600.0,100,Sell,235036070
2024-08-27 11:00:52,131600.0,900,Sell,235036071
2024-08-27 11:00:52,131600.0,1000,Sell,235036072
2024-08-27 11:00:52,131600.0,800,Sell,235036073
2024-08-27 11:00:52,131600.0,1500,Sell,235036064
2024-08-27 11:00:55,131600.0,100,Sell,235036104
2024-08-27 11:00:55,131600.0,100,Sell,235036105
2024-08-27 11:01:07,131600.0,1000,Sell,235036237
2024-08-27 11:01:07,131600.0,800,Sell,235036235
2024-08-27 11:01:07,131600.0,1000,Sell,235036236
2024-08-27 11:01:13,131600.0,2800,Buy,235036301
2024-08-27 11:01:13,131600.0,100,Buy,235036302
2024-08-27 11:01:13,131700.0,2100,Buy,235036303
2024-08-27 11:01:15,131700.0,900,Buy,235036310
2024-08-27 11:01:42,131700.0,900,Buy,235036809
2024-08-27 11:01:50,131600.0,100,Sell,235036952
2024-08-27 11:02:09,131600.0,400,Buy,235037211
2024-08-27 11:02:10,131500.0,200,Sell,235037235
2024-08-27 11:02:10,131600.0,500,Sell,235037233
2024-08-27 11:02:10,131500.0,300,Sell,235037234
2024-08-27 11:02:31,131500.0,500,Sell,235037534
2024-08-27 11:02:31,131500.0,400,Sell,235037533
2024-08-27 11:02:31,131500.0,100,Sell,235037532
2024-08-27 11:02:31,131500.0,100,Sell,235037531
2024-08-27 11:02:31,131500.0,900,Sell,235037530
2024-08-27 11:02:31,131500.0,700,Sell,235037524
2024-08-27 11:02:31,131500.0,20000,Sell,235037528
2024-08-27 11:02:31,131500.0,300,Sell,235037527
2024-08-27 11:02:31,131500.0,900,Sell,235037526
2024-08-27 11:02:31,131500.0,100,Sell,235037525
2024-08-27 11:02:31,131500.0,1000,Sell,235037529
2024-08-27 11:03:11,131500.0,100,Sell,235038145
2024-08-27 11:03:13,131500.0,400,Sell,235038196
2024-08-27 11:03:13,131500.0,200,Sell,235038197
2024-08-27 11:03:13,131500.0,100,Sell,235038198
2024-08-27 11:03:13,131500.0,100,Sell,235038199
2024-08-27 11:03:13,131500.0,100,Sell,235038200
2024-08-27 11:03:25,131500.0,900,Sell,235038368
2024-08-27 11:03:25,131500.0,100,Sell,235038369
2024-08-27 11:04:36,131500.0,700,Sell,235039429
2024-08-27 11:04:36,131500.0,400,Sell,235039428
2024-08-27 11:04:36,131500.0,1000,Sell,235039426
2024-08-27 11:04:36,131500.0,900,Sell,235039427
2024-08-27 11:04:36,131500.0,1000,Sell,235039424
2024-08-27 11:04:36,131500.0,200,Sell,235039423
2024-08-27 11:04:36,131500.0,9900,Sell,235039422
2024-08-27 11:04:36,131500.0,900,Sell,235039425
2024-08-27 11:05:19,131600.0,100,Buy,235040197
2024-08-27 11:05:33,131600.0,700,Buy,235040443
2024-08-27 11:05:45,131600.0,900,Buy,235040722
2024-08-27 11:06:03,131600.0,3000,Buy,235041104
2024-08-27 11:06:12,131600.0,900,Buy,235041246
2024-08-27 11:06:39,131600.0,1000,Buy,235041820
2024-08-27 11:07:05,131600.0,900,Buy,235042314
2024-08-27 11:07:12,131600.0,5600,Buy,235042464
2024-08-27 11:07:31,131600.0,100,Sell,235042888
2024-08-27 11:07:40,131600.0,1000,Sell,235043068
2024-08-27 11:08:25,131600.0,1000,Sell,235043911
2024-08-27 11:08:25,131600.0,700,Sell,235043912
2024-08-27 11:08:25,131600.0,100,Sell,235043937
2024-08-27 11:08:25,131600.0,3300,Sell,235043910
2024-08-27 11:08:37,131600.0,100,Sell,235044123
2024-08-27 11:08:48,131600.0,900,Sell,235044299
2024-08-27 11:08:48,131600.0,100,Sell,235044300
2024-08-27 11:08:48,131600.0,900,Sell,235044306
2024-08-27 11:08:48,131600.0,300,Sell,235044307
2024-08-27 11:08:48,131600.0,1000,Sell,235044308
2024-08-27 11:08:53,131600.0,900,Buy,235044438
2024-08-27 11:09:08,131600.0,200,Buy,235044642
2024-08-27 11:09:12,131500.0,100,Sell,235044775
2024-08-27 11:10:01,131500.0,900,Sell,235045748
2024-08-27 11:10:01,131500.0,100,Sell,235045749
2024-08-27 11:10:01,131500.0,1000,Sell,235045750
2024-08-27 11:10:01,131500.0,300,Sell,235045751
2024-08-27 11:10:01,131500.0,2600,Sell,235045752
2024-08-27 11:10:01,131500.0,100,Sell,235045747
2024-08-27 11:10:09,131500.0,5000,Sell,235045932
2024-08-27 11:10:11,131500.0,2000,Sell,235046048
2024-08-27 11:10:25,131500.0,1100,Sell,235046463
2024-08-27 11:10:25,131500.0,900,Sell,235046462
2024-08-27 11:10:25,131500.0,1700,Sell,235046461
2024-08-27 11:10:25,131500.0,1700,Sell,235046460
2024-08-27 11:10:25,131500.0,900,Sell,235046459
2024-08-27 11:10:25,131500.0,300,Sell,235046443
2024-08-27 11:10:25,131500.0,100,Sell,235046445
2024-08-27 11:10:25,131500.0,1100,Sell,235046444
2024-08-27 11:10:25,131500.0,900,Sell,235046442
2024-08-27 11:10:25,131500.0,10300,Sell,235046441
2024-08-27 11:10:25,131500.0,100,Sell,235046323
2024-08-27 11:10:25,131500.0,1000,Sell,235046446
2024-08-27 11:10:29,131500.0,900,Sell,235046527
2024-08-27 11:10:37,131500.0,100,Sell,235046702
2024-08-27 11:10:37,131500.0,900,Sell,235046703
2024-08-27 11:10:37,131500.0,3100,Sell,235046700
2024-08-27 11:10:37,131500.0,900,Sell,235046701
2024-08-27 11:10:47,131500.0,1000,Sell,235047022
2024-08-27 11:11:29,131500.0,2000,Sell,235048227
2024-08-27 11:11:56,131500.0,1200,Sell,235048922
2024-08-27 11:11:56,131500.0,1000,Sell,235048923
2024-08-27 11:11:56,131500.0,400,Sell,235048924
2024-08-27 11:11:56,131500.0,100,Sell,235048925
2024-08-27 11:11:56,131500.0,1700,Sell,235048926
2024-08-27 11:11:56,131500.0,900,Sell,235048927
2024-08-27 11:11:56,131500.0,5100,Sell,235048928
2024-08-27 11:11:56,131500.0,1700,Sell,235048929
2024-08-27 11:11:56,131500.0,900,Sell,235048930
2024-08-27 11:12:01,131500.0,200,Sell,235049045
2024-08-27 11:12:45,131500.0,1000,Sell,235050118
2024-08-27 11:12:53,131500.0,500,Sell,235050325
2024-08-27 11:13:10,131500.0,3000,Sell,235050703
2024-08-27 11:13:35,131500.0,200,Sell,235051218
2024-08-27 11:13:44,131500.0,200,Sell,235051437
2024-08-27 11:13:44,131500.0,900,Sell,235051438
2024-08-27 11:13:44,131500.0,400,Sell,235051439
2024-08-27 11:13:54,131500.0,100,Sell,235051663
2024-08-27 11:14:04,131500.0,500,Sell,235051836
2024-08-27 11:14:04,131500.0,500,Sell,235051837
2024-08-27 11:14:12,131500.0,1000,Sell,235052006
2024-08-27 11:14:21,131600.0,1000,Buy,235052159
2024-08-27 11:14:43,131500.0,2200,Sell,235052638
2024-08-27 11:14:43,131600.0,900,Buy,235052627
2024-08-27 11:14:43,131500.0,800,Sell,235052639
2024-08-27 11:16:02,131600.0,400,Buy,235054296
2024-08-27 11:16:02,131600.0,700,Buy,235054294
2024-08-27 11:16:02,131600.0,1000,Buy,235054295
2024-08-27 11:16:03,131600.0,100,Sell,235054328
2024-08-27 11:16:06,131600.0,100,Sell,235054381
2024-08-27 11:16:15,131600.0,600,Sell,235054637
2024-08-27 11:16:21,131600.0,200,Sell,235054772
2024-08-27 11:16:26,131700.0,100,Buy,235054874
2024-08-27 11:16:27,131600.0,1900,Sell,235054943
2024-08-27 11:16:27,131600.0,100,Sell,235054944
2024-08-27 11:17:01,131600.0,100,Sell,235055528
2024-08-27 11:17:03,131600.0,800,Sell,235055549
2024-08-27 11:17:03,131600.0,200,Sell,235055550
2024-08-27 11:17:04,131600.0,100,Sell,235055580
2024-08-27 11:17:11,131700.0,400,Buy,235055709
2024-08-27 11:17:11,131700.0,100,Buy,235055710
2024-08-27 11:17:11,131700.0,200,Buy,235055708
2024-08-27 11:17:20,131700.0,100,Sell,235055944
2024-08-27 11:17:27,131700.0,100,Sell,235056084
2024-08-27 11:17:55,131700.0,200,Sell,235056506
2024-08-27 11:18:13,131700.0,400,Sell,235056853
2024-08-27 11:18:13,131700.0,100,Sell,235056854
2024-08-27 11:19:30,131700.0,300,Sell,235058228
2024-08-27 11:20:09,131700.0,1000,Sell,235058777
2024-08-27 11:20:32,131700.0,100,Sell,235059065
2024-08-27 11:21:09,131700.0,200,Sell,235059592
2024-08-27 11:21:11,131800.0,1700,Buy,235059654
2024-08-27 11:21:24,131800.0,800,Buy,235059874
2024-08-27 11:21:27,131800.0,900,Buy,235059917
2024-08-27 11:21:54,131800.0,1000,Buy,235060341
2024-08-27 11:22:09,131700.0,200,Sell,235060588
2024-08-27 11:22:24,131700.0,1000,Sell,235060767
2024-08-27 11:22:55,131700.0,200,Sell,235061210
2024-08-27 11:22:56,131700.0,100,Sell,235061222
2024-08-27 11:23:28,131700.0,200,Sell,235061585
2024-08-27 11:23:38,131700.0,1700,Sell,235061697
2024-08-27 11:23:38,131700.0,900,Sell,235061698
2024-08-27 11:23:38,131700.0,400,Sell,235061699
2024-08-27 11:24:15,131700.0,200,Sell,235062130
2024-08-27 11:24:42,131700.0,200,Sell,235062531
2024-08-27 11:24:51,131700.0,100,Sell,235062639
2024-08-27 11:24:51,131700.0,900,Sell,235062640
2024-08-27 11:24:53,131700.0,900,Sell,235062675
2024-08-27 11:24:53,131700.0,900,Sell,235062683
2024-08-27 11:24:53,131700.0,1000,Sell,235062682
2024-08-27 11:24:53,131700.0,1200,Sell,235062681
2024-08-27 11:24:53,131700.0,9000,Sell,235062680
2024-08-27 11:24:53,131700.0,100,Sell,235062679
2024-08-27 11:24:53,131700.0,900,Sell,235062678
2024-08-27 11:24:53,131700.0,900,Sell,235062677
2024-08-27 11:24:53,131700.0,900,Sell,235062676
2024-08-27 11:24:53,131700.0,100,Sell,235062674
2024-08-27 11:24:53,131700.0,200,Sell,235062671
2024-08-27 11:24:53,131700.0,900,Sell,235062672
2024-08-27 11:24:53,131700.0,1000,Sell,235062664
2024-08-27 11:24:53,131700.0,900,Sell,235062665
2024-08-27 11:24:53,131700.0,900,Sell,235062666
2024-08-27 11:24:53,131700.0,900,Sell,235062667
2024-08-27 11:24:53,131700.0,1700,Sell,235062673
2024-08-27 11:24:53,131700.0,600,Sell,235062669
