time,price,volume,match_type,id
2024-08-16 09:14:37,129100.0,26200,ATO/ATC,231987685
2024-08-16 09:14:45,129100.0,3000,Sell,231987968
2024-08-16 09:14:46,129100.0,600,Sell,231987988
2024-08-16 09:14:48,129100.0,100,Sell,231988008
2024-08-16 09:14:51,129200.0,1300,Buy,231988048
2024-08-16 09:14:56,129200.0,600,Buy,231988111
2024-08-16 09:14:57,129200.0,2000,Buy,231988118
2024-08-16 09:15:03,129200.0,700,Buy,231988211
2024-08-16 09:15:03,129200.0,1100,Buy,231988209
2024-08-16 09:15:03,129200.0,200,Buy,231988210
2024-08-16 09:15:08,129200.0,300,Buy,231988278
2024-08-16 09:15:08,129200.0,200,Buy,231988279
2024-08-16 09:15:09,129200.0,300,Buy,231988281
2024-08-16 09:15:09,129200.0,100,Buy,231988282
2024-08-16 09:15:15,129200.0,300,Buy,231988373
2024-08-16 09:15:15,129200.0,100,Buy,231988374
2024-08-16 09:15:15,129200.0,100,Buy,231988375
2024-08-16 09:15:17,129100.0,300,Sell,231988411
2024-08-16 09:15:19,129200.0,100,Buy,231988444
2024-08-16 09:15:19,129200.0,500,Buy,231988435
2024-08-16 09:15:20,129200.0,100,Buy,231988466
2024-08-16 09:15:20,129200.0,100,Sell,231988477
2024-08-16 09:15:20,129200.0,300,Buy,231988465
2024-08-16 09:15:22,129200.0,100,Sell,231988512
2024-08-16 09:15:28,129500.0,400,Buy,231988590
2024-08-16 09:15:30,129500.0,300,Sell,231988653
2024-08-16 09:15:30,129500.0,100,Buy,231988634
2024-08-16 09:15:30,129500.0,1000,Buy,231988633
2024-08-16 09:15:30,129500.0,1000,Buy,231988632
2024-08-16 09:15:30,129500.0,1000,Buy,231988631
2024-08-16 09:15:30,129500.0,100,Buy,231988620
2024-08-16 09:15:30,129500.0,100,Buy,231988618
2024-08-16 09:15:30,129500.0,500,Buy,231988617
2024-08-16 09:15:30,129500.0,100,Buy,231988616
2024-08-16 09:15:30,129500.0,600,Buy,231988615
2024-08-16 09:15:30,129400.0,100,Buy,231988614
2024-08-16 09:15:30,129500.0,100,Buy,231988619
2024-08-16 09:15:37,129500.0,700,Buy,231988757
2024-08-16 09:15:38,129500.0,100,Sell,231988789
2024-08-16 09:15:42,129500.0,100,Sell,231988825
2024-08-16 09:15:58,129700.0,100,Buy,231989128
2024-08-16 09:15:58,129700.0,100,Buy,231989129
2024-08-16 09:15:58,129700.0,100,Buy,231989126
2024-08-16 09:15:58,129700.0,100,Buy,231989127
2024-08-16 09:15:59,129700.0,100,Sell,231989146
2024-08-16 09:16:04,129700.0,100,Buy,231989258
2024-08-16 09:16:04,129700.0,100,Buy,231989259
2024-08-16 09:16:04,129700.0,100,Buy,231989260
2024-08-16 09:16:07,129700.0,100,Sell,231989317
2024-08-16 09:16:07,129800.0,100,Buy,231989325
2024-08-16 09:16:07,129800.0,5000,Buy,231989326
2024-08-16 09:16:07,129800.0,1000,Buy,231989327
2024-08-16 09:16:07,129800.0,1000,Buy,231989328
2024-08-16 09:16:07,129800.0,1000,Buy,231989329
2024-08-16 09:16:07,129800.0,600,Buy,231989330
2024-08-16 09:16:08,129800.0,500,Sell,231989353
2024-08-16 09:16:17,129800.0,500,Buy,231989527
2024-08-16 09:16:26,129800.0,500,Buy,231989692
2024-08-16 09:16:27,129800.0,100,Buy,231989706
2024-08-16 09:16:27,129800.0,100,Buy,231989707
2024-08-16 09:16:27,129800.0,300,Buy,231989705
2024-08-16 09:16:28,129700.0,100,Sell,231989721
2024-08-16 09:16:28,129700.0,100,Sell,231989722
2024-08-16 09:16:32,129700.0,100,Buy,231989836
2024-08-16 09:16:36,129700.0,3000,Buy,231989969
2024-08-16 09:16:38,129700.0,1000,Buy,231990013
2024-08-16 09:16:38,129700.0,600,Sell,231990017
2024-08-16 09:16:38,129700.0,6700,Buy,231990011
2024-08-16 09:16:38,129700.0,200,Buy,231990012
2024-08-16 09:16:40,129700.0,1500,Sell,231990064
2024-08-16 09:16:42,129700.0,100,Buy,231990096
2024-08-16 09:16:44,129700.0,100,Buy,231990149
2024-08-16 09:16:52,129700.0,1000,Buy,231990329
2024-08-16 09:16:52,129700.0,300,Buy,231990330
2024-08-16 09:16:52,129700.0,3700,Buy,231990331
2024-08-16 09:16:56,129700.0,200,Buy,231990432
2024-08-16 09:16:56,129700.0,3900,Buy,231990436
2024-08-16 09:16:56,129700.0,100,Buy,231990437
2024-08-16 09:16:56,129700.0,1000,Buy,231990438
2024-08-16 09:16:57,129700.0,500,Sell,231990455
2024-08-16 09:16:58,129700.0,1100,Sell,231990484
2024-08-16 09:17:00,129700.0,200,Sell,231990522
2024-08-16 09:17:06,129700.0,100,Sell,231990660
2024-08-16 09:17:10,129700.0,100,Sell,231990707
2024-08-16 09:17:10,129700.0,2000,Sell,231990708
2024-08-16 09:17:10,129700.0,100,Sell,231990709
2024-08-16 09:17:14,129700.0,100,Buy,231990784
2024-08-16 09:17:25,129600.0,100,Sell,231991002
2024-08-16 09:17:25,129600.0,900,Sell,231991003
2024-08-16 09:17:26,129600.0,100,Sell,231991015
2024-08-16 09:17:26,129600.0,100,Sell,231991016
2024-08-16 09:17:26,129600.0,200,Sell,231991020
2024-08-16 09:17:29,129600.0,500,Buy,231991089
2024-08-16 09:17:29,129600.0,400,Buy,231991086
2024-08-16 09:17:29,129600.0,500,Buy,231991085
2024-08-16 09:17:29,129600.0,2100,Buy,231991088
2024-08-16 09:17:34,129600.0,1300,Buy,231991239
2024-08-16 09:17:34,129600.0,200,Buy,231991240
2024-08-16 09:17:34,129600.0,900,Buy,231991241
2024-08-16 09:17:38,129600.0,100,Buy,231991311
2024-08-16 09:17:44,129600.0,700,Buy,231991564
2024-08-16 09:17:44,129500.0,400,Sell,231991559
2024-08-16 09:17:44,129500.0,1100,Sell,231991558
2024-08-16 09:17:44,129500.0,900,Sell,231991537
2024-08-16 09:17:44,129500.0,100,Sell,231991535
2024-08-16 09:17:44,129500.0,200,Sell,231991534
2024-08-16 09:17:44,129500.0,1300,Sell,231991533
2024-08-16 09:17:44,129500.0,4100,Sell,231991532
2024-08-16 09:17:44,129500.0,700,Sell,231991536
2024-08-16 09:17:45,129900.0,14400,Buy,231991598
2024-08-16 09:17:45,129900.0,100,Buy,231991597
2024-08-16 09:17:45,129900.0,100,Buy,231991596
2024-08-16 09:17:45,129900.0,500,Buy,231991594
2024-08-16 09:17:45,129900.0,300,Buy,231991593
2024-08-16 09:17:45,129800.0,2000,Buy,231991592
2024-08-16 09:17:45,129800.0,1000,Buy,231991591
2024-08-16 09:17:45,129800.0,1000,Buy,231991590
2024-08-16 09:17:45,129800.0,100,Buy,231991589
2024-08-16 09:17:45,129800.0,100,Buy,231991588
2024-08-16 09:17:45,129800.0,500,Buy,231991587
2024-08-16 09:17:45,129900.0,5000,Buy,231991595
2024-08-16 09:17:45,129800.0,400,Buy,231991585
2024-08-16 09:17:45,129800.0,200,Buy,231991586
2024-08-16 09:17:45,129700.0,10000,Buy,231991567
2024-08-16 09:17:45,129700.0,400,Buy,231991568
2024-08-16 09:17:45,129600.0,500,Buy,231991565
2024-08-16 09:17:45,129700.0,5000,Buy,231991569
2024-08-16 09:17:45,129700.0,700,Buy,231991566
2024-08-16 09:17:45,129700.0,1000,Buy,231991571
2024-08-16 09:17:45,129700.0,200,Buy,231991572
2024-08-16 09:17:45,129700.0,500,Buy,231991573
2024-08-16 09:17:45,129700.0,100,Buy,231991574
2024-08-16 09:17:45,129800.0,4600,Buy,231991575
2024-08-16 09:17:45,129700.0,600,Buy,231991570
2024-08-16 09:17:48,129900.0,600,Buy,231991653
2024-08-16 09:17:48,129900.0,2200,Buy,231991654
2024-08-16 09:17:48,129900.0,500,Buy,231991646
2024-08-16 09:17:48,129900.0,500,Buy,231991647
2024-08-16 09:17:51,130000.0,100,Buy,231991740
2024-08-16 09:17:51,130000.0,200,Buy,231991735
2024-08-16 09:17:51,130000.0,300,Buy,231991736
2024-08-16 09:17:51,130000.0,1300,Buy,231991737
2024-08-16 09:17:51,130000.0,100,Buy,231991738
2024-08-16 09:17:51,130000.0,200,Buy,231991739
2024-08-16 09:17:51,130000.0,1000,Buy,231991741
2024-08-16 09:17:51,130000.0,500,Buy,231991749
2024-08-16 09:17:51,130000.0,100,Buy,231991743
2024-08-16 09:17:51,130000.0,100,Buy,231991744
2024-08-16 09:17:51,130000.0,100,Buy,231991745
2024-08-16 09:17:51,130000.0,5100,Buy,231991746
2024-08-16 09:17:51,130000.0,100,Buy,231991747
2024-08-16 09:17:51,130000.0,200,Buy,231991748
2024-08-16 09:17:51,130000.0,200,Buy,231991734
2024-08-16 09:17:51,130000.0,100,Buy,231991742
2024-08-16 09:17:51,130000.0,1200,Buy,231991733
2024-08-16 09:17:51,130000.0,100,Buy,231991728
2024-08-16 09:17:51,130000.0,1000,Buy,231991730
2024-08-16 09:17:51,129900.0,21800,Buy,231991711
2024-08-16 09:17:51,129900.0,200,Buy,231991712
2024-08-16 09:17:51,129900.0,100,Buy,231991713
2024-08-16 09:17:51,129900.0,100,Buy,231991714
2024-08-16 09:17:51,129900.0,200,Buy,231991715
2024-08-16 09:17:51,129900.0,100,Buy,231991716
2024-08-16 09:17:51,129900.0,500,Buy,231991718
2024-08-16 09:17:51,129900.0,200,Buy,231991717
2024-08-16 09:17:51,129900.0,300,Buy,231991720
2024-08-16 09:17:51,129900.0,700,Buy,231991723
2024-08-16 09:17:51,129900.0,10800,Buy,231991724
2024-08-16 09:17:51,129900.0,700,Buy,231991725
2024-08-16 09:17:51,130000.0,100,Buy,231991726
2024-08-16 09:17:51,130000.0,100,Buy,231991727
2024-08-16 09:17:51,130000.0,600,Buy,231991729
2024-08-16 09:17:51,129900.0,100,Buy,231991719
2024-08-16 09:17:51,130000.0,100,Buy,231991732
2024-08-16 09:17:56,129900.0,100,Buy,231991887
2024-08-16 09:18:02,130000.0,400,Buy,231991995
2024-08-16 09:18:02,130000.0,200,Buy,231991996
2024-08-16 09:18:02,130000.0,100,Buy,231991994
2024-08-16 09:18:02,130000.0,400,Buy,231991992
2024-08-16 09:18:02,130000.0,7500,Buy,231991991
2024-08-16 09:18:02,130000.0,1000,Buy,231991993
2024-08-16 09:18:03,130000.0,100,Buy,231992017
2024-08-16 09:18:05,129900.0,400,Sell,231992084
2024-08-16 09:18:08,129900.0,100,Sell,231992147
2024-08-16 09:18:43,129800.0,200,Buy,231992883
2024-08-16 09:18:43,129800.0,100,Buy,231992884
2024-08-16 09:18:47,130000.0,4300,Buy,231992956
2024-08-16 09:18:47,130000.0,100,Buy,231992955
2024-08-16 09:18:47,130000.0,100,Buy,231992954
2024-08-16 09:18:47,130000.0,1000,Buy,231992953
2024-08-16 09:18:47,129900.0,200,Buy,231992951
2024-08-16 09:18:47,129900.0,200,Buy,231992950
2024-08-16 09:18:47,129900.0,11000,Buy,231992949
2024-08-16 09:18:47,129900.0,1000,Buy,231992948
2024-08-16 09:18:47,130000.0,100,Buy,231992952
2024-08-16 09:18:59,129900.0,200,Buy,231993146
2024-08-16 09:19:02,129900.0,1800,Buy,231993175
2024-08-16 09:19:02,129900.0,200,Buy,231993176
2024-08-16 09:19:03,129900.0,300,Buy,231993195
2024-08-16 09:19:03,129900.0,100,Buy,231993196
2024-08-16 09:19:05,129900.0,1200,Buy,231993253
2024-08-16 09:19:11,129900.0,200,Buy,231993349
2024-08-16 09:19:14,129900.0,800,Buy,231993398
2024-08-16 09:19:14,129900.0,200,Buy,231993397
2024-08-16 09:19:14,129900.0,2500,Buy,231993394
2024-08-16 09:19:14,129900.0,1000,Buy,231993395
2024-08-16 09:19:14,129900.0,500,Buy,231993396
2024-08-16 09:19:20,129900.0,1100,Buy,231993474
2024-08-16 09:19:20,129900.0,1000,Buy,231993477
2024-08-16 09:19:20,129900.0,100,Buy,231993473
2024-08-16 09:19:20,129900.0,1000,Buy,231993475
2024-08-16 09:19:20,129900.0,100,Buy,231993476
2024-08-16 09:19:22,129900.0,600,Sell,231993556
2024-08-16 09:19:24,129900.0,100,Sell,231993591
2024-08-16 09:19:26,130000.0,600,Buy,231993625
2024-08-16 09:19:33,130000.0,800,Buy,231993741
2024-08-16 09:19:35,130000.0,4300,Buy,231993785
2024-08-16 09:19:35,130000.0,100,Buy,231993786
2024-08-16 09:19:42,130000.0,100,Buy,231993910
2024-08-16 09:19:42,130000.0,100,Buy,231993908
2024-08-16 09:19:42,130000.0,100,Buy,231993909
2024-08-16 09:19:44,130000.0,100,Buy,231993964
2024-08-16 09:19:48,130000.0,900,Buy,231994052
2024-08-16 09:19:48,130000.0,100,Buy,231994051
2024-08-16 09:19:48,130000.0,100,Buy,231994050
2024-08-16 09:19:48,130000.0,100,Buy,231994049
2024-08-16 09:19:48,130000.0,1000,Buy,231994048
2024-08-16 09:19:48,130000.0,300,Buy,231994047
2024-08-16 09:19:48,130000.0,1000,Buy,231994044
2024-08-16 09:19:48,130000.0,1200,Buy,231994046
2024-08-16 09:19:48,130000.0,200,Buy,231994045
2024-08-16 09:19:48,130000.0,200,Buy,231994037
2024-08-16 09:19:48,130000.0,300,Buy,231994033
2024-08-16 09:19:48,130000.0,100,Buy,231994032
2024-08-16 09:19:48,130000.0,100,Buy,231994031
2024-08-16 09:19:48,130000.0,100,Buy,231994030
2024-08-16 09:19:48,130000.0,100,Buy,231994029
2024-08-16 09:19:48,130000.0,100,Buy,231994028
2024-08-16 09:19:48,130000.0,100,Buy,231994043
2024-08-16 09:19:57,130000.0,100,Buy,231994259
2024-08-16 09:19:57,130000.0,200,Buy,231994260
2024-08-16 09:19:58,130000.0,600,Buy,231994297
2024-08-16 09:20:01,130000.0,100,Buy,231994417
2024-08-16 09:20:01,130000.0,100,Buy,231994416
2024-08-16 09:20:01,130000.0,200,Buy,231994413
2024-08-16 09:20:01,130000.0,1000,Buy,231994414
2024-08-16 09:20:01,130000.0,300,Buy,231994415
2024-08-16 09:20:03,130000.0,300,Sell,231994463
2024-08-16 09:20:10,130000.0,200,Sell,231994598
2024-08-16 09:20:12,130000.0,300,Sell,231994646
2024-08-16 09:20:19,130000.0,200,Buy,231994806
2024-08-16 09:20:23,130000.0,100,Buy,231994906
2024-08-16 09:20:25,129900.0,200,Sell,231994954
2024-08-16 09:20:33,130000.0,1400,Buy,231995096
2024-08-16 09:20:33,130000.0,100,Buy,231995095
2024-08-16 09:20:33,130000.0,400,Buy,231995093
2024-08-16 09:20:33,130000.0,100,Buy,231995094
2024-08-16 09:20:36,130000.0,300,Buy,231995187
2024-08-16 09:20:36,130000.0,200,Buy,231995189
2024-08-16 09:20:36,130000.0,700,Buy,231995186
2024-08-16 09:20:36,130000.0,400,Buy,231995188
2024-08-16 09:20:37,130000.0,300,Sell,231995215
2024-08-16 09:20:38,130000.0,200,Sell,231995253
2024-08-16 09:20:38,130000.0,300,Sell,231995259
2024-08-16 09:20:41,130000.0,100,Sell,231995295
2024-08-16 09:20:45,130000.0,200,Sell,231995363
2024-08-16 09:20:45,130000.0,100,Sell,231995364
2024-08-16 09:20:56,130000.0,100,Buy,231995583
2024-08-16 09:20:58,130000.0,200,Sell,231995615
2024-08-16 09:21:03,130000.0,100,Sell,231995704
2024-08-16 09:21:04,130100.0,100,Buy,231995728
2024-08-16 09:21:04,130100.0,100,Buy,231995729
2024-08-16 09:21:04,130100.0,300,Buy,231995730
2024-08-16 09:21:04,130100.0,100,Buy,231995731
2024-08-16 09:21:04,130100.0,300,Buy,231995732
2024-08-16 09:21:04,130100.0,100,Buy,231995733
2024-08-16 09:21:04,130100.0,5000,Buy,231995734
2024-08-16 09:21:04,130100.0,1000,Buy,231995727
2024-08-16 09:21:11,130100.0,100,Buy,231995844
2024-08-16 09:21:20,130100.0,300,Buy,231996023
2024-08-16 09:21:21,130100.0,300,Buy,231996042
2024-08-16 09:21:21,130100.0,100,Buy,231996041
2024-08-16 09:21:25,130100.0,300,Buy,231996110
2024-08-16 09:21:27,130100.0,100,Buy,231996142
2024-08-16 09:21:34,130000.0,100,Sell,231996245
2024-08-16 09:21:34,130000.0,1000,Sell,231996246
2024-08-16 09:21:34,130000.0,1900,Sell,231996247
2024-08-16 09:21:35,130100.0,800,Buy,231996255
2024-08-16 09:21:37,130100.0,100,Buy,231996281
2024-08-16 09:21:37,130100.0,100,Buy,231996282
2024-08-16 09:21:37,130100.0,200,Buy,231996279
2024-08-16 09:21:37,130100.0,100,Buy,231996280
2024-08-16 09:21:43,130100.0,300,Buy,231996410
2024-08-16 09:21:45,130000.0,100,Sell,231996438
2024-08-16 09:21:45,130000.0,100,Sell,231996439
2024-08-16 09:21:45,130000.0,500,Sell,231996440
2024-08-16 09:21:45,130000.0,100,Sell,231996441
2024-08-16 09:21:51,130000.0,500,Buy,231996563
2024-08-16 09:22:00,130100.0,100,Buy,231996798
2024-08-16 09:22:00,130100.0,4100,Buy,231996801
2024-08-16 09:22:00,130100.0,100,Buy,231996800
2024-08-16 09:22:00,130100.0,700,Buy,231996799
2024-08-16 09:22:00,130000.0,100,Buy,231996797
2024-08-16 09:22:00,130000.0,100,Buy,231996795
2024-08-16 09:22:00,130000.0,1700,Buy,231996793
2024-08-16 09:22:00,130000.0,3000,Buy,231996796
2024-08-16 09:22:00,130000.0,100,Buy,231996794
2024-08-16 09:22:27,130000.0,300,Buy,231997210
2024-08-16 09:22:27,130000.0,300,Buy,231997211
2024-08-16 09:22:35,130000.0,200,Buy,231997342
2024-08-16 09:22:40,129900.0,900,Sell,231997393
2024-08-16 09:22:40,129900.0,1000,Sell,231997394
2024-08-16 09:22:40,129900.0,100,Sell,231997395
2024-08-16 09:22:41,129900.0,400,Sell,231997410
2024-08-16 09:22:45,129900.0,1600,Sell,231997476
2024-08-16 09:22:45,129900.0,100,Sell,231997477
2024-08-16 09:22:53,129900.0,100,Buy,231997572
2024-08-16 09:22:54,129900.0,100,Buy,231997587
2024-08-16 09:22:55,129900.0,100,Buy,231997610
2024-08-16 09:23:00,129900.0,5000,Buy,231997660
2024-08-16 09:23:00,129900.0,400,Buy,231997661
2024-08-16 09:23:00,129900.0,400,Sell,231997665
2024-08-16 09:23:09,129800.0,100,Sell,231997790
2024-08-16 09:23:10,129900.0,700,Buy,231997810
2024-08-16 09:23:12,129900.0,100,Buy,231997843
2024-08-16 09:23:12,129900.0,300,Buy,231997844
2024-08-16 09:23:12,129900.0,100,Sell,231997849
2024-08-16 09:23:13,129900.0,100,Sell,231997850
2024-08-16 09:23:14,129900.0,100,Sell,231997893
2024-08-16 09:23:23,129900.0,100,Sell,231998015
2024-08-16 09:23:25,129900.0,1000,Sell,231998051
2024-08-16 09:23:27,129900.0,200,Sell,231998097
2024-08-16 09:23:28,129900.0,200,Sell,231998112
2024-08-16 09:23:35,129900.0,100,Sell,231998230
2024-08-16 09:23:39,129900.0,5000,Sell,231998375
2024-08-16 09:23:43,129900.0,1000,Sell,231998441
2024-08-16 09:23:44,129900.0,200,Sell,231998467
2024-08-16 09:23:51,129900.0,600,Sell,231998589
2024-08-16 09:23:51,129900.0,100,Sell,231998590
2024-08-16 09:23:51,129900.0,300,Sell,231998591
2024-08-16 09:23:52,129900.0,200,Sell,231998619
2024-08-16 09:23:55,129900.0,100,Sell,231998666
2024-08-16 09:23:57,130000.0,600,Buy,231998716
2024-08-16 09:24:02,129900.0,100,Sell,231998819
2024-08-16 09:24:03,129900.0,100,Sell,231998840
2024-08-16 09:24:14,129900.0,300,Sell,231999029
2024-08-16 09:24:19,129900.0,1000,Sell,231999112
2024-08-16 09:24:20,129900.0,200,Sell,231999120
2024-08-16 09:24:26,129900.0,100,Sell,231999270
2024-08-16 09:24:33,129900.0,1200,Sell,231999401
2024-08-16 09:24:34,129900.0,200,Sell,231999409
2024-08-16 09:24:37,129900.0,500,Sell,231999469
2024-08-16 09:24:38,129900.0,100,Sell,231999491
2024-08-16 09:24:41,129900.0,100,Sell,231999527
2024-08-16 09:24:48,129900.0,100,Sell,231999673
2024-08-16 09:24:54,129900.0,200,Sell,231999802
2024-08-16 09:24:59,129900.0,5200,Sell,231999880
2024-08-16 09:24:59,129900.0,5000,Sell,231999881
2024-08-16 09:24:59,129900.0,200,Sell,231999882
2024-08-16 09:24:59,129900.0,1800,Sell,231999883
2024-08-16 09:24:59,129900.0,100,Sell,231999884
2024-08-16 09:24:59,129900.0,1700,Sell,231999885
2024-08-16 09:24:59,130000.0,100,Buy,231999888
2024-08-16 09:25:03,129900.0,200,Sell,231999963
2024-08-16 09:25:03,129900.0,300,Sell,231999962
2024-08-16 09:25:07,129900.0,100,Sell,232000007
2024-08-16 09:25:27,129900.0,200,Buy,232000360
2024-08-16 09:25:27,129900.0,300,Buy,232000361
2024-08-16 09:25:27,129900.0,100,Buy,232000369
2024-08-16 09:25:27,129900.0,500,Buy,232000370
2024-08-16 09:25:31,129900.0,100,Buy,232000427
2024-08-16 09:25:31,129900.0,100,Buy,232000428
2024-08-16 09:25:31,129900.0,200,Buy,232000429
2024-08-16 09:25:31,129900.0,1000,Buy,232000430
2024-08-16 09:25:31,129900.0,2000,Buy,232000431
2024-08-16 09:25:32,129900.0,700,Sell,232000461
2024-08-16 09:25:34,129900.0,100,Sell,232000480
2024-08-16 09:25:34,129900.0,300,Sell,232000477
2024-08-16 09:25:37,129900.0,200,Sell,232000523
2024-08-16 09:25:40,129900.0,100,Sell,232000550
2024-08-16 09:25:51,129800.0,100,Sell,232000741
2024-08-16 09:25:53,129800.0,200,Sell,232000773
2024-08-16 09:25:53,129800.0,500,Sell,232000774
2024-08-16 09:25:53,129800.0,100,Sell,232000775
2024-08-16 09:25:53,129800.0,100,Sell,232000776
2024-08-16 09:25:53,129800.0,100,Sell,232000777
2024-08-16 09:25:54,129800.0,200,Sell,232000792
2024-08-16 09:25:58,129800.0,700,Sell,232000841
2024-08-16 09:26:00,129800.0,100,Buy,232000878
2024-08-16 09:26:00,129800.0,100,Buy,232000876
2024-08-16 09:26:35,129800.0,100,Buy,232001484
2024-08-16 09:26:36,129800.0,100,Buy,232001512
2024-08-16 09:26:36,129800.0,100,Buy,232001513
2024-08-16 09:26:36,129800.0,100,Buy,232001514
2024-08-16 09:26:36,129800.0,100,Buy,232001515
2024-08-16 09:26:36,129800.0,100,Buy,232001516
2024-08-16 09:26:36,129800.0,400,Buy,232001517
2024-08-16 09:26:36,129800.0,100,Buy,232001518
2024-08-16 09:26:38,129800.0,100,Sell,232001566
2024-08-16 09:26:39,129800.0,200,Sell,232001582
2024-08-16 09:26:46,129900.0,200,Buy,232001694
2024-08-16 09:26:46,129900.0,100,Buy,232001695
2024-08-16 09:26:50,129800.0,400,Sell,232001767
2024-08-16 09:26:54,129800.0,100,Sell,232001814
2024-08-16 09:26:57,129900.0,600,Buy,232001845
2024-08-16 09:27:07,129900.0,200,Buy,232001989
2024-08-16 09:27:08,129800.0,1700,Sell,232002014
2024-08-16 09:27:10,129800.0,300,Sell,232002033
2024-08-16 09:27:14,129800.0,500,Sell,232002073
2024-08-16 09:27:16,129800.0,100,Sell,232002128
2024-08-16 09:27:18,129800.0,100,Sell,232002156
2024-08-16 09:27:19,129800.0,600,Sell,232002163
2024-08-16 09:27:19,129800.0,1100,Sell,232002164
2024-08-16 09:27:19,129800.0,100,Sell,232002179
2024-08-16 09:27:20,129800.0,300,Sell,232002195
2024-08-16 09:27:33,129900.0,100,Buy,232002542
2024-08-16 09:27:33,129900.0,100,Buy,232002541
2024-08-16 09:27:33,129900.0,500,Buy,232002539
2024-08-16 09:27:33,129900.0,9100,Buy,232002537
2024-08-16 09:27:33,129900.0,100,Buy,232002540
2024-08-16 09:27:33,129900.0,100,Buy,232002538
2024-08-16 09:27:46,129800.0,100,Sell,232002688
2024-08-16 09:27:53,129800.0,400,Sell,232002813
2024-08-16 09:27:53,129800.0,1300,Sell,232002814
2024-08-16 09:27:54,129800.0,300,Sell,232002845
2024-08-16 09:27:55,129800.0,2600,Sell,232002862
2024-08-16 09:27:55,129800.0,3400,Sell,232002860
2024-08-16 09:27:55,129800.0,200,Sell,232002861
2024-08-16 09:28:04,129700.0,100,Sell,232002968
2024-08-16 09:28:09,129700.0,100,Sell,232003081
2024-08-16 09:28:13,129700.0,100,Sell,232003162
2024-08-16 09:28:27,129800.0,500,Buy,232003482
2024-08-16 09:28:29,129700.0,100,Sell,232003509
2024-08-16 09:28:40,129700.0,100,Sell,232003690
2024-08-16 09:28:44,129700.0,300,Sell,232003737
2024-08-16 09:28:45,129700.0,500,Sell,232003756
2024-08-16 09:28:45,129700.0,100,Sell,232003757
2024-08-16 09:28:45,129700.0,400,Sell,232003758
2024-08-16 09:28:46,129700.0,100,Sell,232003779
2024-08-16 09:28:46,129700.0,100,Sell,232003780
2024-08-16 09:28:51,129700.0,100,Sell,232003841
2024-08-16 09:28:51,129700.0,100,Sell,232003840
2024-08-16 09:29:07,129700.0,100,Sell,232004155
2024-08-16 09:29:09,129700.0,1000,Sell,232004182
2024-08-16 09:29:09,129700.0,200,Sell,232004183
2024-08-16 09:29:12,129700.0,200,Sell,232004269
2024-08-16 09:29:15,129800.0,100,Buy,232004303
2024-08-16 09:29:22,129800.0,100,Buy,232004430
2024-08-16 09:29:34,129700.0,100,Sell,232004652
2024-08-16 09:29:57,129800.0,4500,Buy,232005038
2024-08-16 09:29:57,129800.0,600,Buy,232005037
2024-08-16 09:29:57,129800.0,100,Buy,232005036
2024-08-16 09:29:57,129800.0,1300,Buy,232005034
2024-08-16 09:29:57,129800.0,500,Buy,232005033
2024-08-16 09:29:57,129800.0,3000,Buy,232005035
2024-08-16 09:29:57,129800.0,600,Buy,232005026
2024-08-16 09:30:01,129800.0,500,Buy,232005115
2024-08-16 09:30:01,129800.0,300,Buy,232005116
2024-08-16 09:30:01,129800.0,200,Buy,232005117
2024-08-16 09:30:01,129800.0,2000,Buy,232005118
2024-08-16 09:30:19,129800.0,100,Buy,232005350
2024-08-16 09:30:30,129800.0,100,Buy,232005534
2024-08-16 09:30:30,129800.0,100,Buy,232005535
2024-08-16 09:30:33,129700.0,100,Sell,232005595
2024-08-16 09:30:34,129800.0,300,Buy,232005621
2024-08-16 09:30:34,129800.0,500,Buy,232005620
2024-08-16 09:30:34,129800.0,300,Buy,232005619
2024-08-16 09:30:34,129700.0,100,Sell,232005608
2024-08-16 09:30:34,129800.0,600,Buy,232005618
2024-08-16 09:30:38,129700.0,2000,Sell,232005670
2024-08-16 09:30:40,129700.0,300,Sell,232005704
2024-08-16 09:30:40,129700.0,100,Sell,232005705
2024-08-16 09:30:45,129800.0,100,Buy,232005773
2024-08-16 09:31:00,129700.0,100,Sell,232005995
2024-08-16 09:31:18,129700.0,300,Sell,232006255
2024-08-16 09:31:18,129700.0,1700,Sell,232006248
2024-08-16 09:31:18,129700.0,100,Sell,232006247
2024-08-16 09:31:18,129700.0,100,Sell,232006245
2024-08-16 09:31:18,129700.0,100,Sell,232006246
2024-08-16 09:31:27,129600.0,100,Sell,232006385
2024-08-16 09:31:27,129700.0,100,Buy,232006387
2024-08-16 09:31:27,129700.0,100,Buy,232006388
2024-08-16 09:31:27,129700.0,100,Buy,232006389
2024-08-16 09:31:50,129700.0,300,Sell,232006736
2024-08-16 09:31:50,129700.0,300,Sell,232006737
2024-08-16 09:31:50,129700.0,200,Sell,232006738
2024-08-16 09:31:50,129700.0,1000,Sell,232006739
2024-08-16 09:32:06,129700.0,600,Buy,232006953
2024-08-16 09:32:06,129700.0,100,Buy,232006952
2024-08-16 09:32:06,129700.0,800,Buy,232006950
2024-08-16 09:32:06,129700.0,200,Buy,232006949
2024-08-16 09:32:06,129700.0,300,Buy,232006951
2024-08-16 09:32:07,129700.0,100,Buy,232006958
2024-08-16 09:32:07,129700.0,100,Buy,232006959
2024-08-16 09:32:08,129700.0,400,Sell,232006978
2024-08-16 09:32:16,129700.0,200,Sell,232007074
2024-08-16 09:32:20,129700.0,100,Sell,232007230
2024-08-16 09:32:35,129700.0,1000,Sell,232007527
2024-08-16 09:32:36,129700.0,200,Sell,232007541
2024-08-16 09:32:37,129700.0,200,Sell,232007558
2024-08-16 09:32:42,129700.0,1000,Sell,232007640
2024-08-16 09:32:44,129700.0,200,Sell,232007683
2024-08-16 09:32:47,129800.0,1600,Buy,232007718
2024-08-16 09:32:55,129700.0,1700,Sell,232007952
2024-08-16 09:32:55,129700.0,100,Sell,232007951
2024-08-16 09:32:56,129700.0,300,Sell,232007966
2024-08-16 09:32:57,129800.0,500,Buy,232007978
2024-08-16 09:33:08,129800.0,300,Buy,232008211
2024-08-16 09:33:23,129700.0,100,Sell,232008498
2024-08-16 09:33:33,129700.0,3000,Sell,232008740
2024-08-16 09:33:33,129700.0,500,Sell,232008741
2024-08-16 09:33:33,129700.0,100,Sell,232008738
2024-08-16 09:33:33,129700.0,4300,Sell,232008737
2024-08-16 09:33:33,129700.0,100,Sell,232008739
2024-08-16 09:33:34,129700.0,100,Sell,232008769
2024-08-16 09:33:40,129700.0,100,Buy,232008862
2024-08-16 09:33:50,129600.0,100,Sell,232009004
2024-08-16 09:34:03,129600.0,1000,Sell,232009204
2024-08-16 09:34:04,129600.0,100,Sell,232009247
2024-08-16 09:34:04,129600.0,100,Sell,232009248
2024-08-16 09:34:05,129700.0,200,Buy,232009283
2024-08-16 09:34:06,129600.0,200,Sell,232009301
2024-08-16 09:34:06,129600.0,100,Sell,232009302
2024-08-16 09:34:06,129600.0,300,Sell,232009299
2024-08-16 09:34:06,129600.0,3000,Sell,232009300
2024-08-16 09:34:15,129600.0,500,Buy,232009575
2024-08-16 09:34:16,129500.0,100,Sell,232009636
2024-08-16 09:34:27,129600.0,600,Buy,232009838
2024-08-16 09:34:32,129600.0,100,Buy,232009940
2024-08-16 09:34:33,129600.0,200,Buy,232009971
2024-08-16 09:34:33,129600.0,800,Buy,232009972
2024-08-16 09:34:33,129600.0,100,Buy,232009973
2024-08-16 09:34:33,129600.0,100,Buy,232009974
2024-08-16 09:34:33,129600.0,100,Buy,232009975
2024-08-16 09:34:34,129600.0,100,Sell,232009991
2024-08-16 09:34:49,129600.0,100,Buy,232010411
2024-08-16 09:34:49,129600.0,100,Buy,232010408
2024-08-16 09:34:49,129600.0,100,Buy,232010409
2024-08-16 09:34:49,129600.0,100,Buy,232010410
2024-08-16 09:34:53,129700.0,1200,Buy,232010447
2024-08-16 09:34:53,129700.0,600,Buy,232010448
2024-08-16 09:34:53,129700.0,500,Buy,232010449
2024-08-16 09:34:53,129800.0,2700,Buy,232010450
2024-08-16 09:35:02,129800.0,200,Buy,232010650
2024-08-16 09:35:46,129600.0,100,Sell,232011693
2024-08-16 09:35:51,129800.0,3100,Buy,232011786
2024-08-16 09:35:58,129800.0,100,Buy,232012015
2024-08-16 09:35:58,129800.0,200,Buy,232012013
2024-08-16 09:35:58,129800.0,300,Buy,232012014
2024-08-16 09:36:04,129800.0,300,Buy,232012192
2024-08-16 09:36:04,129800.0,200,Buy,232012193
2024-08-16 09:36:10,129800.0,100,Buy,232012333
2024-08-16 09:36:10,129800.0,100,Buy,232012334
2024-08-16 09:36:13,129700.0,100,Sell,232012419
2024-08-16 09:36:40,129700.0,100,Sell,232013053
2024-08-16 09:36:46,129700.0,900,Sell,232013192
2024-08-16 09:37:01,129600.0,100,Sell,232013616
2024-08-16 09:37:07,129600.0,100,Sell,232013768
2024-08-16 09:37:11,129600.0,800,Sell,232013896
2024-08-16 09:37:11,129600.0,500,Sell,232013897
2024-08-16 09:37:11,129600.0,2800,Sell,232013898
2024-08-16 09:37:12,129600.0,500,Sell,232013924
2024-08-16 09:37:12,129600.0,200,Sell,232013922
2024-08-16 09:37:12,129600.0,100,Sell,232013923
2024-08-16 09:37:14,129600.0,100,Sell,232013987
2024-08-16 09:37:28,129700.0,100,Buy,232014433
2024-08-16 09:37:28,129700.0,100,Buy,232014434
2024-08-16 09:37:28,129700.0,100,Buy,232014435
2024-08-16 09:37:28,129700.0,200,Buy,232014436
2024-08-16 09:37:53,129700.0,100,Buy,232015198
2024-08-16 09:38:05,129600.0,100,Sell,232015588
2024-08-16 09:38:14,129700.0,100,Buy,232015872
2024-08-16 09:38:23,129600.0,200,Sell,232016155
2024-08-16 09:38:23,129600.0,200,Sell,232016154
2024-08-16 09:38:23,129600.0,300,Sell,232016151
2024-08-16 09:38:23,129600.0,100,Sell,232016152
2024-08-16 09:38:23,129600.0,5000,Sell,232016153
2024-08-16 09:38:26,129600.0,200,Buy,232016253
2024-08-16 09:38:28,129600.0,100,Buy,232016359
2024-08-16 09:38:32,129500.0,100,Sell,232016458
2024-08-16 09:38:45,129600.0,300,Buy,232016835
2024-08-16 09:38:45,129600.0,200,Buy,232016899
2024-08-16 09:38:47,129600.0,700,Buy,232016943
2024-08-16 09:38:47,129600.0,100,Buy,232016944
2024-08-16 09:38:47,129600.0,1000,Buy,232016945
2024-08-16 09:38:47,129600.0,100,Buy,232016946
2024-08-16 09:38:48,129600.0,300,Sell,232017074
2024-08-16 09:38:58,129700.0,600,Buy,232017331
2024-08-16 09:39:05,129700.0,100,Buy,232017651
2024-08-16 09:39:22,129600.0,500,Sell,232018292
2024-08-16 09:39:25,129600.0,100,Sell,232018464
2024-08-16 09:39:27,129600.0,200,Sell,232018599
2024-08-16 09:39:27,129600.0,100,Sell,232018600
2024-08-16 09:39:27,129600.0,100,Sell,232018601
2024-08-16 09:39:27,129600.0,1000,Sell,232018602
2024-08-16 09:39:27,129600.0,200,Sell,232018603
2024-08-16 09:39:30,129500.0,100,Sell,232018687
2024-08-16 09:39:57,129500.0,100,Sell,232020171
2024-08-16 09:40:11,129500.0,100,Sell,232020826
2024-08-16 09:40:14,129500.0,200,Sell,232021084
2024-08-16 09:40:14,129500.0,1000,Sell,232020994
2024-08-16 09:40:18,129500.0,100,Sell,232021198
2024-08-16 09:40:24,129500.0,100,Sell,232021559
2024-08-16 09:40:28,129600.0,500,Buy,232021712
2024-08-16 09:40:37,129500.0,300,Sell,232022166
2024-08-16 09:40:37,129500.0,2200,Sell,232022177
2024-08-16 09:40:37,129500.0,200,Sell,232022176
2024-08-16 09:40:37,129500.0,100,Sell,232022173
2024-08-16 09:40:37,129500.0,200,Sell,232022172
2024-08-16 09:40:37,129500.0,200,Sell,232022175
2024-08-16 09:40:37,129500.0,100,Sell,232022170
2024-08-16 09:40:37,129500.0,100,Sell,232022169
2024-08-16 09:40:37,129500.0,100,Sell,232022168
2024-08-16 09:40:37,129500.0,200,Sell,232022167
2024-08-16 09:40:37,129500.0,200,Sell,232022171
2024-08-16 09:40:37,129500.0,100,Sell,232022174
2024-08-16 09:40:38,129500.0,800,Sell,232022211
2024-08-16 09:40:41,129500.0,100,Buy,232022308
2024-08-16 09:40:43,129500.0,800,Sell,232022453
2024-08-16 09:40:44,129500.0,100,Sell,232022539
2024-08-16 09:40:51,129500.0,100,Sell,232022925
2024-08-16 09:41:03,129500.0,100,Sell,232023456
2024-08-16 09:41:18,129500.0,100,Sell,232024094
2024-08-16 09:41:23,129500.0,1000,Sell,232024296
2024-08-16 09:41:24,129500.0,200,Sell,232024365
2024-08-16 09:41:37,129500.0,2000,Sell,232024876
2024-08-16 09:41:39,129500.0,400,Sell,232024963
2024-08-16 09:41:45,129500.0,100,Sell,232025257
2024-08-16 09:41:45,129500.0,100,Sell,232025278
2024-08-16 09:41:58,129600.0,600,Buy,232025697
2024-08-16 09:42:04,129600.0,600,Buy,232026020
2024-08-16 09:42:12,129500.0,100,Sell,232026400
2024-08-16 09:42:32,129500.0,900,Sell,232027423
2024-08-16 09:42:32,129500.0,1100,Sell,232027424
2024-08-16 09:42:34,129500.0,400,Sell,232027481
2024-08-16 09:42:38,129600.0,300,Buy,232027665
2024-08-16 09:42:38,129600.0,2000,Buy,232027666
2024-08-16 09:42:38,129600.0,3000,Buy,232027667
2024-08-16 09:42:38,129600.0,100,Buy,232027668
2024-08-16 09:42:38,129600.0,200,Buy,232027669
2024-08-16 09:42:38,129600.0,2200,Buy,232027670
2024-08-16 09:42:38,129600.0,200,Buy,232027663
2024-08-16 09:42:39,129500.0,100,Sell,232027716
2024-08-16 09:42:40,129500.0,1700,Sell,232027767
2024-08-16 09:42:41,129600.0,100,Buy,232027816
2024-08-16 09:42:41,129600.0,100,Buy,232027815
2024-08-16 09:42:41,129600.0,100,Buy,232027814
2024-08-16 09:42:41,129600.0,700,Buy,232027813
2024-08-16 09:42:46,129500.0,100,Sell,232027939
2024-08-16 09:42:53,129600.0,500,Buy,232028312
2024-08-16 09:42:53,129600.0,1200,Buy,232028313
2024-08-16 09:42:53,129600.0,100,Buy,232028324
2024-08-16 09:42:57,129600.0,200,Buy,232028451
2024-08-16 09:43:28,129600.0,500,Buy,232029663
2024-08-16 09:43:28,129600.0,100,Buy,232029664
2024-08-16 09:43:37,129500.0,100,Sell,232030067
2024-08-16 09:43:55,129500.0,2000,Sell,232030852
2024-08-16 09:43:56,129500.0,400,Sell,232030920
2024-08-16 09:43:58,129600.0,100,Buy,232030981
2024-08-16 09:43:58,129600.0,100,Buy,232030980
2024-08-16 09:43:58,129600.0,200,Buy,232030979
2024-08-16 09:44:05,129500.0,2100,Sell,232031187
2024-08-16 09:44:05,129500.0,200,Sell,232031188
2024-08-16 09:44:05,129500.0,3700,Sell,232031189
2024-08-16 09:44:08,129600.0,200,Sell,232031257
2024-08-16 09:44:08,129500.0,1000,Sell,232031258
2024-08-16 09:44:08,129500.0,200,Sell,232031292
2024-08-16 09:44:35,129500.0,100,Sell,232032283
2024-08-16 09:44:58,129600.0,500,Buy,232033016
2024-08-16 09:45:02,129500.0,100,Sell,232033154
2024-08-16 09:45:07,129500.0,100,Sell,232033296
2024-08-16 09:45:14,129500.0,100,Sell,232033568
2024-08-16 09:45:14,129400.0,1800,Sell,232033569
2024-08-16 09:45:14,129500.0,100,Sell,232033567
2024-08-16 09:45:17,129400.0,400,Sell,232033634
2024-08-16 09:45:29,129400.0,100,Sell,232033989
2024-08-16 09:45:54,129500.0,900,Sell,232034631
2024-08-16 09:45:54,129500.0,100,Sell,232034632
2024-08-16 09:45:55,129500.0,100,Sell,232034643
2024-08-16 09:45:56,129400.0,100,Sell,232034674
2024-08-16 09:45:57,129400.0,300,Sell,232034691
2024-08-16 09:46:02,129400.0,100,Sell,232034849
2024-08-16 09:46:23,129400.0,100,Sell,232035367
2024-08-16 09:46:28,129500.0,600,Buy,232035491
2024-08-16 09:46:37,129500.0,200,Buy,232035748
2024-08-16 09:46:37,129500.0,100,Buy,232035749
2024-08-16 09:46:37,129500.0,100,Buy,232035750
2024-08-16 09:46:37,129500.0,200,Buy,232035751
2024-08-16 09:46:37,129500.0,400,Buy,232035747
2024-08-16 09:46:58,129500.0,300,Buy,232036277
2024-08-16 09:46:58,129500.0,100,Buy,232036278
2024-08-16 09:46:58,129500.0,200,Buy,232036279
2024-08-16 09:46:58,129500.0,400,Buy,232036280
2024-08-16 09:47:22,129400.0,100,Sell,232036871
2024-08-16 09:47:30,129500.0,100,Buy,232037021
2024-08-16 09:47:30,129500.0,200,Buy,232037020
2024-08-16 09:47:30,129500.0,100,Buy,232037019
2024-08-16 09:47:40,129400.0,1000,Sell,232037272
2024-08-16 09:47:40,129400.0,200,Sell,232037297
2024-08-16 09:47:58,129600.0,600,Buy,232037753
2024-08-16 09:47:59,129400.0,100,Sell,232037793
2024-08-16 09:48:00,129400.0,100,Sell,232037832
2024-08-16 09:48:08,129400.0,600,Sell,232038018
2024-08-16 09:48:08,129400.0,100,Sell,232038019
2024-08-16 09:48:08,129400.0,300,Sell,232038020
2024-08-16 09:48:10,129400.0,200,Sell,232038100
2024-08-16 09:48:20,129400.0,100,Sell,232038278
2024-08-16 09:48:29,129500.0,800,Buy,232038511
2024-08-16 09:48:29,129500.0,100,Buy,232038512
2024-08-16 09:48:37,129500.0,100,Buy,232038662
2024-08-16 09:49:18,129500.0,100,Sell,232039688
2024-08-16 09:49:19,129500.0,100,Sell,232039731
2024-08-16 09:49:29,129500.0,500,Buy,232040026
2024-08-16 09:49:45,129400.0,100,Sell,232040373
2024-08-16 09:49:45,129500.0,200,Buy,232040374
2024-08-16 09:49:50,129400.0,2300,Sell,232040526
2024-08-16 09:49:52,129400.0,400,Sell,232040593
2024-08-16 09:50:00,129500.0,900,Buy,232040760
2024-08-16 09:50:00,129500.0,100,Buy,232040761
2024-08-16 09:50:00,129500.0,100,Buy,232040762
2024-08-16 09:50:00,129500.0,400,Buy,232040763
2024-08-16 09:50:27,129500.0,300,Buy,232041464
2024-08-16 09:50:35,129500.0,100,Buy,232041665
2024-08-16 09:50:59,129600.0,300,Buy,232042200
2024-08-16 09:50:59,129600.0,100,Buy,232042197
2024-08-16 09:50:59,129600.0,100,Buy,232042198
2024-08-16 09:50:59,129600.0,100,Buy,232042199
2024-08-16 09:51:03,129500.0,400,Sell,232042305
2024-08-16 09:51:03,129500.0,100,Sell,232042306
2024-08-16 09:51:04,129500.0,100,Sell,232042326
2024-08-16 09:51:15,129500.0,100,Sell,232042574
2024-08-16 09:51:34,129500.0,900,Sell,232042974
2024-08-16 09:51:34,129500.0,100,Sell,232042975
2024-08-16 09:51:36,129500.0,200,Sell,232043049
2024-08-16 09:51:39,129500.0,200,Sell,232043106
2024-08-16 09:51:42,129400.0,100,Sell,232043193
2024-08-16 09:51:53,129400.0,200,Sell,232043402
2024-08-16 09:51:53,129400.0,200,Sell,232043403
2024-08-16 09:51:53,129400.0,200,Sell,232043404
2024-08-16 09:51:53,129400.0,500,Sell,232043405
2024-08-16 09:51:53,129400.0,100,Sell,232043406
2024-08-16 09:51:53,129400.0,100,Sell,232043407
2024-08-16 09:51:53,129400.0,100,Sell,232043408
2024-08-16 09:51:53,129400.0,500,Sell,232043409
2024-08-16 09:51:53,129400.0,100,Sell,232043410
2024-08-16 09:51:54,129400.0,400,Sell,232043440
2024-08-16 09:51:55,129500.0,100,Buy,232043461
2024-08-16 09:51:55,129500.0,200,Buy,232043460
2024-08-16 09:51:56,129400.0,200,Sell,232043529
2024-08-16 09:51:56,129300.0,2100,Sell,232043530
2024-08-16 09:51:56,129500.0,100,Sell,232043528
2024-08-16 09:51:58,129300.0,500,Sell,232043622
2024-08-16 09:51:59,129300.0,700,Sell,232043628
2024-08-16 09:52:00,129300.0,200,Sell,232043655
2024-08-16 09:52:05,129300.0,100,Sell,232043746
2024-08-16 09:52:29,129500.0,100,Buy,232044370
2024-08-16 09:52:29,129500.0,400,Buy,232044371
2024-08-16 09:52:40,129300.0,100,Sell,232044704
2024-08-16 09:52:54,129300.0,700,Sell,232045027
2024-08-16 09:52:56,129300.0,100,Sell,232045075
2024-08-16 09:53:07,129300.0,100,Sell,232045358
2024-08-16 09:53:22,129300.0,400,Sell,232045733
2024-08-16 09:53:22,129300.0,100,Sell,232045734
2024-08-16 09:53:24,129300.0,100,Sell,232045779
2024-08-16 09:53:34,129400.0,100,Sell,232046112
2024-08-16 09:53:49,129400.0,600,Sell,232046443
2024-08-16 09:53:50,129400.0,100,Sell,232046472
2024-08-16 09:53:59,129400.0,200,Sell,232046729
2024-08-16 09:53:59,129400.0,100,Sell,232046730
2024-08-16 09:53:59,129500.0,600,Buy,232046735
2024-08-16 09:54:01,129400.0,100,Sell,232046773
2024-08-16 09:54:28,129400.0,100,Sell,232047496
2024-08-16 09:54:35,129400.0,1600,Sell,232047663
2024-08-16 09:54:35,129400.0,300,Sell,232047664
2024-08-16 09:54:36,129400.0,300,Sell,232047691
2024-08-16 09:54:40,129400.0,300,Sell,232047800
2024-08-16 09:54:40,129400.0,200,Sell,232047801
2024-08-16 09:54:40,129400.0,1000,Sell,232047802
2024-08-16 09:54:40,129400.0,500,Sell,232047803
2024-08-16 09:54:40,129400.0,500,Sell,232047804
2024-08-16 09:54:40,129300.0,1100,Sell,232047805
2024-08-16 09:54:41,129300.0,700,Sell,232047828
2024-08-16 09:54:43,129300.0,100,Sell,232047852
2024-08-16 09:54:45,129300.0,300,Sell,232047918
2024-08-16 09:54:45,129300.0,400,Sell,232047917
2024-08-16 09:54:46,129300.0,100,Sell,232047940
2024-08-16 09:54:48,129400.0,100,Sell,232047984
2024-08-16 09:54:55,129300.0,100,Sell,232048182
2024-08-16 09:55:00,129500.0,500,Buy,232048347
2024-08-16 09:55:22,129400.0,100,Sell,232048884
2024-08-16 09:55:29,129500.0,600,Buy,232049025
2024-08-16 09:55:34,129500.0,100,Buy,232049109
2024-08-16 09:55:49,129500.0,1000,Buy,232049376
2024-08-16 09:55:49,129400.0,100,Sell,232049386
2024-08-16 09:55:49,129500.0,1100,Buy,232049374
2024-08-16 09:55:49,129500.0,100,Buy,232049375
2024-08-16 09:55:49,129500.0,800,Buy,232049373
2024-08-16 09:55:50,129400.0,400,Sell,232049400
2024-08-16 09:55:50,129400.0,100,Sell,232049401
2024-08-16 09:55:50,129400.0,100,Sell,232049402
2024-08-16 09:55:52,129400.0,100,Sell,232049434
2024-08-16 09:56:16,129400.0,100,Sell,232049783
2024-08-16 09:56:36,129400.0,600,Sell,232050177
2024-08-16 09:56:38,129400.0,100,Sell,232050217
2024-08-16 09:56:43,129400.0,100,Sell,232050311
2024-08-16 09:56:54,129400.0,200,Sell,232050468
2024-08-16 09:56:59,129500.0,500,Buy,232050579
2024-08-16 09:57:10,129400.0,100,Sell,232050850
2024-08-16 09:57:32,129400.0,100,Sell,232051287
2024-08-16 09:57:38,129300.0,100,Sell,232051396
2024-08-16 09:58:04,129300.0,100,Sell,232051823
2024-08-16 09:58:29,129300.0,300,Sell,232052240
2024-08-16 09:58:29,129300.0,100,Sell,232052241
2024-08-16 09:58:29,129300.0,300,Sell,232052242
2024-08-16 09:58:29,129400.0,600,Buy,232052256
2024-08-16 09:58:31,129300.0,100,Sell,232052288
2024-08-16 09:58:46,129400.0,100,Buy,232052654
2024-08-16 09:58:46,129400.0,200,Sell,232052663
2024-08-16 09:58:46,129400.0,1000,Buy,232052652
2024-08-16 09:58:46,129400.0,100,Buy,232052651
2024-08-16 09:58:46,129400.0,200,Buy,232052653
2024-08-16 09:59:12,129400.0,800,Sell,232053107
2024-08-16 09:59:12,129400.0,200,Sell,232053108
2024-08-16 09:59:14,129400.0,200,Sell,232053133
2024-08-16 09:59:24,129400.0,600,Sell,232053285
2024-08-16 09:59:24,129400.0,100,Sell,232053294
2024-08-16 09:59:31,129400.0,100,Sell,232053585
2024-08-16 09:59:58,129500.0,500,Buy,232054147
2024-08-16 09:59:58,129500.0,400,Buy,232054148
2024-08-16 09:59:58,129400.0,100,Sell,232054162
2024-08-16 09:59:59,129500.0,600,Buy,232054187
2024-08-16 10:00:04,129500.0,1000,Buy,232054271
2024-08-16 10:00:25,129400.0,100,Sell,232054818
2024-08-16 10:00:37,129400.0,100,Sell,232055116
2024-08-16 10:00:37,129400.0,2000,Sell,232055117
2024-08-16 10:00:37,129400.0,1000,Sell,232055118
2024-08-16 10:00:37,129400.0,100,Sell,232055119
2024-08-16 10:00:37,129400.0,200,Sell,232055120
2024-08-16 10:00:37,129300.0,100,Sell,232055121
2024-08-16 10:00:37,129300.0,100,Sell,232055122
2024-08-16 10:00:37,129300.0,100,Sell,232055123
2024-08-16 10:00:37,129300.0,300,Sell,232055124
2024-08-16 10:00:38,129300.0,100,Sell,232055144
2024-08-16 10:00:38,129300.0,500,Sell,232055142
2024-08-16 10:00:38,129300.0,200,Sell,232055143
2024-08-16 10:00:41,129300.0,100,Sell,232055186
2024-08-16 10:00:52,129300.0,100,Sell,232055500
2024-08-16 10:01:08,129300.0,1000,Sell,232055866
2024-08-16 10:01:16,129400.0,200,Sell,232055997
2024-08-16 10:01:16,129400.0,700,Sell,232056043
2024-08-16 10:01:18,129500.0,200,Buy,232056085
2024-08-16 10:01:18,129400.0,100,Sell,232056096
2024-08-16 10:01:19,129400.0,100,Sell,232056106
2024-08-16 10:01:29,129500.0,500,Buy,232056323
2024-08-16 10:01:43,129400.0,2000,Sell,232056527
2024-08-16 10:01:44,129400.0,400,Sell,232056560
2024-08-16 10:01:45,129500.0,100,Buy,232056564
2024-08-16 10:01:46,129400.0,100,Sell,232056575
2024-08-16 10:01:55,129500.0,1000,Buy,232056765
2024-08-16 10:02:12,129500.0,200,Buy,232057301
2024-08-16 10:02:13,129400.0,100,Sell,232057412
2024-08-16 10:02:29,129400.0,1000,Sell,232057874
2024-08-16 10:02:30,129400.0,200,Sell,232057939
2024-08-16 10:02:40,129400.0,100,Sell,232058355
2024-08-16 10:02:46,129400.0,200,Sell,232058484
2024-08-16 10:02:53,129400.0,1000,Buy,232058647
2024-08-16 10:03:00,129400.0,600,Buy,232058819
2024-08-16 10:03:02,129400.0,200,Buy,232058855
2024-08-16 10:03:02,129400.0,100,Buy,232058856
2024-08-16 10:03:02,129400.0,100,Buy,232058854
2024-08-16 10:03:07,129300.0,100,Sell,232058955
2024-08-16 10:03:34,129300.0,100,Sell,232059520
2024-08-16 10:03:42,129300.0,500,Sell,232059643
2024-08-16 10:03:44,129300.0,100,Sell,232059667
2024-08-16 10:04:01,129300.0,100,Sell,232060035
2024-08-16 10:04:02,129300.0,700,Sell,232060067
2024-08-16 10:04:04,129400.0,500,Buy,232060120
2024-08-16 10:04:15,129400.0,100,Buy,232060382
2024-08-16 10:04:21,129400.0,200,Buy,232060522
2024-08-16 10:04:21,129400.0,100,Buy,232060521
2024-08-16 10:04:21,129400.0,1300,Buy,232060517
2024-08-16 10:04:21,129400.0,700,Buy,232060519
2024-08-16 10:04:21,129400.0,100,Buy,232060518
2024-08-16 10:04:21,129400.0,2000,Buy,232060520
2024-08-16 10:04:24,129400.0,900,Buy,232060611
2024-08-16 10:04:26,129400.0,100,Sell,232060651
2024-08-16 10:04:30,129500.0,500,Buy,232060748
2024-08-16 10:05:00,129400.0,1500,Sell,232061777
2024-08-16 10:05:00,129400.0,500,Sell,232061776
2024-08-16 10:05:00,129400.0,800,Sell,232061775
2024-08-16 10:05:00,129400.0,200,Sell,232061774
2024-08-16 10:05:01,129400.0,100,Sell,232061797
2024-08-16 10:05:02,129400.0,600,Sell,232061838
2024-08-16 10:05:04,129400.0,100,Sell,232061872
2024-08-16 10:05:10,129500.0,100,Buy,232062027
2024-08-16 10:05:13,129500.0,100,Buy,232062105
2024-08-16 10:05:13,129500.0,100,Buy,232062104
2024-08-16 10:05:13,129500.0,500,Buy,232062103
2024-08-16 10:05:13,129500.0,700,Buy,232062102
2024-08-16 10:05:13,129500.0,100,Buy,232062101
2024-08-16 10:05:13,129500.0,800,Buy,232062106
2024-08-16 10:05:13,129500.0,100,Buy,232062099
2024-08-16 10:05:13,129500.0,100,Buy,232062098
2024-08-16 10:05:13,129500.0,600,Buy,232062097
2024-08-16 10:05:13,129500.0,1000,Buy,232062096
2024-08-16 10:05:13,129500.0,100,Buy,232062095
2024-08-16 10:05:13,129500.0,400,Buy,232062094
2024-08-16 10:05:13,129500.0,400,Buy,232062100
2024-08-16 10:05:28,129400.0,100,Sell,232062445
2024-08-16 10:05:47,129500.0,100,Buy,232062791
2024-08-16 10:05:55,129400.0,100,Sell,232062999
2024-08-16 10:06:00,129500.0,600,Buy,232063141
2024-08-16 10:06:05,129500.0,100,Buy,232063254
2024-08-16 10:06:09,129500.0,100,Buy,232063329
2024-08-16 10:06:09,129500.0,100,Buy,232063335
2024-08-16 10:06:09,129500.0,600,Buy,232063334
2024-08-16 10:06:09,129500.0,200,Buy,232063333
2024-08-16 10:06:09,129500.0,500,Buy,232063332
2024-08-16 10:06:09,129500.0,100,Buy,232063331
2024-08-16 10:06:09,129500.0,300,Buy,232063330
2024-08-16 10:06:09,129500.0,600,Buy,232063336
2024-08-16 10:06:09,129500.0,100,Buy,232063328
2024-08-16 10:06:09,129500.0,100,Buy,232063319
2024-08-16 10:06:09,129500.0,100,Buy,232063326
2024-08-16 10:06:09,129500.0,200,Buy,232063325
2024-08-16 10:06:09,129500.0,100,Buy,232063324
2024-08-16 10:06:09,129500.0,100,Buy,232063323
2024-08-16 10:06:09,129500.0,100,Buy,232063322
2024-08-16 10:06:09,129500.0,500,Buy,232063321
2024-08-16 10:06:09,129500.0,100,Buy,232063320
2024-08-16 10:06:09,129500.0,700,Buy,232063327
2024-08-16 10:06:09,129500.0,400,Buy,232063318
2024-08-16 10:06:12,129400.0,100,Sell,232063382
2024-08-16 10:06:12,129500.0,200,Buy,232063387
2024-08-16 10:06:18,129500.0,900,Buy,232063564
2024-08-16 10:06:22,129400.0,100,Sell,232063618
2024-08-16 10:06:35,129400.0,100,Sell,232063898
2024-08-16 10:06:37,129500.0,100,Buy,232063918
2024-08-16 10:06:37,129500.0,100,Buy,232063928
2024-08-16 10:06:37,129500.0,100,Buy,232063927
2024-08-16 10:06:37,129500.0,1000,Buy,232063926
2024-08-16 10:06:37,129500.0,100,Buy,232063925
2024-08-16 10:06:37,129500.0,200,Buy,232063924
2024-08-16 10:06:37,129500.0,100,Buy,232063929
2024-08-16 10:06:37,129500.0,200,Buy,232063922
2024-08-16 10:06:37,129500.0,2000,Buy,232063921
2024-08-16 10:06:37,129500.0,1000,Buy,232063920
2024-08-16 10:06:37,129500.0,600,Buy,232063919
2024-08-16 10:06:37,129500.0,700,Buy,232063923
2024-08-16 10:06:37,129500.0,800,Buy,232063917
2024-08-16 10:06:38,129500.0,1400,Sell,232063975
2024-08-16 10:06:40,129500.0,200,Sell,232064022
2024-08-16 10:06:49,129500.0,700,Sell,232064329
2024-08-16 10:06:50,129500.0,100,Sell,232064353
2024-08-16 10:07:06,129500.0,300,Sell,232064687
2024-08-16 10:07:09,129500.0,200,Sell,232064772
2024-08-16 10:07:15,129600.0,100,Buy,232064865
2024-08-16 10:07:19,129600.0,100,Buy,232064974
2024-08-16 10:07:19,129600.0,100,Buy,232064976
2024-08-16 10:07:19,129600.0,1000,Buy,232064975
2024-08-16 10:07:19,129600.0,900,Buy,232064973
2024-08-16 10:07:19,129600.0,500,Buy,232064969
2024-08-16 10:07:19,129500.0,100,Sell,232064968
2024-08-16 10:07:19,129600.0,400,Buy,232064971
2024-08-16 10:07:20,129600.0,500,Buy,232064978
2024-08-16 10:07:22,129700.0,100,Buy,232065057
2024-08-16 10:07:22,129800.0,9900,Buy,232065058
2024-08-16 10:07:22,129800.0,100,Buy,232065059
2024-08-16 10:07:22,129800.0,200,Buy,232065060
2024-08-16 10:07:22,129800.0,100,Buy,232065061
2024-08-16 10:07:22,129800.0,200,Buy,232065062
2024-08-16 10:07:22,129800.0,100,Buy,232065063
2024-08-16 10:07:22,129700.0,600,Buy,232065056
2024-08-16 10:07:22,129800.0,500,Buy,232065067
2024-08-16 10:07:22,129800.0,100,Buy,232065069
2024-08-16 10:07:22,129800.0,100,Buy,232065070
2024-08-16 10:07:22,129800.0,100,Buy,232065071
2024-08-16 10:07:22,129900.0,200,Buy,232065072
2024-08-16 10:07:22,129900.0,100,Buy,232065073
2024-08-16 10:07:22,129900.0,1600,Buy,232065074
2024-08-16 10:07:22,129800.0,100,Buy,232065064
2024-08-16 10:07:22,129700.0,100,Buy,232065055
2024-08-16 10:07:22,129800.0,100,Buy,232065066
2024-08-16 10:07:22,129700.0,2000,Buy,232065053
2024-08-16 10:07:22,129700.0,100,Buy,232065054
2024-08-16 10:07:22,129600.0,1400,Buy,232065037
2024-08-16 10:07:22,129600.0,100,Buy,232065038
2024-08-16 10:07:22,129600.0,5000,Buy,232065039
2024-08-16 10:07:22,129600.0,100,Buy,232065040
2024-08-16 10:07:22,129600.0,100,Buy,232065041
2024-08-16 10:07:22,129600.0,2000,Buy,232065042
2024-08-16 10:07:22,129600.0,100,Buy,232065043
2024-08-16 10:07:22,129600.0,700,Buy,232065044
2024-08-16 10:07:22,129800.0,100,Buy,232065065
2024-08-16 10:07:22,129700.0,9900,Buy,232065045
2024-08-16 10:07:22,129700.0,1000,Buy,232065051
2024-08-16 10:07:22,129700.0,1100,Buy,232065050
2024-08-16 10:07:22,129700.0,1100,Buy,232065049
2024-08-16 10:07:22,129700.0,7100,Buy,232065052
2024-08-16 10:07:22,129700.0,2000,Buy,232065047
2024-08-16 10:07:22,129700.0,1700,Buy,232065046
2024-08-16 10:07:22,129700.0,100,Buy,232065048
2024-08-16 10:07:25,129900.0,400,Buy,232065147
2024-08-16 10:07:25,129900.0,100,Buy,232065148
2024-08-16 10:07:26,129900.0,2000,Buy,232065155
2024-08-16 10:07:26,129900.0,100,Buy,232065153
2024-08-16 10:07:26,129900.0,200,Buy,232065154
2024-08-16 10:07:26,129900.0,400,Buy,232065151
2024-08-16 10:07:26,129900.0,300,Buy,232065150
2024-08-16 10:07:26,129900.0,200,Buy,232065149
2024-08-16 10:07:26,129900.0,100,Buy,232065152
2024-08-16 10:07:28,130000.0,100,Buy,232065264
2024-08-16 10:07:28,130000.0,100,Buy,232065259
2024-08-16 10:07:28,130000.0,500,Buy,232065260
2024-08-16 10:07:28,130000.0,100,Buy,232065261
2024-08-16 10:07:28,130000.0,1000,Buy,232065262
2024-08-16 10:07:28,130000.0,100,Buy,232065263
2024-08-16 10:07:28,130000.0,500,Buy,232065265
2024-08-16 10:07:28,130000.0,100,Buy,232065282
2024-08-16 10:07:28,130000.0,100,Buy,232065267
2024-08-16 10:07:28,130000.0,100,Buy,232065279
2024-08-16 10:07:28,130000.0,8000,Buy,232065280
2024-08-16 10:07:28,130000.0,500,Buy,232065258
2024-08-16 10:07:28,130000.0,100,Buy,232065283
2024-08-16 10:07:28,130000.0,100,Buy,232065284
2024-08-16 10:07:28,130000.0,300,Buy,232065285
2024-08-16 10:07:28,130000.0,100,Buy,232065266
2024-08-16 10:07:28,130000.0,100,Buy,232065257
2024-08-16 10:07:28,130000.0,100,Buy,232065281
2024-08-16 10:07:28,130000.0,100,Buy,232065255
2024-08-16 10:07:28,130000.0,100,Buy,232065256
2024-08-16 10:07:28,129600.0,100,Buy,232065238
2024-08-16 10:07:28,129900.0,3300,Buy,232065239
2024-08-16 10:07:28,129900.0,100,Buy,232065240
2024-08-16 10:07:28,129900.0,100,Buy,232065241
2024-08-16 10:07:28,129900.0,100,Buy,232065242
2024-08-16 10:07:28,129900.0,5400,Buy,232065243
2024-08-16 10:07:28,129900.0,100,Buy,232065244
2024-08-16 10:07:28,130000.0,1600,Buy,232065268
2024-08-16 10:07:28,130000.0,200,Buy,232065254
2024-08-16 10:07:28,129900.0,10500,Buy,232065246
2024-08-16 10:07:28,129900.0,700,Buy,232065247
2024-08-16 10:07:28,130000.0,100,Buy,232065248
2024-08-16 10:07:28,130000.0,100,Buy,232065249
2024-08-16 10:07:28,130000.0,400,Buy,232065250
2024-08-16 10:07:28,130000.0,600,Buy,232065252
2024-08-16 10:07:28,130000.0,10000,Buy,232065253
2024-08-16 10:07:28,129900.0,2100,Buy,232065245
2024-08-16 10:07:30,130000.0,400,Buy,232065337
2024-08-16 10:07:30,130000.0,200,Buy,232065336
2024-08-16 10:07:51,130000.0,100,Buy,232065890
2024-08-16 10:07:51,130000.0,500,Buy,232065901
2024-08-16 10:08:05,129900.0,100,Buy,232066378
2024-08-16 10:08:16,129800.0,400,Sell,232066654
2024-08-16 10:08:18,129700.0,100,Sell,232066702
2024-08-16 10:08:26,129700.0,100,Sell,232066900
2024-08-16 10:08:36,129600.0,500,Sell,232067153
2024-08-16 10:08:36,129600.0,500,Sell,232067155
2024-08-16 10:08:38,129600.0,100,Sell,232067185
2024-08-16 10:08:38,129600.0,1500,Buy,232067186
2024-08-16 10:08:44,129600.0,100,Buy,232067332
2024-08-16 10:08:45,129500.0,100,Sell,232067355
2024-08-16 10:08:54,129800.0,100,Buy,232067561
2024-08-16 10:08:54,129700.0,1000,Buy,232067560
2024-08-16 10:08:54,129600.0,600,Buy,232067557
2024-08-16 10:08:54,129600.0,100,Buy,232067558
2024-08-16 10:08:54,129600.0,1300,Buy,232067556
2024-08-16 10:08:54,129700.0,1900,Buy,232067559
2024-08-16 10:08:59,129800.0,200,Buy,232067719
2024-08-16 10:09:00,129800.0,500,Buy,232067771
2024-08-16 10:09:07,129800.0,100,Buy,232068044
2024-08-16 10:09:09,129800.0,700,Buy,232068114
2024-08-16 10:09:09,129800.0,300,Buy,232068115
2024-08-16 10:09:15,129600.0,100,Sell,232068461
2024-08-16 10:09:36,129600.0,200,Sell,232069002
2024-08-16 10:09:36,129600.0,500,Sell,232069003
2024-08-16 10:09:38,129600.0,100,Sell,232069050
2024-08-16 10:09:43,129600.0,100,Sell,232069181
2024-08-16 10:10:10,129600.0,100,Sell,232070090
2024-08-16 10:10:13,129600.0,700,Sell,232070181
2024-08-16 10:10:13,129600.0,1000,Sell,232070182
2024-08-16 10:10:14,129700.0,100,Buy,232070216
2024-08-16 10:10:14,129600.0,300,Sell,232070219
2024-08-16 10:10:22,129600.0,100,Sell,232070434
2024-08-16 10:10:30,129700.0,600,Buy,232070705
2024-08-16 10:10:37,129600.0,100,Sell,232070943
2024-08-16 10:10:38,129700.0,600,Buy,232070972
2024-08-16 10:10:38,129700.0,1400,Buy,232070971
2024-08-16 10:10:42,129600.0,1900,Sell,232071150
2024-08-16 10:10:44,129600.0,300,Sell,232071268
2024-08-16 10:11:04,129600.0,100,Sell,232071851
2024-08-16 10:11:25,129600.0,200,Sell,232072503
2024-08-16 10:11:27,129600.0,600,Sell,232072619
2024-08-16 10:11:28,129600.0,100,Sell,232072639
2024-08-16 10:11:31,129600.0,100,Sell,232072722
2024-08-16 10:11:47,129600.0,200,Sell,232073395
2024-08-16 10:11:47,129600.0,1700,Sell,232073398
2024-08-16 10:11:48,129600.0,300,Sell,232073446
2024-08-16 10:11:51,129600.0,1000,Sell,232073522
2024-08-16 10:11:52,129600.0,200,Sell,232073544
2024-08-16 10:11:56,129600.0,1000,Sell,232073801
2024-08-16 10:11:56,129600.0,100,Sell,232073800
2024-08-16 10:11:56,129600.0,100,Sell,232073799
2024-08-16 10:11:56,129600.0,2000,Sell,232073798
2024-08-16 10:11:56,129600.0,400,Sell,232073797
2024-08-16 10:11:56,129600.0,100,Sell,232073796
2024-08-16 10:11:56,129600.0,1000,Sell,232073793
2024-08-16 10:11:56,129600.0,100,Sell,232073792
2024-08-16 10:11:56,129600.0,100,Sell,232073791
2024-08-16 10:11:56,129600.0,3000,Sell,232073790
2024-08-16 10:11:56,129600.0,400,Sell,232073789
2024-08-16 10:11:56,129600.0,1800,Sell,232073788
2024-08-16 10:11:56,129600.0,200,Sell,232073794
2024-08-16 10:11:56,129600.0,100,Sell,232073795
2024-08-16 10:11:58,129500.0,100,Sell,232073846
2024-08-16 10:12:00,129600.0,600,Buy,232073933
2024-08-16 10:12:06,129600.0,100,Buy,232074117
2024-08-16 10:12:16,129600.0,200,Buy,232074400
2024-08-16 10:12:18,129600.0,100,Buy,232074469
2024-08-16 10:12:23,129600.0,200,Buy,232074587
2024-08-16 10:12:25,129500.0,100,Sell,232074673
2024-08-16 10:12:25,129600.0,900,Buy,232074672
2024-08-16 10:12:26,129500.0,200,Sell,232074710
2024-08-16 10:12:37,129600.0,2300,Buy,232074981
2024-08-16 10:12:52,129500.0,100,Sell,232075429
2024-08-16 10:12:57,129500.0,100,Sell,232075617
2024-08-16 10:12:57,129500.0,1400,Sell,232075618
2024-08-16 10:12:57,129500.0,1300,Sell,232075615
2024-08-16 10:12:57,129500.0,100,Sell,232075614
2024-08-16 10:12:57,129500.0,100,Sell,232075616
2024-08-16 10:12:58,129500.0,300,Sell,232075667
2024-08-16 10:12:58,129500.0,300,Sell,232075666
2024-08-16 10:13:01,129500.0,100,Sell,232075707
2024-08-16 10:13:18,129500.0,700,Sell,232076321
2024-08-16 10:13:19,129600.0,400,Buy,232076363
2024-08-16 10:13:19,129500.0,100,Sell,232076373
2024-08-16 10:13:20,129500.0,200,Sell,232076457
2024-08-16 10:13:24,129600.0,100,Buy,232076582
2024-08-16 10:13:30,129600.0,500,Buy,232076801
2024-08-16 10:13:31,129600.0,200,Buy,232076840
2024-08-16 10:13:37,129600.0,100,Buy,232077309
2024-08-16 10:13:39,129600.0,1000,Buy,232077504
2024-08-16 10:13:39,129600.0,100,Buy,232077518
2024-08-16 10:13:46,129600.0,1300,Buy,232077665
2024-08-16 10:13:46,129500.0,100,Sell,232077670
2024-08-16 10:13:48,129500.0,200,Sell,232077732
2024-08-16 10:13:53,129600.0,500,Buy,232077946
2024-08-16 10:14:00,129600.0,1000,Buy,232078176
2024-08-16 10:14:00,129600.0,700,Buy,232078177
2024-08-16 10:14:05,129600.0,100,Buy,232078372
2024-08-16 10:14:05,129600.0,100,Buy,232078371
2024-08-16 10:14:05,129600.0,300,Buy,232078373
2024-08-16 10:14:05,129600.0,100,Buy,232078369
2024-08-16 10:14:05,129600.0,500,Buy,232078368
2024-08-16 10:14:05,129600.0,100,Buy,232078367
2024-08-16 10:14:05,129600.0,200,Buy,232078370
2024-08-16 10:14:06,129600.0,200,Sell,232078466
2024-08-16 10:14:10,129700.0,100,Buy,232078603
2024-08-16 10:14:10,129700.0,100,Buy,232078604
2024-08-16 10:14:10,129700.0,800,Buy,232078605
2024-08-16 10:14:35,129700.0,1000,Buy,232079829
2024-08-16 10:14:38,129700.0,100,Buy,232079911
2024-08-16 10:14:39,129700.0,100,Buy,232079988
2024-08-16 10:14:39,129700.0,1000,Buy,232079989
2024-08-16 10:14:43,129600.0,100,Sell,232080127
2024-08-16 10:15:00,129700.0,600,Buy,232081023
2024-08-16 10:15:01,129600.0,1100,Sell,232081090
2024-08-16 10:15:01,129600.0,900,Sell,232081091
2024-08-16 10:15:02,129600.0,500,Sell,232081216
2024-08-16 10:15:05,129600.0,100,Sell,232081308
2024-08-16 10:15:11,129600.0,700,Sell,232081635
2024-08-16 10:15:11,129600.0,100,Sell,232081636
2024-08-16 10:15:12,129600.0,5000,Sell,232081716
2024-08-16 10:15:12,129600.0,1200,Sell,232081759
2024-08-16 10:15:14,129600.0,200,Sell,232081810
2024-08-16 10:15:19,129700.0,1400,Buy,232082076
2024-08-16 10:15:19,129700.0,200,Buy,232082077
2024-08-16 10:15:19,129700.0,100,Buy,232082078
2024-08-16 10:15:20,129600.0,100,Sell,232082194
2024-08-16 10:15:21,129700.0,200,Buy,232082230
2024-08-16 10:15:25,129700.0,100,Buy,232082492
2024-08-16 10:15:25,129700.0,200,Buy,232082493
2024-08-16 10:15:25,129700.0,200,Buy,232082494
2024-08-16 10:15:25,129700.0,200,Buy,232082495
2024-08-16 10:15:25,129700.0,300,Buy,232082491
2024-08-16 10:15:37,129600.0,100,Sell,232082975
2024-08-16 10:15:40,129700.0,200,Buy,232083131
2024-08-16 10:15:46,129700.0,200,Buy,232083519
2024-08-16 10:16:04,129600.0,100,Sell,232084455
2024-08-16 10:16:06,129600.0,700,Sell,232084483
2024-08-16 10:16:06,129600.0,100,Sell,232084521
2024-08-16 10:16:31,129600.0,100,Sell,232085895
2024-08-16 10:16:31,129700.0,500,Buy,232085881
2024-08-16 10:16:32,129600.0,100,Sell,232086009
2024-08-16 10:16:38,129600.0,300,Sell,232086371
2024-08-16 10:16:45,129600.0,700,Sell,232086697
2024-08-16 10:16:45,129600.0,2300,Sell,232086698
2024-08-16 10:16:46,129600.0,600,Sell,232086772
2024-08-16 10:16:48,129600.0,100,Sell,232086866
2024-08-16 10:16:50,129700.0,100,Buy,232086947
2024-08-16 10:16:54,129700.0,200,Buy,232087088
2024-08-16 10:16:59,129600.0,100,Sell,232087483
2024-08-16 10:17:01,129600.0,600,Sell,232087620
2024-08-16 10:17:02,129600.0,100,Sell,232087670
2024-08-16 10:17:03,129600.0,100,Sell,232087754
2024-08-16 10:17:03,129600.0,1000,Sell,232087753
2024-08-16 10:17:03,129600.0,1000,Sell,232087752
2024-08-16 10:17:03,129600.0,100,Sell,232087751
2024-08-16 10:17:03,129600.0,1700,Sell,232087749
2024-08-16 10:17:03,129600.0,200,Sell,232087747
2024-08-16 10:17:03,129600.0,4200,Sell,232087746
2024-08-16 10:17:03,129600.0,100,Sell,232087750
2024-08-16 10:17:03,129600.0,200,Sell,232087748
2024-08-16 10:17:15,129600.0,200,Buy,232088396
2024-08-16 10:17:19,129600.0,4600,Buy,232088712
2024-08-16 10:17:21,129600.0,200,Buy,232088755
2024-08-16 10:17:26,129500.0,100,Sell,232089061
2024-08-16 10:17:27,129600.0,2000,Buy,232089121
2024-08-16 10:17:34,129600.0,100,Buy,232089580
2024-08-16 10:17:36,129500.0,300,Sell,232089777
2024-08-16 10:17:36,129500.0,1900,Sell,232089746
2024-08-16 10:17:39,129600.0,500,Buy,232089942
2024-08-16 10:17:41,129600.0,500,Buy,232090106
2024-08-16 10:17:43,129600.0,100,Buy,232090173
2024-08-16 10:17:53,129500.0,100,Sell,232090714
2024-08-16 10:17:56,129500.0,1900,Sell,232090902
2024-08-16 10:17:57,129600.0,1000,Buy,232090964
2024-08-16 10:17:58,129600.0,100,Buy,232091000
2024-08-16 10:18:01,129600.0,600,Buy,232091177
2024-08-16 10:18:02,129600.0,200,Buy,232091205
2024-08-16 10:18:17,129500.0,1900,Sell,232092380
2024-08-16 10:18:18,129500.0,300,Sell,232092520
2024-08-16 10:18:19,129600.0,500,Buy,232092615
2024-08-16 10:18:20,129500.0,100,Sell,232092618
2024-08-16 10:18:20,129500.0,100,Sell,232092676
2024-08-16 10:18:27,129600.0,700,Buy,232093113
2024-08-16 10:18:38,129600.0,100,Buy,232093784
2024-08-16 10:18:38,129600.0,1800,Buy,232093785
2024-08-16 10:18:38,129600.0,100,Buy,232093786
2024-08-16 10:18:47,129500.0,100,Sell,232094460
2024-08-16 10:18:50,129600.0,300,Buy,232094718
2024-08-16 10:18:51,129600.0,1000,Buy,232094738
2024-08-16 10:18:53,129500.0,1900,Sell,232094886
2024-08-16 10:18:54,129500.0,300,Sell,232094977
2024-08-16 10:19:00,129600.0,1000,Buy,232095362
2024-08-16 10:19:09,129600.0,100,Buy,232095772
2024-08-16 10:19:10,129600.0,100,Buy,232095800
2024-08-16 10:19:12,129600.0,200,Buy,232096028
2024-08-16 10:19:14,129500.0,1900,Sell,232096142
2024-08-16 10:19:14,129500.0,100,Sell,232096143
2024-08-16 10:19:16,129500.0,400,Sell,232096320
2024-08-16 10:19:20,129500.0,1000,Sell,232096519
2024-08-16 10:19:22,129500.0,200,Sell,232096682
2024-08-16 10:19:24,129500.0,400,Sell,232096768
2024-08-16 10:19:24,129500.0,100,Sell,232096837
2024-08-16 10:19:31,129600.0,200,Buy,232097217
2024-08-16 10:19:31,129600.0,400,Buy,232097218
2024-08-16 10:19:34,129600.0,500,Buy,232097331
2024-08-16 10:19:40,129600.0,100,Buy,232097708
2024-08-16 10:19:40,129600.0,400,Buy,232097707
2024-08-16 10:19:41,129500.0,100,Sell,232097837
2024-08-16 10:19:41,129600.0,100,Buy,232097854
2024-08-16 10:19:43,129600.0,100,Buy,232098091
2024-08-16 10:19:43,129600.0,100,Buy,232098092
2024-08-16 10:19:43,129600.0,700,Buy,232098093
2024-08-16 10:19:43,129600.0,600,Buy,232098094
2024-08-16 10:19:43,129600.0,100,Buy,232098095
2024-08-16 10:19:43,129600.0,1700,Buy,232098096
2024-08-16 10:19:44,129600.0,100,Buy,232098152
2024-08-16 10:19:44,129600.0,100,Buy,232098151
2024-08-16 10:19:44,129600.0,100,Buy,232098150
2024-08-16 10:19:44,129600.0,1000,Buy,232098149
2024-08-16 10:19:44,129600.0,1000,Buy,232098109
2024-08-16 10:19:44,129600.0,100,Buy,232098103
2024-08-16 10:19:44,129600.0,200,Buy,232098107
2024-08-16 10:19:44,129600.0,700,Buy,232098106
2024-08-16 10:19:44,129600.0,200,Buy,232098105
2024-08-16 10:19:44,129600.0,400,Buy,232098104
2024-08-16 10:19:44,129600.0,1300,Buy,232098100
2024-08-16 10:19:44,129600.0,100,Buy,232098108
2024-08-16 10:19:45,129600.0,700,Sell,232098189
2024-08-16 10:19:45,129600.0,800,Sell,232098190
2024-08-16 10:19:47,129600.0,500,Buy,232098268
2024-08-16 10:19:48,129600.0,500,Sell,232098416
2024-08-16 10:19:48,129600.0,100,Sell,232098415
2024-08-16 10:19:53,129600.0,100,Buy,232098778
2024-08-16 10:20:02,129600.0,100,Buy,232099549
2024-08-16 10:20:03,129600.0,900,Sell,232099589
2024-08-16 10:20:03,129600.0,100,Sell,232099590
2024-08-16 10:20:03,129600.0,1000,Sell,232099591
2024-08-16 10:20:04,129600.0,400,Sell,232099778
2024-08-16 10:20:23,129600.0,200,Sell,232100820
2024-08-16 10:20:24,129600.0,300,Sell,232100943
2024-08-16 10:20:24,129600.0,500,Sell,232100942
2024-08-16 10:20:24,129600.0,400,Sell,232100938
2024-08-16 10:20:24,129600.0,100,Sell,232100940
2024-08-16 10:20:24,129600.0,500,Sell,232100941
2024-08-16 10:20:24,129600.0,100,Sell,232100939
2024-08-16 10:20:26,129600.0,300,Sell,232101126
2024-08-16 10:20:35,129600.0,600,Sell,232101621
2024-08-16 10:20:36,129600.0,100,Sell,232101715
2024-08-16 10:20:36,129700.0,1900,Buy,232101720
2024-08-16 10:20:38,129600.0,100,Sell,232101817
2024-08-16 10:20:38,129600.0,400,Sell,232101844
2024-08-16 10:20:40,129600.0,100,Sell,232101965
2024-08-16 10:20:44,129600.0,100,Sell,232102248
2024-08-16 10:20:44,129600.0,600,Sell,232102249
2024-08-16 10:20:46,129600.0,100,Sell,232102410
2024-08-16 10:20:46,129600.0,200,Sell,232102385
2024-08-16 10:20:46,129600.0,100,Sell,232102384
2024-08-16 10:20:46,129600.0,500,Sell,232102383
2024-08-16 10:20:46,129600.0,200,Sell,232102381
2024-08-16 10:20:46,129600.0,400,Sell,232102380
2024-08-16 10:20:46,129600.0,500,Sell,232102382
2024-08-16 10:20:48,129600.0,400,Sell,232102512
2024-08-16 10:20:53,129700.0,1900,Buy,232102763
2024-08-16 10:20:53,129700.0,100,Buy,232102764
2024-08-16 10:20:58,129700.0,300,Buy,232103230
2024-08-16 10:20:58,129700.0,700,Buy,232103231
2024-08-16 10:21:01,129700.0,300,Buy,232103575
2024-08-16 10:21:01,129700.0,200,Buy,232103576
2024-08-16 10:21:04,129700.0,100,Buy,232103810
2024-08-16 10:21:05,129600.0,100,Sell,232103845
2024-08-16 10:21:08,129700.0,1000,Buy,232104146
2024-08-16 10:21:19,129700.0,500,Buy,232104974
2024-08-16 10:21:20,129700.0,1000,Buy,232105061
2024-08-16 10:21:23,129700.0,400,Buy,232105235
2024-08-16 10:21:23,129700.0,100,Buy,232105236
2024-08-16 10:21:23,129700.0,500,Buy,232105237
2024-08-16 10:21:23,129700.0,500,Buy,232105257
2024-08-16 10:21:24,129700.0,2500,Buy,232105312
2024-08-16 10:21:26,129700.0,200,Buy,232105416
2024-08-16 10:21:26,129700.0,100,Buy,232105447
2024-08-16 10:21:27,129700.0,1000,Buy,232105496
2024-08-16 10:21:29,129700.0,400,Buy,232105603
2024-08-16 10:21:31,129700.0,3000,Buy,232105704
2024-08-16 10:21:32,129600.0,100,Sell,232105795
2024-08-16 10:21:40,129600.0,300,Sell,232106310
2024-08-16 10:21:40,129600.0,400,Sell,232106309
2024-08-16 10:21:41,129600.0,100,Sell,232106412
2024-08-16 10:21:42,129700.0,500,Buy,232106447
2024-08-16 10:21:44,129700.0,100,Buy,232106596
2024-08-16 10:21:44,129700.0,600,Buy,232106595
2024-08-16 10:21:44,129700.0,100,Buy,232106594
2024-08-16 10:21:44,129700.0,200,Buy,232106591
2024-08-16 10:21:44,129700.0,5100,Buy,232106593
2024-08-16 10:21:44,129700.0,200,Buy,232106592
2024-08-16 10:21:44,129700.0,500,Buy,232106590
2024-08-16 10:21:44,129700.0,100,Buy,232106584
2024-08-16 10:21:44,129700.0,300,Buy,232106588
2024-08-16 10:21:44,129700.0,1300,Buy,232106581
2024-08-16 10:21:44,129700.0,400,Buy,232106582
2024-08-16 10:21:44,129700.0,200,Buy,232106583
2024-08-16 10:21:44,129700.0,4000,Buy,232106589
2024-08-16 10:21:44,129700.0,100,Buy,232106586
2024-08-16 10:21:44,129700.0,200,Buy,232106587
2024-08-16 10:21:44,129700.0,200,Buy,232106585
2024-08-16 10:21:47,129700.0,100,Buy,232106830
2024-08-16 10:21:48,129700.0,500,Buy,232106960
2024-08-16 10:21:49,129700.0,1000,Buy,232106983
2024-08-16 10:21:58,129700.0,1000,Buy,232107604
2024-08-16 10:21:59,129700.0,100,Buy,232107737
2024-08-16 10:21:59,129700.0,200,Buy,232107736
2024-08-16 10:22:00,129700.0,200,Buy,232107818
2024-08-16 10:22:00,129700.0,100,Buy,232107819
2024-08-16 10:22:00,129700.0,200,Buy,232107817
2024-08-16 10:22:03,129700.0,100,Sell,232108060
2024-08-16 10:22:04,129700.0,100,Sell,232108199
2024-08-16 10:22:13,129800.0,1000,Buy,232108876
2024-08-16 10:22:18,129800.0,2400,Buy,232109278
2024-08-16 10:22:18,129800.0,200,Buy,232109279
2024-08-16 10:22:18,129800.0,100,Buy,232109276
2024-08-16 10:22:18,129800.0,100,Buy,232109275
2024-08-16 10:22:18,129800.0,1000,Buy,232109274
2024-08-16 10:22:18,129800.0,2000,Buy,232109277
2024-08-16 10:22:22,129800.0,1200,Sell,232109468
2024-08-16 10:22:24,129800.0,600,Sell,232109640
2024-08-16 10:22:24,129800.0,100,Sell,232109639
2024-08-16 10:22:24,129800.0,200,Sell,232109641
2024-08-16 10:22:24,129800.0,200,Sell,232109637
2024-08-16 10:22:24,129800.0,2800,Sell,232109636
2024-08-16 10:22:24,129800.0,200,Sell,232109635
2024-08-16 10:22:24,129800.0,100,Sell,232109638
2024-08-16 10:22:25,129900.0,2000,Buy,232109651
2024-08-16 10:22:25,129900.0,300,Buy,232109712
2024-08-16 10:22:29,129800.0,1000,Sell,232109989
2024-08-16 10:22:31,129900.0,600,Buy,232110099
2024-08-16 10:22:32,129800.0,200,Sell,232110125
2024-08-16 10:22:32,129800.0,100,Sell,232110155
2024-08-16 10:22:34,129800.0,500,Sell,232110241
2024-08-16 10:22:34,129800.0,300,Sell,232110242
2024-08-16 10:22:35,129800.0,100,Sell,232110304
2024-08-16 10:22:35,129800.0,200,Sell,232110302
2024-08-16 10:22:35,129800.0,200,Sell,232110303
2024-08-16 10:22:36,129800.0,200,Buy,232110340
2024-08-16 10:22:36,129800.0,200,Sell,232110341
2024-08-16 10:22:44,129900.0,1000,Buy,232110873
2024-08-16 10:22:44,129800.0,100,Sell,232110874
2024-08-16 10:22:45,129800.0,2000,Sell,232110976
2024-08-16 10:22:46,129800.0,400,Sell,232111102
2024-08-16 10:22:46,129900.0,300,Buy,232111044
2024-08-16 10:22:48,129800.0,100,Sell,232111220
2024-08-16 10:22:54,129800.0,100,Sell,232111676
2024-08-16 10:22:54,129800.0,100,Sell,232111677
2024-08-16 10:22:56,129800.0,100,Buy,232111788
2024-08-16 10:22:56,129800.0,200,Buy,232111789
2024-08-16 10:23:00,129800.0,1000,Buy,232112051
2024-08-16 10:23:02,129700.0,100,Sell,232112191
2024-08-16 10:23:03,129800.0,100,Buy,232112309
2024-08-16 10:23:06,129700.0,1900,Sell,232112585
2024-08-16 10:23:06,129800.0,200,Buy,232112497
2024-08-16 10:23:06,129800.0,100,Buy,232112498
2024-08-16 10:23:06,129800.0,700,Buy,232112496
2024-08-16 10:23:08,129700.0,300,Sell,232112759
2024-08-16 10:23:11,129800.0,100,Buy,232112938
2024-08-16 10:23:12,129800.0,100,Buy,232113091
2024-08-16 10:23:12,129800.0,100,Buy,232113092
2024-08-16 10:23:12,129800.0,100,Buy,232113093
2024-08-16 10:23:12,129800.0,100,Buy,232113100
2024-08-16 10:23:16,129800.0,300,Buy,232113453
2024-08-16 10:23:16,129800.0,100,Buy,232113452
2024-08-16 10:23:16,129800.0,100,Buy,232113451
2024-08-16 10:23:17,129800.0,100,Sell,232113598
2024-08-16 10:23:21,129700.0,1400,Sell,232113905
2024-08-16 10:23:21,129700.0,100,Sell,232113906
2024-08-16 10:23:21,129700.0,100,Sell,232113907
2024-08-16 10:23:21,129700.0,200,Sell,232113908
2024-08-16 10:23:21,129700.0,100,Sell,232113909
2024-08-16 10:23:21,129700.0,300,Sell,232113910
2024-08-16 10:23:21,129800.0,200,Sell,232113904
2024-08-16 10:23:22,129700.0,200,Sell,232114028
2024-08-16 10:23:22,129700.0,300,Sell,232114029
2024-08-16 10:23:30,129700.0,100,Buy,232114534
2024-08-16 10:23:31,129700.0,100,Buy,232114603
2024-08-16 10:23:42,129700.0,100,Buy,232115319
2024-08-16 10:23:42,129700.0,200,Buy,232115328
2024-08-16 10:23:48,129700.0,1000,Buy,232115763
2024-08-16 10:23:53,129700.0,400,Buy,232116190
2024-08-16 10:23:58,129700.0,100,Buy,232116510
2024-08-16 10:23:58,129700.0,200,Buy,232116511
2024-08-16 10:23:58,129700.0,600,Buy,232116512
2024-08-16 10:23:58,129700.0,3500,Buy,232116513
2024-08-16 10:23:58,129700.0,200,Buy,232116514
2024-08-16 10:24:00,129700.0,500,Sell,232116663
2024-08-16 10:24:01,129700.0,400,Buy,232116708
2024-08-16 10:24:02,129700.0,100,Sell,232116791
2024-08-16 10:24:14,129800.0,200,Buy,232117468
2024-08-16 10:24:15,129900.0,1200,Buy,232117556
2024-08-16 10:24:15,129900.0,1700,Buy,232117555
2024-08-16 10:24:15,129800.0,1800,Buy,232117552
2024-08-16 10:24:15,129800.0,200,Buy,232117553
2024-08-16 10:24:15,129800.0,100,Buy,232117554
2024-08-16 10:24:31,129800.0,300,Buy,232118558
2024-08-16 10:24:31,129800.0,200,Buy,232118559
2024-08-16 10:24:32,129800.0,100,Sell,232118647
2024-08-16 10:24:35,129700.0,1100,Sell,232118895
2024-08-16 10:24:35,129700.0,100,Sell,232118894
2024-08-16 10:24:35,129800.0,300,Sell,232118893
2024-08-16 10:24:35,129800.0,400,Sell,232118892
2024-08-16 10:24:36,129700.0,300,Sell,232118945
2024-08-16 10:24:40,129900.0,800,Buy,232119203
2024-08-16 10:24:40,129900.0,100,Buy,232119204
2024-08-16 10:24:40,129900.0,100,Buy,232119205
2024-08-16 10:24:40,129900.0,100,Buy,232119206
2024-08-16 10:24:40,129900.0,100,Buy,232119207
2024-08-16 10:24:40,129900.0,300,Buy,232119208
2024-08-16 10:24:41,129900.0,200,Buy,232119265
2024-08-16 10:24:50,129900.0,200,Buy,232119963
2024-08-16 10:25:03,129900.0,500,Buy,232121042
2024-08-16 10:25:03,129900.0,300,Buy,232121041
2024-08-16 10:25:04,129800.0,100,Sell,232121157
2024-08-16 10:25:05,129900.0,200,Buy,232121223
2024-08-16 10:25:05,129900.0,100,Buy,232121235
2024-08-16 10:25:05,129900.0,100,Buy,232121234
2024-08-16 10:25:05,129900.0,500,Buy,232121222
2024-08-16 10:25:05,129900.0,700,Buy,232121231
2024-08-16 10:25:05,129900.0,1500,Buy,232121230
2024-08-16 10:25:05,129900.0,100,Buy,232121233
2024-08-16 10:25:05,129900.0,500,Buy,232121228
2024-08-16 10:25:05,129900.0,200,Buy,232121227
2024-08-16 10:25:05,129900.0,3000,Buy,232121226
2024-08-16 10:25:05,129900.0,1300,Buy,232121225
2024-08-16 10:25:05,129900.0,2000,Buy,232121224
2024-08-16 10:25:05,129900.0,1000,Buy,232121229
2024-08-16 10:25:05,129900.0,300,Buy,232121232
2024-08-16 10:25:06,129900.0,700,Sell,232121314
2024-08-16 10:25:09,129900.0,200,Buy,232121453
2024-08-16 10:25:17,129800.0,4600,Sell,232122076
2024-08-16 10:25:18,129800.0,900,Sell,232122175
2024-08-16 10:25:20,129800.0,100,Sell,232122345
2024-08-16 10:25:22,129800.0,700,Sell,232122516
2024-08-16 10:25:24,129800.0,100,Sell,232122744
2024-08-16 10:25:28,129800.0,700,Sell,232123019
2024-08-16 10:25:29,129800.0,100,Sell,232123074
2024-08-16 10:25:31,129900.0,500,Buy,232123211
2024-08-16 10:25:42,129800.0,2000,Sell,232124011
2024-08-16 10:25:44,129800.0,400,Sell,232124340
2024-08-16 10:25:47,129900.0,1000,Buy,232124670
2024-08-16 10:25:51,129900.0,100,Buy,232124888
2024-08-16 10:25:51,129900.0,5100,Buy,232124896
2024-08-16 10:25:51,129900.0,1300,Buy,232124895
2024-08-16 10:25:51,129900.0,2000,Buy,232124894
2024-08-16 10:25:51,129900.0,1000,Sell,232124906
2024-08-16 10:25:51,129900.0,1000,Buy,232124892
2024-08-16 10:25:51,129900.0,100,Buy,232124891
2024-08-16 10:25:51,129900.0,5700,Buy,232124890
2024-08-16 10:25:51,129900.0,3000,Buy,232124889
2024-08-16 10:25:51,129900.0,100,Buy,232124893
2024-08-16 10:25:51,129900.0,200,Buy,232124897
2024-08-16 10:25:52,129900.0,400,Sell,232125067
2024-08-16 10:25:56,129900.0,100,Buy,232125406
2024-08-16 10:25:57,129900.0,100,Buy,232125466
2024-08-16 10:25:58,129900.0,3500,Buy,232125528
2024-08-16 10:25:58,129900.0,1000,Buy,232125529
2024-08-16 10:25:58,129900.0,900,Sell,232125564
2024-08-16 10:26:00,129900.0,3000,Sell,232125653
2024-08-16 10:26:00,129900.0,800,Sell,232125691
2024-08-16 10:26:02,129900.0,100,Sell,232125822
2024-08-16 10:26:04,129900.0,300,Sell,232125929
2024-08-16 10:26:06,129900.0,100,Sell,232126060
2024-08-16 10:26:06,129900.0,100,Sell,232126075
2024-08-16 10:26:06,129900.0,400,Sell,232126059
2024-08-16 10:26:06,129900.0,500,Sell,232126061
2024-08-16 10:26:08,129900.0,2000,Sell,232126210
2024-08-16 10:26:08,129900.0,200,Sell,232126223
2024-08-16 10:26:10,129900.0,400,Sell,232126358
2024-08-16 10:26:17,129900.0,100,Sell,232126989
2024-08-16 10:26:18,129900.0,600,Sell,232127164
2024-08-16 10:26:19,129900.0,700,Sell,232127226
2024-08-16 10:26:19,129900.0,1000,Sell,232127227
2024-08-16 10:26:20,129900.0,400,Sell,232127338
2024-08-16 10:26:24,129900.0,100,Sell,232127577
2024-08-16 10:26:28,129900.0,300,Sell,232127829
2024-08-16 10:26:28,129900.0,100,Sell,232127830
2024-08-16 10:26:28,129900.0,1500,Sell,232127831
2024-08-16 10:26:28,129900.0,200,Sell,232127832
2024-08-16 10:26:28,129900.0,500,Sell,232127833
2024-08-16 10:26:28,129900.0,100,Sell,232127834
2024-08-16 10:26:28,129900.0,500,Sell,232127828
2024-08-16 10:26:30,129900.0,600,Sell,232128047
2024-08-16 10:26:32,129900.0,100,Sell,232128142
2024-08-16 10:26:33,129900.0,900,Sell,232128174
2024-08-16 10:26:33,129900.0,4100,Sell,232128172
2024-08-16 10:26:33,129900.0,100,Sell,232128171
2024-08-16 10:26:33,129900.0,100,Sell,232128173
2024-08-16 10:26:34,129900.0,1100,Sell,232128385
2024-08-16 10:26:36,129900.0,200,Sell,232128540
2024-08-16 10:26:38,129900.0,1000,Sell,232128659
2024-08-16 10:26:41,129900.0,200,Sell,232128800
2024-08-16 10:26:41,129900.0,800,Sell,232128801
2024-08-16 10:26:42,129900.0,200,Sell,232128911
2024-08-16 10:26:45,130000.0,100,Buy,232129086
2024-08-16 10:26:45,130000.0,300,Buy,232129087
2024-08-16 10:26:45,130000.0,200,Buy,232129088
2024-08-16 10:26:47,129900.0,1000,Sell,232129164
2024-08-16 10:26:48,129900.0,200,Sell,232129233
2024-08-16 10:26:52,129900.0,100,Sell,232129452
2024-08-16 10:26:55,130000.0,1900,Buy,232129619
2024-08-16 10:26:55,129900.0,3700,Sell,232129637
2024-08-16 10:26:55,129900.0,700,Sell,232129638
2024-08-16 10:26:55,129900.0,2000,Sell,232129639
2024-08-16 10:26:55,129900.0,100,Sell,232129640
2024-08-16 10:26:56,129900.0,100,Buy,232129646
2024-08-16 10:26:59,129900.0,800,Buy,232129871
2024-08-16 10:27:00,129800.0,100,Sell,232129933
2024-08-16 10:27:00,129800.0,100,Sell,232130003
2024-08-16 10:27:01,129900.0,600,Buy,232130054
2024-08-16 10:27:02,129900.0,3500,Buy,232130112
2024-08-16 10:27:05,129900.0,200,Buy,232130270
2024-08-16 10:27:11,129900.0,8300,Buy,232130683
2024-08-16 10:27:11,129900.0,1700,Buy,232130684
2024-08-16 10:27:11,129900.0,100,Buy,232130685
2024-08-16 10:27:11,129900.0,2900,Buy,232130686
2024-08-16 10:27:11,129900.0,100,Buy,232130687
2024-08-16 10:27:11,129900.0,700,Buy,232130688
2024-08-16 10:27:11,129900.0,5100,Buy,232130689
2024-08-16 10:27:11,129900.0,1000,Buy,232130690
2024-08-16 10:27:12,129900.0,100,Sell,232130814
2024-08-16 10:27:13,129900.0,100,Buy,232130845
2024-08-16 10:27:25,129800.0,100,Sell,232131679
2024-08-16 10:27:25,129900.0,3900,Buy,232131646
2024-08-16 10:27:25,129900.0,700,Buy,232131647
2024-08-16 10:27:25,129900.0,400,Buy,232131648
2024-08-16 10:27:29,129900.0,100,Buy,232131865
2024-08-16 10:27:37,130000.0,18800,Buy,232132425
2024-08-16 10:27:37,130000.0,100,Buy,232132424
2024-08-16 10:27:37,130000.0,100,Buy,232132423
2024-08-16 10:27:37,130000.0,100,Buy,232132422
2024-08-16 10:27:37,130000.0,100,Buy,232132421
2024-08-16 10:27:37,130000.0,300,Buy,232132420
2024-08-16 10:27:37,130000.0,400,Buy,232132418
2024-08-16 10:27:37,129900.0,1000,Buy,232132417
2024-08-16 10:27:37,129900.0,100,Buy,232132416
2024-08-16 10:27:37,129900.0,1000,Buy,232132415
2024-08-16 10:27:37,129900.0,1400,Buy,232132414
2024-08-16 10:27:37,129900.0,3500,Buy,232132413
2024-08-16 10:27:37,130000.0,200,Buy,232132419
2024-08-16 10:27:42,130000.0,100,Buy,232132648
2024-08-16 10:27:45,129900.0,1500,Sell,232132773
2024-08-16 10:27:45,129900.0,1600,Sell,232132774
2024-08-16 10:27:47,129900.0,600,Sell,232132954
2024-08-16 10:27:48,129900.0,100,Sell,232133080
2024-08-16 10:28:00,129900.0,1900,Sell,232133905
2024-08-16 10:28:02,129900.0,2800,Sell,232134127
2024-08-16 10:28:02,129900.0,500,Sell,232134125
2024-08-16 10:28:02,129900.0,300,Sell,232134085
2024-08-16 10:28:02,129900.0,100,Sell,232134126
2024-08-16 10:28:04,130000.0,300,Buy,232134260
2024-08-16 10:28:04,130000.0,500,Buy,232134267
2024-08-16 10:28:04,130000.0,500,Buy,232134266
2024-08-16 10:28:04,130000.0,100,Buy,232134265
2024-08-16 10:28:04,130000.0,6000,Buy,232134264
2024-08-16 10:28:04,130000.0,700,Buy,232134263
2024-08-16 10:28:04,130000.0,2000,Buy,232134262
2024-08-16 10:28:04,130000.0,2000,Buy,232134261
2024-08-16 10:28:04,130000.0,100,Buy,232134259
2024-08-16 10:28:04,130000.0,100,Buy,232134251
2024-08-16 10:28:04,130000.0,400,Buy,232134257
2024-08-16 10:28:04,130000.0,100,Buy,232134256
2024-08-16 10:28:04,130000.0,1000,Buy,232134255
2024-08-16 10:28:04,130000.0,2000,Buy,232134254
2024-08-16 10:28:04,130000.0,100,Buy,232134253
2024-08-16 10:28:04,130000.0,700,Buy,232134252
2024-08-16 10:28:04,130000.0,200,Buy,232134268
2024-08-16 10:28:04,130000.0,200,Buy,232134250
2024-08-16 10:28:04,130000.0,500,Buy,232134258
2024-08-16 10:28:04,130000.0,100,Buy,232134269
2024-08-16 10:28:04,130000.0,2000,Buy,232134277
2024-08-16 10:28:04,130000.0,100,Buy,232134271
2024-08-16 10:28:04,130000.0,1400,Buy,232134291
2024-08-16 10:28:04,130000.0,600,Buy,232134290
2024-08-16 10:28:04,130000.0,500,Buy,232134289
2024-08-16 10:28:04,130000.0,100,Buy,232134288
2024-08-16 10:28:04,130000.0,500,Buy,232134287
2024-08-16 10:28:04,130000.0,100,Buy,232134286
2024-08-16 10:28:04,130000.0,100,Buy,232134285
2024-08-16 10:28:04,130000.0,300,Buy,232134283
2024-08-16 10:28:04,130000.0,1500,Buy,232134282
2024-08-16 10:28:04,130000.0,200,Buy,232134281
2024-08-16 10:28:04,130000.0,100,Buy,232134280
2024-08-16 10:28:04,130000.0,500,Buy,232134279
2024-08-16 10:28:04,130000.0,200,Buy,232134278
2024-08-16 10:28:04,130000.0,500,Buy,232134249
2024-08-16 10:28:04,130000.0,100,Buy,232134276
2024-08-16 10:28:04,130000.0,1000,Buy,232134275
2024-08-16 10:28:04,130000.0,200,Buy,232134274
2024-08-16 10:28:04,130000.0,200,Buy,232134273
2024-08-16 10:28:04,130000.0,200,Buy,232134272
2024-08-16 10:28:04,130000.0,100,Buy,232134270
2024-08-16 10:28:04,130000.0,200,Buy,232134248
2024-08-16 10:28:04,130000.0,1000,Buy,232134284
2024-08-16 10:28:04,130000.0,3000,Buy,232134246
2024-08-16 10:28:04,130000.0,1000,Buy,232134217
2024-08-16 10:28:04,130000.0,1000,Buy,232134216
2024-08-16 10:28:04,130000.0,600,Buy,232134215
2024-08-16 10:28:04,130000.0,100,Buy,232134214
2024-08-16 10:28:04,130000.0,200,Buy,232134213
2024-08-16 10:28:04,130000.0,1000,Buy,232134212
2024-08-16 10:28:04,130000.0,3000,Buy,232134211
2024-08-16 10:28:04,130000.0,500,Buy,232134210
2024-08-16 10:28:04,130000.0,100,Buy,232134247
2024-08-16 10:28:04,130000.0,1000,Buy,232134208
2024-08-16 10:28:04,130000.0,1000,Buy,232134207
2024-08-16 10:28:04,130000.0,1100,Buy,232134199
2024-08-16 10:28:04,130000.0,100,Buy,232134206
2024-08-16 10:28:04,130000.0,100,Buy,232134205
2024-08-16 10:28:04,130000.0,900,Buy,232134204
2024-08-16 10:28:04,130000.0,200,Buy,232134203
2024-08-16 10:28:04,130000.0,200,Buy,232134202
2024-08-16 10:28:04,130000.0,100,Buy,232134201
2024-08-16 10:28:04,130000.0,300,Buy,232134200
2024-08-16 10:28:04,130000.0,100,Buy,232134218
2024-08-16 10:28:04,130000.0,1000,Buy,232134219
2024-08-16 10:28:04,130000.0,100,Buy,232134209
2024-08-16 10:28:04,130000.0,300,Buy,232134221
2024-08-16 10:28:04,130000.0,100,Buy,232134220
2024-08-16 10:28:04,130000.0,100,Buy,232134245
2024-08-16 10:28:04,130000.0,2700,Buy,232134244
2024-08-16 10:28:04,130000.0,100,Buy,232134243
2024-08-16 10:28:04,130000.0,100,Buy,232134242
2024-08-16 10:28:04,130000.0,500,Buy,232134241
2024-08-16 10:28:04,130000.0,500,Buy,232134240
2024-08-16 10:28:04,130000.0,800,Buy,232134239
2024-08-16 10:28:04,130000.0,6500,Buy,232134238
2024-08-16 10:28:04,130000.0,200,Buy,232134232
2024-08-16 10:28:04,130000.0,100,Buy,232134233
2024-08-16 10:28:04,130000.0,100,Buy,232134230
2024-08-16 10:28:04,130000.0,100,Buy,232134229
2024-08-16 10:28:04,130000.0,100,Buy,232134228
2024-08-16 10:28:04,130000.0,20000,Buy,232134227
2024-08-16 10:28:04,130000.0,1000,Buy,232134226
2024-08-16 10:28:04,130000.0,100,Buy,232134225
2024-08-16 10:28:04,130000.0,100,Buy,232134224
2024-08-16 10:28:04,130000.0,100,Buy,232134223
2024-08-16 10:28:04,130000.0,100,Buy,232134222
2024-08-16 10:28:04,130000.0,300,Buy,232134231
2024-08-16 10:28:11,130000.0,5100,Buy,232134911
2024-08-16 10:28:11,130000.0,14400,Buy,232134913
2024-08-16 10:28:11,130000.0,100,Buy,232134912
2024-08-16 10:28:11,130000.0,5600,Buy,232134910
2024-08-16 10:28:11,130000.0,500,Buy,232134905
2024-08-16 10:28:11,130000.0,100,Buy,232134908
2024-08-16 10:28:11,130000.0,300,Buy,232134907
2024-08-16 10:28:11,130000.0,200,Buy,232134906
2024-08-16 10:28:11,130000.0,3600,Buy,232134904
2024-08-16 10:28:11,130000.0,100,Buy,232134909
2024-08-16 10:28:13,130000.0,200,Buy,232135051
2024-08-16 10:28:14,130000.0,500,Buy,232135109
2024-08-16 10:28:16,130000.0,400,Buy,232135213
2024-08-16 10:28:17,130000.0,400,Buy,232135283
2024-08-16 10:28:17,130000.0,100,Buy,232135282
2024-08-16 10:28:20,130000.0,200,Buy,232135486
2024-08-16 10:28:22,129900.0,1900,Sell,232135615
2024-08-16 10:28:24,130000.0,300,Buy,232135697
2024-08-16 10:28:31,129900.0,2700,Sell,232136085
2024-08-16 10:28:32,130000.0,500,Buy,232136129
2024-08-16 10:28:32,130000.0,500,Buy,232136136
2024-08-16 10:28:32,130000.0,500,Buy,232136137
2024-08-16 10:28:33,130000.0,100,Buy,232136200
2024-08-16 10:28:33,130000.0,200,Buy,232136151
2024-08-16 10:28:33,130000.0,300,Buy,232136152
2024-08-16 10:28:38,130000.0,100,Buy,232136442
2024-08-16 10:28:38,130000.0,500,Buy,232136443
2024-08-16 10:28:45,130000.0,100,Buy,232136775
2024-08-16 10:28:48,130000.0,200,Buy,232136990
2024-08-16 10:28:58,129900.0,100,Sell,232137557
2024-08-16 10:28:58,130000.0,2000,Buy,232137570
2024-08-16 10:29:10,130000.0,1000,Buy,232138177
2024-08-16 10:29:11,129900.0,600,Sell,232138247
2024-08-16 10:29:13,130000.0,200,Buy,232138342
2024-08-16 10:29:21,130000.0,200,Buy,232138763
2024-08-16 10:29:23,130000.0,200,Buy,232138889
2024-08-16 10:29:23,129900.0,1900,Sell,232138890
2024-08-16 10:29:25,129900.0,100,Sell,232139083
2024-08-16 10:29:27,130000.0,13000,Buy,232139165
2024-08-16 10:29:27,130000.0,500,Buy,232139164
2024-08-16 10:29:27,130000.0,200,Buy,232139162
2024-08-16 10:29:27,130000.0,6300,Buy,232139163
2024-08-16 10:29:41,130000.0,100,Buy,232139839
2024-08-16 10:29:43,130000.0,1000,Buy,232139938
2024-08-16 10:29:44,130000.0,100,Buy,232140068
2024-08-16 10:29:44,130000.0,100,Buy,232140067
2024-08-16 10:29:44,130000.0,500,Buy,232140066
2024-08-16 10:29:44,130000.0,600,Buy,232140065
2024-08-16 10:29:44,130000.0,100,Buy,232140060
2024-08-16 10:29:44,130000.0,4100,Buy,232140069
2024-08-16 10:29:44,130000.0,3000,Buy,232140057
2024-08-16 10:29:44,130000.0,100,Buy,232140056
2024-08-16 10:29:44,130000.0,5800,Buy,232140055
2024-08-16 10:29:44,130000.0,100,Buy,232140001
2024-08-16 10:29:44,130000.0,500,Buy,232140059
2024-08-16 10:29:44,130000.0,5100,Buy,232140058
2024-08-16 10:29:45,130000.0,1000,Buy,232140083
2024-08-16 10:29:46,130000.0,500,Buy,232140135
2024-08-16 10:29:46,130000.0,100,Buy,232140144
2024-08-16 10:29:46,130000.0,2000,Sell,232140128
2024-08-16 10:29:47,130000.0,500,Buy,232140190
2024-08-16 10:29:50,129900.0,1000,Sell,232140337
2024-08-16 10:29:50,129900.0,500,Sell,232140338
2024-08-16 10:29:50,129900.0,400,Sell,232140339
2024-08-16 10:29:50,130000.0,1000,Buy,232140347
2024-08-16 10:29:51,130000.0,100,Buy,232140428
2024-08-16 10:29:52,130000.0,400,Buy,232140473
2024-08-16 10:29:53,130000.0,15400,Buy,232140514
2024-08-16 10:29:53,130000.0,300,Buy,232140515
2024-08-16 10:29:53,130000.0,100,Buy,232140516
2024-08-16 10:29:53,130000.0,3000,Buy,232140517
2024-08-16 10:29:55,130100.0,9000,Buy,232140616
2024-08-16 10:29:55,130100.0,100,Buy,232140614
2024-08-16 10:29:55,130100.0,100,Buy,232140615
2024-08-16 10:29:56,130100.0,1000,Buy,232140652
2024-08-16 10:30:03,130100.0,500,Buy,232140985
2024-08-16 10:30:03,130100.0,100,Buy,232140992
2024-08-16 10:30:03,130100.0,200,Buy,232140993
2024-08-16 10:30:03,130100.0,100,Buy,232140994
2024-08-16 10:30:03,130100.0,200,Buy,232140995
2024-08-16 10:30:03,130100.0,100,Buy,232140996
2024-08-16 10:30:03,130100.0,100,Buy,232140997
2024-08-16 10:30:03,130100.0,100,Buy,232140998
2024-08-16 10:30:05,130100.0,100,Buy,232141121
2024-08-16 10:30:05,130100.0,2000,Buy,232141125
2024-08-16 10:30:05,130100.0,7500,Buy,232141124
2024-08-16 10:30:05,130100.0,500,Buy,232141122
2024-08-16 10:30:05,130100.0,100,Buy,232141120
2024-08-16 10:30:05,130100.0,500,Buy,232141123
2024-08-16 10:30:05,130100.0,100,Buy,232141118
2024-08-16 10:30:05,130100.0,100,Buy,232141117
2024-08-16 10:30:05,130100.0,100,Buy,232141114
2024-08-16 10:30:05,130100.0,100,Buy,232141116
2024-08-16 10:30:05,130100.0,200,Buy,232141115
2024-08-16 10:30:05,130100.0,2700,Buy,232141119
2024-08-16 10:30:08,130100.0,200,Buy,232141255
2024-08-16 10:30:10,130100.0,1000,Buy,232141374
2024-08-16 10:30:11,130100.0,500,Buy,232141391
2024-08-16 10:30:13,130100.0,1000,Buy,232141521
2024-08-16 10:30:14,130100.0,500,Buy,232141554
2024-08-16 10:30:14,130100.0,500,Buy,232141565
2024-08-16 10:30:14,130100.0,500,Buy,232141584
2024-08-16 10:30:16,130100.0,1000,Buy,232141691
2024-08-16 10:30:18,130100.0,100,Buy,232141859
2024-08-16 10:30:18,130100.0,1000,Buy,232141868
2024-08-16 10:30:18,130100.0,500,Buy,232141845
2024-08-16 10:30:19,130100.0,100,Buy,232141919
2024-08-16 10:30:20,130100.0,100,Buy,232141941
2024-08-16 10:30:20,130100.0,500,Buy,232141945
2024-08-16 10:30:20,130100.0,1000,Buy,232141973
2024-08-16 10:30:21,130100.0,300,Buy,232142024
2024-08-16 10:30:22,130000.0,100,Sell,232142075
2024-08-16 10:30:22,130100.0,300,Buy,232142103
2024-08-16 10:30:22,130000.0,500,Sell,232142076
2024-08-16 10:30:22,130000.0,100,Sell,232142074
2024-08-16 10:30:22,130100.0,300,Buy,232142072
2024-08-16 10:30:22,130100.0,1000,Buy,232142070
2024-08-16 10:30:22,130100.0,1000,Buy,232142069
2024-08-16 10:30:22,130100.0,200,Buy,232142068
2024-08-16 10:30:22,130000.0,1200,Sell,232142073
2024-08-16 10:30:23,130100.0,300,Buy,232142124
2024-08-16 10:30:24,130100.0,5000,Buy,232142197
2024-08-16 10:30:24,130100.0,1000,Buy,232142241
2024-08-16 10:30:25,130100.0,6000,Buy,232142367
2024-08-16 10:30:25,130100.0,100,Buy,232142265
2024-08-16 10:30:25,130100.0,1000,Buy,232142350
2024-08-16 10:30:25,130100.0,5000,Buy,232142366
2024-08-16 10:30:26,130100.0,100,Buy,232142409
2024-08-16 10:30:27,130100.0,500,Buy,232142458
2024-08-16 10:30:28,130100.0,100,Buy,232142501
2024-08-16 10:30:29,130100.0,100,Buy,232142540
2024-08-16 10:30:29,130100.0,10000,Buy,232142541
2024-08-16 10:30:29,130100.0,2000,Buy,232142553
2024-08-16 10:30:31,130100.0,100,Buy,232142603
2024-08-16 10:30:32,130100.0,100,Buy,232142665
2024-08-16 10:30:32,130100.0,600,Buy,232142664
2024-08-16 10:30:32,130100.0,100,Buy,232142668
2024-08-16 10:30:32,130100.0,100,Buy,232142667
2024-08-16 10:30:32,130100.0,400,Buy,232142660
2024-08-16 10:30:32,130100.0,100,Buy,232142666
2024-08-16 10:30:32,130100.0,100,Buy,232142658
2024-08-16 10:30:32,130100.0,1400,Buy,232142657
2024-08-16 10:30:32,130100.0,100,Buy,232142626
2024-08-16 10:30:32,130100.0,100,Buy,232142649
2024-08-16 10:30:32,130100.0,200,Buy,232142648
2024-08-16 10:30:32,130100.0,100,Buy,232142659
2024-08-16 10:30:33,130100.0,500,Buy,232142677
2024-08-16 10:30:33,130100.0,400,Buy,232142678
2024-08-16 10:30:33,130100.0,100,Buy,232142679
2024-08-16 10:30:33,130100.0,2000,Buy,232142697
2024-08-16 10:30:33,130100.0,100,Buy,232142698
2024-08-16 10:30:33,130100.0,200,Buy,232142699
2024-08-16 10:30:33,130100.0,700,Buy,232142700
2024-08-16 10:30:33,130100.0,100,Buy,232142711
2024-08-16 10:30:33,130100.0,100,Buy,232142712
2024-08-16 10:30:34,130100.0,300,Buy,232142787
2024-08-16 10:30:34,130100.0,1000,Buy,232142742
2024-08-16 10:30:34,130100.0,200,Buy,232142743
2024-08-16 10:30:35,130100.0,500,Buy,232142822
2024-08-16 10:30:35,130100.0,1000,Buy,232142823
2024-08-16 10:30:35,130100.0,400,Buy,232142824
2024-08-16 10:30:35,130100.0,600,Buy,232142831
2024-08-16 10:30:35,130100.0,100,Buy,232142832
2024-08-16 10:30:35,130100.0,800,Buy,232142833
2024-08-16 10:30:35,130100.0,100,Buy,232142834
2024-08-16 10:30:35,130100.0,400,Buy,232142845
2024-08-16 10:30:35,130100.0,100,Buy,232142846
2024-08-16 10:30:36,130100.0,500,Buy,232142898
2024-08-16 10:30:36,130100.0,100,Buy,232142897
2024-08-16 10:30:36,130100.0,100,Buy,232142895
2024-08-16 10:30:36,130100.0,200,Buy,232142894
2024-08-16 10:30:36,130100.0,100,Buy,232142896
2024-08-16 10:30:37,130100.0,500,Buy,232142949
2024-08-16 10:30:37,130100.0,100,Buy,232142950
2024-08-16 10:30:37,130100.0,100,Buy,232142951
2024-08-16 10:30:37,130100.0,100,Buy,232142952
2024-08-16 10:30:42,130200.0,300,Buy,232143164
2024-08-16 10:30:42,130200.0,100,Buy,232143165
2024-08-16 10:30:42,130200.0,100,Buy,232143166
2024-08-16 10:30:42,130200.0,500,Buy,232143167
2024-08-16 10:30:42,130200.0,100,Buy,232143182
2024-08-16 10:30:42,130200.0,4800,Buy,232143183
2024-08-16 10:30:42,130200.0,100,Buy,232143184
2024-08-16 10:30:43,130100.0,1700,Sell,232143251
2024-08-16 10:30:43,130100.0,200,Sell,232143246
2024-08-16 10:30:43,130200.0,100,Buy,232143202
2024-08-16 10:30:43,130200.0,100,Buy,232143204
2024-08-16 10:30:43,130200.0,200,Buy,232143203
2024-08-16 10:30:43,130200.0,1100,Buy,232143205
2024-08-16 10:30:45,130200.0,200,Buy,232143368
2024-08-16 10:30:45,130200.0,2000,Buy,232143373
2024-08-16 10:30:45,130200.0,300,Buy,232143372
2024-08-16 10:30:45,130200.0,500,Buy,232143371
2024-08-16 10:30:45,130200.0,100,Buy,232143370
2024-08-16 10:30:45,130200.0,400,Buy,232143369
2024-08-16 10:30:45,130200.0,100,Buy,232143367
2024-08-16 10:30:45,130200.0,3900,Buy,232143358
2024-08-16 10:30:45,130200.0,100,Buy,232143365
2024-08-16 10:30:45,130200.0,100,Buy,232143359
2024-08-16 10:30:45,130200.0,300,Buy,232143360
2024-08-16 10:30:45,130200.0,100,Buy,232143361
2024-08-16 10:30:45,130200.0,500,Buy,232143366
2024-08-16 10:30:45,130200.0,100,Buy,232143363
2024-08-16 10:30:45,130200.0,1000,Buy,232143364
2024-08-16 10:30:45,130200.0,300,Buy,232143362
2024-08-16 10:30:46,130200.0,100,Buy,232143439
2024-08-16 10:30:46,130200.0,300,Buy,232143440
2024-08-16 10:30:46,130200.0,200,Buy,232143441
2024-08-16 10:30:46,130200.0,100,Buy,232143442
2024-08-16 10:30:46,130200.0,300,Buy,232143443
2024-08-16 10:30:48,130200.0,300,Sell,232143545
2024-08-16 10:30:48,130200.0,100,Sell,232143544
2024-08-16 10:30:48,130200.0,100,Sell,232143543
2024-08-16 10:30:52,130300.0,1000,Buy,232143812
2024-08-16 10:30:52,130300.0,4000,Buy,232143813
2024-08-16 10:30:53,130300.0,2000,Buy,232143922
2024-08-16 10:30:55,130300.0,200,Buy,232144023
2024-08-16 10:30:55,130300.0,100,Buy,232144022
2024-08-16 10:30:55,130300.0,1000,Buy,232144021
2024-08-16 10:30:55,130300.0,100,Buy,232144019
2024-08-16 10:30:55,130300.0,100,Buy,232144020
2024-08-16 10:30:55,130300.0,100,Buy,232144017
2024-08-16 10:30:55,130300.0,100,Buy,232144016
2024-08-16 10:30:55,130300.0,500,Buy,232144015
2024-08-16 10:30:55,130300.0,2000,Buy,232144014
2024-08-16 10:30:55,130300.0,1000,Buy,232144005
2024-08-16 10:30:55,130300.0,200,Buy,232144018
2024-08-16 10:30:56,130300.0,600,Sell,232144059
2024-08-16 10:30:58,130300.0,100,Buy,232144141
2024-08-16 10:30:58,130400.0,700,Buy,232144166
2024-08-16 10:30:58,130400.0,300,Buy,232144167
2024-08-16 10:31:01,130400.0,100,Buy,232144345
2024-08-16 10:31:01,130400.0,500,Buy,232144344
2024-08-16 10:31:02,130500.0,500,Buy,232144403
2024-08-16 10:31:05,130500.0,700,Buy,232144625
2024-08-16 10:31:05,130500.0,300,Buy,232144626
2024-08-16 10:31:05,130500.0,400,Buy,232144627
2024-08-16 10:31:05,130500.0,200,Buy,232144628
2024-08-16 10:31:05,130500.0,300,Buy,232144629
2024-08-16 10:31:05,130500.0,100,Buy,232144630
2024-08-16 10:31:06,130500.0,100,Buy,232144722
2024-08-16 10:31:06,130500.0,200,Buy,232144723
2024-08-16 10:31:07,130500.0,200,Buy,232144809
2024-08-16 10:31:07,130500.0,100,Buy,232144793
2024-08-16 10:31:07,130500.0,400,Buy,232144749
2024-08-16 10:31:08,130500.0,100,Buy,232144862
2024-08-16 10:31:08,130500.0,100,Buy,232144863
2024-08-16 10:31:08,130500.0,800,Buy,232144864
2024-08-16 10:31:09,130400.0,400,Sell,232144943
2024-08-16 10:31:09,130400.0,1500,Sell,232144944
2024-08-16 10:31:10,130500.0,200,Buy,232144978
2024-08-16 10:31:10,130500.0,500,Buy,232145010
2024-08-16 10:31:10,130500.0,200,Buy,232145011
2024-08-16 10:31:10,130500.0,300,Buy,232145012
2024-08-16 10:31:11,130500.0,300,Buy,232145075
2024-08-16 10:31:11,130500.0,100,Buy,232145073
2024-08-16 10:31:11,130500.0,1000,Buy,232145074
2024-08-16 10:31:12,130500.0,700,Buy,232145100
2024-08-16 10:31:12,130500.0,100,Buy,232145101
2024-08-16 10:31:12,130500.0,200,Buy,232145102
2024-08-16 10:31:12,130400.0,400,Sell,232145103
2024-08-16 10:31:12,130400.0,1000,Buy,232145121
2024-08-16 10:31:13,130400.0,200,Buy,232145154
2024-08-16 10:31:13,130400.0,1000,Buy,232145155
2024-08-16 10:31:13,130400.0,100,Buy,232145190
2024-08-16 10:31:14,130500.0,400,Buy,232145344
2024-08-16 10:31:14,130500.0,100,Buy,232145343
2024-08-16 10:31:14,130500.0,300,Buy,232145340
2024-08-16 10:31:14,130500.0,100,Buy,232145341
2024-08-16 10:31:14,130400.0,300,Buy,232145309
2024-08-16 10:31:14,130500.0,100,Buy,232145342
2024-08-16 10:31:16,130500.0,900,Buy,232145426
2024-08-16 10:31:16,130500.0,100,Buy,232145427
2024-08-16 10:31:16,130500.0,200,Buy,232145435
2024-08-16 10:31:16,130500.0,100,Buy,232145442
2024-08-16 10:31:16,130500.0,100,Buy,232145443
2024-08-16 10:31:18,130500.0,1000,Buy,232145504
2024-08-16 10:31:18,130500.0,1600,Buy,232145497
2024-08-16 10:31:18,130500.0,200,Buy,232145495
2024-08-16 10:31:18,130500.0,200,Buy,232145496
2024-08-16 10:31:19,130500.0,1000,Buy,232145545
2024-08-16 10:31:20,130500.0,300,Buy,232145604
2024-08-16 10:31:20,130400.0,100,Sell,232145617
2024-08-16 10:31:21,130500.0,3000,Buy,232145676
2024-08-16 10:31:21,130500.0,100,Buy,232145679
2024-08-16 10:31:21,130500.0,200,Buy,232145678
2024-08-16 10:31:21,130500.0,200,Buy,232145677
2024-08-16 10:31:21,130500.0,1000,Buy,232145675
2024-08-16 10:31:21,130500.0,1000,Buy,232145672
2024-08-16 10:31:21,130500.0,1000,Buy,232145673
2024-08-16 10:31:21,130500.0,100,Buy,232145670
2024-08-16 10:31:21,130500.0,100,Buy,232145674
2024-08-16 10:31:21,130500.0,3100,Buy,232145669
2024-08-16 10:31:21,130500.0,200,Buy,232145671
2024-08-16 10:31:25,130500.0,300,Sell,232145927
2024-08-16 10:31:25,130500.0,100,Buy,232145882
2024-08-16 10:31:25,130500.0,100,Buy,232145881
2024-08-16 10:31:25,130500.0,1000,Buy,232145878
2024-08-16 10:31:25,130500.0,100,Buy,232145877
2024-08-16 10:31:25,130500.0,700,Buy,232145876
2024-08-16 10:31:25,130500.0,200,Buy,232145875
2024-08-16 10:31:25,130500.0,300,Buy,232145874
2024-08-16 10:31:25,130500.0,200,Buy,232145873
2024-08-16 10:31:25,130500.0,100,Buy,232145872
2024-08-16 10:31:25,130500.0,200,Buy,232145880
2024-08-16 10:31:25,130500.0,500,Buy,232145870
2024-08-16 10:31:25,130500.0,300,Buy,232145871
2024-08-16 10:31:25,130500.0,100,Buy,232145861
2024-08-16 10:31:25,130500.0,100,Buy,232145862
2024-08-16 10:31:25,130500.0,100,Buy,232145863
2024-08-16 10:31:25,130500.0,500,Buy,232145864
2024-08-16 10:31:25,130500.0,900,Buy,232145879
2024-08-16 10:31:25,130500.0,100,Buy,232145865
2024-08-16 10:31:25,130500.0,1000,Buy,232145866
2024-08-16 10:31:25,130500.0,500,Buy,232145867
2024-08-16 10:31:25,130500.0,200,Buy,232145868
2024-08-16 10:31:25,130500.0,500,Buy,232145869
2024-08-16 10:31:26,130500.0,100,Sell,232145994
2024-08-16 10:31:27,130500.0,1000,Sell,232146036
2024-08-16 10:31:28,130600.0,100,Buy,232146080
2024-08-16 10:31:28,130500.0,800,Sell,232146060
2024-08-16 10:31:29,130500.0,1000,Sell,232146131
2024-08-16 10:31:31,130600.0,100,Buy,232146219
2024-08-16 10:31:31,130600.0,100,Buy,232146221
2024-08-16 10:31:31,130500.0,300,Sell,232146306
2024-08-16 10:31:31,130600.0,300,Buy,232146220
2024-08-16 10:31:32,130500.0,200,Sell,232146339
2024-08-16 10:31:32,130600.0,100,Buy,232146341
2024-08-16 10:31:32,130600.0,100,Buy,232146342
2024-08-16 10:31:32,130600.0,100,Buy,232146343
2024-08-16 10:31:38,130600.0,300,Sell,232146785
2024-08-16 10:31:38,130600.0,300,Sell,232146782
2024-08-16 10:31:38,130600.0,500,Sell,232146783
2024-08-16 10:31:38,130600.0,300,Sell,232146784
2024-08-16 10:31:40,130600.0,100,Sell,232146871
2024-08-16 10:31:41,130600.0,100,Sell,232146936
2024-08-16 10:31:44,130600.0,1000,Sell,232147082
2024-08-16 10:31:46,130600.0,500,Sell,232147225
2024-08-16 10:31:46,130600.0,100,Sell,232147226
2024-08-16 10:31:47,130700.0,200,Buy,232147294
2024-08-16 10:31:47,130700.0,200,Buy,232147293
2024-08-16 10:31:47,130700.0,100,Buy,232147295
2024-08-16 10:31:47,130600.0,100,Sell,232147273
2024-08-16 10:31:47,130600.0,100,Sell,232147262
2024-08-16 10:31:47,130600.0,800,Sell,232147274
2024-08-16 10:31:50,130600.0,200,Sell,232147442
2024-08-16 10:31:50,130600.0,800,Sell,232147443
2024-08-16 10:31:51,130600.0,100,Sell,232147556
2024-08-16 10:31:53,131000.0,500,Buy,232147709
2024-08-16 10:31:53,131000.0,200,Buy,232147712
2024-08-16 10:31:53,131000.0,10000,Buy,232147711
2024-08-16 10:31:53,131000.0,100,Buy,232147710
2024-08-16 10:31:53,131000.0,100,Buy,232147708
2024-08-16 10:31:53,130900.0,100,Buy,232147702
2024-08-16 10:31:53,131000.0,300,Buy,232147706
2024-08-16 10:31:53,131000.0,300,Buy,232147705
2024-08-16 10:31:53,131000.0,100,Buy,232147704
2024-08-16 10:31:53,131000.0,300,Buy,232147703
2024-08-16 10:31:53,131000.0,100,Buy,232147713
2024-08-16 10:31:53,130900.0,100,Buy,232147701
2024-08-16 10:31:53,130900.0,3000,Buy,232147700
2024-08-16 10:31:53,131000.0,100,Buy,232147714
2024-08-16 10:31:53,131000.0,1000,Buy,232147720
2024-08-16 10:31:53,131000.0,200,Buy,232147716
2024-08-16 10:31:53,131000.0,200,Buy,232147717
2024-08-16 10:31:53,131000.0,500,Buy,232147718
2024-08-16 10:31:53,131000.0,1000,Buy,232147719
2024-08-16 10:31:53,131000.0,400,Buy,232147721
2024-08-16 10:31:53,131000.0,100,Buy,232147722
2024-08-16 10:31:53,131000.0,100,Buy,232147723
2024-08-16 10:31:53,131000.0,100,Buy,232147724
2024-08-16 10:31:53,131000.0,500,Buy,232147725
2024-08-16 10:31:53,131000.0,200,Buy,232147728
2024-08-16 10:31:53,131000.0,400,Buy,232147729
2024-08-16 10:31:53,131000.0,400,Buy,232147730
2024-08-16 10:31:53,131000.0,500,Buy,232147731
2024-08-16 10:31:53,131000.0,1000,Buy,232147715
2024-08-16 10:31:53,130900.0,300,Buy,232147699
2024-08-16 10:31:53,131000.0,2500,Buy,232147707
2024-08-16 10:31:53,130900.0,300,Buy,232147697
2024-08-16 10:31:53,130600.0,100,Sell,232147657
2024-08-16 10:31:53,130600.0,100,Sell,232147658
2024-08-16 10:31:53,130600.0,400,Sell,232147659
2024-08-16 10:31:53,130700.0,5000,Buy,232147672
2024-08-16 10:31:53,130700.0,100,Buy,232147673
2024-08-16 10:31:53,130700.0,3000,Buy,232147674
2024-08-16 10:31:53,130700.0,900,Buy,232147675
2024-08-16 10:31:53,130700.0,100,Buy,232147676
2024-08-16 10:31:53,130700.0,200,Buy,232147677
2024-08-16 10:31:53,130700.0,500,Buy,232147678
2024-08-16 10:31:53,130800.0,300,Buy,232147679
2024-08-16 10:31:53,130800.0,200,Buy,232147680
2024-08-16 10:31:53,130800.0,400,Buy,232147681
2024-08-16 10:31:53,130800.0,200,Buy,232147682
2024-08-16 10:31:53,130700.0,100,Buy,232147671
2024-08-16 10:31:53,130800.0,100,Buy,232147684
2024-08-16 10:31:53,130800.0,200,Buy,232147683
2024-08-16 10:31:53,130900.0,300,Buy,232147696
2024-08-16 10:31:53,130900.0,5000,Buy,232147695
2024-08-16 10:31:53,130900.0,200,Buy,232147694
2024-08-16 10:31:53,130800.0,300,Buy,232147693
2024-08-16 10:31:53,130800.0,100,Buy,232147692
2024-08-16 10:31:53,130900.0,700,Buy,232147698
2024-08-16 10:31:53,130800.0,400,Buy,232147690
2024-08-16 10:31:53,130800.0,1000,Buy,232147689
