time,price,volume,match_type,id
2024-07-29 09:14:38,130000.0,196600,ATO/ATC,226839328
2024-07-29 09:14:40,130000.0,4000,Sell,226839540
2024-07-29 09:14:40,130000.0,200,Sell,226839539
2024-07-29 09:14:40,130000.0,800,Sell,226839538
2024-07-29 09:14:40,130000.0,900,Sell,226839537
2024-07-29 09:14:40,130000.0,100,Sell,226839536
2024-07-29 09:14:40,130000.0,2700,Sell,226839535
2024-07-29 09:14:40,130000.0,1500,Sell,226839534
2024-07-29 09:14:40,130000.0,1100,Sell,226839533
2024-07-29 09:14:40,130000.0,100,Sell,226839532
2024-07-29 09:14:40,130000.0,1000,Sell,226839531
2024-07-29 09:14:40,130000.0,200,Sell,226839530
2024-07-29 09:14:40,130200.0,100,Buy,226839518
2024-07-29 09:14:40,130500.0,200,Buy,226839528
2024-07-29 09:14:40,130200.0,500,Buy,226839519
2024-07-29 09:14:40,130200.0,800,Buy,226839520
2024-07-29 09:14:40,130200.0,200,Buy,226839521
2024-07-29 09:14:40,130200.0,300,Buy,226839522
2024-07-29 09:14:40,130500.0,100,Buy,226839529
2024-07-29 09:14:40,130200.0,800,Buy,226839524
2024-07-29 09:14:40,130500.0,100,Buy,226839527
2024-07-29 09:14:40,130200.0,200,Buy,226839523
2024-07-29 09:14:40,130400.0,100,Buy,226839525
2024-07-29 09:14:40,130500.0,100,Buy,226839526
2024-07-29 09:14:41,130000.0,500,Sell,226839734
2024-07-29 09:14:42,130000.0,500,Sell,226839743
2024-07-29 09:14:43,130000.0,300,Sell,226839828
2024-07-29 09:14:43,130000.0,10000,Sell,226839751
2024-07-29 09:14:47,130000.0,500,Sell,226839923
2024-07-29 09:14:48,130000.0,100,Sell,226839930
2024-07-29 09:14:48,130000.0,100,Sell,226839993
2024-07-29 09:14:50,130100.0,400,Buy,226840037
2024-07-29 09:14:50,130100.0,200,Buy,226840038
2024-07-29 09:14:53,130100.0,300,Sell,226840164
2024-07-29 09:14:53,130100.0,500,Sell,226840165
2024-07-29 09:14:53,130100.0,500,Sell,226840172
2024-07-29 09:15:01,130100.0,200,Sell,226840361
2024-07-29 09:15:01,130100.0,200,Sell,226840369
2024-07-29 09:15:02,130100.0,200,Sell,226840385
2024-07-29 09:15:05,130100.0,300,Sell,226840442
2024-07-29 09:15:07,130500.0,200,Buy,226840485
2024-07-29 09:15:07,130500.0,100,Buy,226840486
2024-07-29 09:15:07,130500.0,100,Buy,226840484
2024-07-29 09:15:10,130500.0,100,Buy,226840571
2024-07-29 09:15:10,130500.0,500,Buy,226840567
2024-07-29 09:15:10,130500.0,5000,Buy,226840570
2024-07-29 09:15:10,130500.0,100,Buy,226840569
2024-07-29 09:15:10,130500.0,300,Buy,226840568
2024-07-29 09:15:10,130500.0,100,Buy,226840566
2024-07-29 09:15:10,130500.0,200,Buy,226840559
2024-07-29 09:15:10,130500.0,200,Buy,226840564
2024-07-29 09:15:10,130500.0,1200,Buy,226840563
2024-07-29 09:15:10,130500.0,1000,Buy,226840562
2024-07-29 09:15:10,130500.0,100,Buy,226840561
2024-07-29 09:15:10,130500.0,100,Buy,226840560
2024-07-29 09:15:10,130500.0,600,Buy,226840565
2024-07-29 09:15:10,130500.0,100,Buy,226840558
2024-07-29 09:15:11,130500.0,400,Sell,226840587
2024-07-29 09:15:17,130100.0,1000,Sell,226840770
2024-07-29 09:15:18,130500.0,1600,Buy,226840779
2024-07-29 09:15:20,130500.0,300,Buy,226840854
2024-07-29 09:15:21,130100.0,200,Sell,226840883
2024-07-29 09:15:21,130500.0,500,Buy,226840868
2024-07-29 09:15:27,130500.0,1100,Buy,226841007
2024-07-29 09:15:27,130500.0,700,Buy,226841008
2024-07-29 09:15:27,130500.0,3200,Buy,226841006
2024-07-29 09:15:30,130500.0,100,Buy,226841142
2024-07-29 09:15:32,130500.0,100,Buy,226841156
2024-07-29 09:15:33,130500.0,100,Buy,226841197
2024-07-29 09:15:34,130100.0,700,Sell,226841208
2024-07-29 09:15:39,130200.0,2000,Sell,226841380
2024-07-29 09:15:39,130100.0,8000,Sell,226841381
2024-07-29 09:15:48,130200.0,100,Sell,226841654
2024-07-29 09:15:48,130200.0,900,Sell,226841661
2024-07-29 09:15:48,130200.0,1000,Sell,226841662
2024-07-29 09:15:48,130100.0,7300,Sell,226841663
2024-07-29 09:15:48,130100.0,800,Sell,226841664
2024-07-29 09:15:53,130100.0,8600,Sell,226841838
2024-07-29 09:15:53,130100.0,100,Sell,226841837
2024-07-29 09:15:53,130200.0,400,Sell,226841835
2024-07-29 09:15:53,130100.0,900,Sell,226841836
2024-07-29 09:15:56,130200.0,200,Sell,226841918
2024-07-29 09:16:02,130200.0,300,Sell,226842082
2024-07-29 09:16:02,130200.0,200,Sell,226842085
2024-07-29 09:16:06,130200.0,100,Sell,226842210
2024-07-29 09:16:07,130400.0,200,Buy,226842227
2024-07-29 09:16:10,130400.0,200,Buy,226842295
2024-07-29 09:16:17,130300.0,1700,Buy,226842516
2024-07-29 09:16:18,130300.0,100,Buy,226842519
2024-07-29 09:16:20,130300.0,3200,Buy,226842610
2024-07-29 09:16:20,130400.0,300,Buy,226842611
2024-07-29 09:16:20,130400.0,1500,Buy,226842612
2024-07-29 09:16:21,130200.0,400,Sell,226842659
2024-07-29 09:16:21,130200.0,200,Sell,226842660
2024-07-29 09:16:21,130200.0,9400,Sell,226842661
2024-07-29 09:16:22,130200.0,100,Sell,226842682
2024-07-29 09:16:24,130300.0,200,Buy,226842757
2024-07-29 09:16:24,130300.0,200,Buy,226842754
2024-07-29 09:16:24,130300.0,200,Buy,226842753
2024-07-29 09:16:28,130200.0,400,Sell,226842888
2024-07-29 09:16:31,130300.0,8000,Buy,226843029
2024-07-29 09:16:31,130300.0,1000,Buy,226843013
2024-07-29 09:16:34,130500.0,2000,Buy,226843147
2024-07-29 09:16:34,130500.0,200,Buy,226843146
2024-07-29 09:16:34,130500.0,100,Buy,226843145
2024-07-29 09:16:34,130500.0,500,Buy,226843144
2024-07-29 09:16:34,130500.0,100,Buy,226843143
2024-07-29 09:16:34,130500.0,500,Buy,226843142
2024-07-29 09:16:34,130500.0,100,Buy,226843141
2024-07-29 09:16:34,130500.0,400,Buy,226843140
2024-07-29 09:16:34,130500.0,5000,Buy,226843139
2024-07-29 09:16:34,130500.0,100,Buy,226843138
2024-07-29 09:16:34,130500.0,100,Buy,226843137
2024-07-29 09:16:34,130500.0,1000,Buy,226843136
2024-07-29 09:16:34,130500.0,200,Buy,226843135
2024-07-29 09:16:34,130500.0,100,Buy,226843134
2024-07-29 09:16:34,130500.0,200,Buy,226843133
2024-07-29 09:16:34,130400.0,200,Buy,226843118
2024-07-29 09:16:34,130300.0,600,Buy,226843112
2024-07-29 09:16:34,130300.0,200,Buy,226843113
2024-07-29 09:16:34,130400.0,500,Buy,226843114
2024-07-29 09:16:34,130400.0,900,Buy,226843115
2024-07-29 09:16:34,130400.0,200,Buy,226843116
2024-07-29 09:16:34,130400.0,5000,Buy,226843117
2024-07-29 09:16:34,130500.0,10000,Buy,226843132
2024-07-29 09:16:34,130500.0,6000,Buy,226843131
2024-07-29 09:16:34,130400.0,200,Buy,226843125
2024-07-29 09:16:34,130400.0,100,Buy,226843126
2024-07-29 09:16:34,130400.0,100,Buy,226843127
2024-07-29 09:16:34,130500.0,100,Buy,226843128
2024-07-29 09:16:34,130500.0,100,Buy,226843129
2024-07-29 09:16:34,130500.0,100,Buy,226843130
2024-07-29 09:16:34,130400.0,10000,Buy,226843119
2024-07-29 09:16:39,130500.0,300,Sell,226843279
2024-07-29 09:16:39,130500.0,200,Sell,226843280
2024-07-29 09:16:40,130500.0,300,Sell,226843311
2024-07-29 09:16:43,130500.0,100,Sell,226843413
2024-07-29 09:16:46,130500.0,100,Sell,226843481
2024-07-29 09:16:49,130500.0,100,Sell,226843562
2024-07-29 09:16:49,130500.0,1000,Sell,226843544
2024-07-29 09:16:50,130500.0,200,Sell,226843600
2024-07-29 09:16:53,130500.0,100,Sell,226843719
2024-07-29 09:16:58,130500.0,200,Sell,226843839
2024-07-29 09:16:59,130500.0,100,Sell,226843880
2024-07-29 09:16:59,130500.0,200,Sell,226843885
2024-07-29 09:16:59,130600.0,300,Buy,226843887
2024-07-29 09:17:01,130600.0,100,Buy,226843934
2024-07-29 09:17:04,130600.0,100,Buy,226844052
2024-07-29 09:17:04,130600.0,500,Buy,226844053
2024-07-29 09:17:04,130600.0,100,Buy,226844061
2024-07-29 09:17:04,130600.0,100,Buy,226844051
2024-07-29 09:17:08,130600.0,300,Buy,226844167
2024-07-29 09:17:11,130600.0,800,Buy,226844216
2024-07-29 09:17:11,130600.0,200,Buy,226844221
2024-07-29 09:17:12,130500.0,300,Sell,226844243
2024-07-29 09:17:14,130600.0,800,Buy,226844345
2024-07-29 09:17:15,130600.0,1900,Buy,226844356
2024-07-29 09:17:16,130500.0,1900,Sell,226844399
2024-07-29 09:17:16,130500.0,1100,Sell,226844400
2024-07-29 09:17:17,130600.0,100,Buy,226844457
2024-07-29 09:17:18,130600.0,100,Buy,226844460
2024-07-29 09:17:18,130500.0,500,Sell,226844467
2024-07-29 09:17:21,130600.0,600,Buy,226844591
2024-07-29 09:17:22,130600.0,200,Buy,226844600
2024-07-29 09:17:22,130600.0,5000,Buy,226844599
2024-07-29 09:17:22,130600.0,4600,Buy,226844597
2024-07-29 09:17:22,130600.0,200,Buy,226844598
2024-07-29 09:17:23,130600.0,800,Buy,226844630
2024-07-29 09:17:23,130600.0,300,Buy,226844631
2024-07-29 09:17:25,130600.0,3000,Buy,226844738
2024-07-29 09:17:26,130600.0,500,Buy,226844764
2024-07-29 09:17:28,130500.0,4700,Sell,226844841
2024-07-29 09:17:28,130500.0,700,Sell,226844840
2024-07-29 09:17:28,130500.0,300,Sell,226844839
2024-07-29 09:17:28,130500.0,200,Sell,226844837
2024-07-29 09:17:28,130600.0,200,Buy,226844825
2024-07-29 09:17:28,130500.0,100,Sell,226844838
2024-07-29 09:17:28,130500.0,300,Sell,226844836
2024-07-29 09:17:29,130600.0,900,Buy,226844892
2024-07-29 09:17:29,130600.0,100,Buy,226844893
2024-07-29 09:17:29,130500.0,100,Sell,226844955
2024-07-29 09:17:30,130500.0,100,Sell,226844987
2024-07-29 09:17:30,130600.0,200,Buy,226844977
2024-07-29 09:17:30,130600.0,300,Buy,226844975
2024-07-29 09:17:30,130600.0,2000,Buy,226844976
2024-07-29 09:17:30,130600.0,2000,Buy,226844973
2024-07-29 09:17:30,130600.0,200,Buy,226844972
2024-07-29 09:17:30,130600.0,100,Buy,226844971
2024-07-29 09:17:30,130600.0,200,Buy,226844974
2024-07-29 09:17:31,130500.0,100,Sell,226845007
2024-07-29 09:17:31,130500.0,100,Buy,226845008
2024-07-29 09:17:31,130600.0,200,Buy,226845009
2024-07-29 09:17:32,130500.0,500,Buy,226845094
2024-07-29 09:17:32,130600.0,500,Buy,226845049
2024-07-29 09:17:32,130600.0,3200,Buy,226845050
2024-07-29 09:17:32,130500.0,200,Buy,226845047
2024-07-29 09:17:32,130500.0,500,Buy,226845046
2024-07-29 09:17:32,130600.0,600,Buy,226845048
2024-07-29 09:17:35,130500.0,300,Buy,226845174
2024-07-29 09:17:35,130500.0,1200,Buy,226845175
2024-07-29 09:17:37,130500.0,3800,Buy,226845212
2024-07-29 09:17:37,130500.0,100,Buy,226845213
2024-07-29 09:17:37,130500.0,100,Buy,226845214
2024-07-29 09:17:39,130500.0,500,Sell,226845269
2024-07-29 09:17:40,130500.0,100,Sell,226845286
2024-07-29 09:17:42,130500.0,400,Sell,226845351
2024-07-29 09:17:42,130500.0,600,Sell,226845352
2024-07-29 09:17:45,130500.0,100,Sell,226845438
2024-07-29 09:17:45,130500.0,100,Sell,226845452
2024-07-29 09:17:45,130500.0,100,Sell,226845453
2024-07-29 09:17:45,130500.0,500,Sell,226845454
2024-07-29 09:17:45,130600.0,700,Buy,226845466
2024-07-29 09:17:47,130500.0,300,Sell,226845522
2024-07-29 09:17:48,130500.0,100,Sell,226845581
2024-07-29 09:17:51,130600.0,1300,Buy,226845726
2024-07-29 09:17:51,130500.0,100,Sell,226845723
2024-07-29 09:17:51,130500.0,200,Sell,226845724
2024-07-29 09:17:51,130500.0,200,Buy,226845725
2024-07-29 09:17:54,130500.0,400,Buy,226845838
2024-07-29 09:17:54,130500.0,100,Buy,226845839
2024-07-29 09:17:54,130600.0,400,Buy,226845840
2024-07-29 09:17:59,130500.0,500,Buy,226845984
2024-07-29 09:18:05,130400.0,1000,Sell,226846153
2024-07-29 09:18:06,130500.0,500,Buy,226846188
2024-07-29 09:18:06,130500.0,500,Buy,226846189
2024-07-29 09:18:07,130400.0,200,Sell,226846245
2024-07-29 09:18:07,130400.0,400,Sell,226846244
2024-07-29 09:18:07,130400.0,4000,Sell,226846243
2024-07-29 09:18:08,130400.0,1000,Buy,226846289
2024-07-29 09:18:09,130400.0,1200,Buy,226846313
2024-07-29 09:18:11,130400.0,700,Buy,226846418
2024-07-29 09:18:11,130400.0,400,Buy,226846419
2024-07-29 09:18:14,130300.0,100,Sell,226846543
2024-07-29 09:18:20,130300.0,3000,Sell,226846818
2024-07-29 09:18:20,130300.0,1400,Sell,226846817
2024-07-29 09:18:20,130300.0,3000,Sell,226846816
2024-07-29 09:18:20,130300.0,500,Sell,226846813
2024-07-29 09:18:20,130300.0,1000,Sell,226846814
2024-07-29 09:18:20,130300.0,100,Sell,226846812
2024-07-29 09:18:20,130300.0,500,Sell,226846815
2024-07-29 09:18:21,130300.0,2000,Sell,226846848
2024-07-29 09:18:21,130200.0,10100,Sell,226846849
2024-07-29 09:18:21,130200.0,1400,Sell,226846850
2024-07-29 09:18:21,130200.0,700,Sell,226846851
2024-07-29 09:18:21,130200.0,100,Sell,226846852
2024-07-29 09:18:21,130200.0,200,Sell,226846855
2024-07-29 09:18:22,130200.0,500,Buy,226846894
2024-07-29 09:18:26,130200.0,500,Buy,226847018
2024-07-29 09:18:28,130100.0,100,Sell,226847073
2024-07-29 09:18:30,130200.0,200,Buy,226847124
2024-07-29 09:18:33,130200.0,2000,Buy,226847237
2024-07-29 09:18:33,130100.0,500,Sell,226847234
2024-07-29 09:18:33,130200.0,100,Buy,226847218
2024-07-29 09:18:34,130200.0,700,Sell,226847264
2024-07-29 09:18:34,130200.0,2200,Buy,226847262
2024-07-29 09:18:34,130200.0,2100,Buy,226847263
2024-07-29 09:18:37,130100.0,200,Sell,226847353
2024-07-29 09:18:40,130100.0,500,Sell,226847420
2024-07-29 09:18:40,130100.0,1000,Sell,226847421
2024-07-29 09:18:40,130100.0,700,Sell,226847422
2024-07-29 09:18:40,130100.0,500,Sell,226847423
2024-07-29 09:18:40,130100.0,1700,Sell,226847424
2024-07-29 09:18:40,130100.0,100,Sell,226847410
2024-07-29 09:18:41,130100.0,1800,Sell,226847447
2024-07-29 09:18:41,130100.0,100,Sell,226847448
2024-07-29 09:18:41,130100.0,200,Sell,226847449
2024-07-29 09:18:41,130100.0,200,Sell,226847450
2024-07-29 09:18:41,130100.0,300,Sell,226847451
2024-07-29 09:18:41,130100.0,500,Sell,226847452
2024-07-29 09:18:44,130100.0,6900,Buy,226847512
2024-07-29 09:18:44,130100.0,3100,Buy,226847513
2024-07-29 09:18:45,130200.0,200,Buy,226847575
2024-07-29 09:18:45,130100.0,100,Buy,226847574
2024-07-29 09:18:45,130000.0,400,Sell,226847549
2024-07-29 09:18:45,130100.0,700,Buy,226847544
2024-07-29 09:18:45,130100.0,200,Buy,226847573
2024-07-29 09:18:45,130100.0,1000,Buy,226847548
2024-07-29 09:18:51,130100.0,200,Sell,226847752
2024-07-29 09:18:51,130100.0,100,Sell,226847756
2024-07-29 09:18:54,130100.0,700,Buy,226847824
2024-07-29 09:18:54,130100.0,500,Buy,226847825
2024-07-29 09:18:54,130100.0,200,Sell,226847840
2024-07-29 09:18:56,130100.0,1500,Sell,226847912
2024-07-29 09:18:58,130100.0,100,Sell,226847978
2024-07-29 09:18:58,130200.0,100,Buy,226847986
2024-07-29 09:18:58,130200.0,100,Buy,226847987
2024-07-29 09:18:58,130200.0,300,Buy,226847988
2024-07-29 09:18:59,130100.0,3000,Sell,226848024
2024-07-29 09:19:01,130200.0,100,Buy,226848077
2024-07-29 09:19:05,130100.0,6300,Sell,226848277
2024-07-29 09:19:05,130200.0,400,Buy,226848255
2024-07-29 09:19:09,130100.0,2800,Sell,226848486
2024-07-29 09:19:09,130100.0,200,Sell,226848487
2024-07-29 09:19:09,130200.0,200,Buy,226848498
2024-07-29 09:19:13,130100.0,300,Sell,226848584
2024-07-29 09:19:13,130100.0,1400,Sell,226848586
2024-07-29 09:19:13,130100.0,100,Sell,226848590
2024-07-29 09:19:13,130100.0,3000,Sell,226848591
2024-07-29 09:19:13,130100.0,100,Sell,226848592
2024-07-29 09:19:13,130100.0,2000,Sell,226848593
2024-07-29 09:19:14,130000.0,200,Sell,226848619
2024-07-29 09:19:15,130000.0,100,Sell,226848668
2024-07-29 09:19:16,130100.0,100,Buy,226848685
2024-07-29 09:19:17,130100.0,200,Sell,226848700
2024-07-29 09:19:18,130100.0,100,Sell,226848726
2024-07-29 09:19:20,130100.0,200,Sell,226848776
2024-07-29 09:19:21,130100.0,300,Sell,226848799
2024-07-29 09:19:21,130100.0,100,Sell,226848802
2024-07-29 09:19:23,130100.0,700,Sell,226848873
2024-07-29 09:19:23,130100.0,700,Sell,226848872
2024-07-29 09:19:23,130100.0,100,Sell,226848871
2024-07-29 09:19:24,130100.0,100,Buy,226848892
2024-07-29 09:19:31,130000.0,100,Sell,226849154
2024-07-29 09:19:36,130000.0,100,Sell,226849271
2024-07-29 09:19:38,130100.0,100,Buy,226849324
2024-07-29 09:19:46,130000.0,100,Sell,226849558
2024-07-29 09:19:48,130100.0,2000,Buy,226849606
2024-07-29 09:19:49,130100.0,1000,Buy,226849646
2024-07-29 09:19:49,130100.0,300,Buy,226849665
2024-07-29 09:19:49,130100.0,2900,Buy,226849667
2024-07-29 09:19:49,130100.0,100,Buy,226849666
2024-07-29 09:19:50,130000.0,100,Sell,226849727
2024-07-29 09:19:51,130100.0,400,Buy,226849738
2024-07-29 09:19:51,130100.0,3700,Buy,226849739
2024-07-29 09:19:51,130100.0,1000,Buy,226849740
2024-07-29 09:19:54,130100.0,100,Sell,226849826
2024-07-29 09:19:54,130100.0,3000,Sell,226849817
2024-07-29 09:19:54,130100.0,1900,Sell,226849825
2024-07-29 09:19:56,130100.0,500,Sell,226849870
2024-07-29 09:19:58,130100.0,100,Sell,226849970
2024-07-29 09:19:58,130100.0,100,Sell,226849962
2024-07-29 09:19:59,130100.0,100,Sell,226850016
2024-07-29 09:19:59,130100.0,600,Sell,226849996
2024-07-29 09:19:59,130100.0,100,Sell,226849997
2024-07-29 09:20:03,130100.0,5000,Sell,226850111
2024-07-29 09:20:06,130100.0,1000,Sell,226850181
2024-07-29 09:20:09,130100.0,100,Sell,226850250
2024-07-29 09:20:11,130100.0,300,Sell,226850342
2024-07-29 09:20:13,130100.0,8600,Sell,226850385
2024-07-29 09:20:13,130100.0,1400,Sell,226850386
2024-07-29 09:20:17,130100.0,100,Sell,226850495
2024-07-29 09:20:18,130100.0,100,Sell,226850526
2024-07-29 09:20:21,130100.0,1000,Buy,226850613
2024-07-29 09:20:21,130100.0,100,Sell,226850600
2024-07-29 09:20:21,130100.0,400,Sell,226850598
2024-07-29 09:20:21,130100.0,100,Sell,226850599
2024-07-29 09:20:22,130100.0,1000,Buy,226850643
2024-07-29 09:20:24,130100.0,1900,Buy,226850730
2024-07-29 09:20:25,130100.0,700,Buy,226850771
2024-07-29 09:20:26,130100.0,4900,Buy,226850820
2024-07-29 09:20:26,130100.0,200,Buy,226850821
2024-07-29 09:20:26,130100.0,200,Buy,226850822
2024-07-29 09:20:28,130100.0,100,Sell,226850872
2024-07-29 09:20:28,130100.0,3000,Sell,226850873
2024-07-29 09:20:29,130100.0,100,Sell,226850899
2024-07-29 09:20:31,130100.0,100,Sell,226850976
2024-07-29 09:20:32,130100.0,1400,Sell,226850998
2024-07-29 09:20:32,130100.0,100,Sell,226850999
2024-07-29 09:20:37,130100.0,1300,Buy,226851083
2024-07-29 09:20:40,130000.0,400,Sell,226851160
2024-07-29 09:20:47,130000.0,6300,Sell,226851388
2024-07-29 09:20:51,130000.0,100,Sell,226851576
2024-07-29 09:20:59,130000.0,200,Sell,226851815
2024-07-29 09:21:05,130000.0,5000,Sell,226851988
2024-07-29 09:21:07,130000.0,100,Sell,226852046
2024-07-29 09:21:13,130000.0,2100,Sell,226852240
2024-07-29 09:21:18,130100.0,500,Buy,226852423
2024-07-29 09:21:29,130000.0,500,Sell,226852851
2024-07-29 09:21:34,130000.0,5000,Sell,226853023
2024-07-29 09:21:35,130100.0,300,Buy,226853058
2024-07-29 09:21:35,130100.0,2000,Buy,226853056
2024-07-29 09:21:35,130100.0,1000,Buy,226853057
2024-07-29 09:21:35,130100.0,100,Buy,226853054
2024-07-29 09:21:35,130100.0,100,Buy,226853053
2024-07-29 09:21:35,130100.0,5000,Buy,226853055
2024-07-29 09:21:35,130100.0,1700,Buy,226853052
2024-07-29 09:21:42,130100.0,100,Buy,226853339
2024-07-29 09:21:48,130100.0,200,Buy,226853544
2024-07-29 09:21:51,130100.0,100,Buy,226853626
2024-07-29 09:22:05,130100.0,700,Buy,226854021
2024-07-29 09:22:13,130100.0,100,Buy,226854249
2024-07-29 09:22:18,130100.0,300,Buy,226854401
2024-07-29 09:22:21,130100.0,200,Buy,226854497
2024-07-29 09:22:21,130100.0,300,Buy,226854496
2024-07-29 09:22:21,130100.0,100,Buy,226854495
2024-07-29 09:22:21,130100.0,500,Buy,226854493
2024-07-29 09:22:21,130100.0,300,Buy,226854491
2024-07-29 09:22:21,130100.0,100,Buy,226854494
2024-07-29 09:22:21,130100.0,500,Buy,226854492
2024-07-29 09:22:25,130000.0,1000,Sell,226854580
2024-07-29 09:22:36,130000.0,200,Sell,226854907
2024-07-29 09:22:38,130100.0,300,Buy,226854964
2024-07-29 09:22:39,130100.0,100,Buy,226854982
2024-07-29 09:22:39,130100.0,200,Buy,226854981
2024-07-29 09:22:39,130100.0,500,Buy,226854980
2024-07-29 09:22:40,130000.0,100,Sell,226855006
2024-07-29 09:22:41,130100.0,2400,Buy,226855044
2024-07-29 09:22:41,130100.0,100,Buy,226855045
2024-07-29 09:22:41,130100.0,17500,Buy,226855046
2024-07-29 09:22:42,130000.0,100,Sell,226855061
2024-07-29 09:22:43,130100.0,500,Buy,226855075
2024-07-29 09:22:46,130100.0,12000,Buy,226855159
2024-07-29 09:22:46,130100.0,7000,Buy,226855160
2024-07-29 09:22:48,130100.0,100,Buy,226855236
2024-07-29 09:22:48,130100.0,500,Buy,226855237
2024-07-29 09:22:48,130100.0,1000,Buy,226855238
2024-07-29 09:22:48,130100.0,1200,Buy,226855239
2024-07-29 09:22:48,130100.0,500,Buy,226855244
2024-07-29 09:22:48,130100.0,5000,Buy,226855241
2024-07-29 09:22:48,130100.0,100,Buy,226855242
2024-07-29 09:22:48,130100.0,5000,Buy,226855243
2024-07-29 09:22:48,130100.0,2000,Buy,226855235
2024-07-29 09:22:48,130100.0,200,Buy,226855240
2024-07-29 09:22:48,130100.0,100,Buy,226855225
2024-07-29 09:22:48,130100.0,5000,Buy,226855216
2024-07-29 09:22:48,130100.0,100,Buy,226855223
2024-07-29 09:22:48,130100.0,500,Buy,226855215
2024-07-29 09:22:48,130000.0,2000,Sell,226855197
2024-07-29 09:22:48,130100.0,200,Buy,226855217
2024-07-29 09:22:48,130100.0,200,Buy,226855218
2024-07-29 09:22:48,130100.0,3000,Buy,226855214
2024-07-29 09:22:48,130100.0,100,Buy,226855220
2024-07-29 09:22:48,130100.0,200,Buy,226855221
2024-07-29 09:22:48,130100.0,100,Buy,226855222
2024-07-29 09:22:48,130100.0,100,Buy,226855219
2024-07-29 09:22:48,130100.0,2000,Buy,226855224
2024-07-29 09:22:49,130100.0,100,Sell,226855262
2024-07-29 09:22:49,130100.0,500,Sell,226855279
2024-07-29 09:22:55,130100.0,2200,Sell,226855427
2024-07-29 09:22:55,130100.0,1000,Sell,226855428
2024-07-29 09:22:55,130100.0,100,Sell,226855429
2024-07-29 09:22:55,130100.0,200,Sell,226855430
2024-07-29 09:22:55,130100.0,300,Sell,226855431
2024-07-29 09:22:59,130100.0,500,Buy,226855553
2024-07-29 09:23:01,130100.0,300,Buy,226855593
2024-07-29 09:23:03,130100.0,400,Buy,226855663
2024-07-29 09:23:07,130100.0,1000,Buy,226855776
2024-07-29 09:23:10,130100.0,2500,Buy,226855839
2024-07-29 09:23:10,130100.0,500,Buy,226855840
2024-07-29 09:23:11,130100.0,400,Sell,226855854
2024-07-29 09:23:12,130100.0,1700,Buy,226855875
2024-07-29 09:23:13,130100.0,100,Sell,226855896
2024-07-29 09:23:19,130100.0,5000,Sell,226856058
2024-07-29 09:23:20,130100.0,100,Sell,226856081
2024-07-29 09:23:22,130200.0,2000,Buy,226856136
2024-07-29 09:23:22,130200.0,1000,Buy,226856137
2024-07-29 09:23:22,130200.0,100,Buy,226856138
2024-07-29 09:23:22,130200.0,300,Buy,226856139
2024-07-29 09:23:22,130200.0,1000,Buy,226856142
2024-07-29 09:23:22,130200.0,10000,Buy,226856141
2024-07-29 09:23:22,130200.0,10000,Buy,226856135
2024-07-29 09:23:22,130200.0,300,Buy,226856143
2024-07-29 09:23:22,130200.0,2000,Buy,226856144
2024-07-29 09:23:22,130200.0,1000,Buy,226856140
2024-07-29 09:23:22,130200.0,100,Buy,226856134
2024-07-29 09:23:22,130100.0,500,Sell,226856124
2024-07-29 09:23:22,130200.0,100,Buy,226856132
2024-07-29 09:23:22,130200.0,100,Buy,226856131
2024-07-29 09:23:22,130200.0,500,Buy,226856130
2024-07-29 09:23:22,130200.0,100,Buy,226856129
2024-07-29 09:23:22,130200.0,200,Buy,226856128
2024-07-29 09:23:22,130200.0,4000,Buy,226856127
2024-07-29 09:23:22,130100.0,6600,Buy,226856126
2024-07-29 09:23:22,130100.0,100,Sell,226856123
2024-07-29 09:23:22,130100.0,700,Sell,226856122
2024-07-29 09:23:22,130100.0,2100,Sell,226856121
2024-07-29 09:23:22,130200.0,500,Buy,226856133
2024-07-29 09:23:23,130200.0,100,Sell,226856150
2024-07-29 09:23:30,130200.0,200,Sell,226856309
2024-07-29 09:23:31,130100.0,100,Sell,226856351
2024-07-29 09:23:44,130500.0,600,Buy,226856667
2024-07-29 09:23:44,130400.0,2000,Buy,226856659
2024-07-29 09:23:44,130500.0,200,Buy,226856665
2024-07-29 09:23:44,130400.0,200,Buy,226856663
2024-07-29 09:23:44,130400.0,200,Buy,226856662
2024-07-29 09:23:44,130400.0,100,Buy,226856661
2024-07-29 09:23:44,130400.0,500,Buy,226856660
2024-07-29 09:23:44,130400.0,200,Buy,226856658
2024-07-29 09:23:44,130500.0,200,Buy,226856666
2024-07-29 09:23:44,130300.0,10000,Buy,226856656
2024-07-29 09:23:44,130400.0,300,Buy,226856657
2024-07-29 09:23:44,130200.0,9800,Buy,226856647
2024-07-29 09:23:44,130200.0,100,Buy,226856648
2024-07-29 09:23:44,130200.0,200,Buy,226856649
2024-07-29 09:23:44,130400.0,100,Buy,226856664
2024-07-29 09:23:44,130300.0,2500,Buy,226856654
2024-07-29 09:23:44,130300.0,100,Buy,226856653
2024-07-29 09:23:44,130200.0,2100,Buy,226856650
2024-07-29 09:23:44,130200.0,500,Buy,226856651
2024-07-29 09:23:44,130300.0,100,Buy,226856652
2024-07-29 09:23:46,130500.0,700,Buy,226856745
2024-07-29 09:23:52,130500.0,500,Buy,226856857
2024-07-29 09:23:55,130500.0,100,Buy,226856924
2024-07-29 09:23:56,130500.0,6600,Buy,226856946
2024-07-29 09:23:56,130100.0,100,Sell,226856966
2024-07-29 09:24:05,130400.0,100,Buy,226857423
2024-07-29 09:24:06,130100.0,1200,Sell,226857437
2024-07-29 09:24:06,130100.0,100,Sell,226857436
2024-07-29 09:24:06,130100.0,1100,Sell,226857435
2024-07-29 09:24:14,130200.0,100,Sell,226857736
2024-07-29 09:24:17,130200.0,1600,Sell,226857793
2024-07-29 09:24:18,130200.0,300,Sell,226857831
2024-07-29 09:24:18,130200.0,100,Sell,226857838
2024-07-29 09:24:20,130200.0,100,Sell,226857878
2024-07-29 09:24:22,130200.0,2000,Sell,226857916
2024-07-29 09:24:22,130200.0,100,Sell,226857940
2024-07-29 09:24:23,130300.0,200,Buy,226857952
2024-07-29 09:24:23,130300.0,800,Buy,226857953
2024-07-29 09:24:26,130300.0,100,Buy,226858045
2024-07-29 09:24:38,130200.0,700,Sell,226858377
2024-07-29 09:24:38,130200.0,300,Sell,226858378
2024-07-29 09:24:40,130200.0,100,Sell,226858422
2024-07-29 09:24:40,130300.0,500,Buy,226858431
2024-07-29 09:24:45,130200.0,100,Sell,226858513
2024-07-29 09:24:49,130300.0,100,Buy,226858627
2024-07-29 09:24:53,130300.0,700,Buy,226858733
2024-07-29 09:24:55,130200.0,200,Sell,226858777
2024-07-29 09:25:03,130200.0,500,Sell,226858967
2024-07-29 09:25:03,130200.0,500,Sell,226858968
2024-07-29 09:25:10,130200.0,200,Sell,226859135
2024-07-29 09:25:13,130200.0,200,Sell,226859222
2024-07-29 09:25:17,130300.0,200,Buy,226859315
2024-07-29 09:25:19,130200.0,100,Sell,226859372
2024-07-29 09:25:24,130200.0,200,Sell,226859492
2024-07-29 09:25:24,130200.0,1600,Sell,226859494
2024-07-29 09:25:24,130200.0,300,Sell,226859493
2024-07-29 09:25:24,130200.0,1400,Sell,226859491
2024-07-29 09:25:24,130200.0,2000,Sell,226859486
2024-07-29 09:25:24,130200.0,5000,Sell,226859489
2024-07-29 09:25:24,130200.0,200,Sell,226859488
2024-07-29 09:25:24,130200.0,5000,Sell,226859487
2024-07-29 09:25:24,130200.0,200,Sell,226859490
2024-07-29 09:25:26,130200.0,100,Buy,226859553
2024-07-29 09:25:26,130200.0,700,Buy,226859555
2024-07-29 09:25:28,130200.0,100,Sell,226859665
2024-07-29 09:25:28,130200.0,500,Buy,226859666
2024-07-29 09:25:32,130100.0,100,Sell,226859762
2024-07-29 09:25:41,130200.0,3400,Buy,226859977
2024-07-29 09:25:41,130200.0,500,Buy,226859978
2024-07-29 09:25:41,130200.0,1100,Buy,226859979
2024-07-29 09:25:43,130200.0,2600,Buy,226860012
2024-07-29 09:25:53,130200.0,100,Buy,226860238
2024-07-29 09:25:55,130200.0,200,Buy,226860283
2024-07-29 09:26:00,130200.0,700,Buy,226860376
2024-07-29 09:26:01,130200.0,100,Buy,226860417
2024-07-29 09:26:04,130200.0,100,Buy,226860477
2024-07-29 09:26:04,130200.0,200,Buy,226860476
2024-07-29 09:26:08,130200.0,1000,Buy,226860672
2024-07-29 09:26:13,130200.0,500,Buy,226860769
2024-07-29 09:26:14,130200.0,100,Buy,226860795
2024-07-29 09:26:24,130200.0,100,Buy,226860989
2024-07-29 09:26:27,130200.0,100,Buy,226861047
2024-07-29 09:26:28,130200.0,200,Buy,226861072
2024-07-29 09:26:30,130200.0,400,Buy,226861124
2024-07-29 09:26:33,130200.0,500,Buy,226861146
2024-07-29 09:26:33,130200.0,200,Buy,226861147
2024-07-29 09:26:34,130200.0,100,Buy,226861168
2024-07-29 09:26:37,130200.0,1000,Buy,226861247
2024-07-29 09:26:37,130200.0,1000,Buy,226861248
2024-07-29 09:26:37,130200.0,400,Buy,226861249
2024-07-29 09:26:37,130200.0,100,Buy,226861246
2024-07-29 09:26:37,130200.0,1000,Buy,226861244
2024-07-29 09:26:37,130200.0,400,Buy,226861243
2024-07-29 09:26:37,130200.0,100,Buy,226861240
2024-07-29 09:26:37,130200.0,100,Buy,226861245
2024-07-29 09:26:38,130200.0,200,Buy,226861258
2024-07-29 09:26:38,130200.0,100,Buy,226861259
2024-07-29 09:26:38,130200.0,4700,Buy,226861260
2024-07-29 09:26:48,130200.0,1300,Buy,226861480
2024-07-29 09:26:48,130200.0,200,Buy,226861481
2024-07-29 09:26:48,130200.0,100,Buy,226861482
2024-07-29 09:26:48,130200.0,100,Buy,226861483
2024-07-29 09:27:01,130300.0,400,Buy,226861756
2024-07-29 09:27:07,130300.0,700,Buy,226861910
2024-07-29 09:27:18,130300.0,100,Buy,226862106
2024-07-29 09:27:21,130300.0,200,Buy,226862150
2024-07-29 09:27:40,130300.0,800,Buy,226862563
2024-07-29 09:27:45,130200.0,5700,Sell,226862693
2024-07-29 09:27:47,130300.0,400,Buy,226862737
2024-07-29 09:27:47,130300.0,200,Buy,226862738
2024-07-29 09:27:50,130200.0,100,Sell,226862847
2024-07-29 09:27:50,130200.0,100,Sell,226862846
2024-07-29 09:27:50,130200.0,15000,Sell,226862845
2024-07-29 09:27:50,130200.0,300,Sell,226862844
2024-07-29 09:27:50,130200.0,1300,Sell,226862843
2024-07-29 09:27:50,130200.0,2600,Sell,226862842
2024-07-29 09:27:58,130200.0,100,Buy,226862981
2024-07-29 09:27:58,130200.0,200,Buy,226862985
2024-07-29 09:27:58,130200.0,200,Buy,226862992
2024-07-29 09:28:06,130200.0,1600,Buy,226863149
2024-07-29 09:28:10,130200.0,500,Buy,226863227
2024-07-29 09:28:11,130100.0,100,Sell,226863251
2024-07-29 09:28:13,130100.0,1000,Sell,226863312
2024-07-29 09:28:14,130200.0,4000,Buy,226863321
2024-07-29 09:28:16,130100.0,1500,Sell,226863370
2024-07-29 09:28:16,130100.0,800,Sell,226863387
2024-07-29 09:28:16,130100.0,900,Sell,226863388
2024-07-29 09:28:16,130100.0,600,Sell,226863389
2024-07-29 09:28:16,130000.0,6300,Sell,226863409
2024-07-29 09:28:16,130100.0,200,Sell,226863406
2024-07-29 09:28:16,130100.0,4900,Sell,226863407
2024-07-29 09:28:16,130100.0,700,Sell,226863408
2024-07-29 09:28:16,130100.0,200,Sell,226863369
2024-07-29 09:28:16,130100.0,500,Sell,226863405
2024-07-29 09:28:16,130100.0,500,Sell,226863368
2024-07-29 09:28:16,130100.0,600,Sell,226863364
2024-07-29 09:28:16,130100.0,700,Sell,226863366
2024-07-29 09:28:16,130100.0,2000,Sell,226863357
2024-07-29 09:28:16,130100.0,8400,Sell,226863358
2024-07-29 09:28:16,130100.0,100,Sell,226863359
2024-07-29 09:28:16,130100.0,200,Sell,226863360
2024-07-29 09:28:16,130100.0,2600,Sell,226863356
2024-07-29 09:28:16,130100.0,500,Sell,226863362
2024-07-29 09:28:16,130100.0,100,Sell,226863363
2024-07-29 09:28:16,130100.0,30000,Sell,226863365
2024-07-29 09:28:16,130100.0,300,Sell,226863361
2024-07-29 09:28:16,130100.0,100,Sell,226863367
2024-07-29 09:28:20,130100.0,200,Buy,226863557
2024-07-29 09:28:28,130000.0,100,Sell,226863753
2024-07-29 09:28:29,130100.0,100,Buy,226863782
2024-07-29 09:28:34,130000.0,1000,Sell,226863863
2024-07-29 09:28:41,130100.0,3300,Buy,226863990
2024-07-29 09:28:41,130100.0,200,Buy,226863991
2024-07-29 09:28:41,130100.0,1500,Buy,226863992
2024-07-29 09:28:45,130100.0,400,Buy,226864085
2024-07-29 09:28:45,130100.0,100,Buy,226864084
2024-07-29 09:28:45,130100.0,500,Buy,226864083
2024-07-29 09:28:46,130100.0,100,Buy,226864127
2024-07-29 09:28:47,130100.0,700,Buy,226864138
2024-07-29 09:28:47,130100.0,700,Buy,226864139
2024-07-29 09:28:53,130100.0,300,Buy,226864295
2024-07-29 09:29:01,130100.0,200,Buy,226864410
2024-07-29 09:29:01,130100.0,500,Buy,226864411
2024-07-29 09:29:12,130100.0,1000,Buy,226864614
2024-07-29 09:29:14,130100.0,100,Buy,226864662
2024-07-29 09:29:21,130100.0,700,Buy,226864811
2024-07-29 09:29:26,130100.0,200,Buy,226864988
2024-07-29 09:29:27,130100.0,500,Buy,226865013
2024-07-29 09:29:29,130000.0,500,Sell,226865064
2024-07-29 09:29:32,130100.0,500,Buy,226865120
2024-07-29 09:29:36,130000.0,100,Sell,226865199
2024-07-29 09:29:41,130100.0,100,Buy,226865312
2024-07-29 09:29:44,130000.0,100,Sell,226865353
2024-07-29 09:29:46,130000.0,2000,Sell,226865419
2024-07-29 09:29:47,130000.0,100,Sell,226865460
2024-07-29 09:29:49,130100.0,1000,Buy,226865502
2024-07-29 09:29:54,130000.0,2000,Sell,226865640
2024-07-29 09:29:54,130100.0,700,Buy,226865623
2024-07-29 09:29:55,130000.0,100,Sell,226865649
2024-07-29 09:30:03,130000.0,2600,Sell,226865905
2024-07-29 09:30:03,130100.0,100,Buy,226865906
2024-07-29 09:30:08,130100.0,1000,Buy,226866006
2024-07-29 09:30:16,130000.0,500,Sell,226866247
2024-07-29 09:30:18,130000.0,1500,Sell,226866280
2024-07-29 09:30:19,130000.0,200,Sell,226866304
2024-07-29 09:30:19,130000.0,10000,Sell,226866303
2024-07-29 09:30:19,130000.0,1200,Sell,226866302
2024-07-29 09:30:19,130000.0,800,Sell,226866298
2024-07-29 09:30:19,130000.0,2400,Sell,226866300
2024-07-29 09:30:19,130000.0,300,Sell,226866299
2024-07-29 09:30:19,130000.0,2400,Sell,226866305
2024-07-29 09:30:19,130000.0,600,Sell,226866301
2024-07-29 09:30:19,130000.0,800,Sell,226866297
2024-07-29 09:30:26,130000.0,100,Sell,226866435
2024-07-29 09:30:26,130000.0,900,Sell,226866436
2024-07-29 09:30:27,130000.0,1000,Sell,226866483
2024-07-29 09:30:27,130000.0,1000,Sell,226866484
2024-07-29 09:30:27,130000.0,200,Sell,226866485
2024-07-29 09:30:27,130000.0,2000,Sell,226866486
2024-07-29 09:30:27,130000.0,300,Sell,226866487
2024-07-29 09:30:27,130000.0,400,Sell,226866488
2024-07-29 09:30:27,130000.0,200,Sell,226866489
2024-07-29 09:30:27,130000.0,500,Sell,226866490
2024-07-29 09:30:27,130000.0,1400,Sell,226866491
2024-07-29 09:30:27,130000.0,200,Sell,226866493
2024-07-29 09:30:27,130000.0,800,Sell,226866494
2024-07-29 09:30:27,130000.0,2300,Sell,226866495
2024-07-29 09:30:27,130000.0,3700,Sell,226866496
2024-07-29 09:30:27,130000.0,1300,Sell,226866497
2024-07-29 09:30:27,130000.0,1300,Sell,226866498
2024-07-29 09:30:27,130000.0,300,Sell,226866492
2024-07-29 09:30:27,130000.0,300,Sell,226866482
2024-07-29 09:30:27,130000.0,2900,Sell,226866477
2024-07-29 09:30:27,130000.0,1500,Sell,226866480
2024-07-29 09:30:27,130000.0,1600,Sell,226866463
2024-07-29 09:30:27,130000.0,35000,Sell,226866464
2024-07-29 09:30:27,130000.0,1300,Sell,226866481
2024-07-29 09:30:27,130000.0,1000,Sell,226866466
2024-07-29 09:30:27,130000.0,400,Sell,226866467
2024-07-29 09:30:27,130000.0,1200,Sell,226866468
2024-07-29 09:30:27,130000.0,2500,Sell,226866469
2024-07-29 09:30:27,130000.0,2200,Sell,226866470
2024-07-29 09:30:27,130000.0,2500,Sell,226866465
2024-07-29 09:30:27,130000.0,200,Sell,226866472
2024-07-29 09:30:27,130000.0,200,Sell,226866473
2024-07-29 09:30:27,130000.0,300,Sell,226866474
2024-07-29 09:30:27,130000.0,200,Sell,226866475
2024-07-29 09:30:27,130000.0,1200,Sell,226866476
2024-07-29 09:30:27,130000.0,700,Sell,226866478
2024-07-29 09:30:27,130000.0,1700,Sell,226866479
2024-07-29 09:30:27,130000.0,11200,Sell,226866471
2024-07-29 09:30:28,130000.0,500,Sell,226866531
2024-07-29 09:30:28,130000.0,500,Sell,226866532
2024-07-29 09:30:28,130000.0,1100,Sell,226866533
2024-07-29 09:30:28,130000.0,800,Sell,226866534
2024-07-29 09:30:28,130000.0,1200,Sell,226866536
2024-07-29 09:30:28,130000.0,1200,Sell,226866540
2024-07-29 09:30:28,130000.0,200,Sell,226866538
2024-07-29 09:30:28,130000.0,200,Sell,226866539
2024-07-29 09:30:28,130000.0,200,Sell,226866541
2024-07-29 09:30:28,130000.0,2300,Sell,226866542
2024-07-29 09:30:28,130000.0,100,Sell,226866530
2024-07-29 09:30:28,130000.0,1200,Sell,226866537
2024-07-29 09:30:28,130000.0,400,Sell,226866529
2024-07-29 09:30:28,130000.0,400,Sell,226866535
2024-07-29 09:30:28,130000.0,1700,Sell,226866527
2024-07-29 09:30:28,130000.0,100,Sell,226866528
2024-07-29 09:30:28,130000.0,100,Sell,226866514
2024-07-29 09:30:28,130000.0,400,Sell,226866516
2024-07-29 09:30:28,130000.0,1500,Sell,226866517
2024-07-29 09:30:28,130000.0,2000,Sell,226866519
2024-07-29 09:30:28,130000.0,600,Sell,226866520
2024-07-29 09:30:28,130000.0,2500,Sell,226866518
2024-07-29 09:30:28,130000.0,600,Sell,226866513
2024-07-29 09:30:28,130000.0,300,Sell,226866522
2024-07-29 09:30:28,130000.0,800,Sell,226866523
2024-07-29 09:30:28,130000.0,70000,Sell,226866524
2024-07-29 09:30:28,130000.0,1600,Sell,226866525
2024-07-29 09:30:28,130000.0,800,Sell,226866526
2024-07-29 09:30:28,130000.0,300,Sell,226866521
2024-07-29 09:30:29,130000.0,1500,Sell,226866564
2024-07-29 09:30:29,130000.0,10000,Sell,226866587
2024-07-29 09:30:29,130000.0,2000,Sell,226866568
2024-07-29 09:30:29,130000.0,1500,Sell,226866566
2024-07-29 09:30:29,130000.0,300,Sell,226866565
2024-07-29 09:30:29,130000.0,300,Sell,226866563
2024-07-29 09:30:29,130000.0,400,Sell,226866562
2024-07-29 09:30:29,130000.0,200,Sell,226866554
2024-07-29 09:30:29,130000.0,2000,Sell,226866560
2024-07-29 09:30:29,130000.0,400,Sell,226866559
2024-07-29 09:30:29,130000.0,800,Sell,226866558
2024-07-29 09:30:29,130000.0,1400,Sell,226866557
2024-07-29 09:30:29,130000.0,700,Sell,226866556
2024-07-29 09:30:29,130000.0,400,Sell,226866555
2024-07-29 09:30:29,130000.0,100,Sell,226866561
2024-07-29 09:30:30,130000.0,2000,Sell,226866593
2024-07-29 09:30:31,130000.0,900,Sell,226866650
2024-07-29 09:30:31,130000.0,100,Sell,226866649
2024-07-29 09:30:31,130000.0,500,Sell,226866648
2024-07-29 09:30:31,130000.0,1200,Sell,226866647
2024-07-29 09:30:31,130000.0,300,Sell,226866645
2024-07-29 09:30:31,130000.0,700,Sell,226866621
2024-07-29 09:30:31,130000.0,4500,Sell,226866619
2024-07-29 09:30:31,130000.0,100,Sell,226866646
2024-07-29 09:30:31,130000.0,700,Sell,226866620
2024-07-29 09:30:32,130000.0,4500,Sell,226866664
2024-07-29 09:30:32,130000.0,1000,Sell,226866663
2024-07-29 09:30:32,130000.0,100,Sell,226866662
2024-07-29 09:30:32,130000.0,100,Sell,226866682
2024-07-29 09:30:32,130000.0,2200,Sell,226866665
2024-07-29 09:30:32,130000.0,200,Sell,226866661
2024-07-29 09:30:32,130000.0,1200,Sell,226866656
2024-07-29 09:30:32,130000.0,100,Sell,226866659
2024-07-29 09:30:32,130000.0,2500,Sell,226866658
2024-07-29 09:30:32,130000.0,3000,Sell,226866657
2024-07-29 09:30:32,130000.0,700,Sell,226866655
2024-07-29 09:30:32,130000.0,100,Sell,226866654
2024-07-29 09:30:32,130000.0,1300,Sell,226866660
2024-07-29 09:30:33,130000.0,100,Sell,226866726
2024-07-29 09:30:33,130000.0,500,Sell,226866725
2024-07-29 09:30:33,130000.0,1000,Sell,226866724
2024-07-29 09:30:33,130000.0,100,Sell,226866723
2024-07-29 09:30:33,130000.0,1200,Sell,226866722
2024-07-29 09:30:33,130000.0,1400,Sell,226866720
2024-07-29 09:30:33,130000.0,100,Sell,226866719
2024-07-29 09:30:33,130000.0,2000,Sell,226866718
2024-07-29 09:30:33,130000.0,300,Sell,226866721
2024-07-29 09:30:33,130000.0,100,Sell,226866716
2024-07-29 09:30:33,130000.0,300,Sell,226866715
2024-07-29 09:30:33,130000.0,100,Sell,226866714
2024-07-29 09:30:33,130000.0,5000,Sell,226866713
2024-07-29 09:30:33,130000.0,1000,Sell,226866712
2024-07-29 09:30:33,130000.0,3000,Sell,226866711
2024-07-29 09:30:33,130000.0,100,Sell,226866710
2024-07-29 09:30:33,130000.0,1600,Sell,226866709
2024-07-29 09:30:33,130000.0,1900,Sell,226866708
2024-07-29 09:30:33,130000.0,200,Sell,226866717
2024-07-29 09:30:35,130000.0,500,Sell,226866779
2024-07-29 09:30:35,130000.0,100,Sell,226866778
2024-07-29 09:30:35,130000.0,100,Sell,226866777
2024-07-29 09:30:35,130000.0,100,Sell,226866773
2024-07-29 09:30:35,130000.0,500,Sell,226866775
2024-07-29 09:30:35,130000.0,200,Sell,226866774
2024-07-29 09:30:35,130000.0,100,Sell,226866759
2024-07-29 09:30:35,130000.0,1500,Sell,226866776
2024-07-29 09:30:36,130000.0,700,Sell,226866811
2024-07-29 09:30:36,130000.0,400,Sell,226866813
2024-07-29 09:30:36,130000.0,200,Sell,226866812
2024-07-29 09:30:36,130000.0,800,Sell,226866810
2024-07-29 09:30:36,130000.0,1400,Sell,226866787
2024-07-29 09:30:36,130000.0,200,Sell,226866808
2024-07-29 09:30:36,130000.0,500,Sell,226866786
2024-07-29 09:30:36,130000.0,100,Sell,226866809
2024-07-29 09:30:36,130000.0,100,Sell,226866788
2024-07-29 09:30:42,130000.0,200,Buy,226866918
2024-07-29 09:30:42,130000.0,1000,Buy,226866925
2024-07-29 09:30:47,129900.0,100,Sell,226866988
2024-07-29 09:30:47,129900.0,300,Sell,226866989
2024-07-29 09:30:48,129900.0,500,Sell,226867019
2024-07-29 09:30:48,129900.0,200,Sell,226867020
2024-07-29 09:30:48,129800.0,100,Sell,226867021
2024-07-29 09:30:48,129800.0,100,Sell,226867022
2024-07-29 09:30:48,129800.0,100,Sell,226867023
2024-07-29 09:30:48,129800.0,500,Sell,226867024
2024-07-29 09:30:49,129900.0,1000,Buy,226867052
2024-07-29 09:30:54,129800.0,4000,Sell,226867167
2024-07-29 09:30:55,129800.0,1000,Sell,226867188
2024-07-29 09:30:56,129900.0,200,Buy,226867235
2024-07-29 09:30:56,129500.0,100,Sell,226867225
2024-07-29 09:30:56,129500.0,100,Sell,226867224
2024-07-29 09:30:56,129500.0,100,Sell,226867223
2024-07-29 09:30:56,129500.0,100,Sell,226867221
2024-07-29 09:30:56,129500.0,1000,Sell,226867222
2024-07-29 09:30:56,129500.0,200,Sell,226867220
2024-07-29 09:30:56,129600.0,1000,Sell,226867216
2024-07-29 09:30:56,129500.0,200,Sell,226867218
2024-07-29 09:30:56,129500.0,100,Sell,226867217
2024-07-29 09:30:56,129800.0,500,Sell,226867214
2024-07-29 09:30:56,129800.0,1000,Sell,226867213
2024-07-29 09:30:56,129800.0,5000,Sell,226867212
2024-07-29 09:30:56,129500.0,100,Sell,226867219
2024-07-29 09:30:56,129600.0,500,Sell,226867215
2024-07-29 09:31:00,129800.0,100,Buy,226867319
2024-07-29 09:31:00,129800.0,300,Buy,226867320
2024-07-29 09:31:01,129800.0,700,Buy,226867351
2024-07-29 09:31:12,129700.0,100,Sell,226867587
2024-07-29 09:31:15,129700.0,100,Sell,226867635
2024-07-29 09:31:15,129700.0,9900,Sell,226867634
2024-07-29 09:31:17,129700.0,900,Sell,226867682
2024-07-29 09:31:19,129600.0,400,Sell,226867729
2024-07-29 09:31:19,129600.0,4600,Sell,226867728
2024-07-29 09:31:20,129700.0,200,Buy,226867748
2024-07-29 09:31:21,129600.0,100,Sell,226867754
2024-07-29 09:31:21,129700.0,2000,Buy,226867772
2024-07-29 09:31:22,129600.0,100,Sell,226867790
2024-07-29 09:31:22,129600.0,100,Sell,226867804
2024-07-29 09:31:24,129600.0,100,Sell,226867819
2024-07-29 09:31:26,129600.0,100,Sell,226867876
2024-07-29 09:31:28,129600.0,100,Sell,226867907
2024-07-29 09:31:30,129600.0,100,Sell,226867947
2024-07-29 09:31:30,129600.0,1900,Sell,226867949
2024-07-29 09:31:35,129600.0,100,Buy,226868045
2024-07-29 09:31:35,129600.0,300,Buy,226868046
2024-07-29 09:31:35,129600.0,300,Buy,226868047
2024-07-29 09:31:36,129500.0,700,Sell,226868085
2024-07-29 09:31:40,129600.0,100,Buy,226868169
2024-07-29 09:31:40,129500.0,100,Sell,226868160
2024-07-29 09:31:40,129500.0,500,Sell,226868161
2024-07-29 09:31:40,129500.0,300,Sell,226868159
2024-07-29 09:31:46,129500.0,1000,Sell,226868292
2024-07-29 09:31:46,129500.0,300,Sell,226868296
2024-07-29 09:31:47,129500.0,100,Sell,226868315
2024-07-29 09:31:49,129500.0,100,Sell,226868341
2024-07-29 09:31:54,129400.0,10000,Sell,226868430
2024-07-29 09:31:57,129400.0,100,Sell,226868504
2024-07-29 09:31:58,129400.0,900,Sell,226868526
2024-07-29 09:31:58,129400.0,100,Sell,226868527
2024-07-29 09:32:01,129400.0,900,Sell,226868600
2024-07-29 09:32:01,129400.0,1600,Sell,226868601
2024-07-29 09:32:02,129400.0,400,Sell,226868620
2024-07-29 09:32:02,129400.0,1300,Buy,226868621
2024-07-29 09:32:05,129400.0,100,Buy,226868734
2024-07-29 09:32:05,129400.0,200,Buy,226868715
2024-07-29 09:32:06,129400.0,800,Buy,226868737
2024-07-29 09:32:06,129400.0,100,Buy,226868736
2024-07-29 09:32:07,129300.0,100,Sell,226868754
2024-07-29 09:32:08,129400.0,400,Buy,226868790
2024-07-29 09:32:09,129400.0,100,Buy,226868814
2024-07-29 09:32:13,129300.0,300,Sell,226868890
2024-07-29 09:32:25,129300.0,700,Sell,226869130
2024-07-29 09:32:25,129300.0,1000,Sell,226869133
2024-07-29 09:32:25,129300.0,2000,Sell,226869134
2024-07-29 09:32:25,129300.0,300,Sell,226869135
2024-07-29 09:32:29,129300.0,400,Sell,226869235
2024-07-29 09:32:36,129300.0,900,Sell,226869408
2024-07-29 09:32:44,129300.0,500,Sell,226869566
2024-07-29 09:32:44,129300.0,500,Sell,226869567
2024-07-29 09:32:44,129300.0,800,Sell,226869568
2024-07-29 09:32:45,129400.0,100,Buy,226869592
2024-07-29 09:32:50,129200.0,1000,Sell,226869689
2024-07-29 09:32:50,129200.0,8900,Sell,226869690
2024-07-29 09:32:50,129300.0,1000,Sell,226869687
2024-07-29 09:32:50,129300.0,100,Sell,226869688
2024-07-29 09:32:55,129200.0,100,Sell,226869844
2024-07-29 09:32:57,129300.0,100,Buy,226869889
2024-07-29 09:33:06,129300.0,1100,Buy,226870103
2024-07-29 09:33:10,129200.0,100,Sell,226870215
2024-07-29 09:33:16,129200.0,100,Sell,226870388
2024-07-29 09:33:21,129200.0,100,Sell,226870488
2024-07-29 09:33:28,129200.0,200,Sell,226870637
2024-07-29 09:33:31,129300.0,200,Buy,226870735
2024-07-29 09:33:37,129300.0,500,Buy,226870882
2024-07-29 09:33:38,129300.0,200,Buy,226870928
2024-07-29 09:33:39,129300.0,300,Buy,226870942
2024-07-29 09:33:39,129300.0,400,Buy,226870943
2024-07-29 09:33:45,129400.0,100,Buy,226871076
2024-07-29 09:33:49,129400.0,600,Buy,226871199
2024-07-29 09:33:49,129400.0,100,Buy,226871200
2024-07-29 09:33:52,129400.0,2100,Buy,226871250
2024-07-29 09:33:52,129400.0,200,Buy,226871251
2024-07-29 09:33:52,129400.0,600,Buy,226871248
2024-07-29 09:33:52,129400.0,2100,Buy,226871249
2024-07-29 09:33:58,129500.0,1000,Buy,226871413
2024-07-29 09:33:58,129500.0,1000,Buy,226871412
2024-07-29 09:34:00,129500.0,100,Buy,226871469
2024-07-29 09:34:03,129400.0,100,Sell,226871524
2024-07-29 09:34:04,129500.0,100,Buy,226871553
2024-07-29 09:34:04,129500.0,100,Buy,226871557
2024-07-29 09:34:04,129500.0,300,Buy,226871551
2024-07-29 09:34:04,129500.0,1000,Buy,226871550
2024-07-29 09:34:04,129500.0,100,Buy,226871552
2024-07-29 09:34:04,129500.0,500,Buy,226871554
2024-07-29 09:34:07,129500.0,400,Buy,226871615
2024-07-29 09:34:07,129500.0,100,Buy,226871616
2024-07-29 09:34:12,129700.0,200,Buy,226871716
2024-07-29 09:34:22,129700.0,700,Buy,226871961
2024-07-29 09:34:32,129700.0,100,Buy,226872168
2024-07-29 09:34:52,129700.0,1000,Buy,226872601
2024-07-29 09:34:52,129700.0,700,Buy,226872600
2024-07-29 09:34:53,129700.0,1000,Buy,226872614
2024-07-29 09:34:54,129700.0,100,Buy,226872641
2024-07-29 09:34:56,129700.0,700,Buy,226872690
2024-07-29 09:34:58,129700.0,400,Buy,226872761
2024-07-29 09:35:04,130000.0,100,Buy,226872991
2024-07-29 09:35:04,130000.0,500,Buy,226872992
2024-07-29 09:35:04,130000.0,200,Buy,226872993
2024-07-29 09:35:04,130000.0,300,Buy,226872994
2024-07-29 09:35:04,130000.0,500,Buy,226872995
2024-07-29 09:35:04,130000.0,100,Buy,226872996
2024-07-29 09:35:04,130000.0,100,Buy,226872998
2024-07-29 09:35:04,130000.0,300,Buy,226872999
2024-07-29 09:35:04,130000.0,100,Buy,226873000
2024-07-29 09:35:04,130000.0,100,Buy,226873001
2024-07-29 09:35:04,130000.0,20000,Buy,226873002
2024-07-29 09:35:04,130000.0,100,Buy,226873003
2024-07-29 09:35:04,130000.0,100,Buy,226873004
2024-07-29 09:35:04,130000.0,300,Buy,226872990
2024-07-29 09:35:04,130000.0,100,Buy,226872989
2024-07-29 09:35:04,130000.0,400,Buy,226872997
2024-07-29 09:35:04,130000.0,1500,Buy,226872987
2024-07-29 09:35:04,129700.0,2000,Buy,226872970
2024-07-29 09:35:04,129700.0,500,Buy,226872971
2024-07-29 09:35:04,129700.0,3000,Buy,226872972
2024-07-29 09:35:04,129800.0,100,Buy,226872973
2024-07-29 09:35:04,129800.0,4000,Buy,226872974
2024-07-29 09:35:04,129900.0,900,Buy,226872975
2024-07-29 09:35:04,129900.0,500,Buy,226872976
2024-07-29 09:35:04,130000.0,200,Buy,226872988
2024-07-29 09:35:04,129900.0,10000,Buy,226872978
2024-07-29 09:35:04,129900.0,400,Buy,226872979
2024-07-29 09:35:04,130000.0,1400,Buy,226872980
2024-07-29 09:35:04,130000.0,300,Buy,226872983
2024-07-29 09:35:04,130000.0,20000,Buy,226872984
2024-07-29 09:35:04,130000.0,1000,Buy,226872985
2024-07-29 09:35:04,130000.0,1000,Buy,226872986
2024-07-29 09:35:04,129900.0,100,Buy,226872977
2024-07-29 09:35:07,130000.0,100,Sell,226873051
2024-07-29 09:35:10,130100.0,100,Buy,226873126
2024-07-29 09:35:12,130000.0,1000,Sell,226873185
2024-07-29 09:35:15,130100.0,100,Buy,226873261
2024-07-29 09:35:23,130000.0,100,Sell,226873438
2024-07-29 09:35:27,130100.0,100,Buy,226873591
2024-07-29 09:35:28,130000.0,3000,Sell,226873617
2024-07-29 09:35:29,130000.0,200,Sell,226873668
2024-07-29 09:35:32,130000.0,600,Sell,226873718
2024-07-29 09:35:35,130000.0,5000,Sell,226873791
2024-07-29 09:35:37,130000.0,10000,Sell,226873838
2024-07-29 09:35:39,130000.0,500,Sell,226873885
2024-07-29 09:35:47,130000.0,1000,Sell,226874071
2024-07-29 09:35:48,130000.0,2000,Sell,226874107
2024-07-29 09:35:53,130000.0,5000,Sell,226874254
2024-07-29 09:35:56,130000.0,1000,Sell,226874341
2024-07-29 09:35:58,130000.0,10000,Sell,226874388
2024-07-29 09:36:00,130000.0,200,Sell,226874420
2024-07-29 09:36:02,130000.0,6000,Sell,226874512
2024-07-29 09:36:05,130000.0,100,Sell,226874586
2024-07-29 09:36:07,130100.0,200,Buy,226874620
2024-07-29 09:36:12,130000.0,200,Sell,226874723
2024-07-29 09:36:21,130000.0,100,Sell,226874953
2024-07-29 09:36:33,130000.0,1200,Sell,226875290
2024-07-29 09:36:37,130000.0,100,Sell,226875339
2024-07-29 09:36:37,130000.0,300,Sell,226875368
2024-07-29 09:36:41,130000.0,100,Sell,226875492
2024-07-29 09:36:43,130000.0,1000,Sell,226875550
2024-07-29 09:36:43,130000.0,5500,Sell,226875551
2024-07-29 09:36:44,130000.0,1000,Sell,226875592
2024-07-29 09:36:46,130000.0,100,Sell,226875675
2024-07-29 09:36:53,130100.0,100,Buy,226875851
2024-07-29 09:36:53,130000.0,100,Sell,226875865
2024-07-29 09:36:59,130000.0,400,Sell,226876043
2024-07-29 09:37:02,130000.0,100,Sell,226876144
2024-07-29 09:37:03,130000.0,100,Sell,226876156
2024-07-29 09:37:08,130000.0,200,Sell,226876227
2024-07-29 09:37:09,130000.0,800,Sell,226876245
2024-07-29 09:37:11,130000.0,100,Sell,226876302
2024-07-29 09:37:14,130000.0,100,Sell,226876405
2024-07-29 09:37:16,130000.0,5000,Sell,226876493
2024-07-29 09:37:17,130100.0,500,Buy,226876522
2024-07-29 09:37:17,130000.0,9100,Sell,226876520
2024-07-29 09:37:20,130000.0,20000,Sell,226876589
2024-07-29 09:37:24,130000.0,500,Sell,226876641
2024-07-29 09:37:24,130000.0,200,Sell,226876654
2024-07-29 09:37:26,130100.0,300,Buy,226876708
2024-07-29 09:37:27,130000.0,20000,Sell,226876742
2024-07-29 09:37:29,130000.0,2100,Sell,226876775
2024-07-29 09:37:29,130000.0,7900,Sell,226876776
2024-07-29 09:37:30,130000.0,1000,Sell,226876813
2024-07-29 09:37:33,130000.0,8100,Sell,226876892
2024-07-29 09:37:33,130000.0,11100,Sell,226876890
2024-07-29 09:37:33,130000.0,800,Sell,226876891
2024-07-29 09:37:37,130000.0,7300,Sell,226876987
2024-07-29 09:37:38,130000.0,700,Sell,226877027
2024-07-29 09:37:38,130000.0,100,Sell,226877039
2024-07-29 09:37:38,130000.0,200,Sell,226877029
2024-07-29 09:37:38,130000.0,100,Sell,226877028
2024-07-29 09:37:38,130000.0,900,Sell,226877025
2024-07-29 09:37:38,130000.0,300,Sell,226877026
2024-07-29 09:37:38,130000.0,4600,Sell,226877019
2024-07-29 09:37:38,130000.0,500,Sell,226877020
2024-07-29 09:37:38,130000.0,300,Sell,226877021
2024-07-29 09:37:38,130000.0,700,Sell,226877024
2024-07-29 09:37:38,130000.0,1000,Sell,226877023
2024-07-29 09:37:38,130000.0,700,Sell,226877022
2024-07-29 09:37:40,130000.0,100,Buy,226877074
2024-07-29 09:37:40,130000.0,800,Buy,226877075
2024-07-29 09:37:44,130000.0,700,Buy,226877190
2024-07-29 09:37:50,130000.0,300,Buy,226877311
2024-07-29 09:37:52,129900.0,100,Sell,226877385
2024-07-29 09:37:52,129900.0,100,Sell,226877386
2024-07-29 09:37:57,129900.0,200,Buy,226877538
2024-07-29 09:37:59,129900.0,600,Buy,226877634
2024-07-29 09:37:59,130000.0,200,Buy,226877635
2024-07-29 09:37:59,130000.0,200,Buy,226877636
2024-07-29 09:38:08,129900.0,200,Sell,226877848
2024-07-29 09:38:08,129600.0,100,Sell,226877849
2024-07-29 09:38:10,129900.0,100,Sell,226877887
2024-07-29 09:38:11,129900.0,200,Buy,226877938
2024-07-29 09:38:21,129900.0,800,Sell,226878139
2024-07-29 09:38:21,129900.0,200,Sell,226878140
2024-07-29 09:38:41,129900.0,800,Sell,226878642
2024-07-29 09:38:41,129900.0,200,Sell,226878643
2024-07-29 09:38:42,130000.0,200,Buy,226878665
2024-07-29 09:38:47,129900.0,200,Sell,226878797
2024-07-29 09:38:54,130000.0,300,Buy,226878916
2024-07-29 09:38:54,130000.0,100,Buy,226878917
2024-07-29 09:38:54,130000.0,100,Buy,226878918
2024-07-29 09:38:56,130000.0,200,Buy,226878983
2024-07-29 09:38:56,130000.0,100,Buy,226878982
2024-07-29 09:38:56,130000.0,100,Buy,226878981
2024-07-29 09:39:02,130000.0,300,Buy,226879133
2024-07-29 09:39:02,130000.0,100,Buy,226879134
2024-07-29 09:39:02,130000.0,600,Buy,226879135
2024-07-29 09:39:10,130000.0,300,Buy,226879288
2024-07-29 09:39:10,130000.0,100,Buy,226879296
2024-07-29 09:39:24,130000.0,700,Buy,226879582
2024-07-29 09:39:29,130000.0,200,Buy,226879754
2024-07-29 09:39:32,130000.0,100,Buy,226879829
2024-07-29 09:39:49,130000.0,100,Buy,226880212
2024-07-29 09:39:49,130000.0,100,Buy,226880181
2024-07-29 09:39:51,130000.0,500,Buy,226880254
2024-07-29 09:39:51,130000.0,500,Buy,226880253
2024-07-29 09:39:53,130000.0,200,Buy,226880274
2024-07-29 09:39:53,130000.0,300,Buy,226880275
2024-07-29 09:39:53,130000.0,200,Buy,226880276
2024-07-29 09:39:53,130000.0,2100,Buy,226880277
2024-07-29 09:39:53,130000.0,100,Buy,226880278
2024-07-29 09:39:57,130000.0,700,Buy,226880410
2024-07-29 09:40:05,130000.0,100,Buy,226880613
2024-07-29 09:40:07,130000.0,100,Buy,226880693
2024-07-29 09:40:07,130000.0,100,Buy,226880694
2024-07-29 09:40:10,129900.0,400,Sell,226880736
2024-07-29 09:40:18,129900.0,500,Sell,226880981
2024-07-29 09:40:25,130000.0,4000,Buy,226881188
2024-07-29 09:40:25,130000.0,1400,Buy,226881187
2024-07-29 09:40:25,130000.0,500,Buy,226881186
2024-07-29 09:40:25,130000.0,100,Buy,226881185
2024-07-29 09:40:25,130000.0,100,Buy,226881181
2024-07-29 09:40:25,130000.0,200,Buy,226881184
2024-07-29 09:40:25,130000.0,1000,Buy,226881183
2024-07-29 09:40:25,130000.0,2100,Buy,226881182
2024-07-29 09:40:25,130000.0,1000,Buy,226881189
2024-07-29 09:40:25,130000.0,1000,Buy,226881180
2024-07-29 09:40:25,130000.0,500,Buy,226881174
2024-07-29 09:40:25,130000.0,1000,Buy,226881178
2024-07-29 09:40:25,130000.0,300,Buy,226881177
2024-07-29 09:40:25,130000.0,200,Buy,226881176
2024-07-29 09:40:25,130000.0,2100,Buy,226881175
2024-07-29 09:40:25,130000.0,100,Buy,226881190
2024-07-29 09:40:25,130000.0,500,Buy,226881172
2024-07-29 09:40:25,130000.0,100,Buy,226881171
2024-07-29 09:40:25,130000.0,1000,Buy,226881170
2024-07-29 09:40:25,129900.0,500,Sell,226881169
2024-07-29 09:40:25,130000.0,200,Buy,226881179
2024-07-29 09:40:25,130000.0,500,Buy,226881173
2024-07-29 09:40:26,130000.0,1200,Buy,226881200
2024-07-29 09:40:26,130000.0,100,Sell,226881221
2024-07-29 09:40:26,130000.0,100,Buy,226881199
2024-07-29 09:40:26,130000.0,1000,Buy,226881201
2024-07-29 09:40:26,130000.0,5000,Buy,226881197
2024-07-29 09:40:26,130000.0,500,Buy,226881194
2024-07-29 09:40:26,130000.0,100,Buy,226881198
2024-07-29 09:40:26,130000.0,300,Buy,226881196
2024-07-29 09:40:26,130000.0,2000,Buy,226881195
2024-07-29 09:40:28,130000.0,2500,Sell,226881246
2024-07-29 09:40:31,130000.0,10000,Sell,226881287
2024-07-29 09:40:33,130000.0,500,Sell,226881331
2024-07-29 09:40:35,130000.0,800,Sell,226881382
2024-07-29 09:40:37,130000.0,10000,Sell,226881433
2024-07-29 09:40:39,130000.0,300,Sell,226881477
2024-07-29 09:40:42,130000.0,2000,Sell,226881524
2024-07-29 09:40:43,130000.0,500,Sell,226881529
2024-07-29 09:40:43,130000.0,200,Sell,226881551
2024-07-29 09:40:43,130000.0,500,Sell,226881552
2024-07-29 09:40:46,130000.0,100,Sell,226881656
2024-07-29 09:40:48,130000.0,200,Sell,226881675
2024-07-29 09:40:48,130000.0,200,Sell,226881676
2024-07-29 09:40:48,130000.0,100,Sell,226881677
2024-07-29 09:40:59,130000.0,100,Buy,226881958
2024-07-29 09:40:59,130000.0,1000,Buy,226881968
2024-07-29 09:41:04,130000.0,300,Buy,226882068
2024-07-29 09:41:04,130000.0,400,Buy,226882067
2024-07-29 09:41:09,130000.0,500,Buy,226882180
2024-07-29 09:41:12,130000.0,100,Buy,226882315
2024-07-29 09:41:12,130000.0,100,Buy,226882316
2024-07-29 09:41:12,130000.0,100,Buy,226882317
2024-07-29 09:41:12,130000.0,300,Buy,226882318
2024-07-29 09:41:12,130000.0,200,Buy,226882319
2024-07-29 09:41:12,130000.0,100,Buy,226882326
2024-07-29 09:41:12,130000.0,4200,Buy,226882314
2024-07-29 09:41:18,130000.0,200,Buy,226882473
2024-07-29 09:41:27,129900.0,200,Sell,226882726
2024-07-29 09:41:27,129900.0,1000,Sell,226882727
2024-07-29 09:41:27,129900.0,200,Sell,226882728
2024-07-29 09:41:27,129900.0,700,Sell,226882729
2024-07-29 09:41:27,129900.0,200,Sell,226882730
2024-07-29 09:41:27,129900.0,100,Sell,226882731
2024-07-29 09:41:27,129900.0,1000,Sell,226882732
2024-07-29 09:41:37,129900.0,100,Sell,226882896
2024-07-29 09:41:40,129900.0,400,Sell,226882970
2024-07-29 09:41:40,129900.0,900,Sell,226882969
2024-07-29 09:41:46,129900.0,100,Sell,226883082
2024-07-29 09:41:46,129900.0,200,Sell,226883083
2024-07-29 09:41:46,129900.0,700,Sell,226883084
2024-07-29 09:41:49,129900.0,400,Sell,226883139
2024-07-29 09:41:49,129900.0,1000,Sell,226883140
2024-07-29 09:41:50,129900.0,100,Buy,226883169
2024-07-29 09:41:52,129900.0,7300,Buy,226883186
2024-07-29 09:41:52,129900.0,100,Buy,226883187
2024-07-29 09:41:52,129900.0,100,Buy,226883188
2024-07-29 09:41:55,129900.0,100,Sell,226883277
2024-07-29 09:42:08,129900.0,200,Sell,226883500
2024-07-29 09:42:09,129900.0,100,Sell,226883528
2024-07-29 09:42:12,130000.0,1500,Buy,226883624
2024-07-29 09:42:12,130000.0,400,Buy,226883623
2024-07-29 09:42:12,130000.0,1000,Buy,226883622
2024-07-29 09:42:12,130000.0,100,Buy,226883621
2024-07-29 09:42:12,130000.0,500,Buy,226883620
2024-07-29 09:42:12,130000.0,200,Buy,226883617
2024-07-29 09:42:12,130000.0,100,Buy,226883619
2024-07-29 09:42:12,130000.0,2100,Buy,226883618
2024-07-29 09:42:12,130000.0,200,Buy,226883615
2024-07-29 09:42:12,130000.0,300,Buy,226883614
2024-07-29 09:42:12,130000.0,5000,Buy,226883613
2024-07-29 09:42:12,130000.0,1000,Buy,226883612
2024-07-29 09:42:12,130000.0,2000,Buy,226883611
2024-07-29 09:42:12,130000.0,500,Buy,226883610
2024-07-29 09:42:12,130000.0,100,Buy,226883616
2024-07-29 09:42:29,129900.0,900,Sell,226884009
2024-07-29 09:42:29,129900.0,100,Sell,226884010
2024-07-29 09:42:49,129900.0,400,Sell,226884470
2024-07-29 09:42:49,129900.0,600,Sell,226884469
2024-07-29 09:42:54,130000.0,400,Buy,226884562
2024-07-29 09:43:03,129900.0,1000,Sell,226884796
2024-07-29 09:43:31,129900.0,2000,Sell,226885276
2024-07-29 09:43:31,129900.0,1600,Sell,226885278
2024-07-29 09:43:31,129900.0,500,Sell,226885279
2024-07-29 09:43:31,129900.0,200,Sell,226885280
2024-07-29 09:43:31,129900.0,700,Sell,226885281
2024-07-29 09:43:31,129900.0,500,Sell,226885282
2024-07-29 09:43:36,130000.0,100,Buy,226885387
2024-07-29 09:43:52,130000.0,700,Buy,226885729
2024-07-29 09:43:53,130000.0,200,Buy,226885757
2024-07-29 09:43:55,130000.0,300,Buy,226885781
2024-07-29 09:43:55,130000.0,100,Buy,226885784
2024-07-29 09:44:22,129900.0,2000,Sell,226886414
2024-07-29 09:44:28,129900.0,900,Sell,226886590
2024-07-29 09:44:28,129900.0,800,Sell,226886591
2024-07-29 09:44:28,129900.0,1000,Sell,226886592
2024-07-29 09:44:28,129900.0,100,Sell,226886593
2024-07-29 09:44:28,129900.0,100,Sell,226886594
2024-07-29 09:44:28,129900.0,100,Sell,226886595
2024-07-29 09:44:28,129900.0,2000,Sell,226886589
2024-07-29 09:44:29,129900.0,300,Sell,226886601
2024-07-29 09:44:32,129900.0,100,Sell,226886682
2024-07-29 09:44:32,129900.0,100,Sell,226886681
2024-07-29 09:44:36,129900.0,700,Sell,226886730
2024-07-29 09:44:36,129900.0,1300,Sell,226886731
2024-07-29 09:44:37,129900.0,3700,Sell,226886755
2024-07-29 09:44:37,129900.0,900,Sell,226886756
2024-07-29 09:44:40,129900.0,100,Buy,226886801
2024-07-29 09:44:49,129800.0,5000,Sell,226886980
2024-07-29 09:44:59,129700.0,200,Sell,226887144
2024-07-29 09:44:59,129700.0,100,Sell,226887143
2024-07-29 09:44:59,129800.0,700,Sell,226887141
2024-07-29 09:44:59,129700.0,100,Sell,226887142
2024-07-29 09:45:15,129800.0,100,Buy,226887439
2024-07-29 09:45:17,129700.0,100,Sell,226887464
2024-07-29 09:45:17,129700.0,100,Sell,226887467
2024-07-29 09:45:27,129800.0,100,Buy,226887767
2024-07-29 09:45:32,129800.0,700,Buy,226887870
2024-07-29 09:45:33,129800.0,300,Buy,226887888
2024-07-29 09:45:33,129800.0,200,Buy,226887889
2024-07-29 09:45:33,129800.0,100,Buy,226887886
2024-07-29 09:45:33,129800.0,100,Buy,226887887
2024-07-29 09:45:39,129800.0,5000,Sell,226888021
2024-07-29 09:45:39,129800.0,200,Sell,226888016
2024-07-29 09:45:46,129800.0,3600,Sell,226888155
2024-07-29 09:45:46,129800.0,200,Sell,226888156
2024-07-29 09:45:46,129800.0,100,Sell,226888157
2024-07-29 09:45:46,129800.0,100,Sell,226888158
2024-07-29 09:45:59,129800.0,1000,Buy,226888443
2024-07-29 09:46:06,129800.0,800,Buy,226888571
2024-07-29 09:46:10,129800.0,100,Buy,226888649
2024-07-29 09:46:16,129800.0,100,Buy,226888834
2024-07-29 09:46:16,129800.0,100,Buy,226888835
2024-07-29 09:46:16,129800.0,400,Buy,226888836
2024-07-29 09:46:16,129800.0,100,Buy,226888837
2024-07-29 09:46:16,129800.0,100,Buy,226888833
2024-07-29 09:46:22,129900.0,100,Buy,226888906
2024-07-29 09:46:26,129900.0,200,Buy,226889035
2024-07-29 09:46:26,129900.0,4000,Buy,226889036
2024-07-29 09:46:26,129900.0,800,Buy,226889037
2024-07-29 09:46:29,129900.0,200,Buy,226889082
2024-07-29 09:46:39,129900.0,400,Buy,226889262
2024-07-29 09:46:39,129900.0,700,Buy,226889263
2024-07-29 09:46:43,129900.0,400,Buy,226889377
2024-07-29 09:46:44,129900.0,200,Buy,226889382
2024-07-29 09:46:52,129900.0,400,Buy,226889578
2024-07-29 09:46:54,129900.0,100,Buy,226889615
2024-07-29 09:46:58,129900.0,100,Buy,226889703
2024-07-29 09:46:58,129900.0,1500,Buy,226889704
2024-07-29 09:46:58,129900.0,200,Buy,226889705
2024-07-29 09:47:08,130000.0,100,Buy,226889925
2024-07-29 09:47:08,130000.0,500,Buy,226889932
2024-07-29 09:47:08,130000.0,500,Buy,226889924
2024-07-29 09:47:08,130000.0,300,Buy,226889927
2024-07-29 09:47:08,130000.0,500,Buy,226889928
2024-07-29 09:47:08,130000.0,1000,Buy,226889929
2024-07-29 09:47:08,130000.0,200,Buy,226889930
2024-07-29 09:47:08,130000.0,1000,Buy,226889931
2024-07-29 09:47:08,130000.0,100,Buy,226889933
2024-07-29 09:47:08,130000.0,1300,Buy,226889942
2024-07-29 09:47:08,130000.0,2600,Buy,226889935
2024-07-29 09:47:08,130000.0,5000,Buy,226889936
2024-07-29 09:47:08,130000.0,100,Buy,226889937
2024-07-29 09:47:08,130000.0,100,Buy,226889938
2024-07-29 09:47:08,130000.0,100,Buy,226889939
2024-07-29 09:47:08,130000.0,1000,Buy,226889940
2024-07-29 09:47:08,130000.0,1200,Buy,226889941
2024-07-29 09:47:08,130000.0,14300,Buy,226889943
2024-07-29 09:47:08,130000.0,600,Buy,226889934
2024-07-29 09:47:08,130000.0,200,Buy,226889923
2024-07-29 09:47:08,130000.0,100,Buy,226889926
2024-07-29 09:47:08,130000.0,100,Buy,226889921
2024-07-29 09:47:08,130000.0,1000,Buy,226889922
2024-07-29 09:47:08,130000.0,1700,Buy,226889901
2024-07-29 09:47:08,130000.0,5000,Buy,226889902
2024-07-29 09:47:08,130000.0,300,Buy,226889903
2024-07-29 09:47:08,130000.0,2100,Buy,226889904
2024-07-29 09:47:08,130000.0,10000,Buy,226889905
2024-07-29 09:47:08,130000.0,2000,Buy,226889906
2024-07-29 09:47:08,130000.0,800,Buy,226889907
2024-07-29 09:47:08,130000.0,1000,Buy,226889908
2024-07-29 09:47:08,130000.0,1000,Buy,226889909
2024-07-29 09:47:08,130000.0,300,Buy,226889920
2024-07-29 09:47:08,130000.0,1000,Buy,226889911
2024-07-29 09:47:08,130000.0,200,Buy,226889919
2024-07-29 09:47:08,130000.0,100,Buy,226889918
2024-07-29 09:47:08,130000.0,10000,Buy,226889917
2024-07-29 09:47:08,130000.0,200,Buy,226889916
2024-07-29 09:47:08,130000.0,100,Buy,226889910
2024-07-29 09:47:08,130000.0,100,Buy,226889914
2024-07-29 09:47:08,130000.0,2000,Buy,226889913
2024-07-29 09:47:08,130000.0,100,Buy,226889912
2024-07-29 09:47:08,130000.0,100,Buy,226889915
2024-07-29 09:47:13,130000.0,700,Buy,226890028
2024-07-29 09:47:14,130100.0,100,Buy,226890092
2024-07-29 09:47:14,130100.0,600,Buy,226890091
2024-07-29 09:47:14,130100.0,3600,Buy,226890093
2024-07-29 09:47:14,130000.0,400,Buy,226890089
2024-07-29 09:47:14,130000.0,200,Buy,226890088
2024-07-29 09:47:14,130000.0,100,Buy,226890090
2024-07-29 09:47:20,129900.0,100,Sell,226890199
2024-07-29 09:47:23,130000.0,100,Buy,226890247
2024-07-29 09:47:27,129900.0,100,Sell,226890329
2024-07-29 09:47:39,130000.0,300,Buy,226890624
2024-07-29 09:47:42,130000.0,100,Buy,226890680
2024-07-29 09:47:42,130000.0,5000,Buy,226890681
2024-07-29 09:47:42,130000.0,7900,Buy,226890682
2024-07-29 09:47:45,129900.0,100,Sell,226890726
2024-07-29 09:47:54,130000.0,800,Buy,226890905
2024-07-29 09:47:54,130000.0,2100,Buy,226890902
2024-07-29 09:47:54,130000.0,2000,Buy,226890903
2024-07-29 09:47:54,130000.0,2100,Buy,226890904
2024-07-29 09:48:05,130000.0,700,Buy,226891122
2024-07-29 09:48:05,130000.0,4300,Buy,226891123
2024-07-29 09:48:07,129900.0,100,Sell,226891176
2024-07-29 09:48:10,129900.0,500,Sell,226891220
2024-07-29 09:48:11,130000.0,4800,Buy,226891235
2024-07-29 09:48:11,130000.0,500,Buy,226891234
2024-07-29 09:48:11,130000.0,2300,Buy,226891233
2024-07-29 09:48:11,130000.0,100,Buy,226891232
2024-07-29 09:48:11,130000.0,500,Buy,226891230
2024-07-29 09:48:11,130000.0,700,Buy,226891229
2024-07-29 09:48:11,130000.0,100,Buy,226891231
2024-07-29 09:48:14,130100.0,100,Buy,226891303
2024-07-29 09:48:14,130100.0,700,Buy,226891305
2024-07-29 09:48:14,130100.0,500,Buy,226891304
2024-07-29 09:48:14,130100.0,5000,Buy,226891302
2024-07-29 09:48:14,130000.0,1000,Buy,226891298
2024-07-29 09:48:14,130100.0,1400,Buy,226891300
2024-07-29 09:48:14,130000.0,1000,Buy,226891299
2024-07-29 09:48:14,130000.0,200,Buy,226891297
2024-07-29 09:48:14,130100.0,100,Buy,226891301
2024-07-29 09:48:20,130000.0,800,Buy,226891401
2024-07-29 09:48:28,130000.0,4200,Buy,226891531
2024-07-29 09:48:28,130000.0,500,Buy,226891532
2024-07-29 09:48:28,130000.0,300,Buy,226891533
2024-07-29 09:48:31,130000.0,100,Buy,226891617
2024-07-29 09:48:36,130000.0,100,Buy,226891724
2024-07-29 09:48:36,130000.0,400,Buy,226891725
2024-07-29 09:48:36,130000.0,100,Buy,226891726
2024-07-29 09:48:37,130000.0,4500,Buy,226891746
2024-07-29 09:48:37,130000.0,500,Buy,226891747
2024-07-29 09:48:39,130100.0,3600,Buy,226891815
2024-07-29 09:48:39,130100.0,100,Buy,226891814
2024-07-29 09:48:39,130100.0,4300,Buy,226891812
2024-07-29 09:48:39,130000.0,300,Buy,226891811
2024-07-29 09:48:39,130000.0,1600,Buy,226891810
2024-07-29 09:48:39,130100.0,100,Buy,226891813
2024-07-29 09:48:45,130000.0,500,Buy,226891939
2024-07-29 09:48:57,130100.0,1000,Buy,226892246
2024-07-29 09:48:57,130100.0,1500,Buy,226892254
2024-07-29 09:48:57,130100.0,100,Buy,226892253
2024-07-29 09:48:57,130100.0,10000,Buy,226892252
2024-07-29 09:48:57,130100.0,100,Buy,226892251
2024-07-29 09:48:57,130100.0,1000,Buy,226892250
2024-07-29 09:48:57,130100.0,500,Buy,226892249
2024-07-29 09:48:57,130100.0,100,Buy,226892248
2024-07-29 09:48:57,130100.0,100,Buy,226892247
2024-07-29 09:48:57,130100.0,100,Buy,226892245
2024-07-29 09:48:57,130100.0,300,Buy,226892243
2024-07-29 09:48:57,130100.0,16400,Buy,226892233
2024-07-29 09:48:57,130100.0,1900,Buy,226892244
2024-07-29 09:48:57,130100.0,100,Buy,226892234
2024-07-29 09:48:57,130100.0,100,Buy,226892236
2024-07-29 09:48:57,130100.0,400,Buy,226892237
2024-07-29 09:48:57,130100.0,100,Buy,226892235
2024-07-29 09:48:57,130100.0,200,Buy,226892239
2024-07-29 09:48:57,130100.0,1000,Buy,226892240
2024-07-29 09:48:57,130100.0,200,Buy,226892241
2024-07-29 09:48:57,130100.0,100,Buy,226892242
2024-07-29 09:48:57,130100.0,100,Buy,226892238
2024-07-29 09:48:58,130200.0,1000,Buy,226892283
2024-07-29 09:48:58,130200.0,100,Buy,226892276
2024-07-29 09:48:58,130200.0,200,Buy,226892277
2024-07-29 09:48:58,130200.0,300,Buy,226892278
2024-07-29 09:48:58,130200.0,100,Buy,226892282
2024-07-29 09:48:58,130200.0,100,Buy,226892284
2024-07-29 09:48:58,130200.0,100,Buy,226892289
2024-07-29 09:48:58,130200.0,300,Buy,226892286
2024-07-29 09:48:58,130200.0,20000,Buy,226892287
2024-07-29 09:48:58,130200.0,500,Buy,226892288
2024-07-29 09:48:58,130200.0,500,Buy,226892275
2024-07-29 09:48:58,130200.0,100,Buy,226892290
2024-07-29 09:48:58,130200.0,100,Buy,226892291
2024-07-29 09:48:58,130200.0,100,Buy,226892292
2024-07-29 09:48:58,130200.0,100,Buy,226892285
2024-07-29 09:48:58,130200.0,100,Buy,226892273
2024-07-29 09:48:58,130200.0,100,Buy,226892279
2024-07-29 09:48:58,130100.0,100,Buy,226892258
2024-07-29 09:48:58,130100.0,200,Buy,226892256
2024-07-29 09:48:58,130100.0,1500,Buy,226892257
2024-07-29 09:48:58,130200.0,10000,Buy,226892272
2024-07-29 09:48:58,130100.0,100,Buy,226892259
2024-07-29 09:48:58,130100.0,200,Buy,226892260
2024-07-29 09:48:58,130100.0,100,Buy,226892261
2024-07-29 09:48:58,130200.0,4000,Buy,226892262
2024-07-29 09:48:58,130200.0,5000,Buy,226892263
2024-07-29 09:48:58,130200.0,100,Buy,226892274
2024-07-29 09:48:58,130200.0,1000,Buy,226892265
2024-07-29 09:48:58,130200.0,100,Buy,226892266
2024-07-29 09:48:58,130200.0,200,Buy,226892267
2024-07-29 09:48:58,130200.0,100,Buy,226892268
2024-07-29 09:48:58,130200.0,1500,Buy,226892269
2024-07-29 09:48:58,130200.0,700,Buy,226892270
2024-07-29 09:48:58,130200.0,100,Buy,226892271
2024-07-29 09:48:58,130200.0,200,Buy,226892264
2024-07-29 09:49:03,130200.0,10000,Sell,226892408
2024-07-29 09:49:05,130300.0,100,Buy,226892477
2024-07-29 09:49:05,130300.0,100,Buy,226892476
2024-07-29 09:49:08,130200.0,100,Sell,226892569
2024-07-29 09:49:13,130300.0,100,Buy,226892725
2024-07-29 09:49:13,130300.0,100,Buy,226892726
2024-07-29 09:49:13,130300.0,200,Buy,226892727
2024-07-29 09:49:13,130300.0,100,Buy,226892728
2024-07-29 09:49:13,130300.0,100,Buy,226892729
2024-07-29 09:49:13,130300.0,100,Buy,226892731
2024-07-29 09:49:13,130300.0,10000,Buy,226892732
2024-07-29 09:49:13,130300.0,100,Buy,226892724
2024-07-29 09:49:13,130300.0,300,Buy,226892735
2024-07-29 09:49:13,130300.0,200,Buy,226892736
2024-07-29 09:49:13,130300.0,5000,Buy,226892737
2024-07-29 09:49:13,130300.0,100,Buy,226892738
2024-07-29 09:49:13,130300.0,200,Buy,226892739
2024-07-29 09:49:13,130300.0,100,Buy,226892740
2024-07-29 09:49:13,130300.0,3000,Buy,226892741
2024-07-29 09:49:13,130300.0,26500,Buy,226892742
2024-07-29 09:49:13,130300.0,100,Buy,226892734
2024-07-29 09:49:13,130300.0,400,Buy,226892723
2024-07-29 09:49:13,130300.0,5000,Buy,226892733
2024-07-29 09:49:13,130300.0,300,Buy,226892721
2024-07-29 09:49:13,130300.0,200,Buy,226892722
2024-07-29 09:49:13,130300.0,1200,Buy,226892699
2024-07-29 09:49:13,130300.0,100,Buy,226892700
2024-07-29 09:49:13,130300.0,100,Buy,226892701
2024-07-29 09:49:13,130300.0,100,Buy,226892702
2024-07-29 09:49:13,130300.0,100,Buy,226892703
2024-07-29 09:49:13,130300.0,600,Buy,226892704
2024-07-29 09:49:13,130300.0,100,Buy,226892705
2024-07-29 09:49:13,130300.0,100,Buy,226892706
2024-07-29 09:49:13,130300.0,400,Buy,226892707
2024-07-29 09:49:13,130300.0,100,Buy,226892730
2024-07-29 09:49:13,130300.0,100,Buy,226892709
2024-07-29 09:49:13,130300.0,300,Buy,226892719
2024-07-29 09:49:13,130300.0,100,Buy,226892718
2024-07-29 09:49:13,130300.0,100,Buy,226892717
2024-07-29 09:49:13,130300.0,2000,Buy,226892720
2024-07-29 09:49:13,130300.0,100,Buy,226892711
2024-07-29 09:49:13,130300.0,100,Buy,226892708
2024-07-29 09:49:13,130300.0,100,Buy,226892710
2024-07-29 09:49:13,130300.0,2000,Buy,226892712
2024-07-29 09:49:14,130200.0,5000,Sell,226892746
2024-07-29 09:49:14,130200.0,500,Sell,226892759
2024-07-29 09:49:14,130200.0,2500,Sell,226892760
2024-07-29 09:49:15,130200.0,100,Sell,226892787
2024-07-29 09:49:20,130300.0,100,Buy,226892925
2024-07-29 09:49:24,130300.0,3400,Buy,226892993
2024-07-29 09:49:24,130300.0,500,Buy,226892994
2024-07-29 09:49:24,130300.0,200,Buy,226892995
2024-07-29 09:49:24,130300.0,100,Buy,226892996
2024-07-29 09:49:24,130300.0,800,Buy,226892997
2024-07-29 09:49:26,130300.0,100,Buy,226893037
2024-07-29 09:49:26,130300.0,1300,Buy,226893035
2024-07-29 09:49:26,130300.0,100,Buy,226893036
2024-07-29 09:49:27,130300.0,1200,Sell,226893049
2024-07-29 09:49:28,130300.0,5600,Sell,226893067
2024-07-29 09:49:28,130300.0,700,Sell,226893068
2024-07-29 09:49:29,130300.0,1200,Buy,226893076
2024-07-29 09:49:33,130300.0,100,Buy,226893285
2024-07-29 09:49:37,130200.0,200,Sell,226893380
2024-07-29 09:49:55,130200.0,2000,Sell,226894030
2024-07-29 09:50:01,130200.0,5200,Sell,226894171
2024-07-29 09:50:01,130200.0,500,Sell,226894172
2024-07-29 09:50:01,130200.0,4300,Sell,226894173
2024-07-29 09:50:10,130200.0,5000,Sell,226894393
2024-07-29 09:50:10,130200.0,200,Sell,226894392
2024-07-29 09:50:10,130200.0,700,Sell,226894391
2024-07-29 09:50:10,130200.0,5000,Sell,226894390
2024-07-29 09:50:10,130200.0,700,Sell,226894389
2024-07-29 09:50:16,130200.0,100,Buy,226894547
2024-07-29 09:50:19,130200.0,200,Buy,226894622
2024-07-29 09:50:20,130200.0,1300,Sell,226894640
2024-07-29 09:50:20,130200.0,100,Buy,226894641
2024-07-29 09:50:21,130200.0,500,Buy,226894656
2024-07-29 09:50:30,130200.0,8000,Buy,226894918
2024-07-29 09:50:32,130200.0,100,Buy,226895017
2024-07-29 09:50:32,130200.0,100,Buy,226895018
2024-07-29 09:50:32,130300.0,2400,Buy,226895019
2024-07-29 09:50:32,130300.0,100,Buy,226895020
2024-07-29 09:50:32,130300.0,900,Buy,226895021
2024-07-29 09:50:32,130200.0,100,Buy,226895016
2024-07-29 09:50:34,130100.0,6300,Sell,226895056
2024-07-29 09:50:35,130300.0,400,Buy,226895160
2024-07-29 09:50:35,130300.0,100,Buy,226895159
2024-07-29 09:50:35,130200.0,100,Buy,226895157
2024-07-29 09:50:35,130300.0,100,Buy,226895158
2024-07-29 09:50:50,130200.0,100,Buy,226895523
2024-07-29 09:50:50,130200.0,2100,Buy,226895524
2024-07-29 09:50:50,130200.0,2000,Buy,226895525
2024-07-29 09:50:50,130200.0,100,Buy,226895528
2024-07-29 09:50:50,130200.0,100,Buy,226895529
2024-07-29 09:50:50,130300.0,200,Buy,226895530
2024-07-29 09:51:07,130300.0,800,Buy,226896021
2024-07-29 09:51:11,130300.0,200,Buy,226896097
2024-07-29 09:51:14,130300.0,100,Buy,226896151
2024-07-29 09:51:14,130300.0,100,Buy,226896152
2024-07-29 09:51:14,130300.0,100,Buy,226896153
2024-07-29 09:51:14,130300.0,100,Buy,226896154
2024-07-29 09:51:14,130300.0,300,Buy,226896155
2024-07-29 09:51:14,130300.0,100,Buy,226896150
2024-07-29 09:51:14,130300.0,4200,Buy,226896156
2024-07-29 09:51:21,130300.0,800,Buy,226896357
2024-07-29 09:51:21,130300.0,1000,Buy,226896358
2024-07-29 09:51:22,130300.0,100,Buy,226896386
2024-07-29 09:51:27,130300.0,200,Buy,226896487
2024-07-29 09:51:27,130300.0,400,Buy,226896486
2024-07-29 09:51:27,130300.0,2100,Buy,226896485
2024-07-29 09:51:27,130300.0,100,Buy,226896484
2024-07-29 09:51:27,130300.0,900,Buy,226896482
2024-07-29 09:51:27,130300.0,6300,Buy,226896483
2024-07-29 09:51:30,130200.0,100,Sell,226896580
2024-07-29 09:51:33,130200.0,500,Sell,226896632
2024-07-29 09:51:33,130200.0,1500,Sell,226896633
2024-07-29 09:51:39,130200.0,400,Sell,226896743
2024-07-29 09:51:39,130200.0,4000,Sell,226896744
2024-07-29 09:51:40,130200.0,200,Buy,226896791
2024-07-29 09:51:41,130200.0,400,Buy,226896804
2024-07-29 09:51:51,130300.0,100,Buy,226897035
2024-07-29 09:51:51,130300.0,100,Buy,226897036
2024-07-29 09:51:51,130300.0,100,Buy,226897037
2024-07-29 09:51:51,130300.0,1000,Buy,226897038
2024-07-29 09:51:51,130300.0,2100,Buy,226897039
2024-07-29 09:51:51,130300.0,1600,Buy,226897040
2024-07-29 09:52:00,130300.0,100,Buy,226897263
2024-07-29 09:52:01,130200.0,4700,Sell,226897285
2024-07-29 09:52:01,130200.0,300,Sell,226897278
2024-07-29 09:52:05,130200.0,5000,Sell,226897397
2024-07-29 09:52:16,130200.0,100,Sell,226897689
2024-07-29 09:52:18,130200.0,200,Sell,226897741
2024-07-29 09:52:18,130200.0,700,Sell,226897742
2024-07-29 09:52:18,130200.0,700,Sell,226897743
2024-07-29 09:52:39,130200.0,400,Buy,226898334
2024-07-29 09:52:39,130200.0,3000,Buy,226898339
2024-07-29 09:52:39,130200.0,100,Buy,226898340
2024-07-29 09:52:39,130200.0,1900,Buy,226898341
2024-07-29 09:52:41,130200.0,200,Buy,226898381
2024-07-29 09:52:41,130200.0,100,Buy,226898393
2024-07-29 09:52:48,130200.0,700,Buy,226898576
2024-07-29 09:52:48,130100.0,1500,Sell,226898577
2024-07-29 09:52:52,130100.0,500,Sell,226898658
2024-07-29 09:52:52,130100.0,10000,Sell,226898657
2024-07-29 09:52:52,130100.0,100,Sell,226898655
2024-07-29 09:52:52,130100.0,3100,Sell,226898654
2024-07-29 09:52:52,130100.0,100,Sell,226898656
2024-07-29 09:52:59,130000.0,500,Sell,226898871
2024-07-29 09:52:59,130000.0,1000,Sell,226898870
2024-07-29 09:52:59,130000.0,200,Sell,226898869
2024-07-29 09:52:59,130000.0,2000,Sell,226898868
2024-07-29 09:52:59,130000.0,3000,Sell,226898867
2024-07-29 09:52:59,130000.0,200,Sell,226898866
2024-07-29 09:52:59,130000.0,700,Sell,226898859
2024-07-29 09:52:59,130000.0,200,Sell,226898864
2024-07-29 09:52:59,130000.0,100,Sell,226898863
2024-07-29 09:52:59,130000.0,500,Sell,226898862
2024-07-29 09:52:59,130000.0,19000,Sell,226898861
2024-07-29 09:52:59,130000.0,100,Sell,226898860
2024-07-29 09:52:59,130000.0,1000,Sell,226898865
2024-07-29 09:52:59,130000.0,500,Sell,226898858
2024-07-29 09:53:03,130100.0,200,Buy,226899030
2024-07-29 09:53:16,130100.0,100,Buy,226899472
2024-07-29 09:53:21,130100.0,800,Buy,226899567
2024-07-29 09:53:35,130100.0,1900,Buy,226899974
2024-07-29 09:53:35,130100.0,100,Buy,226899973
2024-07-29 09:53:47,130100.0,1000,Buy,226900277
2024-07-29 09:53:47,130100.0,700,Buy,226900279
2024-07-29 09:53:52,130100.0,300,Buy,226900361
2024-07-29 09:53:55,130100.0,700,Buy,226900433
2024-07-29 09:54:09,130100.0,100,Buy,226900759
2024-07-29 09:54:16,130100.0,200,Buy,226900965
2024-07-29 09:54:21,130100.0,100,Buy,226901094
2024-07-29 09:54:21,130100.0,200,Buy,226901095
2024-07-29 09:54:28,130100.0,700,Buy,226901273
2024-07-29 09:54:32,130100.0,5000,Buy,226901423
2024-07-29 09:54:32,130100.0,500,Buy,226901424
2024-07-29 09:54:32,130100.0,4400,Buy,226901425
2024-07-29 09:54:32,130100.0,100,Buy,226901422
2024-07-29 09:54:43,130100.0,100,Buy,226901705
2024-07-29 09:54:44,130000.0,900,Sell,226901734
2024-07-29 09:54:44,130000.0,3100,Sell,226901735
2024-07-29 09:54:49,130100.0,400,Buy,226901858
2024-07-29 09:54:54,130000.0,10000,Sell,226901964
2024-07-29 09:54:55,130000.0,500,Sell,226901977
2024-07-29 09:55:01,130100.0,100,Buy,226902165
2024-07-29 09:55:01,130100.0,100,Buy,226902166
2024-07-29 09:55:02,130100.0,400,Buy,226902172
2024-07-29 09:55:02,130100.0,300,Buy,226902173
2024-07-29 09:55:04,130000.0,200,Sell,226902209
2024-07-29 09:55:08,130000.0,300,Sell,226902316
2024-07-29 09:55:08,130000.0,1900,Sell,226902347
2024-07-29 09:55:08,130000.0,100,Sell,226902346
2024-07-29 09:55:08,130000.0,6200,Sell,226902315
2024-07-29 09:55:08,130000.0,1000,Sell,226902318
2024-07-29 09:55:08,130000.0,100,Sell,226902317
2024-07-29 09:55:08,130000.0,400,Sell,226902345
2024-07-29 09:55:11,130100.0,500,Buy,226902454
2024-07-29 09:55:15,130100.0,3200,Buy,226902550
2024-07-29 09:55:15,130100.0,300,Buy,226902551
2024-07-29 09:55:15,130100.0,100,Buy,226902552
2024-07-29 09:55:15,130100.0,300,Buy,226902553
2024-07-29 09:55:21,130100.0,100,Sell,226902753
2024-07-29 09:55:28,130100.0,600,Sell,226902952
2024-07-29 09:55:45,130100.0,400,Sell,226903425
2024-07-29 09:55:45,130100.0,4600,Sell,226903426
2024-07-29 09:55:47,130100.0,200,Sell,226903453
2024-07-29 09:55:56,130200.0,100,Buy,226903664
2024-07-29 09:56:08,130100.0,100,Sell,226903957
2024-07-29 09:56:11,130100.0,5000,Sell,226904026
2024-07-29 09:56:22,130100.0,100,Sell,226904239
2024-07-29 09:56:32,130100.0,100,Sell,226904470
2024-07-29 09:56:51,130200.0,200,Buy,226904901
2024-07-29 09:56:54,130200.0,1000,Buy,226904965
2024-07-29 09:56:58,130100.0,400,Sell,226905031
2024-07-29 09:57:03,130100.0,200,Sell,226905192
2024-07-29 09:57:03,130100.0,100,Sell,226905193
2024-07-29 09:57:03,130100.0,800,Sell,226905194
2024-07-29 09:57:03,130100.0,100,Sell,226905195
2024-07-29 09:57:03,130100.0,400,Sell,226905196
2024-07-29 09:57:03,130100.0,400,Sell,226905197
2024-07-29 09:57:19,130100.0,200,Sell,226905570
2024-07-29 09:57:19,130100.0,300,Sell,226905569
2024-07-29 09:57:39,130100.0,100,Sell,226905981
2024-07-29 09:57:39,130100.0,100,Sell,226905980
2024-07-29 09:57:39,130100.0,300,Sell,226905978
2024-07-29 09:57:39,130100.0,700,Sell,226905979
2024-07-29 09:57:49,130100.0,700,Buy,226906308
2024-07-29 09:57:51,130100.0,3000,Buy,226906345
2024-07-29 09:58:03,130100.0,100,Buy,226906555
2024-07-29 09:58:10,130100.0,600,Buy,226906717
2024-07-29 09:58:10,130100.0,1500,Buy,226906718
2024-07-29 09:58:10,130100.0,5000,Buy,226906719
2024-07-29 09:58:15,130100.0,400,Sell,226906842
2024-07-29 09:58:23,130100.0,700,Buy,226906992
2024-07-29 09:58:28,130000.0,500,Sell,226907066
2024-07-29 09:58:28,130000.0,1000,Sell,226907064
2024-07-29 09:58:28,130000.0,300,Sell,226907063
2024-07-29 09:58:28,130000.0,5000,Sell,226907062
2024-07-29 09:58:28,130000.0,10000,Sell,226907065
2024-07-29 09:58:28,130000.0,100,Sell,226907060
2024-07-29 09:58:28,130000.0,3000,Sell,226907059
2024-07-29 09:58:28,130000.0,10000,Sell,226907058
2024-07-29 09:58:28,130000.0,10000,Sell,226907057
2024-07-29 09:58:28,130000.0,100,Sell,226907061
2024-07-29 09:58:33,130100.0,3000,Buy,226907150
2024-07-29 09:58:47,130100.0,400,Buy,226907359
2024-07-29 09:58:52,130000.0,100,Sell,226907445
2024-07-29 09:58:52,130000.0,100,Sell,226907443
2024-07-29 09:58:52,130000.0,1000,Sell,226907444
2024-07-29 09:58:52,130000.0,100,Sell,226907441
2024-07-29 09:58:52,130000.0,100,Sell,226907440
2024-07-29 09:58:52,130000.0,900,Sell,226907442
2024-07-29 09:58:56,130000.0,800,Buy,226907523
2024-07-29 09:59:14,130000.0,1900,Buy,226907817
2024-07-29 09:59:27,130100.0,200,Buy,226908050
2024-07-29 09:59:30,130100.0,300,Buy,226908090
2024-07-29 09:59:30,130100.0,400,Buy,226908091
2024-07-29 09:59:31,130000.0,200,Sell,226908101
2024-07-29 09:59:34,130000.0,100,Sell,226908154
2024-07-29 09:59:35,130000.0,100,Sell,226908167
2024-07-29 09:59:47,130000.0,300,Sell,226908350
2024-07-29 10:00:01,130100.0,400,Buy,226908572
2024-07-29 10:00:01,130100.0,100,Buy,226908570
2024-07-29 10:00:01,130100.0,500,Buy,226908571
2024-07-29 10:00:03,130100.0,700,Buy,226908626
2024-07-29 10:00:05,130000.0,1400,Sell,226908651
2024-07-29 10:00:05,130000.0,900,Sell,226908650
2024-07-29 10:00:05,130000.0,1400,Sell,226908647
2024-07-29 10:00:05,130000.0,1200,Sell,226908648
2024-07-29 10:00:05,130000.0,100,Sell,226908649
2024-07-29 10:00:17,130000.0,2600,Sell,226908824
2024-07-29 10:00:17,130000.0,500,Sell,226908825
2024-07-29 10:00:17,130000.0,3000,Sell,226908826
2024-07-29 10:00:17,130000.0,400,Sell,226908827
2024-07-29 10:00:22,130100.0,500,Buy,226908936
2024-07-29 10:00:32,130000.0,300,Sell,226909108
2024-07-29 10:00:35,130000.0,1000,Buy,226909167
2024-07-29 10:00:37,130000.0,700,Buy,226909191
2024-07-29 10:00:48,130000.0,100,Buy,226909442
2024-07-29 10:00:50,130000.0,1000,Buy,226909489
2024-07-29 10:00:55,129900.0,800,Sell,226909564
2024-07-29 10:00:55,130000.0,200,Buy,226909560
2024-07-29 10:00:55,129900.0,200,Sell,226909563
2024-07-29 10:00:56,130000.0,5000,Buy,226909569
2024-07-29 10:00:56,130000.0,1700,Buy,226909568
2024-07-29 10:00:56,130000.0,3300,Buy,226909570
2024-07-29 10:01:07,130000.0,1700,Buy,226909726
2024-07-29 10:01:07,130000.0,300,Buy,226909727
2024-07-29 10:01:07,130000.0,200,Buy,226909728
2024-07-29 10:01:07,130000.0,5000,Buy,226909729
2024-07-29 10:01:17,130000.0,500,Sell,226909882
2024-07-29 10:01:22,130000.0,1000,Sell,226909947
2024-07-29 10:01:22,130000.0,300,Sell,226909944
2024-07-29 10:01:22,130000.0,2500,Sell,226909945
2024-07-29 10:01:22,130000.0,100,Sell,226909946
2024-07-29 10:01:29,130000.0,300,Buy,226910028
2024-07-29 10:01:32,130000.0,100,Buy,226910076
2024-07-29 10:01:35,130000.0,700,Buy,226910138
2024-07-29 10:01:35,130000.0,100,Buy,226910139
2024-07-29 10:01:35,130000.0,100,Buy,226910140
2024-07-29 10:01:46,130000.0,3000,Sell,226910334
2024-07-29 10:01:46,130000.0,10500,Sell,226910332
2024-07-29 10:01:53,130000.0,5600,Sell,226910456
2024-07-29 10:01:53,130000.0,700,Sell,226910457
2024-07-29 10:01:57,130000.0,100,Buy,226910555
2024-07-29 10:02:02,130000.0,200,Buy,226910688
2024-07-29 10:02:09,130000.0,3400,Buy,226910830
2024-07-29 10:02:09,130000.0,20000,Buy,226910831
2024-07-29 10:02:11,130000.0,800,Sell,226910871
2024-07-29 10:02:20,130000.0,5800,Sell,226911050
2024-07-29 10:02:20,130000.0,5000,Sell,226911051
2024-07-29 10:02:20,130000.0,700,Sell,226911052
2024-07-29 10:02:38,130000.0,1000,Buy,226911424
2024-07-29 10:02:41,130000.0,7500,Buy,226911469
2024-07-29 10:02:41,130000.0,100,Buy,226911470
2024-07-29 10:02:41,130000.0,2400,Buy,226911471
2024-07-29 10:02:41,130000.0,1600,Buy,226911473
2024-07-29 10:02:45,130000.0,400,Buy,226911568
2024-07-29 10:02:51,130000.0,600,Buy,226911817
2024-07-29 10:02:51,130000.0,100,Buy,226911818
2024-07-29 10:02:54,129900.0,8900,Sell,226911867
2024-07-29 10:02:54,129900.0,700,Sell,226911866
2024-07-29 10:02:54,129900.0,400,Sell,226911865
2024-07-29 10:03:05,129900.0,1100,Sell,226912034
2024-07-29 10:03:05,129900.0,5000,Sell,226912035
2024-07-29 10:03:05,129900.0,100,Sell,226912036
2024-07-29 10:03:05,129900.0,100,Sell,226912037
2024-07-29 10:03:08,130000.0,1000,Buy,226912106
2024-07-29 10:03:18,129900.0,200,Sell,226912348
2024-07-29 10:03:26,129900.0,200,Sell,226912452
2024-07-29 10:03:42,129900.0,200,Sell,226912745
2024-07-29 10:04:09,129900.0,100,Sell,226913204
2024-07-29 10:04:11,129900.0,200,Sell,226913231
2024-07-29 10:04:14,129900.0,300,Sell,226913294
2024-07-29 10:04:38,130000.0,200,Buy,226913865
2024-07-29 10:05:05,130000.0,700,Buy,226914423
2024-07-29 10:05:26,130000.0,1000,Buy,226914763
2024-07-29 10:05:35,130000.0,1000,Buy,226914927
2024-07-29 10:05:38,130000.0,300,Buy,226914960
2024-07-29 10:05:38,130000.0,700,Buy,226914957
2024-07-29 10:05:41,129900.0,500,Sell,226915031
2024-07-29 10:05:41,130000.0,300,Buy,226915041
2024-07-29 10:05:50,130000.0,100,Buy,226915205
2024-07-29 10:05:58,129900.0,100,Sell,226915351
2024-07-29 10:06:09,129900.0,500,Sell,226915537
2024-07-29 10:06:15,130000.0,1000,Buy,226915612
2024-07-29 10:06:26,130000.0,400,Buy,226915780
2024-07-29 10:06:37,130000.0,1800,Buy,226915926
2024-07-29 10:06:39,130000.0,400,Buy,226915953
2024-07-29 10:06:39,130000.0,1600,Buy,226915954
2024-07-29 10:06:43,130000.0,400,Buy,226916024
2024-07-29 10:06:45,130000.0,800,Buy,226916055
2024-07-29 10:06:49,130000.0,900,Buy,226916094
2024-07-29 10:06:49,130000.0,200,Buy,226916112
2024-07-29 10:06:54,130000.0,100,Buy,226916176
2024-07-29 10:06:54,130000.0,100,Buy,226916177
2024-07-29 10:06:54,130000.0,100,Buy,226916178
2024-07-29 10:07:04,130000.0,100,Buy,226916327
2024-07-29 10:07:09,130000.0,100,Buy,226916425
2024-07-29 10:07:13,130000.0,200,Buy,226916503
2024-07-29 10:07:19,130000.0,700,Buy,226916617
2024-07-29 10:07:30,130000.0,100,Buy,226916807
2024-07-29 10:07:32,129900.0,2000,Sell,226916824
2024-07-29 10:07:38,130000.0,300,Buy,226916913
2024-07-29 10:07:40,130000.0,100,Buy,226916939
2024-07-29 10:07:42,129900.0,600,Sell,226916970
2024-07-29 10:07:42,129900.0,1000,Sell,226916971
2024-07-29 10:07:42,129900.0,3400,Sell,226916972
2024-07-29 10:07:44,129900.0,2000,Sell,226917002
2024-07-29 10:07:58,129900.0,200,Sell,226917199
2024-07-29 10:07:59,130000.0,100,Buy,226917229
2024-07-29 10:07:59,129900.0,4100,Sell,226917230
2024-07-29 10:08:01,129900.0,4000,Sell,226917255
2024-07-29 10:08:19,129900.0,1300,Sell,226917614
2024-07-29 10:08:19,129900.0,500,Sell,226917615
2024-07-29 10:08:19,129900.0,200,Sell,226917616
2024-07-29 10:08:23,129900.0,200,Sell,226917684
2024-07-29 10:08:23,129900.0,800,Sell,226917682
2024-07-29 10:08:23,129900.0,1000,Sell,226917683
2024-07-29 10:08:35,129900.0,800,Sell,226917838
2024-07-29 10:08:35,129900.0,100,Sell,226917839
2024-07-29 10:08:36,130000.0,100,Buy,226917843
2024-07-29 10:08:42,129900.0,600,Sell,226917997
2024-07-29 10:08:42,129900.0,1400,Sell,226917998
2024-07-29 10:08:49,129900.0,2000,Sell,226918165
2024-07-29 10:08:49,129900.0,700,Sell,226918164
2024-07-29 10:08:49,129900.0,100,Sell,226918163
2024-07-29 10:08:49,129900.0,1000,Sell,226918162
2024-07-29 10:08:49,129900.0,700,Sell,226918160
2024-07-29 10:08:49,129900.0,400,Sell,226918159
2024-07-29 10:08:49,129900.0,2000,Sell,226918158
2024-07-29 10:08:49,129900.0,700,Sell,226918157
2024-07-29 10:08:49,129900.0,200,Sell,226918161
2024-07-29 10:08:49,129900.0,1200,Sell,226918155
2024-07-29 10:08:49,129900.0,100,Sell,226918154
2024-07-29 10:08:49,129900.0,700,Sell,226918153
2024-07-29 10:08:49,129900.0,2000,Sell,226918152
2024-07-29 10:08:49,129900.0,100,Sell,226918151
2024-07-29 10:08:49,129900.0,900,Sell,226918150
2024-07-29 10:08:49,129900.0,800,Sell,226918149
2024-07-29 10:08:49,129900.0,600,Sell,226918148
2024-07-29 10:08:49,129900.0,5000,Sell,226918156
2024-07-29 10:08:59,129900.0,800,Buy,226918365
2024-07-29 10:09:00,129900.0,100,Buy,226918372
2024-07-29 10:09:11,129800.0,300,Sell,226918540
2024-07-29 10:09:11,129800.0,200,Sell,226918539
2024-07-29 10:09:16,129800.0,3000,Sell,226918641
2024-07-29 10:09:22,129900.0,1000,Buy,226918738
2024-07-29 10:09:33,129900.0,100,Buy,226918896
2024-07-29 10:09:33,129900.0,100,Buy,226918897
2024-07-29 10:09:33,129900.0,500,Buy,226918898
2024-07-29 10:09:36,129900.0,1000,Buy,226918935
2024-07-29 10:09:44,129900.0,100,Buy,226919088
2024-07-29 10:09:49,129900.0,200,Buy,226919202
2024-07-29 10:10:06,129900.0,200,Buy,226919456
2024-07-29 10:10:06,129900.0,500,Buy,226919457
2024-07-29 10:10:33,129900.0,100,Buy,226919845
2024-07-29 10:10:40,129900.0,700,Buy,226919946
2024-07-29 10:10:41,129900.0,400,Buy,226919983
2024-07-29 10:10:48,129900.0,500,Buy,226920061
2024-07-29 10:10:58,129900.0,900,Buy,226920174
2024-07-29 10:11:04,129800.0,500,Sell,226920276
2024-07-29 10:11:34,129800.0,100,Sell,226920671
2024-07-29 10:11:39,129800.0,1000,Sell,226920751
2024-07-29 10:11:43,129900.0,100,Buy,226920844
2024-07-29 10:11:45,129900.0,300,Buy,226920861
2024-07-29 10:11:47,129900.0,800,Buy,226920880
2024-07-29 10:11:51,129800.0,100,Sell,226920941
2024-07-29 10:11:51,129800.0,200,Sell,226920942
2024-07-29 10:11:52,129900.0,4000,Buy,226920951
2024-07-29 10:11:54,129800.0,1800,Sell,226920982
2024-07-29 10:12:12,129800.0,500,Sell,226921209
2024-07-29 10:12:17,129800.0,100,Sell,226921274
2024-07-29 10:12:25,129900.0,200,Buy,226921370
2024-07-29 10:12:29,129900.0,500,Buy,226921422
2024-07-29 10:12:29,129900.0,500,Buy,226921421
2024-07-29 10:12:39,129900.0,100,Buy,226921590
2024-07-29 10:12:41,129900.0,100,Buy,226921664
2024-07-29 10:12:44,129800.0,100,Sell,226921704
2024-07-29 10:12:55,129800.0,200,Sell,226921837
2024-07-29 10:13:01,129900.0,100,Buy,226921933
2024-07-29 10:13:01,129900.0,1000,Buy,226921934
2024-07-29 10:13:01,129900.0,200,Buy,226921935
2024-07-29 10:13:01,129900.0,300,Buy,226921936
2024-07-29 10:13:01,129900.0,200,Buy,226921937
2024-07-29 10:13:01,129900.0,1500,Buy,226921938
2024-07-29 10:13:04,129900.0,500,Buy,226922009
2024-07-29 10:13:04,129900.0,100,Buy,226922010
2024-07-29 10:13:04,129900.0,500,Buy,226922011
2024-07-29 10:13:04,129900.0,1000,Buy,226922012
2024-07-29 10:13:04,129900.0,400,Buy,226922013
2024-07-29 10:13:04,129900.0,2500,Buy,226922008
2024-07-29 10:13:07,129900.0,100,Buy,226922083
2024-07-29 10:13:23,129900.0,100,Buy,226922348
2024-07-29 10:13:27,129900.0,400,Buy,226922396
2024-07-29 10:13:27,129900.0,100,Buy,226922395
2024-07-29 10:13:27,129900.0,200,Buy,226922394
2024-07-29 10:13:38,129900.0,100,Buy,226922543
2024-07-29 10:13:45,129900.0,800,Buy,226922649
2024-07-29 10:13:46,129900.0,900,Buy,226922664
2024-07-29 10:13:53,129900.0,200,Buy,226922744
2024-07-29 10:14:01,129900.0,800,Buy,226922827
2024-07-29 10:14:12,129900.0,800,Buy,226922968
2024-07-29 10:14:12,129900.0,2000,Buy,226922969
2024-07-29 10:14:12,129900.0,500,Buy,226922970
2024-07-29 10:14:22,129900.0,100,Sell,226923110
2024-07-29 10:14:22,129900.0,200,Sell,226923117
2024-07-29 10:14:39,130000.0,400,Buy,226923371
2024-07-29 10:14:47,129900.0,300,Sell,226923468
2024-07-29 10:15:00,130000.0,200,Buy,226923637
2024-07-29 10:15:08,130000.0,700,Buy,226923729
2024-07-29 10:15:09,130000.0,1000,Buy,226923731
2024-07-29 10:15:16,130000.0,300,Buy,226923807
2024-07-29 10:15:20,130000.0,1000,Buy,226923919
2024-07-29 10:15:20,130000.0,200,Buy,226923927
2024-07-29 10:15:20,130000.0,100,Buy,226923920
2024-07-29 10:15:20,130000.0,1000,Buy,226923923
2024-07-29 10:15:20,130000.0,300,Buy,226923924
2024-07-29 10:15:20,130000.0,1000,Buy,226923925
2024-07-29 10:15:20,130000.0,100,Buy,226923926
2024-07-29 10:15:20,130000.0,52000,Buy,226923918
2024-07-29 10:15:20,130000.0,100,Buy,226923937
2024-07-29 10:15:20,130000.0,500,Buy,226923930
2024-07-29 10:15:20,130000.0,5000,Buy,226923931
2024-07-29 10:15:20,130000.0,100,Buy,226923932
2024-07-29 10:15:20,130000.0,1000,Buy,226923933
2024-07-29 10:15:20,130000.0,500,Buy,226923934
2024-07-29 10:15:20,130000.0,400,Buy,226923935
2024-07-29 10:15:20,130000.0,4000,Buy,226923936
2024-07-29 10:15:20,130000.0,100,Buy,226923938
2024-07-29 10:15:20,130000.0,300,Buy,226923929
2024-07-29 10:15:20,130000.0,100,Buy,226923917
2024-07-29 10:15:20,130000.0,500,Buy,226923928
2024-07-29 10:15:20,130000.0,100,Buy,226923915
2024-07-29 10:15:20,130000.0,4000,Buy,226923916
2024-07-29 10:15:20,130000.0,1400,Buy,226923896
2024-07-29 10:15:20,130000.0,200,Buy,226923897
2024-07-29 10:15:20,130000.0,400,Buy,226923898
2024-07-29 10:15:20,130000.0,1000,Buy,226923899
2024-07-29 10:15:20,130000.0,100,Buy,226923900
2024-07-29 10:15:20,130000.0,100,Buy,226923901
2024-07-29 10:15:20,130000.0,500,Buy,226923902
2024-07-29 10:15:20,130000.0,200,Buy,226923903
2024-07-29 10:15:20,130000.0,100,Buy,226923904
2024-07-29 10:15:20,130000.0,1000,Buy,226923921
2024-07-29 10:15:20,130000.0,300,Buy,226923906
2024-07-29 10:15:20,130000.0,10000,Buy,226923913
2024-07-29 10:15:20,130000.0,500,Buy,226923912
2024-07-29 10:15:20,130000.0,200,Buy,226923905
2024-07-29 10:15:20,130000.0,9000,Buy,226923911
2024-07-29 10:15:20,130000.0,100,Buy,226923914
2024-07-29 10:15:20,130000.0,100,Buy,226923909
2024-07-29 10:15:20,130000.0,2000,Buy,226923907
2024-07-29 10:15:20,130000.0,100,Buy,226923910
2024-07-29 10:15:20,130000.0,300,Buy,226923908
2024-07-29 10:15:36,130000.0,300,Buy,226924144
2024-07-29 10:15:36,130000.0,700,Buy,226924145
2024-07-29 10:15:41,130000.0,100,Buy,226924217
2024-07-29 10:15:41,130000.0,100,Buy,226924218
2024-07-29 10:15:56,130100.0,100,Buy,226924526
2024-07-29 10:16:04,130000.0,500,Sell,226924601
2024-07-29 10:16:28,130100.0,3900,Buy,226925067
2024-07-29 10:16:28,130100.0,1100,Buy,226925068
2024-07-29 10:16:35,130000.0,100,Sell,226925182
2024-07-29 10:16:35,130000.0,300,Sell,226925183
2024-07-29 10:16:49,130000.0,100,Sell,226925418
2024-07-29 10:16:55,130000.0,400,Sell,226925522
2024-07-29 10:17:00,130000.0,100,Sell,226925678
2024-07-29 10:17:15,130000.0,400,Sell,226925888
2024-07-29 10:17:21,130000.0,500,Sell,226926127
2024-07-29 10:17:31,130100.0,100,Buy,226926279
2024-07-29 10:17:35,130000.0,200,Sell,226926325
2024-07-29 10:17:35,130000.0,400,Sell,226926334
2024-07-29 10:17:36,130100.0,200,Buy,226926340
2024-07-29 10:17:43,130100.0,1300,Buy,226926437
2024-07-29 10:17:43,130100.0,3600,Buy,226926435
2024-07-29 10:17:43,130100.0,100,Buy,226926436
2024-07-29 10:17:49,130000.0,300,Sell,226926481
2024-07-29 10:17:55,130000.0,400,Sell,226926560
2024-07-29 10:17:59,130100.0,100,Buy,226926611
2024-07-29 10:18:07,130000.0,300,Sell,226926771
2024-07-29 10:18:15,130100.0,100,Buy,226926919
2024-07-29 10:18:16,130000.0,400,Sell,226926924
2024-07-29 10:18:19,130000.0,5000,Sell,226926980
2024-07-29 10:18:19,130000.0,200,Sell,226926979
2024-07-29 10:18:19,130000.0,100,Sell,226926981
2024-07-29 10:18:19,130000.0,1000,Sell,226926982
2024-07-29 10:18:19,130000.0,700,Sell,226926985
2024-07-29 10:18:19,130000.0,800,Sell,226926984
2024-07-29 10:18:19,130000.0,900,Sell,226926986
2024-07-29 10:18:19,130000.0,500,Sell,226926987
2024-07-29 10:18:19,130000.0,700,Sell,226926983
2024-07-29 10:18:19,130000.0,200,Sell,226926978
2024-07-29 10:18:19,130000.0,300,Sell,226926974
2024-07-29 10:18:19,130000.0,800,Sell,226926976
2024-07-29 10:18:19,130000.0,500,Sell,226926977
2024-07-29 10:18:19,130000.0,1200,Sell,226926967
2024-07-29 10:18:19,130000.0,1000,Sell,226926968
2024-07-29 10:18:19,130000.0,100,Sell,226926969
2024-07-29 10:18:19,130000.0,700,Sell,226926972
2024-07-29 10:18:19,130000.0,800,Sell,226926971
2024-07-29 10:18:19,130000.0,2100,Sell,226926970
2024-07-29 10:18:19,130000.0,600,Sell,226926973
2024-07-29 10:18:19,130000.0,2000,Sell,226926975
2024-07-29 10:18:22,130000.0,1200,Buy,226927018
2024-07-29 10:18:29,130000.0,700,Buy,226927102
2024-07-29 10:18:36,129900.0,400,Sell,226927183
2024-07-29 10:18:38,130000.0,400,Buy,226927224
2024-07-29 10:18:42,130000.0,1000,Buy,226927268
2024-07-29 10:18:43,130000.0,100,Buy,226927273
2024-07-29 10:18:55,130000.0,200,Buy,226927437
2024-07-29 10:18:56,129900.0,400,Sell,226927446
2024-07-29 10:19:05,130000.0,100,Buy,226927587
2024-07-29 10:19:14,130000.0,100,Buy,226927803
2024-07-29 10:19:16,129900.0,300,Sell,226927819
2024-07-29 10:19:16,129900.0,100,Sell,226927820
2024-07-29 10:19:25,129900.0,500,Sell,226927917
2024-07-29 10:19:36,129900.0,100,Sell,226928068
2024-07-29 10:19:36,129900.0,300,Sell,226928069
2024-07-29 10:19:44,129900.0,2000,Sell,226928194
2024-07-29 10:19:45,129900.0,700,Sell,226928200
2024-07-29 10:19:45,129900.0,100,Sell,226928201
2024-07-29 10:19:45,129900.0,3000,Sell,226928202
2024-07-29 10:19:45,129900.0,200,Sell,226928203
2024-07-29 10:19:54,129900.0,300,Sell,226928280
2024-07-29 10:19:56,129900.0,400,Sell,226928318
2024-07-29 10:20:09,130000.0,100,Buy,226928490
2024-07-29 10:20:09,129900.0,100,Sell,226928488
2024-07-29 10:20:10,129900.0,500,Sell,226928507
2024-07-29 10:20:11,130000.0,200,Buy,226928525
2024-07-29 10:20:13,129900.0,100,Sell,226928556
2024-07-29 10:20:16,129900.0,400,Sell,226928621
2024-07-29 10:20:28,129900.0,400,Sell,226928771
2024-07-29 10:20:36,129900.0,400,Sell,226928867
2024-07-29 10:20:39,129900.0,400,Sell,226928909
2024-07-29 10:20:39,129900.0,100,Sell,226928908
2024-07-29 10:20:39,129900.0,800,Sell,226928907
2024-07-29 10:20:39,129900.0,700,Sell,226928905
2024-07-29 10:20:39,129900.0,100,Sell,226928903
2024-07-29 10:20:39,129900.0,3200,Sell,226928902
2024-07-29 10:20:39,129900.0,1000,Sell,226928906
2024-07-29 10:20:39,129900.0,300,Sell,226928904
2024-07-29 10:20:49,130000.0,100,Buy,226929073
2024-07-29 10:20:56,129900.0,300,Sell,226929248
2024-07-29 10:20:56,129900.0,100,Sell,226929249
2024-07-29 10:21:16,129900.0,400,Sell,226929534
2024-07-29 10:21:24,130000.0,100,Buy,226929686
2024-07-29 10:21:30,129900.0,100,Sell,226929781
2024-07-29 10:21:37,129900.0,400,Sell,226929882
2024-07-29 10:21:49,130000.0,1000,Buy,226930120
2024-07-29 10:21:50,130000.0,800,Buy,226930126
2024-07-29 10:21:57,129900.0,400,Sell,226930245
2024-07-29 10:22:14,129900.0,100,Sell,226930537
2024-07-29 10:22:15,129900.0,1000,Sell,226930540
2024-07-29 10:22:16,129900.0,900,Sell,226930563
2024-07-29 10:22:17,129900.0,400,Sell,226930569
2024-07-29 10:22:24,129900.0,5000,Sell,226930943
2024-07-29 10:22:36,130000.0,400,Buy,226931130
2024-07-29 10:22:37,129900.0,400,Sell,226931172
2024-07-29 10:22:37,130000.0,100,Buy,226931196
2024-07-29 10:22:39,129900.0,700,Sell,226931284
2024-07-29 10:22:39,129900.0,1000,Sell,226931283
2024-07-29 10:22:39,129900.0,700,Sell,226931281
2024-07-29 10:22:39,129900.0,100,Sell,226931282
2024-07-29 10:22:39,129900.0,400,Sell,226931280
2024-07-29 10:22:39,129900.0,700,Sell,226931276
2024-07-29 10:22:39,129900.0,1000,Sell,226931278
2024-07-29 10:22:39,129900.0,100,Sell,226931277
2024-07-29 10:22:39,129900.0,900,Sell,226931275
2024-07-29 10:22:39,129900.0,900,Sell,226931274
2024-07-29 10:22:39,129900.0,5000,Sell,226931279
2024-07-29 10:22:47,129900.0,200,Buy,226931650
2024-07-29 10:22:57,129900.0,700,Buy,226931838
2024-07-29 10:22:57,129800.0,100,Sell,226931840
2024-07-29 10:22:57,129800.0,300,Sell,226931841
2024-07-29 10:23:03,129900.0,5000,Buy,226931969
2024-07-29 10:23:17,129800.0,200,Sell,226932254
2024-07-29 10:23:17,129800.0,200,Sell,226932255
2024-07-29 10:23:21,129900.0,200,Buy,226932303
2024-07-29 10:23:24,129900.0,100,Buy,226932346
2024-07-29 10:23:29,129900.0,1000,Buy,226932419
2024-07-29 10:23:30,129900.0,700,Buy,226932435
2024-07-29 10:23:37,129800.0,300,Sell,226932528
2024-07-29 10:23:37,129800.0,100,Sell,226932529
2024-07-29 10:23:49,129800.0,100,Sell,226932694
2024-07-29 10:23:53,129800.0,100,Sell,226932778
2024-07-29 10:23:53,129800.0,200,Sell,226932779
2024-07-29 10:23:53,129800.0,200,Sell,226932780
2024-07-29 10:23:53,129800.0,200,Sell,226932781
2024-07-29 10:23:53,129800.0,200,Sell,226932782
2024-07-29 10:23:57,129800.0,400,Sell,226932854
2024-07-29 10:24:02,129800.0,2900,Sell,226932925
2024-07-29 10:24:13,129800.0,500,Sell,226933121
2024-07-29 10:24:13,129900.0,400,Buy,226933122
2024-07-29 10:24:14,129900.0,100,Buy,226933126
2024-07-29 10:24:17,129800.0,400,Sell,226933196
2024-07-29 10:24:22,129900.0,100,Buy,226933269
2024-07-29 10:24:35,129900.0,3300,Buy,226933505
2024-07-29 10:24:35,129900.0,200,Buy,226933504
2024-07-29 10:24:35,129900.0,5000,Buy,226933503
2024-07-29 10:24:35,129900.0,1500,Buy,226933502
2024-07-29 10:24:37,129900.0,800,Buy,226933533
2024-07-29 10:24:38,129800.0,400,Sell,226933551
2024-07-29 10:24:41,129900.0,800,Buy,226933582
2024-07-29 10:24:48,129900.0,100,Buy,226933658
2024-07-29 10:24:52,129900.0,900,Buy,226933717
2024-07-29 10:24:54,129900.0,100,Buy,226933738
2024-07-29 10:24:54,129900.0,3100,Buy,226933736
2024-07-29 10:24:54,129900.0,200,Buy,226933737
2024-07-29 10:24:56,130000.0,1000,Buy,226933757
2024-07-29 10:24:57,129900.0,1000,Sell,226933767
2024-07-29 10:24:58,129900.0,400,Sell,226933773
2024-07-29 10:25:18,129900.0,200,Sell,226933999
2024-07-29 10:25:18,129900.0,200,Sell,226934000
2024-07-29 10:25:19,130000.0,100,Buy,226934016
2024-07-29 10:25:22,130000.0,200,Buy,226934074
2024-07-29 10:25:25,129900.0,200,Sell,226934114
2024-07-29 10:25:36,130000.0,400,Buy,226934248
2024-07-29 10:25:38,129900.0,400,Sell,226934297
2024-07-29 10:25:44,129900.0,100,Sell,226934375
2024-07-29 10:25:52,130000.0,1000,Buy,226934554
2024-07-29 10:25:58,129900.0,400,Sell,226934647
2024-07-29 10:25:58,130000.0,100,Buy,226934649
