time,price,volume,match_type,id
2024-07-18 09:14:40,131400.0,79200,ATO/ATC,224075270
2024-07-18 09:14:42,131100.0,100,Sell,224075443
2024-07-18 09:14:45,131100.0,400,Sell,224075666
2024-07-18 09:14:45,131000.0,3000,Sell,224075688
2024-07-18 09:14:45,131000.0,100,Sell,224075687
2024-07-18 09:14:45,131000.0,100,Sell,224075686
2024-07-18 09:14:45,131000.0,100,Sell,224075685
2024-07-18 09:14:45,131000.0,200,Sell,224075684
2024-07-18 09:14:45,131000.0,1000,Sell,224075683
2024-07-18 09:14:45,131000.0,1000,Sell,224075682
2024-07-18 09:14:45,131000.0,100,Sell,224075681
2024-07-18 09:14:45,131000.0,700,Sell,224075680
2024-07-18 09:14:45,131000.0,100,Sell,224075679
2024-07-18 09:14:45,131100.0,400,Sell,224075665
2024-07-18 09:14:45,131000.0,100,Sell,224075677
2024-07-18 09:14:45,131000.0,100,Sell,224075667
2024-07-18 09:14:45,131000.0,100,Sell,224075668
2024-07-18 09:14:45,131000.0,200,Sell,224075669
2024-07-18 09:14:45,131000.0,200,Sell,224075670
2024-07-18 09:14:45,131000.0,200,Sell,224075678
2024-07-18 09:14:45,131000.0,3000,Sell,224075674
2024-07-18 09:14:45,131000.0,1000,Sell,224075676
2024-07-18 09:14:45,131000.0,100,Sell,224075673
2024-07-18 09:14:45,131000.0,100,Sell,224075675
2024-07-18 09:14:48,130600.0,800,Buy,224075756
2024-07-18 09:14:48,131000.0,1200,Buy,224075757
2024-07-18 09:14:56,131000.0,300,Buy,224075909
2024-07-18 09:14:58,131100.0,200,Buy,224075966
2024-07-18 09:14:59,131200.0,2800,Sell,224075980
2024-07-18 09:15:17,131200.0,100,Buy,224076488
2024-07-18 09:15:24,131200.0,1000,Buy,224076689
2024-07-18 09:15:26,131200.0,100,Buy,224076739
2024-07-18 09:15:34,131200.0,800,Buy,224076991
2024-07-18 09:15:34,131200.0,200,Buy,224076992
2024-07-18 09:15:34,131200.0,100,Sell,224076993
2024-07-18 09:15:36,131200.0,500,Sell,224077058
2024-07-18 09:15:38,131200.0,400,Sell,224077146
2024-07-18 09:15:43,131200.0,100,Sell,224077277
2024-07-18 09:15:43,131200.0,1000,Sell,224077281
2024-07-18 09:15:46,131300.0,100,Sell,224077374
2024-07-18 09:15:53,131400.0,100,Buy,224077590
2024-07-18 09:15:59,131300.0,400,Sell,224077851
2024-07-18 09:16:06,131400.0,100,Buy,224078087
2024-07-18 09:16:06,131300.0,600,Sell,224078088
2024-07-18 09:16:06,131300.0,100,Sell,224078089
2024-07-18 09:16:06,131300.0,400,Sell,224078090
2024-07-18 09:16:06,131300.0,100,Sell,224078096
2024-07-18 09:16:07,131300.0,2000,Buy,224078167
2024-07-18 09:16:09,131300.0,2000,Buy,224078246
2024-07-18 09:16:09,131300.0,300,Buy,224078247
2024-07-18 09:16:09,131300.0,100,Buy,224078261
2024-07-18 09:16:14,131300.0,100,Buy,224078373
2024-07-18 09:16:15,131300.0,1900,Buy,224078452
2024-07-18 09:16:15,131300.0,100,Buy,224078451
2024-07-18 09:16:17,131200.0,100,Sell,224078532
2024-07-18 09:16:17,131200.0,100,Sell,224078533
2024-07-18 09:16:17,131300.0,1000,Buy,224078534
2024-07-18 09:16:17,131300.0,100,Buy,224078551
2024-07-18 09:16:18,131200.0,500,Sell,224078592
2024-07-18 09:16:20,131200.0,400,Sell,224078691
2024-07-18 09:16:26,131200.0,100,Sell,224078859
2024-07-18 09:16:28,131200.0,100,Sell,224078930
2024-07-18 09:16:28,131300.0,200,Buy,224078931
2024-07-18 09:16:28,131300.0,200,Buy,224078932
2024-07-18 09:16:32,131300.0,100,Buy,224079077
2024-07-18 09:16:32,131300.0,100,Buy,224079078
2024-07-18 09:16:41,131200.0,400,Sell,224079420
2024-07-18 09:16:41,131300.0,2900,Buy,224079425
2024-07-18 09:16:47,131200.0,100,Sell,224079640
2024-07-18 09:16:48,131300.0,100,Buy,224079691
2024-07-18 09:16:59,131200.0,200,Sell,224080049
2024-07-18 09:17:02,131200.0,1900,Sell,224080193
2024-07-18 09:17:02,131200.0,1000,Sell,224080192
2024-07-18 09:17:02,131200.0,500,Sell,224080191
2024-07-18 09:17:02,131200.0,1000,Sell,224080188
2024-07-18 09:17:02,131200.0,100,Sell,224080190
2024-07-18 09:17:02,131200.0,500,Sell,224080189
2024-07-18 09:17:02,131200.0,100,Sell,224080186
2024-07-18 09:17:02,131200.0,100,Sell,224080185
2024-07-18 09:17:02,131200.0,500,Sell,224080184
2024-07-18 09:17:02,131200.0,400,Sell,224080183
2024-07-18 09:17:02,131200.0,300,Sell,224080187
2024-07-18 09:17:06,131000.0,100,Sell,224080372
2024-07-18 09:17:06,131000.0,100,Sell,224080373
2024-07-18 09:17:06,131000.0,100,Sell,224080374
2024-07-18 09:17:06,131000.0,400,Sell,224080376
2024-07-18 09:17:06,131000.0,2000,Sell,224080377
2024-07-18 09:17:06,131000.0,100,Sell,224080380
2024-07-18 09:17:06,131000.0,200,Sell,224080379
2024-07-18 09:17:06,131000.0,500,Sell,224080371
2024-07-18 09:17:06,131000.0,2000,Sell,224080381
2024-07-18 09:17:06,131000.0,100,Sell,224080382
2024-07-18 09:17:06,131000.0,500,Sell,224080383
2024-07-18 09:17:06,131000.0,100,Sell,224080384
2024-07-18 09:17:06,131000.0,300,Sell,224080378
2024-07-18 09:17:06,131000.0,100,Sell,224080370
2024-07-18 09:17:06,131000.0,100,Sell,224080375
2024-07-18 09:17:06,131000.0,1000,Sell,224080368
2024-07-18 09:17:06,131000.0,1000,Sell,224080367
2024-07-18 09:17:06,131000.0,2000,Sell,224080366
2024-07-18 09:17:06,131000.0,1100,Sell,224080365
2024-07-18 09:17:06,131000.0,100,Sell,224080364
2024-07-18 09:17:06,131000.0,1000,Sell,224080363
2024-07-18 09:17:06,131000.0,700,Sell,224080362
2024-07-18 09:17:06,131100.0,100,Sell,224080361
2024-07-18 09:17:06,131100.0,1000,Sell,224080360
2024-07-18 09:17:06,131100.0,900,Sell,224080359
2024-07-18 09:17:06,131100.0,1000,Sell,224080358
2024-07-18 09:17:06,131200.0,200,Sell,224080357
2024-07-18 09:17:06,131200.0,100,Sell,224080356
2024-07-18 09:17:06,131200.0,200,Sell,224080355
2024-07-18 09:17:06,131200.0,100,Sell,224080354
2024-07-18 09:17:06,131000.0,500,Sell,224080369
2024-07-18 09:17:07,131000.0,2900,Buy,224080419
2024-07-18 09:17:11,131300.0,1000,Buy,224080586
2024-07-18 09:17:11,131300.0,300,Buy,224080587
2024-07-18 09:17:11,131000.0,4700,Buy,224080585
2024-07-18 09:17:16,131000.0,500,Sell,224080791
2024-07-18 09:17:16,131000.0,100,Sell,224080792
2024-07-18 09:17:20,131000.0,300,Buy,224081014
2024-07-18 09:17:20,130900.0,100,Sell,224081029
2024-07-18 09:17:20,130900.0,300,Sell,224081030
2024-07-18 09:17:20,130900.0,800,Sell,224081031
2024-07-18 09:17:23,130900.0,200,Sell,224081167
2024-07-18 09:17:23,130700.0,100,Sell,224081168
2024-07-18 09:17:23,130700.0,100,Sell,224081169
2024-07-18 09:17:25,131000.0,100,Buy,224081219
2024-07-18 09:17:33,131000.0,300,Sell,224081537
2024-07-18 09:17:36,130900.0,100,Sell,224081682
2024-07-18 09:17:42,131000.0,100,Buy,224081912
2024-07-18 09:17:43,130900.0,1000,Sell,224081918
2024-07-18 09:17:43,130900.0,200,Sell,224081917
2024-07-18 09:17:44,130800.0,300,Sell,224082009
2024-07-18 09:17:44,130800.0,100,Sell,224082008
2024-07-18 09:17:47,130800.0,100,Sell,224082108
2024-07-18 09:17:50,130900.0,100,Buy,224082245
2024-07-18 09:17:55,130800.0,200,Sell,224082389
2024-07-18 09:17:55,130800.0,100,Sell,224082390
2024-07-18 09:17:55,130800.0,100,Sell,224082391
2024-07-18 09:17:55,130800.0,100,Sell,224082392
2024-07-18 09:17:55,130800.0,100,Sell,224082393
2024-07-18 09:17:55,130800.0,600,Sell,224082388
2024-07-18 09:18:00,130800.0,100,Buy,224082641
2024-07-18 09:18:02,130800.0,200,Buy,224082703
2024-07-18 09:18:03,130800.0,300,Buy,224082759
2024-07-18 09:18:05,130700.0,300,Sell,224082822
2024-07-18 09:18:05,130700.0,100,Sell,224082821
2024-07-18 09:18:07,130700.0,300,Sell,224082928
2024-07-18 09:18:07,130700.0,1300,Sell,224082929
2024-07-18 09:18:07,130700.0,500,Sell,224082927
2024-07-18 09:18:08,130700.0,6000,Sell,224082959
2024-07-18 09:18:08,130800.0,300,Buy,224082976
2024-07-18 09:18:08,130800.0,200,Buy,224082977
2024-07-18 09:18:08,130900.0,400,Buy,224082978
2024-07-18 09:18:08,130900.0,2100,Buy,224082979
2024-07-18 09:18:09,130700.0,200,Sell,224083053
2024-07-18 09:18:15,130800.0,100,Buy,224083232
2024-07-18 09:18:21,130900.0,100,Buy,224083458
2024-07-18 09:18:21,130800.0,100,Buy,224083451
2024-07-18 09:18:25,130800.0,100,Sell,224083625
2024-07-18 09:18:25,130800.0,1000,Buy,224083626
2024-07-18 09:18:26,130800.0,1000,Buy,224083655
2024-07-18 09:18:26,130800.0,400,Sell,224083656
2024-07-18 09:18:27,130800.0,100,Sell,224083707
2024-07-18 09:18:29,130800.0,500,Sell,224083813
2024-07-18 09:18:29,130800.0,700,Sell,224083814
2024-07-18 09:18:29,130800.0,300,Sell,224083821
2024-07-18 09:18:29,130800.0,100,Sell,224083822
2024-07-18 09:18:30,130800.0,100,Buy,224083855
2024-07-18 09:18:30,130800.0,1000,Buy,224083856
2024-07-18 09:18:30,130700.0,100,Sell,224083861
2024-07-18 09:18:33,130800.0,100,Buy,224083973
2024-07-18 09:18:33,130800.0,500,Buy,224083972
2024-07-18 09:18:35,130700.0,200,Sell,224084006
2024-07-18 09:18:35,130700.0,100,Sell,224084026
2024-07-18 09:18:36,130800.0,200,Buy,224084062
2024-07-18 09:18:36,130700.0,300,Sell,224084080
2024-07-18 09:18:37,130800.0,300,Buy,224084109
2024-07-18 09:18:40,130700.0,1800,Sell,224084216
2024-07-18 09:18:40,130700.0,300,Sell,224084217
2024-07-18 09:18:40,130800.0,500,Buy,224084239
2024-07-18 09:18:42,130800.0,100,Buy,224084313
2024-07-18 09:18:47,130700.0,400,Sell,224084524
2024-07-18 09:18:48,130800.0,500,Buy,224084565
2024-07-18 09:18:48,130700.0,100,Sell,224084564
2024-07-18 09:18:48,130700.0,200,Sell,224084558
2024-07-18 09:18:49,130800.0,200,Buy,224084623
2024-07-18 09:18:52,130800.0,100,Buy,224084749
2024-07-18 09:18:52,130900.0,4100,Buy,224084750
2024-07-18 09:18:52,130900.0,1000,Buy,224084751
2024-07-18 09:18:52,130900.0,500,Buy,224084752
2024-07-18 09:18:52,130900.0,100,Buy,224084753
2024-07-18 09:18:52,130900.0,100,Buy,224084754
2024-07-18 09:18:52,130800.0,1100,Buy,224084748
2024-07-18 09:18:59,130900.0,200,Sell,224084989
2024-07-18 09:18:59,130900.0,400,Sell,224084990
2024-07-18 09:18:59,130900.0,2400,Sell,224084997
2024-07-18 09:19:01,130800.0,100,Sell,224085100
2024-07-18 09:19:01,130800.0,2000,Sell,224085099
2024-07-18 09:19:03,130900.0,100,Buy,224085258
2024-07-18 09:19:04,130800.0,300,Sell,224085296
2024-07-18 09:19:05,130900.0,100,Buy,224085345
2024-07-18 09:19:08,130900.0,200,Sell,224085509
2024-07-18 09:19:08,130800.0,200,Sell,224085510
2024-07-18 09:19:15,130900.0,4500,Sell,224085832
2024-07-18 09:19:17,130900.0,100,Sell,224085874
2024-07-18 09:19:18,130900.0,100,Sell,224085922
2024-07-18 09:19:20,130900.0,100,Sell,224086050
2024-07-18 09:19:20,130900.0,100,Sell,224086051
2024-07-18 09:19:20,130900.0,5300,Sell,224086048
2024-07-18 09:19:20,130900.0,200,Sell,224086049
2024-07-18 09:19:21,130800.0,100,Sell,224086096
2024-07-18 09:19:23,130900.0,400,Buy,224086171
2024-07-18 09:19:27,130800.0,400,Sell,224086310
2024-07-18 09:19:27,130800.0,400,Sell,224086311
2024-07-18 09:19:28,130800.0,400,Sell,224086422
2024-07-18 09:19:30,130800.0,100,Sell,224086506
2024-07-18 09:19:30,130800.0,100,Sell,224086505
2024-07-18 09:19:30,130800.0,100,Sell,224086504
2024-07-18 09:19:30,130800.0,100,Sell,224086503
2024-07-18 09:19:30,130800.0,100,Sell,224086502
2024-07-18 09:19:30,130800.0,200,Sell,224086500
2024-07-18 09:19:30,130800.0,500,Sell,224086499
2024-07-18 09:19:30,130800.0,300,Sell,224086498
2024-07-18 09:19:30,130800.0,100,Sell,224086497
2024-07-18 09:19:30,130800.0,2200,Sell,224086496
2024-07-18 09:19:30,130800.0,100,Sell,224086501
2024-07-18 09:19:33,130700.0,300,Sell,224086633
2024-07-18 09:19:34,130800.0,100,Buy,224086693
2024-07-18 09:19:34,130800.0,100,Buy,224086694
2024-07-18 09:19:36,130800.0,100,Buy,224086737
2024-07-18 09:19:36,130800.0,200,Buy,224086768
2024-07-18 09:19:36,130800.0,300,Buy,224086769
2024-07-18 09:19:42,130800.0,100,Buy,224087042
2024-07-18 09:19:43,130800.0,100,Buy,224087091
2024-07-18 09:19:44,130700.0,1300,Sell,224087164
2024-07-18 09:19:44,130800.0,100,Buy,224087139
2024-07-18 09:19:49,130700.0,400,Sell,224087370
2024-07-18 09:19:50,130800.0,200,Buy,224087406
2024-07-18 09:19:51,130700.0,200,Sell,224087433
2024-07-18 09:19:51,130700.0,200,Sell,224087451
2024-07-18 09:19:51,130700.0,200,Sell,224087450
2024-07-18 09:19:51,130700.0,200,Sell,224087449
2024-07-18 09:19:51,130700.0,100,Sell,224087448
2024-07-18 09:19:51,130700.0,100,Sell,224087447
2024-07-18 09:19:51,130700.0,2200,Sell,224087446
2024-07-18 09:19:51,130700.0,100,Sell,224087445
2024-07-18 09:19:51,130700.0,100,Sell,224087443
2024-07-18 09:19:51,130700.0,1000,Sell,224087444
2024-07-18 09:19:51,130700.0,100,Sell,224087441
2024-07-18 09:19:51,130700.0,100,Sell,224087440
2024-07-18 09:19:51,130700.0,500,Sell,224087439
2024-07-18 09:19:51,130700.0,10000,Sell,224087438
2024-07-18 09:19:51,130700.0,100,Sell,224087437
2024-07-18 09:19:51,130700.0,500,Sell,224087436
2024-07-18 09:19:51,130700.0,100,Sell,224087435
2024-07-18 09:19:51,130700.0,100,Sell,224087434
2024-07-18 09:19:51,130700.0,100,Sell,224087442
2024-07-18 09:19:52,130800.0,100,Buy,224087536
2024-07-18 09:19:55,130800.0,500,Buy,224087658
2024-07-18 09:19:56,130700.0,100,Buy,224087724
2024-07-18 09:19:56,130700.0,500,Sell,224087698
2024-07-18 09:19:56,130700.0,800,Sell,224087697
2024-07-18 09:19:58,130700.0,300,Buy,224087811
2024-07-18 09:19:58,130700.0,100,Buy,224087814
2024-07-18 09:20:00,130700.0,700,Buy,224087852
2024-07-18 09:20:03,130700.0,100,Buy,224088016
2024-07-18 09:20:04,130700.0,2400,Buy,224088033
2024-07-18 09:20:04,130700.0,2600,Buy,224088034
2024-07-18 09:20:04,130600.0,300,Sell,224088081
2024-07-18 09:20:04,130600.0,300,Sell,224088082
2024-07-18 09:20:04,130600.0,100,Sell,224088083
2024-07-18 09:20:04,130600.0,1400,Sell,224088084
2024-07-18 09:20:08,130600.0,6300,Sell,224088233
2024-07-18 09:20:10,130600.0,100,Sell,224088420
2024-07-18 09:20:10,130700.0,1500,Buy,224088427
2024-07-18 09:20:10,130600.0,400,Sell,224088401
2024-07-18 09:20:11,130600.0,100,Sell,224088525
2024-07-18 09:20:11,130600.0,300,Sell,224088530
2024-07-18 09:20:11,130600.0,100,Sell,224088529
2024-07-18 09:20:11,130600.0,100,Sell,224088527
2024-07-18 09:20:11,130600.0,100,Sell,224088526
2024-07-18 09:20:11,130600.0,200,Sell,224088524
2024-07-18 09:20:11,130600.0,100,Sell,224088528
2024-07-18 09:20:11,130600.0,100,Sell,224088522
2024-07-18 09:20:11,130600.0,200,Sell,224088518
2024-07-18 09:20:11,130600.0,100,Sell,224088519
2024-07-18 09:20:11,130600.0,100,Sell,224088523
2024-07-18 09:20:11,130600.0,100,Sell,224088520
2024-07-18 09:20:11,130600.0,1000,Sell,224088521
2024-07-18 09:20:11,130600.0,1800,Sell,224088517
2024-07-18 09:20:12,130600.0,100,Sell,224088559
2024-07-18 09:20:12,130600.0,100,Sell,224088560
2024-07-18 09:20:12,130600.0,100,Sell,224088561
2024-07-18 09:20:12,130600.0,100,Sell,224088562
2024-07-18 09:20:12,130500.0,100,Sell,224088563
2024-07-18 09:20:12,130500.0,100,Sell,224088564
2024-07-18 09:20:16,130600.0,100,Sell,224088772
2024-07-18 09:20:18,130600.0,100,Sell,224088863
2024-07-18 09:20:24,130600.0,1300,Sell,224089057
2024-07-18 09:20:24,130600.0,7800,Sell,224089059
2024-07-18 09:20:24,130600.0,300,Sell,224089060
2024-07-18 09:20:24,130600.0,100,Sell,224089047
2024-07-18 09:20:24,130600.0,600,Sell,224089048
2024-07-18 09:20:28,130600.0,700,Sell,224089182
2024-07-18 09:20:28,130600.0,100,Sell,224089183
2024-07-18 09:20:28,130600.0,1000,Sell,224089184
2024-07-18 09:20:30,130600.0,200,Buy,224089324
2024-07-18 09:20:31,130500.0,400,Sell,224089435
2024-07-18 09:20:33,130600.0,100,Buy,224089585
2024-07-18 09:20:36,130500.0,200,Sell,224089711
2024-07-18 09:20:40,130500.0,2100,Sell,224089825
2024-07-18 09:20:42,130500.0,2000,Sell,224089977
2024-07-18 09:20:43,130600.0,100,Buy,224090023
2024-07-18 09:20:44,130600.0,100,Buy,224090044
2024-07-18 09:20:45,130500.0,200,Sell,224090111
2024-07-18 09:20:45,130500.0,100,Sell,224090112
2024-07-18 09:20:45,130500.0,500,Sell,224090113
2024-07-18 09:20:45,130500.0,100,Sell,224090114
2024-07-18 09:20:45,130500.0,1100,Sell,224090115
2024-07-18 09:20:46,130500.0,200,Sell,224090169
2024-07-18 09:20:46,130500.0,100,Sell,224090167
2024-07-18 09:20:46,130500.0,200,Sell,224090168
2024-07-18 09:20:46,130500.0,400,Sell,224090165
2024-07-18 09:20:46,130500.0,300,Sell,224090164
2024-07-18 09:20:46,130500.0,600,Sell,224090163
2024-07-18 09:20:46,130500.0,100,Sell,224090166
2024-07-18 09:20:47,130600.0,100,Buy,224090201
2024-07-18 09:20:47,130500.0,200,Sell,224090195
2024-07-18 09:20:47,130500.0,200,Sell,224090194
2024-07-18 09:20:47,130500.0,200,Sell,224090193
2024-07-18 09:20:47,130500.0,100,Sell,224090192
2024-07-18 09:20:47,130500.0,100,Sell,224090191
2024-07-18 09:20:47,130500.0,100,Sell,224090185
2024-07-18 09:20:47,130500.0,1000,Sell,224090188
2024-07-18 09:20:47,130500.0,200,Sell,224090187
2024-07-18 09:20:47,130500.0,500,Sell,224090186
2024-07-18 09:20:47,130500.0,100,Sell,224090184
2024-07-18 09:20:47,130500.0,100,Sell,224090190
2024-07-18 09:20:47,130500.0,100,Sell,224090182
2024-07-18 09:20:47,130500.0,100,Sell,224090183
2024-07-18 09:20:47,130500.0,800,Sell,224090172
2024-07-18 09:20:47,130500.0,2000,Sell,224090173
2024-07-18 09:20:47,130500.0,100,Sell,224090174
2024-07-18 09:20:47,130500.0,500,Sell,224090175
2024-07-18 09:20:47,130500.0,100,Sell,224090176
2024-07-18 09:20:47,130500.0,500,Sell,224090189
2024-07-18 09:20:47,130500.0,200,Sell,224090178
2024-07-18 09:20:47,130500.0,200,Sell,224090180
2024-07-18 09:20:47,130500.0,500,Sell,224090181
2024-07-18 09:20:47,130500.0,100,Sell,224090177
2024-07-18 09:20:47,130500.0,100,Sell,224090179
2024-07-18 09:20:48,130500.0,100,Sell,224090231
2024-07-18 09:20:48,130500.0,100,Sell,224090232
2024-07-18 09:20:52,130500.0,400,Sell,224090407
2024-07-18 09:20:54,130500.0,100,Sell,224090456
2024-07-18 09:20:54,130500.0,500,Sell,224090457
2024-07-18 09:20:54,130500.0,100,Sell,224090458
2024-07-18 09:20:55,130400.0,100,Sell,224090558
2024-07-18 09:20:56,130500.0,100,Buy,224090576
2024-07-18 09:21:00,130400.0,100,Sell,224090756
2024-07-18 09:21:03,130500.0,200,Buy,224090893
2024-07-18 09:21:04,130400.0,5000,Sell,224090937
2024-07-18 09:21:04,130400.0,1000,Sell,224090949
2024-07-18 09:21:05,130500.0,200,Buy,224090967
2024-07-18 09:21:07,130400.0,900,Sell,224091074
2024-07-18 09:21:10,130500.0,500,Buy,224091183
2024-07-18 09:21:14,130500.0,300,Buy,224091337
2024-07-18 09:21:14,130500.0,100,Buy,224091336
2024-07-18 09:21:15,130500.0,100,Buy,224091356
2024-07-18 09:21:17,130400.0,2100,Sell,224091461
2024-07-18 09:21:17,130500.0,1000,Buy,224091429
2024-07-18 09:21:18,130400.0,100,Sell,224091570
2024-07-18 09:21:18,130400.0,100,Sell,224091579
2024-07-18 09:21:20,130500.0,100,Buy,224091633
2024-07-18 09:21:27,130400.0,100,Sell,224091925
2024-07-18 09:21:27,130500.0,100,Buy,224091926
2024-07-18 09:21:30,130400.0,700,Sell,224092006
2024-07-18 09:21:30,130400.0,100,Sell,224092007
2024-07-18 09:21:31,130400.0,200,Sell,224092053
2024-07-18 09:21:31,130400.0,1000,Sell,224092052
2024-07-18 09:21:31,130400.0,900,Sell,224092051
2024-07-18 09:21:32,130400.0,200,Sell,224092146
2024-07-18 09:21:34,130400.0,200,Sell,224092222
2024-07-18 09:21:35,130500.0,100,Buy,224092291
2024-07-18 09:21:38,130400.0,100,Buy,224092446
2024-07-18 09:21:38,130400.0,300,Sell,224092423
2024-07-18 09:21:38,130400.0,500,Sell,224092420
2024-07-18 09:21:38,130400.0,200,Sell,224092421
2024-07-18 09:21:38,130400.0,100,Sell,224092419
2024-07-18 09:21:38,130400.0,100,Sell,224092422
2024-07-18 09:21:38,130400.0,200,Sell,224092417
2024-07-18 09:21:38,130400.0,2000,Sell,224092416
2024-07-18 09:21:38,130400.0,200,Sell,224092415
2024-07-18 09:21:38,130400.0,500,Sell,224092414
2024-07-18 09:21:38,130400.0,100,Sell,224092413
2024-07-18 09:21:38,130400.0,400,Sell,224092412
2024-07-18 09:21:38,130400.0,100,Sell,224092418
2024-07-18 09:21:40,130400.0,100,Buy,224092552
2024-07-18 09:21:44,130400.0,100,Buy,224092717
2024-07-18 09:21:44,130400.0,1000,Buy,224092695
2024-07-18 09:21:44,130400.0,100,Buy,224092716
2024-07-18 09:21:46,130400.0,2000,Buy,224092897
2024-07-18 09:21:47,130400.0,5000,Sell,224092932
2024-07-18 09:21:48,130400.0,2100,Sell,224092962
2024-07-18 09:21:48,130400.0,900,Sell,224092973
2024-07-18 09:21:48,130400.0,1100,Sell,224092974
2024-07-18 09:21:50,130300.0,1300,Sell,224093118
2024-07-18 09:21:50,130300.0,1200,Sell,224093119
2024-07-18 09:21:50,130400.0,300,Sell,224093116
2024-07-18 09:21:50,130400.0,900,Sell,224093110
2024-07-18 09:21:50,130400.0,200,Sell,224093117
2024-07-18 09:21:53,130400.0,100,Buy,224093214
2024-07-18 09:21:54,130400.0,900,Buy,224093229
2024-07-18 09:21:54,130400.0,100,Buy,224093230
2024-07-18 09:21:55,130300.0,100,Sell,224093253
2024-07-18 09:21:55,130400.0,100,Buy,224093269
2024-07-18 09:21:55,130400.0,100,Buy,224093270
2024-07-18 09:21:55,130400.0,100,Buy,224093279
2024-07-18 09:21:58,130400.0,300,Buy,224093364
2024-07-18 09:21:59,130400.0,600,Buy,224093445
2024-07-18 09:21:59,130400.0,1800,Buy,224093444
2024-07-18 09:21:59,130400.0,600,Buy,224093443
2024-07-18 09:22:00,130300.0,100,Sell,224093479
2024-07-18 09:22:04,130400.0,500,Buy,224093644
2024-07-18 09:22:05,130300.0,2100,Sell,224093712
2024-07-18 09:22:05,130300.0,1000,Sell,224093695
2024-07-18 09:22:05,130400.0,500,Buy,224093689
2024-07-18 09:22:10,130300.0,500,Sell,224093932
2024-07-18 09:22:10,130300.0,1000,Sell,224093933
2024-07-18 09:22:10,130300.0,1000,Sell,224093934
2024-07-18 09:22:10,130300.0,1000,Sell,224093935
2024-07-18 09:22:10,130300.0,1500,Sell,224093936
2024-07-18 09:22:10,130300.0,2800,Sell,224093964
2024-07-18 09:22:12,130300.0,100,Sell,224094048
2024-07-18 09:22:13,130400.0,100,Buy,224094063
2024-07-18 09:22:13,130300.0,600,Sell,224094082
2024-07-18 09:22:14,130400.0,600,Buy,224094134
2024-07-18 09:22:14,130300.0,1000,Sell,224094097
2024-07-18 09:22:14,130300.0,400,Sell,224094090
2024-07-18 09:22:14,130300.0,100,Sell,224094089
2024-07-18 09:22:14,130300.0,100,Sell,224094088
2024-07-18 09:22:15,130300.0,300,Sell,224094160
2024-07-18 09:22:15,130300.0,700,Sell,224094164
2024-07-18 09:22:18,130400.0,100,Buy,224094251
2024-07-18 09:22:22,130300.0,900,Sell,224094454
2024-07-18 09:22:24,130300.0,1000,Sell,224094473
2024-07-18 09:22:29,130400.0,100,Buy,224094675
2024-07-18 09:22:29,130300.0,100,Sell,224094694
2024-07-18 09:22:30,130400.0,200,Buy,224094735
2024-07-18 09:22:33,130300.0,100,Sell,224094857
2024-07-18 09:22:33,130300.0,500,Sell,224094856
2024-07-18 09:22:33,130300.0,100,Sell,224094850
2024-07-18 09:22:33,130300.0,500,Sell,224094851
2024-07-18 09:22:33,130300.0,400,Sell,224094849
2024-07-18 09:22:38,130300.0,100,Sell,224094995
2024-07-18 09:22:38,130400.0,2000,Buy,224095037
2024-07-18 09:22:38,130300.0,900,Sell,224095011
2024-07-18 09:22:38,130300.0,100,Sell,224095010
2024-07-18 09:22:38,130300.0,100,Sell,224095009
2024-07-18 09:22:38,130300.0,200,Sell,224095008
2024-07-18 09:22:38,130300.0,200,Sell,224095007
2024-07-18 09:22:38,130300.0,500,Sell,224095006
2024-07-18 09:22:38,130300.0,200,Sell,224095005
2024-07-18 09:22:38,130300.0,1900,Sell,224094994
2024-07-18 09:22:38,130300.0,100,Sell,224095003
2024-07-18 09:22:38,130300.0,100,Sell,224094996
2024-07-18 09:22:38,130300.0,100,Sell,224094997
2024-07-18 09:22:38,130300.0,100,Sell,224094998
2024-07-18 09:22:38,130300.0,2000,Sell,224095004
2024-07-18 09:22:38,130300.0,100,Sell,224095000
2024-07-18 09:22:38,130300.0,100,Sell,224095001
2024-07-18 09:22:38,130300.0,100,Sell,224095002
2024-07-18 09:22:38,130300.0,100,Sell,224094999
2024-07-18 09:22:41,130300.0,100,Sell,224095159
2024-07-18 09:22:41,130300.0,100,Sell,224095160
2024-07-18 09:22:41,130300.0,100,Sell,224095161
2024-07-18 09:22:41,130300.0,100,Sell,224095162
2024-07-18 09:22:41,130300.0,100,Sell,224095163
2024-07-18 09:22:41,130300.0,300,Sell,224095164
2024-07-18 09:22:42,130300.0,1300,Sell,224095186
2024-07-18 09:22:42,130300.0,600,Sell,224095187
2024-07-18 09:22:43,130300.0,7800,Sell,224095192
2024-07-18 09:22:43,130300.0,100,Buy,224095195
2024-07-18 09:22:44,130300.0,200,Buy,224095246
2024-07-18 09:22:44,130400.0,100,Buy,224095247
2024-07-18 09:22:44,130400.0,2000,Buy,224095260
2024-07-18 09:22:46,130300.0,200,Buy,224095309
2024-07-18 09:22:47,130400.0,100,Buy,224095333
2024-07-18 09:22:47,130400.0,400,Buy,224095334
2024-07-18 09:22:47,130400.0,800,Buy,224095331
2024-07-18 09:22:47,130400.0,100,Buy,224095332
2024-07-18 09:22:48,130300.0,1000,Sell,224095379
2024-07-18 09:22:59,130400.0,300,Buy,224095823
2024-07-18 09:22:59,130400.0,900,Buy,224095822
2024-07-18 09:22:59,130400.0,500,Buy,224095821
2024-07-18 09:22:59,130400.0,400,Buy,224095824
2024-07-18 09:22:59,130400.0,100,Buy,224095819
2024-07-18 09:22:59,130400.0,400,Buy,224095818
2024-07-18 09:22:59,130400.0,6300,Buy,224095817
2024-07-18 09:22:59,130400.0,200,Buy,224095816
2024-07-18 09:22:59,130400.0,900,Buy,224095820
2024-07-18 09:23:00,130300.0,200,Sell,224095855
2024-07-18 09:23:00,130300.0,700,Sell,224095875
2024-07-18 09:23:01,130400.0,1400,Buy,224095903
2024-07-18 09:23:06,130400.0,100,Sell,224096150
2024-07-18 09:23:12,130500.0,1000,Buy,224096328
2024-07-18 09:23:12,130400.0,2000,Sell,224096329
2024-07-18 09:23:13,130400.0,6500,Sell,224096349
2024-07-18 09:23:13,130400.0,500,Sell,224096350
2024-07-18 09:23:14,130400.0,1300,Sell,224096382
2024-07-18 09:23:19,130400.0,200,Sell,224096515
2024-07-18 09:23:19,130400.0,100,Sell,224096516
2024-07-18 09:23:20,130400.0,200,Sell,224096554
2024-07-18 09:23:22,130400.0,100,Sell,224096707
2024-07-18 09:23:31,130500.0,700,Buy,224096990
2024-07-18 09:23:31,130500.0,200,Buy,224096991
2024-07-18 09:23:31,130500.0,1000,Buy,224096992
2024-07-18 09:23:31,130500.0,4200,Buy,224096993
2024-07-18 09:23:31,130500.0,100,Buy,224096994
2024-07-18 09:23:31,130500.0,100,Buy,224096995
2024-07-18 09:23:31,130500.0,200,Buy,224096996
2024-07-18 09:23:31,130500.0,200,Buy,224096997
2024-07-18 09:23:31,130500.0,3300,Buy,224096998
2024-07-18 09:23:33,130400.0,1500,Sell,224097135
2024-07-18 09:23:33,130400.0,200,Sell,224097134
2024-07-18 09:23:33,130400.0,500,Sell,224097130
2024-07-18 09:23:33,130400.0,500,Sell,224097132
2024-07-18 09:23:33,130400.0,1000,Sell,224097131
2024-07-18 09:23:33,130400.0,200,Sell,224097133
2024-07-18 09:23:34,130400.0,100,Sell,224097177
2024-07-18 09:23:35,130400.0,8400,Sell,224097268
2024-07-18 09:23:35,130400.0,100,Sell,224097269
2024-07-18 09:23:36,130400.0,1500,Buy,224097280
2024-07-18 09:23:48,130400.0,200,Sell,224097825
2024-07-18 09:23:48,130400.0,200,Sell,224097824
2024-07-18 09:23:48,130400.0,500,Sell,224097821
2024-07-18 09:23:48,130400.0,2000,Sell,224097822
2024-07-18 09:23:48,130400.0,100,Sell,224097823
2024-07-18 09:23:49,130500.0,100,Buy,224097858
2024-07-18 09:23:50,130500.0,1600,Buy,224097889
2024-07-18 09:23:50,130500.0,2000,Buy,224097890
2024-07-18 09:23:50,130600.0,2300,Buy,224097891
2024-07-18 09:23:50,130600.0,100,Buy,224097892
2024-07-18 09:23:50,130600.0,200,Buy,224097893
2024-07-18 09:23:50,130700.0,3400,Buy,224097894
2024-07-18 09:23:56,130400.0,7600,Sell,224098172
2024-07-18 09:23:56,130400.0,1800,Sell,224098171
2024-07-18 09:23:56,130500.0,600,Sell,224098170
2024-07-18 09:23:57,130500.0,500,Buy,224098184
2024-07-18 09:24:00,130600.0,2000,Buy,224098339
2024-07-18 09:24:02,130400.0,100,Sell,224098443
2024-07-18 09:24:02,130400.0,100,Sell,224098446
2024-07-18 09:24:02,130400.0,1000,Sell,224098445
2024-07-18 09:24:02,130400.0,100,Sell,224098444
2024-07-18 09:24:02,130400.0,2000,Sell,224098442
2024-07-18 09:24:02,130400.0,100,Buy,224098459
2024-07-18 09:24:02,130400.0,100,Sell,224098440
2024-07-18 09:24:02,130400.0,100,Sell,224098439
2024-07-18 09:24:02,130400.0,100,Sell,224098438
2024-07-18 09:24:02,130400.0,2400,Sell,224098437
2024-07-18 09:24:02,130400.0,100,Sell,224098441
2024-07-18 09:24:02,130500.0,500,Sell,224098436
2024-07-18 09:24:04,130300.0,100,Sell,224098548
2024-07-18 09:24:05,130400.0,100,Buy,224098620
2024-07-18 09:24:06,130400.0,1500,Buy,224098702
2024-07-18 09:24:07,130400.0,1700,Buy,224098711
2024-07-18 09:24:12,130400.0,5000,Sell,224098906
2024-07-18 09:24:20,130400.0,200,Sell,224099182
2024-07-18 09:24:20,130400.0,500,Sell,224099185
2024-07-18 09:24:20,130400.0,3300,Sell,224099181
2024-07-18 09:24:20,130400.0,500,Sell,224099183
2024-07-18 09:24:20,130400.0,500,Sell,224099184
2024-07-18 09:24:24,130400.0,100,Sell,224099312
2024-07-18 09:24:28,130400.0,100,Sell,224099454
2024-07-18 09:24:34,130400.0,1000,Sell,224099644
2024-07-18 09:24:37,130500.0,100,Buy,224099753
2024-07-18 09:24:37,130500.0,400,Buy,224099754
2024-07-18 09:24:41,130500.0,1000,Buy,224099888
2024-07-18 09:24:46,130500.0,300,Buy,224100079
2024-07-18 09:24:46,130500.0,2000,Buy,224100078
2024-07-18 09:24:48,130600.0,400,Buy,224100133
2024-07-18 09:24:49,130500.0,2700,Sell,224100153
2024-07-18 09:24:51,130400.0,300,Sell,224100228
2024-07-18 09:24:52,130500.0,600,Buy,224100255
2024-07-18 09:24:54,130400.0,5000,Sell,224100376
2024-07-18 09:24:58,130500.0,100,Buy,224100473
2024-07-18 09:24:59,130400.0,3700,Sell,224100514
2024-07-18 09:24:59,130400.0,1300,Sell,224100515
2024-07-18 09:25:14,130400.0,100,Sell,224101106
2024-07-18 09:25:17,130500.0,3000,Buy,224101217
2024-07-18 09:25:17,130500.0,200,Buy,224101215
2024-07-18 09:25:17,130500.0,1600,Buy,224101214
2024-07-18 09:25:17,130500.0,600,Buy,224101216
2024-07-18 09:25:20,130500.0,1600,Buy,224101321
2024-07-18 09:25:30,130500.0,400,Buy,224101671
2024-07-18 09:25:30,130500.0,100,Buy,224101672
2024-07-18 09:25:30,130500.0,500,Buy,224101673
2024-07-18 09:25:30,130500.0,1200,Buy,224101674
2024-07-18 09:25:37,130500.0,200,Sell,224101952
2024-07-18 09:25:38,130500.0,100,Sell,224102018
2024-07-18 09:25:39,130500.0,400,Sell,224102046
2024-07-18 09:25:49,130500.0,100,Sell,224102475
2024-07-18 09:26:00,130500.0,400,Sell,224102884
2024-07-18 09:26:15,130600.0,5000,Buy,224103444
2024-07-18 09:26:15,130600.0,2400,Buy,224103445
2024-07-18 09:26:15,130600.0,2600,Buy,224103443
2024-07-18 09:26:18,130600.0,2600,Buy,224103524
2024-07-18 09:26:18,130600.0,200,Buy,224103525
2024-07-18 09:26:18,130600.0,300,Buy,224103526
2024-07-18 09:26:18,130600.0,200,Buy,224103527
2024-07-18 09:26:18,130600.0,100,Buy,224103528
2024-07-18 09:26:21,130600.0,400,Sell,224103653
2024-07-18 09:26:36,130600.0,1300,Sell,224104184
2024-07-18 09:26:36,130600.0,200,Sell,224104182
2024-07-18 09:26:36,130600.0,400,Sell,224104183
2024-07-18 09:26:41,130700.0,100,Buy,224104313
2024-07-18 09:26:42,130700.0,100,Buy,224104362
2024-07-18 09:26:42,130600.0,400,Sell,224104353
2024-07-18 09:26:47,130700.0,100,Buy,224104535
2024-07-18 09:26:48,130700.0,20000,Buy,224104558
2024-07-18 09:26:49,130600.0,1400,Sell,224104571
2024-07-18 09:26:53,130700.0,100,Buy,224104691
2024-07-18 09:26:55,130700.0,100,Buy,224104736
2024-07-18 09:26:56,130700.0,100,Buy,224104756
2024-07-18 09:26:56,130700.0,6000,Buy,224104778
2024-07-18 09:26:56,130700.0,100,Buy,224104779
2024-07-18 09:26:56,130700.0,200,Buy,224104780
2024-07-18 09:26:56,130700.0,1000,Buy,224104781
2024-07-18 09:27:03,130700.0,400,Sell,224105035
2024-07-18 09:27:03,130700.0,400,Sell,224105044
2024-07-18 09:27:07,130800.0,100,Buy,224105130
2024-07-18 09:27:12,130700.0,100,Sell,224105331
2024-07-18 09:27:13,130700.0,100,Sell,224105347
2024-07-18 09:27:20,130800.0,100,Buy,224105646
2024-07-18 09:27:23,130800.0,100,Buy,224105718
2024-07-18 09:27:23,130700.0,400,Sell,224105746
2024-07-18 09:27:25,130800.0,100,Buy,224105792
2024-07-18 09:27:26,130800.0,800,Buy,224105830
2024-07-18 09:27:26,130800.0,200,Buy,224105831
2024-07-18 09:27:29,130800.0,100,Buy,224105918
2024-07-18 09:27:29,130800.0,300,Buy,224105941
2024-07-18 09:27:30,130800.0,200,Buy,224105962
2024-07-18 09:27:30,130800.0,1300,Buy,224105961
2024-07-18 09:27:30,130800.0,200,Buy,224105959
2024-07-18 09:27:30,130800.0,1400,Buy,224105958
2024-07-18 09:27:30,130800.0,400,Buy,224105960
2024-07-18 09:27:31,130800.0,100,Buy,224105992
2024-07-18 09:27:35,130800.0,700,Buy,224106135
2024-07-18 09:27:35,130800.0,100,Buy,224106136
2024-07-18 09:27:37,130700.0,1300,Sell,224106191
2024-07-18 09:27:37,130700.0,600,Sell,224106192
2024-07-18 09:27:37,130700.0,100,Sell,224106193
2024-07-18 09:27:37,130700.0,2000,Sell,224106194
2024-07-18 09:27:37,130700.0,200,Sell,224106195
2024-07-18 09:27:37,130700.0,400,Sell,224106196
2024-07-18 09:27:37,130700.0,400,Sell,224106197
2024-07-18 09:27:43,130700.0,2400,Sell,224106401
2024-07-18 09:27:43,130700.0,600,Sell,224106383
2024-07-18 09:27:43,130700.0,400,Sell,224106379
2024-07-18 09:27:43,130700.0,100,Sell,224106381
2024-07-18 09:27:43,130700.0,700,Sell,224106380
2024-07-18 09:27:43,130700.0,100,Sell,224106382
2024-07-18 09:27:45,130600.0,400,Sell,224106438
2024-07-18 09:27:46,130700.0,300,Buy,224106465
2024-07-18 09:27:50,130700.0,100,Buy,224106579
2024-07-18 09:27:50,130700.0,300,Buy,224106599
2024-07-18 09:27:53,130600.0,100,Sell,224106662
2024-07-18 09:27:57,130700.0,100,Buy,224106779
2024-07-18 09:27:57,130700.0,300,Buy,224106763
2024-07-18 09:27:57,130700.0,4700,Buy,224106778
2024-07-18 09:27:58,130700.0,100,Sell,224106817
2024-07-18 09:28:01,130700.0,100,Sell,224106900
2024-07-18 09:28:06,130600.0,300,Sell,224107120
2024-07-18 09:28:06,130700.0,100,Sell,224107119
2024-07-18 09:28:08,130700.0,100,Buy,224107178
2024-07-18 09:28:13,130600.0,200,Sell,224107341
2024-07-18 09:28:13,130700.0,100,Buy,224107343
2024-07-18 09:28:22,130600.0,1000,Sell,224107591
2024-07-18 09:28:23,130700.0,100,Buy,224107619
2024-07-18 09:28:23,130700.0,100,Buy,224107633
2024-07-18 09:28:25,130700.0,300,Buy,224107697
2024-07-18 09:28:25,130600.0,200,Sell,224107693
2024-07-18 09:28:25,130600.0,200,Sell,224107692
2024-07-18 09:28:25,130600.0,100,Sell,224107691
2024-07-18 09:28:25,130600.0,100,Sell,224107690
2024-07-18 09:28:25,130600.0,300,Sell,224107689
2024-07-18 09:28:25,130600.0,100,Sell,224107687
2024-07-18 09:28:25,130600.0,200,Sell,224107686
2024-07-18 09:28:25,130600.0,100,Sell,224107685
2024-07-18 09:28:25,130600.0,300,Sell,224107684
2024-07-18 09:28:25,130600.0,200,Sell,224107683
2024-07-18 09:28:25,130600.0,100,Sell,224107688
2024-07-18 09:28:27,130600.0,400,Sell,224107724
2024-07-18 09:28:30,130600.0,1000,Sell,224107804
2024-07-18 09:28:44,130600.0,400,Sell,224108309
2024-07-18 09:28:44,130600.0,100,Sell,224108310
2024-07-18 09:28:47,130600.0,100,Sell,224108395
2024-07-18 09:28:48,130600.0,100,Sell,224108480
2024-07-18 09:28:48,130600.0,100,Sell,224108479
2024-07-18 09:28:48,130600.0,200,Sell,224108478
2024-07-18 09:28:48,130600.0,1200,Sell,224108452
2024-07-18 09:28:48,130600.0,400,Sell,224108451
2024-07-18 09:28:48,130600.0,200,Sell,224108450
2024-07-18 09:28:48,130600.0,100,Sell,224108453
2024-07-18 09:28:50,130600.0,200,Sell,224108519
2024-07-18 09:28:54,130600.0,100,Sell,224108636
2024-07-18 09:28:54,130600.0,200,Sell,224108637
2024-07-18 09:28:54,130600.0,100,Sell,224108638
2024-07-18 09:29:00,130600.0,500,Sell,224108865
2024-07-18 09:29:00,130600.0,100,Buy,224108869
2024-07-18 09:29:09,130500.0,400,Sell,224109166
2024-07-18 09:29:12,130600.0,100,Buy,224109209
2024-07-18 09:29:18,130500.0,100,Sell,224109347
2024-07-18 09:29:20,130600.0,100,Buy,224109441
2024-07-18 09:29:20,130600.0,100,Buy,224109440
2024-07-18 09:29:20,130600.0,600,Buy,224109437
2024-07-18 09:29:20,130600.0,300,Buy,224109438
2024-07-18 09:29:20,130600.0,300,Buy,224109436
2024-07-18 09:29:20,130600.0,900,Buy,224109439
2024-07-18 09:29:25,130600.0,100,Sell,224109785
2024-07-18 09:29:28,130600.0,1000,Sell,224109927
2024-07-18 09:29:28,130700.0,700,Buy,224109967
2024-07-18 09:29:29,130600.0,500,Sell,224109996
2024-07-18 09:29:30,130600.0,400,Sell,224110023
2024-07-18 09:29:39,130600.0,600,Buy,224110264
2024-07-18 09:29:39,130600.0,100,Buy,224110263
2024-07-18 09:29:39,130600.0,100,Sell,224110241
2024-07-18 09:29:39,130600.0,200,Sell,224110240
2024-07-18 09:29:39,130600.0,100,Sell,224110242
2024-07-18 09:29:42,130600.0,300,Sell,224110346
2024-07-18 09:29:45,130600.0,100,Buy,224110450
2024-07-18 09:29:47,130600.0,200,Buy,224110504
2024-07-18 09:29:51,130500.0,400,Sell,224110647
2024-07-18 09:29:52,130500.0,400,Sell,224110697
2024-07-18 09:30:10,130500.0,200,Sell,224111326
2024-07-18 09:30:11,130500.0,100,Sell,224111361
2024-07-18 09:30:11,130500.0,100,Sell,224111362
2024-07-18 09:30:11,130500.0,700,Sell,224111363
2024-07-18 09:30:12,130500.0,400,Sell,224111403
2024-07-18 09:30:12,130500.0,100,Sell,224111404
2024-07-18 09:30:12,130500.0,10800,Sell,224111405
2024-07-18 09:30:12,130500.0,1200,Sell,224111406
2024-07-18 09:30:12,130500.0,400,Sell,224111407
2024-07-18 09:30:12,130500.0,200,Sell,224111423
2024-07-18 09:30:12,130500.0,100,Sell,224111421
2024-07-18 09:30:12,130500.0,1000,Sell,224111422
2024-07-18 09:30:12,130500.0,200,Sell,224111402
2024-07-18 09:30:12,130500.0,200,Sell,224111425
2024-07-18 09:30:12,130500.0,900,Sell,224111420
2024-07-18 09:30:12,130500.0,100,Sell,224111424
2024-07-18 09:30:12,130500.0,400,Sell,224111401
2024-07-18 09:30:12,130500.0,400,Sell,224111399
2024-07-18 09:30:12,130500.0,200,Sell,224111400
2024-07-18 09:30:12,130500.0,100,Sell,224111388
2024-07-18 09:30:12,130500.0,100,Sell,224111389
2024-07-18 09:30:12,130500.0,200,Sell,224111390
2024-07-18 09:30:12,130500.0,100,Sell,224111391
2024-07-18 09:30:12,130500.0,100,Sell,224111392
2024-07-18 09:30:12,130500.0,1300,Sell,224111387
2024-07-18 09:30:12,130500.0,1000,Sell,224111394
2024-07-18 09:30:12,130500.0,300,Sell,224111395
2024-07-18 09:30:12,130500.0,100,Sell,224111396
2024-07-18 09:30:12,130500.0,300,Sell,224111397
2024-07-18 09:30:12,130500.0,100,Sell,224111398
2024-07-18 09:30:12,130500.0,100,Sell,224111393
2024-07-18 09:30:14,130500.0,100,Sell,224111545
2024-07-18 09:30:14,130500.0,100,Sell,224111546
2024-07-18 09:30:18,130500.0,100,Sell,224111673
2024-07-18 09:30:18,130500.0,100,Sell,224111672
2024-07-18 09:30:18,130500.0,100,Sell,224111669
2024-07-18 09:30:18,130500.0,200,Sell,224111670
2024-07-18 09:30:18,130500.0,300,Sell,224111668
2024-07-18 09:30:18,130500.0,200,Sell,224111671
2024-07-18 09:30:21,130500.0,100,Sell,224111784
2024-07-18 09:30:21,130500.0,100,Sell,224111783
2024-07-18 09:30:21,130500.0,100,Sell,224111782
2024-07-18 09:30:21,130500.0,100,Sell,224111781
2024-07-18 09:30:21,130500.0,100,Sell,224111780
2024-07-18 09:30:21,130500.0,100,Sell,224111778
2024-07-18 09:30:21,130500.0,200,Sell,224111776
2024-07-18 09:30:21,130500.0,100,Sell,224111779
2024-07-18 09:30:21,130500.0,400,Sell,224111777
2024-07-18 09:30:22,130500.0,100,Buy,224111793
2024-07-18 09:30:27,130500.0,100,Buy,224111922
2024-07-18 09:30:27,130600.0,1400,Buy,224111923
2024-07-18 09:30:27,130600.0,3000,Buy,224111924
2024-07-18 09:30:27,130500.0,500,Buy,224111921
2024-07-18 09:30:30,130500.0,100,Sell,224112010
2024-07-18 09:30:30,130400.0,400,Sell,224112011
2024-07-18 09:30:31,130600.0,2000,Buy,224112049
2024-07-18 09:30:31,130600.0,100,Buy,224112050
2024-07-18 09:30:31,130600.0,500,Buy,224112051
2024-07-18 09:30:33,130600.0,400,Sell,224112081
2024-07-18 09:30:39,130600.0,1100,Sell,224112326
2024-07-18 09:30:40,130600.0,3100,Sell,224112342
2024-07-18 09:30:40,130600.0,1900,Sell,224112341
2024-07-18 09:30:46,130600.0,1400,Sell,224112635
2024-07-18 09:30:46,130600.0,100,Sell,224112636
2024-07-18 09:30:46,130600.0,3500,Sell,224112637
2024-07-18 09:30:48,130600.0,1000,Sell,224112684
2024-07-18 09:30:48,130600.0,100,Sell,224112685
2024-07-18 09:30:48,130600.0,500,Sell,224112686
2024-07-18 09:30:50,130600.0,100,Sell,224112731
2024-07-18 09:30:50,130600.0,100,Buy,224112740
2024-07-18 09:30:53,130500.0,400,Sell,224112808
2024-07-18 09:31:08,130700.0,100,Buy,224113238
2024-07-18 09:31:08,130700.0,500,Buy,224113227
2024-07-18 09:31:14,130600.0,200,Sell,224113383
2024-07-18 09:31:14,130500.0,200,Sell,224113384
2024-07-18 09:31:26,130500.0,300,Sell,224113764
2024-07-18 09:31:26,130500.0,700,Sell,224113765
2024-07-18 09:31:35,130500.0,300,Sell,224113975
2024-07-18 09:31:35,130500.0,100,Sell,224113976
2024-07-18 09:31:50,130600.0,100,Buy,224114375
2024-07-18 09:31:52,130600.0,100,Buy,224114427
2024-07-18 09:31:53,130500.0,200,Sell,224114434
2024-07-18 09:31:54,130500.0,1000,Sell,224114490
2024-07-18 09:31:56,130500.0,100,Sell,224114553
2024-07-18 09:31:56,130500.0,400,Sell,224114543
2024-07-18 09:31:58,130600.0,100,Buy,224114599
2024-07-18 09:31:59,130500.0,100,Sell,224114608
2024-07-18 09:32:17,130500.0,200,Sell,224115132
2024-07-18 09:32:17,130500.0,300,Sell,224115133
2024-07-18 09:32:17,130500.0,400,Sell,224115134
2024-07-18 09:32:19,130500.0,100,Sell,224115242
2024-07-18 09:32:21,130600.0,500,Buy,224115321
2024-07-18 09:32:26,130500.0,100,Sell,224115466
2024-07-18 09:32:27,130500.0,400,Sell,224115501
2024-07-18 09:32:33,130600.0,100,Buy,224115703
2024-07-18 09:32:37,130600.0,900,Buy,224115816
2024-07-18 09:32:37,130600.0,700,Buy,224115815
2024-07-18 09:32:37,130600.0,300,Buy,224115814
2024-07-18 09:32:37,130600.0,100,Buy,224115813
2024-07-18 09:32:38,130500.0,400,Sell,224115828
2024-07-18 09:32:45,130600.0,500,Buy,224116044
2024-07-18 09:32:53,130500.0,200,Sell,224116315
2024-07-18 09:32:56,130600.0,200,Buy,224116417
2024-07-18 09:32:56,130600.0,100,Buy,224116418
2024-07-18 09:32:56,130600.0,700,Buy,224116416
2024-07-18 09:32:58,130600.0,100,Sell,224116539
2024-07-18 09:32:58,130600.0,100,Buy,224116512
2024-07-18 09:32:58,130600.0,400,Buy,224116511
2024-07-18 09:32:58,130500.0,300,Sell,224116540
2024-07-18 09:32:58,130600.0,200,Buy,224116509
2024-07-18 09:32:58,130600.0,100,Buy,224116508
2024-07-18 09:32:58,130600.0,100,Buy,224116507
2024-07-18 09:32:58,130600.0,1000,Buy,224116510
2024-07-18 09:33:05,130600.0,300,Sell,224116726
2024-07-18 09:33:05,130600.0,100,Sell,224116741
2024-07-18 09:33:05,130600.0,100,Sell,224116742
2024-07-18 09:33:05,130600.0,500,Sell,224116743
2024-07-18 09:33:05,130600.0,4100,Sell,224116725
2024-07-18 09:33:09,130600.0,800,Sell,224116845
2024-07-18 09:33:10,130600.0,100,Sell,224116871
2024-07-18 09:33:10,130600.0,300,Sell,224116872
2024-07-18 09:33:10,130600.0,400,Sell,224116873
2024-07-18 09:33:10,130600.0,500,Sell,224116874
2024-07-18 09:33:19,130600.0,400,Sell,224117156
2024-07-18 09:33:26,130600.0,300,Sell,224117360
2024-07-18 09:33:27,130600.0,100,Sell,224117367
2024-07-18 09:33:27,130600.0,100,Sell,224117366
2024-07-18 09:33:31,130600.0,100,Sell,224117457
2024-07-18 09:33:33,130600.0,100,Sell,224117496
2024-07-18 09:33:35,130600.0,900,Buy,224117529
2024-07-18 09:33:39,130600.0,1300,Sell,224117635
2024-07-18 09:33:39,130600.0,500,Buy,224117636
2024-07-18 09:33:40,130500.0,400,Sell,224117650
2024-07-18 09:33:45,130600.0,100,Buy,224117801
2024-07-18 09:33:47,130600.0,100,Buy,224117837
2024-07-18 09:33:47,130600.0,200,Buy,224117838
2024-07-18 09:33:53,130600.0,200,Buy,224118036
2024-07-18 09:33:53,130600.0,100,Buy,224118034
2024-07-18 09:33:53,130600.0,700,Buy,224118035
2024-07-18 09:33:55,130600.0,1900,Buy,224118083
2024-07-18 09:34:01,130600.0,100,Sell,224118216
2024-07-18 09:34:01,130600.0,300,Sell,224118217
2024-07-18 09:34:04,130600.0,200,Sell,224118287
2024-07-18 09:34:09,130600.0,100,Sell,224118414
2024-07-18 09:34:11,130600.0,100,Sell,224118460
2024-07-18 09:34:12,130600.0,100,Sell,224118466
2024-07-18 09:34:12,130600.0,100,Sell,224118467
2024-07-18 09:34:12,130600.0,100,Sell,224118468
2024-07-18 09:34:12,130600.0,700,Sell,224118469
2024-07-18 09:34:13,130600.0,200,Sell,224118522
2024-07-18 09:34:14,130600.0,100,Sell,224118525
2024-07-18 09:34:16,130600.0,1000,Sell,224118578
2024-07-18 09:34:16,130600.0,300,Sell,224118582
2024-07-18 09:34:16,130600.0,100,Sell,224118581
2024-07-18 09:34:16,130600.0,1000,Sell,224118577
2024-07-18 09:34:16,130600.0,100,Sell,224118579
2024-07-18 09:34:16,130600.0,100,Sell,224118580
2024-07-18 09:34:19,130500.0,100,Sell,224118654
2024-07-18 09:34:21,130600.0,400,Buy,224118708
2024-07-18 09:34:23,130500.0,400,Sell,224118796
2024-07-18 09:34:24,130600.0,1100,Buy,224118812
2024-07-18 09:34:24,130600.0,300,Buy,224118813
2024-07-18 09:34:24,130600.0,600,Buy,224118814
2024-07-18 09:34:24,130600.0,100,Buy,224118815
2024-07-18 09:34:30,130600.0,2000,Sell,224119009
2024-07-18 09:34:36,130600.0,5000,Sell,224119130
2024-07-18 09:34:38,130600.0,900,Sell,224119200
2024-07-18 09:34:38,130600.0,100,Sell,224119201
2024-07-18 09:34:41,130600.0,100,Buy,224119270
2024-07-18 09:34:42,130700.0,2000,Buy,224119302
2024-07-18 09:34:42,130700.0,1400,Buy,224119301
2024-07-18 09:34:42,130700.0,600,Buy,224119300
2024-07-18 09:34:42,130700.0,200,Buy,224119299
2024-07-18 09:34:42,130700.0,400,Buy,224119298
2024-07-18 09:34:42,130600.0,2000,Buy,224119294
2024-07-18 09:34:42,130700.0,400,Buy,224119296
2024-07-18 09:34:42,130700.0,3800,Buy,224119295
2024-07-18 09:34:42,130600.0,600,Buy,224119293
2024-07-18 09:34:42,130600.0,300,Buy,224119292
2024-07-18 09:34:42,130600.0,3000,Buy,224119291
2024-07-18 09:34:42,130700.0,900,Buy,224119297
2024-07-18 09:34:43,130500.0,400,Sell,224119330
2024-07-18 09:34:46,130600.0,100,Sell,224119406
2024-07-18 09:34:57,130600.0,100,Sell,224119686
2024-07-18 09:34:57,130600.0,100,Sell,224119685
2024-07-18 09:34:57,130600.0,100,Sell,224119682
2024-07-18 09:34:57,130600.0,100,Sell,224119683
2024-07-18 09:34:57,130600.0,200,Sell,224119684
2024-07-18 09:34:57,130600.0,100,Sell,224119681
2024-07-18 09:35:01,130600.0,300,Buy,224119753
2024-07-18 09:35:04,130600.0,400,Sell,224119831
2024-07-18 09:35:05,130600.0,100,Sell,224119890
2024-07-18 09:35:07,130600.0,1300,Sell,224119958
2024-07-18 09:35:07,130600.0,600,Sell,224119959
2024-07-18 09:35:07,130600.0,7300,Sell,224119964
2024-07-18 09:35:13,130600.0,100,Buy,224120135
2024-07-18 09:35:13,130600.0,800,Buy,224120133
2024-07-18 09:35:13,130600.0,2000,Buy,224120134
2024-07-18 09:35:24,130600.0,400,Sell,224120379
2024-07-18 09:35:29,130700.0,300,Buy,224120507
2024-07-18 09:35:35,130600.0,100,Sell,224120619
2024-07-18 09:35:35,130700.0,1000,Buy,224120624
2024-07-18 09:35:37,130700.0,300,Buy,224120650
2024-07-18 09:35:46,130600.0,100,Sell,224120827
2024-07-18 09:35:48,130700.0,100,Buy,224120875
2024-07-18 09:35:49,130600.0,300,Sell,224120898
2024-07-18 09:35:49,130600.0,100,Sell,224120899
2024-07-18 09:36:04,130600.0,200,Sell,224121296
2024-07-18 09:36:08,130600.0,200,Sell,224121401
2024-07-18 09:36:08,130600.0,200,Sell,224121400
2024-07-18 09:36:12,130700.0,100,Buy,224121495
2024-07-18 09:36:14,130700.0,3000,Buy,224121580
2024-07-18 09:36:14,130700.0,13600,Buy,224121582
2024-07-18 09:36:14,130700.0,500,Buy,224121579
2024-07-18 09:36:14,130700.0,2900,Buy,224121581
2024-07-18 09:36:17,130700.0,10000,Buy,224121761
2024-07-18 09:36:20,130700.0,900,Buy,224121820
2024-07-18 09:36:29,130600.0,400,Sell,224122055
2024-07-18 09:36:30,130700.0,1900,Buy,224122082
2024-07-18 09:36:31,130700.0,100,Buy,224122124
2024-07-18 09:36:31,130700.0,100,Buy,224122123
2024-07-18 09:36:31,130700.0,500,Buy,224122120
2024-07-18 09:36:31,130700.0,700,Buy,224122122
2024-07-18 09:36:31,130700.0,200,Buy,224122118
2024-07-18 09:36:31,130700.0,800,Buy,224122117
2024-07-18 09:36:31,130700.0,3600,Buy,224122116
2024-07-18 09:36:31,130700.0,200,Buy,224122119
2024-07-18 09:36:31,130700.0,100,Buy,224122121
2024-07-18 09:36:40,130700.0,100,Sell,224122349
2024-07-18 09:36:49,130700.0,400,Sell,224122607
2024-07-18 09:36:53,130700.0,1300,Sell,224122682
2024-07-18 09:36:53,130700.0,600,Sell,224122683
2024-07-18 09:36:53,130700.0,1300,Sell,224122688
2024-07-18 09:36:53,130700.0,300,Sell,224122689
2024-07-18 09:36:53,130700.0,100,Sell,224122690
2024-07-18 09:37:03,130700.0,6400,Buy,224122922
2024-07-18 09:37:11,130700.0,400,Sell,224123161
2024-07-18 09:37:15,130700.0,1500,Sell,224123280
2024-07-18 09:37:18,130700.0,700,Sell,224123399
2024-07-18 09:37:18,130700.0,200,Sell,224123398
2024-07-18 09:37:18,130700.0,1700,Sell,224123395
2024-07-18 09:37:18,130700.0,1400,Sell,224123396
2024-07-18 09:37:18,130700.0,1000,Sell,224123397
2024-07-18 09:37:27,130700.0,100,Sell,224123607
2024-07-18 09:37:27,130700.0,200,Sell,224123608
2024-07-18 09:37:27,130700.0,100,Sell,224123609
2024-07-18 09:37:27,130700.0,200,Sell,224123610
2024-07-18 09:37:27,130700.0,700,Sell,224123611
2024-07-18 09:37:31,130700.0,300,Sell,224123717
2024-07-18 09:37:31,130600.0,100,Sell,224123718
2024-07-18 09:37:35,130700.0,100,Sell,224123802
2024-07-18 09:37:37,130700.0,400,Sell,224123843
2024-07-18 09:37:40,130700.0,100,Sell,224123938
2024-07-18 09:37:44,130700.0,100,Sell,224124070
2024-07-18 09:37:49,130700.0,400,Sell,224124200
2024-07-18 09:37:49,130700.0,100,Sell,224124209
2024-07-18 09:37:52,130700.0,400,Sell,224124274
2024-07-18 09:38:10,130800.0,500,Buy,224124762
2024-07-18 09:38:11,130800.0,600,Buy,224124816
2024-07-18 09:38:13,130700.0,400,Sell,224124895
2024-07-18 09:38:15,130700.0,100,Sell,224124945
2024-07-18 09:38:21,130800.0,100,Buy,224125112
2024-07-18 09:38:23,130700.0,100,Sell,224125192
2024-07-18 09:38:27,130700.0,2100,Sell,224125331
2024-07-18 09:38:32,130800.0,1000,Buy,224125463
2024-07-18 09:38:34,130700.0,400,Sell,224125518
2024-07-18 09:38:35,130700.0,100,Sell,224125531
2024-07-18 09:38:40,130700.0,100,Sell,224125651
2024-07-18 09:38:41,130700.0,100,Sell,224125662
2024-07-18 09:38:41,130800.0,200,Buy,224125682
2024-07-18 09:38:41,130700.0,2200,Sell,224125675
2024-07-18 09:38:41,130700.0,100,Sell,224125672
2024-07-18 09:38:41,130700.0,100,Sell,224125671
2024-07-18 09:38:41,130700.0,2000,Sell,224125670
2024-07-18 09:38:41,130700.0,100,Sell,224125674
2024-07-18 09:38:41,130700.0,600,Sell,224125668
2024-07-18 09:38:41,130700.0,500,Sell,224125669
2024-07-18 09:38:41,130700.0,2000,Sell,224125663
2024-07-18 09:38:41,130700.0,300,Sell,224125664
2024-07-18 09:38:41,130700.0,100,Sell,224125673
2024-07-18 09:38:41,130700.0,100,Sell,224125666
2024-07-18 09:38:41,130700.0,1100,Sell,224125667
2024-07-18 09:38:41,130700.0,700,Sell,224125665
2024-07-18 09:38:42,130700.0,2100,Sell,224125737
2024-07-18 09:38:43,130700.0,700,Sell,224125799
2024-07-18 09:38:44,130800.0,500,Buy,224125836
2024-07-18 09:38:47,130800.0,1000,Buy,224125892
2024-07-18 09:38:51,130800.0,400,Buy,224125993
2024-07-18 09:38:51,130800.0,100,Buy,224126000
2024-07-18 09:38:51,130800.0,200,Buy,224125999
2024-07-18 09:38:51,130800.0,2300,Buy,224125998
2024-07-18 09:38:51,130800.0,1300,Buy,224125997
2024-07-18 09:38:51,130800.0,1000,Buy,224125991
2024-07-18 09:38:51,130800.0,200,Buy,224125990
2024-07-18 09:38:51,130800.0,100,Buy,224125989
2024-07-18 09:38:51,130800.0,600,Buy,224125988
2024-07-18 09:38:51,130800.0,300,Buy,224125987
2024-07-18 09:38:51,130800.0,200,Buy,224125986
2024-07-18 09:38:51,130800.0,200,Buy,224125992
2024-07-18 09:38:55,130800.0,100,Sell,224126157
2024-07-18 09:38:55,130800.0,400,Sell,224126168
2024-07-18 09:38:59,130800.0,100,Sell,224126233
2024-07-18 09:38:59,130800.0,1000,Sell,224126232
2024-07-18 09:38:59,130800.0,100,Buy,224126247
2024-07-18 09:38:59,130800.0,600,Sell,224126230
2024-07-18 09:38:59,130800.0,1300,Sell,224126229
2024-07-18 09:38:59,130800.0,700,Sell,224126231
2024-07-18 09:39:04,130800.0,1000,Buy,224126372
2024-07-18 09:39:05,130800.0,100,Buy,224126386
2024-07-18 09:39:10,130700.0,900,Sell,224126524
2024-07-18 09:39:10,130700.0,100,Sell,224126525
2024-07-18 09:39:10,130700.0,1100,Sell,224126526
2024-07-18 09:39:15,130800.0,100,Buy,224126657
2024-07-18 09:39:16,130700.0,400,Sell,224126679
2024-07-18 09:39:19,130700.0,100,Sell,224126761
2024-07-18 09:39:19,130700.0,100,Sell,224126762
2024-07-18 09:39:19,130700.0,400,Sell,224126763
2024-07-18 09:39:24,130800.0,100,Buy,224126861
2024-07-18 09:39:25,130700.0,100,Sell,224126868
2024-07-18 09:39:26,130700.0,400,Sell,224126896
2024-07-18 09:39:29,130700.0,100,Sell,224126945
2024-07-18 09:39:30,130800.0,300,Buy,224126972
2024-07-18 09:39:34,130700.0,400,Sell,224127084
2024-07-18 09:39:37,130700.0,400,Sell,224127131
2024-07-18 09:39:40,130700.0,200,Sell,224127216
2024-07-18 09:39:43,130700.0,200,Sell,224127298
2024-07-18 09:39:43,130700.0,100,Sell,224127297
2024-07-18 09:39:43,130700.0,100,Sell,224127296
2024-07-18 09:39:43,130700.0,400,Sell,224127300
2024-07-18 09:39:43,130700.0,200,Sell,224127294
2024-07-18 09:39:43,130700.0,100,Sell,224127293
2024-07-18 09:39:43,130700.0,800,Sell,224127292
2024-07-18 09:39:43,130700.0,100,Sell,224127295
2024-07-18 09:39:43,130700.0,100,Sell,224127299
2024-07-18 09:39:50,130700.0,100,Sell,224127512
2024-07-18 09:39:52,130700.0,400,Sell,224127569
2024-07-18 09:39:52,130700.0,500,Sell,224127570
2024-07-18 09:39:52,130700.0,200,Sell,224127571
2024-07-18 09:39:52,130700.0,100,Sell,224127572
2024-07-18 09:39:52,130700.0,100,Sell,224127579
2024-07-18 09:39:57,130700.0,400,Sell,224127707
2024-07-18 09:40:01,130800.0,300,Buy,224127790
2024-07-18 09:40:13,130800.0,100,Buy,224128060
2024-07-18 09:40:18,130700.0,400,Sell,224128179
2024-07-18 09:40:18,130700.0,1300,Sell,224128162
2024-07-18 09:40:18,130700.0,200,Sell,224128160
2024-07-18 09:40:18,130700.0,200,Sell,224128159
2024-07-18 09:40:18,130700.0,200,Sell,224128161
2024-07-18 09:40:20,130700.0,100,Sell,224128245
2024-07-18 09:40:20,130700.0,200,Sell,224128253
2024-07-18 09:40:20,130700.0,100,Sell,224128254
2024-07-18 09:40:20,130700.0,500,Sell,224128255
2024-07-18 09:40:20,130700.0,1300,Sell,224128256
2024-07-18 09:40:22,130700.0,1700,Sell,224128327
2024-07-18 09:40:22,130700.0,2000,Sell,224128328
2024-07-18 09:40:24,130700.0,100,Buy,224128378
2024-07-18 09:40:30,130700.0,100,Buy,224128511
2024-07-18 09:40:32,130700.0,200,Buy,224128564
2024-07-18 09:40:37,130700.0,100,Buy,224128740
2024-07-18 09:40:37,130700.0,600,Buy,224128739
2024-07-18 09:40:37,130700.0,300,Buy,224128738
2024-07-18 09:40:40,130600.0,400,Sell,224128805
2024-07-18 09:40:43,130700.0,100,Buy,224128877
2024-07-18 09:40:43,130700.0,100,Buy,224128882
2024-07-18 09:40:54,130700.0,700,Buy,224129223
2024-07-18 09:40:54,130700.0,2100,Buy,224129224
2024-07-18 09:40:54,130700.0,1000,Buy,224129225
2024-07-18 09:40:54,130700.0,1200,Buy,224129226
2024-07-18 09:40:56,130700.0,2700,Buy,224129268
2024-07-18 09:40:56,130700.0,1000,Buy,224129272
2024-07-18 09:40:57,130700.0,1000,Sell,224129308
2024-07-18 09:41:00,130700.0,400,Sell,224129425
2024-07-18 09:41:07,130800.0,100,Buy,224129594
2024-07-18 09:41:09,130700.0,2000,Sell,224129650
2024-07-18 09:41:09,130700.0,600,Sell,224129653
2024-07-18 09:41:09,130700.0,1800,Sell,224129649
2024-07-18 09:41:09,130700.0,300,Sell,224129651
2024-07-18 09:41:09,130700.0,300,Sell,224129652
2024-07-18 09:41:14,130700.0,100,Sell,224129754
2024-07-18 09:41:17,130700.0,200,Sell,224129817
2024-07-18 09:41:22,130700.0,400,Sell,224129929
2024-07-18 09:41:25,130700.0,100,Sell,224130025
2024-07-18 09:41:27,130700.0,700,Sell,224130099
2024-07-18 09:41:27,130700.0,700,Sell,224130100
2024-07-18 09:41:27,130700.0,200,Sell,224130101
2024-07-18 09:41:27,130700.0,300,Sell,224130102
2024-07-18 09:41:27,130700.0,200,Sell,224130103
2024-07-18 09:41:30,130700.0,600,Sell,224130186
2024-07-18 09:41:33,130700.0,2000,Sell,224130312
2024-07-18 09:41:33,130700.0,400,Sell,224130309
2024-07-18 09:41:33,130700.0,200,Sell,224130310
2024-07-18 09:41:33,130700.0,1000,Sell,224130311
2024-07-18 09:41:41,130600.0,200,Sell,224130528
2024-07-18 09:41:42,130700.0,100,Buy,224130558
2024-07-18 09:41:43,130600.0,400,Sell,224130604
2024-07-18 09:42:00,130700.0,400,Buy,224130948
2024-07-18 09:42:00,130700.0,200,Buy,224130949
2024-07-18 09:42:04,130600.0,400,Sell,224131050
2024-07-18 09:42:05,130600.0,100,Sell,224131096
2024-07-18 09:42:05,130700.0,100,Buy,224131093
2024-07-18 09:42:05,130700.0,200,Buy,224131094
2024-07-18 09:42:08,130600.0,100,Sell,224131159
2024-07-18 09:42:12,130700.0,300,Buy,224131289
2024-07-18 09:42:13,130700.0,100,Buy,224131311
2024-07-18 09:42:13,130700.0,100,Buy,224131312
2024-07-18 09:42:24,130600.0,400,Sell,224131709
2024-07-18 09:42:26,130600.0,100,Sell,224131757
2024-07-18 09:42:26,130600.0,100,Sell,224131758
2024-07-18 09:42:26,130600.0,2000,Sell,224131759
2024-07-18 09:42:26,130600.0,100,Sell,224131760
2024-07-18 09:42:26,130600.0,500,Sell,224131761
2024-07-18 09:42:26,130600.0,100,Sell,224131756
2024-07-18 09:42:26,130600.0,100,Sell,224131764
2024-07-18 09:42:26,130600.0,200,Sell,224131766
2024-07-18 09:42:26,130600.0,200,Sell,224131767
2024-07-18 09:42:26,130600.0,300,Sell,224131768
2024-07-18 09:42:26,130600.0,100,Sell,224131769
2024-07-18 09:42:26,130600.0,100,Sell,224131762
2024-07-18 09:42:26,130600.0,100,Sell,224131755
2024-07-18 09:42:26,130600.0,2000,Sell,224131765
2024-07-18 09:42:26,130600.0,100,Sell,224131753
2024-07-18 09:42:26,130600.0,100,Sell,224131754
2024-07-18 09:42:26,130600.0,8000,Sell,224131739
2024-07-18 09:42:26,130600.0,100,Sell,224131740
2024-07-18 09:42:26,130600.0,1000,Sell,224131741
2024-07-18 09:42:26,130600.0,200,Sell,224131742
2024-07-18 09:42:26,130600.0,500,Sell,224131743
2024-07-18 09:42:26,130600.0,5000,Sell,224131744
2024-07-18 09:42:26,130600.0,2000,Sell,224131763
2024-07-18 09:42:26,130600.0,200,Sell,224131745
2024-07-18 09:42:26,130600.0,100,Sell,224131751
2024-07-18 09:42:26,130600.0,100,Sell,224131750
2024-07-18 09:42:26,130600.0,200,Sell,224131752
2024-07-18 09:42:26,130600.0,400,Sell,224131746
2024-07-18 09:42:26,130600.0,100,Sell,224131747
2024-07-18 09:42:37,130600.0,100,Buy,224131992
2024-07-18 09:42:37,130600.0,1000,Buy,224131993
2024-07-18 09:42:37,130600.0,100,Buy,224131997
2024-07-18 09:42:40,130600.0,100,Buy,224132048
2024-07-18 09:42:41,130600.0,200,Buy,224132062
2024-07-18 09:42:42,130600.0,300,Buy,224132089
2024-07-18 09:42:45,130500.0,400,Sell,224132179
2024-07-18 09:43:00,130500.0,100,Sell,224132577
2024-07-18 09:43:02,130500.0,100,Sell,224132638
2024-07-18 09:43:04,130500.0,200,Sell,224132697
2024-07-18 09:43:05,130500.0,200,Sell,224132708
2024-07-18 09:43:05,130500.0,1000,Sell,224132709
2024-07-18 09:43:06,130500.0,400,Sell,224132728
2024-07-18 09:43:28,130500.0,400,Sell,224133154
2024-07-18 09:43:34,130500.0,200,Sell,224133277
2024-07-18 09:43:44,130600.0,100,Buy,224133490
2024-07-18 09:43:44,130600.0,1000,Buy,224133491
2024-07-18 09:43:44,130600.0,200,Buy,224133492
2024-07-18 09:43:44,130600.0,200,Buy,224133487
2024-07-18 09:43:44,130600.0,1300,Buy,224133489
2024-07-18 09:43:44,130600.0,400,Buy,224133488
2024-07-18 09:43:44,130600.0,4100,Buy,224133479
2024-07-18 09:43:45,130600.0,100,Sell,224133512
2024-07-18 09:43:49,130600.0,100,Sell,224133603
2024-07-18 09:43:49,130500.0,200,Sell,224133604
2024-07-18 09:43:49,130500.0,100,Sell,224133605
2024-07-18 09:43:54,130500.0,200,Sell,224133686
2024-07-18 09:44:04,130500.0,200,Sell,224133882
2024-07-18 09:44:05,130500.0,500,Sell,224133912
2024-07-18 09:44:08,130500.0,500,Sell,224133965
2024-07-18 09:44:08,130500.0,100,Sell,224133978
2024-07-18 09:44:10,130500.0,400,Sell,224134009
2024-07-18 09:44:13,130500.0,200,Sell,224134090
2024-07-18 09:44:13,130500.0,200,Sell,224134089
2024-07-18 09:44:13,130600.0,1300,Buy,224134084
2024-07-18 09:44:13,130500.0,100,Sell,224134088
2024-07-18 09:44:13,130500.0,100,Sell,224134087
2024-07-18 09:44:27,130600.0,300,Buy,224134321
2024-07-18 09:44:30,130500.0,100,Sell,224134375
2024-07-18 09:44:30,130500.0,300,Sell,224134376
2024-07-18 09:44:31,130600.0,1000,Buy,224134383
2024-07-18 09:44:33,130600.0,500,Buy,224134416
2024-07-18 09:44:35,130500.0,100,Sell,224134453
2024-07-18 09:44:38,130600.0,100,Buy,224134520
2024-07-18 09:44:39,130600.0,300,Buy,224134539
2024-07-18 09:44:39,130600.0,100,Buy,224134540
2024-07-18 09:44:41,130500.0,1400,Sell,224134590
2024-07-18 09:44:41,130500.0,100,Sell,224134589
2024-07-18 09:44:50,130500.0,300,Sell,224134774
2024-07-18 09:44:51,130500.0,100,Sell,224134791
2024-07-18 09:44:51,130500.0,300,Sell,224134790
2024-07-18 09:44:52,130500.0,100,Sell,224134861
2024-07-18 09:44:52,130500.0,1200,Sell,224134862
2024-07-18 09:44:52,130500.0,100,Sell,224134863
2024-07-18 09:44:52,130500.0,1000,Sell,224134864
2024-07-18 09:44:52,130500.0,100,Sell,224134865
2024-07-18 09:44:52,130500.0,200,Sell,224134866
2024-07-18 09:44:52,130500.0,2000,Sell,224134867
2024-07-18 09:44:52,130500.0,100,Sell,224134868
2024-07-18 09:44:52,130500.0,100,Sell,224134869
2024-07-18 09:44:52,130500.0,100,Sell,224134870
2024-07-18 09:44:52,130500.0,200,Sell,224134871
2024-07-18 09:44:52,130500.0,3000,Sell,224134872
2024-07-18 09:44:52,130500.0,400,Sell,224134873
2024-07-18 09:44:52,130500.0,2000,Sell,224134874
2024-07-18 09:44:52,130500.0,100,Sell,224134875
2024-07-18 09:44:52,130500.0,300,Sell,224134876
2024-07-18 09:44:52,130500.0,400,Sell,224134877
2024-07-18 09:44:52,130500.0,900,Sell,224134878
2024-07-18 09:44:52,130500.0,100,Sell,224134879
2024-07-18 09:44:52,130500.0,100,Sell,224134881
2024-07-18 09:44:52,130500.0,100,Sell,224134882
2024-07-18 09:44:52,130500.0,100,Sell,224134883
2024-07-18 09:44:52,130500.0,500,Sell,224134884
2024-07-18 09:44:52,130500.0,100,Sell,224134885
2024-07-18 09:44:52,130500.0,100,Sell,224134886
2024-07-18 09:44:52,130500.0,200,Sell,224134887
2024-07-18 09:44:52,130500.0,4500,Sell,224134888
2024-07-18 09:44:52,130500.0,2000,Sell,224134860
2024-07-18 09:44:52,130500.0,1000,Sell,224134859
2024-07-18 09:44:52,130500.0,1000,Sell,224134880
2024-07-18 09:44:52,130500.0,200,Sell,224134857
2024-07-18 09:44:52,130500.0,100,Sell,224134816
2024-07-18 09:44:52,130500.0,100,Sell,224134817
2024-07-18 09:44:52,130500.0,1600,Sell,224134818
2024-07-18 09:44:52,130500.0,400,Sell,224134819
2024-07-18 09:44:52,130500.0,500,Sell,224134820
2024-07-18 09:44:52,130500.0,100,Sell,224134821
2024-07-18 09:44:52,130500.0,100,Sell,224134822
2024-07-18 09:44:52,130500.0,200,Sell,224134823
2024-07-18 09:44:52,130500.0,100,Sell,224134824
2024-07-18 09:44:52,130500.0,1000,Sell,224134825
2024-07-18 09:44:52,130500.0,200,Sell,224134826
2024-07-18 09:44:52,130500.0,300,Sell,224134827
2024-07-18 09:44:52,130500.0,100,Sell,224134829
2024-07-18 09:44:52,130500.0,200,Sell,224134830
2024-07-18 09:44:52,130500.0,100,Sell,224134828
2024-07-18 09:44:52,130500.0,100,Sell,224134836
2024-07-18 09:44:52,130500.0,100,Sell,224134856
2024-07-18 09:44:52,130500.0,100,Sell,224134855
2024-07-18 09:44:52,130500.0,100,Sell,224134854
2024-07-18 09:44:52,130500.0,200,Sell,224134853
2024-07-18 09:44:52,130500.0,100,Sell,224134835
2024-07-18 09:44:52,130500.0,100,Sell,224134844
2024-07-18 09:44:52,130500.0,100,Sell,224134845
2024-07-18 09:44:52,130500.0,100,Sell,224134842
2024-07-18 09:44:52,130500.0,100,Sell,224134841
2024-07-18 09:44:52,130500.0,100,Sell,224134839
2024-07-18 09:44:52,130500.0,100,Sell,224134838
2024-07-18 09:44:52,130500.0,100,Sell,224134837
2024-07-18 09:44:52,130500.0,1000,Sell,224134843
2024-07-18 09:44:52,130500.0,200,Sell,224134858
2024-07-18 09:44:58,130500.0,500,Sell,224135060
2024-07-18 09:44:58,130500.0,100,Sell,224135061
2024-07-18 09:44:58,130500.0,400,Sell,224135062
2024-07-18 09:44:59,130500.0,1000,Sell,224135073
2024-07-18 09:44:59,130500.0,800,Sell,224135074
2024-07-18 09:44:59,130500.0,200,Sell,224135072
2024-07-18 09:44:59,130500.0,1000,Sell,224135070
2024-07-18 09:44:59,130500.0,500,Sell,224135069
2024-07-18 09:44:59,130500.0,300,Sell,224135068
2024-07-18 09:44:59,130500.0,300,Sell,224135071
2024-07-18 09:45:00,130500.0,100,Buy,224135097
2024-07-18 09:45:02,130400.0,100,Sell,224135123
2024-07-18 09:45:07,130500.0,500,Buy,224135269
2024-07-18 09:45:09,130500.0,1000,Buy,224135340
2024-07-18 09:45:22,130500.0,100,Buy,224135656
2024-07-18 09:45:28,130400.0,7200,Sell,224135765
2024-07-18 09:45:28,130400.0,100,Sell,224135763
2024-07-18 09:45:28,130400.0,1000,Sell,224135764
2024-07-18 09:45:28,130400.0,100,Sell,224135761
2024-07-18 09:45:28,130400.0,1500,Sell,224135760
2024-07-18 09:45:28,130400.0,100,Sell,224135762
2024-07-18 09:45:31,130500.0,400,Buy,224135865
2024-07-18 09:45:33,130400.0,100,Sell,224135949
2024-07-18 09:45:33,130400.0,200,Sell,224135942
2024-07-18 09:45:33,130400.0,100,Sell,224135943
2024-07-18 09:45:33,130400.0,100,Sell,224135944
2024-07-18 09:45:33,130400.0,100,Sell,224135945
2024-07-18 09:45:33,130400.0,100,Sell,224135941
2024-07-18 09:45:33,130400.0,200,Sell,224135946
2024-07-18 09:45:33,130400.0,1000,Sell,224135947
2024-07-18 09:45:33,130400.0,100,Sell,224135948
2024-07-18 09:45:33,130400.0,100,Sell,224135950
2024-07-18 09:45:33,130400.0,1000,Sell,224135958
2024-07-18 09:45:33,130400.0,2000,Sell,224135952
2024-07-18 09:45:33,130400.0,100,Sell,224135953
2024-07-18 09:45:33,130400.0,2000,Sell,224135954
2024-07-18 09:45:33,130400.0,200,Sell,224135955
2024-07-18 09:45:33,130400.0,100,Sell,224135956
2024-07-18 09:45:33,130400.0,20000,Sell,224135957
2024-07-18 09:45:33,130400.0,100,Sell,224135959
2024-07-18 09:45:33,130400.0,100,Sell,224135960
2024-07-18 09:45:33,130400.0,100,Sell,224135961
2024-07-18 09:45:33,130400.0,100,Sell,224135962
2024-07-18 09:45:33,130400.0,200,Sell,224135951
2024-07-18 09:45:33,130400.0,100,Sell,224135940
2024-07-18 09:45:33,130400.0,600,Sell,224135933
2024-07-18 09:45:33,130400.0,100,Sell,224135938
2024-07-18 09:45:33,130400.0,500,Sell,224135903
2024-07-18 09:45:33,130400.0,2300,Sell,224135914
2024-07-18 09:45:33,130400.0,100,Sell,224135915
2024-07-18 09:45:33,130400.0,200,Sell,224135916
2024-07-18 09:45:33,130400.0,200,Sell,224135917
2024-07-18 09:45:33,130400.0,100,Sell,224135918
2024-07-18 09:45:33,130400.0,100,Sell,224135919
2024-07-18 09:45:33,130400.0,100,Sell,224135920
2024-07-18 09:45:33,130400.0,200,Sell,224135924
2024-07-18 09:45:33,130400.0,100,Sell,224135925
2024-07-18 09:45:33,130400.0,100,Sell,224135939
2024-07-18 09:45:33,130400.0,1000,Sell,224135927
2024-07-18 09:45:33,130400.0,100,Sell,224135928
2024-07-18 09:45:33,130400.0,200,Sell,224135929
2024-07-18 09:45:33,130400.0,200,Sell,224135930
2024-07-18 09:45:33,130400.0,100,Sell,224135931
2024-07-18 09:45:33,130400.0,100,Sell,224135932
2024-07-18 09:45:33,130400.0,1000,Sell,224135934
2024-07-18 09:45:33,130400.0,100,Sell,224135935
2024-07-18 09:45:33,130400.0,200,Sell,224135936
2024-07-18 09:45:33,130400.0,200,Sell,224135937
2024-07-18 09:45:33,130400.0,200,Sell,224135926
2024-07-18 09:45:35,130400.0,200,Buy,224135984
2024-07-18 09:45:39,130300.0,100,Sell,224136051
2024-07-18 09:45:40,130300.0,200,Sell,224136052
2024-07-18 09:45:40,130300.0,9700,Sell,224136053
2024-07-18 09:45:42,130400.0,500,Buy,224136085
2024-07-18 09:45:42,130400.0,100,Buy,224136095
2024-07-18 09:45:46,130400.0,2600,Buy,224136210
2024-07-18 09:45:51,130400.0,100,Buy,224136315
2024-07-18 09:45:52,130400.0,100,Buy,224136346
2024-07-18 09:45:54,130300.0,100,Sell,224136427
2024-07-18 09:45:54,130300.0,1000,Sell,224136426
2024-07-18 09:45:54,130300.0,200,Sell,224136425
2024-07-18 09:45:54,130300.0,100,Sell,224136424
2024-07-18 09:45:54,130300.0,100,Sell,224136420
2024-07-18 09:45:54,130300.0,100,Sell,224136419
2024-07-18 09:45:54,130300.0,200,Sell,224136418
2024-07-18 09:45:54,130300.0,100,Sell,224136417
2024-07-18 09:45:54,130300.0,200,Sell,224136416
2024-07-18 09:45:54,130300.0,100,Sell,224136415
2024-07-18 09:45:54,130300.0,1000,Sell,224136413
2024-07-18 09:45:54,130300.0,100,Sell,224136412
2024-07-18 09:45:54,130300.0,100,Sell,224136411
2024-07-18 09:45:54,130300.0,100,Sell,224136410
2024-07-18 09:45:54,130300.0,100,Sell,224136409
2024-07-18 09:45:54,130300.0,100,Sell,224136408
2024-07-18 09:45:54,130300.0,100,Sell,224136407
2024-07-18 09:45:54,130300.0,100,Sell,224136406
2024-07-18 09:45:54,130300.0,300,Sell,224136428
2024-07-18 09:45:54,130300.0,300,Sell,224136404
2024-07-18 09:45:54,130300.0,500,Sell,224136414
2024-07-18 09:45:54,130300.0,1000,Sell,224136405
2024-07-18 09:45:56,130300.0,100,Sell,224136458
2024-07-18 09:46:02,130300.0,700,Sell,224136634
2024-07-18 09:46:08,130400.0,200,Buy,224136883
2024-07-18 09:46:10,130300.0,100,Sell,224136928
2024-07-18 09:46:12,130300.0,100,Sell,224136959
2024-07-18 09:46:12,130300.0,300,Sell,224136960
2024-07-18 09:46:12,130300.0,100,Sell,224136961
2024-07-18 09:46:12,130300.0,500,Sell,224136962
2024-07-18 09:46:17,130300.0,200,Sell,224137093
2024-07-18 09:46:17,130300.0,200,Sell,224137092
2024-07-18 09:46:17,130300.0,700,Sell,224137090
2024-07-18 09:46:17,130300.0,500,Sell,224137089
2024-07-18 09:46:17,130300.0,200,Sell,224137091
2024-07-18 09:46:29,130300.0,100,Sell,224137399
2024-07-18 09:46:29,130300.0,3600,Sell,224137405
2024-07-18 09:46:29,130300.0,200,Sell,224137403
2024-07-18 09:46:29,130300.0,1000,Sell,224137402
2024-07-18 09:46:29,130300.0,1000,Sell,224137401
2024-07-18 09:46:29,130300.0,2000,Sell,224137400
2024-07-18 09:46:29,130300.0,500,Sell,224137398
2024-07-18 09:46:29,130300.0,100,Sell,224137404
2024-07-18 09:46:29,130300.0,100,Sell,224137396
2024-07-18 09:46:29,130300.0,500,Sell,224137395
2024-07-18 09:46:29,130300.0,100,Sell,224137394
2024-07-18 09:46:29,130300.0,100,Sell,224137393
2024-07-18 09:46:29,130300.0,100,Sell,224137392
2024-07-18 09:46:29,130300.0,200,Sell,224137391
2024-07-18 09:46:29,130300.0,300,Sell,224137390
2024-07-18 09:46:29,130300.0,100,Sell,224137397
2024-07-18 09:46:31,130300.0,100,Sell,224137437
2024-07-18 09:46:50,130300.0,100,Sell,224137905
2024-07-18 09:46:51,130300.0,100,Sell,224137922
2024-07-18 09:46:55,130300.0,1900,Sell,224137978
2024-07-18 09:46:59,130300.0,3100,Sell,224138051
2024-07-18 09:47:02,130300.0,500,Sell,224138126
2024-07-18 09:47:07,130300.0,500,Sell,224138267
2024-07-18 09:47:12,130300.0,1400,Sell,224138364
2024-07-18 09:47:15,130300.0,2000,Sell,224138424
2024-07-18 09:47:17,130300.0,200,Sell,224138456
2024-07-18 09:47:19,130300.0,1000,Sell,224138490
2024-07-18 09:47:21,130300.0,200,Sell,224138527
2024-07-18 09:47:21,130300.0,300,Sell,224138528
2024-07-18 09:47:21,130300.0,100,Sell,224138529
2024-07-18 09:47:21,130300.0,100,Sell,224138530
2024-07-18 09:47:21,130300.0,500,Sell,224138531
2024-07-18 09:47:21,130300.0,100,Sell,224138532
2024-07-18 09:47:21,130300.0,100,Sell,224138533
2024-07-18 09:47:21,130300.0,500,Sell,224138534
2024-07-18 09:47:24,130300.0,200,Sell,224138611
2024-07-18 09:47:28,130400.0,1000,Buy,224138659
2024-07-18 09:47:28,130400.0,100,Buy,224138660
2024-07-18 09:47:29,130300.0,200,Sell,224138674
2024-07-18 09:47:29,130300.0,100,Sell,224138673
2024-07-18 09:47:29,130300.0,200,Sell,224138670
2024-07-18 09:47:29,130300.0,100,Sell,224138671
2024-07-18 09:47:29,130300.0,800,Sell,224138669
2024-07-18 09:47:29,130300.0,100,Sell,224138672
2024-07-18 09:47:31,130300.0,200,Sell,224138726
2024-07-18 09:47:31,130300.0,300,Sell,224138727
2024-07-18 09:47:31,130300.0,100,Sell,224138728
2024-07-18 09:47:31,130300.0,100,Sell,224138729
2024-07-18 09:47:31,130300.0,100,Sell,224138730
2024-07-18 09:47:31,130300.0,500,Sell,224138731
2024-07-18 09:47:31,130300.0,600,Sell,224138732
2024-07-18 09:47:34,130400.0,1500,Buy,224138778
2024-07-18 09:47:37,130400.0,100,Buy,224138833
2024-07-18 09:47:40,130300.0,300,Sell,224138909
2024-07-18 09:47:40,130300.0,100,Sell,224138908
2024-07-18 09:47:40,130300.0,100,Sell,224138907
2024-07-18 09:47:40,130300.0,100,Sell,224138905
2024-07-18 09:47:40,130300.0,400,Sell,224138904
2024-07-18 09:47:40,130300.0,900,Sell,224138903
2024-07-18 09:47:40,130300.0,100,Sell,224138906
2024-07-18 09:47:41,130400.0,400,Buy,224138912
2024-07-18 09:47:44,130300.0,100,Sell,224139011
2024-07-18 09:47:45,130300.0,100,Sell,224139053
2024-07-18 09:47:48,130300.0,1200,Sell,224139123
2024-07-18 09:47:51,130400.0,100,Buy,224139191
2024-07-18 09:48:02,130200.0,100,Sell,224139361
2024-07-18 09:48:02,130200.0,6800,Sell,224139363
2024-07-18 09:48:02,130200.0,100,Sell,224139362
2024-07-18 09:48:02,130200.0,100,Sell,224139360
2024-07-18 09:48:02,130300.0,100,Sell,224139349
2024-07-18 09:48:02,130300.0,100,Sell,224139348
2024-07-18 09:48:02,130300.0,1000,Sell,224139347
2024-07-18 09:48:02,130300.0,300,Sell,224139346
2024-07-18 09:48:02,130300.0,900,Sell,224139359
2024-07-18 09:48:09,130300.0,500,Sell,224139502
2024-07-18 09:48:11,130300.0,500,Sell,224139554
2024-07-18 09:48:15,130200.0,300,Sell,224139697
2024-07-18 09:48:20,130200.0,100,Sell,224139839
2024-07-18 09:48:20,130200.0,1000,Sell,224139843
2024-07-18 09:48:20,130200.0,500,Sell,224139842
2024-07-18 09:48:20,130200.0,100,Sell,224139841
2024-07-18 09:48:20,130200.0,100,Sell,224139840
2024-07-18 09:48:20,130200.0,400,Sell,224139836
2024-07-18 09:48:20,130200.0,200,Sell,224139837
2024-07-18 09:48:20,130200.0,2900,Sell,224139835
2024-07-18 09:48:20,130300.0,100,Sell,224139834
2024-07-18 09:48:20,130300.0,4500,Sell,224139833
2024-07-18 09:48:20,130200.0,100,Sell,224139838
2024-07-18 09:48:38,130200.0,100,Sell,224140207
2024-07-18 09:48:44,130200.0,200,Sell,224140338
2024-07-18 09:48:44,130200.0,100,Sell,224140337
2024-07-18 09:48:44,130200.0,100,Sell,224140340
2024-07-18 09:48:44,130200.0,600,Sell,224140341
2024-07-18 09:48:44,130200.0,100,Sell,224140339
2024-07-18 09:48:44,130200.0,500,Sell,224140336
2024-07-18 09:48:44,130200.0,500,Sell,224140333
2024-07-18 09:48:44,130200.0,200,Sell,224140334
2024-07-18 09:48:44,130200.0,100,Sell,224140329
2024-07-18 09:48:44,130200.0,100,Sell,224140330
2024-07-18 09:48:44,130200.0,200,Sell,224140335
2024-07-18 09:48:44,130200.0,100,Sell,224140332
2024-07-18 09:48:44,130200.0,700,Sell,224140331
2024-07-18 09:48:46,130200.0,400,Sell,224140368
2024-07-18 09:48:46,130200.0,100,Sell,224140369
2024-07-18 09:48:47,130300.0,100,Buy,224140392
2024-07-18 09:48:47,130300.0,400,Buy,224140393
2024-07-18 09:48:56,130200.0,200,Sell,224140576
2024-07-18 09:48:56,130200.0,100,Sell,224140577
2024-07-18 09:48:56,130200.0,100,Sell,224140578
2024-07-18 09:48:59,130200.0,100,Sell,224140658
2024-07-18 09:48:59,130200.0,100,Sell,224140659
2024-07-18 09:49:01,130300.0,100,Buy,224140721
2024-07-18 09:49:01,130300.0,100,Buy,224140722
2024-07-18 09:49:01,130300.0,200,Buy,224140720
2024-07-18 09:49:02,130300.0,200,Buy,224140749
2024-07-18 09:49:07,130200.0,200,Sell,224140849
2024-07-18 09:49:07,130300.0,100,Buy,224140853
2024-07-18 09:49:19,130300.0,100,Buy,224141144
2024-07-18 09:49:20,130200.0,100,Sell,224141160
2024-07-18 09:49:24,130300.0,100,Buy,224141232
2024-07-18 09:49:31,130300.0,100,Buy,224141346
2024-07-18 09:49:39,130200.0,100,Sell,224141517
2024-07-18 09:49:50,130200.0,100,Sell,224141757
2024-07-18 09:49:50,130200.0,500,Sell,224141758
2024-07-18 09:49:50,130200.0,400,Sell,224141756
2024-07-18 09:49:57,130200.0,100,Sell,224141908
2024-07-18 09:49:57,130200.0,300,Sell,224141907
2024-07-18 09:49:57,130200.0,100,Sell,224141906
2024-07-18 09:49:57,130200.0,200,Sell,224141905
2024-07-18 09:49:57,130200.0,100,Sell,224141904
2024-07-18 09:49:57,130200.0,200,Sell,224141902
2024-07-18 09:49:57,130200.0,200,Sell,224141903
2024-07-18 09:49:57,130200.0,500,Sell,224141900
2024-07-18 09:49:57,130200.0,100,Sell,224141899
2024-07-18 09:49:57,130200.0,1000,Sell,224141898
2024-07-18 09:49:57,130200.0,500,Sell,224141897
2024-07-18 09:49:57,130200.0,1000,Sell,224141896
2024-07-18 09:49:57,130200.0,100,Sell,224141895
2024-07-18 09:49:57,130200.0,500,Sell,224141894
2024-07-18 09:49:57,130200.0,100,Sell,224141901
2024-07-18 09:50:11,130200.0,100,Sell,224142192
2024-07-18 09:50:18,130200.0,900,Sell,224142370
2024-07-18 09:50:18,130200.0,1000,Sell,224142369
2024-07-18 09:50:18,130200.0,100,Sell,224142368
2024-07-18 09:50:18,130200.0,500,Sell,224142366
2024-07-18 09:50:18,130200.0,200,Sell,224142367
2024-07-18 09:50:18,130200.0,100,Sell,224142364
2024-07-18 09:50:18,130200.0,100,Sell,224142361
2024-07-18 09:50:18,130200.0,1000,Sell,224142365
2024-07-18 09:50:18,130200.0,1000,Sell,224142363
2024-07-18 09:50:18,130200.0,100,Sell,224142362
2024-07-18 09:50:23,130200.0,100,Sell,224142494
2024-07-18 09:50:23,130200.0,1000,Sell,224142495
2024-07-18 09:50:23,130200.0,300,Sell,224142496
2024-07-18 09:50:23,130200.0,100,Sell,224142497
2024-07-18 09:50:23,130200.0,200,Sell,224142499
2024-07-18 09:50:23,130200.0,100,Sell,224142498
2024-07-18 09:50:30,130200.0,100,Buy,224142659
2024-07-18 09:50:34,130100.0,100,Sell,224142758
2024-07-18 09:50:34,130200.0,100,Buy,224142752
2024-07-18 09:50:34,130100.0,400,Sell,224142755
2024-07-18 09:50:34,130100.0,500,Sell,224142756
2024-07-18 09:50:34,130100.0,500,Sell,224142757
2024-07-18 09:50:35,130200.0,100,Buy,224142769
2024-07-18 09:50:35,130200.0,100,Buy,224142762
2024-07-18 09:50:35,130200.0,500,Buy,224142766
2024-07-18 09:50:37,130100.0,100,Sell,224142827
2024-07-18 09:50:38,130200.0,100,Buy,224142843
2024-07-18 09:50:41,130200.0,100,Buy,224142918
2024-07-18 09:50:41,130200.0,2900,Buy,224142919
2024-07-18 09:50:45,130200.0,300,Buy,224143111
2024-07-18 09:50:48,130200.0,200,Buy,224143145
2024-07-18 09:50:49,130200.0,100,Buy,224143188
2024-07-18 09:50:49,130200.0,600,Buy,224143187
2024-07-18 09:50:52,130300.0,100,Buy,224143259
2024-07-18 09:50:52,130300.0,500,Buy,224143260
2024-07-18 09:50:52,130300.0,300,Buy,224143261
2024-07-18 09:50:52,130300.0,500,Buy,224143262
2024-07-18 09:50:52,130300.0,600,Buy,224143258
2024-07-18 09:50:55,130200.0,100,Sell,224143325
2024-07-18 09:50:59,130200.0,1000,Sell,224143426
2024-07-18 09:51:02,130200.0,1500,Sell,224143473
2024-07-18 09:51:06,130200.0,200,Sell,224143555
2024-07-18 09:51:06,130200.0,300,Sell,224143554
2024-07-18 09:51:06,130200.0,100,Sell,224143551
2024-07-18 09:51:06,130200.0,400,Sell,224143552
2024-07-18 09:51:06,130200.0,1700,Sell,224143550
2024-07-18 09:51:06,130200.0,200,Sell,224143553
2024-07-18 09:51:10,130200.0,100,Buy,224143670
2024-07-18 09:51:13,130200.0,100,Buy,224143746
2024-07-18 09:51:21,130100.0,600,Sell,224143964
2024-07-18 09:51:21,130100.0,200,Sell,224143963
2024-07-18 09:51:21,130100.0,100,Sell,224143962
2024-07-18 09:51:21,130100.0,200,Sell,224143961
2024-07-18 09:51:21,130100.0,100,Sell,224143960
2024-07-18 09:51:21,130100.0,3000,Sell,224143959
2024-07-18 09:51:21,130100.0,100,Sell,224143957
2024-07-18 09:51:21,130100.0,200,Sell,224143956
2024-07-18 09:51:21,130100.0,500,Sell,224143958
2024-07-18 09:51:21,130100.0,100,Sell,224143954
2024-07-18 09:51:21,130100.0,100,Sell,224143953
2024-07-18 09:51:21,130100.0,100,Sell,224143952
2024-07-18 09:51:21,130100.0,1000,Sell,224143951
2024-07-18 09:51:21,130100.0,100,Sell,224143950
2024-07-18 09:51:21,130100.0,100,Sell,224143949
2024-07-18 09:51:21,130100.0,2000,Sell,224143948
2024-07-18 09:51:21,130100.0,100,Sell,224143947
2024-07-18 09:51:21,130100.0,400,Sell,224143946
2024-07-18 09:51:21,130100.0,1000,Sell,224143955
2024-07-18 09:51:25,130100.0,1000,Sell,224144069
2024-07-18 09:51:27,130100.0,100,Sell,224144104
2024-07-18 09:51:27,130100.0,1000,Sell,224144105
2024-07-18 09:51:27,130100.0,1000,Sell,224144106
2024-07-18 09:51:27,130100.0,500,Sell,224144107
2024-07-18 09:51:27,130100.0,400,Sell,224144103
2024-07-18 09:51:28,130200.0,500,Buy,224144118
2024-07-18 09:51:34,130200.0,500,Buy,224144210
2024-07-18 09:51:40,130100.0,1300,Sell,224144364
2024-07-18 09:51:40,130100.0,300,Sell,224144363
2024-07-18 09:51:40,130100.0,100,Sell,224144361
2024-07-18 09:51:40,130100.0,100,Sell,224144362
2024-07-18 09:51:40,130100.0,100,Sell,224144360
2024-07-18 09:51:43,130200.0,200,Buy,224144423
2024-07-18 09:51:44,130100.0,200,Sell,224144437
2024-07-18 09:51:50,130100.0,100,Sell,224144550
2024-07-18 09:51:50,130100.0,100,Sell,224144549
2024-07-18 09:51:50,130100.0,500,Sell,224144548
2024-07-18 09:51:50,130100.0,100,Sell,224144546
2024-07-18 09:51:50,130100.0,100,Sell,224144545
2024-07-18 09:51:50,130100.0,100,Sell,224144544
2024-07-18 09:51:50,130100.0,500,Sell,224144547
2024-07-18 09:51:50,130100.0,500,Sell,224144542
2024-07-18 09:51:50,130100.0,200,Sell,224144541
2024-07-18 09:51:50,130100.0,100,Sell,224144540
2024-07-18 09:51:50,130100.0,100,Sell,224144539
2024-07-18 09:51:50,130100.0,100,Sell,224144538
2024-07-18 09:51:50,130100.0,100,Sell,224144536
2024-07-18 09:51:50,130100.0,100,Sell,224144551
2024-07-18 09:51:50,130100.0,500,Sell,224144543
2024-07-18 09:51:56,130100.0,900,Sell,224144701
2024-07-18 09:51:56,130100.0,100,Sell,224144702
2024-07-18 09:52:08,130100.0,100,Sell,224144980
2024-07-18 09:52:08,130100.0,500,Sell,224144981
2024-07-18 09:52:08,130100.0,300,Sell,224144982
2024-07-18 09:52:08,130100.0,100,Sell,224144983
2024-07-18 09:52:10,130100.0,500,Sell,224145031
2024-07-18 09:52:10,130100.0,100,Sell,224145027
2024-07-18 09:52:10,130100.0,400,Sell,224145024
2024-07-18 09:52:10,130100.0,200,Sell,224145025
2024-07-18 09:52:10,130100.0,100,Sell,224145026
2024-07-18 09:52:24,130000.0,100,Sell,224145363
2024-07-18 09:52:24,130000.0,100,Sell,224145362
2024-07-18 09:52:24,130000.0,100,Sell,224145361
2024-07-18 09:52:24,130000.0,200,Sell,224145360
2024-07-18 09:52:24,130000.0,100,Sell,224145364
2024-07-18 09:52:24,130000.0,100,Sell,224145358
2024-07-18 09:52:24,130000.0,100,Sell,224145359
2024-07-18 09:52:24,130000.0,100,Sell,224145357
2024-07-18 09:52:24,130000.0,100,Sell,224145348
2024-07-18 09:52:24,130000.0,200,Sell,224145355
2024-07-18 09:52:24,130000.0,300,Sell,224145354
2024-07-18 09:52:24,130000.0,500,Sell,224145353
2024-07-18 09:52:24,130000.0,100,Sell,224145352
2024-07-18 09:52:24,130000.0,100,Sell,224145351
2024-07-18 09:52:24,130000.0,200,Sell,224145350
2024-07-18 09:52:24,130000.0,100,Sell,224145349
2024-07-18 09:52:24,130000.0,1000,Sell,224145365
2024-07-18 09:52:24,130000.0,200,Sell,224145356
2024-07-18 09:52:24,130000.0,200,Sell,224145366
2024-07-18 09:52:24,130000.0,100,Sell,224145383
2024-07-18 09:52:24,130000.0,100,Sell,224145368
2024-07-18 09:52:24,130000.0,300,Sell,224145387
2024-07-18 09:52:24,130000.0,100,Sell,224145386
2024-07-18 09:52:24,130000.0,100,Sell,224145385
2024-07-18 09:52:24,130000.0,100,Sell,224145384
2024-07-18 09:52:24,130000.0,100,Sell,224145382
2024-07-18 09:52:24,130000.0,200,Sell,224145379
2024-07-18 09:52:24,130000.0,100,Sell,224145378
2024-07-18 09:52:24,130000.0,100,Sell,224145367
2024-07-18 09:52:24,130000.0,300,Sell,224145377
2024-07-18 09:52:24,130000.0,100,Sell,224145375
2024-07-18 09:52:24,130000.0,100,Sell,224145374
2024-07-18 09:52:24,130000.0,5000,Sell,224145373
2024-07-18 09:52:24,130000.0,1000,Sell,224145372
2024-07-18 09:52:24,130000.0,100,Sell,224145371
2024-07-18 09:52:24,130000.0,100,Sell,224145370
2024-07-18 09:52:24,130000.0,100,Sell,224145369
2024-07-18 09:52:24,130000.0,500,Sell,224145376
2024-07-18 09:52:24,130000.0,200,Sell,224145347
2024-07-18 09:52:24,130100.0,200,Sell,224145311
2024-07-18 09:52:24,130000.0,100,Sell,224145345
2024-07-18 09:52:24,130000.0,100,Sell,224145323
2024-07-18 09:52:24,130000.0,500,Sell,224145322
2024-07-18 09:52:24,130000.0,500,Sell,224145321
2024-07-18 09:52:24,130000.0,100,Sell,224145320
2024-07-18 09:52:24,130000.0,500,Sell,224145319
2024-07-18 09:52:24,130000.0,300,Sell,224145318
2024-07-18 09:52:24,130000.0,400,Sell,224145317
2024-07-18 09:52:24,130000.0,200,Sell,224145324
2024-07-18 09:52:24,130000.0,100,Sell,224145316
2024-07-18 09:52:24,130000.0,500,Sell,224145314
2024-07-18 09:52:24,130000.0,300,Sell,224145313
2024-07-18 09:52:24,130000.0,200,Sell,224145312
2024-07-18 09:52:24,130100.0,100,Sell,224145310
2024-07-18 09:52:24,130000.0,100,Sell,224145346
2024-07-18 09:52:24,130100.0,100,Sell,224145308
2024-07-18 09:52:24,130100.0,400,Sell,224145307
2024-07-18 09:52:24,130000.0,500,Sell,224145315
2024-07-18 09:52:24,130000.0,1000,Sell,224145325
2024-07-18 09:52:24,130100.0,100,Sell,224145309
2024-07-18 09:52:24,130000.0,200,Sell,224145327
2024-07-18 09:52:24,130000.0,500,Sell,224145344
2024-07-18 09:52:24,130000.0,200,Sell,224145343
2024-07-18 09:52:24,130000.0,100,Sell,224145342
2024-07-18 09:52:24,130000.0,100,Sell,224145341
2024-07-18 09:52:24,130000.0,500,Sell,224145340
2024-07-18 09:52:24,130000.0,5000,Sell,224145338
2024-07-18 09:52:24,130000.0,100,Sell,224145337
2024-07-18 09:52:24,130000.0,100,Sell,224145336
2024-07-18 09:52:24,130000.0,100,Sell,224145339
2024-07-18 09:52:24,130000.0,1500,Sell,224145334
2024-07-18 09:52:24,130000.0,1000,Sell,224145333
2024-07-18 09:52:24,130000.0,100,Sell,224145332
2024-07-18 09:52:24,130000.0,200,Sell,224145331
2024-07-18 09:52:24,130000.0,100,Sell,224145330
2024-07-18 09:52:24,130000.0,200,Sell,224145329
2024-07-18 09:52:24,130000.0,200,Sell,224145328
2024-07-18 09:52:24,130000.0,300,Sell,224145335
2024-07-18 09:52:24,130000.0,500,Sell,224145326
2024-07-18 09:52:25,130100.0,100,Buy,224145420
2024-07-18 09:52:25,130000.0,200,Sell,224145402
2024-07-18 09:52:25,130000.0,100,Sell,224145403
2024-07-18 09:52:25,130000.0,100,Sell,224145404
2024-07-18 09:52:25,130000.0,100,Sell,224145405
2024-07-18 09:52:25,130000.0,400,Sell,224145406
2024-07-18 09:52:26,130100.0,500,Sell,224145446
2024-07-18 09:52:26,130100.0,1000,Sell,224145445
2024-07-18 09:52:30,130100.0,500,Sell,224145519
2024-07-18 09:52:31,130100.0,100,Sell,224145552
2024-07-18 09:52:34,130100.0,500,Sell,224145636
2024-07-18 09:52:36,130000.0,100,Sell,224145722
2024-07-18 09:52:36,130000.0,100,Sell,224145723
2024-07-18 09:52:36,130000.0,500,Sell,224145724
2024-07-18 09:52:36,130000.0,500,Sell,224145725
2024-07-18 09:52:36,130000.0,100,Sell,224145726
2024-07-18 09:52:36,130000.0,100,Sell,224145721
2024-07-18 09:52:36,130000.0,300,Sell,224145727
2024-07-18 09:52:36,130000.0,500,Sell,224145728
2024-07-18 09:52:36,130000.0,1000,Sell,224145729
2024-07-18 09:52:36,130000.0,100,Sell,224145731
2024-07-18 09:52:36,130000.0,100,Sell,224145732
2024-07-18 09:52:36,130000.0,200,Sell,224145733
2024-07-18 09:52:36,130000.0,100,Sell,224145734
2024-07-18 09:52:36,130000.0,100,Sell,224145735
2024-07-18 09:52:36,130000.0,100,Sell,224145736
2024-07-18 09:52:36,130000.0,500,Sell,224145737
2024-07-18 09:52:36,130000.0,300,Sell,224145738
2024-07-18 09:52:36,130000.0,100,Sell,224145739
2024-07-18 09:52:36,130000.0,100,Sell,224145740
2024-07-18 09:52:36,130000.0,300,Sell,224145730
2024-07-18 09:52:36,130000.0,100,Sell,224145720
2024-07-18 09:52:36,130000.0,100,Sell,224145712
2024-07-18 09:52:36,130000.0,200,Sell,224145718
2024-07-18 09:52:36,130000.0,100,Sell,224145719
2024-07-18 09:52:36,130100.0,1300,Sell,224145698
2024-07-18 09:52:36,130100.0,100,Sell,224145699
2024-07-18 09:52:36,130000.0,100,Sell,224145700
2024-07-18 09:52:36,130000.0,2000,Sell,224145701
2024-07-18 09:52:36,130000.0,200,Sell,224145702
2024-07-18 09:52:36,130000.0,200,Sell,224145703
2024-07-18 09:52:36,130000.0,100,Sell,224145704
2024-07-18 09:52:36,130000.0,200,Sell,224145705
2024-07-18 09:52:36,130000.0,500,Sell,224145706
2024-07-18 09:52:36,130000.0,500,Sell,224145717
2024-07-18 09:52:36,130000.0,200,Sell,224145716
2024-07-18 09:52:36,130000.0,100,Sell,224145715
2024-07-18 09:52:36,130000.0,200,Sell,224145714
2024-07-18 09:52:36,130000.0,100,Sell,224145713
2024-07-18 09:52:36,130000.0,100,Sell,224145707
2024-07-18 09:52:36,130000.0,100,Sell,224145710
2024-07-18 09:52:36,130000.0,500,Sell,224145709
2024-07-18 09:52:36,130000.0,1000,Sell,224145708
2024-07-18 09:52:36,130000.0,6800,Sell,224145711
2024-07-18 09:52:37,130100.0,200,Sell,224145753
2024-07-18 09:52:42,130100.0,500,Sell,224145876
2024-07-18 09:52:48,130100.0,100,Sell,224146003
2024-07-18 09:52:48,130100.0,200,Sell,224146005
2024-07-18 09:52:48,130100.0,200,Sell,224146006
2024-07-18 09:52:50,130100.0,800,Sell,224146022
2024-07-18 09:52:50,130100.0,200,Sell,224146027
2024-07-18 09:52:51,130100.0,200,Buy,224146043
2024-07-18 09:52:53,130100.0,500,Buy,224146082
2024-07-18 09:52:54,130000.0,200,Sell,224146167
2024-07-18 09:52:54,130000.0,200,Sell,224146166
2024-07-18 09:52:54,130000.0,100,Sell,224146165
2024-07-18 09:52:54,130000.0,100,Sell,224146164
2024-07-18 09:52:54,130000.0,500,Sell,224146163
2024-07-18 09:52:54,130000.0,100,Sell,224146162
2024-07-18 09:52:54,130000.0,200,Sell,224146161
2024-07-18 09:52:54,130000.0,100,Sell,224146160
2024-07-18 09:52:54,130000.0,300,Sell,224146168
2024-07-18 09:52:54,130000.0,1800,Sell,224146159
2024-07-18 09:52:54,130000.0,100,Sell,224146153
2024-07-18 09:52:54,130000.0,300,Sell,224146157
2024-07-18 09:52:54,130000.0,1500,Sell,224146156
2024-07-18 09:52:54,130000.0,100,Sell,224146155
2024-07-18 09:52:54,130000.0,4400,Sell,224146154
2024-07-18 09:52:54,130000.0,30000,Sell,224146169
2024-07-18 09:52:54,130000.0,100,Sell,224146152
2024-07-18 09:52:54,130000.0,100,Sell,224146151
2024-07-18 09:52:54,130000.0,800,Sell,224146150
2024-07-18 09:52:54,130000.0,500,Sell,224146149
2024-07-18 09:52:54,130000.0,800,Sell,224146148
2024-07-18 09:52:54,130000.0,1000,Sell,224146158
2024-07-18 09:52:54,130000.0,500,Sell,224146170
2024-07-18 09:52:54,130000.0,500,Sell,224146177
2024-07-18 09:52:54,130000.0,200,Sell,224146172
2024-07-18 09:52:54,130000.0,1100,Sell,224146196
2024-07-18 09:52:54,130000.0,100,Sell,224146195
2024-07-18 09:52:54,130000.0,100,Sell,224146194
2024-07-18 09:52:54,130000.0,100,Sell,224146193
2024-07-18 09:52:54,130000.0,100,Sell,224146192
2024-07-18 09:52:54,130000.0,200,Sell,224146191
2024-07-18 09:52:54,130000.0,500,Sell,224146190
2024-07-18 09:52:54,130000.0,100,Sell,224146189
2024-07-18 09:52:54,130000.0,100,Sell,224146188
2024-07-18 09:52:54,130000.0,100,Sell,224146187
2024-07-18 09:52:54,130000.0,1000,Sell,224146171
2024-07-18 09:52:54,130000.0,200,Sell,224146186
2024-07-18 09:52:54,130000.0,500,Sell,224146184
2024-07-18 09:52:54,130000.0,200,Sell,224146182
2024-07-18 09:52:54,130000.0,1000,Sell,224146181
2024-07-18 09:52:54,130000.0,2400,Sell,224146179
2024-07-18 09:52:54,130000.0,800,Sell,224146178
2024-07-18 09:52:54,130000.0,100,Sell,224146147
2024-07-18 09:52:54,130000.0,300,Sell,224146176
2024-07-18 09:52:54,130000.0,100,Sell,224146175
2024-07-18 09:52:54,130000.0,100,Sell,224146174
2024-07-18 09:52:54,130000.0,1000,Sell,224146173
2024-07-18 09:52:54,130000.0,100,Sell,224146185
2024-07-18 09:52:54,130000.0,100,Sell,224146146
2024-07-18 09:52:54,130000.0,100,Sell,224146183
2024-07-18 09:52:54,130000.0,2700,Sell,224146144
2024-07-18 09:52:54,130000.0,300,Sell,224146116
2024-07-18 09:52:54,130000.0,100,Sell,224146115
2024-07-18 09:52:54,130000.0,100,Sell,224146114
2024-07-18 09:52:54,130000.0,3000,Sell,224146113
2024-07-18 09:52:54,130000.0,100,Sell,224146112
2024-07-18 09:52:54,130000.0,200,Sell,224146111
2024-07-18 09:52:54,130000.0,500,Sell,224146110
2024-07-18 09:52:54,130000.0,500,Sell,224146109
2024-07-18 09:52:54,130000.0,500,Sell,224146108
2024-07-18 09:52:54,130000.0,100,Sell,224146107
2024-07-18 09:52:54,130000.0,100,Sell,224146117
2024-07-18 09:52:54,130000.0,100,Sell,224146106
2024-07-18 09:52:54,130000.0,1000,Sell,224146104
2024-07-18 09:52:54,130000.0,100,Sell,224146103
2024-07-18 09:52:54,130000.0,1000,Sell,224146102
2024-07-18 09:52:54,130000.0,100,Sell,224146101
2024-07-18 09:52:54,130000.0,100,Sell,224146100
2024-07-18 09:52:54,130000.0,100,Sell,224146099
2024-07-18 09:52:54,130000.0,100,Sell,224146098
2024-07-18 09:52:54,130000.0,500,Sell,224146097
2024-07-18 09:52:54,130000.0,400,Sell,224146096
2024-07-18 09:52:54,130000.0,500,Sell,224146145
2024-07-18 09:52:54,130000.0,500,Sell,224146105
2024-07-18 09:52:54,130000.0,100,Sell,224146118
2024-07-18 09:52:54,130000.0,100,Sell,224146180
2024-07-18 09:52:54,130000.0,100,Sell,224146120
2024-07-18 09:52:54,130000.0,600,Sell,224146143
2024-07-18 09:52:54,130000.0,100,Sell,224146142
2024-07-18 09:52:54,130000.0,300,Sell,224146141
2024-07-18 09:52:54,130000.0,100,Sell,224146140
2024-07-18 09:52:54,130000.0,1000,Sell,224146139
2024-07-18 09:52:54,130000.0,100,Sell,224146137
2024-07-18 09:52:54,130000.0,3000,Sell,224146136
2024-07-18 09:52:54,130000.0,100,Sell,224146135
2024-07-18 09:52:54,130000.0,500,Sell,224146134
2024-07-18 09:52:54,130000.0,100,Sell,224146133
2024-07-18 09:52:54,130000.0,100,Sell,224146132
2024-07-18 09:52:54,130000.0,500,Sell,224146138
2024-07-18 09:52:54,130000.0,200,Sell,224146130
2024-07-18 09:52:54,130000.0,10000,Sell,224146129
2024-07-18 09:52:54,130000.0,100,Sell,224146128
2024-07-18 09:52:54,130000.0,100,Sell,224146127
2024-07-18 09:52:54,130000.0,200,Sell,224146119
2024-07-18 09:52:54,130000.0,400,Sell,224146126
2024-07-18 09:52:54,130000.0,2000,Sell,224146121
2024-07-18 09:52:54,130000.0,1000,Sell,224146125
2024-07-18 09:52:54,130000.0,200,Sell,224146124
2024-07-18 09:52:54,130000.0,1000,Sell,224146123
2024-07-18 09:52:54,130000.0,100,Sell,224146122
2024-07-18 09:52:54,130000.0,200,Sell,224146131
2024-07-18 09:52:59,130100.0,100,Buy,224146285
2024-07-18 09:53:00,130000.0,2000,Sell,224146302
2024-07-18 09:53:02,130000.0,1000,Sell,224146331
2024-07-18 09:53:05,130000.0,5000,Sell,224146409
2024-07-18 09:53:10,130000.0,1000,Sell,224146506
2024-07-18 09:53:12,130000.0,100,Sell,224146551
2024-07-18 09:53:13,130000.0,1800,Sell,224146555
2024-07-18 09:53:13,130000.0,1500,Sell,224146589
2024-07-18 09:53:20,130000.0,1000,Sell,224146703
2024-07-18 09:53:20,130000.0,1000,Sell,224146708
2024-07-18 09:53:20,130000.0,800,Sell,224146713
2024-07-18 09:53:21,130000.0,500,Sell,224146732
2024-07-18 09:53:21,130000.0,200,Sell,224146733
2024-07-18 09:53:21,130000.0,500,Sell,224146729
2024-07-18 09:53:21,130000.0,1300,Sell,224146734
2024-07-18 09:53:21,130000.0,100,Sell,224146727
2024-07-18 09:53:21,130000.0,500,Sell,224146726
2024-07-18 09:53:21,130000.0,3700,Sell,224146725
2024-07-18 09:53:21,130000.0,200,Sell,224146728
2024-07-18 09:53:22,130000.0,200,Sell,224146764
2024-07-18 09:53:22,130000.0,100,Sell,224146765
2024-07-18 09:53:23,130000.0,1000,Sell,224146792
2024-07-18 09:53:24,130000.0,100,Sell,224146848
2024-07-18 09:53:24,130000.0,200,Sell,224146849
2024-07-18 09:53:24,130000.0,100,Sell,224146850
2024-07-18 09:53:24,130000.0,100,Sell,224146852
2024-07-18 09:53:24,130000.0,100,Sell,224146853
2024-07-18 09:53:24,130000.0,100,Sell,224146854
2024-07-18 09:53:24,130000.0,200,Sell,224146855
2024-07-18 09:53:24,130000.0,100,Sell,224146856
2024-07-18 09:53:24,130000.0,100,Sell,224146857
2024-07-18 09:53:24,130000.0,200,Sell,224146860
2024-07-18 09:53:24,130000.0,300,Sell,224146859
2024-07-18 09:53:24,130000.0,100,Sell,224146847
2024-07-18 09:53:24,130000.0,100,Sell,224146861
2024-07-18 09:53:24,130000.0,500,Sell,224146862
2024-07-18 09:53:24,130000.0,100,Sell,224146863
2024-07-18 09:53:24,130000.0,100,Sell,224146864
2024-07-18 09:53:24,130000.0,100,Sell,224146865
2024-07-18 09:53:24,130000.0,100,Sell,224146866
2024-07-18 09:53:24,130000.0,100,Sell,224146871
2024-07-18 09:53:24,130000.0,100,Sell,224146872
2024-07-18 09:53:24,130000.0,500,Sell,224146858
2024-07-18 09:53:24,130000.0,100,Sell,224146846
2024-07-18 09:53:24,130000.0,100,Sell,224146851
2024-07-18 09:53:24,130000.0,100,Sell,224146844
2024-07-18 09:53:24,130000.0,100,Sell,224146797
2024-07-18 09:53:24,130000.0,100,Sell,224146820
2024-07-18 09:53:24,130000.0,200,Sell,224146845
2024-07-18 09:53:24,130000.0,100,Sell,224146822
2024-07-18 09:53:24,130000.0,100,Sell,224146823
2024-07-18 09:53:24,130000.0,200,Sell,224146824
2024-07-18 09:53:24,130000.0,100,Sell,224146825
2024-07-18 09:53:24,130000.0,100,Sell,224146826
2024-07-18 09:53:24,130000.0,200,Sell,224146827
2024-07-18 09:53:24,130000.0,800,Sell,224146829
2024-07-18 09:53:24,130000.0,100,Sell,224146821
2024-07-18 09:53:24,130000.0,800,Sell,224146831
2024-07-18 09:53:24,130000.0,1000,Sell,224146830
2024-07-18 09:53:24,130000.0,100,Sell,224146841
2024-07-18 09:53:24,130000.0,100,Sell,224146840
2024-07-18 09:53:24,130000.0,100,Sell,224146839
2024-07-18 09:53:24,130000.0,100,Sell,224146838
2024-07-18 09:53:24,130000.0,200,Sell,224146828
2024-07-18 09:53:24,130000.0,1000,Sell,224146836
2024-07-18 09:53:24,130000.0,100,Sell,224146835
2024-07-18 09:53:24,130000.0,100,Sell,224146833
2024-07-18 09:53:24,130000.0,200,Sell,224146832
2024-07-18 09:53:24,130000.0,200,Sell,224146837
2024-07-18 09:53:25,130000.0,100,Buy,224146880
2024-07-18 09:53:31,129900.0,100,Sell,224146997
2024-07-18 09:53:36,129900.0,600,Sell,224147109
2024-07-18 09:53:36,129900.0,100,Sell,224147108
2024-07-18 09:53:36,129900.0,100,Sell,224147107
2024-07-18 09:53:36,129900.0,200,Sell,224147106
2024-07-18 09:53:36,129900.0,400,Sell,224147105
2024-07-18 09:53:36,129900.0,400,Sell,224147102
2024-07-18 09:53:36,129900.0,100,Sell,224147103
2024-07-18 09:53:36,129900.0,100,Sell,224147101
2024-07-18 09:53:36,129900.0,500,Sell,224147100
2024-07-18 09:53:36,129900.0,300,Sell,224147098
2024-07-18 09:53:36,129900.0,200,Sell,224147104
2024-07-18 09:53:36,129900.0,100,Sell,224147099
2024-07-18 09:53:39,130000.0,100,Buy,224147196
2024-07-18 09:53:43,129900.0,400,Sell,224147265
2024-07-18 09:53:49,129900.0,1000,Sell,224147368
2024-07-18 09:53:51,129900.0,500,Sell,224147428
2024-07-18 09:53:52,129900.0,200,Sell,224147444
2024-07-18 09:53:58,129900.0,4100,Sell,224147607
2024-07-18 09:54:00,129900.0,500,Sell,224147646
2024-07-18 09:54:02,129900.0,100,Sell,224147675
2024-07-18 09:54:06,129900.0,100,Sell,224147746
2024-07-18 09:54:13,130000.0,700,Buy,224147869
2024-07-18 09:54:13,130000.0,1300,Buy,224147870
2024-07-18 09:54:22,129900.0,2000,Sell,224148075
2024-07-18 09:54:24,130000.0,100,Buy,224148135
2024-07-18 09:54:24,129900.0,100,Sell,224148138
2024-07-18 09:54:26,130000.0,100,Buy,224148186
2024-07-18 09:54:27,129900.0,500,Sell,224148221
2024-07-18 09:54:36,129900.0,1000,Sell,224148405
2024-07-18 09:54:37,129900.0,5000,Sell,224148416
2024-07-18 09:54:39,130000.0,500,Buy,224148446
2024-07-18 09:54:48,130000.0,500,Buy,224148637
2024-07-18 09:54:51,130000.0,100,Buy,224148690
2024-07-18 09:54:51,129900.0,700,Sell,224148684
2024-07-18 09:54:52,130000.0,5000,Buy,224148729
2024-07-18 09:54:53,130000.0,200,Buy,224148795
2024-07-18 09:54:55,130000.0,10000,Buy,224148827
2024-07-18 09:54:55,130000.0,100,Buy,224148840
2024-07-18 09:54:56,130000.0,100,Buy,224148850
2024-07-18 09:54:58,130000.0,500,Buy,224148923
2024-07-18 09:54:58,130000.0,100,Buy,224148922
2024-07-18 09:54:58,130000.0,200,Buy,224148921
2024-07-18 09:54:58,130000.0,300,Buy,224148920
2024-07-18 09:54:58,130000.0,100,Buy,224148919
2024-07-18 09:54:58,130000.0,100,Buy,224148918
2024-07-18 09:54:58,130000.0,100,Buy,224148917
2024-07-18 09:54:58,130000.0,400,Buy,224148916
2024-07-18 09:54:58,130000.0,100,Buy,224148915
2024-07-18 09:54:58,130000.0,100,Buy,224148914
2024-07-18 09:54:58,130000.0,100,Buy,224148897
2024-07-18 09:54:58,130000.0,100,Buy,224148912
2024-07-18 09:54:58,130000.0,100,Buy,224148911
2024-07-18 09:54:58,130000.0,1700,Buy,224148910
2024-07-18 09:54:58,130000.0,500,Buy,224148902
2024-07-18 09:54:58,130000.0,300,Buy,224148901
2024-07-18 09:54:58,130000.0,1000,Buy,224148900
2024-07-18 09:54:58,130000.0,1000,Buy,224148899
2024-07-18 09:54:58,130000.0,400,Buy,224148898
2024-07-18 09:54:58,130000.0,300,Buy,224148896
2024-07-18 09:54:58,130000.0,6400,Buy,224148895
2024-07-18 09:54:58,130000.0,100,Buy,224148913
2024-07-18 09:54:59,130000.0,200,Buy,224148924
2024-07-18 09:55:00,130000.0,400,Buy,224148950
2024-07-18 09:55:08,130000.0,6500,Sell,224149137
2024-07-18 09:55:08,130000.0,800,Sell,224149135
2024-07-18 09:55:08,130000.0,100,Sell,224149134
2024-07-18 09:55:08,130000.0,100,Sell,224149133
2024-07-18 09:55:08,130000.0,500,Sell,224149132
2024-07-18 09:55:10,130100.0,500,Buy,224149167
2024-07-18 09:55:21,130000.0,700,Sell,224149451
2024-07-18 09:55:21,130000.0,100,Sell,224149452
2024-07-18 09:55:21,130000.0,100,Sell,224149453
2024-07-18 09:55:21,130000.0,100,Sell,224149454
2024-07-18 09:55:24,130100.0,100,Buy,224149499
2024-07-18 09:55:24,130100.0,300,Buy,224149500
2024-07-18 09:55:26,130100.0,200,Buy,224149533
2024-07-18 09:55:31,130100.0,100,Buy,224149640
2024-07-18 09:55:32,130000.0,5000,Sell,224149665
2024-07-18 09:55:33,130100.0,100,Buy,224149684
2024-07-18 09:55:33,130100.0,200,Buy,224149683
2024-07-18 09:55:33,130100.0,100,Buy,224149681
2024-07-18 09:55:33,130100.0,100,Buy,224149680
2024-07-18 09:55:42,130000.0,100,Sell,224149850
2024-07-18 09:55:53,130100.0,100,Buy,224150129
2024-07-18 09:55:53,130100.0,500,Buy,224150130
2024-07-18 09:55:53,130100.0,100,Buy,224150131
2024-07-18 09:55:53,130100.0,100,Buy,224150132
2024-07-18 09:55:53,130100.0,100,Buy,224150133
2024-07-18 09:55:53,130100.0,1100,Buy,224150134
2024-07-18 09:56:01,130100.0,600,Buy,224150344
2024-07-18 09:56:03,130000.0,900,Sell,224150425
2024-07-18 09:56:03,130000.0,100,Sell,224150424
2024-07-18 09:56:03,130000.0,100,Sell,224150423
2024-07-18 09:56:03,130000.0,1000,Sell,224150422
2024-07-18 09:56:03,130000.0,4900,Sell,224150417
2024-07-18 09:56:03,130000.0,500,Sell,224150420
2024-07-18 09:56:03,130000.0,1000,Sell,224150419
2024-07-18 09:56:03,130000.0,1000,Sell,224150418
2024-07-18 09:56:03,130000.0,500,Sell,224150421
2024-07-18 09:56:05,130100.0,100,Buy,224150455
2024-07-18 09:56:05,130100.0,200,Buy,224150459
2024-07-18 09:56:05,130100.0,100,Buy,224150460
2024-07-18 09:56:05,130100.0,200,Buy,224150461
2024-07-18 09:56:05,130100.0,1400,Buy,224150462
2024-07-18 09:56:07,130000.0,9300,Sell,224150506
2024-07-18 09:56:07,130000.0,100,Sell,224150503
2024-07-18 09:56:07,130000.0,500,Sell,224150504
2024-07-18 09:56:07,130000.0,100,Sell,224150505
2024-07-18 09:56:12,130000.0,200,Buy,224150648
2024-07-18 09:56:12,130000.0,1000,Sell,224150644
2024-07-18 09:56:12,130000.0,1000,Sell,224150646
2024-07-18 09:56:12,130000.0,500,Sell,224150645
2024-07-18 09:56:12,130000.0,200,Sell,224150643
2024-07-18 09:56:12,130000.0,100,Sell,224150647
2024-07-18 09:56:12,130000.0,100,Sell,224150641
2024-07-18 09:56:12,130000.0,700,Sell,224150636
2024-07-18 09:56:12,130000.0,500,Sell,224150637
2024-07-18 09:56:12,130000.0,100,Sell,224150642
2024-07-18 09:56:12,130000.0,100,Sell,224150639
2024-07-18 09:56:12,130000.0,500,Sell,224150638
2024-07-18 09:56:12,130000.0,100,Sell,224150640
2024-07-18 09:56:22,130000.0,100,Buy,224150807
2024-07-18 09:56:23,130000.0,100,Buy,224150819
2024-07-18 09:56:28,130000.0,500,Buy,224150937
2024-07-18 09:56:30,130000.0,1000,Buy,224151009
2024-07-18 09:56:33,130000.0,700,Buy,224151098
