time,price,volume,match_type,id
2024-08-09 09:14:38,122400.0,44500,ATO/ATC,230423272
2024-08-09 09:14:40,122400.0,100,Buy,230423556
2024-08-09 09:14:40,122400.0,1900,Buy,230423555
2024-08-09 09:14:40,122000.0,100,Sell,230423475
2024-08-09 09:14:40,122400.0,200,Buy,230423553
2024-08-09 09:14:40,122400.0,1000,Buy,230423554
2024-08-09 09:14:41,122000.0,100,Sell,230423573
2024-08-09 09:14:41,122400.0,700,Buy,230423611
2024-08-09 09:14:41,122000.0,100,Sell,230423591
2024-08-09 09:14:41,122000.0,100,Sell,230423590
2024-08-09 09:14:41,122000.0,100,Sell,230423572
2024-08-09 09:14:41,122000.0,100,Sell,230423575
2024-08-09 09:14:41,122000.0,400,Sell,230423576
2024-08-09 09:14:41,122000.0,100,Sell,230423574
2024-08-09 09:14:53,122100.0,200,Sell,230423852
2024-08-09 09:14:53,122000.0,300,Sell,230423853
2024-08-09 09:14:57,122400.0,400,Buy,230423928
2024-08-09 09:15:07,122300.0,100,Buy,230424163
2024-08-09 09:15:19,122300.0,100,Buy,230424513
2024-08-09 09:15:37,122300.0,500,Buy,230424864
2024-08-09 09:15:37,122300.0,500,Buy,230424865
2024-08-09 09:15:37,122300.0,100,Buy,230424868
2024-08-09 09:15:37,122300.0,100,Buy,230424869
2024-08-09 09:15:37,122300.0,100,Buy,230424890
2024-08-09 09:15:46,122300.0,200,Sell,230425040
2024-08-09 09:15:47,122400.0,100,Buy,230425070
2024-08-09 09:15:47,122400.0,100,Buy,230425071
2024-08-09 09:16:04,122300.0,400,Buy,230425544
2024-08-09 09:16:18,122300.0,100,Buy,230425880
2024-08-09 09:16:23,122300.0,100,Buy,230425981
2024-08-09 09:16:23,122300.0,100,Buy,230425982
2024-08-09 09:16:24,122100.0,2000,Sell,230426014
2024-08-09 09:16:24,122200.0,2000,Sell,230426013
2024-08-09 09:16:24,122300.0,500,Sell,230426012
2024-08-09 09:16:30,122300.0,100,Buy,230426141
2024-08-09 09:16:32,122400.0,100,Buy,230426192
2024-08-09 09:16:34,122300.0,100,Sell,230426268
2024-08-09 09:16:41,122400.0,100,Buy,230426453
2024-08-09 09:16:41,122400.0,100,Buy,230426454
2024-08-09 09:16:41,122400.0,100,Buy,230426455
2024-08-09 09:16:41,122400.0,100,Buy,230426456
2024-08-09 09:16:41,122400.0,100,Buy,230426457
2024-08-09 09:16:41,122400.0,100,Buy,230426458
2024-08-09 09:16:41,122400.0,100,Buy,230426459
2024-08-09 09:16:41,122400.0,500,Buy,230426460
2024-08-09 09:16:41,122400.0,2800,Buy,230426461
2024-08-09 09:16:54,122400.0,200,Buy,230426821
2024-08-09 09:17:08,122300.0,100,Sell,230427166
2024-08-09 09:17:10,122300.0,700,Sell,230427203
2024-08-09 09:17:11,122400.0,100,Buy,230427244
2024-08-09 09:17:11,122300.0,800,Buy,230427243
2024-08-09 09:17:19,122200.0,100,Sell,230427456
2024-08-09 09:17:25,122400.0,100,Buy,230427649
2024-08-09 09:17:25,122400.0,200,Buy,230427648
2024-08-09 09:17:25,122400.0,100,Buy,230427647
2024-08-09 09:17:25,122400.0,100,Buy,230427646
2024-08-09 09:17:25,122400.0,100,Buy,230427645
2024-08-09 09:17:25,122400.0,4800,Buy,230427650
2024-08-09 09:17:25,122400.0,100,Buy,230427643
2024-08-09 09:17:25,122400.0,100,Buy,230427642
2024-08-09 09:17:25,122400.0,300,Buy,230427641
2024-08-09 09:17:25,122400.0,600,Buy,230427640
2024-08-09 09:17:25,122400.0,100,Buy,230427644
2024-08-09 09:17:25,122400.0,1900,Buy,230427639
2024-08-09 09:17:26,122200.0,100,Sell,230427694
2024-08-09 09:17:26,122200.0,200,Sell,230427695
2024-08-09 09:17:26,122200.0,1400,Sell,230427692
2024-08-09 09:17:26,122200.0,100,Sell,230427693
2024-08-09 09:17:26,122200.0,1900,Sell,230427691
2024-08-09 09:17:30,122200.0,400,Buy,230427784
2024-08-09 09:17:32,122200.0,1000,Buy,230427828
2024-08-09 09:17:32,122300.0,100,Buy,230427829
2024-08-09 09:17:32,122400.0,2900,Buy,230427830
2024-08-09 09:17:35,122400.0,500,Buy,230427897
2024-08-09 09:17:56,122200.0,300,Buy,230428337
2024-08-09 09:17:56,122200.0,100,Buy,230428338
2024-08-09 09:17:59,122200.0,100,Buy,230428413
2024-08-09 09:18:03,122200.0,600,Buy,230428517
2024-08-09 09:18:11,122200.0,400,Buy,230428704
2024-08-09 09:18:11,122200.0,400,Buy,230428705
2024-08-09 09:18:17,122200.0,100,Sell,230428823
2024-08-09 09:18:22,122300.0,100,Buy,230429057
2024-08-09 09:18:22,122300.0,200,Buy,230429044
2024-08-09 09:18:30,122300.0,100,Buy,230429189
2024-08-09 09:18:31,122200.0,400,Sell,230429215
2024-08-09 09:18:55,122200.0,100,Sell,230429770
2024-08-09 09:19:21,122300.0,100,Buy,230430393
2024-08-09 09:19:34,122300.0,2000,Buy,230430756
2024-08-09 09:19:40,122300.0,100,Buy,230430871
2024-08-09 09:19:40,122300.0,100,Buy,230430872
2024-08-09 09:19:40,122300.0,100,Buy,230430873
2024-08-09 09:19:40,122300.0,200,Buy,230430874
2024-08-09 09:19:45,122300.0,700,Buy,230430985
2024-08-09 09:19:54,122300.0,300,Buy,230431209
2024-08-09 09:19:56,122300.0,500,Buy,230431255
2024-08-09 09:20:01,122200.0,400,Sell,230431373
2024-08-09 09:20:01,122200.0,100,Sell,230431372
2024-08-09 09:20:01,122200.0,500,Sell,230431371
2024-08-09 09:20:02,122300.0,400,Buy,230431403
2024-08-09 09:20:06,122300.0,500,Buy,230431504
2024-08-09 09:20:09,122300.0,200,Buy,230431575
2024-08-09 09:20:18,122300.0,100,Buy,230431788
2024-08-09 09:20:21,122300.0,200,Buy,230431852
2024-08-09 09:20:30,122300.0,100,Buy,230432034
2024-08-09 09:20:35,122200.0,100,Sell,230432134
2024-08-09 09:20:35,122200.0,100,Sell,230432138
2024-08-09 09:20:45,122300.0,100,Buy,230432374
2024-08-09 09:20:55,122200.0,100,Sell,230432566
2024-08-09 09:21:00,122300.0,100,Buy,230432676
2024-08-09 09:21:15,122200.0,100,Sell,230433058
2024-08-09 09:21:25,122300.0,700,Buy,230433276
2024-08-09 09:21:29,122300.0,100,Buy,230433349
2024-08-09 09:21:35,122200.0,300,Sell,230433491
2024-08-09 09:21:35,122200.0,200,Sell,230433492
2024-08-09 09:21:35,122200.0,100,Sell,230433493
2024-08-09 09:21:35,122200.0,100,Sell,230433494
2024-08-09 09:21:35,122200.0,100,Sell,230433495
2024-08-09 09:21:35,122200.0,400,Sell,230433496
2024-08-09 09:21:35,122200.0,100,Sell,230433497
2024-08-09 09:21:35,122200.0,300,Sell,230433498
2024-08-09 09:21:35,122200.0,100,Sell,230433499
2024-08-09 09:21:35,122200.0,1100,Sell,230433500
2024-08-09 09:21:35,122200.0,200,Sell,230433501
2024-08-09 09:21:35,122200.0,1000,Sell,230433502
2024-08-09 09:21:35,122200.0,900,Sell,230433503
2024-08-09 09:21:35,122200.0,100,Sell,230433536
2024-08-09 09:21:35,122200.0,200,Sell,230433490
2024-08-09 09:21:37,122300.0,100,Buy,230433665
2024-08-09 09:21:37,122300.0,800,Buy,230433663
2024-08-09 09:21:37,122300.0,100,Buy,230433664
2024-08-09 09:21:43,122300.0,1000,Buy,230433847
2024-08-09 09:21:43,122300.0,100,Buy,230433848
2024-08-09 09:21:43,122300.0,1000,Buy,230433849
2024-08-09 09:21:43,122300.0,100,Buy,230433850
2024-08-09 09:21:43,122300.0,1500,Buy,230433851
2024-08-09 09:21:43,122300.0,100,Buy,230433852
2024-08-09 09:21:43,122300.0,1000,Buy,230433853
2024-08-09 09:21:43,122300.0,100,Buy,230433854
2024-08-09 09:21:45,122300.0,200,Sell,230433883
2024-08-09 09:21:56,122300.0,100,Sell,230434113
2024-08-09 09:21:58,122200.0,700,Sell,230434160
2024-08-09 09:21:58,122200.0,500,Sell,230434159
2024-08-09 09:21:58,122300.0,500,Sell,230434156
2024-08-09 09:21:58,122200.0,1000,Sell,230434157
2024-08-09 09:21:58,122200.0,500,Sell,230434158
2024-08-09 09:21:58,122300.0,4800,Sell,230434155
2024-08-09 09:22:08,122200.0,100,Sell,230434343
2024-08-09 09:22:10,122400.0,100,Buy,230434391
2024-08-09 09:22:16,122300.0,100,Sell,230434557
2024-08-09 09:22:25,122300.0,200,Sell,230434776
2024-08-09 09:22:25,122300.0,1500,Sell,230434777
2024-08-09 09:22:32,122300.0,300,Sell,230435020
2024-08-09 09:22:34,122300.0,200,Sell,230435054
2024-08-09 09:22:34,122300.0,4800,Sell,230435055
2024-08-09 09:22:35,122400.0,400,Buy,230435075
2024-08-09 09:22:36,122300.0,100,Sell,230435090
2024-08-09 09:22:56,122300.0,100,Sell,230435601
2024-08-09 09:22:56,122300.0,100,Sell,230435609
2024-08-09 09:22:56,122300.0,1100,Sell,230435610
2024-08-09 09:22:56,122300.0,300,Sell,230435611
2024-08-09 09:23:05,122300.0,200,Sell,230435812
2024-08-09 09:23:06,122400.0,600,Buy,230435840
2024-08-09 09:23:06,122400.0,1000,Buy,230435825
2024-08-09 09:23:10,122400.0,200,Buy,230435911
2024-08-09 09:23:15,122300.0,300,Sell,230436021
2024-08-09 09:23:15,122300.0,1000,Sell,230436022
2024-08-09 09:23:16,122200.0,100,Sell,230436047
2024-08-09 09:23:20,122300.0,300,Buy,230436141
2024-08-09 09:23:25,122300.0,100,Buy,230436272
2024-08-09 09:23:26,122300.0,1000,Buy,230436289
2024-08-09 09:23:32,122300.0,500,Buy,230436459
2024-08-09 09:23:33,122300.0,100,Buy,230436479
2024-08-09 09:23:34,122300.0,100,Buy,230436510
2024-08-09 09:23:35,122300.0,1000,Buy,230436529
2024-08-09 09:23:36,122200.0,100,Sell,230436556
2024-08-09 09:23:41,122300.0,800,Buy,230436707
2024-08-09 09:23:41,122300.0,200,Buy,230436700
2024-08-09 09:23:41,122300.0,600,Buy,230436698
2024-08-09 09:23:41,122300.0,200,Buy,230436699
2024-08-09 09:23:47,122300.0,300,Sell,230436844
2024-08-09 09:23:56,122300.0,100,Sell,230437018
2024-08-09 09:24:07,122300.0,700,Sell,230437290
2024-08-09 09:24:07,122300.0,1300,Sell,230437291
2024-08-09 09:24:16,122300.0,100,Sell,230437489
2024-08-09 09:24:21,122300.0,1300,Sell,230437669
2024-08-09 09:24:21,122300.0,200,Sell,230437670
2024-08-09 09:24:21,122300.0,100,Sell,230437671
2024-08-09 09:24:21,122300.0,3000,Sell,230437672
2024-08-09 09:24:21,122300.0,500,Sell,230437673
2024-08-09 09:24:24,122300.0,100,Sell,230437738
2024-08-09 09:24:27,122300.0,200,Buy,230437781
2024-08-09 09:24:35,122400.0,3400,Buy,230437920
2024-08-09 09:24:35,122400.0,1500,Buy,230437918
2024-08-09 09:24:35,122400.0,100,Buy,230437919
2024-08-09 09:24:36,122300.0,100,Sell,230437950
2024-08-09 09:24:45,122300.0,1000,Sell,230438131
2024-08-09 09:24:47,122400.0,700,Buy,230438180
2024-08-09 09:24:52,122300.0,100,Sell,230438285
2024-08-09 09:24:52,122300.0,400,Sell,230438286
2024-08-09 09:24:56,122300.0,100,Sell,230438432
2024-08-09 09:24:59,122400.0,100,Buy,230438487
2024-08-09 09:25:08,122400.0,400,Buy,230438704
2024-08-09 09:25:17,122300.0,100,Sell,230438897
2024-08-09 09:25:19,122400.0,400,Buy,230438937
2024-08-09 09:25:19,122400.0,100,Buy,230438938
2024-08-09 09:25:30,122400.0,100,Buy,230439199
2024-08-09 09:25:33,122300.0,400,Sell,230439237
2024-08-09 09:25:33,122300.0,400,Sell,230439236
2024-08-09 09:25:37,122300.0,100,Sell,230439290
2024-08-09 09:25:51,122300.0,500,Sell,230439608
2024-08-09 09:25:57,122200.0,100,Sell,230439727
2024-08-09 09:25:58,122300.0,300,Buy,230439776
2024-08-09 09:25:59,122300.0,100,Buy,230439806
2024-08-09 09:26:00,122200.0,400,Sell,230439860
2024-08-09 09:26:00,122200.0,1300,Sell,230439861
2024-08-09 09:26:00,122200.0,300,Sell,230439862
2024-08-09 09:26:00,122200.0,100,Sell,230439863
2024-08-09 09:26:00,122200.0,2900,Sell,230439864
2024-08-09 09:26:12,122200.0,500,Sell,230440199
2024-08-09 09:26:12,122200.0,500,Sell,230440198
2024-08-09 09:26:12,122200.0,500,Sell,230440200
2024-08-09 09:26:12,122200.0,200,Sell,230440196
2024-08-09 09:26:12,122200.0,200,Sell,230440195
2024-08-09 09:26:12,122200.0,1000,Sell,230440197
2024-08-09 09:26:12,122200.0,2100,Sell,230440194
2024-08-09 09:26:17,122100.0,100,Sell,230440283
2024-08-09 09:26:24,122200.0,100,Buy,230440407
2024-08-09 09:26:28,122200.0,400,Buy,230440520
2024-08-09 09:26:37,122200.0,100,Sell,230440751
2024-08-09 09:26:37,122200.0,100,Sell,230440761
2024-08-09 09:26:57,122200.0,100,Sell,230441299
2024-08-09 09:27:08,122200.0,200,Sell,230441567
2024-08-09 09:27:10,122200.0,100,Sell,230441612
2024-08-09 09:27:17,122100.0,100,Sell,230441734
2024-08-09 09:27:18,122200.0,100,Buy,230441760
2024-08-09 09:27:36,122200.0,500,Buy,230442117
2024-08-09 09:27:36,122200.0,100,Buy,230442118
2024-08-09 09:27:38,122200.0,100,Sell,230442160
2024-08-09 09:27:40,122300.0,400,Buy,230442205
2024-08-09 09:27:48,122300.0,100,Buy,230442303
2024-08-09 09:27:51,122200.0,200,Sell,230442363
2024-08-09 09:27:58,122200.0,200,Sell,230442518
2024-08-09 09:27:58,122200.0,100,Sell,230442512
2024-08-09 09:28:09,122300.0,700,Buy,230442729
2024-08-09 09:28:18,122200.0,100,Sell,230442876
2024-08-09 09:28:26,122300.0,200,Buy,230443098
2024-08-09 09:28:38,122200.0,100,Sell,230443329
2024-08-09 09:28:48,122200.0,500,Sell,230443534
2024-08-09 09:28:48,122200.0,100,Sell,230443535
2024-08-09 09:28:48,122100.0,100,Sell,230443536
2024-08-09 09:28:51,122200.0,100,Sell,230443607
2024-08-09 09:28:58,122200.0,100,Sell,230443717
2024-08-09 09:29:12,122300.0,100,Buy,230444031
2024-08-09 09:29:16,122200.0,100,Sell,230444128
2024-08-09 09:29:18,122200.0,100,Sell,230444167
2024-08-09 09:29:29,122200.0,100,Sell,230444410
2024-08-09 09:29:30,122200.0,100,Sell,230444447
2024-08-09 09:29:30,122200.0,300,Sell,230444448
2024-08-09 09:29:30,122200.0,700,Sell,230444449
2024-08-09 09:29:34,122100.0,800,Sell,230444694
2024-08-09 09:29:34,122100.0,500,Sell,230444693
2024-08-09 09:29:34,122100.0,200,Sell,230444692
2024-08-09 09:29:34,122100.0,200,Sell,230444691
2024-08-09 09:29:34,122100.0,100,Sell,230444690
2024-08-09 09:29:34,122100.0,500,Sell,230444689
2024-08-09 09:29:34,122100.0,500,Sell,230444688
2024-08-09 09:29:34,122100.0,200,Sell,230444687
2024-08-09 09:29:34,122100.0,400,Sell,230444686
2024-08-09 09:29:34,122100.0,100,Sell,230444685
2024-08-09 09:29:34,122100.0,500,Sell,230444683
2024-08-09 09:29:34,122200.0,800,Sell,230444675
2024-08-09 09:29:34,122200.0,400,Sell,230444676
2024-08-09 09:29:34,122200.0,500,Sell,230444677
2024-08-09 09:29:34,122100.0,2200,Sell,230444678
2024-08-09 09:29:34,122100.0,100,Sell,230444684
2024-08-09 09:29:34,122100.0,2000,Sell,230444680
2024-08-09 09:29:34,122100.0,500,Sell,230444682
2024-08-09 09:29:34,122100.0,1000,Sell,230444679
2024-08-09 09:29:34,122100.0,500,Sell,230444681
2024-08-09 09:29:38,122200.0,100,Sell,230444799
2024-08-09 09:29:38,122200.0,100,Sell,230444807
2024-08-09 09:29:42,122200.0,200,Sell,230444892
2024-08-09 09:29:45,122200.0,100,Sell,230444980
2024-08-09 09:29:47,122200.0,200,Sell,230445043
2024-08-09 09:29:50,122200.0,300,Sell,230445108
2024-08-09 09:29:50,122200.0,600,Buy,230445110
2024-08-09 09:29:56,122200.0,100,Buy,230445227
2024-08-09 09:29:58,122100.0,100,Sell,230445266
2024-08-09 09:30:13,122200.0,400,Buy,230445641
2024-08-09 09:30:19,122100.0,100,Sell,230445731
2024-08-09 09:30:30,122200.0,600,Buy,230445972
2024-08-09 09:30:30,122200.0,300,Buy,230445973
2024-08-09 09:30:30,122200.0,100,Buy,230445974
2024-08-09 09:30:30,122200.0,300,Buy,230445975
2024-08-09 09:30:30,122200.0,600,Buy,230445976
2024-08-09 09:30:30,122200.0,100,Buy,230445978
2024-08-09 09:30:37,122200.0,100,Buy,230446151
2024-08-09 09:30:38,122100.0,100,Sell,230446201
2024-08-09 09:30:40,122200.0,300,Buy,230446216
2024-08-09 09:30:40,122200.0,100,Buy,230446217
2024-08-09 09:30:48,122200.0,100,Sell,230446351
2024-08-09 09:30:59,122200.0,100,Sell,230446534
2024-08-09 09:31:03,122200.0,100,Sell,230446640
2024-08-09 09:31:04,122200.0,400,Sell,230446656
2024-08-09 09:31:13,122300.0,100,Buy,230446816
2024-08-09 09:31:13,122300.0,100,Buy,230446815
2024-08-09 09:31:13,122300.0,1000,Buy,230446814
2024-08-09 09:31:13,122300.0,2700,Buy,230446812
2024-08-09 09:31:13,122300.0,500,Buy,230446810
2024-08-09 09:31:13,122300.0,300,Buy,230446809
2024-08-09 09:31:13,122300.0,300,Buy,230446813
2024-08-09 09:31:13,122300.0,200,Buy,230446807
2024-08-09 09:31:13,122300.0,100,Buy,230446806
2024-08-09 09:31:13,122300.0,1900,Buy,230446805
2024-08-09 09:31:13,122300.0,100,Buy,230446804
2024-08-09 09:31:13,122300.0,4000,Buy,230446803
2024-08-09 09:31:13,122300.0,17600,Buy,230446802
2024-08-09 09:31:13,122300.0,100,Buy,230446808
2024-08-09 09:31:13,122300.0,1000,Buy,230446811
2024-08-09 09:31:19,122200.0,100,Sell,230446902
2024-08-09 09:31:24,122300.0,700,Buy,230446994
2024-08-09 09:31:24,122300.0,100,Buy,230446995
2024-08-09 09:31:24,122300.0,2300,Buy,230446996
2024-08-09 09:31:30,122400.0,700,Buy,230447148
2024-08-09 09:31:39,122300.0,100,Sell,230447315
2024-08-09 09:31:43,122300.0,200,Sell,230447410
2024-08-09 09:31:46,122300.0,100,Sell,230447478
2024-08-09 09:31:47,122300.0,100,Sell,230447511
2024-08-09 09:31:49,122300.0,100,Sell,230447538
2024-08-09 09:31:59,122300.0,100,Sell,230447718
2024-08-09 09:32:02,122400.0,100,Buy,230447772
2024-08-09 09:32:09,122300.0,1000,Sell,230447925
2024-08-09 09:32:19,122300.0,100,Sell,230448137
2024-08-09 09:32:23,122300.0,100,Sell,230448198
2024-08-09 09:32:26,122400.0,100,Buy,230448263
2024-08-09 09:32:39,122300.0,100,Sell,230448463
2024-08-09 09:32:43,122400.0,900,Buy,230448510
2024-08-09 09:32:46,122400.0,400,Buy,230448608
2024-08-09 09:32:59,122300.0,100,Sell,230448822
2024-08-09 09:33:11,122400.0,700,Buy,230449041
2024-08-09 09:33:16,122300.0,100,Sell,230449150
2024-08-09 09:33:16,122300.0,100,Sell,230449151
2024-08-09 09:33:19,122200.0,100,Sell,230449205
2024-08-09 09:33:26,122300.0,100,Buy,230449350
2024-08-09 09:33:39,122200.0,100,Sell,230449579
2024-08-09 09:33:39,122200.0,100,Sell,230449567
2024-08-09 09:33:55,122300.0,100,Sell,230449864
2024-08-09 09:33:56,122300.0,100,Sell,230449885
2024-08-09 09:34:00,122300.0,100,Sell,230449949
2024-08-09 09:34:06,122300.0,500,Sell,230450032
2024-08-09 09:34:20,122300.0,100,Sell,230450290
2024-08-09 09:34:22,122300.0,200,Sell,230450336
2024-08-09 09:34:37,122300.0,1000,Sell,230450606
2024-08-09 09:34:37,122300.0,300,Sell,230450607
2024-08-09 09:34:40,122200.0,100,Sell,230450657
2024-08-09 09:34:51,122300.0,100,Buy,230450858
2024-08-09 09:34:52,122300.0,600,Buy,230450890
2024-08-09 09:35:00,122200.0,100,Sell,230451015
2024-08-09 09:35:18,122400.0,400,Buy,230451321
2024-08-09 09:35:19,122300.0,700,Sell,230451332
2024-08-09 09:35:19,122200.0,300,Sell,230451333
2024-08-09 09:35:20,122200.0,100,Sell,230451365
2024-08-09 09:35:27,122300.0,100,Buy,230451532
2024-08-09 09:35:30,122300.0,100,Buy,230451569
2024-08-09 09:35:40,122300.0,100,Sell,230451735
2024-08-09 09:36:00,122300.0,100,Sell,230452118
2024-08-09 09:36:02,122300.0,200,Sell,230452126
2024-08-09 09:36:03,122300.0,100,Sell,230452161
2024-08-09 09:36:15,122400.0,100,Buy,230452342
2024-08-09 09:36:20,122300.0,100,Sell,230452445
2024-08-09 09:36:21,122400.0,200,Buy,230452458
2024-08-09 09:36:25,122400.0,1000,Buy,230452543
2024-08-09 09:36:26,122400.0,1000,Buy,230452571
2024-08-09 09:36:26,122400.0,1000,Buy,230452568
2024-08-09 09:36:26,122400.0,300,Buy,230452569
2024-08-09 09:36:26,122400.0,200,Buy,230452570
2024-08-09 09:36:26,122400.0,500,Buy,230452572
2024-08-09 09:36:26,122400.0,2100,Buy,230452579
2024-08-09 09:36:26,122400.0,100,Buy,230452574
2024-08-09 09:36:26,122400.0,100,Buy,230452575
2024-08-09 09:36:26,122400.0,100,Buy,230452576
2024-08-09 09:36:26,122400.0,1000,Buy,230452577
2024-08-09 09:36:26,122400.0,500,Buy,230452567
2024-08-09 09:36:26,122400.0,17000,Buy,230452573
2024-08-09 09:36:26,122400.0,100,Buy,230452566
2024-08-09 09:36:26,122400.0,100,Buy,230452578
2024-08-09 09:36:26,122400.0,1000,Buy,230452556
2024-08-09 09:36:26,122400.0,300,Buy,230452544
2024-08-09 09:36:26,122400.0,100,Buy,230452545
2024-08-09 09:36:26,122400.0,100,Buy,230452546
2024-08-09 09:36:26,122400.0,1000,Buy,230452547
2024-08-09 09:36:26,122400.0,200,Buy,230452548
2024-08-09 09:36:26,122400.0,1000,Buy,230452549
2024-08-09 09:36:26,122400.0,100,Buy,230452557
2024-08-09 09:36:26,122400.0,500,Buy,230452551
2024-08-09 09:36:26,122400.0,1000,Buy,230452555
2024-08-09 09:36:26,122400.0,200,Buy,230452554
2024-08-09 09:36:26,122400.0,200,Buy,230452550
2024-08-09 09:36:26,122400.0,100,Buy,230452552
2024-08-09 09:36:26,122400.0,100,Buy,230452553
2024-08-09 09:36:30,122400.0,2000,Buy,230452666
2024-08-09 09:36:31,122400.0,900,Buy,230452669
2024-08-09 09:36:31,122400.0,200,Buy,230452670
2024-08-09 09:36:31,122400.0,500,Buy,230452671
2024-08-09 09:36:31,122400.0,200,Buy,230452672
2024-08-09 09:36:31,122400.0,300,Buy,230452673
2024-08-09 09:36:31,122400.0,700,Buy,230452674
2024-08-09 09:36:33,122400.0,100,Buy,230452750
2024-08-09 09:36:33,122400.0,600,Buy,230452749
2024-08-09 09:36:35,122400.0,1900,Buy,230452798
2024-08-09 09:36:35,122400.0,100,Buy,230452800
2024-08-09 09:36:35,122400.0,200,Buy,230452801
2024-08-09 09:36:35,122400.0,100,Buy,230452802
2024-08-09 09:36:35,122400.0,100,Buy,230452803
2024-08-09 09:36:35,122400.0,100,Buy,230452799
2024-08-09 09:36:39,122400.0,900,Buy,230452851
2024-08-09 09:36:39,122400.0,1000,Buy,230452852
2024-08-09 09:36:39,122400.0,100,Buy,230452853
2024-08-09 09:36:39,122400.0,100,Buy,230452854
2024-08-09 09:36:39,122400.0,100,Buy,230452855
2024-08-09 09:36:39,122400.0,300,Buy,230452856
2024-08-09 09:36:40,122400.0,200,Buy,230452885
2024-08-09 09:36:41,122300.0,100,Sell,230452887
2024-08-09 09:36:42,122400.0,2500,Buy,230452914
2024-08-09 09:36:42,122400.0,1000,Buy,230452919
2024-08-09 09:36:42,122400.0,100,Buy,230452918
2024-08-09 09:36:42,122400.0,500,Buy,230452916
2024-08-09 09:36:42,122400.0,100,Buy,230452917
2024-08-09 09:36:42,122400.0,200,Buy,230452915
2024-08-09 09:36:54,122500.0,900,Buy,230453115
2024-08-09 09:36:54,122500.0,500,Buy,230453114
2024-08-09 09:36:54,122500.0,100,Buy,230453112
2024-08-09 09:36:54,122500.0,1000,Buy,230453111
2024-08-09 09:36:54,122500.0,100,Buy,230453110
2024-08-09 09:36:54,122500.0,100,Buy,230453113
2024-08-09 09:36:54,122500.0,600,Buy,230453108
2024-08-09 09:36:54,122500.0,100,Buy,230453107
2024-08-09 09:36:54,122500.0,300,Buy,230453106
2024-08-09 09:36:54,122500.0,500,Buy,230453105
2024-08-09 09:36:54,122500.0,100,Buy,230453104
2024-08-09 09:36:54,122500.0,200,Buy,230453103
2024-08-09 09:36:54,122500.0,500,Buy,230453109
2024-08-09 09:37:00,122500.0,700,Buy,230453199
2024-08-09 09:37:00,122500.0,100,Buy,230453198
2024-08-09 09:37:00,122500.0,100,Buy,230453197
2024-08-09 09:37:00,122500.0,100,Buy,230453196
2024-08-09 09:37:00,122500.0,100,Buy,230453194
2024-08-09 09:37:00,122500.0,100,Buy,230453193
2024-08-09 09:37:00,122500.0,100,Buy,230453195
2024-08-09 09:37:01,122400.0,100,Sell,230453213
2024-08-09 09:37:07,122400.0,300,Sell,230453317
2024-08-09 09:37:08,122500.0,200,Buy,230453320
2024-08-09 09:37:19,122400.0,200,Sell,230453505
2024-08-09 09:37:21,122400.0,100,Sell,230453532
2024-08-09 09:37:23,122500.0,500,Buy,230453578
2024-08-09 09:37:23,122500.0,1000,Buy,230453577
2024-08-09 09:37:23,122500.0,200,Buy,230453575
2024-08-09 09:37:23,122500.0,100,Buy,230453576
2024-08-09 09:37:23,122500.0,100,Buy,230453574
2024-08-09 09:37:30,122500.0,500,Buy,230453699
2024-08-09 09:37:39,122500.0,100,Buy,230453857
2024-08-09 09:37:40,122500.0,200,Buy,230453874
2024-08-09 09:37:41,122400.0,100,Sell,230453891
2024-08-09 09:37:51,122500.0,400,Buy,230454103
2024-08-09 09:37:51,122500.0,100,Buy,230454104
2024-08-09 09:37:55,122500.0,100,Buy,230454180
2024-08-09 09:37:55,122500.0,100,Buy,230454190
2024-08-09 09:38:01,122400.0,100,Sell,230454332
2024-08-09 09:38:12,122400.0,100,Sell,230454536
2024-08-09 09:38:14,122500.0,100,Buy,230454565
2024-08-09 09:38:14,122500.0,100,Buy,230454566
2024-08-09 09:38:14,122500.0,100,Buy,230454567
2024-08-09 09:38:14,122500.0,400,Buy,230454568
2024-08-09 09:38:16,122500.0,100,Buy,230454612
2024-08-09 09:38:16,122500.0,100,Buy,230454611
2024-08-09 09:38:21,122400.0,100,Sell,230454688
2024-08-09 09:38:23,122500.0,200,Buy,230454739
2024-08-09 09:38:28,122500.0,200,Buy,230454844
2024-08-09 09:38:28,122500.0,100,Buy,230454845
2024-08-09 09:38:28,122500.0,100,Buy,230454851
2024-08-09 09:38:40,122500.0,300,Buy,230455055
2024-08-09 09:38:40,122500.0,200,Buy,230455056
2024-08-09 09:38:41,122500.0,800,Buy,230455061
2024-08-09 09:38:41,122500.0,100,Buy,230455063
2024-08-09 09:38:41,122400.0,100,Sell,230455068
2024-08-09 09:38:41,122500.0,100,Buy,230455062
2024-08-09 09:38:44,122500.0,400,Buy,230455137
2024-08-09 09:38:44,122500.0,100,Buy,230455138
2024-08-09 09:38:45,122500.0,100,Buy,230455152
2024-08-09 09:38:45,122500.0,800,Buy,230455155
2024-08-09 09:38:45,122500.0,200,Buy,230455154
2024-08-09 09:38:45,122500.0,100,Buy,230455153
2024-08-09 09:38:45,122500.0,500,Buy,230455150
2024-08-09 09:38:45,122500.0,100,Buy,230455149
2024-08-09 09:38:45,122500.0,300,Buy,230455146
2024-08-09 09:38:45,122500.0,100,Buy,230455151
2024-08-09 09:38:45,122500.0,100,Buy,230455148
2024-08-09 09:38:45,122500.0,200,Buy,230455147
2024-08-09 09:38:47,122500.0,2500,Buy,230455189
2024-08-09 09:38:49,122500.0,1000,Buy,230455214
2024-08-09 09:38:49,122500.0,700,Buy,230455224
2024-08-09 09:38:49,122500.0,100,Buy,230455225
2024-08-09 09:38:49,122500.0,300,Buy,230455227
2024-08-09 09:38:49,122500.0,100,Buy,230455228
2024-08-09 09:38:49,122500.0,100,Buy,230455229
2024-08-09 09:38:49,122500.0,100,Buy,230455230
2024-08-09 09:38:49,122500.0,400,Buy,230455231
2024-08-09 09:38:49,122500.0,100,Buy,230455226
2024-08-09 09:38:51,122500.0,100,Sell,230455251
2024-08-09 09:39:01,122500.0,100,Sell,230455431
2024-08-09 09:39:04,122600.0,100,Buy,230455476
2024-08-09 09:39:09,122500.0,300,Sell,230455567
2024-08-09 09:39:10,122600.0,100,Buy,230455577
2024-08-09 09:39:10,122600.0,200,Buy,230455578
2024-08-09 09:39:10,122600.0,100,Buy,230455579
2024-08-09 09:39:10,122600.0,200,Buy,230455580
2024-08-09 09:39:10,122600.0,900,Buy,230455581
2024-08-09 09:39:10,122600.0,100,Buy,230455582
2024-08-09 09:39:10,122600.0,100,Buy,230455583
2024-08-09 09:39:10,122600.0,100,Buy,230455584
2024-08-09 09:39:10,122600.0,200,Buy,230455585
2024-08-09 09:39:10,122600.0,500,Buy,230455586
2024-08-09 09:39:10,122600.0,1000,Buy,230455587
2024-08-09 09:39:10,122600.0,200,Buy,230455588
2024-08-09 09:39:10,122700.0,100,Buy,230455589
2024-08-09 09:39:10,122700.0,100,Buy,230455590
2024-08-09 09:39:16,122700.0,200,Buy,230455663
2024-08-09 09:39:21,122500.0,100,Sell,230455729
2024-08-09 09:39:41,122600.0,100,Sell,230456044
2024-08-09 09:39:49,122600.0,100,Sell,230456132
2024-08-09 09:39:51,122600.0,800,Sell,230456175
2024-08-09 09:39:55,122600.0,100,Buy,230456215
2024-08-09 09:39:55,122600.0,700,Buy,230456218
2024-08-09 09:40:02,122500.0,100,Sell,230456350
2024-08-09 09:40:21,122500.0,100,Sell,230456694
2024-08-09 09:40:22,122500.0,100,Sell,230456701
2024-08-09 09:40:24,122600.0,400,Buy,230456759
2024-08-09 09:40:26,122600.0,100,Buy,230456832
2024-08-09 09:40:29,122600.0,100,Buy,230456923
2024-08-09 09:40:29,122600.0,200,Buy,230456933
2024-08-09 09:40:42,122500.0,100,Sell,230457139
2024-08-09 09:40:46,122500.0,100,Sell,230457195
2024-08-09 09:40:50,122500.0,100,Sell,230457265
2024-08-09 09:40:57,122500.0,100,Sell,230457369
2024-08-09 09:41:02,122500.0,100,Sell,230457443
2024-08-09 09:41:12,122600.0,100,Buy,230457592
2024-08-09 09:41:12,122500.0,100,Sell,230457601
2024-08-09 09:41:22,122500.0,100,Sell,230457704
2024-08-09 09:41:34,122500.0,100,Sell,230457906
2024-08-09 09:41:36,122600.0,600,Buy,230457956
2024-08-09 09:41:42,122500.0,100,Sell,230458027
2024-08-09 09:41:44,122600.0,300,Buy,230458065
2024-08-09 09:41:51,122600.0,100,Buy,230458170
2024-08-09 09:41:53,122600.0,100,Buy,230458227
2024-08-09 09:41:57,122600.0,100,Buy,230458306
2024-08-09 09:42:02,122500.0,100,Sell,230458415
2024-08-09 09:42:11,122600.0,300,Buy,230458553
2024-08-09 09:42:17,122600.0,100,Buy,230458616
2024-08-09 09:42:18,122600.0,200,Buy,230458620
2024-08-09 09:42:23,122500.0,400,Sell,230458707
2024-08-09 09:42:23,122500.0,300,Sell,230458706
2024-08-09 09:42:23,122500.0,300,Sell,230458705
2024-08-09 09:42:23,122500.0,500,Sell,230458704
2024-08-09 09:42:23,122500.0,1000,Sell,230458703
2024-08-09 09:42:23,122500.0,4000,Sell,230458701
2024-08-09 09:42:23,122500.0,100,Sell,230458676
2024-08-09 09:42:23,122500.0,3000,Sell,230458702
2024-08-09 09:42:23,122500.0,300,Sell,230458700
2024-08-09 09:42:23,122500.0,200,Sell,230458699
2024-08-09 09:42:25,122600.0,400,Buy,230458724
2024-08-09 09:42:25,122600.0,600,Buy,230458725
2024-08-09 09:42:26,122600.0,1900,Buy,230458750
2024-08-09 09:42:31,122600.0,1500,Buy,230458826
2024-08-09 09:42:31,122600.0,500,Buy,230458827
2024-08-09 09:42:31,122600.0,400,Buy,230458828
2024-08-09 09:42:31,122600.0,100,Buy,230458829
2024-08-09 09:42:31,122600.0,500,Buy,230458830
2024-08-09 09:42:32,122600.0,200,Buy,230458874
2024-08-09 09:42:33,122600.0,100,Buy,230458878
2024-08-09 09:42:33,122600.0,100,Buy,230458879
2024-08-09 09:42:33,122600.0,300,Buy,230458876
2024-08-09 09:42:33,122600.0,100,Buy,230458877
2024-08-09 09:42:35,122700.0,100,Buy,230458923
2024-08-09 09:42:35,122700.0,100,Buy,230458924
2024-08-09 09:42:36,122600.0,400,Sell,230458928
2024-08-09 09:42:36,122600.0,100,Sell,230458929
2024-08-09 09:42:36,122600.0,100,Sell,230458930
2024-08-09 09:42:40,122600.0,400,Buy,230459043
2024-08-09 09:42:42,122600.0,1000,Buy,230459067
2024-08-09 09:42:43,122500.0,100,Sell,230459073
2024-08-09 09:42:48,122600.0,1000,Sell,230459134
2024-08-09 09:42:56,122600.0,400,Buy,230459315
2024-08-09 09:43:03,122500.0,100,Sell,230459437
2024-08-09 09:43:04,122500.0,300,Sell,230459449
2024-08-09 09:43:05,122600.0,2000,Buy,230459482
2024-08-09 09:43:17,122600.0,200,Buy,230459638
2024-08-09 09:43:17,122600.0,100,Buy,230459642
2024-08-09 09:43:17,122600.0,1400,Buy,230459637
2024-08-09 09:43:17,122600.0,500,Buy,230459639
2024-08-09 09:43:20,122600.0,1000,Buy,230459677
2024-08-09 09:43:23,122500.0,100,Sell,230459731
2024-08-09 09:43:23,122600.0,500,Buy,230459721
2024-08-09 09:43:29,122500.0,500,Sell,230459826
2024-08-09 09:43:29,122500.0,100,Sell,230459825
2024-08-09 09:43:29,122500.0,500,Sell,230459822
2024-08-09 09:43:29,122500.0,500,Sell,230459821
2024-08-09 09:43:29,122500.0,100,Sell,230459820
2024-08-09 09:43:29,122500.0,2000,Sell,230459824
2024-08-09 09:43:29,122500.0,100,Sell,230459818
2024-08-09 09:43:29,122500.0,100,Sell,230459819
2024-08-09 09:43:29,122500.0,900,Sell,230459813
2024-08-09 09:43:29,122500.0,3000,Sell,230459814
2024-08-09 09:43:29,122500.0,100,Sell,230459823
2024-08-09 09:43:29,122500.0,6900,Sell,230459816
2024-08-09 09:43:29,122500.0,100,Sell,230459817
2024-08-09 09:43:29,122500.0,100,Sell,230459815
2024-08-09 09:43:39,122600.0,100,Buy,230459977
2024-08-09 09:43:43,122500.0,100,Sell,230460089
2024-08-09 09:43:46,122600.0,100,Buy,230460133
2024-08-09 09:43:55,122600.0,200,Buy,230460241
2024-08-09 09:43:55,122600.0,200,Buy,230460242
2024-08-09 09:43:55,122600.0,100,Buy,230460243
2024-08-09 09:43:55,122600.0,100,Buy,230460244
2024-08-09 09:44:01,122600.0,100,Sell,230460366
2024-08-09 09:44:03,122600.0,100,Sell,230460399
2024-08-09 09:44:23,122600.0,100,Sell,230460740
2024-08-09 09:44:24,122600.0,100,Sell,230460754
2024-08-09 09:44:28,122600.0,500,Sell,230460852
2024-08-09 09:44:28,122600.0,100,Sell,230460851
2024-08-09 09:44:32,122600.0,200,Sell,230460895
2024-08-09 09:44:38,122600.0,100,Sell,230460959
2024-08-09 09:44:40,122600.0,100,Sell,230460985
2024-08-09 09:44:40,122600.0,100,Sell,230460986
2024-08-09 09:44:40,122600.0,200,Sell,230460987
2024-08-09 09:44:40,122600.0,100,Sell,230460988
2024-08-09 09:44:43,122700.0,100,Buy,230461014
2024-08-09 09:44:43,122600.0,100,Sell,230461022
2024-08-09 09:44:45,122600.0,100,Sell,230461070
2024-08-09 09:44:58,122700.0,700,Buy,230461308
2024-08-09 09:45:03,122600.0,100,Sell,230461362
2024-08-09 09:45:24,122600.0,100,Sell,230461651
2024-08-09 09:45:28,122600.0,300,Sell,230461729
2024-08-09 09:45:28,122600.0,200,Sell,230461728
2024-08-09 09:45:28,122600.0,500,Sell,230461727
2024-08-09 09:45:29,122700.0,400,Buy,230461741
2024-08-09 09:45:36,122600.0,900,Sell,230461871
2024-08-09 09:45:36,122600.0,100,Sell,230461872
2024-08-09 09:45:36,122600.0,100,Sell,230461873
2024-08-09 09:45:36,122600.0,1000,Sell,230461874
2024-08-09 09:45:36,122600.0,100,Sell,230461875
2024-08-09 09:45:44,122600.0,100,Sell,230462054
2024-08-09 09:45:44,122600.0,100,Sell,230462070
2024-08-09 09:45:57,122600.0,1000,Sell,230462279
2024-08-09 09:46:03,122600.0,100,Sell,230462423
2024-08-09 09:46:04,122600.0,100,Sell,230462440
2024-08-09 09:46:08,122700.0,100,Buy,230462486
2024-08-09 09:46:08,122600.0,1400,Sell,230462496
2024-08-09 09:46:17,122700.0,100,Buy,230462651
2024-08-09 09:46:17,122700.0,2000,Buy,230462639
2024-08-09 09:46:24,122600.0,100,Sell,230462755
2024-08-09 09:46:24,122600.0,1000,Sell,230462756
2024-08-09 09:46:39,122700.0,700,Buy,230463027
2024-08-09 09:46:44,122600.0,100,Sell,230463121
2024-08-09 09:46:45,122700.0,700,Buy,230463127
2024-08-09 09:46:53,122600.0,5000,Sell,230463296
2024-08-09 09:47:01,122600.0,1000,Sell,230463455
2024-08-09 09:47:01,122700.0,2000,Buy,230463463
2024-08-09 09:47:04,122600.0,100,Sell,230463511
2024-08-09 09:47:24,122600.0,100,Sell,230463950
2024-08-09 09:47:30,122600.0,200,Sell,230464036
2024-08-09 09:47:30,122600.0,100,Sell,230464037
2024-08-09 09:47:30,122600.0,200,Sell,230464038
2024-08-09 09:47:32,122700.0,100,Buy,230464079
2024-08-09 09:47:40,122600.0,500,Sell,230464268
2024-08-09 09:47:42,122600.0,600,Sell,230464321
2024-08-09 09:47:42,122600.0,400,Sell,230464322
2024-08-09 09:47:44,122600.0,100,Sell,230464359
2024-08-09 09:47:47,122600.0,100,Sell,230464410
2024-08-09 09:47:50,122600.0,500,Sell,230464507
2024-08-09 09:47:50,122600.0,1000,Sell,230464508
2024-08-09 09:47:50,122600.0,500,Sell,230464509
2024-08-09 09:47:50,122600.0,100,Sell,230464510
2024-08-09 09:47:50,122600.0,1000,Sell,230464511
2024-08-09 09:47:50,122600.0,100,Sell,230464512
2024-08-09 09:47:50,122600.0,300,Sell,230464513
2024-08-09 09:47:50,122600.0,500,Sell,230464514
2024-08-09 09:47:50,122600.0,200,Sell,230464515
2024-08-09 09:47:50,122600.0,1000,Sell,230464516
2024-08-09 09:47:50,122600.0,2400,Sell,230464517
2024-08-09 09:47:50,122600.0,600,Sell,230464506
2024-08-09 09:47:52,122600.0,100,Buy,230464546
2024-08-09 09:47:56,122600.0,200,Buy,230464603
2024-08-09 09:48:01,122600.0,100,Buy,230464690
2024-08-09 09:48:01,122600.0,400,Buy,230464688
2024-08-09 09:48:04,122500.0,100,Sell,230464766
2024-08-09 09:48:20,122600.0,600,Buy,230465107
2024-08-09 09:48:25,122500.0,100,Sell,230465173
2024-08-09 09:48:36,122600.0,400,Buy,230465375
2024-08-09 09:48:41,122500.0,200,Sell,230465485
2024-08-09 09:48:41,122500.0,300,Sell,230465486
2024-08-09 09:48:41,122500.0,100,Sell,230465487
2024-08-09 09:48:41,122500.0,4400,Sell,230465488
2024-08-09 09:48:45,122500.0,100,Sell,230465560
2024-08-09 09:48:47,122600.0,300,Buy,230465596
2024-08-09 09:48:57,122600.0,100,Buy,230465768
2024-08-09 09:48:57,122600.0,1100,Buy,230465769
2024-08-09 09:49:03,122500.0,1800,Sell,230465890
2024-08-09 09:49:03,122500.0,500,Sell,230465888
2024-08-09 09:49:03,122500.0,200,Sell,230465889
2024-08-09 09:49:05,122500.0,100,Sell,230465912
2024-08-09 09:49:19,122500.0,100,Sell,230466326
2024-08-09 09:49:19,122500.0,600,Sell,230466327
2024-08-09 09:49:25,122500.0,100,Sell,230466429
2024-08-09 09:49:45,122500.0,100,Sell,230466816
2024-08-09 09:49:53,122500.0,100,Sell,230466974
2024-08-09 09:50:01,122600.0,700,Buy,230467159
2024-08-09 09:50:05,122500.0,100,Sell,230467265
2024-08-09 09:50:12,122500.0,100,Sell,230467399
2024-08-09 09:50:20,122600.0,100,Buy,230467563
2024-08-09 09:50:25,122500.0,100,Sell,230467711
2024-08-09 09:50:34,122600.0,400,Buy,230467931
2024-08-09 09:50:45,122600.0,200,Buy,230468201
2024-08-09 09:50:46,122500.0,100,Sell,230468212
2024-08-09 09:50:59,122600.0,300,Buy,230468623
2024-08-09 09:51:06,122500.0,100,Sell,230468759
2024-08-09 09:51:22,122500.0,400,Sell,230469083
2024-08-09 09:51:22,122500.0,900,Sell,230469081
2024-08-09 09:51:22,122500.0,2000,Sell,230469082
2024-08-09 09:51:26,122500.0,100,Sell,230469264
2024-08-09 09:51:42,122600.0,700,Buy,230469639
2024-08-09 09:51:46,122600.0,100,Buy,230469692
2024-08-09 09:51:46,122500.0,100,Sell,230469696
2024-08-09 09:52:06,122500.0,100,Sell,230470229
2024-08-09 09:52:15,122500.0,100,Sell,230470438
2024-08-09 09:52:16,122600.0,200,Buy,230470449
2024-08-09 09:52:16,122600.0,200,Buy,230470458
2024-08-09 09:52:25,122600.0,200,Buy,230470733
2024-08-09 09:52:26,122500.0,100,Sell,230470753
2024-08-09 09:52:40,122500.0,200,Sell,230471137
2024-08-09 09:52:40,122600.0,100,Buy,230471138
2024-08-09 09:52:40,122500.0,300,Sell,230471135
2024-08-09 09:52:40,122600.0,300,Buy,230471134
2024-08-09 09:52:40,122500.0,500,Sell,230471136
2024-08-09 09:52:41,122600.0,1300,Buy,230471204
2024-08-09 09:52:44,122600.0,500,Buy,230471297
2024-08-09 09:52:46,122500.0,100,Sell,230471338
2024-08-09 09:53:07,122500.0,100,Sell,230471965
2024-08-09 09:53:07,122600.0,400,Buy,230471970
2024-08-09 09:53:10,122600.0,100,Buy,230472029
2024-08-09 09:53:23,122600.0,300,Buy,230472475
2024-08-09 09:53:23,122500.0,100,Sell,230472482
2024-08-09 09:53:23,122600.0,600,Buy,230472483
2024-08-09 09:53:27,122500.0,100,Sell,230472692
2024-08-09 09:53:33,122600.0,600,Buy,230472871
2024-08-09 09:53:33,122600.0,1200,Buy,230472868
2024-08-09 09:53:33,122600.0,600,Buy,230472870
2024-08-09 09:53:34,122500.0,100,Sell,230472881
2024-08-09 09:53:40,122600.0,2000,Buy,230473061
2024-08-09 09:53:47,122500.0,100,Sell,230473224
2024-08-09 09:54:07,122500.0,100,Sell,230473744
2024-08-09 09:54:27,122500.0,100,Sell,230474185
2024-08-09 09:54:34,122600.0,100,Buy,230474319
2024-08-09 09:54:47,122500.0,100,Sell,230474605
2024-08-09 09:55:04,122600.0,700,Buy,230475016
2024-08-09 09:55:08,122500.0,100,Sell,230475381
2024-08-09 09:55:10,122600.0,1000,Buy,230475466
2024-08-09 09:55:19,122600.0,600,Buy,230475681
2024-08-09 09:55:19,122600.0,100,Buy,230475682
2024-08-09 09:55:19,122600.0,2300,Buy,230475683
2024-08-09 09:55:20,122600.0,800,Buy,230475775
2024-08-09 09:55:28,122500.0,100,Sell,230475951
2024-08-09 09:55:31,122600.0,200,Buy,230476019
2024-08-09 09:55:31,122600.0,200,Buy,230476026
2024-08-09 09:55:39,122600.0,400,Buy,230476193
2024-08-09 09:55:42,122600.0,4000,Buy,230476324
2024-08-09 09:55:43,122600.0,200,Buy,230476353
2024-08-09 09:55:46,122600.0,200,Buy,230476415
2024-08-09 09:55:48,122600.0,300,Buy,230476438
2024-08-09 09:55:48,122500.0,100,Sell,230476440
2024-08-09 09:55:54,122500.0,100,Sell,230476676
2024-08-09 09:55:59,122600.0,100,Buy,230476840
2024-08-09 09:56:00,122600.0,300,Buy,230476862
2024-08-09 09:56:08,122500.0,100,Sell,230477170
2024-08-09 09:56:08,122600.0,100,Buy,230477175
2024-08-09 09:56:28,122500.0,100,Sell,230477827
2024-08-09 09:56:45,122600.0,700,Buy,230478272
2024-08-09 09:56:48,122500.0,100,Sell,230478393
2024-08-09 09:57:07,122600.0,700,Buy,230478845
2024-08-09 09:57:07,122600.0,100,Buy,230478844
2024-08-09 09:57:07,122600.0,200,Buy,230478843
2024-08-09 09:57:08,122500.0,100,Sell,230478923
2024-08-09 09:57:08,122600.0,100,Buy,230478922
2024-08-09 09:57:08,122600.0,4300,Buy,230478918
2024-08-09 09:57:08,122600.0,100,Buy,230478920
2024-08-09 09:57:08,122600.0,100,Buy,230478919
2024-08-09 09:57:08,122600.0,400,Buy,230478921
2024-08-09 09:57:15,122600.0,100,Buy,230479038
2024-08-09 09:57:15,122600.0,700,Buy,230479039
2024-08-09 09:57:16,122600.0,1000,Buy,230479081
2024-08-09 09:57:17,122600.0,1000,Buy,230479084
2024-08-09 09:57:18,122600.0,500,Buy,230479148
2024-08-09 09:57:24,122600.0,100,Buy,230479283
2024-08-09 09:57:25,122600.0,1000,Buy,230479332
2024-08-09 09:57:28,122500.0,100,Sell,230479426
2024-08-09 09:57:29,122600.0,300,Buy,230479439
2024-08-09 09:57:37,122600.0,300,Buy,230479609
2024-08-09 09:57:41,122600.0,1300,Buy,230479693
2024-08-09 09:57:49,122500.0,100,Sell,230479848
2024-08-09 09:58:00,122600.0,900,Buy,230480079
2024-08-09 09:58:09,122500.0,100,Sell,230480368
2024-08-09 09:58:12,122600.0,400,Buy,230480427
2024-08-09 09:58:18,122600.0,2500,Buy,230480614
2024-08-09 09:58:18,122600.0,100,Buy,230480615
2024-08-09 09:58:18,122600.0,400,Buy,230480616
2024-08-09 09:58:26,122600.0,200,Buy,230480799
2024-08-09 09:58:26,122600.0,100,Buy,230480798
2024-08-09 09:58:26,122600.0,100,Buy,230480800
2024-08-09 09:58:26,122600.0,100,Buy,230480796
2024-08-09 09:58:26,122600.0,100,Buy,230480795
2024-08-09 09:58:26,122600.0,100,Buy,230480797
2024-08-09 09:58:27,122600.0,900,Buy,230480808
2024-08-09 09:58:27,122600.0,100,Buy,230480809
2024-08-09 09:58:29,122500.0,100,Sell,230480830
2024-08-09 09:58:29,122600.0,200,Buy,230480834
2024-08-09 09:58:29,122600.0,100,Buy,230480835
2024-08-09 09:58:29,122600.0,100,Buy,230480836
2024-08-09 09:58:29,122600.0,100,Buy,230480837
2024-08-09 09:58:29,122600.0,500,Buy,230480838
2024-08-09 09:58:49,122600.0,100,Sell,230481320
2024-08-09 09:58:49,122700.0,100,Buy,230481313
2024-08-09 09:58:50,122700.0,200,Buy,230481361
2024-08-09 09:58:50,122700.0,200,Buy,230481388
2024-08-09 09:58:57,122700.0,1300,Buy,230481497
2024-08-09 09:59:07,122700.0,2000,Buy,230481831
2024-08-09 09:59:09,122600.0,100,Sell,230481865
2024-08-09 09:59:14,122700.0,500,Buy,230482132
2024-08-09 09:59:29,122600.0,100,Sell,230482435
2024-08-09 09:59:39,122600.0,100,Sell,230482857
2024-08-09 09:59:43,122600.0,200,Sell,230482947
2024-08-09 09:59:50,122600.0,100,Sell,230483116
2024-08-09 09:59:57,122700.0,100,Buy,230483277
2024-08-09 09:59:59,122700.0,600,Buy,230483331
2024-08-09 09:59:59,122700.0,1200,Buy,230483333
2024-08-09 10:00:00,122700.0,1200,Buy,230483336
2024-08-09 10:00:03,122600.0,100,Sell,230483391
2024-08-09 10:00:07,122700.0,600,Buy,230483441
2024-08-09 10:00:10,122600.0,100,Sell,230483479
2024-08-09 10:00:13,122700.0,100,Buy,230483532
2024-08-09 10:00:30,122700.0,1000,Buy,230484068
2024-08-09 10:00:30,122700.0,100,Buy,230484060
2024-08-09 10:00:30,122700.0,200,Buy,230484062
2024-08-09 10:00:30,122700.0,100,Buy,230484063
2024-08-09 10:00:30,122700.0,500,Buy,230484064
2024-08-09 10:00:30,122700.0,100,Buy,230484065
2024-08-09 10:00:30,122700.0,1600,Buy,230484066
2024-08-09 10:00:30,122700.0,100,Buy,230484067
2024-08-09 10:00:30,122700.0,200,Buy,230484069
2024-08-09 10:00:30,122700.0,2500,Buy,230484078
2024-08-09 10:00:30,122700.0,300,Buy,230484071
2024-08-09 10:00:30,122700.0,200,Buy,230484072
2024-08-09 10:00:30,122700.0,1000,Buy,230484073
2024-08-09 10:00:30,122700.0,100,Buy,230484074
2024-08-09 10:00:30,122700.0,100,Buy,230484075
2024-08-09 10:00:30,122700.0,1000,Buy,230484076
2024-08-09 10:00:30,122700.0,100,Buy,230484077
2024-08-09 10:00:30,122700.0,200,Buy,230484059
2024-08-09 10:00:30,122700.0,2000,Buy,230484070
2024-08-09 10:00:30,122700.0,100,Buy,230484058
2024-08-09 10:00:30,122700.0,100,Buy,230484041
2024-08-09 10:00:30,122700.0,400,Buy,230484056
2024-08-09 10:00:30,122700.0,9600,Buy,230484038
2024-08-09 10:00:30,122700.0,100,Buy,230484039
2024-08-09 10:00:30,122700.0,100,Buy,230484040
2024-08-09 10:00:30,122600.0,100,Sell,230484011
2024-08-09 10:00:30,122700.0,1000,Buy,230484042
2024-08-09 10:00:30,122700.0,100,Buy,230484043
2024-08-09 10:00:30,122700.0,100,Buy,230484044
2024-08-09 10:00:30,122700.0,200,Buy,230484045
2024-08-09 10:00:30,122700.0,1000,Buy,230484046
2024-08-09 10:00:30,122700.0,500,Buy,230484048
2024-08-09 10:00:30,122700.0,500,Buy,230484049
2024-08-09 10:00:30,122700.0,1000,Buy,230484050
2024-08-09 10:00:30,122700.0,1000,Buy,230484051
2024-08-09 10:00:30,122700.0,100,Buy,230484052
2024-08-09 10:00:30,122700.0,100,Buy,230484053
2024-08-09 10:00:30,122700.0,1900,Buy,230484054
2024-08-09 10:00:30,122700.0,100,Buy,230484055
2024-08-09 10:00:30,122700.0,100,Buy,230484047
2024-08-09 10:00:30,122700.0,500,Buy,230484057
2024-08-09 10:00:33,122700.0,2000,Buy,230484169
2024-08-09 10:00:45,122800.0,200,Buy,230484438
2024-08-09 10:00:45,122800.0,100,Buy,230484436
2024-08-09 10:00:45,122800.0,100,Buy,230484437
2024-08-09 10:00:50,122700.0,100,Sell,230484541
2024-08-09 10:00:52,122800.0,100,Buy,230484571
2024-08-09 10:00:52,122800.0,200,Buy,230484572
2024-08-09 10:00:52,122800.0,100,Buy,230484573
2024-08-09 10:00:52,122800.0,1000,Buy,230484574
2024-08-09 10:00:52,122800.0,1000,Buy,230484575
2024-08-09 10:00:52,122800.0,100,Buy,230484576
2024-08-09 10:00:56,122800.0,100,Buy,230484664
2024-08-09 10:00:56,122800.0,100,Buy,230484665
2024-08-09 10:00:57,122800.0,2500,Buy,230484678
2024-08-09 10:00:59,122800.0,1300,Buy,230484712
2024-08-09 10:01:10,122700.0,100,Sell,230484968
2024-08-09 10:01:21,122800.0,2500,Buy,230485199
2024-08-09 10:01:22,122800.0,3000,Buy,230485205
2024-08-09 10:01:26,122800.0,600,Buy,230485276
2024-08-09 10:01:26,122800.0,1300,Buy,230485277
2024-08-09 10:01:26,122800.0,600,Buy,230485278
2024-08-09 10:01:27,122800.0,100,Buy,230485353
2024-08-09 10:01:27,122800.0,100,Buy,230485352
2024-08-09 10:01:27,122800.0,100,Buy,230485350
2024-08-09 10:01:27,122800.0,100,Buy,230485349
2024-08-09 10:01:27,122800.0,1000,Buy,230485351
2024-08-09 10:01:27,122800.0,100,Buy,230485344
2024-08-09 10:01:27,122800.0,1000,Buy,230485340
2024-08-09 10:01:27,122800.0,400,Buy,230485341
2024-08-09 10:01:27,122800.0,100,Buy,230485345
2024-08-09 10:01:27,122800.0,300,Buy,230485343
2024-08-09 10:01:27,122800.0,100,Buy,230485342
2024-08-09 10:01:30,122800.0,100,Sell,230485427
2024-08-09 10:01:38,122900.0,100,Buy,230485539
2024-08-09 10:01:42,122900.0,100,Buy,230485625
2024-08-09 10:01:42,122900.0,100,Buy,230485626
2024-08-09 10:01:42,122900.0,100,Buy,230485627
2024-08-09 10:01:45,122900.0,100,Buy,230485701
2024-08-09 10:01:45,122900.0,300,Buy,230485700
2024-08-09 10:01:45,122900.0,3600,Buy,230485702
2024-08-09 10:01:45,122900.0,100,Buy,230485691
2024-08-09 10:01:45,122900.0,100,Buy,230485690
2024-08-09 10:01:45,122900.0,100,Buy,230485689
2024-08-09 10:01:45,122900.0,4700,Buy,230485692
2024-08-09 10:01:48,122900.0,700,Buy,230485750
2024-08-09 10:01:50,122800.0,100,Sell,230485793
2024-08-09 10:02:02,122900.0,200,Buy,230486192
2024-08-09 10:02:02,122900.0,200,Buy,230486197
2024-08-09 10:02:06,122900.0,1300,Buy,230486312
2024-08-09 10:02:10,122800.0,100,Sell,230486399
2024-08-09 10:02:25,122900.0,3000,Buy,230486691
2024-08-09 10:02:31,122800.0,100,Sell,230486800
2024-08-09 10:02:36,122900.0,10000,Buy,230486914
2024-08-09 10:02:37,122900.0,600,Buy,230486935
2024-08-09 10:02:37,122900.0,300,Buy,230486934
2024-08-09 10:02:37,122900.0,4900,Buy,230486936
2024-08-09 10:02:37,122900.0,100,Buy,230486932
2024-08-09 10:02:37,122900.0,4000,Buy,230486931
2024-08-09 10:02:37,122900.0,100,Buy,230486933
2024-08-09 10:02:37,122900.0,2000,Buy,230486929
2024-08-09 10:02:42,122900.0,100,Buy,230487014
2024-08-09 10:02:42,122900.0,100,Buy,230487013
2024-08-09 10:02:42,122900.0,100,Buy,230487012
2024-08-09 10:02:43,122900.0,500,Buy,230487040
2024-08-09 10:02:45,122900.0,400,Buy,230487086
2024-08-09 10:02:45,122900.0,1000,Buy,230487087
2024-08-09 10:02:45,122900.0,500,Buy,230487088
2024-08-09 10:02:45,122900.0,100,Buy,230487089
2024-08-09 10:02:45,122900.0,500,Buy,230487090
2024-08-09 10:02:45,122900.0,100,Buy,230487091
2024-08-09 10:02:45,122900.0,400,Buy,230487092
2024-08-09 10:02:47,122900.0,100,Buy,230487138
2024-08-09 10:02:49,122900.0,1500,Buy,230487178
2024-08-09 10:02:50,122800.0,100,Sell,230487203
2024-08-09 10:02:51,122900.0,1000,Buy,230487226
2024-08-09 10:02:52,122900.0,2000,Buy,230487235
2024-08-09 10:02:53,122900.0,100,Buy,230487244
2024-08-09 10:02:53,122900.0,900,Buy,230487245
2024-08-09 10:02:54,122900.0,1000,Buy,230487256
2024-08-09 10:02:54,122900.0,500,Buy,230487257
2024-08-09 10:02:54,122900.0,1700,Buy,230487258
2024-08-09 10:02:54,122900.0,1000,Buy,230487259
2024-08-09 10:02:54,122900.0,100,Buy,230487260
2024-08-09 10:02:54,122900.0,800,Buy,230487255
2024-08-09 10:03:02,123000.0,100,Buy,230487427
2024-08-09 10:03:06,123000.0,200,Buy,230487493
2024-08-09 10:03:06,123000.0,600,Buy,230487494
2024-08-09 10:03:06,123000.0,100,Buy,230487495
2024-08-09 10:03:06,123000.0,100,Buy,230487496
2024-08-09 10:03:06,123000.0,500,Buy,230487497
2024-08-09 10:03:06,123000.0,500,Buy,230487498
2024-08-09 10:03:11,122900.0,100,Sell,230487589
2024-08-09 10:03:17,123000.0,400,Buy,230487696
2024-08-09 10:03:26,122900.0,100,Sell,230487852
2024-08-09 10:03:27,123000.0,600,Buy,230487887
2024-08-09 10:03:27,123000.0,100,Buy,230487886
2024-08-09 10:03:27,123000.0,100,Buy,230487883
2024-08-09 10:03:27,123000.0,100,Buy,230487884
2024-08-09 10:03:27,123000.0,100,Buy,230487885
2024-08-09 10:03:29,123000.0,700,Buy,230487931
2024-08-09 10:03:31,122900.0,500,Sell,230487971
2024-08-09 10:03:31,122900.0,100,Sell,230487972
2024-08-09 10:03:37,123000.0,1000,Buy,230488090
2024-08-09 10:03:44,123000.0,4000,Buy,230488238
2024-08-09 10:03:47,123000.0,4300,Buy,230488284
2024-08-09 10:03:47,123000.0,2000,Buy,230488283
2024-08-09 10:03:47,123000.0,43700,Buy,230488282
2024-08-09 10:03:48,123000.0,700,Buy,230488306
2024-08-09 10:03:48,123000.0,200,Buy,230488307
2024-08-09 10:03:48,123000.0,300,Buy,230488308
2024-08-09 10:03:48,123000.0,100,Buy,230488309
2024-08-09 10:03:48,123000.0,400,Buy,230488310
2024-08-09 10:03:51,123000.0,100,Buy,230488356
2024-08-09 10:03:51,122900.0,100,Sell,230488350
2024-08-09 10:03:52,123000.0,100,Buy,230488383
2024-08-09 10:03:52,123000.0,500,Buy,230488381
2024-08-09 10:03:52,123000.0,500,Buy,230488382
2024-08-09 10:03:53,123000.0,400,Buy,230488396
2024-08-09 10:03:53,123000.0,600,Buy,230488397
2024-08-09 10:03:54,123000.0,2000,Buy,230488417
2024-08-09 10:03:55,123000.0,600,Buy,230488421
2024-08-09 10:03:55,123000.0,500,Buy,230488422
2024-08-09 10:03:56,123000.0,200,Buy,230488456
2024-08-09 10:03:59,123000.0,100,Buy,230488532
2024-08-09 10:03:59,123000.0,200,Buy,230488531
2024-08-09 10:03:59,123000.0,100,Buy,230488530
2024-08-09 10:03:59,123000.0,500,Buy,230488529
2024-08-09 10:03:59,123000.0,1000,Buy,230488528
2024-08-09 10:03:59,123000.0,500,Buy,230488527
2024-08-09 10:03:59,123000.0,100,Buy,230488526
2024-08-09 10:03:59,123000.0,1000,Buy,230488521
2024-08-09 10:03:59,123000.0,100,Buy,230488524
2024-08-09 10:03:59,123000.0,200,Buy,230488523
2024-08-09 10:03:59,123000.0,500,Buy,230488522
2024-08-09 10:03:59,123000.0,100,Buy,230488520
2024-08-09 10:03:59,123000.0,2000,Buy,230488519
2024-08-09 10:03:59,123000.0,100,Buy,230488518
2024-08-09 10:03:59,123000.0,100,Buy,230488525
2024-08-09 10:03:59,123000.0,100,Buy,230488533
2024-08-09 10:03:59,123000.0,100,Buy,230488547
2024-08-09 10:03:59,123000.0,200,Buy,230488535
2024-08-09 10:03:59,123000.0,100,Buy,230488550
2024-08-09 10:03:59,123000.0,100,Buy,230488549
2024-08-09 10:03:59,123000.0,1700,Buy,230488548
2024-08-09 10:03:59,123000.0,200,Buy,230488546
2024-08-09 10:03:59,123000.0,1000,Buy,230488545
2024-08-09 10:03:59,123000.0,100,Buy,230488544
2024-08-09 10:03:59,123000.0,1000,Buy,230488517
2024-08-09 10:03:59,123000.0,200,Buy,230488543
2024-08-09 10:03:59,123000.0,100,Buy,230488542
2024-08-09 10:03:59,123000.0,900,Buy,230488541
2024-08-09 10:03:59,123000.0,1000,Buy,230488540
2024-08-09 10:03:59,123000.0,10000,Buy,230488539
2024-08-09 10:03:59,123000.0,400,Buy,230488538
2024-08-09 10:03:59,123000.0,100,Buy,230488537
2024-08-09 10:03:59,123000.0,300,Buy,230488536
2024-08-09 10:03:59,123000.0,3000,Buy,230488534
2024-08-09 10:03:59,123000.0,100,Buy,230488516
2024-08-09 10:03:59,123000.0,100,Buy,230488487
2024-08-09 10:03:59,123000.0,1000,Buy,230488514
2024-08-09 10:03:59,123000.0,500,Buy,230488494
2024-08-09 10:03:59,123000.0,100,Buy,230488493
2024-08-09 10:03:59,123000.0,500,Buy,230488492
2024-08-09 10:03:59,123000.0,100,Buy,230488491
2024-08-09 10:03:59,123000.0,100,Buy,230488490
2024-08-09 10:03:59,123000.0,500,Buy,230488489
2024-08-09 10:03:59,123000.0,100,Buy,230488495
2024-08-09 10:03:59,123000.0,1000,Buy,230488488
2024-08-09 10:03:59,123000.0,500,Buy,230488484
2024-08-09 10:03:59,123000.0,500,Buy,230488483
2024-08-09 10:03:59,123000.0,100,Buy,230488482
2024-08-09 10:03:59,123000.0,900,Buy,230488481
2024-08-09 10:03:59,123000.0,200,Buy,230488480
2024-08-09 10:03:59,123000.0,100,Buy,230488515
2024-08-09 10:03:59,123000.0,100,Buy,230488485
2024-08-09 10:03:59,123000.0,100,Buy,230488496
2024-08-09 10:03:59,123000.0,600,Buy,230488486
2024-08-09 10:03:59,123000.0,500,Buy,230488498
2024-08-09 10:03:59,123000.0,100,Buy,230488512
2024-08-09 10:03:59,123000.0,100,Buy,230488511
2024-08-09 10:03:59,123000.0,500,Buy,230488510
2024-08-09 10:03:59,123000.0,300,Buy,230488509
2024-08-09 10:03:59,123000.0,1000,Buy,230488508
2024-08-09 10:03:59,123000.0,200,Buy,230488507
2024-08-09 10:03:59,123000.0,300,Buy,230488497
2024-08-09 10:03:59,123000.0,300,Buy,230488513
2024-08-09 10:03:59,123000.0,100,Buy,230488505
2024-08-09 10:03:59,123000.0,100,Buy,230488499
2024-08-09 10:03:59,123000.0,1000,Buy,230488500
2024-08-09 10:03:59,123000.0,600,Buy,230488501
2024-08-09 10:03:59,123000.0,2000,Buy,230488506
2024-08-09 10:03:59,123000.0,500,Buy,230488503
2024-08-09 10:03:59,123000.0,1000,Buy,230488502
2024-08-09 10:03:59,123000.0,100,Buy,230488504
2024-08-09 10:04:09,123100.0,300,Buy,230488742
2024-08-09 10:04:09,123100.0,500,Buy,230488739
2024-08-09 10:04:09,123100.0,100,Buy,230488740
2024-08-09 10:04:09,123100.0,100,Buy,230488741
2024-08-09 10:04:10,123100.0,700,Buy,230488766
2024-08-09 10:04:10,123100.0,4300,Buy,230488767
2024-08-09 10:04:11,123000.0,100,Sell,230488791
2024-08-09 10:04:16,123100.0,100,Buy,230488892
2024-08-09 10:04:17,123100.0,200,Buy,230488921
2024-08-09 10:04:18,123100.0,100,Sell,230488934
2024-08-09 10:04:20,123100.0,100,Sell,230488956
2024-08-09 10:04:20,123100.0,900,Sell,230488955
2024-08-09 10:04:26,123200.0,100,Buy,230489068
2024-08-09 10:04:30,123200.0,100,Buy,230489118
2024-08-09 10:04:31,123100.0,100,Sell,230489143
2024-08-09 10:04:40,123100.0,800,Sell,230489431
2024-08-09 10:04:40,123100.0,200,Sell,230489434
2024-08-09 10:04:41,123100.0,100,Sell,230489459
2024-08-09 10:04:41,123200.0,800,Buy,230489460
2024-08-09 10:04:41,123200.0,200,Buy,230489461
2024-08-09 10:04:42,123200.0,100,Buy,230489470
2024-08-09 10:04:42,123200.0,100,Buy,230489471
2024-08-09 10:04:42,123200.0,100,Buy,230489472
2024-08-09 10:04:47,123100.0,100,Sell,230489559
2024-08-09 10:04:48,123200.0,300,Buy,230489576
2024-08-09 10:04:48,123200.0,300,Buy,230489578
2024-08-09 10:04:48,123200.0,100,Buy,230489575
2024-08-09 10:04:48,123200.0,300,Buy,230489577
2024-08-09 10:04:49,123200.0,100,Buy,230489588
2024-08-09 10:04:51,123100.0,100,Sell,230489632
2024-08-09 10:04:53,123200.0,1000,Buy,230489679
2024-08-09 10:04:54,123200.0,300,Buy,230489686
2024-08-09 10:04:55,123200.0,1200,Buy,230489733
2024-08-09 10:04:56,123200.0,100,Buy,230489734
2024-08-09 10:04:56,123200.0,1000,Buy,230489735
2024-08-09 10:04:56,123200.0,1100,Buy,230489752
2024-08-09 10:04:57,123200.0,100,Buy,230489791
2024-08-09 10:05:00,123200.0,200,Buy,230489858
2024-08-09 10:05:07,123200.0,100,Buy,230490004
2024-08-09 10:05:09,123200.0,600,Buy,230490043
2024-08-09 10:05:10,123200.0,1000,Buy,230490049
2024-08-09 10:05:10,123200.0,900,Buy,230490050
2024-08-09 10:05:10,123200.0,100,Buy,230490051
2024-08-09 10:05:10,123200.0,300,Buy,230490052
2024-08-09 10:05:10,123200.0,700,Buy,230490053
2024-08-09 10:05:10,123200.0,1700,Buy,230490054
2024-08-09 10:05:11,123200.0,100,Sell,230490090
2024-08-09 10:05:14,123200.0,100,Sell,230490121
2024-08-09 10:05:15,123300.0,200,Buy,230490154
2024-08-09 10:05:15,123300.0,200,Buy,230490158
2024-08-09 10:05:19,123200.0,500,Sell,230490242
2024-08-09 10:05:21,123300.0,100,Buy,230490265
2024-08-09 10:05:21,123300.0,200,Buy,230490266
2024-08-09 10:05:21,123300.0,100,Buy,230490267
2024-08-09 10:05:21,123300.0,200,Buy,230490268
2024-08-09 10:05:21,123300.0,1000,Buy,230490269
2024-08-09 10:05:21,123300.0,500,Buy,230490270
2024-08-09 10:05:21,123300.0,100,Buy,230490283
2024-08-09 10:05:21,123300.0,100,Buy,230490264
2024-08-09 10:05:21,123300.0,300,Buy,230490271
2024-08-09 10:05:28,123300.0,1000,Buy,230490473
2024-08-09 10:05:29,123300.0,100,Buy,230490511
2024-08-09 10:05:31,123300.0,100,Buy,230490545
2024-08-09 10:05:32,123200.0,100,Sell,230490578
2024-08-09 10:05:34,123300.0,700,Buy,230490653
2024-08-09 10:05:36,123300.0,200,Buy,230490715
2024-08-09 10:05:37,123300.0,100,Buy,230490718
2024-08-09 10:05:41,123300.0,300,Buy,230490819
2024-08-09 10:05:41,123300.0,100,Buy,230490808
2024-08-09 10:05:49,123300.0,100,Buy,230490962
2024-08-09 10:05:50,123300.0,400,Buy,230490973
2024-08-09 10:05:52,123300.0,100,Buy,230491002
2024-08-09 10:05:52,123200.0,100,Sell,230491007
2024-08-09 10:05:56,123300.0,200,Buy,230491107
2024-08-09 10:05:57,123300.0,500,Buy,230491111
2024-08-09 10:06:05,123300.0,100,Buy,230491303
2024-08-09 10:06:09,123100.0,5000,Sell,230491465
2024-08-09 10:06:09,123100.0,500,Sell,230491469
2024-08-09 10:06:09,123100.0,1200,Sell,230491468
2024-08-09 10:06:09,123100.0,100,Sell,230491467
2024-08-09 10:06:09,123100.0,5000,Sell,230491466
2024-08-09 10:06:09,123100.0,5000,Sell,230491464
2024-08-09 10:06:09,123200.0,400,Sell,230491456
2024-08-09 10:06:09,123100.0,500,Sell,230491462
2024-08-09 10:06:09,123200.0,100,Sell,230491461
2024-08-09 10:06:09,123200.0,100,Sell,230491460
2024-08-09 10:06:09,123200.0,5000,Sell,230491459
2024-08-09 10:06:09,123200.0,200,Sell,230491458
2024-08-09 10:06:09,123200.0,1400,Sell,230491457
2024-08-09 10:06:09,123100.0,5000,Sell,230491463
2024-08-09 10:06:11,123100.0,500,Buy,230491503
2024-08-09 10:06:11,123300.0,600,Buy,230491504
2024-08-09 10:06:11,123300.0,900,Buy,230491505
2024-08-09 10:06:12,123000.0,100,Sell,230491511
2024-08-09 10:06:17,123200.0,100,Buy,230491617
2024-08-09 10:06:17,123200.0,500,Buy,230491616
2024-08-09 10:06:22,123200.0,100,Buy,230491696
2024-08-09 10:06:27,123200.0,500,Buy,230491780
2024-08-09 10:06:30,123100.0,100,Sell,230491865
2024-08-09 10:06:30,123100.0,500,Sell,230491866
2024-08-09 10:06:30,123100.0,400,Sell,230491867
2024-08-09 10:06:31,123200.0,1000,Buy,230491886
2024-08-09 10:06:32,123100.0,100,Sell,230491926
2024-08-09 10:06:50,123200.0,700,Buy,230492306
2024-08-09 10:06:52,123100.0,100,Sell,230492338
2024-08-09 10:06:57,123200.0,200,Buy,230492421
2024-08-09 10:07:12,123100.0,100,Sell,230492751
2024-08-09 10:07:15,123200.0,100,Buy,230492823
2024-08-09 10:07:17,123200.0,200,Buy,230492840
2024-08-09 10:07:27,123200.0,500,Buy,230493123
2024-08-09 10:07:27,123200.0,100,Buy,230493122
2024-08-09 10:07:27,123200.0,1600,Buy,230493119
2024-08-09 10:07:27,123200.0,200,Buy,230493120
2024-08-09 10:07:27,123200.0,1000,Buy,230493121
2024-08-09 10:07:32,123100.0,100,Sell,230493263
2024-08-09 10:07:40,123100.0,200,Sell,230493482
2024-08-09 10:07:40,123100.0,200,Sell,230493499
2024-08-09 10:07:53,123100.0,100,Sell,230493767
2024-08-09 10:07:53,123100.0,200,Sell,230493784
2024-08-09 10:07:53,123100.0,300,Sell,230493785
2024-08-09 10:08:13,123100.0,500,Buy,230494214
2024-08-09 10:08:13,123000.0,100,Sell,230494213
2024-08-09 10:08:13,123100.0,100,Sell,230494208
2024-08-09 10:08:13,123100.0,1200,Sell,230494207
2024-08-09 10:08:13,123100.0,300,Sell,230494206
2024-08-09 10:08:13,123100.0,1200,Sell,230494205
2024-08-09 10:08:13,123100.0,100,Sell,230494203
2024-08-09 10:08:13,123100.0,300,Sell,230494202
2024-08-09 10:08:13,123100.0,1100,Sell,230494201
2024-08-09 10:08:13,123100.0,200,Sell,230494200
2024-08-09 10:08:13,123100.0,100,Sell,230494204
2024-08-09 10:08:22,123100.0,1300,Buy,230494401
2024-08-09 10:08:23,123100.0,400,Buy,230494418
2024-08-09 10:08:29,123100.0,300,Buy,230494534
2024-08-09 10:08:31,123100.0,700,Buy,230494596
2024-08-09 10:08:33,123000.0,100,Sell,230494633
2024-08-09 10:08:37,123000.0,4100,Sell,230494731
2024-08-09 10:08:41,123100.0,100,Buy,230494882
2024-08-09 10:08:49,123000.0,100,Sell,230495059
2024-08-09 10:08:53,123000.0,100,Sell,230495151
2024-08-09 10:08:54,123000.0,500,Sell,230495178
2024-08-09 10:08:54,123000.0,1000,Sell,230495177
2024-08-09 10:08:54,123000.0,200,Sell,230495176
2024-08-09 10:08:54,123000.0,100,Sell,230495175
2024-08-09 10:08:54,123000.0,100,Sell,230495174
2024-08-09 10:08:54,123000.0,1000,Sell,230495173
2024-08-09 10:08:54,123000.0,3000,Sell,230495171
2024-08-09 10:08:54,123000.0,3600,Sell,230495172
2024-08-09 10:08:54,123000.0,200,Sell,230495169
2024-08-09 10:08:54,123000.0,2800,Sell,230495168
2024-08-09 10:08:54,123000.0,100,Sell,230495167
2024-08-09 10:08:54,123000.0,100,Sell,230495166
2024-08-09 10:08:54,123000.0,100,Sell,230495165
2024-08-09 10:08:54,123000.0,200,Sell,230495162
2024-08-09 10:08:54,123000.0,10000,Sell,230495161
2024-08-09 10:08:54,123000.0,2400,Sell,230495160
2024-08-09 10:08:54,123000.0,500,Sell,230495170
2024-08-09 10:08:57,123000.0,200,Buy,230495240
2024-08-09 10:09:13,122900.0,100,Sell,230495563
2024-08-09 10:09:23,122900.0,1500,Sell,230495739
2024-08-09 10:09:27,122900.0,100,Sell,230495811
2024-08-09 10:09:33,122900.0,100,Sell,230495912
2024-08-09 10:09:43,122900.0,300,Sell,230496080
2024-08-09 10:09:44,122900.0,100,Sell,230496091
2024-08-09 10:09:46,122900.0,500,Sell,230496140
2024-08-09 10:09:53,122900.0,100,Sell,230496276
2024-08-09 10:10:02,122900.0,100,Sell,230496418
2024-08-09 10:10:05,123000.0,100,Buy,230496453
2024-08-09 10:10:12,123000.0,700,Buy,230496661
2024-08-09 10:10:13,122900.0,100,Sell,230496689
2024-08-09 10:10:22,122900.0,100,Sell,230496854
2024-08-09 10:10:34,122900.0,100,Sell,230497116
2024-08-09 10:10:37,123000.0,200,Buy,230497195
2024-08-09 10:10:47,123000.0,100,Buy,230497330
2024-08-09 10:10:54,122900.0,100,Sell,230497495
2024-08-09 10:10:55,123000.0,400,Buy,230497504
2024-08-09 10:11:10,123000.0,500,Buy,230497902
2024-08-09 10:11:14,122900.0,100,Sell,230498002
2024-08-09 10:11:22,122900.0,400,Sell,230498175
2024-08-09 10:11:22,122900.0,600,Sell,230498174
2024-08-09 10:11:30,123000.0,100,Buy,230498312
2024-08-09 10:11:30,123000.0,1300,Buy,230498319
2024-08-09 10:11:34,122900.0,100,Sell,230498386
2024-08-09 10:11:35,122900.0,1000,Sell,230498391
2024-08-09 10:11:43,123000.0,500,Buy,230498564
2024-08-09 10:11:43,123000.0,500,Buy,230498565
2024-08-09 10:11:45,122900.0,500,Sell,230498590
2024-08-09 10:11:45,122900.0,200,Sell,230498591
2024-08-09 10:11:45,122900.0,300,Sell,230498592
2024-08-09 10:11:48,123000.0,2500,Buy,230498647
2024-08-09 10:11:48,123000.0,400,Buy,230498648
2024-08-09 10:11:48,123000.0,100,Buy,230498649
2024-08-09 10:11:49,122900.0,200,Sell,230498674
2024-08-09 10:11:49,122900.0,500,Sell,230498673
2024-08-09 10:11:49,122900.0,100,Sell,230498671
2024-08-09 10:11:49,122900.0,200,Sell,230498670
2024-08-09 10:11:49,122900.0,100,Sell,230498672
2024-08-09 10:11:50,123000.0,100,Buy,230498708
2024-08-09 10:11:50,123000.0,200,Buy,230498709
2024-08-09 10:11:50,123000.0,100,Buy,230498710
2024-08-09 10:11:51,122900.0,800,Sell,230498722
2024-08-09 10:11:51,122900.0,100,Sell,230498723
2024-08-09 10:11:51,122900.0,500,Sell,230498724
2024-08-09 10:11:51,122900.0,100,Sell,230498725
2024-08-09 10:11:51,122900.0,200,Sell,230498726
2024-08-09 10:11:53,123000.0,400,Buy,230498790
2024-08-09 10:11:53,123000.0,200,Buy,230498791
2024-08-09 10:11:54,122900.0,100,Sell,230498797
2024-08-09 10:12:00,123000.0,500,Buy,230498891
2024-08-09 10:12:00,123000.0,1700,Buy,230498890
2024-08-09 10:12:00,123000.0,800,Buy,230498889
2024-08-09 10:12:09,123000.0,100,Buy,230499035
2024-08-09 10:12:09,123000.0,100,Buy,230499036
2024-08-09 10:12:14,122900.0,100,Sell,230499137
2024-08-09 10:12:18,123000.0,200,Buy,230499185
2024-08-09 10:12:29,123000.0,100,Buy,230499414
2024-08-09 10:12:34,122900.0,100,Sell,230499514
2024-08-09 10:12:55,123000.0,100,Buy,230499889
2024-08-09 10:12:55,122900.0,100,Sell,230499890
2024-08-09 10:13:02,122900.0,4400,Sell,230500010
2024-08-09 10:13:02,122900.0,600,Sell,230500011
2024-08-09 10:13:15,122900.0,100,Sell,230500271
2024-08-09 10:13:25,122900.0,400,Sell,230500402
2024-08-09 10:13:28,123000.0,400,Buy,230500448
2024-08-09 10:13:34,123000.0,700,Buy,230500584
2024-08-09 10:13:35,122900.0,100,Sell,230500585
2024-08-09 10:13:47,122900.0,1000,Sell,230500785
2024-08-09 10:13:48,123000.0,200,Buy,230500822
2024-08-09 10:13:49,123000.0,900,Buy,230500832
2024-08-09 10:13:49,123000.0,100,Buy,230500831
2024-08-09 10:13:49,123000.0,200,Buy,230500823
2024-08-09 10:13:49,123000.0,3500,Buy,230500829
2024-08-09 10:13:49,123000.0,300,Buy,230500830
2024-08-09 10:13:55,122900.0,100,Sell,230500896
2024-08-09 10:13:58,123000.0,200,Buy,230500950
2024-08-09 10:14:14,123000.0,1000,Buy,230501170
2024-08-09 10:14:15,123000.0,1700,Buy,230501209
2024-08-09 10:14:15,123000.0,100,Buy,230501207
2024-08-09 10:14:15,123000.0,300,Buy,230501208
2024-08-09 10:14:15,122900.0,1700,Sell,230501186
2024-08-09 10:14:15,122900.0,100,Sell,230501185
2024-08-09 10:14:15,123000.0,2900,Buy,230501206
2024-08-09 10:14:19,123000.0,100,Buy,230501273
2024-08-09 10:14:35,122900.0,100,Sell,230501561
2024-08-09 10:14:38,123000.0,100,Buy,230501587
2024-08-09 10:14:39,123000.0,500,Buy,230501606
2024-08-09 10:14:40,123000.0,1000,Buy,230501619
2024-08-09 10:14:55,122900.0,100,Sell,230501836
2024-08-09 10:15:05,123000.0,500,Buy,230502025
2024-08-09 10:15:10,123000.0,1000,Buy,230502087
2024-08-09 10:15:10,123000.0,1100,Buy,230502081
2024-08-09 10:15:10,123000.0,100,Buy,230502085
2024-08-09 10:15:10,123000.0,100,Buy,230502086
2024-08-09 10:15:15,122900.0,100,Sell,230502202
2024-08-09 10:15:15,123000.0,100,Buy,230502200
2024-08-09 10:15:15,123000.0,600,Buy,230502201
2024-08-09 10:15:36,122900.0,100,Sell,230502532
2024-08-09 10:15:38,123000.0,200,Buy,230502593
2024-08-09 10:15:42,122900.0,1700,Sell,230502658
2024-08-09 10:15:42,122900.0,100,Sell,230502659
2024-08-09 10:15:42,122900.0,200,Sell,230502660
2024-08-09 10:15:43,123000.0,100,Buy,230502677
2024-08-09 10:15:47,122900.0,800,Sell,230502718
2024-08-09 10:15:47,122900.0,200,Sell,230502719
2024-08-09 10:15:56,122900.0,100,Sell,230502840
2024-08-09 10:15:58,123000.0,500,Buy,230502876
2024-08-09 10:16:01,123000.0,400,Buy,230502925
2024-08-09 10:16:02,123000.0,200,Buy,230502943
2024-08-09 10:16:16,123000.0,200,Buy,230503135
2024-08-09 10:16:16,122900.0,100,Sell,230503128
2024-08-09 10:16:29,123000.0,1000,Buy,230503367
2024-08-09 10:16:30,123000.0,100,Buy,230503377
2024-08-09 10:16:34,123000.0,500,Buy,230503432
2024-08-09 10:16:36,122900.0,100,Sell,230503450
2024-08-09 10:16:48,122900.0,100,Sell,230503650
2024-08-09 10:16:56,122900.0,100,Sell,230503757
2024-08-09 10:16:56,122900.0,100,Sell,230503758
2024-08-09 10:16:56,122900.0,100,Sell,230503766
2024-08-09 10:16:56,123000.0,600,Buy,230503767
2024-08-09 10:17:05,123000.0,200,Buy,230503881
2024-08-09 10:17:05,123000.0,200,Buy,230503883
2024-08-09 10:17:07,123000.0,100,Buy,230503917
2024-08-09 10:17:14,122900.0,400,Sell,230504005
2024-08-09 10:17:14,122900.0,400,Sell,230504004
2024-08-09 10:17:16,122900.0,100,Sell,230504046
2024-08-09 10:17:19,123000.0,200,Buy,230504097
2024-08-09 10:17:36,122900.0,100,Sell,230504341
2024-08-09 10:17:39,123000.0,2000,Buy,230504368
2024-08-09 10:17:47,123000.0,1300,Buy,230504474
2024-08-09 10:17:57,122900.0,100,Sell,230504603
2024-08-09 10:17:57,122900.0,300,Sell,230504613
2024-08-09 10:18:17,122900.0,100,Sell,230504957
2024-08-09 10:18:21,122900.0,500,Sell,230505022
2024-08-09 10:18:24,123000.0,1100,Buy,230505055
2024-08-09 10:18:24,123000.0,500,Buy,230505061
2024-08-09 10:18:24,123000.0,700,Buy,230505062
2024-08-09 10:18:32,123000.0,100,Buy,230505185
2024-08-09 10:18:33,123000.0,100,Buy,230505193
2024-08-09 10:18:33,123000.0,200,Buy,230505191
2024-08-09 10:18:33,123000.0,100,Buy,230505192
2024-08-09 10:18:37,123000.0,700,Buy,230505253
2024-08-09 10:18:37,122900.0,100,Sell,230505249
2024-08-09 10:18:40,123000.0,200,Buy,230505297
2024-08-09 10:18:40,123000.0,100,Buy,230505298
2024-08-09 10:18:47,123000.0,100,Buy,230505425
2024-08-09 10:18:57,122900.0,100,Sell,230505579
2024-08-09 10:18:59,123000.0,100,Buy,230505600
2024-08-09 10:18:59,123000.0,100,Buy,230505601
2024-08-09 10:19:10,123000.0,100,Buy,230505765
2024-08-09 10:19:10,123000.0,300,Buy,230505766
2024-08-09 10:19:10,123000.0,500,Buy,230505767
2024-08-09 10:19:10,123000.0,100,Buy,230505768
2024-08-09 10:19:17,122900.0,100,Sell,230505887
2024-08-09 10:19:29,122900.0,100,Sell,230506048
2024-08-09 10:19:32,122900.0,100,Sell,230506084
2024-08-09 10:19:33,122900.0,4400,Sell,230506092
2024-08-09 10:19:33,122900.0,300,Sell,230506090
2024-08-09 10:19:33,122900.0,500,Sell,230506091
2024-08-09 10:19:37,122900.0,100,Sell,230506179
2024-08-09 10:19:56,123000.0,100,Buy,230506447
2024-08-09 10:19:58,122900.0,100,Sell,230506455
2024-08-09 10:20:07,122900.0,400,Sell,230506593
2024-08-09 10:20:07,122900.0,100,Sell,230506594
2024-08-09 10:20:07,122900.0,300,Sell,230506595
2024-08-09 10:20:18,122900.0,100,Sell,230506813
2024-08-09 10:20:18,123000.0,100,Buy,230506822
2024-08-09 10:20:18,123000.0,600,Buy,230506823
2024-08-09 10:20:20,122900.0,500,Sell,230506841
2024-08-09 10:20:21,122900.0,300,Sell,230506855
2024-08-09 10:20:21,123000.0,200,Buy,230506849
2024-08-09 10:20:21,123000.0,200,Buy,230506847
2024-08-09 10:20:22,122900.0,3800,Sell,230506883
2024-08-09 10:20:22,122900.0,500,Sell,230506884
2024-08-09 10:20:22,122900.0,100,Sell,230506885
2024-08-09 10:20:22,122900.0,2000,Sell,230506886
2024-08-09 10:20:22,122900.0,100,Sell,230506887
2024-08-09 10:20:22,122900.0,1300,Sell,230506888
2024-08-09 10:20:22,122900.0,600,Sell,230506889
2024-08-09 10:20:22,122900.0,5000,Sell,230506890
2024-08-09 10:20:22,122900.0,500,Sell,230506891
2024-08-09 10:20:22,122900.0,100,Sell,230506892
2024-08-09 10:20:38,122900.0,100,Sell,230507074
2024-08-09 10:20:41,123000.0,100,Buy,230507113
2024-08-09 10:20:41,123000.0,100,Buy,230507114
2024-08-09 10:20:42,122900.0,200,Sell,230507135
2024-08-09 10:20:42,122900.0,100,Sell,230507134
2024-08-09 10:20:42,122900.0,400,Sell,230507133
2024-08-09 10:20:42,122900.0,300,Sell,230507125
2024-08-09 10:20:42,122900.0,200,Sell,230507131
2024-08-09 10:20:42,122900.0,100,Sell,230507132
2024-08-09 10:20:42,122900.0,200,Sell,230507126
2024-08-09 10:20:46,122900.0,100,Sell,230507183
2024-08-09 10:20:46,122900.0,100,Sell,230507184
2024-08-09 10:20:50,122900.0,100,Sell,230507269
2024-08-09 10:20:52,122900.0,200,Sell,230507299
2024-08-09 10:20:52,122900.0,200,Sell,230507298
2024-08-09 10:20:52,122900.0,1000,Sell,230507295
2024-08-09 10:20:52,122900.0,1200,Sell,230507294
2024-08-09 10:20:52,122900.0,400,Sell,230507297
2024-08-09 10:20:52,122900.0,300,Sell,230507285
2024-08-09 10:20:52,122900.0,100,Sell,230507284
2024-08-09 10:20:52,122900.0,100,Sell,230507283
2024-08-09 10:20:52,122900.0,900,Sell,230507282
2024-08-09 10:20:52,122900.0,800,Sell,230507293
2024-08-09 10:20:52,122900.0,1200,Sell,230507296
2024-08-09 10:20:55,122900.0,1300,Buy,230507338
2024-08-09 10:20:58,122800.0,100,Sell,230507374
2024-08-09 10:20:59,122800.0,100,Sell,230507381
2024-08-09 10:21:05,122800.0,100,Sell,230507491
2024-08-09 10:21:06,122900.0,400,Buy,230507506
2024-08-09 10:21:18,122800.0,100,Sell,230507684
2024-08-09 10:21:22,122900.0,100,Buy,230507735
2024-08-09 10:21:38,122800.0,100,Sell,230507979
2024-08-09 10:21:58,122800.0,100,Sell,230508390
2024-08-09 10:21:59,122900.0,700,Buy,230508399
2024-08-09 10:22:19,122800.0,100,Sell,230508691
2024-08-09 10:22:20,122900.0,200,Buy,230508707
2024-08-09 10:22:39,122800.0,100,Sell,230508947
2024-08-09 10:22:46,122900.0,100,Buy,230509092
2024-08-09 10:22:59,122800.0,100,Sell,230509269
2024-08-09 10:23:06,122800.0,200,Sell,230509337
2024-08-09 10:23:06,122800.0,200,Sell,230509338
2024-08-09 10:23:09,122900.0,300,Buy,230509372
2024-08-09 10:23:16,122900.0,100,Buy,230509463
2024-08-09 10:23:19,122800.0,100,Sell,230509503
2024-08-09 10:23:39,122900.0,400,Buy,230509868
2024-08-09 10:23:39,122800.0,100,Sell,230509870
2024-08-09 10:23:40,122900.0,600,Buy,230509885
2024-08-09 10:23:40,122800.0,200,Sell,230509882
2024-08-09 10:23:44,122800.0,1400,Sell,230509986
2024-08-09 10:23:44,122800.0,5000,Sell,230509987
2024-08-09 10:23:44,122800.0,500,Sell,230509988
2024-08-09 10:23:44,122800.0,100,Sell,230509989
2024-08-09 10:23:44,122800.0,400,Sell,230509990
2024-08-09 10:23:44,122800.0,100,Sell,230509991
2024-08-09 10:23:44,122800.0,100,Sell,230509992
2024-08-09 10:23:44,122800.0,200,Sell,230509993
2024-08-09 10:23:44,122800.0,500,Sell,230509994
2024-08-09 10:23:44,122800.0,100,Sell,230509995
2024-08-09 10:23:44,122800.0,1600,Sell,230509996
2024-08-09 10:23:54,122800.0,300,Sell,230510187
2024-08-09 10:23:59,122800.0,100,Sell,230510309
2024-08-09 10:24:00,122900.0,200,Buy,230510328
2024-08-09 10:24:03,122900.0,200,Buy,230510408
2024-08-09 10:24:03,122900.0,200,Buy,230510409
2024-08-09 10:24:03,122900.0,800,Buy,230510410
2024-08-09 10:24:03,122900.0,100,Buy,230510407
2024-08-09 10:24:10,122900.0,100,Buy,230510524
2024-08-09 10:24:13,122900.0,400,Buy,230510561
2024-08-09 10:24:20,122800.0,100,Sell,230510632
2024-08-09 10:24:26,122800.0,100,Sell,230510733
2024-08-09 10:24:27,122800.0,100,Sell,230510756
2024-08-09 10:24:33,122900.0,100,Buy,230510857
2024-08-09 10:24:40,122800.0,100,Sell,230511021
2024-08-09 10:24:40,122900.0,100,Buy,230511022
2024-08-09 10:24:50,122800.0,300,Sell,230511133
2024-08-09 10:24:50,122800.0,2600,Sell,230511131
2024-08-09 10:24:50,122800.0,100,Sell,230511132
2024-08-09 10:25:00,122800.0,100,Sell,230511300
2024-08-09 10:25:12,122800.0,200,Sell,230511574
2024-08-09 10:25:16,122800.0,500,Sell,230511623
2024-08-09 10:25:16,122800.0,100,Sell,230511624
2024-08-09 10:25:20,122800.0,100,Sell,230511679
2024-08-09 10:25:21,122900.0,400,Buy,230511696
2024-08-09 10:25:21,122900.0,300,Buy,230511697
2024-08-09 10:25:35,122900.0,100,Buy,230511888
2024-08-09 10:25:40,122800.0,100,Sell,230511958
2024-08-09 10:25:41,122900.0,200,Buy,230511998
2024-08-09 10:26:00,122800.0,100,Sell,230512403
2024-08-09 10:26:01,122900.0,200,Buy,230512419
2024-08-09 10:26:01,122900.0,100,Buy,230512420
2024-08-09 10:26:01,122900.0,200,Buy,230512417
2024-08-09 10:26:01,122900.0,500,Buy,230512418
2024-08-09 10:26:11,122900.0,400,Buy,230512569
2024-08-09 10:26:15,122800.0,100,Sell,230512620
2024-08-09 10:26:20,122800.0,100,Sell,230512674
2024-08-09 10:26:31,122800.0,700,Sell,230512825
2024-08-09 10:26:31,122800.0,200,Sell,230512826
2024-08-09 10:26:40,122800.0,100,Sell,230513041
2024-08-09 10:26:41,122800.0,200,Sell,230513045
2024-08-09 10:26:59,122900.0,100,Buy,230513505
2024-08-09 10:27:01,122800.0,100,Sell,230513523
2024-08-09 10:27:02,122900.0,500,Buy,230513557
2024-08-09 10:27:02,122900.0,200,Buy,230513558
2024-08-09 10:27:11,122900.0,800,Buy,230513842
2024-08-09 10:27:11,122900.0,100,Buy,230513841
2024-08-09 10:27:11,122900.0,300,Buy,230513839
2024-08-09 10:27:11,122900.0,100,Buy,230513840
2024-08-09 10:27:12,122900.0,200,Buy,230513850
2024-08-09 10:27:12,122900.0,500,Buy,230513851
2024-08-09 10:27:12,122900.0,300,Buy,230513852
2024-08-09 10:27:12,122900.0,300,Buy,230513853
2024-08-09 10:27:12,122900.0,200,Buy,230513854
2024-08-09 10:27:16,122900.0,100,Buy,230513926
2024-08-09 10:27:21,122800.0,100,Sell,230514027
2024-08-09 10:27:21,122900.0,200,Buy,230514042
2024-08-09 10:27:38,122900.0,1100,Buy,230514330
2024-08-09 10:27:38,122900.0,2200,Buy,230514328
2024-08-09 10:27:38,122900.0,100,Buy,230514329
2024-08-09 10:27:38,122900.0,100,Buy,230514327
2024-08-09 10:27:38,122900.0,500,Buy,230514339
2024-08-09 10:27:38,122900.0,1000,Buy,230514325
2024-08-09 10:27:38,122900.0,100,Buy,230514326
2024-08-09 10:27:38,122900.0,100,Buy,230514321
2024-08-09 10:27:38,122900.0,100,Buy,230514322
2024-08-09 10:27:38,122900.0,100,Buy,230514324
2024-08-09 10:27:38,122900.0,100,Buy,230514323
2024-08-09 10:27:41,122800.0,100,Sell,230514385
2024-08-09 10:28:01,122800.0,100,Sell,230514662
2024-08-09 10:28:21,122800.0,100,Sell,230514930
2024-08-09 10:28:24,122900.0,100,Buy,230514976
2024-08-09 10:28:36,122900.0,200,Buy,230515120
2024-08-09 10:28:41,122800.0,100,Sell,230515212
2024-08-09 10:28:43,122900.0,600,Buy,230515239
2024-08-09 10:28:44,122900.0,400,Buy,230515243
2024-08-09 10:28:49,122900.0,900,Buy,230515325
2024-08-09 10:28:49,122900.0,100,Buy,230515322
2024-08-09 10:28:49,122900.0,200,Buy,230515321
2024-08-09 10:28:49,122900.0,100,Buy,230515320
2024-08-09 10:28:49,122900.0,100,Buy,230515324
2024-08-09 10:28:49,122900.0,100,Buy,230515318
2024-08-09 10:28:49,122900.0,100,Buy,230515317
2024-08-09 10:28:49,122900.0,500,Buy,230515316
2024-08-09 10:28:49,122900.0,2100,Buy,230515315
2024-08-09 10:28:49,122900.0,100,Buy,230515319
2024-08-09 10:28:49,122900.0,700,Buy,230515323
2024-08-09 10:28:53,122900.0,100,Buy,230515371
2024-08-09 10:28:53,122900.0,200,Buy,230515372
2024-08-09 10:28:57,123000.0,200,Buy,230515414
2024-08-09 10:28:57,123000.0,100,Buy,230515421
2024-08-09 10:28:57,123000.0,100,Buy,230515422
2024-08-09 10:29:02,122900.0,100,Sell,230515473
2024-08-09 10:29:02,123000.0,200,Buy,230515476
2024-08-09 10:29:22,122900.0,100,Sell,230515729
2024-08-09 10:29:40,122900.0,100,Sell,230516027
2024-08-09 10:29:42,122900.0,100,Sell,230516050
2024-08-09 10:29:48,123000.0,100,Buy,230516167
2024-08-09 10:29:54,122900.0,10000,Sell,230516237
2024-08-09 10:29:54,122900.0,1500,Sell,230516239
2024-08-09 10:29:54,122900.0,100,Sell,230516236
2024-08-09 10:29:54,122900.0,500,Sell,230516238
2024-08-09 10:30:02,122900.0,100,Sell,230516389
2024-08-09 10:30:14,122900.0,100,Sell,230516551
2024-08-09 10:30:20,122900.0,4300,Sell,230516619
2024-08-09 10:30:20,122900.0,500,Sell,230516620
2024-08-09 10:30:20,122900.0,200,Sell,230516621
2024-08-09 10:30:22,122900.0,100,Sell,230516650
2024-08-09 10:30:23,122900.0,200,Sell,230516654
2024-08-09 10:30:23,122900.0,800,Sell,230516655
2024-08-09 10:30:23,122900.0,600,Sell,230516662
2024-08-09 10:30:24,123000.0,100,Buy,230516683
2024-08-09 10:30:24,123000.0,700,Buy,230516682
2024-08-09 10:30:24,123000.0,100,Buy,230516681
2024-08-09 10:30:24,123000.0,100,Buy,230516680
2024-08-09 10:30:24,122900.0,700,Buy,230516676
2024-08-09 10:30:24,122900.0,1200,Buy,230516675
2024-08-09 10:30:24,122900.0,1100,Buy,230516667
2024-08-09 10:30:24,122900.0,200,Buy,230516679
2024-08-09 10:30:24,122900.0,1200,Buy,230516669
2024-08-09 10:30:38,122900.0,300,Buy,230516835
2024-08-09 10:30:42,122800.0,100,Sell,230516883
2024-08-09 10:30:42,123000.0,200,Buy,230516884
2024-08-09 10:30:58,122900.0,300,Buy,230517142
2024-08-09 10:31:02,122800.0,100,Sell,230517180
2024-08-09 10:31:13,123000.0,100,Buy,230517305
2024-08-09 10:31:17,123000.0,400,Buy,230517338
2024-08-09 10:31:23,122900.0,100,Sell,230517397
2024-08-09 10:31:43,122900.0,100,Sell,230517670
2024-08-09 10:31:47,122900.0,500,Sell,230517711
2024-08-09 10:31:48,122900.0,100,Sell,230517729
2024-08-09 10:32:01,123000.0,400,Buy,230517858
2024-08-09 10:32:03,122900.0,100,Sell,230517886
2024-08-09 10:32:05,123000.0,400,Buy,230517935
2024-08-09 10:32:05,123000.0,200,Buy,230517936
2024-08-09 10:32:05,123000.0,100,Buy,230517937
2024-08-09 10:32:13,122900.0,200,Sell,230518031
2024-08-09 10:32:13,122900.0,500,Sell,230518030
2024-08-09 10:32:13,122900.0,1100,Sell,230518029
2024-08-09 10:32:13,122900.0,1000,Sell,230518033
2024-08-09 10:32:13,122900.0,2000,Sell,230518027
2024-08-09 10:32:13,122900.0,600,Sell,230518028
2024-08-09 10:32:13,122900.0,100,Sell,230518025
2024-08-09 10:32:13,122900.0,400,Sell,230518032
2024-08-09 10:32:13,122900.0,2000,Sell,230518026
2024-08-09 10:32:23,122800.0,100,Sell,230518209
2024-08-09 10:32:23,122900.0,200,Buy,230518216
2024-08-09 10:32:39,122900.0,100,Buy,230518369
2024-08-09 10:32:43,122800.0,100,Sell,230518408
2024-08-09 10:32:43,122900.0,200,Buy,230518412
2024-08-09 10:32:49,122900.0,300,Buy,230518498
2024-08-09 10:32:51,122800.0,100,Sell,230518516
2024-08-09 10:33:04,122800.0,100,Sell,230518674
2024-08-09 10:33:10,122900.0,100,Buy,230518763
2024-08-09 10:33:24,122800.0,100,Sell,230518934
2024-08-09 10:33:28,122900.0,200,Buy,230518988
2024-08-09 10:33:37,122900.0,100,Buy,230519090
2024-08-09 10:33:44,122800.0,100,Sell,230519161
2024-08-09 10:33:46,122900.0,700,Buy,230519186
2024-08-09 10:33:49,122900.0,400,Buy,230519210
2024-08-09 10:34:01,122900.0,500,Buy,230519314
2024-08-09 10:34:02,122900.0,100,Buy,230519330
2024-08-09 10:34:04,122900.0,200,Buy,230519350
2024-08-09 10:34:04,122800.0,100,Sell,230519359
2024-08-09 10:34:04,122900.0,200,Buy,230519368
2024-08-09 10:34:04,122900.0,200,Buy,230519369
2024-08-09 10:34:11,122900.0,3700,Buy,230519453
2024-08-09 10:34:24,122800.0,100,Sell,230519621
2024-08-09 10:34:28,122800.0,200,Sell,230519662
2024-08-09 10:34:34,122900.0,200,Buy,230519780
2024-08-09 10:34:38,122900.0,2000,Buy,230519848
2024-08-09 10:34:40,122900.0,1000,Buy,230519872
2024-08-09 10:34:41,122900.0,2000,Buy,230519881
2024-08-09 10:34:44,122800.0,100,Sell,230519934
2024-08-09 10:34:55,122900.0,400,Buy,230520075
2024-08-09 10:35:04,122800.0,100,Sell,230520226
2024-08-09 10:35:24,122800.0,100,Sell,230520540
2024-08-09 10:35:27,122900.0,600,Buy,230520582
2024-08-09 10:35:27,122900.0,100,Buy,230520585
2024-08-09 10:35:43,122900.0,200,Buy,230520776
2024-08-09 10:35:45,122800.0,100,Sell,230520795
2024-08-09 10:35:49,122900.0,400,Buy,230520841
2024-08-09 10:35:53,122800.0,200,Sell,230520894
2024-08-09 10:36:05,122800.0,100,Sell,230521006
2024-08-09 10:36:05,122800.0,100,Sell,230521007
2024-08-09 10:36:16,122900.0,2000,Buy,230521112
2024-08-09 10:36:22,122900.0,400,Buy,230521179
2024-08-09 10:36:25,122800.0,100,Sell,230521231
2024-08-09 10:36:30,122900.0,1000,Buy,230521293
2024-08-09 10:36:36,122900.0,1300,Buy,230521372
2024-08-09 10:36:43,122900.0,400,Buy,230521483
2024-08-09 10:36:45,122800.0,100,Sell,230521506
2024-08-09 10:36:48,122900.0,300,Buy,230521540
2024-08-09 10:36:49,122900.0,200,Buy,230521555
2024-08-09 10:36:50,122900.0,2400,Buy,230521564
2024-08-09 10:36:50,122900.0,2000,Buy,230521565
2024-08-09 10:36:50,122900.0,600,Buy,230521566
2024-08-09 10:36:51,122900.0,100,Buy,230521578
2024-08-09 10:37:00,122900.0,300,Buy,230521676
2024-08-09 10:37:00,122900.0,200,Buy,230521677
2024-08-09 10:37:02,122900.0,300,Buy,230521717
2024-08-09 10:37:05,122800.0,100,Sell,230521768
2024-08-09 10:37:08,122900.0,200,Buy,230521807
2024-08-09 10:37:08,122900.0,500,Buy,230521806
2024-08-09 10:37:15,122900.0,500,Buy,230521893
2024-08-09 10:37:15,122900.0,500,Buy,230521894
2024-08-09 10:37:15,122900.0,1000,Buy,230521895
2024-08-09 10:37:15,122900.0,100,Buy,230521896
2024-08-09 10:37:15,122900.0,200,Buy,230521897
2024-08-09 10:37:15,122900.0,1000,Buy,230521898
2024-08-09 10:37:15,122900.0,300,Buy,230521899
2024-08-09 10:37:15,122900.0,600,Buy,230521900
2024-08-09 10:37:15,122900.0,200,Buy,230521910
2024-08-09 10:37:15,122900.0,800,Buy,230521892
2024-08-09 10:37:16,122900.0,200,Buy,230521915
2024-08-09 10:37:24,122900.0,100,Buy,230522024
2024-08-09 10:37:24,122900.0,100,Buy,230522025
2024-08-09 10:37:25,122800.0,100,Sell,230522031
2024-08-09 10:37:29,122800.0,200,Sell,230522087
2024-08-09 10:37:34,122900.0,500,Buy,230522158
2024-08-09 10:37:37,122900.0,400,Buy,230522194
2024-08-09 10:37:43,122900.0,400,Buy,230522287
2024-08-09 10:37:43,122900.0,100,Buy,230522288
2024-08-09 10:37:45,122900.0,100,Buy,230522311
2024-08-09 10:37:46,122800.0,100,Sell,230522322
2024-08-09 10:37:55,122900.0,100,Buy,230522419
2024-08-09 10:37:55,122900.0,200,Buy,230522420
2024-08-09 10:38:01,122900.0,100,Buy,230522513
2024-08-09 10:38:01,122900.0,100,Buy,230522514
2024-08-09 10:38:01,122900.0,100,Buy,230522515
2024-08-09 10:38:06,122900.0,200,Sell,230522564
2024-08-09 10:38:14,122900.0,100,Sell,230522681
2024-08-09 10:38:16,123000.0,100,Buy,230522706
2024-08-09 10:38:26,122900.0,200,Sell,230522829
2024-08-09 10:38:31,123000.0,400,Buy,230522905
2024-08-09 10:38:41,123000.0,200,Buy,230523023
2024-08-09 10:38:46,122900.0,200,Sell,230523083
2024-08-09 10:38:48,123000.0,400,Buy,230523128
2024-08-09 10:38:48,123000.0,100,Buy,230523129
2024-08-09 10:38:48,123000.0,100,Buy,230523130
2024-08-09 10:38:48,123000.0,100,Buy,230523131
2024-08-09 10:38:50,122900.0,100,Sell,230523147
2024-08-09 10:38:55,123000.0,400,Buy,230523194
2024-08-09 10:38:56,123000.0,100,Buy,230523211
2024-08-09 10:38:56,123000.0,100,Buy,230523210
2024-08-09 10:38:56,123000.0,1000,Buy,230523209
2024-08-09 10:38:56,123000.0,100,Buy,230523206
2024-08-09 10:38:56,123000.0,200,Buy,230523205
2024-08-09 10:38:56,123000.0,600,Buy,230523202
2024-08-09 10:38:56,123000.0,100,Buy,230523203
2024-08-09 10:38:56,123000.0,600,Buy,230523199
2024-08-09 10:38:56,123000.0,100,Buy,230523204
2024-08-09 10:38:56,123000.0,500,Buy,230523201
2024-08-09 10:38:56,123000.0,100,Buy,230523200
2024-08-09 10:39:04,123000.0,200,Buy,230523320
2024-08-09 10:39:06,122900.0,100,Sell,230523345
2024-08-09 10:39:06,122900.0,100,Sell,230523346
2024-08-09 10:39:09,123000.0,200,Buy,230523367
2024-08-09 10:39:16,123000.0,300,Buy,230523459
2024-08-09 10:39:21,123000.0,400,Buy,230523505
2024-08-09 10:39:21,123000.0,1300,Buy,230523506
2024-08-09 10:39:25,123000.0,400,Buy,230523614
2024-08-09 10:39:26,122900.0,200,Sell,230523630
2024-08-09 10:39:27,123000.0,100,Buy,230523638
2024-08-09 10:39:27,123000.0,100,Buy,230523639
2024-08-09 10:39:40,123000.0,100,Buy,230523891
2024-08-09 10:39:40,123000.0,300,Buy,230523892
2024-08-09 10:39:40,123000.0,100,Buy,230523893
2024-08-09 10:39:40,123000.0,100,Buy,230523890
2024-08-09 10:39:42,122900.0,200,Sell,230523917
2024-08-09 10:39:42,122900.0,200,Sell,230523918
2024-08-09 10:39:42,122900.0,100,Sell,230523919
2024-08-09 10:39:42,122900.0,1100,Sell,230523920
2024-08-09 10:39:42,122900.0,3400,Sell,230523921
2024-08-09 10:39:46,122900.0,200,Sell,230523999
2024-08-09 10:40:06,122900.0,200,Sell,230524296
2024-08-09 10:40:19,123000.0,400,Buy,230524501
2024-08-09 10:40:27,122900.0,200,Sell,230524630
2024-08-09 10:40:29,123000.0,100,Buy,230524654
2024-08-09 10:40:29,123000.0,200,Buy,230524655
2024-08-09 10:40:29,123000.0,300,Buy,230524653
2024-08-09 10:40:43,123000.0,100,Buy,230524840
2024-08-09 10:40:43,123000.0,1100,Buy,230524839
2024-08-09 10:40:43,123000.0,1100,Buy,230524838
2024-08-09 10:40:43,123000.0,700,Buy,230524837
2024-08-09 10:40:43,123000.0,100,Buy,230524835
2024-08-09 10:40:43,123000.0,200,Buy,230524834
2024-08-09 10:40:43,123000.0,1100,Buy,230524832
2024-08-09 10:40:43,123000.0,500,Buy,230524831
2024-08-09 10:40:43,123000.0,1100,Buy,230524833
2024-08-09 10:40:43,123000.0,500,Buy,230524829
2024-08-09 10:40:43,123000.0,1200,Buy,230524828
2024-08-09 10:40:43,123000.0,1100,Buy,230524827
2024-08-09 10:40:43,123000.0,1100,Buy,230524826
2024-08-09 10:40:43,123000.0,300,Buy,230524825
2024-08-09 10:40:43,123000.0,1100,Buy,230524824
2024-08-09 10:40:43,123000.0,400,Buy,230524821
2024-08-09 10:40:43,123000.0,200,Buy,230524820
2024-08-09 10:40:43,123000.0,1100,Buy,230524830
2024-08-09 10:40:45,123000.0,200,Buy,230524881
2024-08-09 10:40:47,122900.0,200,Sell,230524895
2024-08-09 10:40:58,123000.0,1000,Buy,230525113
2024-08-09 10:40:58,123000.0,1100,Buy,230525112
2024-08-09 10:40:58,123000.0,1100,Buy,230525110
2024-08-09 10:40:58,123000.0,400,Buy,230525111
2024-08-09 10:40:58,123000.0,1200,Buy,230525109
2024-08-09 10:40:58,123000.0,1100,Buy,230525107
2024-08-09 10:40:58,123000.0,800,Buy,230525104
2024-08-09 10:40:58,123000.0,100,Buy,230525108
2024-08-09 10:40:58,123000.0,100,Buy,230525106
2024-08-09 10:40:58,123000.0,1100,Buy,230525105
2024-08-09 10:41:01,123000.0,400,Buy,230525159
2024-08-09 10:41:01,123000.0,1100,Buy,230525156
2024-08-09 10:41:01,123000.0,1200,Buy,230525155
2024-08-09 10:41:01,123000.0,1100,Buy,230525154
2024-08-09 10:41:01,123000.0,1100,Buy,230525153
2024-08-09 10:41:01,123000.0,100,Buy,230525158
2024-08-09 10:41:01,123000.0,300,Buy,230525151
2024-08-09 10:41:01,123000.0,1100,Buy,230525152
2024-08-09 10:41:01,123000.0,100,Buy,230525146
2024-08-09 10:41:01,123000.0,1100,Buy,230525147
2024-08-09 10:41:01,123000.0,100,Buy,230525157
2024-08-09 10:41:01,123000.0,100,Buy,230525148
2024-08-09 10:41:01,123000.0,1100,Buy,230525149
2024-08-09 10:41:01,123000.0,1100,Buy,230525150
2024-08-09 10:41:03,123000.0,500,Buy,230525183
2024-08-09 10:41:04,123000.0,200,Buy,230525213
2024-08-09 10:41:04,123000.0,1100,Buy,230525215
2024-08-09 10:41:04,123000.0,2100,Buy,230525216
2024-08-09 10:41:04,123000.0,1100,Buy,230525214
2024-08-09 10:41:05,123000.0,100,Buy,230525228
2024-08-09 10:41:07,122900.0,200,Sell,230525257
2024-08-09 10:41:10,123000.0,2000,Buy,230525290
2024-08-09 10:41:13,123000.0,400,Buy,230525335
2024-08-09 10:41:15,123000.0,2000,Buy,230525426
2024-08-09 10:41:20,123000.0,12000,Buy,230525509
2024-08-09 10:41:20,123000.0,500,Buy,230525527
2024-08-09 10:41:23,123000.0,900,Buy,230525551
2024-08-09 10:41:23,123000.0,100,Buy,230525552
2024-08-09 10:41:24,123000.0,1000,Buy,230525579
2024-08-09 10:41:24,123000.0,1100,Buy,230525580
2024-08-09 10:41:24,123000.0,900,Buy,230525581
2024-08-09 10:41:27,123000.0,200,Buy,230525646
2024-08-09 10:41:27,123000.0,100,Buy,230525647
2024-08-09 10:41:27,123000.0,100,Buy,230525648
2024-08-09 10:41:27,122900.0,200,Sell,230525650
2024-08-09 10:41:29,123000.0,1000,Buy,230525679
2024-08-09 10:41:29,123000.0,1200,Buy,230525680
2024-08-09 10:41:29,123000.0,1100,Buy,230525681
2024-08-09 10:41:29,123000.0,1100,Buy,230525682
2024-08-09 10:41:29,123000.0,600,Buy,230525683
2024-08-09 10:41:31,123000.0,800,Buy,230525727
2024-08-09 10:41:31,123000.0,100,Buy,230525726
2024-08-09 10:41:31,123000.0,1100,Buy,230525725
2024-08-09 10:41:31,123000.0,200,Buy,230525712
2024-08-09 10:41:31,123000.0,1100,Buy,230525713
2024-08-09 10:41:31,123000.0,2000,Buy,230525711
2024-08-09 10:41:31,123000.0,500,Buy,230525710
2024-08-09 10:41:31,123000.0,200,Buy,230525714
2024-08-09 10:41:32,123000.0,300,Buy,230525740
2024-08-09 10:41:32,123000.0,800,Buy,230525741
2024-08-09 10:41:36,123000.0,100,Buy,230525783
2024-08-09 10:41:37,123000.0,400,Buy,230525822
2024-08-09 10:41:37,123000.0,200,Buy,230525823
2024-08-09 10:41:37,123000.0,400,Buy,230525824
2024-08-09 10:41:37,123000.0,400,Buy,230525828
2024-08-09 10:41:38,123000.0,200,Buy,230525854
2024-08-09 10:41:38,123000.0,300,Buy,230525852
2024-08-09 10:41:38,123000.0,500,Buy,230525853
2024-08-09 10:41:49,123000.0,500,Buy,230526028
2024-08-09 10:41:49,122900.0,200,Sell,230526029
2024-08-09 10:41:50,123000.0,100,Buy,230526075
2024-08-09 10:41:51,123000.0,300,Buy,230526090
2024-08-09 10:41:51,123000.0,700,Buy,230526091
2024-08-09 10:41:52,123000.0,400,Buy,230526109
2024-08-09 10:41:52,123000.0,100,Buy,230526110
2024-08-09 10:41:52,123000.0,500,Buy,230526111
2024-08-09 10:41:53,123000.0,500,Buy,230526130
2024-08-09 10:41:55,123000.0,200,Buy,230526171
2024-08-09 10:41:55,123000.0,400,Buy,230526172
2024-08-09 10:41:58,123000.0,700,Buy,230526202
2024-08-09 10:41:58,123000.0,300,Buy,230526203
2024-08-09 10:41:59,123000.0,400,Buy,230526212
2024-08-09 10:42:01,123000.0,100,Buy,230526273
2024-08-09 10:42:06,122900.0,100,Sell,230526323
2024-08-09 10:42:06,122900.0,200,Sell,230526324
2024-08-09 10:42:06,123000.0,1000,Buy,230526332
2024-08-09 10:42:06,122900.0,200,Sell,230526322
2024-08-09 10:42:07,123000.0,300,Buy,230526335
2024-08-09 10:42:07,123000.0,100,Buy,230526336
2024-08-09 10:42:07,123000.0,500,Buy,230526343
2024-08-09 10:42:07,122900.0,200,Sell,230526344
2024-08-09 10:42:08,123000.0,500,Buy,230526352
2024-08-09 10:42:08,123000.0,500,Buy,230526353
2024-08-09 10:42:09,123000.0,300,Buy,230526359
2024-08-09 10:42:10,123000.0,200,Buy,230526416
2024-08-09 10:42:10,123000.0,100,Buy,230526415
2024-08-09 10:42:10,123000.0,400,Buy,230526414
2024-08-09 10:42:10,123000.0,300,Buy,230526383
2024-08-09 10:42:10,123000.0,700,Buy,230526384
2024-08-09 10:42:15,123000.0,800,Buy,230526544
2024-08-09 10:42:15,123000.0,1100,Buy,230526545
2024-08-09 10:42:15,123000.0,1100,Buy,230526546
2024-08-09 10:42:15,123000.0,1100,Buy,230526547
2024-08-09 10:42:15,123000.0,200,Buy,230526548
2024-08-09 10:42:15,123000.0,1100,Buy,230526549
2024-08-09 10:42:15,123000.0,400,Buy,230526550
2024-08-09 10:42:17,123000.0,500,Buy,230526572
2024-08-09 10:42:17,123000.0,200,Buy,230526575
2024-08-09 10:42:17,123000.0,100,Buy,230526576
2024-08-09 10:42:17,123000.0,100,Buy,230526577
2024-08-09 10:42:19,123000.0,200,Buy,230526616
2024-08-09 10:42:21,123000.0,1000,Buy,230526642
2024-08-09 10:42:21,123000.0,900,Buy,230526641
2024-08-09 10:42:21,123000.0,500,Buy,230526637
2024-08-09 10:42:21,123000.0,200,Buy,230526639
2024-08-09 10:42:21,123000.0,1100,Buy,230526640
2024-08-09 10:42:25,123000.0,100,Buy,230526699
2024-08-09 10:42:25,123000.0,100,Buy,230526700
2024-08-09 10:42:27,122900.0,200,Sell,230526743
2024-08-09 10:42:27,123000.0,500,Buy,230526739
2024-08-09 10:42:27,123000.0,200,Buy,230526738
2024-08-09 10:42:27,123000.0,1200,Buy,230526737
2024-08-09 10:42:27,123000.0,1100,Buy,230526736
2024-08-09 10:42:27,123000.0,1100,Buy,230526734
2024-08-09 10:42:27,123000.0,100,Buy,230526735
2024-08-09 10:42:27,123000.0,100,Buy,230526732
2024-08-09 10:42:27,123000.0,1000,Buy,230526726
2024-08-09 10:42:27,123000.0,1100,Buy,230526727
2024-08-09 10:42:27,123000.0,200,Buy,230526728
2024-08-09 10:42:27,123000.0,1100,Buy,230526733
2024-08-09 10:42:27,123000.0,1100,Buy,230526730
2024-08-09 10:42:27,123000.0,1100,Buy,230526729
2024-08-09 10:42:27,123000.0,100,Buy,230526731
2024-08-09 10:42:29,123000.0,600,Buy,230526772
2024-08-09 10:42:29,123000.0,400,Buy,230526773
2024-08-09 10:42:30,123000.0,100,Buy,230526806
2024-08-09 10:42:31,123000.0,600,Buy,230526811
2024-08-09 10:42:31,123000.0,200,Buy,230526812
2024-08-09 10:42:31,123000.0,1100,Buy,230526813
2024-08-09 10:42:31,123000.0,100,Buy,230526814
2024-08-09 10:42:36,123000.0,300,Buy,230526888
2024-08-09 10:42:37,123000.0,300,Buy,230526910
2024-08-09 10:42:37,123000.0,100,Buy,230526907
2024-08-09 10:42:37,123000.0,1200,Buy,230526906
2024-08-09 10:42:37,123000.0,1100,Buy,230526905
2024-08-09 10:42:37,123000.0,1000,Buy,230526904
2024-08-09 10:42:37,123000.0,1100,Buy,230526902
2024-08-09 10:42:37,123000.0,200,Buy,230526897
2024-08-09 10:42:37,123000.0,100,Buy,230526900
2024-08-09 10:42:37,123000.0,1100,Buy,230526899
2024-08-09 10:42:37,123000.0,100,Buy,230526898
2024-08-09 10:42:37,123000.0,1100,Buy,230526895
2024-08-09 10:42:37,123000.0,700,Buy,230526894
2024-08-09 10:42:37,123000.0,1100,Buy,230526901
2024-08-09 10:42:37,123000.0,1100,Buy,230526896
2024-08-09 10:42:48,122900.0,200,Sell,230527061
2024-08-09 10:42:53,123000.0,400,Buy,230527130
2024-08-09 10:42:56,123000.0,600,Buy,230527176
2024-08-09 10:43:00,123000.0,100,Buy,230527218
2024-08-09 10:43:00,123000.0,200,Buy,230527219
2024-08-09 10:43:01,123100.0,100,Buy,230527239
2024-08-09 10:43:01,123100.0,200,Buy,230527240
2024-08-09 10:43:01,123100.0,100,Buy,230527238
2024-08-09 10:43:08,123000.0,200,Sell,230527378
2024-08-09 10:43:08,123000.0,1000,Sell,230527390
2024-08-09 10:43:08,123000.0,100,Sell,230527391
2024-08-09 10:43:22,123000.0,300,Sell,230527639
2024-08-09 10:43:22,123000.0,300,Sell,230527640
2024-08-09 10:43:22,123000.0,400,Sell,230527641
2024-08-09 10:43:28,123000.0,600,Sell,230527685
2024-08-09 10:43:28,123000.0,200,Sell,230527686
2024-08-09 10:43:28,122900.0,200,Sell,230527687
2024-08-09 10:43:48,122900.0,200,Sell,230527974
2024-08-09 10:43:51,123000.0,700,Buy,230528005
2024-08-09 10:43:54,123000.0,100,Buy,230528039
2024-08-09 10:44:00,123000.0,500,Buy,230528132
2024-08-09 10:44:00,123000.0,400,Buy,230528133
2024-08-09 10:44:05,123000.0,200,Buy,230528200
2024-08-09 10:44:10,122900.0,200,Sell,230528219
2024-08-09 10:44:18,123000.0,1000,Buy,230528426
2024-08-09 10:44:29,122900.0,200,Sell,230528528
2024-08-09 10:44:40,122900.0,100,Sell,230528655
2024-08-09 10:44:49,122900.0,200,Sell,230528811
2024-08-09 10:44:56,123000.0,400,Buy,230528928
2024-08-09 10:45:03,123000.0,200,Buy,230528998
2024-08-09 10:45:09,122900.0,200,Sell,230529113
2024-08-09 10:45:19,123000.0,100,Buy,230529228
2024-08-09 10:45:29,122900.0,200,Sell,230529392
2024-08-09 10:45:32,123000.0,700,Buy,230529419
2024-08-09 10:45:33,123000.0,200,Buy,230529450
2024-08-09 10:45:33,123000.0,200,Buy,230529451
2024-08-09 10:45:38,123000.0,100,Buy,230529518
2024-08-09 10:45:39,123000.0,1100,Buy,230529535
2024-08-09 10:45:40,123000.0,1100,Buy,230529538
2024-08-09 10:45:40,123000.0,1200,Buy,230529543
2024-08-09 10:45:47,123000.0,200,Buy,230529660
2024-08-09 10:45:48,123000.0,400,Buy,230529678
2024-08-09 10:45:49,122900.0,200,Sell,230529720
2024-08-09 10:45:51,123000.0,400,Buy,230529748
2024-08-09 10:45:58,123000.0,1100,Buy,230529843
2024-08-09 10:45:58,123000.0,700,Buy,230529844
2024-08-09 10:46:00,123000.0,400,Buy,230529864
2024-08-09 10:46:00,123000.0,900,Buy,230529865
2024-08-09 10:46:01,123000.0,400,Buy,230529877
2024-08-09 10:46:01,123000.0,100,Buy,230529876
2024-08-09 10:46:04,123000.0,400,Buy,230529922
2024-08-09 10:46:09,122900.0,200,Sell,230530020
2024-08-09 10:46:19,123000.0,300,Buy,230530138
2024-08-09 10:46:19,123000.0,100,Buy,230530139
2024-08-09 10:46:19,123000.0,100,Buy,230530140
2024-08-09 10:46:29,122900.0,200,Sell,230530280
2024-08-09 10:46:33,122900.0,1200,Sell,230530335
2024-08-09 10:46:33,123000.0,400,Buy,230530336
2024-08-09 10:46:43,123000.0,100,Buy,230530464
2024-08-09 10:46:44,123000.0,400,Buy,230530473
2024-08-09 10:46:50,122900.0,200,Sell,230530682
2024-08-09 10:46:57,123000.0,100,Buy,230530843
2024-08-09 10:47:03,123000.0,100,Buy,230530944
2024-08-09 10:47:03,123000.0,100,Buy,230530945
2024-08-09 10:47:07,122900.0,100,Sell,230531002
2024-08-09 10:47:10,122900.0,200,Sell,230531080
2024-08-09 10:47:13,123000.0,400,Buy,230531122
2024-08-09 10:47:13,123000.0,200,Buy,230531123
2024-08-09 10:47:26,123000.0,200,Buy,230531317
2024-08-09 10:47:30,122900.0,200,Sell,230531399
2024-08-09 10:47:39,123000.0,400,Buy,230531533
2024-08-09 10:47:50,122900.0,200,Sell,230531700
2024-08-09 10:48:06,123000.0,300,Buy,230531933
2024-08-09 10:48:06,123000.0,100,Buy,230531934
2024-08-09 10:48:06,123000.0,1100,Buy,230531935
2024-08-09 10:48:06,123000.0,100,Buy,230531936
2024-08-09 10:48:06,123000.0,300,Buy,230531937
2024-08-09 10:48:06,123000.0,100,Buy,230531938
2024-08-09 10:48:06,123000.0,100,Buy,230531939
2024-08-09 10:48:08,123000.0,100,Buy,230531952
2024-08-09 10:48:10,122900.0,200,Sell,230531978
2024-08-09 10:48:24,122900.0,1300,Sell,230532300
2024-08-09 10:48:24,122900.0,1000,Sell,230532301
2024-08-09 10:48:24,122900.0,700,Sell,230532302
2024-08-09 10:48:24,122900.0,2000,Sell,230532299
2024-08-09 10:48:30,122900.0,200,Sell,230532458
2024-08-09 10:48:32,123000.0,400,Buy,230532510
2024-08-09 10:48:40,123000.0,200,Buy,230532625
2024-08-09 10:48:50,122900.0,100,Sell,230532865
2024-08-09 10:48:50,122900.0,100,Sell,230532866
2024-08-09 10:48:54,123000.0,300,Buy,230532968
2024-08-09 10:48:54,123000.0,400,Buy,230532969
2024-08-09 10:48:56,123000.0,700,Buy,230533010
2024-08-09 10:48:56,123000.0,1000,Buy,230533011
2024-08-09 10:49:05,123000.0,400,Buy,230533189
2024-08-09 10:49:08,123000.0,1300,Buy,230533247
2024-08-09 10:49:09,123000.0,200,Buy,230533268
2024-08-09 10:49:11,122900.0,100,Sell,230533279
2024-08-09 10:49:11,122900.0,100,Sell,230533278
2024-08-09 10:49:18,122900.0,1300,Sell,230533451
2024-08-09 10:49:18,122900.0,300,Sell,230533450
2024-08-09 10:49:18,122900.0,100,Sell,230533452
2024-08-09 10:49:26,123000.0,400,Buy,230533646
2024-08-09 10:49:28,122900.0,1100,Sell,230533709
2024-08-09 10:49:28,122900.0,500,Sell,230533708
2024-08-09 10:49:28,122900.0,100,Sell,230533710
2024-08-09 10:49:29,122900.0,300,Sell,230533773
2024-08-09 10:49:29,122900.0,800,Sell,230533774
2024-08-09 10:49:31,122900.0,200,Sell,230533803
2024-08-09 10:49:32,123000.0,100,Buy,230533842
2024-08-09 10:49:36,122900.0,100,Sell,230533885
2024-08-09 10:49:40,122900.0,700,Sell,230533937
2024-08-09 10:49:40,122900.0,200,Sell,230533938
2024-08-09 10:49:40,122900.0,300,Sell,230533939
2024-08-09 10:49:40,122900.0,200,Sell,230533940
2024-08-09 10:49:40,122900.0,100,Sell,230533941
2024-08-09 10:49:40,122900.0,1100,Sell,230533942
2024-08-09 10:49:40,122900.0,100,Sell,230533962
2024-08-09 10:49:41,122900.0,900,Sell,230533977
2024-08-09 10:49:41,122900.0,400,Sell,230533975
2024-08-09 10:49:41,122900.0,200,Sell,230533976
2024-08-09 10:49:41,122900.0,500,Sell,230533974
2024-08-09 10:49:46,122900.0,300,Sell,230534108
2024-08-09 10:49:46,122900.0,300,Sell,230534109
2024-08-09 10:49:50,122900.0,100,Sell,230534217
2024-08-09 10:49:50,122900.0,800,Sell,230534218
2024-08-09 10:49:51,122900.0,200,Sell,230534265
2024-08-09 10:49:53,122900.0,500,Sell,230534323
2024-08-09 10:49:53,122900.0,100,Sell,230534324
2024-08-09 10:49:53,122900.0,100,Buy,230534349
2024-08-09 10:50:11,122800.0,200,Sell,230534650
2024-08-09 10:50:12,122900.0,200,Buy,230534669
2024-08-09 10:50:22,122900.0,100,Buy,230534934
2024-08-09 10:50:22,122900.0,200,Buy,230534941
2024-08-09 10:50:25,122800.0,400,Sell,230534991
2024-08-09 10:50:25,122800.0,100,Sell,230534992
2024-08-09 10:50:31,122800.0,200,Sell,230535084
2024-08-09 10:50:31,122900.0,200,Buy,230535089
2024-08-09 10:50:31,122900.0,2000,Buy,230535090
2024-08-09 10:50:35,123000.0,700,Buy,230535125
2024-08-09 10:50:42,122900.0,800,Sell,230535247
2024-08-09 10:50:49,122900.0,1000,Buy,230535355
2024-08-09 10:50:51,122800.0,200,Sell,230535397
2024-08-09 10:50:54,122900.0,600,Buy,230535437
2024-08-09 10:50:56,122900.0,4000,Buy,230535463
2024-08-09 10:50:57,122900.0,100,Buy,230535490
2024-08-09 10:51:11,122800.0,200,Sell,230535689
2024-08-09 10:51:23,122900.0,400,Buy,230535919
2024-08-09 10:51:27,122800.0,1300,Sell,230536011
2024-08-09 10:51:32,122800.0,200,Sell,230536128
2024-08-09 10:51:38,122900.0,100,Buy,230536210
2024-08-09 10:51:38,122900.0,100,Buy,230536211
2024-08-09 10:51:38,123000.0,200,Buy,230536212
2024-08-09 10:51:52,122800.0,200,Sell,230536449
2024-08-09 10:52:06,122900.0,200,Buy,230536646
2024-08-09 10:52:10,122800.0,1700,Sell,230536744
2024-08-09 10:52:12,122800.0,200,Sell,230536800
2024-08-09 10:52:16,122900.0,100,Buy,230536922
2024-08-09 10:52:16,122900.0,100,Buy,230536923
2024-08-09 10:52:22,123000.0,100,Buy,230537044
2024-08-09 10:52:25,122900.0,300,Sell,230537132
2024-08-09 10:52:25,122900.0,1300,Sell,230537133
2024-08-09 10:52:25,122900.0,100,Sell,230537122
2024-08-09 10:52:25,122900.0,400,Sell,230537121
