time,price,volume,match_type,id
2024-08-28 09:14:59,133000.0,27200,ATO/ATC,235229811
2024-08-28 09:15:01,133000.0,100,Sell,235229985
2024-08-28 09:15:01,133000.0,100,Sell,235229986
2024-08-28 09:15:07,133000.0,100,Sell,235230074
2024-08-28 09:15:08,133200.0,100,Buy,235230080
2024-08-28 09:15:13,133200.0,400,Buy,235230193
2024-08-28 09:15:13,133200.0,600,Buy,235230194
2024-08-28 09:15:33,133200.0,600,Buy,235230535
2024-08-28 09:15:33,133200.0,400,Buy,235230533
2024-08-28 09:15:33,133200.0,1000,Buy,235230534
2024-08-28 09:15:35,133200.0,400,Buy,235230559
2024-08-28 09:15:35,133200.0,100,Buy,235230560
2024-08-28 09:15:35,133200.0,400,Buy,235230561
2024-08-28 09:15:38,133200.0,400,Buy,235230640
2024-08-28 09:15:50,133200.0,1500,Buy,235230988
2024-08-28 09:15:50,133200.0,100,Buy,235230989
2024-08-28 09:15:50,133200.0,100,Buy,235230990
2024-08-28 09:15:50,133200.0,1200,Buy,235230991
2024-08-28 09:15:56,133200.0,200,Buy,235231107
2024-08-28 09:15:58,133200.0,400,Buy,235231140
2024-08-28 09:15:58,133200.0,300,Buy,235231150
2024-08-28 09:15:58,133200.0,400,Buy,235231134
2024-08-28 09:15:58,133200.0,200,Buy,235231139
2024-08-28 09:16:00,133200.0,500,Buy,235231206
2024-08-28 09:16:08,133200.0,200,Buy,235231391
2024-08-28 09:16:08,133100.0,100,Sell,235231404
2024-08-28 09:16:08,133100.0,100,Sell,235231410
2024-08-28 09:16:09,133200.0,300,Buy,235231443
2024-08-28 09:16:09,133200.0,200,Buy,235231444
2024-08-28 09:16:10,133100.0,200,Sell,235231495
2024-08-28 09:16:18,133300.0,100,Buy,235231681
2024-08-28 09:16:18,133300.0,400,Buy,235231684
2024-08-28 09:16:18,133300.0,1000,Buy,235231683
2024-08-28 09:16:18,133300.0,100,Buy,235231682
2024-08-28 09:16:18,133300.0,100,Buy,235231680
2024-08-28 09:16:18,133200.0,100,Buy,235231650
2024-08-28 09:16:18,133200.0,100,Buy,235231678
2024-08-28 09:16:18,133200.0,1000,Buy,235231677
2024-08-28 09:16:18,133200.0,100,Buy,235231676
2024-08-28 09:16:18,133200.0,100,Buy,235231675
2024-08-28 09:16:18,133200.0,100,Buy,235231654
2024-08-28 09:16:18,133200.0,2000,Buy,235231679
2024-08-28 09:16:19,133100.0,100,Sell,235231705
2024-08-28 09:16:24,133300.0,5000,Buy,235231847
2024-08-28 09:16:24,133300.0,100,Buy,235231848
2024-08-28 09:16:24,133300.0,4300,Buy,235231849
2024-08-28 09:16:26,133200.0,100,Sell,235231902
2024-08-28 09:16:28,133200.0,100,Sell,235231948
2024-08-28 09:16:28,133200.0,1900,Sell,235231949
2024-08-28 09:16:40,133300.0,200,Buy,235232217
2024-08-28 09:16:40,133300.0,700,Buy,235232215
2024-08-28 09:16:40,133300.0,100,Buy,235232216
2024-08-28 09:16:43,133300.0,300,Buy,235232289
2024-08-28 09:16:43,133300.0,300,Buy,235232290
2024-08-28 09:16:43,133300.0,400,Buy,235232291
2024-08-28 09:16:46,133300.0,500,Buy,235232354
2024-08-28 09:16:48,133300.0,300,Buy,235232379
2024-08-28 09:17:05,133300.0,200,Buy,235232731
2024-08-28 09:17:05,133300.0,300,Buy,235232732
2024-08-28 09:17:05,133300.0,200,Buy,235232733
2024-08-28 09:17:05,133300.0,100,Buy,235232734
2024-08-28 09:17:07,133200.0,300,Sell,235232783
2024-08-28 09:17:07,133200.0,700,Sell,235232784
2024-08-28 09:17:10,133200.0,100,Sell,235232888
2024-08-28 09:17:13,133200.0,100,Sell,235232933
2024-08-28 09:17:21,133200.0,1100,Sell,235233149
2024-08-28 09:17:21,133200.0,300,Sell,235233150
2024-08-28 09:17:21,133200.0,2000,Sell,235233151
2024-08-28 09:17:21,133200.0,200,Sell,235233152
2024-08-28 09:17:28,133200.0,200,Sell,235233314
2024-08-28 09:17:28,133200.0,200,Buy,235233309
2024-08-28 09:17:28,133200.0,100,Buy,235233306
2024-08-28 09:17:28,133200.0,500,Buy,235233296
2024-08-28 09:17:28,133200.0,600,Buy,235233308
2024-08-28 09:17:36,133200.0,200,Buy,235233459
2024-08-28 09:17:37,133200.0,100,Sell,235233495
2024-08-28 09:17:37,133200.0,100,Sell,235233496
2024-08-28 09:17:37,133100.0,500,Sell,235233497
2024-08-28 09:17:37,133100.0,2000,Sell,235233498
2024-08-28 09:17:37,133100.0,100,Sell,235233499
2024-08-28 09:17:37,133100.0,500,Sell,235233500
2024-08-28 09:17:37,133100.0,400,Sell,235233501
2024-08-28 09:17:37,133100.0,400,Sell,235233502
2024-08-28 09:17:37,133100.0,100,Sell,235233503
2024-08-28 09:17:37,133100.0,900,Sell,235233504
2024-08-28 09:17:53,133200.0,100,Sell,235233932
2024-08-28 09:17:54,133100.0,500,Sell,235233973
2024-08-28 09:17:54,133100.0,400,Sell,235233972
2024-08-28 09:17:54,133200.0,2900,Sell,235233959
2024-08-28 09:17:54,133100.0,2000,Sell,235233970
2024-08-28 09:17:54,133100.0,700,Sell,235233971
2024-08-28 09:17:54,133200.0,200,Sell,235233958
2024-08-28 09:17:55,133000.0,1600,Sell,235234025
2024-08-28 09:17:55,133000.0,1600,Sell,235234024
2024-08-28 09:17:55,133000.0,200,Sell,235234026
2024-08-28 09:18:02,133100.0,100,Buy,235234197
2024-08-28 09:18:05,133000.0,200,Sell,235234269
2024-08-28 09:18:05,133000.0,2000,Sell,235234270
2024-08-28 09:18:05,133000.0,400,Sell,235234271
2024-08-28 09:18:05,133000.0,400,Sell,235234272
2024-08-28 09:18:07,133100.0,100,Buy,235234351
2024-08-28 09:18:08,133000.0,100,Sell,235234386
2024-08-28 09:18:09,133000.0,100,Sell,235234390
2024-08-28 09:18:09,133000.0,1900,Sell,235234391
2024-08-28 09:18:09,133000.0,500,Sell,235234392
2024-08-28 09:18:09,133000.0,700,Sell,235234393
2024-08-28 09:18:09,133000.0,1000,Sell,235234394
2024-08-28 09:18:09,133000.0,1000,Sell,235234395
2024-08-28 09:18:16,133000.0,1500,Sell,235234613
2024-08-28 09:18:16,133000.0,2000,Sell,235234612
2024-08-28 09:18:16,133000.0,2000,Sell,235234610
2024-08-28 09:18:16,133000.0,300,Sell,235234611
2024-08-28 09:18:20,133000.0,100,Sell,235234726
2024-08-28 09:18:21,133000.0,300,Sell,235234778
2024-08-28 09:18:21,133000.0,600,Sell,235234779
2024-08-28 09:18:21,133000.0,300,Sell,235234780
2024-08-28 09:18:21,133000.0,1600,Sell,235234781
2024-08-28 09:18:23,133000.0,700,Buy,235234886
2024-08-28 09:18:23,132900.0,2200,Buy,235234885
2024-08-28 09:18:23,132900.0,100,Buy,235234884
2024-08-28 09:18:26,133000.0,500,Buy,235234932
2024-08-28 09:18:28,133000.0,800,Buy,235234962
2024-08-28 09:18:28,133000.0,100,Sell,235234967
2024-08-28 09:18:34,133000.0,100,Sell,235235074
2024-08-28 09:18:38,133100.0,100,Buy,235235185
2024-08-28 09:18:39,133000.0,900,Sell,235235214
2024-08-28 09:18:39,133000.0,100,Sell,235235215
2024-08-28 09:18:40,133000.0,300,Sell,235235241
2024-08-28 09:18:43,133000.0,400,Sell,235235314
2024-08-28 09:18:43,133000.0,100,Sell,235235313
2024-08-28 09:18:43,133000.0,100,Sell,235235315
2024-08-28 09:18:47,133000.0,900,Buy,235235404
2024-08-28 09:18:47,133000.0,100,Buy,235235405
2024-08-28 09:18:48,133000.0,300,Buy,235235412
2024-08-28 09:18:48,133000.0,100,Buy,235235413
2024-08-28 09:18:49,133000.0,1200,Buy,235235437
2024-08-28 09:18:49,133000.0,200,Buy,235235438
2024-08-28 09:18:49,133000.0,1100,Buy,235235439
2024-08-28 09:18:57,133000.0,400,Buy,235235591
2024-08-28 09:18:57,133000.0,100,Buy,235235590
2024-08-28 09:18:57,133000.0,500,Buy,235235589
2024-08-28 09:18:58,133000.0,700,Buy,235235613
2024-08-28 09:18:59,133000.0,500,Buy,235235654
2024-08-28 09:18:59,133000.0,400,Buy,235235655
2024-08-28 09:19:08,133000.0,200,Buy,235235869
2024-08-28 09:19:12,132900.0,400,Sell,235235954
2024-08-28 09:19:16,132900.0,2900,Sell,235236061
2024-08-28 09:19:16,132900.0,100,Sell,235236060
2024-08-28 09:19:16,132900.0,600,Sell,235236059
2024-08-28 09:19:18,132900.0,400,Buy,235236130
2024-08-28 09:19:28,132900.0,100,Sell,235236397
2024-08-28 09:19:34,132900.0,100,Sell,235236540
2024-08-28 09:19:34,132900.0,400,Sell,235236541
2024-08-28 09:19:43,132900.0,100,Sell,235236754
2024-08-28 09:19:49,133000.0,100,Buy,235236854
2024-08-28 09:20:05,133000.0,500,Buy,235237184
2024-08-28 09:20:05,133000.0,400,Buy,235237185
2024-08-28 09:20:08,133000.0,100,Buy,235237243
2024-08-28 09:20:18,133000.0,200,Buy,235237464
2024-08-28 09:20:18,133000.0,1100,Buy,235237465
2024-08-28 09:20:18,133000.0,1700,Buy,235237463
2024-08-28 09:20:27,133000.0,600,Buy,235237612
2024-08-28 09:20:27,133000.0,300,Buy,235237613
2024-08-28 09:20:28,133000.0,500,Buy,235237621
2024-08-28 09:20:35,132900.0,400,Sell,235237810
2024-08-28 09:20:35,132900.0,1000,Sell,235237808
2024-08-28 09:20:35,132900.0,300,Sell,235237807
2024-08-28 09:20:35,132900.0,600,Sell,235237809
2024-08-28 09:20:36,132900.0,100,Sell,235237842
2024-08-28 09:20:46,132900.0,300,Sell,235238050
2024-08-28 09:20:46,132900.0,900,Sell,235238025
2024-08-28 09:20:46,132900.0,100,Sell,235238026
2024-08-28 09:20:48,132900.0,100,Buy,235238087
2024-08-28 09:20:50,132900.0,600,Buy,235238126
2024-08-28 09:20:50,132900.0,200,Buy,235238127
2024-08-28 09:20:58,133000.0,100,Buy,235238280
2024-08-28 09:21:12,133000.0,400,Buy,235238551
2024-08-28 09:21:12,133000.0,100,Buy,235238555
2024-08-28 09:21:12,133000.0,400,Buy,235238556
2024-08-28 09:21:18,133000.0,100,Buy,235238629
2024-08-28 09:21:20,132900.0,100,Sell,235238654
2024-08-28 09:21:37,132900.0,100,Sell,235238925
2024-08-28 09:21:37,132900.0,700,Sell,235238926
2024-08-28 09:21:44,132900.0,100,Sell,235239034
2024-08-28 09:22:07,133000.0,100,Buy,235239489
2024-08-28 09:22:19,133000.0,100,Buy,235239849
2024-08-28 09:22:19,133000.0,300,Buy,235239850
2024-08-28 09:22:19,133000.0,200,Buy,235239847
2024-08-28 09:22:19,133000.0,200,Buy,235239848
2024-08-28 09:22:19,133000.0,200,Buy,235239846
2024-08-28 09:22:28,133000.0,100,Buy,235240016
2024-08-28 09:22:38,133000.0,100,Buy,235240354
2024-08-28 09:22:42,132900.0,100,Sell,235240457
2024-08-28 09:22:42,132900.0,100,Sell,235240456
2024-08-28 09:22:42,132900.0,600,Sell,235240458
2024-08-28 09:22:42,133000.0,300,Buy,235240454
2024-08-28 09:22:42,133000.0,500,Buy,235240453
2024-08-28 09:22:42,132900.0,200,Sell,235240455
2024-08-28 09:22:48,132900.0,500,Sell,235240581
2024-08-28 09:22:52,132900.0,100,Sell,235240646
2024-08-28 09:22:54,132900.0,500,Sell,235240710
2024-08-28 09:22:56,132900.0,200,Sell,235240752
2024-08-28 09:22:58,132900.0,300,Sell,235240820
2024-08-28 09:22:59,132900.0,700,Sell,235240824
2024-08-28 09:22:59,132900.0,300,Sell,235240825
2024-08-28 09:23:04,133000.0,100,Buy,235240908
2024-08-28 09:23:08,133000.0,200,Buy,235240988
2024-08-28 09:23:12,133000.0,100,Buy,235241096
2024-08-28 09:23:16,133000.0,2000,Buy,235241212
2024-08-28 09:23:17,133000.0,100,Buy,235241231
2024-08-28 09:23:18,133000.0,300,Buy,235241250
2024-08-28 09:23:27,133000.0,500,Buy,235241404
2024-08-28 09:23:27,133000.0,400,Buy,235241405
2024-08-28 09:23:28,133000.0,100,Buy,235241429
2024-08-28 09:23:36,133000.0,300,Buy,235241542
2024-08-28 09:23:49,133000.0,100,Buy,235241789
2024-08-28 09:23:49,133000.0,100,Buy,235241790
2024-08-28 09:23:49,133000.0,100,Buy,235241791
2024-08-28 09:23:49,133000.0,200,Buy,235241792
2024-08-28 09:23:49,133000.0,100,Buy,235241793
2024-08-28 09:23:49,133000.0,100,Buy,235241800
2024-08-28 09:23:49,133000.0,200,Buy,235241801
2024-08-28 09:23:58,133000.0,100,Buy,235241944
2024-08-28 09:24:01,132900.0,100,Sell,235242000
2024-08-28 09:24:06,133000.0,100,Buy,235242102
2024-08-28 09:24:11,133000.0,400,Buy,235242234
2024-08-28 09:24:11,133000.0,500,Buy,235242233
2024-08-28 09:24:18,133000.0,100,Buy,235242345
2024-08-28 09:24:27,133000.0,100,Buy,235242533
2024-08-28 09:24:32,132900.0,100,Sell,235242647
2024-08-28 09:24:37,132900.0,100,Sell,235242747
2024-08-28 09:24:37,132900.0,100,Sell,235242748
2024-08-28 09:24:49,132900.0,500,Sell,235242963
2024-08-28 09:24:49,132900.0,200,Sell,235242964
2024-08-28 09:24:49,132900.0,100,Sell,235242961
2024-08-28 09:24:49,132900.0,200,Sell,235242960
2024-08-28 09:24:49,132900.0,1000,Sell,235242962
2024-08-28 09:25:09,132900.0,100,Sell,235243363
2024-08-28 09:25:13,132900.0,100,Sell,235243451
2024-08-28 09:25:13,132900.0,100,Sell,235243452
2024-08-28 09:25:27,132900.0,100,Sell,235243772
2024-08-28 09:25:27,132900.0,100,Sell,235243773
2024-08-28 09:25:37,133000.0,100,Buy,235243965
2024-08-28 09:25:41,133000.0,400,Buy,235244048
2024-08-28 09:25:41,133000.0,500,Buy,235244047
2024-08-28 09:25:48,133000.0,100,Buy,235244171
2024-08-28 09:25:49,133000.0,100,Buy,235244196
2024-08-28 09:25:50,133000.0,2900,Buy,235244200
2024-08-28 09:25:56,133000.0,700,Buy,235244350
2024-08-28 09:25:56,133000.0,3000,Buy,235244349
2024-08-28 09:25:58,133000.0,1000,Buy,235244368
2024-08-28 09:26:04,133000.0,600,Buy,235244507
2024-08-28 09:26:04,133000.0,300,Buy,235244508
2024-08-28 09:26:08,133000.0,200,Buy,235244558
2024-08-28 09:26:11,133000.0,1000,Buy,235244599
2024-08-28 09:26:14,133000.0,1000,Buy,235244633
2024-08-28 09:26:14,133000.0,500,Buy,235244640
2024-08-28 09:26:14,133000.0,100,Buy,235244639
2024-08-28 09:26:14,133000.0,200,Buy,235244638
2024-08-28 09:26:14,133000.0,200,Buy,235244637
2024-08-28 09:26:14,133000.0,500,Buy,235244636
2024-08-28 09:26:14,133000.0,200,Buy,235244635
2024-08-28 09:26:14,133000.0,200,Buy,235244634
2024-08-28 09:26:14,133000.0,300,Buy,235244632
2024-08-28 09:26:14,133000.0,100,Buy,235244631
2024-08-28 09:26:14,133000.0,100,Buy,235244630
2024-08-28 09:26:14,133000.0,100,Buy,235244629
2024-08-28 09:26:14,133000.0,1000,Buy,235244628
2024-08-28 09:26:14,133000.0,100,Buy,235244627
2024-08-28 09:26:14,133000.0,200,Buy,235244626
2024-08-28 09:26:14,133000.0,100,Buy,235244625
2024-08-28 09:26:14,133000.0,200,Buy,235244624
2024-08-28 09:26:14,133000.0,100,Buy,235244623
2024-08-28 09:26:14,133000.0,4800,Buy,235244622
2024-08-28 09:26:16,133000.0,200,Buy,235244667
2024-08-28 09:26:16,133000.0,100,Buy,235244668
2024-08-28 09:26:18,132900.0,100,Sell,235244734
2024-08-28 09:26:18,133000.0,100,Buy,235244729
2024-08-28 09:26:18,133000.0,100,Buy,235244728
2024-08-28 09:26:18,133000.0,300,Buy,235244725
2024-08-28 09:26:18,133000.0,100,Buy,235244724
2024-08-28 09:26:18,133000.0,1500,Buy,235244727
2024-08-28 09:26:18,133000.0,100,Buy,235244722
2024-08-28 09:26:18,133000.0,100,Buy,235244711
2024-08-28 09:26:18,133000.0,200,Buy,235244718
2024-08-28 09:26:18,133000.0,100,Buy,235244723
2024-08-28 09:26:18,133000.0,100,Buy,235244720
2024-08-28 09:26:18,133000.0,1500,Buy,235244721
2024-08-28 09:26:18,133000.0,500,Buy,235244719
2024-08-28 09:26:20,133000.0,100,Buy,235244763
2024-08-28 09:26:20,133000.0,100,Buy,235244764
2024-08-28 09:26:20,133000.0,200,Buy,235244765
2024-08-28 09:26:20,133000.0,500,Buy,235244767
2024-08-28 09:26:20,133000.0,500,Buy,235244768
2024-08-28 09:26:20,133000.0,100,Buy,235244769
2024-08-28 09:26:20,133000.0,200,Buy,235244766
2024-08-28 09:26:29,133000.0,300,Sell,235244942
2024-08-28 09:26:39,133000.0,1000,Sell,235245161
2024-08-28 09:26:39,133000.0,300,Sell,235245162
2024-08-28 09:26:41,133000.0,200,Sell,235245180
2024-08-28 09:26:41,133000.0,200,Sell,235245178
2024-08-28 09:26:41,133000.0,400,Sell,235245179
2024-08-28 09:26:47,133000.0,600,Sell,235245327
2024-08-28 09:26:47,133100.0,100,Buy,235245278
2024-08-28 09:26:48,133100.0,300,Buy,235245331
2024-08-28 09:26:49,133100.0,600,Buy,235245345
2024-08-28 09:26:49,133100.0,200,Buy,235245346
2024-08-28 09:26:49,133100.0,200,Buy,235245347
2024-08-28 09:26:58,133100.0,200,Buy,235245458
2024-08-28 09:27:11,133100.0,200,Buy,235245730
2024-08-28 09:27:11,133100.0,200,Buy,235245731
2024-08-28 09:27:11,133100.0,100,Buy,235245732
2024-08-28 09:27:11,133100.0,100,Buy,235245733
2024-08-28 09:27:11,133100.0,200,Buy,235245734
2024-08-28 09:27:18,133100.0,100,Buy,235245855
2024-08-28 09:27:19,133000.0,100,Sell,235245935
2024-08-28 09:27:27,133000.0,100,Sell,235246052
2024-08-28 09:27:27,133000.0,100,Sell,235246053
2024-08-28 09:27:31,133100.0,100,Buy,235246112
2024-08-28 09:27:31,133100.0,100,Buy,235246113
2024-08-28 09:27:31,133100.0,100,Buy,235246114
2024-08-28 09:27:31,133100.0,1700,Buy,235246115
2024-08-28 09:27:31,133000.0,100,Sell,235246141
2024-08-28 09:27:37,133100.0,100,Buy,235246233
2024-08-28 09:27:38,133100.0,200,Buy,235246242
2024-08-28 09:27:38,133100.0,100,Buy,235246241
2024-08-28 09:27:42,133100.0,1000,Sell,235246302
2024-08-28 09:27:46,133100.0,100,Buy,235246458
2024-08-28 09:27:46,133000.0,100,Sell,235246445
2024-08-28 09:27:48,133100.0,200,Buy,235246475
2024-08-28 09:27:48,133100.0,200,Buy,235246474
2024-08-28 09:27:53,133100.0,1000,Buy,235246671
2024-08-28 09:27:56,133100.0,400,Buy,235246766
2024-08-28 09:27:56,133100.0,200,Buy,235246754
2024-08-28 09:27:56,133100.0,500,Buy,235246765
2024-08-28 09:27:57,133100.0,100,Buy,235246788
2024-08-28 09:27:58,133100.0,300,Buy,235246809
2024-08-28 09:28:17,133000.0,100,Sell,235247178
2024-08-28 09:28:24,133100.0,6400,Buy,235247375
2024-08-28 09:28:24,133100.0,100,Buy,235247376
2024-08-28 09:28:24,133100.0,200,Buy,235247377
2024-08-28 09:28:24,133100.0,100,Buy,235247379
2024-08-28 09:28:24,133100.0,100,Buy,235247380
2024-08-28 09:28:24,133100.0,1000,Buy,235247378
2024-08-28 09:28:37,133100.0,100,Sell,235247645
2024-08-28 09:28:44,133100.0,1000,Sell,235247785
2024-08-28 09:28:44,133100.0,100,Sell,235247787
2024-08-28 09:28:47,133100.0,100,Sell,235247838
2024-08-28 09:28:52,133100.0,200,Sell,235247954
2024-08-28 09:28:59,133200.0,300,Buy,235248117
2024-08-28 09:29:03,133200.0,600,Buy,235248259
2024-08-28 09:29:03,133200.0,400,Buy,235248258
2024-08-28 09:29:04,133100.0,600,Sell,235248284
2024-08-28 09:29:04,133100.0,100,Sell,235248292
2024-08-28 09:29:04,133100.0,2900,Sell,235248291
2024-08-28 09:29:04,133100.0,100,Sell,235248290
2024-08-28 09:29:04,133100.0,200,Sell,235248293
2024-08-28 09:29:04,133100.0,400,Sell,235248288
2024-08-28 09:29:04,133100.0,500,Sell,235248287
2024-08-28 09:29:04,133100.0,2000,Sell,235248286
2024-08-28 09:29:04,133100.0,1200,Sell,235248285
2024-08-28 09:29:04,133100.0,2000,Sell,235248289
2024-08-28 09:29:05,133200.0,1000,Buy,235248312
2024-08-28 09:29:07,133200.0,100,Buy,235248366
2024-08-28 09:29:08,133200.0,1800,Buy,235248383
2024-08-28 09:29:11,133100.0,200,Sell,235248440
2024-08-28 09:29:14,133100.0,100,Sell,235248527
2024-08-28 09:29:25,133100.0,1000,Sell,235248830
2024-08-28 09:29:26,133100.0,100,Sell,235248858
2024-08-28 09:29:26,133100.0,500,Sell,235248857
2024-08-28 09:29:26,133100.0,2700,Sell,235248855
2024-08-28 09:29:26,133100.0,1000,Sell,235248854
2024-08-28 09:29:26,133100.0,300,Sell,235248856
2024-08-28 09:29:44,133100.0,200,Sell,235249215
2024-08-28 09:29:46,133100.0,100,Sell,235249248
2024-08-28 09:29:52,133100.0,500,Sell,235249365
2024-08-28 09:30:17,133200.0,100,Buy,235249987
2024-08-28 09:30:21,133100.0,200,Sell,235250049
2024-08-28 09:30:21,133100.0,300,Sell,235250050
2024-08-28 09:30:30,133200.0,2000,Buy,235250263
2024-08-28 09:30:30,133200.0,1000,Buy,235250264
2024-08-28 09:30:30,133200.0,100,Buy,235250265
2024-08-28 09:30:30,133200.0,100,Buy,235250266
2024-08-28 09:30:30,133200.0,200,Buy,235250270
2024-08-28 09:30:30,133200.0,100,Buy,235250268
2024-08-28 09:30:30,133200.0,1700,Buy,235250269
2024-08-28 09:30:30,133200.0,200,Buy,235250262
2024-08-28 09:30:30,133200.0,200,Buy,235250271
2024-08-28 09:30:30,133200.0,500,Buy,235250272
2024-08-28 09:30:30,133200.0,100,Buy,235250267
2024-08-28 09:30:30,133200.0,100,Buy,235250261
2024-08-28 09:30:30,133200.0,200,Buy,235250258
2024-08-28 09:30:30,133200.0,100,Buy,235250259
2024-08-28 09:30:30,133200.0,100,Buy,235250257
2024-08-28 09:30:30,133200.0,100,Buy,235250256
2024-08-28 09:30:30,133200.0,100,Buy,235250255
2024-08-28 09:30:30,133200.0,100,Buy,235250254
2024-08-28 09:30:30,133200.0,1000,Buy,235250253
2024-08-28 09:30:30,133200.0,200,Buy,235250252
2024-08-28 09:30:30,133200.0,200,Buy,235250251
2024-08-28 09:30:30,133200.0,200,Buy,235250250
2024-08-28 09:30:30,133200.0,100,Buy,235250249
2024-08-28 09:30:30,133200.0,2600,Buy,235250248
2024-08-28 09:30:30,133200.0,400,Buy,235250260
2024-08-28 09:30:56,133200.0,100,Sell,235250849
2024-08-28 09:31:01,133200.0,100,Sell,235250958
2024-08-28 09:31:03,133200.0,500,Sell,235250992
2024-08-28 09:31:03,133200.0,2200,Sell,235250991
2024-08-28 09:31:07,133200.0,100,Sell,235251057
2024-08-28 09:31:07,133200.0,100,Sell,235251052
2024-08-28 09:31:07,133200.0,100,Sell,235251053
2024-08-28 09:31:16,133200.0,100,Sell,235251353
2024-08-28 09:31:16,133200.0,300,Sell,235251354
2024-08-28 09:31:18,133200.0,100,Sell,235251429
2024-08-28 09:31:25,133200.0,200,Sell,235251604
2024-08-28 09:31:27,133300.0,100,Buy,235251693
2024-08-28 09:31:32,133200.0,500,Sell,235251794
2024-08-28 09:31:32,133200.0,2000,Sell,235251791
2024-08-28 09:31:32,133200.0,100,Sell,235251793
2024-08-28 09:31:32,133200.0,500,Sell,235251789
2024-08-28 09:31:32,133200.0,1100,Sell,235251788
2024-08-28 09:31:32,133200.0,400,Sell,235251790
2024-08-28 09:31:32,133200.0,400,Sell,235251792
2024-08-28 09:31:35,133300.0,100,Buy,235251858
2024-08-28 09:31:38,133300.0,300,Buy,235251903
2024-08-28 09:31:38,133300.0,200,Buy,235251904
2024-08-28 09:31:38,133300.0,100,Buy,235251905
2024-08-28 09:31:38,133300.0,100,Buy,235251906
2024-08-28 09:31:40,133300.0,300,Buy,235251990
2024-08-28 09:31:40,133300.0,500,Buy,235251989
2024-08-28 09:31:48,133300.0,100,Buy,235252149
2024-08-28 09:31:48,133300.0,100,Buy,235252148
2024-08-28 09:32:03,133300.0,600,Buy,235252483
2024-08-28 09:32:03,133300.0,400,Buy,235252484
2024-08-28 09:32:04,133200.0,500,Sell,235252495
2024-08-28 09:32:04,133200.0,600,Sell,235252496
2024-08-28 09:32:04,133200.0,400,Sell,235252497
2024-08-28 09:32:04,133200.0,800,Sell,235252498
2024-08-28 09:32:05,133200.0,100,Sell,235252558
2024-08-28 09:32:06,133300.0,600,Buy,235252568
2024-08-28 09:32:08,133300.0,400,Buy,235252596
2024-08-28 09:32:08,133300.0,200,Buy,235252597
2024-08-28 09:32:25,133300.0,300,Buy,235252969
2024-08-28 09:32:25,133300.0,100,Buy,235252966
2024-08-28 09:32:25,133300.0,500,Buy,235252967
2024-08-28 09:32:25,133300.0,100,Buy,235252968
2024-08-28 09:32:26,133300.0,500,Buy,235253005
2024-08-28 09:32:26,133300.0,100,Buy,235253004
2024-08-28 09:32:26,133300.0,200,Buy,235253001
2024-08-28 09:32:26,133300.0,200,Buy,235253003
2024-08-28 09:32:26,133300.0,1000,Buy,235253002
2024-08-28 09:32:26,133300.0,100,Buy,235253000
2024-08-28 09:32:26,133300.0,100,Buy,235252995
2024-08-28 09:32:26,133300.0,100,Buy,235252998
2024-08-28 09:32:26,133300.0,200,Buy,235252999
2024-08-28 09:32:26,133300.0,100,Buy,235252993
2024-08-28 09:32:26,133300.0,200,Buy,235252994
2024-08-28 09:32:26,133300.0,100,Buy,235252996
2024-08-28 09:32:26,133300.0,100,Buy,235252997
2024-08-28 09:32:37,133400.0,100,Buy,235253282
2024-08-28 09:32:40,133300.0,100,Sell,235253339
2024-08-28 09:32:50,133300.0,500,Sell,235253632
2024-08-28 09:33:15,133300.0,400,Sell,235254337
2024-08-28 09:33:15,133300.0,300,Sell,235254335
2024-08-28 09:33:15,133300.0,500,Sell,235254334
2024-08-28 09:33:15,133300.0,2000,Sell,235254333
2024-08-28 09:33:15,133300.0,600,Sell,235254336
2024-08-28 09:33:15,133300.0,2000,Sell,235254331
2024-08-28 09:33:15,133300.0,1800,Sell,235254330
2024-08-28 09:33:15,133300.0,100,Sell,235254329
2024-08-28 09:33:15,133300.0,100,Sell,235254328
2024-08-28 09:33:15,133300.0,500,Sell,235254332
2024-08-28 09:33:18,133300.0,1200,Buy,235254380
2024-08-28 09:33:20,133300.0,700,Buy,235254422
2024-08-28 09:33:24,133300.0,100,Sell,235254506
2024-08-28 09:33:34,133300.0,500,Sell,235254691
2024-08-28 09:33:47,133400.0,100,Buy,235255059
2024-08-28 09:33:55,133400.0,200,Buy,235255202
2024-08-28 09:33:55,133400.0,600,Buy,235255203
2024-08-28 09:33:55,133400.0,100,Buy,235255201
2024-08-28 09:33:58,133400.0,100,Buy,235255270
2024-08-28 09:34:17,133400.0,500,Buy,235255687
2024-08-28 09:34:17,133400.0,400,Buy,235255688
2024-08-28 09:34:18,133300.0,100,Sell,235255700
2024-08-28 09:34:19,133400.0,1000,Buy,235255757
2024-08-28 09:34:25,133300.0,100,Sell,235255855
2024-08-28 09:34:37,133400.0,100,Buy,235256116
2024-08-28 09:34:37,133400.0,200,Buy,235256115
2024-08-28 09:34:40,133400.0,600,Buy,235256167
2024-08-28 09:34:40,133400.0,100,Buy,235256166
2024-08-28 09:34:40,133400.0,100,Buy,235256163
2024-08-28 09:34:40,133400.0,100,Buy,235256164
2024-08-28 09:34:40,133400.0,100,Buy,235256165
2024-08-28 09:34:41,133300.0,200,Sell,235256180
2024-08-28 09:34:57,133400.0,100,Buy,235256482
2024-08-28 09:34:57,133300.0,200,Sell,235256493
2024-08-28 09:35:02,133300.0,100,Sell,235256579
2024-08-28 09:35:02,133300.0,300,Sell,235256580
2024-08-28 09:35:02,133300.0,100,Sell,235256581
2024-08-28 09:35:02,133300.0,100,Sell,235256584
2024-08-28 09:35:15,133300.0,300,Sell,235256938
2024-08-28 09:35:18,133400.0,100,Buy,235256978
2024-08-28 09:35:23,133300.0,100,Sell,235257100
2024-08-28 09:35:23,133300.0,300,Sell,235257104
2024-08-28 09:35:36,133300.0,100,Sell,235257347
2024-08-28 09:35:45,133300.0,1000,Sell,235257620
2024-08-28 09:35:45,133300.0,1000,Sell,235257621
2024-08-28 09:35:51,133300.0,300,Sell,235257836
2024-08-28 09:35:57,133400.0,100,Buy,235257912
2024-08-28 09:36:02,133300.0,200,Sell,235257999
2024-08-28 09:36:06,133400.0,100,Buy,235258051
2024-08-28 09:36:08,133300.0,200,Sell,235258088
2024-08-28 09:36:14,133300.0,200,Sell,235258219
2024-08-28 09:36:18,133400.0,500,Buy,235258294
2024-08-28 09:36:19,133300.0,300,Sell,235258326
2024-08-28 09:36:26,133300.0,200,Sell,235258427
2024-08-28 09:36:42,133300.0,100,Sell,235258758
2024-08-28 09:36:46,133300.0,100,Sell,235258831
2024-08-28 09:36:49,133300.0,300,Sell,235258874
2024-08-28 09:36:58,133300.0,100,Sell,235259076
2024-08-28 09:36:58,133300.0,100,Sell,235259077
2024-08-28 09:37:02,133300.0,400,Sell,235259174
2024-08-28 09:37:02,133300.0,100,Sell,235259175
2024-08-28 09:37:06,133300.0,100,Sell,235259252
2024-08-28 09:37:06,133300.0,200,Sell,235259258
2024-08-28 09:37:06,133300.0,100,Sell,235259259
2024-08-28 09:37:14,133300.0,800,Sell,235259535
2024-08-28 09:37:16,133400.0,100,Buy,235259575
2024-08-28 09:37:17,133400.0,300,Buy,235259597
2024-08-28 09:37:17,133400.0,400,Buy,235259595
2024-08-28 09:37:17,133400.0,100,Buy,235259596
2024-08-28 09:37:18,133400.0,200,Buy,235259616
2024-08-28 09:37:27,133300.0,1100,Sell,235259795
2024-08-28 09:37:27,133300.0,1000,Sell,235259821
2024-08-28 09:37:27,133300.0,100,Sell,235259820
2024-08-28 09:37:27,133300.0,100,Sell,235259819
2024-08-28 09:37:27,133300.0,400,Sell,235259818
2024-08-28 09:37:27,133300.0,600,Sell,235259817
2024-08-28 09:37:27,133300.0,1000,Sell,235259816
2024-08-28 09:37:27,133300.0,400,Sell,235259815
2024-08-28 09:37:27,133300.0,500,Sell,235259813
2024-08-28 09:37:27,133300.0,600,Sell,235259810
2024-08-28 09:37:27,133300.0,500,Sell,235259809
2024-08-28 09:37:27,133300.0,300,Sell,235259808
2024-08-28 09:37:27,133300.0,100,Sell,235259812
2024-08-28 09:37:27,133300.0,500,Sell,235259806
2024-08-28 09:37:27,133300.0,100,Sell,235259796
2024-08-28 09:37:27,133300.0,400,Sell,235259807
2024-08-28 09:37:27,133300.0,1000,Sell,235259798
2024-08-28 09:37:27,133300.0,100,Sell,235259799
2024-08-28 09:37:27,133300.0,500,Sell,235259800
2024-08-28 09:37:27,133300.0,300,Sell,235259797
2024-08-28 09:37:27,133300.0,100,Sell,235259802
2024-08-28 09:37:27,133300.0,2000,Sell,235259803
2024-08-28 09:37:27,133300.0,400,Sell,235259804
2024-08-28 09:37:27,133300.0,600,Sell,235259805
2024-08-28 09:37:27,133300.0,300,Sell,235259801
2024-08-28 09:37:27,133300.0,300,Sell,235259811
2024-08-28 09:37:37,133200.0,100,Sell,235259984
2024-08-28 09:37:58,133200.0,100,Sell,235260371
2024-08-28 09:38:08,133200.0,200,Sell,235260521
2024-08-28 09:38:22,133300.0,1000,Buy,235260757
2024-08-28 09:38:24,133300.0,600,Buy,235260791
2024-08-28 09:38:24,133300.0,100,Buy,235260792
2024-08-28 09:38:24,133300.0,200,Buy,235260793
2024-08-28 09:38:26,133300.0,100,Buy,235260839
2024-08-28 09:38:28,133300.0,300,Buy,235260859
2024-08-28 09:38:36,133200.0,1000,Sell,235260975
2024-08-28 09:38:45,133300.0,200,Buy,235261149
2024-08-28 09:38:45,133300.0,300,Buy,235261156
2024-08-28 09:38:45,133300.0,100,Buy,235261155
2024-08-28 09:38:45,133300.0,300,Buy,235261154
2024-08-28 09:38:45,133300.0,400,Buy,235261148
2024-08-28 09:38:45,133300.0,200,Buy,235261152
2024-08-28 09:38:45,133300.0,200,Buy,235261151
2024-08-28 09:38:45,133300.0,200,Buy,235261150
2024-08-28 09:38:45,133300.0,100,Buy,235261153
2024-08-28 09:38:46,133200.0,600,Sell,235261165
2024-08-28 09:39:09,133200.0,100,Sell,235261586
2024-08-28 09:39:18,133200.0,100,Sell,235261813
2024-08-28 09:39:24,133200.0,500,Sell,235261945
2024-08-28 09:39:29,133200.0,400,Sell,235262051
2024-08-28 09:39:36,133300.0,100,Buy,235262158
2024-08-28 09:39:39,133200.0,100,Sell,235262202
2024-08-28 09:39:39,133200.0,100,Sell,235262203
2024-08-28 09:39:39,133200.0,200,Sell,235262204
2024-08-28 09:39:41,133300.0,100,Buy,235262270
2024-08-28 09:39:54,133300.0,200,Buy,235262501
2024-08-28 09:39:54,133300.0,200,Buy,235262500
2024-08-28 09:39:54,133300.0,600,Buy,235262499
2024-08-28 09:39:58,133300.0,100,Buy,235262556
2024-08-28 09:40:11,133300.0,100,Buy,235262795
2024-08-28 09:40:11,133300.0,100,Buy,235262796
2024-08-28 09:40:16,133300.0,500,Buy,235262854
2024-08-28 09:40:16,133300.0,400,Buy,235262855
2024-08-28 09:40:18,133300.0,100,Buy,235262882
2024-08-28 09:40:20,133200.0,100,Sell,235262935
2024-08-28 09:40:22,133200.0,1000,Sell,235263009
2024-08-28 09:40:34,133200.0,200,Sell,235263222
2024-08-28 09:40:44,133300.0,100,Buy,235263373
2024-08-28 09:40:46,133300.0,100,Buy,235263416
2024-08-28 09:40:58,133200.0,100,Sell,235263584
2024-08-28 09:41:14,133300.0,200,Buy,235263851
2024-08-28 09:41:18,133300.0,200,Buy,235263901
2024-08-28 09:41:22,133300.0,100,Buy,235263940
2024-08-28 09:41:24,133300.0,600,Buy,235264012
2024-08-28 09:41:24,133300.0,400,Buy,235264013
2024-08-28 09:41:27,133300.0,100,Buy,235264055
2024-08-28 09:41:28,133300.0,100,Buy,235264071
2024-08-28 09:41:32,133200.0,100,Sell,235264129
2024-08-28 09:41:42,133200.0,100,Sell,235264307
2024-08-28 09:41:44,133300.0,100,Buy,235264344
2024-08-28 09:41:46,133300.0,100,Buy,235264351
2024-08-28 09:41:46,133300.0,500,Buy,235264352
2024-08-28 09:41:46,133300.0,300,Buy,235264353
2024-08-28 09:41:48,133300.0,100,Buy,235264384
2024-08-28 09:41:52,133200.0,100,Sell,235264500
2024-08-28 09:41:56,133300.0,100,Buy,235264596
2024-08-28 09:42:04,133300.0,300,Buy,235264723
2024-08-28 09:42:08,133300.0,400,Buy,235264784
2024-08-28 09:42:08,133300.0,600,Buy,235264783
2024-08-28 09:42:08,133300.0,2000,Buy,235264775
2024-08-28 09:42:17,133300.0,100,Buy,235264907
2024-08-28 09:42:18,133300.0,400,Buy,235264927
2024-08-28 09:42:18,133300.0,900,Buy,235264938
2024-08-28 09:42:18,133200.0,100,Sell,235264939
2024-08-28 09:42:18,133200.0,400,Sell,235264940
2024-08-28 09:42:44,133200.0,100,Sell,235265469
2024-08-28 09:42:47,133300.0,200,Buy,235265526
2024-08-28 09:42:53,133300.0,300,Buy,235265649
2024-08-28 09:42:53,133300.0,600,Buy,235265648
2024-08-28 09:43:06,133300.0,100,Buy,235265841
2024-08-28 09:43:07,133200.0,100,Sell,235265862
2024-08-28 09:43:16,133300.0,100,Buy,235266052
2024-08-28 09:43:19,133300.0,200,Buy,235266162
2024-08-28 09:43:25,133300.0,100,Buy,235266248
2024-08-28 09:43:36,133300.0,500,Buy,235266410
2024-08-28 09:43:38,133300.0,400,Buy,235266458
2024-08-28 09:43:38,133300.0,500,Buy,235266457
2024-08-28 09:43:45,133200.0,200,Sell,235266584
2024-08-28 09:43:52,133300.0,100,Buy,235266730
2024-08-28 09:43:56,133200.0,100,Sell,235266787
2024-08-28 09:44:14,133200.0,100,Sell,235267124
2024-08-28 09:44:14,133200.0,500,Sell,235267125
2024-08-28 09:44:14,133200.0,400,Sell,235267126
2024-08-28 09:44:16,133300.0,100,Buy,235267161
2024-08-28 09:44:16,133200.0,100,Sell,235267163
2024-08-28 09:44:22,133200.0,100,Sell,235267246
2024-08-28 09:44:22,133300.0,100,Buy,235267245
2024-08-28 09:44:24,133300.0,100,Buy,235267303
2024-08-28 09:44:25,133300.0,1700,Buy,235267313
2024-08-28 09:44:29,133300.0,100,Buy,235267375
2024-08-28 09:44:33,133200.0,100,Sell,235267413
2024-08-28 09:44:44,133200.0,200,Sell,235267579
2024-08-28 09:44:48,133200.0,1600,Sell,235267638
2024-08-28 09:44:48,133200.0,500,Sell,235267639
2024-08-28 09:44:48,133200.0,400,Sell,235267640
2024-08-28 09:44:48,133200.0,300,Sell,235267641
2024-08-28 09:44:48,133200.0,200,Sell,235267642
2024-08-28 09:44:55,133300.0,200,Buy,235267772
2024-08-28 09:45:08,133300.0,500,Buy,235267942
2024-08-28 09:45:08,133300.0,300,Buy,235267943
2024-08-28 09:45:09,133200.0,100,Sell,235267967
2024-08-28 09:45:19,133200.0,200,Sell,235268243
2024-08-28 09:45:22,133200.0,100,Sell,235268326
2024-08-28 09:45:26,133300.0,100,Buy,235268450
2024-08-28 09:45:27,133300.0,100,Buy,235268462
2024-08-28 09:45:30,133300.0,600,Buy,235268529
2024-08-28 09:45:30,133300.0,400,Buy,235268530
2024-08-28 09:45:42,133300.0,200,Buy,235268899
2024-08-28 09:45:42,133300.0,500,Buy,235268898
2024-08-28 09:45:42,133300.0,100,Buy,235268892
2024-08-28 09:45:42,133300.0,300,Buy,235268893
2024-08-28 09:45:42,133300.0,100,Buy,235268895
2024-08-28 09:45:53,133300.0,500,Buy,235269198
2024-08-28 09:45:53,133300.0,400,Buy,235269199
2024-08-28 09:45:57,133300.0,200,Buy,235269281
2024-08-28 09:46:11,133200.0,100,Sell,235269590
2024-08-28 09:46:21,133300.0,900,Buy,235269809
2024-08-28 09:46:22,133200.0,100,Sell,235269819
2024-08-28 09:46:23,133200.0,500,Sell,235269845
2024-08-28 09:46:29,133300.0,100,Buy,235269941
2024-08-28 09:46:36,133300.0,100,Buy,235270080
2024-08-28 09:46:38,133300.0,500,Buy,235270113
2024-08-28 09:46:38,133300.0,400,Buy,235270114
2024-08-28 09:46:59,133300.0,200,Buy,235270559
2024-08-28 09:47:00,133300.0,600,Buy,235270567
2024-08-28 09:47:00,133300.0,400,Buy,235270568
2024-08-28 09:47:01,133200.0,400,Sell,235270589
2024-08-28 09:47:01,133200.0,500,Sell,235270588
2024-08-28 09:47:01,133200.0,600,Sell,235270591
2024-08-28 09:47:01,133200.0,100,Sell,235270590
2024-08-28 09:47:01,133200.0,300,Sell,235270587
2024-08-28 09:47:01,133200.0,600,Sell,235270582
2024-08-28 09:47:01,133200.0,300,Sell,235270585
2024-08-28 09:47:01,133200.0,600,Sell,235270586
2024-08-28 09:47:01,133200.0,700,Sell,235270581
2024-08-28 09:47:01,133200.0,500,Sell,235270584
2024-08-28 09:47:01,133200.0,400,Sell,235270583
2024-08-28 09:47:16,133200.0,500,Sell,235270903
2024-08-28 09:47:20,133200.0,500,Sell,235270979
2024-08-28 09:47:27,133200.0,500,Sell,235271098
2024-08-28 09:47:31,133200.0,100,Sell,235271160
2024-08-28 09:47:32,133300.0,100,Buy,235271176
2024-08-28 09:47:34,133200.0,700,Sell,235271218
2024-08-28 09:47:34,133200.0,300,Sell,235271219
2024-08-28 09:47:35,133200.0,100,Sell,235271245
2024-08-28 09:47:46,133300.0,100,Buy,235271569
2024-08-28 09:47:47,133200.0,100,Sell,235271618
2024-08-28 09:47:58,133200.0,400,Sell,235271970
2024-08-28 09:47:58,133200.0,100,Sell,235271971
2024-08-28 09:48:02,133300.0,100,Buy,235272025
2024-08-28 09:48:07,133300.0,400,Buy,235272141
2024-08-28 09:48:07,133300.0,500,Buy,235272140
2024-08-28 09:48:09,133200.0,300,Sell,235272222
2024-08-28 09:48:20,133200.0,100,Sell,235272422
2024-08-28 09:48:20,133200.0,100,Sell,235272423
2024-08-28 09:48:20,133200.0,100,Sell,235272424
2024-08-28 09:48:20,133200.0,200,Sell,235272425
2024-08-28 09:48:28,133200.0,1000,Sell,235272603
2024-08-28 09:48:33,133300.0,200,Buy,235272740
2024-08-28 09:48:37,133200.0,100,Sell,235272847
2024-08-28 09:48:38,133200.0,700,Sell,235272866
2024-08-28 09:48:38,133200.0,600,Sell,235272867
2024-08-28 09:48:38,133200.0,200,Sell,235272868
2024-08-28 09:48:39,133200.0,100,Sell,235272872
2024-08-28 09:48:39,133200.0,100,Sell,235272876
2024-08-28 09:48:39,133200.0,100,Sell,235272877
2024-08-28 09:48:44,133200.0,100,Sell,235272992
2024-08-28 09:48:48,133200.0,100,Sell,235273101
2024-08-28 09:48:54,133200.0,300,Sell,235273238
2024-08-28 09:48:54,133200.0,300,Sell,235273235
2024-08-28 09:48:54,133200.0,300,Sell,235273236
2024-08-28 09:48:54,133200.0,500,Sell,235273237
2024-08-28 09:48:55,133300.0,100,Buy,235273245
2024-08-28 09:48:57,133200.0,100,Sell,235273291
2024-08-28 09:49:06,133300.0,100,Buy,235273503
2024-08-28 09:49:11,133200.0,100,Sell,235273677
2024-08-28 09:49:11,133200.0,400,Sell,235273678
2024-08-28 09:49:11,133200.0,2000,Sell,235273679
2024-08-28 09:49:11,133200.0,500,Sell,235273680
2024-08-28 09:49:21,133200.0,400,Sell,235273860
2024-08-28 09:49:21,133200.0,500,Sell,235273861
2024-08-28 09:49:21,133200.0,100,Sell,235273859
2024-08-28 09:49:33,133200.0,100,Sell,235274051
2024-08-28 09:49:36,133300.0,100,Buy,235274137
2024-08-28 09:49:37,133300.0,500,Buy,235274176
2024-08-28 09:49:37,133300.0,300,Buy,235274177
2024-08-28 09:50:00,133300.0,100,Buy,235274559
2024-08-28 09:50:00,133300.0,200,Buy,235274558
2024-08-28 09:50:00,133300.0,600,Buy,235274556
2024-08-28 09:50:00,133300.0,100,Buy,235274557
2024-08-28 09:50:02,133200.0,100,Sell,235274621
2024-08-28 09:50:05,133300.0,100,Buy,235274686
2024-08-28 09:50:07,133300.0,200,Buy,235274710
2024-08-28 09:50:09,133200.0,100,Sell,235274751
2024-08-28 09:50:09,133200.0,100,Sell,235274754
2024-08-28 09:50:09,133200.0,100,Sell,235274755
2024-08-28 09:50:09,133200.0,200,Sell,235274756
2024-08-28 09:50:09,133200.0,100,Sell,235274757
2024-08-28 09:50:25,133200.0,500,Sell,235275100
2024-08-28 09:50:27,133200.0,200,Sell,235275168
2024-08-28 09:50:40,133300.0,100,Buy,235275428
2024-08-28 09:50:45,133300.0,600,Buy,235275530
2024-08-28 09:50:45,133300.0,300,Buy,235275531
2024-08-28 09:50:45,133200.0,100,Sell,235275533
2024-08-28 09:51:04,133200.0,300,Sell,235275919
2024-08-28 09:51:11,133300.0,200,Buy,235276078
2024-08-28 09:51:15,133300.0,100,Buy,235276193
2024-08-28 09:51:15,133200.0,100,Sell,235276214
2024-08-28 09:51:16,133200.0,100,Sell,235276232
2024-08-28 09:51:17,133200.0,800,Sell,235276256
2024-08-28 09:51:17,133200.0,200,Sell,235276255
2024-08-28 09:51:21,133200.0,100,Sell,235276346
2024-08-28 09:51:43,133300.0,100,Buy,235276766
2024-08-28 09:51:43,133300.0,100,Buy,235276767
2024-08-28 09:51:48,133200.0,100,Sell,235276999
2024-08-28 09:51:57,133200.0,100,Sell,235277152
2024-08-28 09:52:05,133200.0,100,Sell,235277311
2024-08-28 09:52:09,133200.0,300,Sell,235277376
2024-08-28 09:52:15,133300.0,100,Buy,235277474
2024-08-28 09:52:15,133300.0,100,Buy,235277475
2024-08-28 09:52:25,133300.0,100,Buy,235277673
2024-08-28 09:52:31,133200.0,100,Sell,235277815
2024-08-28 09:52:32,133200.0,100,Sell,235277832
2024-08-28 09:52:46,133300.0,100,Buy,235278093
2024-08-28 09:52:54,133200.0,2000,Sell,235278230
2024-08-28 09:53:08,133200.0,100,Sell,235278543
2024-08-28 09:53:08,133200.0,200,Sell,235278531
2024-08-28 09:53:13,133300.0,500,Buy,235278645
2024-08-28 09:53:13,133300.0,500,Buy,235278646
2024-08-28 09:53:17,133300.0,200,Buy,235278703
2024-08-28 09:53:18,133200.0,300,Sell,235278723
2024-08-28 09:53:27,133200.0,400,Sell,235278931
2024-08-28 09:53:27,133200.0,100,Sell,235278930
2024-08-28 09:53:27,133200.0,400,Sell,235278929
2024-08-28 09:53:27,133200.0,500,Sell,235278928
2024-08-28 09:53:27,133200.0,600,Sell,235278926
2024-08-28 09:53:27,133200.0,400,Sell,235278925
2024-08-28 09:53:27,133200.0,600,Sell,235278924
2024-08-28 09:53:27,133200.0,700,Sell,235278923
2024-08-28 09:53:27,133200.0,300,Sell,235278927
2024-08-28 09:53:30,133200.0,1000,Sell,235278975
2024-08-28 09:53:32,133300.0,300,Buy,235279033
2024-08-28 09:53:32,133300.0,100,Buy,235279035
2024-08-28 09:53:32,133300.0,100,Buy,235279034
2024-08-28 09:53:32,133300.0,100,Buy,235279031
2024-08-28 09:53:32,133300.0,1000,Buy,235279032
2024-08-28 09:53:32,133300.0,200,Buy,235279029
2024-08-28 09:53:32,133200.0,100,Sell,235279013
2024-08-28 09:53:32,133300.0,500,Buy,235279028
2024-08-28 09:53:32,133300.0,10000,Buy,235279027
2024-08-28 09:53:32,133300.0,3000,Buy,235279026
2024-08-28 09:53:32,133300.0,100,Buy,235279030
2024-08-28 09:53:35,133300.0,100,Buy,235279064
2024-08-28 09:53:43,133200.0,200,Sell,235279245
2024-08-28 09:53:45,133200.0,100,Sell,235279279
2024-08-28 09:53:46,133200.0,100,Sell,235279318
2024-08-28 09:53:50,133300.0,100,Buy,235279472
2024-08-28 09:53:50,133300.0,100,Buy,235279471
2024-08-28 09:54:06,133300.0,500,Buy,235279884
2024-08-28 09:54:06,133300.0,300,Buy,235279885
2024-08-28 09:54:21,133200.0,100,Sell,235280161
2024-08-28 09:54:22,133300.0,200,Buy,235280170
2024-08-28 09:54:29,133300.0,400,Buy,235280391
2024-08-28 09:54:29,133300.0,100,Buy,235280389
2024-08-28 09:54:29,133300.0,400,Buy,235280388
2024-08-28 09:54:29,133300.0,100,Buy,235280390
2024-08-28 09:54:30,133200.0,100,Sell,235280409
2024-08-28 09:54:38,133200.0,700,Sell,235280631
2024-08-28 09:54:43,133200.0,100,Sell,235280743
2024-08-28 09:54:45,133300.0,100,Buy,235280768
2024-08-28 09:54:47,133200.0,100,Sell,235280804
2024-08-28 09:54:53,133300.0,200,Buy,235280948
2024-08-28 09:54:54,133300.0,100,Buy,235280953
2024-08-28 09:54:57,133200.0,100,Sell,235280981
2024-08-28 09:55:01,133200.0,100,Sell,235281082
2024-08-28 09:55:26,133200.0,300,Sell,235281677
2024-08-28 09:55:26,133300.0,100,Buy,235281678
2024-08-28 09:55:34,133200.0,2000,Sell,235281812
2024-08-28 09:55:34,133200.0,400,Sell,235281810
2024-08-28 09:55:34,133200.0,700,Sell,235281811
2024-08-28 09:55:34,133200.0,1300,Sell,235281808
2024-08-28 09:55:34,133200.0,600,Sell,235281809
2024-08-28 09:55:34,133200.0,100,Sell,235281800
2024-08-28 09:55:55,133300.0,100,Buy,235282163
2024-08-28 09:55:57,133300.0,100,Buy,235282258
2024-08-28 09:55:59,133300.0,500,Buy,235282291
2024-08-28 09:55:59,133300.0,400,Buy,235282292
2024-08-28 09:56:06,133200.0,300,Sell,235282442
2024-08-28 09:56:06,133200.0,200,Sell,235282439
2024-08-28 09:56:06,133200.0,500,Sell,235282440
2024-08-28 09:56:06,133200.0,400,Sell,235282441
2024-08-28 09:56:09,133200.0,100,Sell,235282550
2024-08-28 09:56:18,133200.0,100,Sell,235282814
2024-08-28 09:56:19,133200.0,300,Sell,235282848
2024-08-28 09:56:20,133200.0,500,Sell,235282876
2024-08-28 09:56:27,133300.0,100,Buy,235283066
2024-08-28 09:56:29,133300.0,200,Buy,235283122
2024-08-28 09:56:29,133300.0,300,Buy,235283121
2024-08-28 09:56:29,133300.0,600,Buy,235283120
2024-08-28 09:56:29,133300.0,400,Buy,235283113
2024-08-28 09:56:29,133300.0,100,Buy,235283118
2024-08-28 09:56:29,133300.0,7500,Buy,235283117
2024-08-28 09:56:29,133300.0,400,Buy,235283116
2024-08-28 09:56:29,133300.0,500,Buy,235283119
2024-08-28 09:56:29,133300.0,100,Buy,235283123
2024-08-28 09:56:29,133300.0,500,Buy,235283131
2024-08-28 09:56:29,133300.0,400,Buy,235283126
2024-08-28 09:56:29,133300.0,100,Buy,235283127
2024-08-28 09:56:29,133300.0,200,Buy,235283128
2024-08-28 09:56:29,133300.0,500,Buy,235283129
2024-08-28 09:56:29,133300.0,700,Buy,235283130
2024-08-28 09:56:29,133300.0,100,Buy,235283132
2024-08-28 09:56:29,133300.0,500,Buy,235283133
2024-08-28 09:56:29,133300.0,200,Buy,235283124
2024-08-28 09:56:29,133300.0,500,Buy,235283112
2024-08-28 09:56:29,133300.0,1600,Buy,235283125
2024-08-28 09:56:29,133300.0,400,Buy,235283110
2024-08-28 09:56:29,133300.0,3300,Buy,235283091
2024-08-28 09:56:29,133300.0,200,Buy,235283092
2024-08-28 09:56:29,133300.0,100,Buy,235283093
2024-08-28 09:56:29,133300.0,200,Buy,235283094
2024-08-28 09:56:29,133300.0,300,Buy,235283095
2024-08-28 09:56:29,133300.0,100,Buy,235283096
2024-08-28 09:56:29,133300.0,200,Buy,235283097
2024-08-28 09:56:29,133300.0,600,Buy,235283098
2024-08-28 09:56:29,133300.0,1000,Buy,235283099
2024-08-28 09:56:29,133300.0,100,Buy,235283111
2024-08-28 09:56:29,133300.0,100,Buy,235283101
2024-08-28 09:56:29,133300.0,200,Buy,235283102
2024-08-28 09:56:29,133300.0,600,Buy,235283103
2024-08-28 09:56:29,133300.0,200,Buy,235283104
2024-08-28 09:56:29,133300.0,1000,Buy,235283105
2024-08-28 09:56:29,133300.0,100,Buy,235283106
2024-08-28 09:56:29,133300.0,100,Buy,235283107
2024-08-28 09:56:29,133300.0,100,Buy,235283108
2024-08-28 09:56:29,133300.0,3000,Buy,235283109
2024-08-28 09:56:29,133300.0,500,Buy,235283100
2024-08-28 09:56:43,133300.0,300,Sell,235283452
2024-08-28 09:56:43,133300.0,100,Sell,235283453
2024-08-28 09:56:43,133300.0,600,Sell,235283454
2024-08-28 09:56:45,133300.0,100,Sell,235283493
2024-08-28 09:56:58,133400.0,100,Buy,235283750
2024-08-28 09:57:05,133400.0,100,Buy,235283902
2024-08-28 09:57:06,133400.0,100,Buy,235283931
2024-08-28 09:57:06,133400.0,100,Buy,235283930
2024-08-28 09:57:06,133400.0,100,Buy,235283928
2024-08-28 09:57:06,133400.0,500,Buy,235283927
2024-08-28 09:57:06,133400.0,100,Buy,235283926
2024-08-28 09:57:06,133400.0,100,Buy,235283929
2024-08-28 09:57:21,133300.0,100,Sell,235284190
2024-08-28 09:57:25,133400.0,200,Buy,235284264
2024-08-28 09:57:28,133400.0,100,Buy,235284292
2024-08-28 09:57:28,133400.0,200,Buy,235284293
2024-08-28 09:57:28,133400.0,200,Buy,235284289
2024-08-28 09:57:28,133400.0,100,Buy,235284290
2024-08-28 09:57:28,133400.0,100,Buy,235284288
2024-08-28 09:57:28,133400.0,100,Buy,235284291
2024-08-28 09:57:29,133400.0,100,Buy,235284307
2024-08-28 09:57:29,133400.0,100,Buy,235284308
2024-08-28 09:57:34,133300.0,100,Sell,235284408
2024-08-28 09:57:54,133300.0,200,Sell,235284752
2024-08-28 09:57:57,133300.0,100,Sell,235284797
2024-08-28 09:57:58,133300.0,100,Sell,235284840
2024-08-28 09:57:58,133400.0,100,Buy,235284832
2024-08-28 09:57:58,133400.0,900,Buy,235284831
2024-08-28 09:58:01,133400.0,100,Buy,235284900
2024-08-28 09:58:05,133400.0,100,Buy,235284950
2024-08-28 09:58:06,133300.0,1000,Sell,235285023
2024-08-28 09:58:07,133300.0,100,Sell,235285042
2024-08-28 09:58:15,133400.0,100,Buy,235285131
2024-08-28 09:58:25,133300.0,100,Sell,235285308
2024-08-28 09:58:28,133300.0,100,Sell,235285432
2024-08-28 09:58:32,133400.0,200,Buy,235285497
2024-08-28 09:58:33,133300.0,100,Sell,235285506
2024-08-28 09:58:48,133300.0,100,Sell,235285762
2024-08-28 09:58:52,133300.0,100,Sell,235285838
2024-08-28 09:59:05,133400.0,200,Buy,235286067
2024-08-28 09:59:06,133300.0,200,Sell,235286086
2024-08-28 09:59:06,133300.0,500,Sell,235286080
2024-08-28 09:59:06,133300.0,100,Sell,235286079
2024-08-28 09:59:09,133300.0,100,Sell,235286157
2024-08-28 09:59:09,133300.0,100,Sell,235286158
2024-08-28 09:59:09,133300.0,100,Sell,235286159
2024-08-28 09:59:09,133300.0,800,Sell,235286160
2024-08-28 09:59:25,133400.0,100,Buy,235286468
2024-08-28 09:59:36,133400.0,200,Buy,235286736
2024-08-28 09:59:40,133400.0,300,Buy,235286821
2024-08-28 09:59:40,133400.0,100,Buy,235286820
2024-08-28 09:59:40,133400.0,1000,Buy,235286819
2024-08-28 09:59:40,133400.0,200,Buy,235286818
2024-08-28 09:59:40,133400.0,2600,Buy,235286817
2024-08-28 09:59:40,133400.0,200,Buy,235286812
2024-08-28 09:59:40,133400.0,100,Buy,235286815
2024-08-28 09:59:40,133400.0,100,Buy,235286814
2024-08-28 09:59:40,133400.0,200,Buy,235286813
2024-08-28 09:59:40,133400.0,2100,Buy,235286811
2024-08-28 09:59:40,133400.0,200,Buy,235286816
2024-08-28 09:59:43,133400.0,500,Buy,235286911
2024-08-28 09:59:43,133400.0,300,Buy,235286912
2024-08-28 09:59:45,133300.0,100,Sell,235286938
2024-08-28 09:59:48,133300.0,300,Sell,235287043
2024-08-28 09:59:48,133300.0,300,Sell,235287042
2024-08-28 09:59:48,133300.0,1000,Sell,235287039
2024-08-28 09:59:48,133300.0,2000,Sell,235287040
2024-08-28 09:59:48,133300.0,2000,Sell,235287038
2024-08-28 09:59:48,133300.0,1900,Sell,235287041
2024-08-28 09:59:57,133300.0,500,Sell,235287219
2024-08-28 09:59:57,133300.0,600,Sell,235287220
2024-08-28 09:59:57,133300.0,200,Sell,235287218
2024-08-28 09:59:57,133300.0,400,Sell,235287217
2024-08-28 09:59:57,133300.0,500,Sell,235287216
2024-08-28 09:59:57,133300.0,300,Sell,235287214
2024-08-28 09:59:57,133300.0,400,Sell,235287215
2024-08-28 10:00:08,133400.0,200,Buy,235287426
2024-08-28 10:00:10,133300.0,100,Sell,235287451
2024-08-28 10:00:13,133400.0,100,Buy,235287514
2024-08-28 10:00:21,133300.0,100,Sell,235287635
2024-08-28 10:00:31,133300.0,1100,Sell,235287807
2024-08-28 10:00:33,133400.0,100,Buy,235287840
2024-08-28 10:00:35,133400.0,100,Buy,235287896
2024-08-28 10:00:41,133400.0,100,Buy,235287970
2024-08-28 10:00:50,133400.0,300,Buy,235288233
2024-08-28 10:00:50,133400.0,100,Buy,235288234
2024-08-28 10:00:50,133400.0,200,Buy,235288235
2024-08-28 10:00:50,133400.0,300,Buy,235288236
2024-08-28 10:00:58,133300.0,100,Sell,235288399
2024-08-28 10:01:01,133400.0,400,Buy,235288444
2024-08-28 10:01:02,133300.0,300,Sell,235288464
2024-08-28 10:01:09,133400.0,7500,Buy,235288607
2024-08-28 10:01:09,133400.0,200,Buy,235288606
2024-08-28 10:01:09,133400.0,3000,Buy,235288605
2024-08-28 10:01:09,133400.0,1000,Buy,235288603
2024-08-28 10:01:09,133400.0,100,Buy,235288602
2024-08-28 10:01:09,133400.0,200,Buy,235288597
2024-08-28 10:01:09,133400.0,200,Buy,235288599
2024-08-28 10:01:09,133400.0,1400,Buy,235288598
2024-08-28 10:01:09,133400.0,5100,Buy,235288596
2024-08-28 10:01:09,133400.0,100,Buy,235288601
2024-08-28 10:01:09,133400.0,100,Buy,235288594
2024-08-28 10:01:09,133400.0,300,Buy,235288595
2024-08-28 10:01:09,133400.0,800,Buy,235288586
2024-08-28 10:01:09,133400.0,200,Buy,235288587
2024-08-28 10:01:09,133400.0,1700,Buy,235288588
2024-08-28 10:01:09,133400.0,1700,Buy,235288589
2024-08-28 10:01:09,133400.0,500,Buy,235288600
2024-08-28 10:01:09,133400.0,100,Buy,235288591
2024-08-28 10:01:09,133400.0,1700,Buy,235288592
2024-08-28 10:01:09,133400.0,1700,Buy,235288590
2024-08-28 10:01:09,133400.0,500,Buy,235288593
2024-08-28 10:01:11,133400.0,200,Buy,235288660
2024-08-28 10:01:11,133400.0,100,Buy,235288659
2024-08-28 10:01:11,133400.0,200,Buy,235288657
2024-08-28 10:01:11,133400.0,100,Buy,235288656
2024-08-28 10:01:11,133400.0,5000,Buy,235288655
2024-08-28 10:01:11,133400.0,200,Buy,235288658
2024-08-28 10:01:11,133400.0,600,Buy,235288652
2024-08-28 10:01:11,133400.0,100,Buy,235288653
2024-08-28 10:01:11,133400.0,1500,Buy,235288647
2024-08-28 10:01:11,133400.0,100,Buy,235288648
2024-08-28 10:01:11,133400.0,200,Buy,235288654
2024-08-28 10:01:11,133400.0,300,Buy,235288650
2024-08-28 10:01:11,133400.0,300,Buy,235288651
2024-08-28 10:01:11,133400.0,100,Buy,235288649
2024-08-28 10:01:12,133400.0,100,Buy,235288662
2024-08-28 10:01:13,133400.0,100,Buy,235288684
2024-08-28 10:01:13,133400.0,300,Buy,235288686
2024-08-28 10:01:13,133400.0,400,Buy,235288687
2024-08-28 10:01:13,133400.0,100,Buy,235288685
2024-08-28 10:01:19,133400.0,1300,Buy,235288847
2024-08-28 10:01:29,133400.0,100,Sell,235288953
2024-08-28 10:01:29,133400.0,400,Sell,235288959
2024-08-28 10:01:33,133400.0,100,Sell,235289000
2024-08-28 10:01:35,133400.0,200,Sell,235289023
2024-08-28 10:01:43,133500.0,200,Buy,235289168
2024-08-28 10:01:47,133500.0,100,Buy,235289222
2024-08-28 10:01:54,133500.0,200,Buy,235289365
2024-08-28 10:01:54,133500.0,200,Buy,235289364
2024-08-28 10:01:54,133500.0,2700,Buy,235289378
2024-08-28 10:01:54,133500.0,100,Buy,235289376
2024-08-28 10:01:54,133500.0,100,Buy,235289375
2024-08-28 10:01:54,133500.0,100,Buy,235289374
2024-08-28 10:01:54,133500.0,500,Buy,235289373
2024-08-28 10:01:54,133500.0,100,Buy,235289377
2024-08-28 10:01:54,133500.0,100,Buy,235289371
2024-08-28 10:01:54,133500.0,400,Buy,235289370
2024-08-28 10:01:54,133500.0,100,Buy,235289369
2024-08-28 10:01:54,133500.0,100,Buy,235289368
2024-08-28 10:01:54,133500.0,100,Buy,235289367
2024-08-28 10:01:54,133500.0,100,Buy,235289372
2024-08-28 10:01:54,133500.0,100,Buy,235289366
2024-08-28 10:02:00,133500.0,300,Buy,235289441
2024-08-28 10:02:00,133500.0,500,Buy,235289442
2024-08-28 10:02:03,133500.0,400,Buy,235289539
2024-08-28 10:02:03,133500.0,100,Buy,235289540
2024-08-28 10:02:03,133500.0,100,Buy,235289541
2024-08-28 10:02:03,133500.0,300,Buy,235289545
2024-08-28 10:02:03,133500.0,100,Buy,235289543
2024-08-28 10:02:03,133500.0,200,Buy,235289544
2024-08-28 10:02:03,133500.0,100,Buy,235289538
2024-08-28 10:02:03,133500.0,300,Buy,235289542
2024-08-28 10:02:03,133500.0,500,Buy,235289537
2024-08-28 10:02:03,133500.0,400,Buy,235289527
2024-08-28 10:02:03,133500.0,100,Buy,235289533
2024-08-28 10:02:03,133500.0,200,Buy,235289532
2024-08-28 10:02:03,133500.0,1000,Buy,235289531
2024-08-28 10:02:03,133500.0,100,Buy,235289530
2024-08-28 10:02:03,133500.0,25000,Buy,235289529
2024-08-28 10:02:03,133500.0,100,Buy,235289528
2024-08-28 10:02:03,133500.0,200,Buy,235289546
2024-08-28 10:02:03,133500.0,500,Buy,235289526
2024-08-28 10:02:03,133500.0,1000,Buy,235289525
2024-08-28 10:02:03,133500.0,2000,Buy,235289536
2024-08-28 10:02:03,133500.0,1000,Buy,235289547
2024-08-28 10:02:03,133500.0,300,Buy,235289557
2024-08-28 10:02:03,133500.0,100,Buy,235289549
2024-08-28 10:02:03,133500.0,100,Buy,235289524
2024-08-28 10:02:03,133500.0,100,Buy,235289571
2024-08-28 10:02:03,133500.0,500,Buy,235289570
2024-08-28 10:02:03,133500.0,100,Buy,235289569
2024-08-28 10:02:03,133500.0,700,Buy,235289568
2024-08-28 10:02:03,133500.0,1000,Buy,235289567
2024-08-28 10:02:03,133500.0,300,Buy,235289566
2024-08-28 10:02:03,133500.0,100,Buy,235289565
2024-08-28 10:02:03,133500.0,1600,Buy,235289564
2024-08-28 10:02:03,133500.0,200,Buy,235289548
2024-08-28 10:02:03,133500.0,100,Buy,235289563
2024-08-28 10:02:03,133500.0,100,Buy,235289561
2024-08-28 10:02:03,133500.0,100,Buy,235289560
2024-08-28 10:02:03,133500.0,100,Buy,235289558
2024-08-28 10:02:03,133500.0,100,Buy,235289556
2024-08-28 10:02:03,133500.0,3700,Buy,235289555
2024-08-28 10:02:03,133500.0,100,Buy,235289553
2024-08-28 10:02:03,133500.0,1500,Buy,235289552
2024-08-28 10:02:03,133500.0,1000,Buy,235289551
2024-08-28 10:02:03,133500.0,1000,Buy,235289550
2024-08-28 10:02:03,133500.0,200,Buy,235289562
2024-08-28 10:02:03,133500.0,1000,Buy,235289523
2024-08-28 10:02:03,133500.0,1000,Buy,235289559
2024-08-28 10:02:03,133500.0,300,Buy,235289521
2024-08-28 10:02:03,133500.0,100,Buy,235289495
2024-08-28 10:02:03,133500.0,100,Buy,235289494
2024-08-28 10:02:03,133500.0,100,Buy,235289493
2024-08-28 10:02:03,133500.0,1000,Buy,235289492
2024-08-28 10:02:03,133500.0,500,Buy,235289491
2024-08-28 10:02:03,133500.0,1000,Buy,235289490
2024-08-28 10:02:03,133500.0,1500,Buy,235289476
2024-08-28 10:02:03,133500.0,200,Buy,235289488
2024-08-28 10:02:03,133500.0,2000,Buy,235289487
2024-08-28 10:02:03,133500.0,100,Buy,235289486
2024-08-28 10:02:03,133500.0,100,Buy,235289485
2024-08-28 10:02:03,133500.0,2000,Buy,235289484
2024-08-28 10:02:03,133500.0,100,Buy,235289483
2024-08-28 10:02:03,133500.0,100,Buy,235289482
2024-08-28 10:02:03,133500.0,100,Buy,235289481
2024-08-28 10:02:03,133500.0,6600,Buy,235289480
2024-08-28 10:02:03,133500.0,100,Buy,235289479
2024-08-28 10:02:03,133500.0,100,Buy,235289478
2024-08-28 10:02:03,133500.0,500,Buy,235289477
2024-08-28 10:02:03,133500.0,1000,Buy,235289496
2024-08-28 10:02:03,133500.0,100,Buy,235289497
2024-08-28 10:02:03,133500.0,800,Buy,235289498
2024-08-28 10:02:03,133500.0,500,Buy,235289510
2024-08-28 10:02:03,133500.0,100,Buy,235289520
2024-08-28 10:02:03,133500.0,1100,Buy,235289519
2024-08-28 10:02:03,133500.0,1100,Buy,235289518
2024-08-28 10:02:03,133500.0,100,Buy,235289517
2024-08-28 10:02:03,133500.0,100,Buy,235289516
2024-08-28 10:02:03,133500.0,200,Buy,235289515
2024-08-28 10:02:03,133500.0,200,Buy,235289514
2024-08-28 10:02:03,133500.0,500,Buy,235289513
2024-08-28 10:02:03,133500.0,1000,Buy,235289512
2024-08-28 10:02:03,133500.0,1100,Buy,235289511
2024-08-28 10:02:03,133500.0,200,Buy,235289522
2024-08-28 10:02:03,133500.0,300,Buy,235289509
2024-08-28 10:02:03,133500.0,500,Buy,235289508
2024-08-28 10:02:03,133500.0,100,Buy,235289507
2024-08-28 10:02:03,133500.0,100,Buy,235289506
2024-08-28 10:02:03,133500.0,10000,Buy,235289505
2024-08-28 10:02:03,133500.0,1000,Buy,235289504
2024-08-28 10:02:03,133500.0,10000,Buy,235289503
2024-08-28 10:02:03,133500.0,200,Buy,235289502
2024-08-28 10:02:03,133500.0,1000,Buy,235289501
2024-08-28 10:02:03,133500.0,100,Buy,235289500
2024-08-28 10:02:03,133500.0,500,Buy,235289499
2024-08-28 10:02:07,133500.0,100,Sell,235289619
2024-08-28 10:02:08,133600.0,300,Buy,235289636
2024-08-28 10:02:10,133600.0,200,Buy,235289691
2024-08-28 10:02:10,133500.0,100,Sell,235289675
2024-08-28 10:02:11,133600.0,200,Buy,235289719
2024-08-28 10:02:11,133600.0,100,Buy,235289718
2024-08-28 10:02:11,133600.0,100,Buy,235289716
2024-08-28 10:02:11,133600.0,100,Buy,235289715
2024-08-28 10:02:11,133600.0,200,Buy,235289714
2024-08-28 10:02:11,133600.0,200,Buy,235289713
2024-08-28 10:02:11,133600.0,1000,Buy,235289712
2024-08-28 10:02:11,133600.0,100,Buy,235289711
2024-08-28 10:02:11,133600.0,100,Buy,235289709
2024-08-28 10:02:11,133600.0,100,Buy,235289708
2024-08-28 10:02:11,133600.0,100,Buy,235289707
2024-08-28 10:02:11,133600.0,1000,Buy,235289717
2024-08-28 10:02:11,133600.0,200,Buy,235289705
2024-08-28 10:02:11,133600.0,100,Buy,235289706
2024-08-28 10:02:11,133600.0,100,Buy,235289696
2024-08-28 10:02:11,133600.0,2000,Buy,235289697
2024-08-28 10:02:11,133600.0,100,Buy,235289698
2024-08-28 10:02:11,133600.0,100,Buy,235289699
2024-08-28 10:02:11,133600.0,3500,Buy,235289695
2024-08-28 10:02:11,133600.0,200,Buy,235289701
2024-08-28 10:02:11,133600.0,100,Buy,235289702
2024-08-28 10:02:11,133600.0,1000,Buy,235289703
2024-08-28 10:02:11,133600.0,1000,Buy,235289704
2024-08-28 10:02:11,133600.0,100,Buy,235289700
2024-08-28 10:02:12,133600.0,1100,Buy,235289743
2024-08-28 10:02:15,133700.0,100,Buy,235289805
2024-08-28 10:02:15,133700.0,100,Buy,235289806
2024-08-28 10:02:18,133600.0,100,Sell,235289864
2024-08-28 10:02:19,133700.0,1000,Buy,235289885
2024-08-28 10:02:19,133700.0,500,Buy,235289888
2024-08-28 10:02:19,133700.0,100,Buy,235289887
2024-08-28 10:02:19,133700.0,100,Buy,235289886
2024-08-28 10:02:19,133700.0,100,Buy,235289884
2024-08-28 10:02:19,133700.0,100,Buy,235289877
2024-08-28 10:02:19,133700.0,200,Buy,235289882
2024-08-28 10:02:19,133700.0,200,Buy,235289881
2024-08-28 10:02:19,133700.0,100,Buy,235289880
2024-08-28 10:02:19,133700.0,500,Buy,235289879
2024-08-28 10:02:19,133700.0,1000,Buy,235289878
2024-08-28 10:02:19,133700.0,100,Buy,235289883
2024-08-28 10:02:23,133700.0,500,Sell,235290010
2024-08-28 10:02:24,133800.0,3900,Buy,235290033
2024-08-28 10:02:24,133800.0,3500,Buy,235290031
2024-08-28 10:02:24,133800.0,2000,Buy,235290030
2024-08-28 10:02:24,133800.0,100,Buy,235290032
2024-08-28 10:02:24,133800.0,100,Buy,235290028
2024-08-28 10:02:24,133800.0,200,Buy,235290027
2024-08-28 10:02:24,133800.0,100,Buy,235290026
2024-08-28 10:02:24,133800.0,100,Buy,235290029
2024-08-28 10:02:28,133800.0,100,Buy,235290116
2024-08-28 10:02:28,133800.0,200,Buy,235290114
2024-08-28 10:02:28,133800.0,200,Buy,235290113
2024-08-28 10:02:28,133800.0,200,Buy,235290112
2024-08-28 10:02:28,133800.0,100,Buy,235290115
2024-08-28 10:02:28,133800.0,1000,Buy,235290110
2024-08-28 10:02:28,133800.0,100,Buy,235290109
2024-08-28 10:02:28,133800.0,500,Buy,235290108
2024-08-28 10:02:28,133800.0,1000,Buy,235290107
2024-08-28 10:02:28,133800.0,1100,Buy,235290106
2024-08-28 10:02:28,133800.0,300,Buy,235290111
2024-08-28 10:02:32,133800.0,100,Sell,235290199
2024-08-28 10:02:36,133900.0,100,Buy,235290283
2024-08-28 10:02:37,134000.0,200,Buy,235290414
2024-08-28 10:02:37,134000.0,300,Buy,235290407
2024-08-28 10:02:37,134000.0,100,Buy,235290408
2024-08-28 10:02:37,134000.0,1000,Buy,235290409
2024-08-28 10:02:37,134000.0,100,Buy,235290410
2024-08-28 10:02:37,134000.0,100,Buy,235290411
2024-08-28 10:02:37,134000.0,3000,Buy,235290413
2024-08-28 10:02:37,134000.0,100,Buy,235290415
2024-08-28 10:02:37,134000.0,100,Buy,235290422
2024-08-28 10:02:37,134000.0,500,Buy,235290417
2024-08-28 10:02:37,134000.0,300,Buy,235290418
2024-08-28 10:02:37,134000.0,100,Buy,235290419
2024-08-28 10:02:37,134000.0,1800,Buy,235290420
2024-08-28 10:02:37,134000.0,100,Buy,235290421
2024-08-28 10:02:37,134000.0,100,Buy,235290406
2024-08-28 10:02:37,134000.0,300,Buy,235290423
2024-08-28 10:02:37,134000.0,400,Buy,235290416
2024-08-28 10:02:37,134000.0,100,Buy,235290405
2024-08-28 10:02:37,134000.0,100,Buy,235290397
2024-08-28 10:02:37,134000.0,1000,Buy,235290403
2024-08-28 10:02:37,134000.0,100,Buy,235290385
2024-08-28 10:02:37,134000.0,100,Buy,235290386
2024-08-28 10:02:37,134000.0,500,Buy,235290387
2024-08-28 10:02:37,134000.0,600,Buy,235290388
2024-08-28 10:02:37,134000.0,100,Buy,235290389
2024-08-28 10:02:37,134000.0,100,Buy,235290390
2024-08-28 10:02:37,134000.0,100,Buy,235290391
2024-08-28 10:02:37,134000.0,100,Buy,235290392
2024-08-28 10:02:37,134000.0,1000,Buy,235290404
2024-08-28 10:02:37,134000.0,200,Buy,235290393
2024-08-28 10:02:37,134000.0,2000,Buy,235290395
2024-08-28 10:02:37,134000.0,200,Buy,235290396
2024-08-28 10:02:37,134000.0,1000,Buy,235290424
2024-08-28 10:02:37,134000.0,100,Buy,235290398
2024-08-28 10:02:37,134000.0,500,Buy,235290399
2024-08-28 10:02:37,134000.0,500,Buy,235290400
2024-08-28 10:02:37,134000.0,200,Buy,235290401
2024-08-28 10:02:37,134000.0,100,Buy,235290402
2024-08-28 10:02:37,134000.0,100,Buy,235290394
2024-08-28 10:02:37,134000.0,100,Buy,235290425
2024-08-28 10:02:37,134000.0,100,Buy,235290433
2024-08-28 10:02:37,134000.0,500,Buy,235290427
2024-08-28 10:02:37,134000.0,1800,Buy,235290450
2024-08-28 10:02:37,134000.0,200,Buy,235290451
2024-08-28 10:02:37,134000.0,200,Buy,235290452
2024-08-28 10:02:37,134000.0,100,Buy,235290453
2024-08-28 10:02:37,134000.0,100,Buy,235290454
2024-08-28 10:02:37,134000.0,200,Buy,235290455
2024-08-28 10:02:37,134000.0,1800,Buy,235290384
2024-08-28 10:02:37,134000.0,5000,Buy,235290456
2024-08-28 10:02:37,134000.0,1000,Buy,235290457
2024-08-28 10:02:37,134000.0,100,Buy,235290458
2024-08-28 10:02:37,134000.0,1000,Buy,235290459
2024-08-28 10:02:37,134000.0,1500,Buy,235290460
2024-08-28 10:02:37,134000.0,200,Buy,235290461
2024-08-28 10:02:37,134000.0,6100,Buy,235290462
2024-08-28 10:02:37,134000.0,200,Buy,235290463
2024-08-28 10:02:37,134000.0,500,Buy,235290464
2024-08-28 10:02:37,134000.0,100,Buy,235290465
2024-08-28 10:02:37,134000.0,500,Buy,235290449
2024-08-28 10:02:37,134000.0,500,Buy,235290426
2024-08-28 10:02:37,134000.0,300,Buy,235290448
2024-08-28 10:02:37,134000.0,1000,Buy,235290446
2024-08-28 10:02:37,134000.0,1000,Buy,235290428
2024-08-28 10:02:37,134000.0,100,Buy,235290429
2024-08-28 10:02:37,134000.0,500,Buy,235290430
2024-08-28 10:02:37,134000.0,600,Buy,235290431
2024-08-28 10:02:37,134000.0,500,Buy,235290432
2024-08-28 10:02:37,134000.0,1000,Buy,235290434
2024-08-28 10:02:37,134000.0,200,Buy,235290435
2024-08-28 10:02:37,134000.0,2700,Buy,235290436
2024-08-28 10:02:37,134000.0,1000,Buy,235290437
2024-08-28 10:02:37,134000.0,100,Buy,235290438
2024-08-28 10:02:37,134000.0,500,Buy,235290439
2024-08-28 10:02:37,134000.0,1000,Buy,235290440
2024-08-28 10:02:37,134000.0,100,Buy,235290441
2024-08-28 10:02:37,134000.0,100,Buy,235290442
2024-08-28 10:02:37,134000.0,200,Buy,235290443
2024-08-28 10:02:37,134000.0,100,Buy,235290444
2024-08-28 10:02:37,134000.0,300,Buy,235290445
2024-08-28 10:02:37,134000.0,100,Buy,235290447
2024-08-28 10:02:37,134000.0,100,Buy,235290383
2024-08-28 10:02:37,133900.0,100,Buy,235290309
2024-08-28 10:02:37,134000.0,100,Buy,235290381
2024-08-28 10:02:37,134000.0,100,Buy,235290321
2024-08-28 10:02:37,134000.0,500,Buy,235290322
2024-08-28 10:02:37,134000.0,1000,Buy,235290323
2024-08-28 10:02:37,134000.0,300,Buy,235290324
2024-08-28 10:02:37,134000.0,500,Buy,235290325
2024-08-28 10:02:37,134000.0,3500,Buy,235290326
2024-08-28 10:02:37,134000.0,200,Buy,235290327
2024-08-28 10:02:37,134000.0,500,Buy,235290328
2024-08-28 10:02:37,134000.0,900,Buy,235290329
2024-08-28 10:02:37,134000.0,100,Buy,235290330
2024-08-28 10:02:37,134000.0,100,Buy,235290331
2024-08-28 10:02:37,134000.0,100,Buy,235290332
2024-08-28 10:02:37,134000.0,200,Buy,235290333
2024-08-28 10:02:37,134000.0,20000,Buy,235290334
2024-08-28 10:02:37,134000.0,100,Buy,235290335
2024-08-28 10:02:37,134000.0,1000,Buy,235290336
2024-08-28 10:02:37,134000.0,300,Buy,235290337
2024-08-28 10:02:37,133900.0,5000,Buy,235290320
2024-08-28 10:02:37,134000.0,100,Buy,235290338
2024-08-28 10:02:37,133900.0,500,Buy,235290319
2024-08-28 10:02:37,133900.0,1000,Buy,235290317
2024-08-28 10:02:37,134000.0,400,Buy,235290382
2024-08-28 10:02:37,133900.0,400,Buy,235290299
2024-08-28 10:02:37,133900.0,6000,Buy,235290300
2024-08-28 10:02:37,133900.0,1500,Buy,235290301
2024-08-28 10:02:37,133900.0,100,Buy,235290302
2024-08-28 10:02:37,133900.0,3000,Buy,235290303
2024-08-28 10:02:37,133900.0,100,Buy,235290304
2024-08-28 10:02:37,133900.0,200,Buy,235290305
2024-08-28 10:02:37,133900.0,500,Buy,235290306
2024-08-28 10:02:37,133900.0,100,Buy,235290307
2024-08-28 10:02:37,133900.0,500,Buy,235290310
2024-08-28 10:02:37,133900.0,200,Buy,235290311
2024-08-28 10:02:37,133900.0,100,Buy,235290312
2024-08-28 10:02:37,133900.0,100,Buy,235290313
2024-08-28 10:02:37,133900.0,1000,Buy,235290314
2024-08-28 10:02:37,133900.0,100,Buy,235290315
2024-08-28 10:02:37,133900.0,100,Buy,235290316
2024-08-28 10:02:37,133900.0,100,Buy,235290318
2024-08-28 10:02:37,134000.0,100,Buy,235290339
2024-08-28 10:02:37,133900.0,1000,Buy,235290308
2024-08-28 10:02:37,134000.0,100,Buy,235290341
2024-08-28 10:02:37,134000.0,100,Buy,235290364
2024-08-28 10:02:37,134000.0,500,Buy,235290365
2024-08-28 10:02:37,134000.0,100,Buy,235290366
2024-08-28 10:02:37,134000.0,500,Buy,235290367
2024-08-28 10:02:37,134000.0,5000,Buy,235290368
2024-08-28 10:02:37,134000.0,100,Buy,235290369
2024-08-28 10:02:37,134000.0,100,Buy,235290370
2024-08-28 10:02:37,134000.0,200,Buy,235290340
2024-08-28 10:02:37,134000.0,100,Buy,235290371
2024-08-28 10:02:37,134000.0,1000,Buy,235290372
2024-08-28 10:02:37,134000.0,100,Buy,235290373
2024-08-28 10:02:37,134000.0,100,Buy,235290374
2024-08-28 10:02:37,134000.0,5900,Buy,235290375
2024-08-28 10:02:37,134000.0,100,Buy,235290376
2024-08-28 10:02:37,134000.0,300,Buy,235290377
2024-08-28 10:02:37,134000.0,2000,Buy,235290378
2024-08-28 10:02:37,134000.0,1000,Buy,235290379
2024-08-28 10:02:37,134000.0,100,Buy,235290363
2024-08-28 10:02:37,134000.0,100,Buy,235290362
2024-08-28 10:02:37,134000.0,200,Buy,235290380
2024-08-28 10:02:37,134000.0,400,Buy,235290360
2024-08-28 10:02:37,134000.0,200,Buy,235290342
2024-08-28 10:02:37,134000.0,100,Buy,235290343
2024-08-28 10:02:37,134000.0,1900,Buy,235290344
2024-08-28 10:02:37,134000.0,500,Buy,235290345
2024-08-28 10:02:37,134000.0,100,Buy,235290346
2024-08-28 10:02:37,134000.0,500,Buy,235290347
2024-08-28 10:02:37,134000.0,100,Buy,235290348
2024-08-28 10:02:37,134000.0,300,Buy,235290349
2024-08-28 10:02:37,134000.0,100,Buy,235290350
2024-08-28 10:02:37,134000.0,50000,Buy,235290361
2024-08-28 10:02:37,134000.0,1000,Buy,235290352
2024-08-28 10:02:37,134000.0,1000,Buy,235290353
2024-08-28 10:02:37,134000.0,300,Buy,235290354
2024-08-28 10:02:37,134000.0,100,Buy,235290355
2024-08-28 10:02:37,134000.0,100,Buy,235290356
2024-08-28 10:02:37,134000.0,100,Buy,235290357
2024-08-28 10:02:37,134000.0,300,Buy,235290358
2024-08-28 10:02:37,134000.0,1000,Buy,235290359
2024-08-28 10:02:37,134000.0,300,Buy,235290351
2024-08-28 10:02:40,134000.0,300,Sell,235290531
2024-08-28 10:02:42,134000.0,100,Sell,235290601
2024-08-28 10:02:43,134100.0,100,Buy,235290613
2024-08-28 10:02:43,134100.0,500,Buy,235290612
2024-08-28 10:02:43,134100.0,100,Buy,235290606
2024-08-28 10:02:43,134100.0,1000,Buy,235290610
2024-08-28 10:02:43,134100.0,100,Buy,235290607
2024-08-28 10:02:43,134100.0,500,Buy,235290611
2024-08-28 10:02:47,134200.0,1000,Buy,235290677
2024-08-28 10:02:47,134200.0,1000,Buy,235290680
2024-08-28 10:02:47,134200.0,100,Buy,235290679
2024-08-28 10:02:47,134200.0,200,Buy,235290678
2024-08-28 10:02:47,134200.0,1000,Buy,235290676
2024-08-28 10:02:47,134200.0,1000,Buy,235290675
2024-08-28 10:02:47,134200.0,200,Buy,235290674
2024-08-28 10:02:47,134200.0,100,Buy,235290673
2024-08-28 10:02:47,134200.0,100,Buy,235290672
2024-08-28 10:02:47,134200.0,800,Buy,235290671
2024-08-28 10:02:47,134200.0,200,Buy,235290670
2024-08-28 10:02:47,134100.0,100,Sell,235290665
2024-08-28 10:02:48,134200.0,200,Sell,235290705
2024-08-28 10:02:49,134200.0,100,Sell,235290736
2024-08-28 10:02:52,134200.0,100,Sell,235290788
2024-08-28 10:02:52,134300.0,100,Buy,235290809
2024-08-28 10:02:52,134300.0,200,Buy,235290810
2024-08-28 10:02:53,134300.0,1000,Buy,235290825
2024-08-28 10:02:53,134300.0,100,Buy,235290824
2024-08-28 10:02:53,134300.0,100,Buy,235290823
2024-08-28 10:02:53,134300.0,200,Buy,235290813
2024-08-28 10:02:53,134300.0,1000,Buy,235290814
2024-08-28 10:02:53,134300.0,500,Buy,235290812
2024-08-28 10:02:53,134300.0,500,Buy,235290822
2024-08-28 10:02:54,134400.0,100,Buy,235290833
2024-08-28 10:02:54,134300.0,1000,Sell,235290846
2024-08-28 10:02:56,134300.0,200,Sell,235290872
2024-08-28 10:02:57,134400.0,800,Buy,235290889
2024-08-28 10:02:57,134400.0,100,Buy,235290888
2024-08-28 10:02:57,134400.0,2000,Buy,235290886
2024-08-28 10:02:57,134400.0,200,Buy,235290887
2024-08-28 10:02:57,134400.0,200,Buy,235290879
2024-08-28 10:02:59,134400.0,100,Sell,235290915
2024-08-28 10:02:59,134500.0,200,Buy,235290918
2024-08-28 10:03:00,134500.0,100,Buy,235290930
2024-08-28 10:03:00,134500.0,100,Buy,235290931
2024-08-28 10:03:01,134500.0,100,Buy,235290937
2024-08-28 10:03:01,134500.0,500,Buy,235290946
2024-08-28 10:03:01,134500.0,300,Buy,235290947
2024-08-28 10:03:01,134500.0,300,Buy,235290948
2024-08-28 10:03:01,134500.0,100,Buy,235290949
2024-08-28 10:03:01,134500.0,300,Buy,235290950
2024-08-28 10:03:01,134500.0,600,Buy,235290951
2024-08-28 10:03:02,134400.0,500,Sell,235290959
2024-08-28 10:03:04,134500.0,1200,Buy,235290995
2024-08-28 10:03:04,134500.0,500,Buy,235290994
2024-08-28 10:03:04,134500.0,500,Buy,235290993
2024-08-28 10:03:04,134500.0,1500,Buy,235290992
2024-08-28 10:03:04,134500.0,1000,Buy,235290991
2024-08-28 10:03:04,134500.0,500,Buy,235290986
2024-08-28 10:03:04,134500.0,200,Buy,235290989
2024-08-28 10:03:04,134500.0,100,Buy,235290988
2024-08-28 10:03:04,134500.0,900,Buy,235290987
2024-08-28 10:03:04,134500.0,3000,Buy,235290985
2024-08-28 10:03:04,134500.0,100,Buy,235290990
2024-08-28 10:03:04,134500.0,500,Buy,235290984
2024-08-28 10:03:05,134500.0,300,Buy,235291005
2024-08-28 10:03:06,134500.0,5000,Buy,235291034
2024-08-28 10:03:10,134400.0,100,Sell,235291070
2024-08-28 10:03:11,134500.0,100,Buy,235291082
2024-08-28 10:03:12,134500.0,5900,Buy,235291084
2024-08-28 10:03:13,134500.0,500,Buy,235291105
2024-08-28 10:03:16,134500.0,5000,Buy,235291196
2024-08-28 10:03:17,134400.0,600,Sell,235291202
2024-08-28 10:03:18,134400.0,1400,Sell,235291219
2024-08-28 10:03:18,134400.0,100,Sell,235291220
2024-08-28 10:03:18,134500.0,300,Buy,235291227
2024-08-28 10:03:19,134500.0,100,Buy,235291234
2024-08-28 10:03:19,134500.0,100,Buy,235291235
2024-08-28 10:03:20,134500.0,10000,Buy,235291242
2024-08-28 10:03:21,134400.0,100,Sell,235291261
2024-08-28 10:03:22,134400.0,400,Sell,235291268
2024-08-28 10:03:22,134400.0,600,Sell,235291265
2024-08-28 10:03:22,134400.0,600,Sell,235291266
2024-08-28 10:03:22,134400.0,400,Sell,235291267
2024-08-28 10:03:23,134400.0,100,Buy,235291283
2024-08-28 10:03:24,134400.0,200,Buy,235291284
2024-08-28 10:03:24,134400.0,200,Buy,235291291
2024-08-28 10:03:24,134400.0,1000,Buy,235291292
2024-08-28 10:03:24,134400.0,4500,Buy,235291299
2024-08-28 10:03:24,134500.0,1300,Buy,235291300
2024-08-28 10:03:26,134400.0,3000,Sell,235291320
2024-08-28 10:03:27,134500.0,200,Buy,235291333
2024-08-28 10:03:27,134500.0,200,Buy,235291334
2024-08-28 10:03:28,134500.0,100,Buy,235291371
2024-08-28 10:03:28,134500.0,700,Buy,235291347
2024-08-28 10:03:29,134400.0,500,Sell,235291380
2024-08-28 10:03:30,134500.0,100,Buy,235291403
2024-08-28 10:03:30,134500.0,100,Buy,235291404
2024-08-28 10:03:32,134400.0,4000,Sell,235291484
2024-08-28 10:03:32,134500.0,900,Buy,235291464
2024-08-28 10:03:32,134500.0,100,Buy,235291463
2024-08-28 10:03:32,134500.0,2000,Buy,235291462
2024-08-28 10:03:32,134500.0,100,Buy,235291461
2024-08-28 10:03:32,134500.0,200,Buy,235291460
2024-08-28 10:03:32,134500.0,100,Buy,235291459
2024-08-28 10:03:32,134500.0,300,Buy,235291458
2024-08-28 10:03:32,134500.0,400,Buy,235291454
2024-08-28 10:03:32,134500.0,400,Buy,235291456
2024-08-28 10:03:32,134500.0,100,Buy,235291448
2024-08-28 10:03:32,134500.0,200,Buy,235291449
2024-08-28 10:03:32,134500.0,100,Buy,235291450
2024-08-28 10:03:32,134500.0,200,Buy,235291457
2024-08-28 10:03:32,134500.0,3000,Buy,235291452
2024-08-28 10:03:32,134500.0,100,Buy,235291455
2024-08-28 10:03:32,134500.0,500,Buy,235291451
2024-08-28 10:03:32,134500.0,300,Buy,235291453
2024-08-28 10:03:33,134500.0,100,Buy,235291519
2024-08-28 10:03:33,134500.0,900,Buy,235291520
2024-08-28 10:03:34,134400.0,1000,Sell,235291531
2024-08-28 10:03:36,134500.0,100,Buy,235291571
2024-08-28 10:03:36,134500.0,100,Buy,235291572
2024-08-28 10:03:36,134500.0,100,Buy,235291573
2024-08-28 10:03:36,134500.0,200,Buy,235291574
2024-08-28 10:03:37,134400.0,100,Sell,235291597
2024-08-28 10:03:38,134400.0,400,Sell,235291617
2024-08-28 10:03:38,134400.0,100,Sell,235291618
2024-08-28 10:03:38,134400.0,100,Sell,235291619
2024-08-28 10:03:38,134400.0,2500,Buy,235291623
2024-08-28 10:03:38,134400.0,1400,Sell,235291615
2024-08-28 10:03:38,134400.0,500,Sell,235291616
2024-08-28 10:03:39,134400.0,100,Sell,235291633
2024-08-28 10:03:40,134500.0,600,Buy,235291657
2024-08-28 10:03:42,134500.0,100,Buy,235291688
2024-08-28 10:03:42,134500.0,200,Buy,235291687
2024-08-28 10:03:43,134400.0,1000,Sell,235291695
2024-08-28 10:03:45,134400.0,200,Sell,235291736
2024-08-28 10:03:46,134500.0,100,Buy,235291755
2024-08-28 10:03:46,134500.0,300,Buy,235291756
2024-08-28 10:03:46,134500.0,1000,Buy,235291757
2024-08-28 10:03:46,134500.0,1000,Buy,235291758
2024-08-28 10:03:46,134500.0,400,Buy,235291759
2024-08-28 10:03:46,134500.0,500,Buy,235291760
2024-08-28 10:03:46,134500.0,1000,Buy,235291761
2024-08-28 10:03:46,134500.0,500,Buy,235291767
2024-08-28 10:03:46,134500.0,200,Buy,235291768
2024-08-28 10:03:46,134500.0,100,Buy,235291769
2024-08-28 10:03:46,134500.0,400,Buy,235291773
2024-08-28 10:03:46,134500.0,300,Buy,235291774
2024-08-28 10:03:50,134500.0,100,Buy,235291859
2024-08-28 10:03:50,134500.0,300,Buy,235291858
2024-08-28 10:03:50,134400.0,100,Sell,235291837
2024-08-28 10:03:50,134500.0,400,Buy,235291849
2024-08-28 10:03:50,134500.0,200,Buy,235291850
2024-08-28 10:03:51,134500.0,300,Buy,235291882
2024-08-28 10:03:51,134500.0,500,Buy,235291883
2024-08-28 10:03:51,134500.0,600,Buy,235291884
2024-08-28 10:03:51,134500.0,300,Buy,235291885
2024-08-28 10:03:51,134500.0,100,Buy,235291886
2024-08-28 10:03:51,134500.0,800,Buy,235291887
2024-08-28 10:03:51,134500.0,400,Buy,235291888
2024-08-28 10:03:52,134500.0,100,Buy,235291927
2024-08-28 10:03:52,134400.0,200,Sell,235291912
2024-08-28 10:03:53,134500.0,100,Buy,235291938
2024-08-28 10:03:54,134400.0,200,Sell,235291964
2024-08-28 10:03:55,134500.0,2400,Buy,235291992
2024-08-28 10:03:55,134500.0,400,Buy,235291991
2024-08-28 10:03:55,134500.0,100,Buy,235291990
2024-08-28 10:03:55,134500.0,100,Buy,235291988
2024-08-28 10:03:55,134500.0,100,Buy,235291987
2024-08-28 10:03:55,134500.0,900,Buy,235291986
2024-08-28 10:03:55,134500.0,100,Buy,235291983
2024-08-28 10:03:55,134500.0,1000,Buy,235291989
2024-08-28 10:03:57,134400.0,100,Sell,235292026
2024-08-28 10:04:04,134500.0,100,Buy,235292128
2024-08-28 10:04:04,134500.0,500,Buy,235292151
2024-08-28 10:04:06,134400.0,1000,Sell,235292181
2024-08-28 10:04:07,134400.0,1100,Sell,235292207
2024-08-28 10:04:10,134400.0,100,Sell,235292236
2024-08-28 10:04:10,134400.0,100,Sell,235292240
2024-08-28 10:04:11,134400.0,200,Sell,235292248
2024-08-28 10:04:11,134500.0,500,Buy,235292252
2024-08-28 10:04:13,134400.0,300,Sell,235292314
2024-08-28 10:04:13,134400.0,800,Sell,235292320
2024-08-28 10:04:13,134400.0,100,Sell,235292321
2024-08-28 10:04:13,134400.0,100,Sell,235292322
2024-08-28 10:04:15,134400.0,300,Sell,235292339
2024-08-28 10:04:15,134400.0,1000,Sell,235292337
2024-08-28 10:04:15,134400.0,100,Sell,235292336
2024-08-28 10:04:15,134400.0,500,Sell,235292338
2024-08-28 10:04:17,134400.0,100,Buy,235292370
2024-08-28 10:04:24,134400.0,400,Buy,235292463
2024-08-28 10:04:28,134500.0,200,Buy,235292543
2024-08-28 10:04:28,134500.0,600,Buy,235292553
2024-08-28 10:04:28,134500.0,100,Buy,235292552
2024-08-28 10:04:28,134500.0,100,Buy,235292551
2024-08-28 10:04:28,134500.0,200,Buy,235292550
2024-08-28 10:04:28,134500.0,600,Buy,235292549
2024-08-28 10:04:28,134500.0,1000,Buy,235292548
2024-08-28 10:04:28,134500.0,100,Buy,235292547
2024-08-28 10:04:28,134500.0,100,Buy,235292546
2024-08-28 10:04:28,134500.0,200,Buy,235292545
2024-08-28 10:04:28,134500.0,300,Buy,235292544
2024-08-28 10:04:28,134500.0,200,Buy,235292542
2024-08-28 10:04:28,134500.0,100,Buy,235292536
2024-08-28 10:04:28,134500.0,700,Buy,235292540
2024-08-28 10:04:28,134500.0,5000,Buy,235292541
2024-08-28 10:04:28,134400.0,700,Buy,235292529
2024-08-28 10:04:28,134400.0,100,Buy,235292530
2024-08-28 10:04:28,134400.0,500,Buy,235292531
2024-08-28 10:04:28,134400.0,1000,Buy,235292533
2024-08-28 10:04:28,134400.0,100,Buy,235292532
2024-08-28 10:04:28,134500.0,1500,Buy,235292535
2024-08-28 10:04:28,134500.0,200,Buy,235292537
2024-08-28 10:04:28,134500.0,100,Buy,235292538
2024-08-28 10:04:28,134500.0,300,Buy,235292539
2024-08-28 10:04:28,134400.0,300,Buy,235292534
2024-08-28 10:04:33,134200.0,100,Sell,235292641
2024-08-28 10:04:42,134300.0,200,Sell,235292773
2024-08-28 10:04:44,134300.0,200,Sell,235292802
2024-08-28 10:04:45,134300.0,100,Sell,235292812
2024-08-28 10:04:48,134400.0,100,Buy,235292840
2024-08-28 10:04:50,134300.0,500,Sell,235292892
2024-08-28 10:04:50,134300.0,100,Sell,235292907
2024-08-28 10:04:51,134300.0,500,Sell,235292914
2024-08-28 10:04:54,134300.0,400,Sell,235292943
2024-08-28 10:04:54,134300.0,100,Sell,235292944
2024-08-28 10:04:57,134300.0,100,Sell,235292992
2024-08-28 10:04:58,134300.0,100,Sell,235292996
2024-08-28 10:05:02,134300.0,100,Sell,235293057
2024-08-28 10:05:04,134300.0,100,Sell,235293071
2024-08-28 10:05:04,134300.0,200,Sell,235293072
2024-08-28 10:05:04,134300.0,100,Sell,235293073
2024-08-28 10:05:04,134300.0,100,Sell,235293074
2024-08-28 10:05:09,134300.0,100,Sell,235293118
2024-08-28 10:05:11,134300.0,500,Sell,235293191
2024-08-28 10:05:14,134400.0,100,Buy,235293244
2024-08-28 10:05:15,134300.0,500,Sell,235293256
2024-08-28 10:05:19,134400.0,100,Buy,235293359
2024-08-28 10:05:20,134400.0,600,Buy,235293381
2024-08-28 10:05:20,134400.0,300,Buy,235293382
2024-08-28 10:05:20,134300.0,100,Sell,235293387
2024-08-28 10:05:22,134400.0,300,Buy,235293401
2024-08-28 10:05:23,134300.0,1000,Sell,235293439
2024-08-28 10:05:24,134300.0,200,Sell,235293460
2024-08-28 10:05:25,134400.0,100,Buy,235293478
2024-08-28 10:05:31,134300.0,100,Sell,235293572
2024-08-28 10:05:32,134400.0,200,Buy,235293601
2024-08-28 10:05:40,134400.0,1900,Buy,235293724
2024-08-28 10:05:42,134400.0,600,Buy,235293748
2024-08-28 10:05:42,134400.0,400,Buy,235293749
2024-08-28 10:05:45,134300.0,100,Sell,235293845
2024-08-28 10:05:46,134400.0,200,Buy,235293871
2024-08-28 10:05:46,134400.0,200,Buy,235293873
2024-08-28 10:05:46,134400.0,100,Buy,235293872
2024-08-28 10:05:46,134400.0,200,Buy,235293870
2024-08-28 10:05:46,134400.0,500,Buy,235293874
2024-08-28 10:05:46,134400.0,2000,Buy,235293868
2024-08-28 10:05:46,134400.0,300,Buy,235293865
2024-08-28 10:05:46,134400.0,500,Buy,235293869
2024-08-28 10:05:46,134400.0,100,Buy,235293867
2024-08-28 10:05:46,134400.0,100,Buy,235293866
2024-08-28 10:05:47,134300.0,100,Sell,235293898
2024-08-28 10:05:49,134400.0,100,Buy,235293928
2024-08-28 10:05:49,134400.0,100,Buy,235293929
2024-08-28 10:05:54,134300.0,100,Sell,235293982
2024-08-28 10:05:57,134300.0,100,Sell,235294055
2024-08-28 10:05:58,134400.0,200,Buy,235294066
2024-08-28 10:05:58,134400.0,100,Buy,235294067
2024-08-28 10:05:58,134400.0,200,Buy,235294068
2024-08-28 10:05:58,134400.0,100,Buy,235294069
2024-08-28 10:05:58,134400.0,100,Buy,235294070
2024-08-28 10:05:58,134400.0,900,Buy,235294071
2024-08-28 10:06:00,134400.0,700,Buy,235294106
2024-08-28 10:06:04,134400.0,400,Buy,235294191
2024-08-28 10:06:04,134400.0,200,Buy,235294189
2024-08-28 10:06:04,134400.0,100,Buy,235294188
2024-08-28 10:06:04,134400.0,200,Buy,235294190
2024-08-28 10:06:05,134300.0,2700,Sell,235294203
2024-08-28 10:06:05,134300.0,500,Sell,235294204
2024-08-28 10:06:05,134300.0,400,Sell,235294205
2024-08-28 10:06:05,134300.0,100,Sell,235294206
2024-08-28 10:06:05,134300.0,200,Sell,235294207
2024-08-28 10:06:05,134300.0,100,Sell,235294208
2024-08-28 10:06:06,134400.0,400,Buy,235294223
2024-08-28 10:06:06,134400.0,2300,Buy,235294224
2024-08-28 10:06:06,134400.0,100,Buy,235294225
2024-08-28 10:06:06,134400.0,200,Buy,235294226
2024-08-28 10:06:10,134300.0,500,Sell,235294298
2024-08-28 10:06:13,134300.0,100,Sell,235294378
2024-08-28 10:06:14,134300.0,500,Sell,235294396
2024-08-28 10:06:14,134300.0,1000,Sell,235294395
2024-08-28 10:06:14,134300.0,700,Sell,235294397
2024-08-28 10:06:14,134300.0,3900,Sell,235294393
2024-08-28 10:06:14,134400.0,100,Buy,235294386
2024-08-28 10:06:14,134300.0,500,Sell,235294394
2024-08-28 10:06:14,134300.0,300,Sell,235294392
2024-08-28 10:06:17,134300.0,100,Sell,235294429
2024-08-28 10:06:19,134300.0,200,Sell,235294450
2024-08-28 10:06:19,134300.0,500,Sell,235294453
2024-08-28 10:06:21,134300.0,500,Sell,235294463
2024-08-28 10:06:21,134300.0,200,Sell,235294464
2024-08-28 10:06:21,134300.0,200,Sell,235294465
2024-08-28 10:06:21,134300.0,1100,Buy,235294477
2024-08-28 10:06:22,134400.0,200,Buy,235294501
2024-08-28 10:06:22,134300.0,100,Sell,235294508
2024-08-28 10:06:24,134400.0,100,Buy,235294531
2024-08-28 10:06:26,134300.0,100,Sell,235294581
2024-08-28 10:06:26,134300.0,100,Sell,235294585
2024-08-28 10:06:30,134300.0,800,Sell,235294636
2024-08-28 10:06:32,134400.0,500,Buy,235294664
2024-08-28 10:06:32,134400.0,500,Buy,235294663
2024-08-28 10:06:32,134400.0,100,Buy,235294662
2024-08-28 10:06:32,134400.0,1400,Buy,235294660
2024-08-28 10:06:32,134400.0,500,Buy,235294661
2024-08-28 10:06:38,134400.0,200,Buy,235294778
2024-08-28 10:06:41,134300.0,600,Sell,235294815
2024-08-28 10:06:47,134300.0,3000,Sell,235294933
2024-08-28 10:06:47,134300.0,200,Sell,235294934
2024-08-28 10:06:47,134300.0,600,Sell,235294935
2024-08-28 10:06:47,134300.0,300,Sell,235294936
2024-08-28 10:06:47,134300.0,1000,Sell,235294937
2024-08-28 10:06:47,134300.0,500,Sell,235294938
2024-08-28 10:06:47,134300.0,200,Sell,235294939
2024-08-28 10:06:47,134300.0,1000,Sell,235294940
2024-08-28 10:06:49,134300.0,500,Buy,235294974
2024-08-28 10:06:49,134300.0,400,Buy,235294977
2024-08-28 10:06:53,134200.0,300,Sell,235295028
2024-08-28 10:06:54,134300.0,200,Buy,235295073
2024-08-28 10:06:54,134300.0,100,Buy,235295074
2024-08-28 10:06:55,134200.0,100,Sell,235295078
2024-08-28 10:06:58,134200.0,100,Sell,235295099
2024-08-28 10:07:01,134300.0,1500,Buy,235295134
2024-08-28 10:07:04,134200.0,100,Sell,235295161
2024-08-28 10:07:07,134200.0,100,Sell,235295189
2024-08-28 10:07:07,134200.0,400,Sell,235295190
2024-08-28 10:07:12,134300.0,200,Buy,235295278
2024-08-28 10:07:12,134200.0,100,Sell,235295279
2024-08-28 10:07:13,134200.0,100,Sell,235295297
2024-08-28 10:07:16,134300.0,200,Buy,235295346
2024-08-28 10:07:17,134200.0,100,Sell,235295371
2024-08-28 10:07:19,134200.0,100,Sell,235295406
2024-08-28 10:07:19,134200.0,200,Sell,235295418
2024-08-28 10:07:27,134300.0,100,Buy,235295583
2024-08-28 10:07:27,134300.0,100,Buy,235295584
2024-08-28 10:07:28,134200.0,1000,Sell,235295601
2024-08-28 10:07:33,134300.0,1200,Buy,235295674
2024-08-28 10:07:33,134300.0,1600,Buy,235295671
2024-08-28 10:07:33,134300.0,500,Buy,235295672
2024-08-28 10:07:33,134300.0,1700,Buy,235295673
2024-08-28 10:07:34,134200.0,100,Sell,235295684
2024-08-28 10:07:34,134300.0,100,Buy,235295691
2024-08-28 10:07:36,134200.0,700,Sell,235295738
2024-08-28 10:07:37,134300.0,3700,Buy,235295747
2024-08-28 10:07:37,134300.0,100,Buy,235295748
2024-08-28 10:07:37,134300.0,1200,Buy,235295749
2024-08-28 10:07:42,134300.0,500,Buy,235295857
2024-08-28 10:07:45,134300.0,500,Buy,235295912
2024-08-28 10:07:45,134200.0,1300,Sell,235295902
2024-08-28 10:07:45,134300.0,200,Buy,235295901
2024-08-28 10:07:45,134300.0,900,Buy,235295900
2024-08-28 10:07:45,134300.0,200,Buy,235295899
2024-08-28 10:07:45,134300.0,100,Buy,235295898
2024-08-28 10:07:45,134300.0,100,Buy,235295896
2024-08-28 10:07:45,134300.0,500,Buy,235295895
2024-08-28 10:07:45,134300.0,300,Buy,235295891
2024-08-28 10:07:45,134300.0,200,Buy,235295892
2024-08-28 10:07:45,134300.0,1000,Buy,235295897
2024-08-28 10:07:45,134300.0,1000,Buy,235295894
2024-08-28 10:07:45,134300.0,500,Buy,235295893
2024-08-28 10:07:48,134300.0,100,Buy,235295941
2024-08-28 10:07:51,134300.0,200,Buy,235295976
2024-08-28 10:07:51,134300.0,500,Buy,235295977
2024-08-28 10:07:51,134300.0,500,Buy,235295978
2024-08-28 10:07:51,134300.0,100,Buy,235295979
2024-08-28 10:07:51,134300.0,300,Buy,235295980
2024-08-28 10:07:51,134300.0,100,Buy,235295981
2024-08-28 10:07:51,134300.0,1000,Buy,235295982
2024-08-28 10:07:51,134300.0,100,Buy,235295983
2024-08-28 10:07:56,134300.0,100,Sell,235296099
2024-08-28 10:07:57,134300.0,400,Buy,235296143
2024-08-28 10:07:57,134300.0,2800,Sell,235296136
2024-08-28 10:07:57,134300.0,600,Buy,235296139
2024-08-28 10:08:00,134300.0,100,Buy,235296200
2024-08-28 10:08:01,134300.0,100,Buy,235296209
2024-08-28 10:08:01,134300.0,400,Buy,235296210
2024-08-28 10:08:01,134300.0,600,Buy,235296241
2024-08-28 10:08:01,134300.0,200,Buy,235296242
2024-08-28 10:08:03,134300.0,100,Sell,235296310
2024-08-28 10:08:07,134300.0,100,Sell,235296387
2024-08-28 10:08:07,134300.0,200,Sell,235296388
2024-08-28 10:08:07,134300.0,100,Sell,235296389
2024-08-28 10:08:08,134300.0,200,Buy,235296412
2024-08-28 10:08:10,134200.0,100,Sell,235296452
2024-08-28 10:08:11,134300.0,100,Buy,235296473
2024-08-28 10:08:19,134300.0,100,Buy,235296596
2024-08-28 10:08:19,134300.0,100,Buy,235296595
2024-08-28 10:08:19,134300.0,100,Buy,235296594
2024-08-28 10:08:19,134300.0,300,Buy,235296593
2024-08-28 10:08:21,134300.0,100,Sell,235296648
2024-08-28 10:08:21,134300.0,200,Sell,235296649
2024-08-28 10:08:22,134300.0,200,Sell,235296667
2024-08-28 10:08:30,134400.0,100,Buy,235296871
2024-08-28 10:08:30,134400.0,100,Buy,235296872
2024-08-28 10:08:33,134300.0,100,Sell,235296903
2024-08-28 10:08:33,134300.0,100,Sell,235296908
2024-08-28 10:08:33,134300.0,100,Sell,235296909
2024-08-28 10:08:34,134300.0,100,Sell,235296916
2024-08-28 10:08:34,134300.0,400,Sell,235296917
2024-08-28 10:08:36,134300.0,500,Sell,235296963
2024-08-28 10:08:38,134300.0,200,Sell,235296992
2024-08-28 10:08:39,134300.0,2000,Sell,235296999
2024-08-28 10:08:41,134300.0,400,Sell,235297048
2024-08-28 10:08:43,134300.0,1000,Sell,235297067
2024-08-28 10:08:44,134400.0,100,Buy,235297074
2024-08-28 10:08:45,134300.0,100,Sell,235297106
2024-08-28 10:08:46,134300.0,1000,Sell,235297116
2024-08-28 10:08:46,134300.0,100,Sell,235297119
2024-08-28 10:08:49,134300.0,100,Sell,235297169
2024-08-28 10:08:49,134400.0,100,Buy,235297171
2024-08-28 10:08:49,134400.0,300,Buy,235297172
2024-08-28 10:08:49,134400.0,300,Buy,235297173
2024-08-28 10:08:49,134300.0,100,Sell,235297174
2024-08-28 10:08:49,134300.0,300,Sell,235297175
2024-08-28 10:08:49,134300.0,300,Sell,235297176
2024-08-28 10:08:49,134300.0,200,Sell,235297177
2024-08-28 10:08:49,134300.0,100,Sell,235297178
2024-08-28 10:08:51,134300.0,200,Sell,235297309
2024-08-28 10:08:51,134300.0,500,Sell,235297308
2024-08-28 10:08:53,134300.0,100,Sell,235297348
2024-08-28 10:08:53,134300.0,400,Sell,235297349
2024-08-28 10:08:55,134300.0,100,Sell,235297368
2024-08-28 10:08:55,134300.0,100,Sell,235297396
2024-08-28 10:08:57,134300.0,300,Sell,235297435
2024-08-28 10:09:02,134400.0,200,Buy,235297545
2024-08-28 10:09:04,134400.0,500,Buy,235297578
2024-08-28 10:09:04,134400.0,400,Buy,235297579
2024-08-28 10:09:05,134300.0,100,Sell,235297586
2024-08-28 10:09:05,134300.0,600,Sell,235297587
2024-08-28 10:09:05,134300.0,1300,Sell,235297588
2024-08-28 10:09:08,134300.0,2000,Sell,235297627
2024-08-28 10:09:14,134300.0,200,Sell,235297771
2024-08-28 10:09:15,134300.0,100,Sell,235297854
2024-08-28 10:09:19,134300.0,1000,Sell,235297930
2024-08-28 10:09:23,134300.0,100,Sell,235298014
2024-08-28 10:09:23,134300.0,100,Sell,235298017
2024-08-28 10:09:25,134300.0,300,Sell,235298041
2024-08-28 10:09:31,134300.0,600,Sell,235298186
2024-08-28 10:09:31,134300.0,200,Sell,235298187
2024-08-28 10:09:34,134400.0,200,Buy,235298215
2024-08-28 10:09:34,134300.0,100,Sell,235298216
2024-08-28 10:09:34,134300.0,1000,Sell,235298217
2024-08-28 10:09:34,134300.0,500,Sell,235298218
2024-08-28 10:09:34,134300.0,600,Sell,235298219
2024-08-28 10:09:34,134300.0,300,Sell,235298220
2024-08-28 10:09:35,134300.0,100,Sell,235298226
2024-08-28 10:09:38,134300.0,200,Buy,235298379
2024-08-28 10:09:42,134300.0,200,Buy,235298424
2024-08-28 10:09:42,134300.0,400,Buy,235298425
2024-08-28 10:09:48,134200.0,100,Sell,235298472
2024-08-28 10:09:49,134200.0,100,Sell,235298480
2024-08-28 10:09:54,134300.0,100,Buy,235298554
2024-08-28 10:09:55,134200.0,300,Sell,235298579
2024-08-28 10:09:55,134200.0,1600,Sell,235298576
2024-08-28 10:09:55,134200.0,500,Sell,235298577
2024-08-28 10:09:55,134200.0,800,Sell,235298578
2024-08-28 10:09:59,134200.0,100,Sell,235298673
2024-08-28 10:10:00,134200.0,100,Sell,235298686
2024-08-28 10:10:01,134200.0,100,Sell,235298702
2024-08-28 10:10:01,134200.0,200,Sell,235298703
2024-08-28 10:10:06,134300.0,200,Buy,235298787
2024-08-28 10:10:06,134200.0,200,Sell,235298789
2024-08-28 10:10:06,134200.0,100,Sell,235298790
2024-08-28 10:10:06,134200.0,100,Sell,235298791
2024-08-28 10:10:06,134200.0,600,Sell,235298792
2024-08-28 10:10:08,134200.0,200,Sell,235298811
2024-08-28 10:10:10,134200.0,200,Sell,235298854
2024-08-28 10:10:10,134200.0,800,Sell,235298855
2024-08-28 10:10:16,134200.0,500,Sell,235299053
2024-08-28 10:10:16,134200.0,700,Sell,235299041
2024-08-28 10:10:17,134200.0,200,Sell,235299070
2024-08-28 10:10:21,134200.0,200,Sell,235299212
2024-08-28 10:10:22,134200.0,200,Sell,235299222
2024-08-28 10:10:25,134200.0,200,Sell,235299267
2024-08-28 10:10:29,134200.0,2200,Sell,235299352
2024-08-28 10:10:29,134200.0,500,Sell,235299353
2024-08-28 10:10:29,134200.0,300,Sell,235299354
2024-08-28 10:10:29,134200.0,1800,Sell,235299355
2024-08-28 10:10:29,134200.0,200,Sell,235299356
2024-08-28 10:10:34,134200.0,400,Buy,235299432
2024-08-28 10:10:34,134200.0,500,Buy,235299431
2024-08-28 10:10:34,134200.0,100,Sell,235299429
2024-08-28 10:10:34,134200.0,1000,Sell,235299428
2024-08-28 10:10:34,134200.0,500,Sell,235299427
2024-08-28 10:10:34,134200.0,600,Sell,235299425
2024-08-28 10:10:34,134200.0,100,Sell,235299424
2024-08-28 10:10:34,134200.0,200,Sell,235299423
2024-08-28 10:10:34,134200.0,500,Sell,235299422
2024-08-28 10:10:34,134200.0,100,Sell,235299419
2024-08-28 10:10:34,134200.0,400,Sell,235299426
2024-08-28 10:10:35,134100.0,100,Sell,235299445
2024-08-28 10:10:39,134200.0,200,Buy,235299506
2024-08-28 10:10:42,134200.0,100,Buy,235299567
2024-08-28 10:10:52,134100.0,100,Sell,235299766
2024-08-28 10:11:03,134100.0,100,Sell,235299941
2024-08-28 10:11:04,134200.0,100,Buy,235299953
2024-08-28 10:11:07,134100.0,1000,Sell,235300011
2024-08-28 10:11:07,134200.0,200,Buy,235300012
2024-08-28 10:11:11,134100.0,100,Sell,235300068
2024-08-28 10:11:11,134200.0,200,Buy,235300073
2024-08-28 10:11:13,134100.0,1000,Sell,235300126
2024-08-28 10:11:18,134100.0,300,Sell,235300241
2024-08-28 10:11:18,134100.0,100,Sell,235300244
2024-08-28 10:11:19,134100.0,400,Sell,235300258
2024-08-28 10:11:19,134100.0,500,Sell,235300259
2024-08-28 10:11:19,134100.0,300,Sell,235300257
2024-08-28 10:11:19,134100.0,100,Sell,235300253
2024-08-28 10:11:19,134100.0,500,Sell,235300255
2024-08-28 10:11:19,134100.0,600,Sell,235300256
2024-08-28 10:11:19,134100.0,800,Sell,235300252
2024-08-28 10:11:19,134100.0,500,Sell,235300254
2024-08-28 10:11:25,134100.0,200,Buy,235300333
2024-08-28 10:11:41,134000.0,400,Sell,235300695
2024-08-28 10:11:41,134100.0,400,Buy,235300701
2024-08-28 10:11:41,134000.0,500,Sell,235300694
2024-08-28 10:11:41,134000.0,100,Sell,235300696
2024-08-28 10:11:41,134100.0,600,Buy,235300700
2024-08-28 10:11:43,134100.0,100,Buy,235300739
2024-08-28 10:11:43,134100.0,100,Buy,235300738
2024-08-28 10:11:47,134000.0,100,Sell,235300839
2024-08-28 10:11:57,134000.0,500,Sell,235301056
2024-08-28 10:11:57,134000.0,500,Sell,235301057
2024-08-28 10:11:57,134000.0,400,Sell,235301058
2024-08-28 10:11:57,134000.0,100,Sell,235301059
2024-08-28 10:11:57,134000.0,1000,Sell,235301060
2024-08-28 10:12:03,134000.0,500,Buy,235301179
2024-08-28 10:12:03,134000.0,300,Buy,235301180
2024-08-28 10:12:11,133900.0,200,Sell,235301426
2024-08-28 10:12:11,133900.0,1000,Sell,235301427
2024-08-28 10:12:14,134000.0,100,Buy,235301471
2024-08-28 10:12:16,134000.0,200,Buy,235301503
2024-08-28 10:12:23,133900.0,100,Sell,235301620
2024-08-28 10:12:23,133900.0,100,Sell,235301621
2024-08-28 10:12:23,134000.0,400,Buy,235301619
2024-08-28 10:12:27,134000.0,100,Buy,235301682
2024-08-28 10:12:28,134000.0,1000,Buy,235301693
2024-08-28 10:12:31,133900.0,500,Sell,235301738
2024-08-28 10:12:38,134000.0,200,Buy,235301975
2024-08-28 10:12:42,133900.0,1000,Sell,235302046
2024-08-28 10:12:48,134000.0,100,Buy,235302198
2024-08-28 10:12:50,133900.0,1000,Sell,235302212
2024-08-28 10:12:53,133900.0,300,Sell,235302275
2024-08-28 10:12:56,133900.0,100,Sell,235302414
2024-08-28 10:12:59,133900.0,100,Sell,235302466
2024-08-28 10:13:01,133900.0,100,Sell,235302516
2024-08-28 10:13:03,133900.0,100,Sell,235302540
2024-08-28 10:13:04,133900.0,500,Sell,235302548
2024-08-28 10:13:06,133900.0,800,Sell,235302604
2024-08-28 10:13:06,133900.0,1200,Sell,235302605
2024-08-28 10:13:06,133900.0,100,Sell,235302599
2024-08-28 10:13:07,133900.0,400,Sell,235302609
2024-08-28 10:13:07,133900.0,600,Sell,235302610
2024-08-28 10:13:07,133900.0,200,Sell,235302611
2024-08-28 10:13:18,133900.0,100,Sell,235302900
2024-08-28 10:13:19,134000.0,100,Buy,235302912
2024-08-28 10:13:24,134000.0,100,Buy,235302984
2024-08-28 10:13:30,133900.0,100,Sell,235303134
2024-08-28 10:13:35,133900.0,100,Sell,235303248
2024-08-28 10:13:42,133900.0,1000,Sell,235303447
2024-08-28 10:13:42,133900.0,1000,Sell,235303446
2024-08-28 10:13:42,133900.0,100,Sell,235303445
2024-08-28 10:13:42,133900.0,400,Sell,235303444
2024-08-28 10:13:42,133900.0,600,Sell,235303442
2024-08-28 10:13:42,133900.0,400,Sell,235303440
2024-08-28 10:13:42,133900.0,400,Sell,235303439
2024-08-28 10:13:42,133900.0,500,Sell,235303443
2024-08-28 10:13:42,133900.0,300,Sell,235303441
2024-08-28 10:13:51,133900.0,200,Buy,235303619
2024-08-28 10:13:56,133900.0,100,Buy,235303724
2024-08-28 10:13:56,133900.0,500,Buy,235303725
2024-08-28 10:13:56,133900.0,400,Buy,235303726
2024-08-28 10:14:07,133900.0,100,Buy,235303945
2024-08-28 10:14:07,133900.0,100,Buy,235303949
2024-08-28 10:14:11,133800.0,100,Sell,235304070
2024-08-28 10:14:18,133800.0,2000,Sell,235304222
2024-08-28 10:14:23,133900.0,500,Buy,235304311
2024-08-28 10:14:23,133900.0,200,Buy,235304310
2024-08-28 10:14:34,133900.0,100,Buy,235304571
2024-08-28 10:14:39,133900.0,200,Buy,235304652
2024-08-28 10:14:41,133900.0,100,Buy,235304668
2024-08-28 10:14:41,133900.0,600,Buy,235304666
2024-08-28 10:14:41,133900.0,300,Buy,235304667
2024-08-28 10:14:47,133900.0,100,Sell,235304758
2024-08-28 10:14:52,133900.0,200,Sell,235304810
2024-08-28 10:14:55,133900.0,200,Buy,235304900
2024-08-28 10:15:03,133900.0,500,Buy,235305043
2024-08-28 10:15:03,133900.0,400,Buy,235305044
2024-08-28 10:15:11,133900.0,100,Buy,235305227
2024-08-28 10:15:11,133900.0,1600,Buy,235305233
2024-08-28 10:15:11,133900.0,1300,Buy,235305234
2024-08-28 10:15:23,133800.0,100,Sell,235305442
2024-08-28 10:15:27,133900.0,200,Buy,235305501
2024-08-28 10:15:28,133900.0,100,Buy,235305529
2024-08-28 10:15:28,133900.0,100,Buy,235305528
2024-08-28 10:15:28,133800.0,1600,Sell,235305515
2024-08-28 10:15:28,133800.0,3800,Sell,235305512
2024-08-28 10:15:28,133800.0,300,Sell,235305514
2024-08-28 10:15:28,133800.0,500,Sell,235305513
2024-08-28 10:15:33,133900.0,2200,Sell,235305602
2024-08-28 10:15:33,133800.0,100,Sell,235305603
2024-08-28 10:15:33,133800.0,300,Sell,235305604
2024-08-28 10:15:33,133800.0,100,Sell,235305605
2024-08-28 10:15:33,133800.0,300,Sell,235305606
2024-08-28 10:15:38,133900.0,100,Buy,235305680
2024-08-28 10:15:38,133900.0,100,Buy,235305681
2024-08-28 10:15:43,133800.0,100,Sell,235305831
2024-08-28 10:15:43,133900.0,100,Buy,235305832
2024-08-28 10:15:46,134000.0,200,Buy,235305881
2024-08-28 10:15:46,134000.0,300,Buy,235305880
2024-08-28 10:15:46,133900.0,200,Buy,235305878
2024-08-28 10:15:46,133900.0,300,Buy,235305879
2024-08-28 10:15:48,134000.0,100,Buy,235305915
2024-08-28 10:15:48,134000.0,100,Buy,235305916
2024-08-28 10:15:48,134000.0,100,Buy,235305917
2024-08-28 10:15:48,134000.0,300,Buy,235305918
2024-08-28 10:15:48,134000.0,300,Buy,235305914
2024-08-28 10:15:59,133800.0,100,Sell,235306109
2024-08-28 10:15:59,133900.0,100,Buy,235306111
2024-08-28 10:16:10,133900.0,600,Buy,235306288
2024-08-28 10:16:10,133900.0,400,Buy,235306289
2024-08-28 10:16:18,133900.0,1300,Buy,235306572
2024-08-28 10:16:18,133900.0,200,Sell,235306573
2024-08-28 10:16:21,133900.0,500,Sell,235306655
2024-08-28 10:16:25,133800.0,200,Sell,235306724
2024-08-28 10:16:25,133800.0,100,Sell,235306723
2024-08-28 10:16:31,133900.0,200,Buy,235306851
2024-08-28 10:16:33,133900.0,600,Buy,235306886
2024-08-28 10:16:33,133900.0,300,Buy,235306887
2024-08-28 10:16:36,133800.0,100,Sell,235306949
2024-08-28 10:16:53,133900.0,100,Buy,235307221
2024-08-28 10:16:55,133900.0,300,Buy,235307254
2024-08-28 10:16:55,133900.0,100,Buy,235307255
2024-08-28 10:16:55,133900.0,100,Buy,235307256
2024-08-28 10:16:55,133900.0,400,Buy,235307258
2024-08-28 10:17:00,133800.0,100,Sell,235307368
2024-08-28 10:17:03,133900.0,100,Buy,235307423
2024-08-28 10:17:06,133900.0,200,Buy,235307484
2024-08-28 10:17:10,133800.0,1900,Sell,235307550
2024-08-28 10:17:10,133800.0,100,Sell,235307551
2024-08-28 10:17:12,133800.0,100,Sell,235307580
2024-08-28 10:17:23,133800.0,100,Sell,235307870
2024-08-28 10:17:23,133800.0,100,Sell,235307862
2024-08-28 10:17:29,133800.0,100,Sell,235307970
2024-08-28 10:17:30,133800.0,500,Sell,235307982
2024-08-28 10:17:34,133900.0,200,Buy,235308055
2024-08-28 10:17:34,133800.0,500,Sell,235308058
2024-08-28 10:17:38,133800.0,100,Sell,235308102
2024-08-28 10:17:46,133800.0,200,Sell,235308251
2024-08-28 10:17:48,133800.0,100,Sell,235308290
2024-08-28 10:18:03,133900.0,100,Buy,235308612
2024-08-28 10:18:05,133900.0,100,Buy,235308638
2024-08-28 10:18:13,133900.0,100,Buy,235308748
2024-08-28 10:18:24,133800.0,100,Sell,235308875
2024-08-28 10:18:36,133900.0,200,Buy,235309096
2024-08-28 10:18:36,133900.0,200,Buy,235309094
2024-08-28 10:18:44,133900.0,1800,Buy,235309241
2024-08-28 10:18:44,133900.0,200,Buy,235309242
2024-08-28 10:18:47,133900.0,400,Buy,235309294
2024-08-28 10:18:47,133900.0,200,Buy,235309295
2024-08-28 10:18:47,133900.0,300,Buy,235309296
2024-08-28 10:18:57,133800.0,200,Sell,235309434
2024-08-28 10:18:58,133800.0,200,Sell,235309460
2024-08-28 10:18:58,133800.0,100,Sell,235309458
2024-08-28 10:18:58,133800.0,200,Sell,235309457
2024-08-28 10:18:58,133800.0,100,Sell,235309456
2024-08-28 10:18:58,133800.0,100,Sell,235309455
2024-08-28 10:18:58,133800.0,100,Sell,235309454
2024-08-28 10:18:58,133800.0,400,Sell,235309459
2024-08-28 10:18:58,133800.0,200,Sell,235309452
2024-08-28 10:18:58,133800.0,200,Sell,235309444
2024-08-28 10:18:58,133800.0,100,Sell,235309445
2024-08-28 10:18:58,133800.0,100,Sell,235309446
2024-08-28 10:18:58,133800.0,100,Sell,235309453
2024-08-28 10:18:58,133800.0,100,Sell,235309448
2024-08-28 10:18:58,133800.0,100,Sell,235309449
2024-08-28 10:18:58,133800.0,100,Sell,235309447
2024-08-28 10:19:00,133800.0,100,Sell,235309525
2024-08-28 10:19:01,133800.0,100,Sell,235309531
2024-08-28 10:19:04,133800.0,400,Sell,235309600
2024-08-28 10:19:04,133800.0,400,Sell,235309601
2024-08-28 10:19:04,133900.0,500,Buy,235309613
2024-08-28 10:19:04,133900.0,200,Buy,235309614
2024-08-28 10:19:04,133900.0,200,Buy,235309615
2024-08-28 10:19:04,133900.0,100,Buy,235309616
2024-08-28 10:19:04,133800.0,200,Sell,235309592
2024-08-28 10:19:08,133900.0,100,Buy,235309783
2024-08-28 10:19:10,133900.0,400,Buy,235309810
2024-08-28 10:19:10,133900.0,500,Buy,235309809
2024-08-28 10:19:13,133900.0,100,Buy,235309839
2024-08-28 10:19:16,133900.0,100,Buy,235309905
2024-08-28 10:19:17,133800.0,500,Sell,235309922
2024-08-28 10:19:32,133900.0,100,Buy,235310093
2024-08-28 10:19:37,133900.0,100,Buy,235310145
2024-08-28 10:19:37,133800.0,100,Sell,235310151
2024-08-28 10:19:38,133900.0,600,Buy,235310165
2024-08-28 10:19:38,133900.0,500,Buy,235310163
2024-08-28 10:19:38,133900.0,400,Buy,235310164
2024-08-28 10:19:38,133900.0,500,Buy,235310161
2024-08-28 10:19:38,133900.0,600,Buy,235310160
2024-08-28 10:19:38,133900.0,400,Buy,235310162
2024-08-28 10:19:39,133900.0,100,Buy,235310184
2024-08-28 10:19:48,133900.0,100,Buy,235310353
2024-08-28 10:19:49,133900.0,200,Buy,235310358
2024-08-28 10:19:49,133900.0,2700,Buy,235310359
2024-08-28 10:19:52,133900.0,100,Buy,235310412
2024-08-28 10:19:54,133900.0,500,Buy,235310435
2024-08-28 10:19:55,133900.0,300,Buy,235310448
2024-08-28 10:19:55,133900.0,200,Buy,235310445
2024-08-28 10:19:55,133900.0,100,Buy,235310446
2024-08-28 10:19:55,133900.0,200,Buy,235310447
2024-08-28 10:19:58,133900.0,100,Buy,235310494
2024-08-28 10:19:58,133900.0,300,Buy,235310504
2024-08-28 10:19:58,133900.0,700,Buy,235310505
2024-08-28 10:19:58,133900.0,100,Buy,235310506
2024-08-28 10:19:58,133900.0,100,Buy,235310507
2024-08-28 10:19:58,133900.0,1500,Buy,235310508
2024-08-28 10:19:58,133900.0,100,Buy,235310509
