time,price,volume,match_type,id
2024-07-31 09:14:38,127300.0,56000,ATO/ATC,227498767
2024-07-31 09:14:40,127100.0,500,Sell,227498973
2024-07-31 09:14:40,127300.0,1000,Sell,227498970
2024-07-31 09:14:40,127100.0,100,Sell,227498971
2024-07-31 09:14:40,127100.0,900,Sell,227498972
2024-07-31 09:14:46,127500.0,500,Buy,227499233
2024-07-31 09:14:54,127000.0,900,Sell,227499406
2024-07-31 09:14:54,127000.0,100,Sell,227499405
2024-07-31 09:14:54,127000.0,100,Sell,227499404
2024-07-31 09:14:54,127100.0,8600,Sell,227499400
2024-07-31 09:14:54,127000.0,100,Sell,227499402
2024-07-31 09:14:54,127000.0,100,Sell,227499403
2024-07-31 09:14:54,127100.0,100,Sell,227499401
2024-07-31 09:14:58,127300.0,200,Sell,227499474
2024-07-31 09:14:58,127100.0,100,Sell,227499475
2024-07-31 09:15:00,127000.0,500,Sell,227499542
2024-07-31 09:15:00,127000.0,100,Sell,227499540
2024-07-31 09:15:00,127000.0,100,Sell,227499539
2024-07-31 09:15:00,127000.0,100,Sell,227499538
2024-07-31 09:15:00,127000.0,100,Sell,227499537
2024-07-31 09:15:00,127000.0,100,Sell,227499536
2024-07-31 09:15:00,127000.0,200,Sell,227499529
2024-07-31 09:15:00,127000.0,1000,Sell,227499534
2024-07-31 09:15:00,127000.0,100,Sell,227499535
2024-07-31 09:15:00,127000.0,100,Sell,227499530
2024-07-31 09:15:00,127000.0,100,Sell,227499541
2024-07-31 09:15:00,127000.0,2000,Sell,227499532
2024-07-31 09:15:00,127000.0,2000,Sell,227499533
2024-07-31 09:15:00,127000.0,100,Sell,227499531
2024-07-31 09:15:06,127000.0,300,Buy,227499750
2024-07-31 09:15:10,127000.0,100,Buy,227499870
2024-07-31 09:15:13,127000.0,200,Buy,227499961
2024-07-31 09:15:14,127000.0,100,Buy,227499973
2024-07-31 09:15:16,127000.0,400,Buy,227500006
2024-07-31 09:15:17,127000.0,1000,Buy,227500047
2024-07-31 09:15:20,127000.0,100,Buy,227500153
2024-07-31 09:15:20,127000.0,100,Buy,227500167
2024-07-31 09:15:26,127000.0,100,Buy,227500339
2024-07-31 09:15:56,127200.0,200,Sell,227501258
2024-07-31 09:16:03,127300.0,500,Buy,227501446
2024-07-31 09:16:05,127300.0,300,Sell,227501534
2024-07-31 09:16:19,127300.0,100,Sell,227501993
2024-07-31 09:16:19,127300.0,2200,Sell,227501992
2024-07-31 09:16:19,127300.0,100,Sell,227501994
2024-07-31 09:16:21,127400.0,200,Buy,227502033
2024-07-31 09:16:25,127300.0,100,Sell,227502148
2024-07-31 09:16:25,127300.0,100,Sell,227502149
2024-07-31 09:16:25,127300.0,100,Sell,227502150
2024-07-31 09:16:25,127300.0,500,Buy,227502173
2024-07-31 09:16:29,127300.0,100,Buy,227502266
2024-07-31 09:16:35,127300.0,400,Buy,227502492
2024-07-31 09:16:45,127300.0,200,Buy,227502954
2024-07-31 09:16:53,127300.0,100,Buy,227503213
2024-07-31 09:16:59,127300.0,100,Buy,227503475
2024-07-31 09:16:59,127300.0,400,Buy,227503474
2024-07-31 09:17:03,127300.0,1100,Buy,227503702
2024-07-31 09:17:04,127300.0,800,Buy,227503718
2024-07-31 09:17:04,127300.0,600,Buy,227503719
2024-07-31 09:17:04,127300.0,2500,Buy,227503720
2024-07-31 09:17:07,127300.0,500,Buy,227503828
2024-07-31 09:17:07,127300.0,400,Buy,227503829
2024-07-31 09:17:07,127300.0,100,Buy,227503830
2024-07-31 09:17:10,127300.0,1000,Buy,227504079
2024-07-31 09:17:15,127300.0,1000,Buy,227504284
2024-07-31 09:17:15,127300.0,100,Buy,227504285
2024-07-31 09:17:17,127300.0,500,Buy,227504347
2024-07-31 09:17:17,127300.0,500,Buy,227504348
2024-07-31 09:17:29,127400.0,200,Buy,227504822
2024-07-31 09:17:29,127400.0,1800,Buy,227504821
2024-07-31 09:17:41,127400.0,100,Buy,227505201
2024-07-31 09:17:53,127400.0,100,Buy,227505622
2024-07-31 09:18:02,127400.0,2000,Buy,227505856
2024-07-31 09:18:04,127300.0,400,Sell,227505943
2024-07-31 09:18:04,127300.0,1000,Sell,227505944
2024-07-31 09:18:04,127300.0,100,Sell,227505945
2024-07-31 09:18:13,127400.0,100,Buy,227506233
2024-07-31 09:18:20,127400.0,500,Buy,227506465
2024-07-31 09:18:23,127300.0,100,Sell,227506603
2024-07-31 09:18:23,127300.0,1400,Sell,227506604
2024-07-31 09:18:24,127300.0,200,Sell,227506629
2024-07-31 09:18:28,127400.0,700,Buy,227506748
2024-07-31 09:18:29,127300.0,200,Sell,227506772
2024-07-31 09:18:38,127300.0,1000,Sell,227507230
2024-07-31 09:18:38,127300.0,100,Sell,227507231
2024-07-31 09:18:38,127300.0,100,Sell,227507232
2024-07-31 09:18:38,127300.0,100,Sell,227507233
2024-07-31 09:18:38,127300.0,500,Sell,227507234
2024-07-31 09:18:38,127300.0,100,Sell,227507235
2024-07-31 09:18:38,127300.0,100,Sell,227507236
2024-07-31 09:18:38,127300.0,200,Sell,227507229
2024-07-31 09:18:51,127300.0,900,Buy,227507682
2024-07-31 09:18:58,127200.0,100,Sell,227507919
2024-07-31 09:18:58,127200.0,1000,Sell,227507917
2024-07-31 09:18:58,127200.0,3000,Sell,227507918
2024-07-31 09:18:58,127200.0,1000,Sell,227507915
2024-07-31 09:18:58,127200.0,100,Sell,227507916
2024-07-31 09:18:58,127200.0,400,Sell,227507914
2024-07-31 09:18:58,127200.0,1600,Sell,227507913
2024-07-31 09:19:02,127200.0,100,Buy,227508079
2024-07-31 09:19:08,127200.0,100,Buy,227508287
2024-07-31 09:19:09,127200.0,500,Buy,227508303
2024-07-31 09:19:11,127200.0,100,Buy,227508382
2024-07-31 09:19:16,127100.0,400,Sell,227508611
2024-07-31 09:19:16,127100.0,1600,Sell,227508610
2024-07-31 09:19:16,127100.0,1000,Sell,227508609
2024-07-31 09:19:16,127100.0,1000,Sell,227508608
2024-07-31 09:19:19,127200.0,200,Buy,227508711
2024-07-31 09:19:19,127100.0,100,Sell,227508730
2024-07-31 09:19:27,127000.0,200,Sell,227508965
2024-07-31 09:19:27,127000.0,100,Sell,227508966
2024-07-31 09:19:27,127000.0,100,Sell,227508967
2024-07-31 09:19:27,127000.0,500,Sell,227508968
2024-07-31 09:19:27,127000.0,100,Sell,227508969
2024-07-31 09:19:27,127000.0,100,Sell,227508970
2024-07-31 09:19:27,127000.0,200,Sell,227508976
2024-07-31 09:19:27,127000.0,200,Sell,227508972
2024-07-31 09:19:27,127000.0,500,Sell,227508973
2024-07-31 09:19:27,127000.0,300,Sell,227508974
2024-07-31 09:19:27,127000.0,100,Sell,227508975
2024-07-31 09:19:27,127000.0,10300,Sell,227508977
2024-07-31 09:19:27,127000.0,100,Sell,227508964
2024-07-31 09:19:27,127000.0,500,Sell,227508971
2024-07-31 09:19:27,127000.0,2000,Sell,227508963
2024-07-31 09:19:27,127000.0,1500,Sell,227508959
2024-07-31 09:19:27,127000.0,1000,Sell,227508961
2024-07-31 09:19:27,127000.0,100,Sell,227508962
2024-07-31 09:19:27,127200.0,1000,Buy,227508902
2024-07-31 09:19:27,127100.0,200,Sell,227508948
2024-07-31 09:19:27,127100.0,300,Sell,227508949
2024-07-31 09:19:27,127100.0,1200,Sell,227508950
2024-07-31 09:19:27,127100.0,1000,Sell,227508951
2024-07-31 09:19:27,127100.0,1000,Sell,227508952
2024-07-31 09:19:27,127000.0,500,Sell,227508958
2024-07-31 09:19:27,127100.0,400,Sell,227508954
2024-07-31 09:19:27,127000.0,300,Sell,227508960
2024-07-31 09:19:27,127000.0,1000,Sell,227508957
2024-07-31 09:19:27,127100.0,1600,Sell,227508953
2024-07-31 09:19:27,127000.0,100,Sell,227508955
2024-07-31 09:19:27,127000.0,4500,Sell,227508956
2024-07-31 09:19:31,127000.0,100,Sell,227509089
2024-07-31 09:19:31,127000.0,100,Sell,227509090
2024-07-31 09:19:31,127000.0,300,Sell,227509091
2024-07-31 09:19:32,127000.0,100,Buy,227509136
2024-07-31 09:19:33,127000.0,200,Buy,227509168
2024-07-31 09:19:42,127000.0,100,Buy,227509496
2024-07-31 09:19:44,126900.0,100,Sell,227509552
2024-07-31 09:19:45,127000.0,100,Buy,227509572
2024-07-31 09:19:47,126900.0,500,Sell,227509650
2024-07-31 09:19:56,126800.0,300,Sell,227510019
2024-07-31 09:19:56,126800.0,300,Sell,227510012
2024-07-31 09:19:56,126800.0,1000,Sell,227510013
2024-07-31 09:19:56,126800.0,100,Sell,227510014
2024-07-31 09:19:56,126800.0,100,Sell,227510015
2024-07-31 09:19:56,126800.0,100,Sell,227510016
2024-07-31 09:19:56,126800.0,1000,Sell,227510017
2024-07-31 09:19:56,126800.0,100,Sell,227510018
2024-07-31 09:20:01,126900.0,100,Buy,227510215
2024-07-31 09:20:09,126800.0,500,Sell,227510455
2024-07-31 09:20:10,126900.0,200,Buy,227510470
2024-07-31 09:20:11,126800.0,200,Sell,227510475
2024-07-31 09:20:20,126800.0,200,Buy,227510849
2024-07-31 09:20:21,126800.0,1000,Buy,227510876
2024-07-31 09:20:22,126800.0,200,Buy,227510930
2024-07-31 09:20:24,126800.0,100,Buy,227510985
2024-07-31 09:20:25,126700.0,200,Sell,227511017
2024-07-31 09:20:25,126700.0,100,Sell,227511018
2024-07-31 09:20:25,126700.0,100,Sell,227511019
2024-07-31 09:20:26,126800.0,100,Buy,227511035
2024-07-31 09:20:29,126800.0,1000,Buy,227511156
2024-07-31 09:20:30,126800.0,2000,Buy,227511170
2024-07-31 09:20:31,126800.0,200,Buy,227511205
2024-07-31 09:20:31,126800.0,100,Buy,227511206
2024-07-31 09:20:40,126800.0,200,Sell,227511561
2024-07-31 09:20:40,126800.0,800,Sell,227511562
2024-07-31 09:20:43,126700.0,2000,Sell,227511687
2024-07-31 09:20:43,126700.0,100,Sell,227511686
2024-07-31 09:20:43,126700.0,100,Sell,227511688
2024-07-31 09:20:43,126700.0,800,Sell,227511685
2024-07-31 09:20:43,126700.0,2000,Sell,227511683
2024-07-31 09:20:43,126700.0,7000,Sell,227511684
2024-07-31 09:20:43,126800.0,200,Sell,227511681
2024-07-31 09:20:43,126800.0,200,Sell,227511682
2024-07-31 09:20:43,126800.0,1200,Sell,227511677
2024-07-31 09:20:43,126800.0,200,Sell,227511679
2024-07-31 09:20:43,126800.0,100,Sell,227511680
2024-07-31 09:20:43,126800.0,100,Sell,227511678
2024-07-31 09:20:44,126700.0,100,Buy,227511737
2024-07-31 09:20:48,126700.0,100,Buy,227511875
2024-07-31 09:20:49,126700.0,5000,Buy,227511888
2024-07-31 09:20:53,126700.0,200,Buy,227512114
2024-07-31 09:20:55,126600.0,500,Sell,227512151
2024-07-31 09:20:55,126600.0,200,Sell,227512152
2024-07-31 09:20:55,126600.0,4300,Sell,227512153
2024-07-31 09:20:57,126700.0,600,Buy,227512312
2024-07-31 09:20:59,126800.0,100,Buy,227512542
2024-07-31 09:21:10,126800.0,1000,Buy,227512973
2024-07-31 09:21:12,126800.0,500,Buy,227513031
2024-07-31 09:21:12,126800.0,100,Buy,227513032
2024-07-31 09:21:13,126800.0,100,Buy,227513041
2024-07-31 09:21:16,126800.0,100,Buy,227513175
2024-07-31 09:21:21,126700.0,400,Sell,227513335
2024-07-31 09:21:22,126800.0,500,Buy,227513357
2024-07-31 09:21:22,126800.0,3000,Buy,227513356
2024-07-31 09:21:22,126800.0,1100,Buy,227513355
2024-07-31 09:21:22,126700.0,500,Sell,227513348
2024-07-31 09:21:22,126700.0,1000,Sell,227513347
2024-07-31 09:21:22,126700.0,200,Sell,227513346
2024-07-31 09:21:22,126700.0,200,Sell,227513345
2024-07-31 09:21:22,126700.0,700,Sell,227513349
2024-07-31 09:21:23,126800.0,100,Sell,227513386
2024-07-31 09:21:38,126900.0,1300,Buy,227513868
2024-07-31 09:21:38,126900.0,2000,Buy,227513869
2024-07-31 09:21:38,126900.0,3000,Buy,227513870
2024-07-31 09:21:41,127000.0,500,Buy,227514007
2024-07-31 09:21:44,127000.0,3000,Buy,227514085
2024-07-31 09:21:48,127000.0,200,Buy,227514204
2024-07-31 09:21:53,127000.0,900,Buy,227514390
2024-07-31 09:21:55,127000.0,100,Buy,227514463
2024-07-31 09:21:56,127000.0,200,Buy,227514511
2024-07-31 09:22:01,127000.0,2000,Buy,227514845
2024-07-31 09:22:01,127000.0,1000,Buy,227514849
2024-07-31 09:22:02,127000.0,100,Buy,227514874
2024-07-31 09:22:02,127000.0,2000,Buy,227514877
2024-07-31 09:22:03,127000.0,200,Buy,227514881
2024-07-31 09:22:03,127000.0,400,Buy,227514882
2024-07-31 09:22:03,127000.0,100,Buy,227514883
2024-07-31 09:22:03,127000.0,500,Buy,227514884
2024-07-31 09:22:03,127000.0,500,Buy,227514885
2024-07-31 09:22:09,127000.0,100,Buy,227515078
2024-07-31 09:22:11,127000.0,100,Buy,227515128
2024-07-31 09:22:15,127000.0,100,Buy,227515255
2024-07-31 09:22:20,127000.0,100,Buy,227515395
2024-07-31 09:22:21,127000.0,100,Buy,227515410
2024-07-31 09:22:27,127000.0,100,Buy,227515528
2024-07-31 09:22:37,127000.0,300,Buy,227515737
2024-07-31 09:22:44,127000.0,100,Buy,227515879
2024-07-31 09:22:47,127000.0,200,Buy,227515963
2024-07-31 09:22:47,127000.0,800,Buy,227515964
2024-07-31 09:22:47,127000.0,600,Sell,227515971
2024-07-31 09:22:47,127000.0,200,Sell,227515972
2024-07-31 09:22:47,127000.0,400,Sell,227515973
2024-07-31 09:22:51,127000.0,100,Buy,227516044
2024-07-31 09:22:51,127000.0,100,Buy,227516046
2024-07-31 09:22:53,127000.0,700,Buy,227516096
2024-07-31 09:22:53,127000.0,1700,Buy,227516097
2024-07-31 09:22:54,127000.0,600,Buy,227516099
2024-07-31 09:22:58,127000.0,1600,Buy,227516183
2024-07-31 09:23:10,127000.0,100,Sell,227516539
2024-07-31 09:23:10,127000.0,600,Sell,227516540
2024-07-31 09:23:10,127000.0,100,Sell,227516541
2024-07-31 09:23:10,127000.0,100,Sell,227516542
2024-07-31 09:23:10,127000.0,200,Sell,227516543
2024-07-31 09:23:10,127000.0,400,Sell,227516538
2024-07-31 09:23:21,127000.0,200,Buy,227516839
2024-07-31 09:23:46,127000.0,500,Buy,227517796
2024-07-31 09:23:54,127000.0,100,Buy,227518028
2024-07-31 09:23:58,127000.0,100,Buy,227518182
2024-07-31 09:24:08,127000.0,100,Buy,227518456
2024-07-31 09:24:11,127000.0,2000,Buy,227518515
2024-07-31 09:24:24,127000.0,100,Buy,227518909
2024-07-31 09:24:25,127000.0,100,Buy,227518959
2024-07-31 09:24:41,127000.0,200,Buy,227519484
2024-07-31 09:24:41,127000.0,200,Buy,227519475
2024-07-31 09:24:42,127000.0,200,Buy,227519528
2024-07-31 09:24:54,127000.0,100,Buy,227519824
2024-07-31 09:24:55,127000.0,100,Buy,227519860
2024-07-31 09:25:00,127000.0,800,Buy,227520009
2024-07-31 09:25:10,127000.0,200,Buy,227520280
2024-07-31 09:25:14,126900.0,300,Sell,227520413
2024-07-31 09:25:14,126900.0,500,Sell,227520412
2024-07-31 09:25:14,126900.0,100,Sell,227520411
2024-07-31 09:25:14,126900.0,100,Sell,227520410
2024-07-31 09:25:14,126900.0,100,Sell,227520409
2024-07-31 09:25:14,126900.0,100,Sell,227520408
2024-07-31 09:25:14,126900.0,400,Sell,227520406
2024-07-31 09:25:14,126900.0,100,Sell,227520404
2024-07-31 09:25:14,126900.0,100,Sell,227520403
2024-07-31 09:25:14,126900.0,2000,Sell,227520402
2024-07-31 09:25:14,126900.0,100,Sell,227520401
2024-07-31 09:25:14,126900.0,400,Sell,227520407
2024-07-31 09:25:14,126900.0,1600,Sell,227520405
2024-07-31 09:25:25,126900.0,100,Buy,227520677
2024-07-31 09:25:43,126900.0,3000,Buy,227521016
2024-07-31 09:25:52,126900.0,100,Buy,227521192
2024-07-31 09:25:55,126900.0,100,Buy,227521274
2024-07-31 09:25:55,126900.0,100,Buy,227521265
2024-07-31 09:25:56,126900.0,100,Buy,227521320
2024-07-31 09:25:56,126800.0,200,Sell,227521321
2024-07-31 09:25:57,126900.0,1700,Buy,227521343
2024-07-31 09:25:57,126900.0,3100,Buy,227521342
2024-07-31 09:25:57,126900.0,500,Buy,227521341
2024-07-31 09:25:57,126900.0,200,Buy,227521324
2024-07-31 09:25:57,126900.0,1300,Buy,227521339
2024-07-31 09:25:57,126900.0,400,Buy,227521338
2024-07-31 09:25:57,126900.0,1000,Buy,227521340
2024-07-31 09:25:59,126900.0,100,Buy,227521447
2024-07-31 09:26:01,126900.0,2900,Buy,227521496
2024-07-31 09:26:02,126900.0,100,Sell,227521516
2024-07-31 09:26:03,126900.0,100,Buy,227521528
2024-07-31 09:26:19,126900.0,400,Sell,227521970
2024-07-31 09:26:19,126900.0,100,Sell,227521969
2024-07-31 09:26:27,127000.0,200,Buy,227522134
2024-07-31 09:26:41,127000.0,400,Buy,227522652
2024-07-31 09:26:59,127000.0,500,Buy,227523252
2024-07-31 09:26:59,127000.0,100,Buy,227523250
2024-07-31 09:27:11,126900.0,1600,Sell,227523549
2024-07-31 09:27:11,126900.0,100,Sell,227523550
2024-07-31 09:27:11,126900.0,300,Sell,227523551
2024-07-31 09:27:17,127000.0,100,Buy,227523692
2024-07-31 09:27:29,127000.0,100,Buy,227524178
2024-07-31 09:27:33,127000.0,100,Buy,227524283
2024-07-31 09:27:37,127000.0,700,Buy,227524339
2024-07-31 09:28:00,127000.0,100,Buy,227524941
2024-07-31 09:28:01,127000.0,200,Buy,227524949
2024-07-31 09:28:05,126900.0,200,Sell,227525104
2024-07-31 09:28:21,126900.0,800,Sell,227525494
2024-07-31 09:28:21,126900.0,500,Sell,227525491
2024-07-31 09:28:21,126900.0,200,Sell,227525492
2024-07-31 09:28:21,126900.0,500,Sell,227525493
2024-07-31 09:28:24,127000.0,700,Buy,227525873
2024-07-31 09:28:26,127000.0,100,Buy,227525938
2024-07-31 09:28:33,127000.0,100,Buy,227526159
2024-07-31 09:28:34,127000.0,100,Buy,227526188
2024-07-31 09:28:34,127000.0,100,Buy,227526189
2024-07-31 09:28:34,127000.0,100,Buy,227526198
2024-07-31 09:28:42,127000.0,100,Buy,227526406
2024-07-31 09:28:42,127000.0,400,Buy,227526407
2024-07-31 09:28:44,126900.0,100,Sell,227526477
2024-07-31 09:28:44,126900.0,900,Sell,227526476
2024-07-31 09:28:44,126900.0,1000,Sell,227526475
2024-07-31 09:28:44,126900.0,100,Sell,227526473
2024-07-31 09:28:44,126900.0,100,Sell,227526472
2024-07-31 09:28:44,126900.0,200,Sell,227526474
2024-07-31 09:28:44,126900.0,200,Sell,227526471
2024-07-31 09:28:46,127000.0,500,Buy,227526642
2024-07-31 09:28:48,126900.0,100,Sell,227526693
2024-07-31 09:28:52,127000.0,100,Buy,227526783
2024-07-31 09:29:03,127000.0,300,Buy,227527199
2024-07-31 09:29:06,127000.0,300,Buy,227527349
2024-07-31 09:29:06,127000.0,100,Buy,227527348
2024-07-31 09:29:14,127000.0,400,Buy,227527616
2024-07-31 09:29:36,126900.0,1900,Sell,227528767
2024-07-31 09:29:36,126900.0,100,Sell,227528766
2024-07-31 09:29:37,127000.0,100,Buy,227528787
2024-07-31 09:29:38,127000.0,200,Buy,227528813
2024-07-31 09:29:44,126900.0,600,Sell,227529022
2024-07-31 09:29:44,126800.0,3700,Sell,227529034
2024-07-31 09:29:44,126900.0,500,Sell,227529021
2024-07-31 09:29:44,126800.0,200,Sell,227529031
2024-07-31 09:29:44,126800.0,100,Sell,227529030
2024-07-31 09:29:44,126800.0,100,Sell,227529029
2024-07-31 09:29:44,126800.0,100,Sell,227529033
2024-07-31 09:29:44,126800.0,500,Sell,227529027
2024-07-31 09:29:44,126800.0,100,Sell,227529026
2024-07-31 09:29:44,126800.0,3100,Sell,227529025
2024-07-31 09:29:44,126900.0,100,Sell,227529024
2024-07-31 09:29:44,126900.0,100,Sell,227529023
2024-07-31 09:29:44,126800.0,700,Sell,227529028
2024-07-31 09:29:44,126800.0,100,Sell,227529032
2024-07-31 09:29:52,126900.0,400,Sell,227529370
2024-07-31 09:29:52,126800.0,400,Sell,227529371
2024-07-31 09:29:52,126800.0,5000,Sell,227529372
2024-07-31 09:29:52,126800.0,200,Sell,227529373
2024-07-31 09:29:58,126900.0,1000,Sell,227529571
2024-07-31 09:29:58,126900.0,100,Sell,227529572
2024-07-31 09:30:03,126800.0,100,Sell,227529799
2024-07-31 09:30:03,126800.0,900,Sell,227529800
2024-07-31 09:30:06,126900.0,100,Buy,227529962
2024-07-31 09:30:09,126800.0,100,Sell,227530033
2024-07-31 09:30:09,126800.0,100,Sell,227530031
2024-07-31 09:30:09,126800.0,300,Sell,227530032
2024-07-31 09:30:10,126900.0,100,Buy,227530082
2024-07-31 09:30:18,126900.0,100,Buy,227530364
2024-07-31 09:30:20,126900.0,600,Buy,227530495
2024-07-31 09:30:20,126900.0,2000,Buy,227530496
2024-07-31 09:30:20,126900.0,100,Buy,227530497
2024-07-31 09:30:20,126900.0,1800,Buy,227530498
2024-07-31 09:30:28,126900.0,200,Buy,227530925
2024-07-31 09:30:30,126900.0,100,Sell,227530981
2024-07-31 09:30:32,126900.0,200,Sell,227531016
2024-07-31 09:30:32,126900.0,100,Sell,227531017
2024-07-31 09:30:34,126900.0,200,Buy,227531050
2024-07-31 09:30:35,126900.0,100,Buy,227531116
2024-07-31 09:30:35,126900.0,100,Buy,227531112
2024-07-31 09:30:41,127000.0,200,Buy,227531301
2024-07-31 09:30:45,126900.0,100,Sell,227531396
2024-07-31 09:30:48,126900.0,100,Sell,227531477
2024-07-31 09:31:00,127000.0,200,Buy,227531872
2024-07-31 09:31:13,127000.0,200,Buy,227532243
2024-07-31 09:31:16,127000.0,100,Buy,227532313
2024-07-31 09:31:16,127000.0,700,Buy,227532314
2024-07-31 09:31:17,127000.0,100,Buy,227532319
2024-07-31 09:31:18,127000.0,100,Buy,227532338
2024-07-31 09:31:33,127000.0,200,Buy,227532785
2024-07-31 09:31:40,126900.0,100,Sell,227532966
2024-07-31 09:31:46,127000.0,100,Buy,227533166
2024-07-31 09:31:48,127000.0,100,Buy,227533186
2024-07-31 09:32:03,127000.0,100,Buy,227533596
2024-07-31 09:32:03,127000.0,700,Buy,227533608
2024-07-31 09:32:03,127000.0,200,Buy,227533607
2024-07-31 09:32:03,127000.0,800,Buy,227533604
2024-07-31 09:32:03,127000.0,1200,Buy,227533603
2024-07-31 09:32:03,127000.0,100,Buy,227533602
2024-07-31 09:32:03,127000.0,200,Buy,227533595
2024-07-31 09:32:03,127000.0,2800,Buy,227533600
2024-07-31 09:32:03,127000.0,200,Buy,227533599
2024-07-31 09:32:03,127000.0,500,Buy,227533598
2024-07-31 09:32:03,127000.0,200,Buy,227533597
2024-07-31 09:32:03,127000.0,1000,Buy,227533601
2024-07-31 09:32:15,127000.0,100,Buy,227534015
2024-07-31 09:32:16,127000.0,100,Buy,227534023
2024-07-31 09:32:17,127000.0,100,Buy,227534081
2024-07-31 09:32:18,126900.0,500,Sell,227534120
2024-07-31 09:32:18,126900.0,2000,Sell,227534119
2024-07-31 09:32:18,127000.0,200,Buy,227534121
2024-07-31 09:32:39,127000.0,1400,Sell,227534961
2024-07-31 09:32:39,127000.0,400,Sell,227534962
2024-07-31 09:32:39,127000.0,100,Sell,227534963
2024-07-31 09:32:39,127000.0,400,Sell,227534964
2024-07-31 09:32:39,127000.0,100,Sell,227534965
2024-07-31 09:32:44,127000.0,200,Sell,227535160
2024-07-31 09:32:47,127100.0,200,Buy,227535255
2024-07-31 09:32:48,127000.0,200,Sell,227535276
2024-07-31 09:33:15,127000.0,500,Sell,227536190
2024-07-31 09:33:20,127100.0,100,Buy,227536309
2024-07-31 09:33:37,127000.0,1000,Sell,227536790
2024-07-31 09:33:51,127100.0,100,Buy,227537177
2024-07-31 09:34:07,127100.0,100,Buy,227537666
2024-07-31 09:34:07,127100.0,2500,Buy,227537667
2024-07-31 09:34:07,127100.0,500,Buy,227537668
2024-07-31 09:34:09,127000.0,200,Sell,227537789
2024-07-31 09:34:09,127000.0,100,Sell,227537788
2024-07-31 09:34:09,127000.0,500,Sell,227537787
2024-07-31 09:34:09,127000.0,100,Sell,227537786
2024-07-31 09:34:09,127000.0,500,Sell,227537784
2024-07-31 09:34:09,127000.0,100,Sell,227537785
2024-07-31 09:34:09,127000.0,100,Sell,227537782
2024-07-31 09:34:09,127000.0,500,Sell,227537781
2024-07-31 09:34:09,127000.0,100,Sell,227537780
2024-07-31 09:34:09,127000.0,100,Sell,227537779
2024-07-31 09:34:09,127000.0,500,Sell,227537778
2024-07-31 09:34:09,127000.0,1000,Sell,227537777
2024-07-31 09:34:09,127000.0,2000,Sell,227537783
2024-07-31 09:34:23,127000.0,100,Buy,227538348
2024-07-31 09:34:24,127000.0,400,Buy,227538365
2024-07-31 09:34:24,127000.0,500,Buy,227538366
2024-07-31 09:34:24,127000.0,300,Buy,227538372
2024-07-31 09:34:55,127100.0,100,Buy,227539285
2024-07-31 09:35:10,127000.0,100,Sell,227539741
2024-07-31 09:35:10,127000.0,900,Sell,227539742
2024-07-31 09:35:25,127100.0,200,Buy,227540274
2024-07-31 09:35:26,127100.0,1000,Buy,227540279
2024-07-31 09:35:30,127100.0,100,Buy,227540418
2024-07-31 09:35:43,127100.0,100,Buy,227540948
2024-07-31 09:35:43,127100.0,100,Buy,227540900
2024-07-31 09:35:49,127000.0,200,Sell,227541140
2024-07-31 09:35:49,127000.0,100,Sell,227541139
2024-07-31 09:35:57,127000.0,600,Sell,227541309
2024-07-31 09:35:58,127100.0,100,Buy,227541330
2024-07-31 09:36:01,127100.0,200,Buy,227541380
2024-07-31 09:36:15,127000.0,500,Sell,227541773
2024-07-31 09:36:17,127100.0,200,Buy,227541858
2024-07-31 09:36:27,127100.0,100,Buy,227542184
2024-07-31 09:36:28,127100.0,200,Buy,227542239
2024-07-31 09:36:42,127100.0,100,Buy,227542569
2024-07-31 09:36:47,127100.0,1000,Buy,227542746
2024-07-31 09:36:56,127100.0,500,Buy,227543009
2024-07-31 09:36:58,127100.0,1000,Buy,227543055
2024-07-31 09:36:58,127100.0,600,Buy,227543056
2024-07-31 09:36:58,127100.0,200,Buy,227543057
2024-07-31 09:36:58,127100.0,1200,Buy,227543058
2024-07-31 09:37:00,127100.0,800,Buy,227543091
2024-07-31 09:37:01,127200.0,100,Buy,227543110
2024-07-31 09:37:04,127100.0,200,Sell,227543211
2024-07-31 09:37:10,127100.0,500,Buy,227543394
2024-07-31 09:37:21,127100.0,100,Buy,227543674
2024-07-31 09:37:31,127000.0,100,Sell,227543937
2024-07-31 09:37:32,127100.0,200,Buy,227543985
2024-07-31 09:37:39,127000.0,1600,Sell,227544261
2024-07-31 09:37:39,127000.0,1900,Sell,227544262
2024-07-31 09:37:53,127100.0,200,Buy,227544594
2024-07-31 09:38:04,127100.0,100,Buy,227544969
2024-07-31 09:38:07,127000.0,500,Sell,227545073
2024-07-31 09:38:07,127000.0,200,Sell,227545069
2024-07-31 09:38:07,127000.0,100,Sell,227545072
2024-07-31 09:38:07,127000.0,200,Sell,227545071
2024-07-31 09:38:07,127000.0,200,Sell,227545070
2024-07-31 09:38:07,127000.0,100,Sell,227545068
2024-07-31 09:38:07,127000.0,500,Sell,227545061
2024-07-31 09:38:07,127000.0,500,Sell,227545066
2024-07-31 09:38:07,127000.0,100,Sell,227545065
2024-07-31 09:38:07,127000.0,100,Sell,227545064
2024-07-31 09:38:07,127000.0,100,Sell,227545063
2024-07-31 09:38:07,127000.0,300,Sell,227545062
2024-07-31 09:38:07,127000.0,300,Sell,227545060
2024-07-31 09:38:07,127000.0,100,Sell,227545067
2024-07-31 09:38:11,127000.0,100,Sell,227545172
2024-07-31 09:38:12,127100.0,300,Buy,227545181
2024-07-31 09:38:15,127000.0,2000,Sell,227545363
2024-07-31 09:38:34,127100.0,300,Buy,227545978
2024-07-31 09:38:37,127100.0,100,Buy,227546075
2024-07-31 09:38:37,127100.0,200,Buy,227546073
2024-07-31 09:38:37,127100.0,100,Buy,227546074
2024-07-31 09:38:42,127100.0,100,Buy,227546218
2024-07-31 09:38:42,127100.0,100,Buy,227546219
2024-07-31 09:38:52,127100.0,100,Buy,227546545
2024-07-31 09:39:06,127100.0,100,Buy,227547071
2024-07-31 09:39:06,127100.0,200,Buy,227547079
2024-07-31 09:39:08,127100.0,100,Buy,227547122
2024-07-31 09:39:15,127100.0,500,Buy,227547320
2024-07-31 09:39:15,127100.0,2000,Buy,227547319
2024-07-31 09:39:15,127100.0,600,Buy,227547318
2024-07-31 09:39:15,127100.0,900,Buy,227547317
2024-07-31 09:39:16,127100.0,200,Buy,227547364
2024-07-31 09:39:16,127100.0,300,Buy,227547365
2024-07-31 09:39:16,127200.0,400,Buy,227547366
2024-07-31 09:39:28,127100.0,400,Sell,227547715
2024-07-31 09:39:38,127200.0,100,Buy,227548109
2024-07-31 09:40:01,127200.0,100,Buy,227548921
2024-07-31 09:40:09,127200.0,100,Buy,227549259
2024-07-31 09:40:40,127200.0,100,Buy,227550188
2024-07-31 09:40:40,127200.0,900,Buy,227550189
2024-07-31 09:40:57,127200.0,100,Buy,227550795
2024-07-31 09:41:03,127100.0,600,Sell,227551047
2024-07-31 09:41:03,127100.0,1400,Sell,227551048
2024-07-31 09:41:11,127200.0,200,Buy,227551323
2024-07-31 09:41:16,127100.0,200,Sell,227551556
2024-07-31 09:41:16,127100.0,2500,Sell,227551557
2024-07-31 09:41:16,127100.0,600,Sell,227551555
2024-07-31 09:41:22,127100.0,1500,Sell,227551749
2024-07-31 09:41:22,127100.0,1400,Sell,227551750
2024-07-31 09:41:25,127100.0,1500,Sell,227551892
2024-07-31 09:41:39,127100.0,100,Sell,227552294
2024-07-31 09:41:39,127100.0,100,Sell,227552295
2024-07-31 09:41:39,127100.0,100,Sell,227552296
2024-07-31 09:41:39,127100.0,200,Sell,227552297
2024-07-31 09:41:43,127200.0,100,Buy,227552431
2024-07-31 09:41:45,127100.0,1000,Sell,227552494
2024-07-31 09:41:45,127100.0,300,Sell,227552493
2024-07-31 09:41:45,127100.0,200,Sell,227552482
2024-07-31 09:41:45,127100.0,800,Sell,227552481
2024-07-31 09:41:55,127100.0,4000,Sell,227552793
2024-07-31 09:41:55,127100.0,200,Sell,227552794
2024-07-31 09:42:02,127100.0,200,Buy,227553070
2024-07-31 09:42:15,127100.0,100,Buy,227553475
2024-07-31 09:42:16,127100.0,1800,Buy,227553490
2024-07-31 09:42:16,127100.0,2100,Buy,227553491
2024-07-31 09:42:16,127100.0,1100,Buy,227553492
2024-07-31 09:42:30,127100.0,100,Buy,227553859
2024-07-31 09:42:32,127100.0,100,Buy,227553901
2024-07-31 09:42:32,127100.0,300,Buy,227553924
2024-07-31 09:42:34,127000.0,400,Sell,227553963
2024-07-31 09:42:34,127000.0,2400,Sell,227553961
2024-07-31 09:42:34,127000.0,500,Sell,227553962
2024-07-31 09:42:36,127100.0,500,Buy,227554075
2024-07-31 09:42:37,127100.0,100,Buy,227554116
2024-07-31 09:42:39,127100.0,100,Buy,227554187
2024-07-31 09:42:41,127100.0,100,Buy,227554237
2024-07-31 09:42:43,127100.0,500,Buy,227554295
2024-07-31 09:42:44,127100.0,300,Buy,227554322
2024-07-31 09:42:45,127100.0,100,Buy,227554328
2024-07-31 09:42:46,127100.0,200,Buy,227554361
2024-07-31 09:42:54,127000.0,100,Sell,227554631
2024-07-31 09:42:54,127000.0,1800,Sell,227554633
2024-07-31 09:42:54,127000.0,100,Sell,227554632
2024-07-31 09:42:54,127000.0,100,Sell,227554630
2024-07-31 09:42:54,127000.0,100,Sell,227554627
2024-07-31 09:42:54,127000.0,500,Sell,227554628
2024-07-31 09:42:54,127000.0,100,Sell,227554629
2024-07-31 09:42:54,127000.0,100,Sell,227554626
2024-07-31 09:42:54,127000.0,400,Sell,227554625
2024-07-31 09:42:56,127000.0,200,Sell,227554755
2024-07-31 09:42:56,127000.0,200,Sell,227554754
2024-07-31 09:42:56,127000.0,200,Sell,227554753
2024-07-31 09:42:56,127000.0,600,Sell,227554749
2024-07-31 09:42:56,127000.0,100,Sell,227554751
2024-07-31 09:42:56,127000.0,600,Sell,227554750
2024-07-31 09:42:56,127000.0,100,Sell,227554752
2024-07-31 09:43:03,127100.0,200,Buy,227555017
2024-07-31 09:43:17,127100.0,500,Buy,227555375
2024-07-31 09:43:17,127100.0,500,Buy,227555376
2024-07-31 09:43:18,127100.0,100,Buy,227555391
2024-07-31 09:43:31,127000.0,2000,Sell,227555755
2024-07-31 09:43:33,127000.0,4200,Sell,227555799
2024-07-31 09:43:37,127000.0,3300,Sell,227556056
2024-07-31 09:43:40,127000.0,100,Sell,227556150
2024-07-31 09:43:40,127000.0,100,Sell,227556152
2024-07-31 09:43:40,127000.0,200,Sell,227556153
2024-07-31 09:43:40,127000.0,100,Sell,227556154
2024-07-31 09:43:40,127000.0,100,Sell,227556159
2024-07-31 09:43:40,127000.0,1000,Sell,227556156
2024-07-31 09:43:40,127000.0,200,Sell,227556157
2024-07-31 09:43:40,127000.0,100,Sell,227556158
2024-07-31 09:43:40,127000.0,500,Sell,227556155
2024-07-31 09:43:40,127000.0,200,Sell,227556148
2024-07-31 09:43:40,127000.0,5000,Sell,227556149
2024-07-31 09:43:40,127000.0,5000,Sell,227556146
2024-07-31 09:43:40,127000.0,100,Sell,227556145
2024-07-31 09:43:40,127000.0,300,Sell,227556144
2024-07-31 09:43:40,127000.0,500,Sell,227556143
2024-07-31 09:43:40,127000.0,300,Sell,227556142
2024-07-31 09:43:40,127000.0,100,Sell,227556141
2024-07-31 09:43:40,127000.0,100,Sell,227556140
2024-07-31 09:43:40,127000.0,300,Sell,227556139
2024-07-31 09:43:40,127000.0,100,Sell,227556138
2024-07-31 09:43:40,127000.0,100,Sell,227556137
2024-07-31 09:43:40,127000.0,300,Sell,227556136
2024-07-31 09:43:40,127000.0,200,Sell,227556147
2024-07-31 09:43:47,127000.0,800,Buy,227556354
2024-07-31 09:43:48,127000.0,200,Buy,227556380
2024-07-31 09:43:55,127000.0,200,Buy,227556516
2024-07-31 09:44:00,127000.0,500,Buy,227556658
2024-07-31 09:44:09,127000.0,4500,Buy,227556934
2024-07-31 09:44:16,127000.0,100,Buy,227557128
2024-07-31 09:44:20,127000.0,100,Buy,227557273
2024-07-31 09:44:51,127000.0,200,Buy,227558233
2024-07-31 09:44:52,126900.0,100,Sell,227558293
2024-07-31 09:44:52,126900.0,100,Sell,227558294
2024-07-31 09:44:52,126900.0,500,Sell,227558295
2024-07-31 09:44:52,126900.0,1500,Sell,227558296
2024-07-31 09:44:54,127000.0,200,Buy,227558318
2024-07-31 09:45:08,127000.0,100,Buy,227558625
2024-07-31 09:45:14,127000.0,100,Buy,227558769
2024-07-31 09:45:20,126900.0,1400,Sell,227558935
2024-07-31 09:45:23,126900.0,2100,Sell,227558983
2024-07-31 09:45:23,126900.0,100,Sell,227558984
2024-07-31 09:45:23,126900.0,100,Sell,227558985
2024-07-31 09:45:23,126900.0,100,Sell,227558986
2024-07-31 09:45:23,126900.0,1000,Sell,227558987
2024-07-31 09:45:23,126900.0,100,Sell,227558988
2024-07-31 09:45:23,126900.0,200,Sell,227558989
2024-07-31 09:45:23,126900.0,300,Sell,227558990
2024-07-31 09:45:23,127000.0,200,Buy,227559005
2024-07-31 09:45:29,126900.0,400,Sell,227559120
2024-07-31 09:45:29,126900.0,100,Sell,227559119
2024-07-31 09:45:29,126900.0,700,Sell,227559117
2024-07-31 09:45:29,126900.0,400,Sell,227559118
2024-07-31 09:45:38,126900.0,100,Sell,227559315
2024-07-31 09:45:38,126900.0,100,Sell,227559316
2024-07-31 09:45:38,126900.0,1000,Sell,227559317
2024-07-31 09:45:38,126900.0,100,Sell,227559318
2024-07-31 09:45:38,126900.0,100,Sell,227559319
2024-07-31 09:45:38,126900.0,1000,Sell,227559320
2024-07-31 09:45:38,126900.0,600,Sell,227559321
2024-07-31 09:45:39,127000.0,100,Buy,227559375
2024-07-31 09:45:46,126900.0,100,Sell,227559552
2024-07-31 09:45:47,126900.0,1300,Sell,227559565
2024-07-31 09:45:50,126900.0,700,Buy,227559667
2024-07-31 09:45:56,127000.0,200,Buy,227559811
2024-07-31 09:46:22,126900.0,100,Sell,227560400
2024-07-31 09:46:26,127000.0,500,Buy,227560467
2024-07-31 09:46:26,127000.0,500,Buy,227560468
2024-07-31 09:46:28,127000.0,100,Buy,227560496
2024-07-31 09:46:33,127000.0,100,Buy,227560585
2024-07-31 09:46:43,127000.0,100,Buy,227560757
2024-07-31 09:46:55,127000.0,900,Buy,227561026
2024-07-31 09:46:59,127000.0,200,Buy,227561098
2024-07-31 09:47:19,126900.0,300,Sell,227561615
2024-07-31 09:47:19,126900.0,1700,Sell,227561616
2024-07-31 09:47:27,127000.0,500,Buy,227561839
2024-07-31 09:47:31,127000.0,100,Buy,227561881
2024-07-31 09:47:50,127000.0,200,Buy,227562285
2024-07-31 09:47:53,127000.0,800,Buy,227562342
2024-07-31 09:47:53,127000.0,200,Buy,227562341
2024-07-31 09:47:56,127000.0,100,Buy,227562443
2024-07-31 09:48:01,127000.0,100,Buy,227562542
2024-07-31 09:48:01,127000.0,100,Buy,227562544
2024-07-31 09:48:17,127000.0,400,Buy,227562850
2024-07-31 09:48:32,127000.0,100,Buy,227563140
2024-07-31 09:48:34,127000.0,2000,Buy,227563171
2024-07-31 09:48:34,127000.0,2100,Buy,227563172
2024-07-31 09:48:34,127000.0,900,Buy,227563173
2024-07-31 09:48:46,127000.0,200,Buy,227563342
2024-07-31 09:49:03,127000.0,300,Buy,227563666
2024-07-31 09:49:03,127000.0,200,Buy,227563652
2024-07-31 09:49:06,127000.0,200,Buy,227563706
2024-07-31 09:49:07,127000.0,100,Buy,227563747
2024-07-31 09:49:12,127000.0,600,Buy,227563822
2024-07-31 09:49:26,127000.0,400,Buy,227564132
2024-07-31 09:49:26,127000.0,100,Buy,227564138
2024-07-31 09:49:26,127000.0,100,Buy,227564137
2024-07-31 09:49:26,127000.0,700,Buy,227564131
2024-07-31 09:49:26,127000.0,2100,Buy,227564135
2024-07-31 09:49:26,127000.0,1000,Buy,227564136
2024-07-31 09:49:26,127000.0,600,Buy,227564134
2024-07-31 09:49:30,127000.0,900,Buy,227564239
2024-07-31 09:49:30,127000.0,2100,Buy,227564240
2024-07-31 09:49:30,127000.0,1600,Buy,227564241
2024-07-31 09:49:30,127000.0,100,Buy,227564242
2024-07-31 09:49:30,127000.0,200,Buy,227564243
2024-07-31 09:49:30,127000.0,100,Buy,227564244
2024-07-31 09:49:32,127000.0,100,Buy,227564285
2024-07-31 09:49:33,127000.0,100,Buy,227564294
2024-07-31 09:49:33,127000.0,100,Buy,227564292
2024-07-31 09:49:33,127000.0,200,Buy,227564293
2024-07-31 09:49:35,127000.0,200,Buy,227564355
2024-07-31 09:49:37,127000.0,200,Buy,227564392
2024-07-31 09:49:38,127000.0,200,Buy,227564413
2024-07-31 09:49:38,127000.0,200,Buy,227564414
2024-07-31 09:49:44,127000.0,100,Buy,227564515
2024-07-31 09:49:56,127000.0,700,Buy,227564777
2024-07-31 09:49:56,127000.0,2000,Buy,227564778
2024-07-31 09:49:56,127000.0,2100,Buy,227564779
2024-07-31 09:49:56,127000.0,200,Buy,227564780
2024-07-31 09:50:08,127100.0,200,Buy,227565066
2024-07-31 09:50:11,127000.0,100,Sell,227565122
2024-07-31 09:50:23,127000.0,100,Sell,227565497
2024-07-31 09:50:26,127000.0,100,Sell,227565581
2024-07-31 09:50:36,127000.0,100,Sell,227565745
2024-07-31 09:50:41,127100.0,200,Buy,227565824
2024-07-31 09:50:42,127000.0,200,Sell,227565852
2024-07-31 09:50:49,127000.0,300,Sell,227565992
2024-07-31 09:50:53,127000.0,300,Sell,227566083
2024-07-31 09:50:58,127000.0,200,Sell,227566163
2024-07-31 09:51:14,127100.0,100,Buy,227566559
2024-07-31 09:51:29,127100.0,200,Buy,227566912
2024-07-31 09:51:44,127100.0,200,Buy,227567208
2024-07-31 09:51:48,127100.0,300,Buy,227567289
2024-07-31 09:51:48,127100.0,700,Buy,227567290
2024-07-31 09:51:56,127100.0,200,Buy,227567431
2024-07-31 09:52:16,127000.0,2200,Sell,227567814
2024-07-31 09:52:17,127100.0,100,Buy,227567840
2024-07-31 09:52:17,127100.0,100,Buy,227567841
2024-07-31 09:52:20,127100.0,200,Buy,227567906
2024-07-31 09:52:29,127000.0,3300,Sell,227568114
2024-07-31 09:52:49,127100.0,100,Buy,227568571
2024-07-31 09:52:50,127100.0,100,Buy,227568599
2024-07-31 09:52:50,127100.0,900,Buy,227568600
2024-07-31 09:52:54,127100.0,2000,Buy,227568676
2024-07-31 09:52:59,127100.0,200,Buy,227568838
2024-07-31 09:53:07,127100.0,600,Buy,227569048
2024-07-31 09:53:11,127100.0,800,Buy,227569122
2024-07-31 09:53:21,127100.0,100,Buy,227569339
2024-07-31 09:53:31,127100.0,500,Buy,227569510
2024-07-31 09:53:32,127100.0,1000,Buy,227569516
2024-07-31 09:53:37,127100.0,200,Buy,227569626
2024-07-31 09:53:37,127100.0,1000,Buy,227569627
2024-07-31 09:53:39,127100.0,1700,Buy,227569646
2024-07-31 09:53:39,127100.0,100,Buy,227569650
2024-07-31 09:53:44,127100.0,100,Buy,227569739
2024-07-31 09:53:51,127100.0,100,Buy,227569869
2024-07-31 09:53:54,127100.0,1000,Buy,227569916
2024-07-31 09:54:00,127100.0,100,Buy,227569995
2024-07-31 09:54:01,127100.0,500,Buy,227570006
2024-07-31 09:54:03,127100.0,100,Buy,227570035
2024-07-31 09:54:04,127100.0,1000,Buy,227570047
2024-07-31 09:54:13,127100.0,100,Buy,227570208
2024-07-31 09:54:15,127000.0,300,Sell,227570240
2024-07-31 09:54:15,127000.0,100,Sell,227570239
2024-07-31 09:54:23,127100.0,100,Buy,227570468
2024-07-31 09:54:51,127100.0,200,Buy,227571003
2024-07-31 09:54:53,127100.0,100,Buy,227571097
2024-07-31 09:55:06,127100.0,4800,Buy,227571420
2024-07-31 09:55:06,127100.0,200,Buy,227571421
2024-07-31 09:55:07,127100.0,200,Buy,227571461
2024-07-31 09:55:24,127100.0,200,Buy,227571865
2024-07-31 09:55:40,127100.0,200,Buy,227572136
2024-07-31 09:55:41,127100.0,100,Buy,227572171
2024-07-31 09:55:47,127100.0,100,Buy,227572292
2024-07-31 09:55:48,127000.0,200,Sell,227572349
2024-07-31 09:55:49,127000.0,200,Sell,227572352
2024-07-31 09:55:49,127000.0,300,Sell,227572351
2024-07-31 09:55:54,127000.0,100,Sell,227572457
2024-07-31 09:55:54,127000.0,100,Sell,227572458
2024-07-31 09:55:54,127000.0,100,Sell,227572456
2024-07-31 09:55:58,127100.0,100,Buy,227572554
2024-07-31 09:56:03,127000.0,300,Sell,227572720
2024-07-31 09:56:10,127100.0,2000,Buy,227572853
2024-07-31 09:56:11,127100.0,100,Buy,227572884
2024-07-31 09:56:12,127000.0,400,Sell,227572913
2024-07-31 09:56:12,127000.0,100,Sell,227572914
2024-07-31 09:56:12,127000.0,100,Sell,227572915
2024-07-31 09:56:12,127000.0,400,Sell,227572916
2024-07-31 09:56:20,127000.0,300,Sell,227573094
2024-07-31 09:56:20,127000.0,300,Sell,227573093
2024-07-31 09:56:29,127100.0,200,Buy,227573300
2024-07-31 09:56:34,127000.0,900,Sell,227573456
2024-07-31 09:56:34,127000.0,3500,Sell,227573457
2024-07-31 09:56:55,127000.0,4400,Sell,227574044
2024-07-31 09:57:01,127100.0,100,Buy,227574277
2024-07-31 09:57:13,127000.0,2100,Sell,227574598
2024-07-31 09:57:13,127000.0,100,Sell,227574599
2024-07-31 09:57:13,127000.0,500,Sell,227574600
2024-07-31 09:57:13,127000.0,100,Sell,227574601
2024-07-31 09:57:13,127000.0,1300,Sell,227574602
2024-07-31 09:57:14,127100.0,100,Buy,227574626
2024-07-31 09:57:15,127100.0,100,Buy,227574637
2024-07-31 09:57:18,127100.0,900,Buy,227574686
2024-07-31 09:57:25,127000.0,100,Sell,227574831
2024-07-31 09:57:32,127100.0,2000,Buy,227574971
2024-07-31 09:57:32,127100.0,100,Buy,227574968
2024-07-31 09:57:38,127100.0,1200,Buy,227575091
2024-07-31 09:57:45,127100.0,3000,Buy,227575226
2024-07-31 09:58:01,127100.0,600,Buy,227575495
2024-07-31 09:58:01,127100.0,2100,Buy,227575496
2024-07-31 09:58:01,127100.0,1000,Buy,227575497
2024-07-31 09:58:01,127100.0,100,Buy,227575498
2024-07-31 09:58:01,127100.0,100,Buy,227575499
2024-07-31 09:58:01,127100.0,100,Buy,227575500
2024-07-31 09:58:01,127100.0,2100,Buy,227575501
2024-07-31 09:58:01,127100.0,1300,Buy,227575502
2024-07-31 09:58:01,127100.0,2600,Buy,227575494
2024-07-31 09:58:03,127100.0,200,Buy,227575540
2024-07-31 09:58:14,127100.0,2000,Buy,227575750
2024-07-31 09:58:14,127100.0,100,Buy,227575749
2024-07-31 09:58:14,127100.0,200,Buy,227575747
2024-07-31 09:58:14,127100.0,500,Buy,227575745
2024-07-31 09:58:14,127100.0,100,Buy,227575748
2024-07-31 09:58:14,127100.0,2100,Buy,227575746
2024-07-31 09:58:17,127100.0,100,Buy,227575794
2024-07-31 09:58:22,127100.0,100,Buy,227575869
2024-07-31 09:58:22,127100.0,500,Buy,227575870
2024-07-31 09:58:35,127100.0,100,Buy,227576300
2024-07-31 09:58:43,127100.0,100,Buy,227576494
2024-07-31 09:58:49,127100.0,300,Buy,227576587
2024-07-31 09:58:51,127100.0,100,Buy,227576689
2024-07-31 09:58:56,127100.0,500,Buy,227576770
2024-07-31 09:59:06,127100.0,100,Buy,227576976
2024-07-31 09:59:06,127100.0,100,Buy,227576975
2024-07-31 09:59:07,127100.0,500,Buy,227577028
2024-07-31 09:59:20,127100.0,300,Buy,227577402
2024-07-31 09:59:20,127100.0,200,Buy,227577403
2024-07-31 09:59:27,127100.0,800,Buy,227577564
2024-07-31 09:59:36,127100.0,200,Buy,227577834
2024-07-31 09:59:45,127000.0,8100,Sell,227578002
2024-07-31 09:59:47,127000.0,500,Sell,227578034
2024-07-31 10:00:08,127100.0,200,Buy,227578538
2024-07-31 10:00:20,127000.0,3200,Sell,227578789
2024-07-31 10:00:21,127000.0,1000,Sell,227578805
2024-07-31 10:00:34,127100.0,500,Buy,227579182
2024-07-31 10:00:34,127100.0,1700,Buy,227579181
2024-07-31 10:00:40,127100.0,200,Buy,227579422
2024-07-31 10:00:44,127100.0,5600,Buy,227579632
2024-07-31 10:00:44,127100.0,2100,Buy,227579633
2024-07-31 10:00:44,127100.0,4000,Buy,227579634
2024-07-31 10:00:44,127100.0,1500,Buy,227579635
2024-07-31 10:00:44,127100.0,1100,Buy,227579636
2024-07-31 10:00:44,127100.0,1400,Buy,227579637
2024-07-31 10:00:44,127100.0,700,Buy,227579639
2024-07-31 10:00:44,127100.0,500,Buy,227579640
2024-07-31 10:00:44,127100.0,3100,Buy,227579641
2024-07-31 10:00:47,127000.0,2800,Sell,227579725
2024-07-31 10:00:48,127100.0,100,Buy,227579779
2024-07-31 10:00:48,127100.0,900,Buy,227579778
2024-07-31 10:00:49,127100.0,2000,Buy,227579808
2024-07-31 10:01:08,127100.0,2000,Buy,227580206
2024-07-31 10:01:13,127100.0,200,Buy,227580268
2024-07-31 10:01:16,127100.0,2000,Buy,227580362
2024-07-31 10:01:26,127100.0,1000,Buy,227580549
2024-07-31 10:01:26,127100.0,500,Buy,227580554
2024-07-31 10:01:29,127000.0,1500,Sell,227580588
2024-07-31 10:01:30,127000.0,800,Sell,227580629
2024-07-31 10:01:44,127000.0,700,Sell,227580969
2024-07-31 10:01:46,127100.0,100,Buy,227581004
2024-07-31 10:02:07,127000.0,200,Sell,227581372
2024-07-31 10:02:16,127100.0,100,Buy,227581515
2024-07-31 10:02:34,127100.0,300,Buy,227581815
2024-07-31 10:02:34,127100.0,100,Buy,227581813
2024-07-31 10:02:34,127100.0,500,Buy,227581814
2024-07-31 10:02:35,127100.0,1800,Buy,227581823
2024-07-31 10:02:35,127100.0,200,Buy,227581824
2024-07-31 10:02:39,127000.0,1000,Sell,227581929
2024-07-31 10:02:48,127100.0,100,Buy,227582086
2024-07-31 10:02:48,127100.0,100,Buy,227582087
2024-07-31 10:02:49,127100.0,100,Buy,227582125
2024-07-31 10:03:08,127100.0,1000,Buy,227582532
2024-07-31 10:03:20,127100.0,200,Buy,227582839
2024-07-31 10:03:20,127100.0,100,Buy,227582840
2024-07-31 10:03:30,127100.0,300,Buy,227583162
2024-07-31 10:03:47,127100.0,200,Buy,227583523
2024-07-31 10:03:47,127100.0,300,Buy,227583522
2024-07-31 10:03:50,127100.0,100,Buy,227583571
2024-07-31 10:03:52,127100.0,200,Buy,227583602
2024-07-31 10:03:56,127100.0,100,Buy,227583673
2024-07-31 10:04:01,127100.0,100,Buy,227583768
2024-07-31 10:04:09,127100.0,800,Buy,227584015
2024-07-31 10:04:09,127100.0,100,Buy,227584016
2024-07-31 10:04:09,127100.0,100,Buy,227584017
2024-07-31 10:04:17,127100.0,200,Buy,227584226
2024-07-31 10:04:24,127100.0,700,Buy,227584390
2024-07-31 10:04:25,127100.0,200,Buy,227584411
2024-07-31 10:04:34,127100.0,900,Buy,227584570
2024-07-31 10:04:58,127200.0,100,Buy,227585091
2024-07-31 10:05:06,127100.0,100,Sell,227585291
2024-07-31 10:05:10,127200.0,100,Buy,227585392
2024-07-31 10:05:24,127100.0,100,Sell,227585695
2024-07-31 10:05:24,127100.0,100,Sell,227585696
2024-07-31 10:05:24,127100.0,200,Sell,227585697
2024-07-31 10:05:24,127100.0,2300,Sell,227585698
2024-07-31 10:05:24,127100.0,100,Sell,227585694
2024-07-31 10:05:28,127200.0,200,Buy,227585882
2024-07-31 10:05:34,127200.0,400,Buy,227586084
2024-07-31 10:05:40,127100.0,4700,Sell,227586308
2024-07-31 10:05:53,127100.0,4200,Sell,227586736
2024-07-31 10:06:00,127200.0,100,Buy,227586927
2024-07-31 10:06:08,127100.0,4400,Sell,227587173
2024-07-31 10:06:27,127100.0,1200,Sell,227587856
2024-07-31 10:06:31,127200.0,100,Buy,227588003
2024-07-31 10:07:02,127200.0,200,Buy,227588721
2024-07-31 10:07:03,127100.0,4900,Sell,227588741
2024-07-31 10:07:06,127200.0,200,Buy,227588790
2024-07-31 10:07:08,127200.0,100,Buy,227588829
2024-07-31 10:07:16,127100.0,200,Sell,227589000
2024-07-31 10:07:24,127200.0,500,Buy,227589192
2024-07-31 10:07:34,127200.0,200,Buy,227589394
2024-07-31 10:07:42,127200.0,100,Buy,227589510
2024-07-31 10:07:43,127100.0,300,Sell,227589535
2024-07-31 10:07:49,127100.0,6300,Sell,227589710
2024-07-31 10:07:50,127100.0,1200,Sell,227589841
2024-07-31 10:07:50,127100.0,500,Sell,227589842
2024-07-31 10:07:50,127100.0,100,Sell,227589843
2024-07-31 10:07:50,127100.0,100,Sell,227589844
2024-07-31 10:07:50,127100.0,3100,Sell,227589845
2024-07-31 10:08:01,127100.0,1800,Sell,227590053
2024-07-31 10:08:01,127100.0,300,Sell,227590054
2024-07-31 10:08:01,127100.0,800,Sell,227590055
2024-07-31 10:08:01,127100.0,100,Sell,227590056
2024-07-31 10:08:05,127100.0,100,Sell,227590129
2024-07-31 10:08:05,127100.0,200,Sell,227590130
2024-07-31 10:08:05,127100.0,100,Sell,227590127
2024-07-31 10:08:05,127100.0,100,Sell,227590128
2024-07-31 10:08:07,127200.0,100,Buy,227590171
2024-07-31 10:08:37,127200.0,200,Buy,227590820
2024-07-31 10:08:50,127200.0,1600,Buy,227591070
2024-07-31 10:08:50,127200.0,8400,Buy,227591071
2024-07-31 10:08:50,127200.0,900,Buy,227591072
2024-07-31 10:08:52,127200.0,100,Buy,227591090
2024-07-31 10:08:52,127100.0,500,Sell,227591133
2024-07-31 10:09:10,127200.0,100,Buy,227591516
2024-07-31 10:09:32,127100.0,100,Sell,227591974
2024-07-31 10:09:35,127100.0,1000,Sell,227592063
2024-07-31 10:09:35,127100.0,100,Sell,227592065
2024-07-31 10:09:35,127100.0,100,Sell,227592064
2024-07-31 10:09:35,127100.0,100,Sell,227592062
2024-07-31 10:09:35,127100.0,500,Sell,227592058
2024-07-31 10:09:35,127100.0,200,Sell,227592060
2024-07-31 10:09:35,127100.0,500,Sell,227592061
2024-07-31 10:09:35,127100.0,200,Sell,227592056
2024-07-31 10:09:35,127100.0,300,Sell,227592057
2024-07-31 10:09:35,127100.0,300,Sell,227592059
2024-07-31 10:09:42,127200.0,200,Buy,227592277
2024-07-31 10:09:42,127100.0,5000,Sell,227592283
2024-07-31 10:09:43,127100.0,200,Sell,227592353
2024-07-31 10:09:43,127100.0,1000,Sell,227592351
2024-07-31 10:09:43,127000.0,1900,Sell,227592354
2024-07-31 10:09:43,127100.0,500,Sell,227592349
2024-07-31 10:09:43,127100.0,400,Sell,227592348
2024-07-31 10:09:43,127100.0,100,Sell,227592347
2024-07-31 10:09:43,127100.0,100,Sell,227592350
2024-07-31 10:09:43,127100.0,500,Sell,227592352
2024-07-31 10:09:46,127100.0,500,Buy,227592493
2024-07-31 10:09:50,127100.0,100,Buy,227592565
2024-07-31 10:09:50,127100.0,4000,Sell,227592569
2024-07-31 10:09:52,127200.0,200,Buy,227592598
2024-07-31 10:09:54,127100.0,200,Sell,227592637
2024-07-31 10:10:03,127100.0,2000,Sell,227592774
2024-07-31 10:10:13,127100.0,100,Sell,227592985
2024-07-31 10:10:13,127100.0,1900,Sell,227592984
2024-07-31 10:10:14,127200.0,100,Buy,227593006
2024-07-31 10:10:16,127100.0,200,Sell,227593038
2024-07-31 10:10:16,127100.0,100,Sell,227593037
2024-07-31 10:10:22,127100.0,1000,Buy,227593125
2024-07-31 10:10:36,127100.0,500,Buy,227593389
2024-07-31 10:10:37,127100.0,100,Buy,227593402
2024-07-31 10:10:45,127100.0,100,Buy,227593653
2024-07-31 10:10:45,127100.0,2100,Buy,227593654
2024-07-31 10:10:45,127100.0,2000,Buy,227593655
2024-07-31 10:10:45,127100.0,100,Buy,227593665
2024-07-31 10:11:07,127100.0,100,Buy,227594110
2024-07-31 10:11:17,127100.0,100,Buy,227594299
2024-07-31 10:11:33,127100.0,1000,Buy,227594705
2024-07-31 10:11:41,127100.0,100,Buy,227594880
2024-07-31 10:11:42,127100.0,1900,Buy,227594892
2024-07-31 10:11:42,127100.0,3000,Buy,227594891
2024-07-31 10:11:42,127100.0,2100,Buy,227594890
2024-07-31 10:11:42,127100.0,2100,Buy,227594889
2024-07-31 10:11:42,127100.0,1800,Buy,227594887
2024-07-31 10:11:42,127100.0,800,Buy,227594886
2024-07-31 10:11:42,127100.0,300,Buy,227594888
2024-07-31 10:11:48,127100.0,100,Buy,227594997
2024-07-31 10:11:52,127100.0,200,Buy,227595054
2024-07-31 10:11:58,127100.0,800,Buy,227595164
2024-07-31 10:12:18,127100.0,500,Buy,227595722
2024-07-31 10:12:19,127100.0,200,Buy,227595746
2024-07-31 10:12:24,127100.0,2600,Buy,227595855
2024-07-31 10:12:24,127100.0,800,Buy,227595856
2024-07-31 10:12:27,127100.0,600,Buy,227595923
2024-07-31 10:12:29,127100.0,100,Buy,227595964
2024-07-31 10:12:30,127100.0,200,Buy,227595978
2024-07-31 10:12:30,127100.0,300,Buy,227595966
2024-07-31 10:12:33,127100.0,1000,Buy,227596030
2024-07-31 10:12:33,127100.0,1000,Buy,227596029
2024-07-31 10:12:34,127100.0,300,Buy,227596059
2024-07-31 10:12:51,127100.0,100,Buy,227596372
2024-07-31 10:12:52,127100.0,200,Buy,227596382
2024-07-31 10:13:01,127100.0,100,Buy,227596521
2024-07-31 10:13:02,127100.0,1300,Buy,227596536
2024-07-31 10:13:02,127100.0,300,Buy,227596537
2024-07-31 10:13:22,127100.0,100,Buy,227596972
2024-07-31 10:13:22,127100.0,100,Buy,227596973
2024-07-31 10:13:28,127100.0,200,Buy,227597075
2024-07-31 10:13:44,127100.0,300,Buy,227597404
2024-07-31 10:13:47,127100.0,200,Buy,227597455
2024-07-31 10:13:54,127100.0,100,Buy,227597570
2024-07-31 10:13:54,127100.0,100,Buy,227597610
2024-07-31 10:14:01,127100.0,500,Buy,227597745
2024-07-31 10:14:03,127100.0,300,Buy,227597780
2024-07-31 10:14:09,127100.0,900,Buy,227597881
2024-07-31 10:14:09,127100.0,200,Buy,227597882
2024-07-31 10:14:09,127100.0,1000,Buy,227597883
2024-07-31 10:14:09,127100.0,1900,Buy,227597884
2024-07-31 10:14:22,127100.0,1000,Buy,227598162
2024-07-31 10:14:25,127100.0,100,Buy,227598217
2024-07-31 10:14:25,127100.0,100,Buy,227598218
2024-07-31 10:14:32,127100.0,3000,Buy,227598380
2024-07-31 10:14:32,127100.0,2000,Buy,227598379
2024-07-31 10:14:41,127100.0,700,Buy,227598617
2024-07-31 10:14:41,127100.0,1300,Buy,227598615
2024-07-31 10:14:41,127100.0,2100,Buy,227598616
2024-07-31 10:14:52,127100.0,2600,Sell,227598835
2024-07-31 10:14:53,127100.0,200,Buy,227598848
2024-07-31 10:14:54,127100.0,900,Buy,227598874
2024-07-31 10:14:58,127100.0,200,Buy,227598929
2024-07-31 10:15:00,127100.0,500,Buy,227598961
2024-07-31 10:15:02,127100.0,600,Buy,227598994
2024-07-31 10:15:04,127100.0,1000,Sell,227599033
2024-07-31 10:15:29,127100.0,100,Sell,227599648
2024-07-31 10:15:31,127200.0,200,Buy,227599670
2024-07-31 10:15:38,127100.0,100,Sell,227599823
2024-07-31 10:15:41,127100.0,1800,Sell,227599959
2024-07-31 10:15:41,127100.0,2200,Sell,227599957
2024-07-31 10:15:41,127100.0,1000,Sell,227599958
2024-07-31 10:15:45,127100.0,400,Sell,227600057
2024-07-31 10:15:45,127100.0,900,Sell,227600058
2024-07-31 10:15:45,127100.0,100,Sell,227600059
2024-07-31 10:15:45,127100.0,600,Sell,227600060
2024-07-31 10:15:45,127200.0,2000,Buy,227600052
2024-07-31 10:15:51,127100.0,500,Sell,227600145
2024-07-31 10:16:01,127200.0,5000,Buy,227600301
2024-07-31 10:16:03,127200.0,200,Buy,227600331
2024-07-31 10:16:04,127200.0,100,Buy,227600336
2024-07-31 10:16:29,127100.0,200,Sell,227601035
2024-07-31 10:16:30,127200.0,100,Buy,227601065
2024-07-31 10:16:35,127200.0,100,Buy,227601192
2024-07-31 10:16:36,127200.0,100,Buy,227601219
2024-07-31 10:17:08,127200.0,100,Buy,227601825
2024-07-31 10:17:38,127200.0,100,Buy,227602614
2024-07-31 10:17:57,127200.0,200,Buy,227602909
2024-07-31 10:18:10,127200.0,100,Buy,227603163
2024-07-31 10:18:14,127200.0,800,Buy,227603248
2024-07-31 10:18:41,127200.0,200,Buy,227603835
2024-07-31 10:18:47,127100.0,500,Sell,227603928
2024-07-31 10:18:58,127100.0,500,Sell,227604123
2024-07-31 10:19:11,127100.0,1000,Sell,227604370
2024-07-31 10:19:14,127200.0,200,Buy,227604445
2024-07-31 10:19:15,127100.0,1100,Sell,227604525
2024-07-31 10:19:15,127100.0,100,Sell,227604522
2024-07-31 10:19:15,127100.0,200,Sell,227604524
2024-07-31 10:19:15,127100.0,1100,Sell,227604520
2024-07-31 10:19:15,127100.0,600,Sell,227604519
2024-07-31 10:19:15,127100.0,100,Sell,227604521
2024-07-31 10:19:15,127100.0,100,Sell,227604523
2024-07-31 10:19:45,127100.0,1000,Sell,227605064
2024-07-31 10:19:45,127100.0,200,Sell,227605065
2024-07-31 10:19:45,127100.0,2000,Sell,227605066
2024-07-31 10:19:45,127100.0,1700,Sell,227605067
2024-07-31 10:19:45,127100.0,100,Sell,227605068
2024-07-31 10:19:46,127200.0,100,Buy,227605099
2024-07-31 10:19:50,127100.0,1200,Sell,227605155
2024-07-31 10:19:50,127100.0,1300,Sell,227605152
2024-07-31 10:19:50,127100.0,400,Sell,227605153
2024-07-31 10:19:50,127100.0,100,Sell,227605154
2024-07-31 10:19:52,127100.0,800,Sell,227605186
2024-07-31 10:19:58,127100.0,4000,Buy,227605307
2024-07-31 10:20:01,127100.0,100,Buy,227605367
2024-07-31 10:20:03,127100.0,100,Buy,227605390
2024-07-31 10:20:14,127100.0,1000,Buy,227605603
2024-07-31 10:20:17,127100.0,100,Buy,227605653
2024-07-31 10:20:47,127200.0,100,Buy,227606255
2024-07-31 10:20:52,127100.0,500,Sell,227606364
2024-07-31 10:20:58,127100.0,2000,Sell,227606476
2024-07-31 10:21:10,127100.0,3000,Sell,227606659
2024-07-31 10:21:10,127100.0,100,Sell,227606660
2024-07-31 10:21:10,127100.0,2000,Sell,227606661
2024-07-31 10:21:10,127100.0,1200,Sell,227606662
2024-07-31 10:21:17,127200.0,200,Buy,227606845
2024-07-31 10:21:18,127100.0,300,Sell,227606854
2024-07-31 10:21:19,127100.0,100,Sell,227606877
2024-07-31 10:21:20,127100.0,1000,Sell,227606903
2024-07-31 10:21:20,127100.0,300,Sell,227606904
2024-07-31 10:21:20,127100.0,1300,Buy,227606931
2024-07-31 10:21:20,127100.0,3400,Sell,227606902
2024-07-31 10:21:21,127100.0,500,Sell,227606938
2024-07-31 10:21:22,127200.0,100,Buy,227606975
2024-07-31 10:21:50,127200.0,200,Buy,227607474
2024-07-31 10:21:51,127200.0,3000,Buy,227607483
2024-07-31 10:22:02,127200.0,100,Buy,227607647
2024-07-31 10:22:07,127200.0,1900,Buy,227607725
2024-07-31 10:22:22,127200.0,100,Buy,227607968
2024-07-31 10:22:23,127200.0,200,Buy,227608000
2024-07-31 10:22:35,127200.0,1000,Buy,227608228
2024-07-31 10:22:35,127200.0,400,Buy,227608222
2024-07-31 10:22:46,127200.0,200,Buy,227608442
2024-07-31 10:22:53,127200.0,100,Buy,227608573
2024-07-31 10:23:00,127200.0,100,Buy,227608720
2024-07-31 10:23:17,127100.0,1200,Sell,227608986
2024-07-31 10:23:24,127200.0,200,Buy,227609120
2024-07-31 10:23:56,127200.0,200,Buy,227609865
2024-07-31 10:24:07,127100.0,100,Sell,227610051
2024-07-31 10:24:13,127100.0,500,Sell,227610230
2024-07-31 10:24:28,127200.0,100,Buy,227610461
2024-07-31 10:24:34,127100.0,100,Sell,227610604
2024-07-31 10:25:00,127200.0,100,Buy,227611380
2024-07-31 10:25:03,127200.0,3400,Buy,227611541
2024-07-31 10:25:04,127200.0,3800,Buy,227611566
2024-07-31 10:25:16,127200.0,3000,Buy,227611810
2024-07-31 10:25:24,127200.0,200,Buy,227611913
2024-07-31 10:25:30,127200.0,200,Buy,227611992
2024-07-31 10:25:35,127200.0,4000,Buy,227612067
2024-07-31 10:25:41,127200.0,4300,Buy,227612165
2024-07-31 10:25:45,127200.0,200,Buy,227612257
2024-07-31 10:25:51,127200.0,100,Buy,227612377
2024-07-31 10:25:51,127200.0,2000,Buy,227612382
2024-07-31 10:26:01,127200.0,200,Buy,227612522
2024-07-31 10:26:01,127200.0,100,Buy,227612519
2024-07-31 10:26:01,127200.0,100,Buy,227612521
2024-07-31 10:26:01,127200.0,300,Buy,227612520
2024-07-31 10:26:01,127200.0,200,Buy,227612518
2024-07-31 10:26:01,127200.0,600,Buy,227612513
2024-07-31 10:26:01,127200.0,500,Buy,227612516
2024-07-31 10:26:01,127200.0,800,Buy,227612517
2024-07-31 10:26:01,127200.0,100,Buy,227612512
2024-07-31 10:26:01,127200.0,500,Buy,227612515
2024-07-31 10:26:01,127200.0,400,Buy,227612514
2024-07-31 10:26:02,127200.0,100,Buy,227612534
2024-07-31 10:26:03,127200.0,100,Buy,227612552
2024-07-31 10:26:03,127200.0,100,Buy,227612551
2024-07-31 10:26:03,127200.0,100,Buy,227612550
2024-07-31 10:26:03,127200.0,200,Buy,227612549
2024-07-31 10:26:03,127200.0,100,Buy,227612547
2024-07-31 10:26:03,127200.0,300,Buy,227612548
2024-07-31 10:26:03,127200.0,100,Buy,227612545
2024-07-31 10:26:03,127200.0,500,Buy,227612544
2024-07-31 10:26:03,127200.0,400,Buy,227612543
2024-07-31 10:26:03,127200.0,500,Buy,227612542
2024-07-31 10:26:03,127200.0,600,Buy,227612541
2024-07-31 10:26:03,127200.0,100,Buy,227612540
2024-07-31 10:26:03,127200.0,700,Buy,227612546
2024-07-31 10:26:08,127200.0,300,Buy,227612651
2024-07-31 10:26:08,127200.0,200,Buy,227612655
2024-07-31 10:26:08,127200.0,100,Buy,227612653
2024-07-31 10:26:08,127200.0,200,Buy,227612652
2024-07-31 10:26:08,127200.0,800,Buy,227612650
2024-07-31 10:26:08,127200.0,100,Buy,227612654
2024-07-31 10:26:08,127200.0,500,Buy,227612648
2024-07-31 10:26:08,127200.0,600,Buy,227612647
2024-07-31 10:26:08,127200.0,200,Buy,227612646
2024-07-31 10:26:08,127200.0,100,Buy,227612645
2024-07-31 10:26:08,127200.0,100,Buy,227612644
2024-07-31 10:26:08,127200.0,500,Buy,227612649
2024-07-31 10:26:16,127200.0,1000,Buy,227612815
2024-07-31 10:26:20,127200.0,1000,Buy,227612867
2024-07-31 10:26:27,127200.0,500,Buy,227612987
2024-07-31 10:26:31,127200.0,300,Buy,227613018
2024-07-31 10:26:31,127200.0,200,Buy,227613019
2024-07-31 10:26:32,127200.0,200,Buy,227613056
2024-07-31 10:26:39,127200.0,3000,Buy,227613120
2024-07-31 10:26:46,127200.0,100,Buy,227613241
2024-07-31 10:26:49,127200.0,200,Buy,227613315
2024-07-31 10:26:49,127200.0,2800,Buy,227613314
2024-07-31 10:26:52,127200.0,800,Buy,227613345
2024-07-31 10:26:52,127200.0,800,Buy,227613346
2024-07-31 10:27:02,127200.0,200,Buy,227613499
2024-07-31 10:27:02,127200.0,300,Buy,227613500
2024-07-31 10:27:05,127200.0,100,Buy,227613573
2024-07-31 10:27:06,127200.0,100,Buy,227613581
2024-07-31 10:27:07,127200.0,1000,Buy,227613610
2024-07-31 10:27:12,127200.0,1100,Buy,227613701
2024-07-31 10:27:12,127200.0,2000,Buy,227613702
2024-07-31 10:27:12,127200.0,100,Buy,227613703
2024-07-31 10:27:12,127200.0,100,Buy,227613704
2024-07-31 10:27:12,127200.0,300,Buy,227613705
2024-07-31 10:27:12,127200.0,1400,Buy,227613706
2024-07-31 10:27:16,127200.0,1100,Buy,227613781
2024-07-31 10:27:16,127200.0,600,Buy,227613779
2024-07-31 10:27:16,127200.0,6800,Buy,227613778
2024-07-31 10:27:16,127200.0,100,Buy,227613780
2024-07-31 10:27:17,127200.0,2100,Buy,227613802
2024-07-31 10:27:17,127200.0,1000,Buy,227613803
2024-07-31 10:27:17,127200.0,1900,Buy,227613801
2024-07-31 10:27:22,127200.0,2000,Buy,227613874
2024-07-31 10:27:26,127200.0,2000,Buy,227613916
2024-07-31 10:27:35,127300.0,100,Buy,227614082
2024-07-31 10:27:37,127300.0,100,Buy,227614105
2024-07-31 10:27:37,127300.0,800,Buy,227614106
2024-07-31 10:27:41,127300.0,2000,Buy,227614173
2024-07-31 10:28:05,127300.0,100,Buy,227614590
2024-07-31 10:28:35,127300.0,200,Buy,227615028
2024-07-31 10:29:02,127300.0,200,Buy,227615536
2024-07-31 10:29:02,127300.0,800,Buy,227615535
2024-07-31 10:29:02,127300.0,3000,Buy,227615533
2024-07-31 10:29:02,127300.0,100,Buy,227615534
2024-07-31 10:29:02,127300.0,3200,Buy,227615532
2024-07-31 10:29:08,127400.0,100,Buy,227615617
2024-07-31 10:29:21,127400.0,500,Buy,227615811
2024-07-31 10:29:38,127400.0,200,Buy,227616076
2024-07-31 10:29:40,127400.0,200,Buy,227616102
2024-07-31 10:29:48,127400.0,400,Buy,227616284
2024-07-31 10:29:49,127400.0,100,Buy,227616318
2024-07-31 10:29:55,127400.0,500,Buy,227616433
2024-07-31 10:30:04,127400.0,2000,Buy,227616699
2024-07-31 10:30:10,127400.0,200,Buy,227616833
2024-07-31 10:30:12,127400.0,200,Buy,227616862
2024-07-31 10:30:18,127400.0,100,Buy,227616953
2024-07-31 10:30:42,127400.0,200,Buy,227617660
2024-07-31 10:30:45,127400.0,800,Buy,227617700
2024-07-31 10:31:03,127400.0,1400,Buy,227617937
2024-07-31 10:31:03,127400.0,2000,Buy,227617938
2024-07-31 10:31:03,127400.0,100,Buy,227617939
2024-07-31 10:31:08,127400.0,200,Sell,227618032
2024-07-31 10:31:14,127500.0,100,Buy,227618184
2024-07-31 10:31:19,127500.0,900,Buy,227618275
2024-07-31 10:31:19,127500.0,100,Buy,227618276
2024-07-31 10:31:23,127500.0,100,Buy,227618372
2024-07-31 10:31:23,127500.0,100,Buy,227618369
2024-07-31 10:31:23,127500.0,1700,Buy,227618370
2024-07-31 10:31:23,127500.0,100,Buy,227618371
2024-07-31 10:31:24,127500.0,200,Buy,227618393
2024-07-31 10:31:24,127500.0,1800,Buy,227618394
2024-07-31 10:31:29,127500.0,100,Buy,227618440
2024-07-31 10:31:29,127500.0,100,Buy,227618441
2024-07-31 10:31:29,127500.0,400,Buy,227618442
2024-07-31 10:31:34,127500.0,600,Buy,227618571
2024-07-31 10:31:46,127500.0,200,Buy,227618709
2024-07-31 10:31:53,127500.0,100,Buy,227618869
2024-07-31 10:31:53,127500.0,100,Buy,227618870
2024-07-31 10:31:53,127500.0,2000,Buy,227618867
2024-07-31 10:31:53,127500.0,400,Buy,227618866
2024-07-31 10:31:53,127500.0,200,Buy,227618868
2024-07-31 10:32:06,127600.0,1400,Buy,227619059
2024-07-31 10:32:06,127600.0,100,Buy,227619057
2024-07-31 10:32:06,127600.0,500,Buy,227619058
2024-07-31 10:32:18,127600.0,100,Buy,227619297
2024-07-31 10:32:24,127500.0,100,Sell,227619392
2024-07-31 10:32:24,127500.0,200,Sell,227619391
2024-07-31 10:32:24,127500.0,200,Sell,227619393
2024-07-31 10:32:32,127600.0,100,Buy,227619520
2024-07-31 10:32:48,127600.0,100,Buy,227619771
2024-07-31 10:32:49,127600.0,300,Buy,227619784
2024-07-31 10:32:49,127600.0,100,Buy,227619785
2024-07-31 10:32:49,127600.0,100,Buy,227619786
2024-07-31 10:33:12,127600.0,400,Buy,227620106
2024-07-31 10:33:13,127600.0,600,Sell,227620112
2024-07-31 10:33:20,127700.0,200,Buy,227620184
2024-07-31 10:33:36,127600.0,300,Buy,227620492
2024-07-31 10:33:41,127600.0,200,Buy,227620574
2024-07-31 10:33:52,127600.0,100,Buy,227620765
2024-07-31 10:33:52,127600.0,100,Buy,227620764
2024-07-31 10:33:53,127600.0,400,Buy,227620791
2024-07-31 10:33:54,127600.0,500,Sell,227620813
2024-07-31 10:34:24,127700.0,100,Buy,227621325
2024-07-31 10:34:44,127500.0,300,Sell,227621647
2024-07-31 10:34:46,127700.0,100,Buy,227621742
2024-07-31 10:34:48,127700.0,100,Buy,227621775
2024-07-31 10:34:55,127700.0,100,Buy,227621856
2024-07-31 10:34:55,127700.0,100,Buy,227621857
2024-07-31 10:35:02,127600.0,300,Sell,227622057
2024-07-31 10:35:19,127500.0,400,Sell,227622503
2024-07-31 10:35:19,127500.0,100,Sell,227622502
2024-07-31 10:35:19,127500.0,1400,Sell,227622500
2024-07-31 10:35:19,127500.0,100,Sell,227622501
2024-07-31 10:35:20,127500.0,100,Sell,227622511
2024-07-31 10:35:20,127500.0,100,Sell,227622512
2024-07-31 10:35:20,127500.0,100,Sell,227622513
2024-07-31 10:35:20,127500.0,100,Sell,227622514
2024-07-31 10:35:20,127500.0,200,Sell,227622515
2024-07-31 10:35:20,127500.0,100,Sell,227622510
2024-07-31 10:35:26,127600.0,100,Buy,227622625
2024-07-31 10:35:29,127600.0,500,Buy,227622681
2024-07-31 10:35:30,127600.0,300,Buy,227622718
2024-07-31 10:35:58,127600.0,200,Buy,227623223
2024-07-31 10:36:02,127600.0,500,Buy,227623316
2024-07-31 10:36:15,127600.0,1000,Buy,227623588
2024-07-31 10:36:19,127600.0,2000,Buy,227623676
2024-07-31 10:36:19,127600.0,100,Buy,227623677
2024-07-31 10:36:19,127600.0,2600,Buy,227623675
2024-07-31 10:36:20,127500.0,100,Sell,227623722
2024-07-31 10:36:20,127500.0,400,Sell,227623723
2024-07-31 10:36:25,127500.0,100,Sell,227623836
2024-07-31 10:36:30,127600.0,200,Buy,227623944
2024-07-31 10:36:53,127600.0,500,Sell,227624367
2024-07-31 10:37:00,127600.0,100,Buy,227624470
2024-07-31 10:37:01,127600.0,700,Sell,227624476
2024-07-31 10:37:02,127700.0,100,Buy,227624521
2024-07-31 10:37:34,127600.0,100,Buy,227624956
2024-07-31 10:38:01,127600.0,100,Buy,227625370
2024-07-31 10:38:04,127600.0,100,Buy,227625430
2024-07-31 10:38:04,127600.0,100,Buy,227625433
2024-07-31 10:38:35,127600.0,100,Buy,227626733
2024-07-31 10:38:42,127600.0,100,Buy,227626844
2024-07-31 10:38:43,127500.0,200,Sell,227626849
2024-07-31 10:38:58,127500.0,800,Sell,227627242
2024-07-31 10:38:58,127500.0,100,Sell,227627243
2024-07-31 10:38:58,127500.0,100,Sell,227627244
2024-07-31 10:39:05,127600.0,100,Buy,227627608
2024-07-31 10:39:05,127600.0,300,Buy,227627609
2024-07-31 10:39:05,127600.0,300,Buy,227627606
2024-07-31 10:39:05,127600.0,200,Buy,227627605
2024-07-31 10:39:05,127600.0,500,Buy,227627607
2024-07-31 10:39:06,127700.0,100,Buy,227627618
2024-07-31 10:39:37,127700.0,100,Buy,227628302
2024-07-31 10:39:54,127600.0,500,Buy,227628644
2024-07-31 10:40:08,127700.0,200,Buy,227628943
2024-07-31 10:40:09,127600.0,900,Sell,227628976
2024-07-31 10:40:24,127600.0,100,Sell,227629278
2024-07-31 10:40:41,127600.0,200,Buy,227629482
2024-07-31 10:41:00,127600.0,100,Buy,227629775
2024-07-31 10:41:03,127600.0,100,Buy,227629829
2024-07-31 10:41:13,127600.0,100,Buy,227629975
2024-07-31 10:41:21,127600.0,800,Buy,227630137
2024-07-31 10:41:24,127500.0,100,Sell,227630193
2024-07-31 10:41:24,127500.0,100,Sell,227630192
2024-07-31 10:41:45,127700.0,100,Buy,227630556
2024-07-31 10:42:00,127700.0,100,Buy,227630906
2024-07-31 10:42:15,127600.0,200,Buy,227631297
2024-07-31 10:42:31,127500.0,200,Sell,227631676
2024-07-31 10:42:31,127500.0,500,Sell,227631677
2024-07-31 10:42:31,127500.0,100,Sell,227631678
2024-07-31 10:42:31,127500.0,200,Sell,227631679
2024-07-31 10:42:35,127600.0,100,Buy,227631741
2024-07-31 10:42:40,127500.0,300,Sell,227631820
2024-07-31 10:42:40,127500.0,200,Sell,227631821
2024-07-31 10:42:40,127500.0,200,Sell,227631822
2024-07-31 10:42:40,127500.0,500,Sell,227631823
2024-07-31 10:42:47,127500.0,100,Buy,227631949
2024-07-31 10:42:54,127500.0,500,Buy,227632056
2024-07-31 10:42:59,127500.0,8200,Buy,227632143
2024-07-31 10:43:01,127500.0,500,Sell,227632185
2024-07-31 10:43:01,127400.0,300,Sell,227632186
2024-07-31 10:43:01,127400.0,1300,Sell,227632187
2024-07-31 10:43:01,127400.0,200,Sell,227632188
2024-07-31 10:43:18,127500.0,100,Buy,227632486
2024-07-31 10:43:30,127500.0,1000,Buy,227632703
2024-07-31 10:43:34,127500.0,1000,Buy,227632864
2024-07-31 10:43:40,127500.0,500,Buy,227632985
2024-07-31 10:43:48,127500.0,100,Buy,227633188
2024-07-31 10:44:03,127500.0,100,Buy,227633521
2024-07-31 10:44:03,127500.0,500,Buy,227633520
2024-07-31 10:44:09,127400.0,300,Sell,227633637
2024-07-31 10:44:16,127400.0,300,Sell,227633799
2024-07-31 10:44:18,127600.0,100,Buy,227633827
2024-07-31 10:44:49,127600.0,200,Buy,227634403
2024-07-31 10:44:53,127600.0,700,Buy,227634493
2024-07-31 10:44:56,127600.0,200,Buy,227634620
2024-07-31 10:45:17,127600.0,200,Buy,227635129
2024-07-31 10:45:21,127600.0,100,Buy,227635190
2024-07-31 10:45:52,127600.0,200,Buy,227635804
2024-07-31 10:45:56,127600.0,100,Buy,227635883
2024-07-31 10:46:02,127600.0,100,Buy,227635953
2024-07-31 10:46:02,127600.0,700,Buy,227635954
2024-07-31 10:46:02,127600.0,800,Buy,227635955
2024-07-31 10:46:08,127600.0,500,Buy,227636137
2024-07-31 10:46:18,127600.0,200,Buy,227636322
2024-07-31 10:46:18,127600.0,100,Buy,227636323
2024-07-31 10:46:18,127600.0,200,Buy,227636324
2024-07-31 10:46:22,127500.0,100,Sell,227636405
2024-07-31 10:46:23,127600.0,200,Buy,227636438
2024-07-31 10:46:24,127600.0,900,Buy,227636446
2024-07-31 10:46:55,127600.0,3700,Buy,227637074
2024-07-31 10:46:55,127600.0,100,Buy,227637080
2024-07-31 10:46:59,127600.0,100,Buy,227637241
2024-07-31 10:47:09,127600.0,3000,Buy,227637466
2024-07-31 10:47:12,127600.0,100,Buy,227637517
2024-07-31 10:47:26,127600.0,200,Buy,227637787
2024-07-31 10:47:59,127600.0,100,Buy,227638644
2024-07-31 10:48:30,127600.0,100,Buy,227639406
2024-07-31 10:49:00,127600.0,200,Buy,227640440
2024-07-31 10:49:32,127600.0,400,Buy,227641183
2024-07-31 10:49:32,127600.0,300,Buy,227641181
2024-07-31 10:49:32,127600.0,100,Buy,227641182
2024-07-31 10:49:33,127600.0,100,Buy,227641199
2024-07-31 10:50:04,127600.0,100,Buy,227641810
2024-07-31 10:50:06,127600.0,1500,Buy,227641841
2024-07-31 10:50:31,127600.0,500,Buy,227642352
2024-07-31 10:50:31,127600.0,500,Buy,227642353
2024-07-31 10:50:34,127600.0,100,Buy,227642474
2024-07-31 10:51:05,127600.0,200,Buy,227643379
2024-07-31 10:51:06,127600.0,100,Buy,227643403
2024-07-31 10:51:18,127500.0,500,Sell,227643865
2024-07-31 10:51:20,127500.0,100,Sell,227643943
2024-07-31 10:51:20,127500.0,200,Sell,227643944
2024-07-31 10:51:20,127500.0,500,Sell,227643941
2024-07-31 10:51:20,127500.0,200,Sell,227643942
2024-07-31 10:51:31,127600.0,600,Buy,227644414
2024-07-31 10:51:37,127600.0,200,Buy,227644571
2024-07-31 10:51:43,127600.0,1000,Buy,227644753
2024-07-31 10:51:48,127500.0,1500,Sell,227644889
2024-07-31 10:51:59,127500.0,300,Sell,227645103
2024-07-31 10:51:59,127500.0,1000,Sell,227645104
2024-07-31 10:51:59,127500.0,1000,Sell,227645105
2024-07-31 10:51:59,127500.0,100,Sell,227645106
2024-07-31 10:51:59,127500.0,100,Sell,227645107
2024-07-31 10:51:59,127500.0,1000,Sell,227645108
2024-07-31 10:52:08,127500.0,100,Buy,227645361
2024-07-31 10:52:23,127500.0,100,Buy,227645655
2024-07-31 10:52:25,127400.0,800,Sell,227645701
2024-07-31 10:52:25,127400.0,200,Sell,227645699
2024-07-31 10:52:25,127400.0,1000,Sell,227645700
2024-07-31 10:52:28,127500.0,200,Buy,227645798
2024-07-31 10:52:40,127500.0,200,Buy,227646047
2024-07-31 10:52:40,127500.0,900,Buy,227646054
2024-07-31 10:53:04,127400.0,1000,Sell,227646700
2024-07-31 10:53:12,127500.0,100,Buy,227646961
2024-07-31 10:53:18,127400.0,1000,Sell,227647133
2024-07-31 10:53:18,127400.0,500,Sell,227647134
2024-07-31 10:53:18,127400.0,100,Sell,227647135
2024-07-31 10:53:18,127400.0,4000,Sell,227647136
2024-07-31 10:53:18,127400.0,400,Sell,227647137
2024-07-31 10:53:25,127300.0,300,Sell,227647346
2024-07-31 10:53:25,127300.0,100,Sell,227647345
2024-07-31 10:53:25,127300.0,400,Sell,227647344
2024-07-31 10:53:25,127300.0,1000,Sell,227647343
2024-07-31 10:53:25,127300.0,1000,Sell,227647342
2024-07-31 10:53:25,127300.0,1000,Sell,227647341
2024-07-31 10:53:25,127300.0,200,Sell,227647337
2024-07-31 10:53:25,127300.0,1000,Sell,227647339
2024-07-31 10:53:25,127300.0,500,Sell,227647338
2024-07-31 10:53:25,127300.0,200,Sell,227647347
2024-07-31 10:53:25,127400.0,100,Sell,227647335
2024-07-31 10:53:25,127400.0,100,Sell,227647334
2024-07-31 10:53:25,127400.0,400,Sell,227647333
2024-07-31 10:53:25,127300.0,1000,Sell,227647340
2024-07-31 10:53:25,127300.0,2700,Sell,227647336
2024-07-31 10:53:30,127300.0,800,Sell,227647537
2024-07-31 10:53:42,127200.0,500,Sell,227647863
2024-07-31 10:53:44,127300.0,200,Buy,227647885
2024-07-31 10:53:46,127200.0,500,Sell,227647950
2024-07-31 10:53:48,127200.0,500,Sell,227648055
2024-07-31 10:53:50,127300.0,1000,Buy,227648124
2024-07-31 10:53:50,127200.0,500,Sell,227648130
2024-07-31 10:53:51,127300.0,300,Buy,227648159
2024-07-31 10:54:00,127200.0,500,Sell,227648438
2024-07-31 10:54:00,127200.0,200,Sell,227648437
2024-07-31 10:54:00,127200.0,300,Sell,227648439
2024-07-31 10:54:00,127200.0,1000,Sell,227648435
2024-07-31 10:54:00,127200.0,2000,Sell,227648434
2024-07-31 10:54:00,127200.0,5000,Sell,227648433
2024-07-31 10:54:00,127200.0,1000,Sell,227648436
2024-07-31 10:54:15,127300.0,100,Buy,227648821
2024-07-31 10:54:25,127300.0,3800,Buy,227649165
2024-07-31 10:54:42,127300.0,100,Buy,227649588
2024-07-31 10:54:42,127300.0,1900,Buy,227649589
2024-07-31 10:54:45,127300.0,200,Buy,227649697
2024-07-31 10:54:45,127300.0,600,Buy,227649698
2024-07-31 10:54:45,127300.0,200,Buy,227649710
2024-07-31 10:55:04,127300.0,100,Buy,227650380
2024-07-31 10:55:17,127300.0,100,Buy,227650726
2024-07-31 10:55:28,127300.0,100,Buy,227650959
2024-07-31 10:55:47,127300.0,800,Buy,227651496
2024-07-31 10:55:48,127300.0,100,Buy,227651514
2024-07-31 10:55:49,127300.0,100,Buy,227651546
2024-07-31 10:56:08,127200.0,2000,Sell,227652076
2024-07-31 10:56:08,127200.0,1700,Sell,227652075
2024-07-31 10:56:08,127200.0,1000,Sell,227652077
2024-07-31 10:56:09,127200.0,3300,Sell,227652139
2024-07-31 10:56:10,127200.0,6300,Sell,227652183
2024-07-31 10:56:17,127200.0,3000,Sell,227652418
2024-07-31 10:56:18,127300.0,100,Buy,227652427
2024-07-31 10:56:22,127300.0,200,Buy,227652533
2024-07-31 10:56:22,127300.0,600,Buy,227652560
2024-07-31 10:56:22,127200.0,1600,Sell,227652561
2024-07-31 10:56:22,127200.0,100,Sell,227652562
2024-07-31 10:56:22,127200.0,3000,Sell,227652563
2024-07-31 10:56:24,127200.0,2000,Sell,227652679
2024-07-31 10:56:24,127200.0,3000,Sell,227652680
2024-07-31 10:56:27,127200.0,600,Sell,227652873
2024-07-31 10:56:27,127200.0,100,Sell,227652872
2024-07-31 10:56:27,127200.0,100,Sell,227652871
2024-07-31 10:56:27,127200.0,1700,Sell,227652870
2024-07-31 10:56:27,127200.0,100,Sell,227652748
2024-07-31 10:56:27,127200.0,100,Sell,227652747
2024-07-31 10:56:27,127200.0,1000,Sell,227652746
2024-07-31 10:56:27,127200.0,5100,Sell,227652749
2024-07-31 10:56:31,127200.0,300,Buy,227653018
2024-07-31 10:56:37,127200.0,100,Buy,227653189
2024-07-31 10:56:42,127200.0,400,Buy,227653317
2024-07-31 10:56:42,127200.0,100,Buy,227653318
2024-07-31 10:56:42,127200.0,500,Buy,227653319
2024-07-31 10:56:49,127200.0,200,Buy,227653467
2024-07-31 10:56:51,127200.0,100,Buy,227653544
2024-07-31 10:56:54,127200.0,500,Buy,227653602
2024-07-31 10:57:06,127200.0,200,Buy,227653941
2024-07-31 10:57:08,127200.0,1000,Buy,227653983
2024-07-31 10:57:08,127200.0,1000,Buy,227653979
2024-07-31 10:57:08,127200.0,500,Buy,227653982
2024-07-31 10:57:22,127300.0,200,Buy,227654256
2024-07-31 10:57:25,127200.0,1000,Sell,227654312
2024-07-31 10:57:54,127300.0,200,Buy,227654940
2024-07-31 10:58:11,127300.0,500,Buy,227655268
2024-07-31 10:58:27,127300.0,100,Buy,227655626
2024-07-31 10:58:30,127300.0,200,Buy,227655746
2024-07-31 10:58:30,127300.0,300,Buy,227655747
2024-07-31 10:58:39,127300.0,400,Buy,227655932
2024-07-31 10:58:39,127300.0,1600,Buy,227655933
2024-07-31 10:58:40,127300.0,200,Buy,227655938
2024-07-31 10:58:44,127300.0,100,Buy,227655997
2024-07-31 10:58:50,127300.0,2700,Buy,227656085
2024-07-31 10:58:55,127300.0,800,Buy,227656166
2024-07-31 10:58:58,127300.0,200,Buy,227656245
2024-07-31 10:59:25,127200.0,300,Sell,227656919
2024-07-31 10:59:30,127300.0,200,Buy,227657000
2024-07-31 10:59:36,127300.0,300,Buy,227657087
2024-07-31 11:00:01,127300.0,200,Buy,227657471
2024-07-31 11:00:01,127300.0,3800,Buy,227657472
2024-07-31 11:00:03,127300.0,200,Buy,227657502
2024-07-31 11:00:14,127300.0,100,Buy,227657647
2024-07-31 11:00:29,127300.0,900,Buy,227657897
2024-07-31 11:00:29,127300.0,2200,Buy,227657896
2024-07-31 11:00:34,127300.0,100,Buy,227658002
2024-07-31 11:00:34,127300.0,200,Buy,227658010
2024-07-31 11:00:38,127300.0,2000,Buy,227658070
2024-07-31 11:00:56,127300.0,100,Buy,227658428
2024-07-31 11:00:59,127300.0,300,Buy,227658480
2024-07-31 11:01:00,127300.0,100,Buy,227658501
2024-07-31 11:01:03,127300.0,1000,Buy,227658542
2024-07-31 11:01:06,127300.0,100,Buy,227658698
2024-07-31 11:01:11,127300.0,100,Buy,227658814
2024-07-31 11:01:13,127300.0,200,Buy,227658884
2024-07-31 11:01:14,127200.0,200,Sell,227658891
2024-07-31 11:01:23,127300.0,1200,Buy,227659031
2024-07-31 11:01:23,127300.0,1700,Buy,227659032
2024-07-31 11:01:36,127300.0,100,Buy,227659262
2024-07-31 11:01:41,127300.0,200,Buy,227659333
2024-07-31 11:01:41,127300.0,300,Buy,227659332
2024-07-31 11:01:45,127300.0,100,Buy,227659398
2024-07-31 11:02:03,127300.0,900,Buy,227659725
2024-07-31 11:02:08,127300.0,200,Buy,227659816
2024-07-31 11:02:17,127300.0,700,Buy,227659967
2024-07-31 11:02:17,127300.0,100,Buy,227659968
2024-07-31 11:02:17,127300.0,2100,Buy,227659969
2024-07-31 11:02:17,127300.0,200,Buy,227659970
2024-07-31 11:02:30,127300.0,400,Buy,227660190
2024-07-31 11:02:30,127300.0,2100,Buy,227660191
2024-07-31 11:02:39,127300.0,500,Buy,227660430
2024-07-31 11:02:40,127300.0,200,Buy,227660434
2024-07-31 11:02:59,127300.0,100,Buy,227660784
2024-07-31 11:02:59,127300.0,1000,Buy,227660768
2024-07-31 11:03:03,127300.0,100,Buy,227660833
2024-07-31 11:03:03,127300.0,400,Buy,227660832
2024-07-31 11:03:11,127300.0,2000,Buy,227660966
2024-07-31 11:03:11,127300.0,500,Buy,227660967
2024-07-31 11:03:11,127300.0,600,Buy,227660968
2024-07-31 11:03:12,127300.0,200,Buy,227660997
2024-07-31 11:03:15,127200.0,500,Sell,227661027
2024-07-31 11:03:17,127300.0,100,Buy,227661065
2024-07-31 11:03:44,127300.0,100,Buy,227661675
2024-07-31 11:04:05,127300.0,3000,Buy,227662153
2024-07-31 11:04:11,127300.0,500,Buy,227662298
2024-07-31 11:04:15,127300.0,100,Buy,227662367
2024-07-31 11:04:24,127300.0,100,Buy,227662586
2024-07-31 11:04:32,127200.0,100,Sell,227662715
2024-07-31 11:04:46,127300.0,100,Buy,227663222
2024-07-31 11:04:59,127300.0,1500,Buy,227663531
2024-07-31 11:04:59,127300.0,1500,Buy,227663532
2024-07-31 11:05:11,127300.0,600,Buy,227663793
2024-07-31 11:05:11,127300.0,200,Buy,227663794
2024-07-31 11:05:17,127300.0,200,Buy,227663879
2024-07-31 11:05:18,127300.0,100,Buy,227663889
2024-07-31 11:05:22,127300.0,1600,Buy,227663953
2024-07-31 11:05:22,127300.0,900,Buy,227663954
2024-07-31 11:05:25,127300.0,5000,Buy,227663991
2024-07-31 11:05:30,127300.0,100,Buy,227664086
2024-07-31 11:05:31,127300.0,300,Buy,227664099
2024-07-31 11:05:31,127300.0,700,Buy,227664100
2024-07-31 11:05:39,127300.0,100,Buy,227664244
2024-07-31 11:05:42,127300.0,2500,Buy,227664293
2024-07-31 11:05:45,127300.0,500,Buy,227664324
2024-07-31 11:05:49,127300.0,200,Buy,227664392
2024-07-31 11:05:49,127300.0,400,Buy,227664397
2024-07-31 11:05:49,127300.0,2000,Buy,227664396
2024-07-31 11:05:49,127300.0,100,Buy,227664376
2024-07-31 11:05:49,127300.0,1300,Buy,227664394
2024-07-31 11:05:49,127300.0,900,Buy,227664393
2024-07-31 11:05:49,127300.0,200,Buy,227664395
2024-07-31 11:05:53,127300.0,100,Buy,227664480
2024-07-31 11:05:54,127300.0,2800,Sell,227664513
2024-07-31 11:05:58,127300.0,200,Buy,227664637
2024-07-31 11:05:59,127300.0,1000,Buy,227664641
2024-07-31 11:06:19,127300.0,2300,Buy,227664950
2024-07-31 11:06:19,127300.0,700,Buy,227664951
2024-07-31 11:06:20,127300.0,100,Buy,227664960
2024-07-31 11:06:21,127300.0,100,Buy,227664977
2024-07-31 11:06:22,127300.0,100,Buy,227664982
2024-07-31 11:06:47,127400.0,500,Buy,227665357
2024-07-31 11:06:50,127500.0,200,Buy,227665399
2024-07-31 11:07:05,127400.0,300,Sell,227665755
2024-07-31 11:07:17,127400.0,500,Sell,227665984
2024-07-31 11:07:22,127500.0,100,Buy,227666092
2024-07-31 11:07:28,127400.0,300,Sell,227666200
2024-07-31 11:07:41,127500.0,900,Buy,227666368
2024-07-31 11:07:41,127500.0,2200,Buy,227666369
2024-07-31 11:07:42,127500.0,1400,Buy,227666387
2024-07-31 11:07:42,127400.0,500,Sell,227666381
2024-07-31 11:07:42,127400.0,500,Sell,227666380
2024-07-31 11:07:43,127500.0,300,Buy,227666398
2024-07-31 11:07:44,127400.0,500,Sell,227666423
2024-07-31 11:07:53,127500.0,100,Buy,227666513
2024-07-31 11:08:19,127500.0,900,Buy,227666860
2024-07-31 11:08:23,127500.0,100,Buy,227666917
2024-07-31 11:08:35,127500.0,1300,Buy,227667075
2024-07-31 11:08:35,127500.0,300,Buy,227667076
2024-07-31 11:08:35,127500.0,300,Buy,227667077
2024-07-31 11:08:51,127500.0,100,Buy,227667343
2024-07-31 11:08:52,127500.0,100,Buy,227667368
2024-07-31 11:08:53,127500.0,200,Buy,227667389
2024-07-31 11:08:57,127500.0,3900,Buy,227667443
2024-07-31 11:08:57,127500.0,900,Buy,227667442
2024-07-31 11:08:57,127500.0,200,Buy,227667441
2024-07-31 11:09:01,127500.0,200,Buy,227667509
2024-07-31 11:09:01,127500.0,900,Buy,227667510
2024-07-31 11:09:01,127500.0,200,Buy,227667514
2024-07-31 11:09:01,127500.0,500,Buy,227667515
2024-07-31 11:09:01,127500.0,2100,Buy,227667516
2024-07-31 11:09:01,127500.0,200,Buy,227667517
2024-07-31 11:09:01,127500.0,900,Buy,227667518
2024-07-31 11:09:25,127500.0,100,Buy,227667922
2024-07-31 11:09:25,127500.0,300,Buy,227667929
2024-07-31 11:09:29,127500.0,300,Buy,227668003
2024-07-31 11:09:29,127500.0,2700,Buy,227668001
2024-07-31 11:09:29,127500.0,100,Buy,227668002
2024-07-31 11:09:37,127500.0,200,Buy,227668082
2024-07-31 11:09:38,127500.0,300,Buy,227668090
2024-07-31 11:09:38,127500.0,100,Buy,227668091
2024-07-31 11:09:56,127600.0,100,Buy,227668308
2024-07-31 11:10:21,127500.0,100,Sell,227668654
2024-07-31 11:10:21,127500.0,200,Sell,227668655
2024-07-31 11:10:23,127600.0,400,Buy,227668678
2024-07-31 11:10:23,127600.0,500,Buy,227668679
2024-07-31 11:10:23,127600.0,100,Buy,227668680
2024-07-31 11:10:23,127600.0,500,Buy,227668681
2024-07-31 11:10:23,127600.0,1600,Buy,227668682
2024-07-31 11:10:26,127600.0,200,Buy,227668731
2024-07-31 11:10:58,127500.0,300,Sell,227669372
2024-07-31 11:10:59,127600.0,100,Buy,227669378
2024-07-31 11:11:00,127600.0,1100,Buy,227669393
2024-07-31 11:11:00,127600.0,100,Buy,227669394
2024-07-31 11:11:00,127600.0,100,Buy,227669397
2024-07-31 11:11:00,127600.0,700,Buy,227669398
2024-07-31 11:11:08,127500.0,200,Sell,227669541
2024-07-31 11:11:17,127600.0,1400,Buy,227669680
2024-07-31 11:11:17,127600.0,800,Buy,227669681
2024-07-31 11:11:17,127600.0,500,Buy,227669682
2024-07-31 11:11:17,127600.0,400,Buy,227669683
2024-07-31 11:11:27,127600.0,600,Buy,227669858
2024-07-31 11:11:30,127700.0,100,Buy,227669921
2024-07-31 11:11:30,127700.0,100,Buy,227669920
2024-07-31 11:11:31,127600.0,200,Sell,227669944
2024-07-31 11:11:48,127500.0,500,Sell,227670181
2024-07-31 11:11:52,127600.0,300,Buy,227670241
2024-07-31 11:11:52,127600.0,300,Buy,227670242
2024-07-31 11:12:02,127700.0,200,Buy,227670356
2024-07-31 11:12:11,127700.0,3000,Buy,227670506
2024-07-31 11:12:12,127700.0,700,Buy,227670507
2024-07-31 11:12:28,127700.0,5000,Buy,227670724
2024-07-31 11:12:34,127700.0,900,Buy,227670775
2024-07-31 11:12:34,127700.0,200,Buy,227670789
2024-07-31 11:12:55,127600.0,500,Sell,227671126
2024-07-31 11:13:02,127600.0,200,Sell,227671253
2024-07-31 11:13:02,127600.0,3900,Sell,227671250
2024-07-31 11:13:02,127600.0,2000,Sell,227671251
2024-07-31 11:13:02,127600.0,3000,Sell,227671252
2024-07-31 11:13:06,127600.0,200,Buy,227671306
2024-07-31 11:13:21,127600.0,100,Buy,227671560
2024-07-31 11:13:38,127600.0,100,Buy,227671760
2024-07-31 11:13:41,127600.0,400,Buy,227671795
2024-07-31 11:14:09,127600.0,100,Buy,227672154
2024-07-31 11:14:11,127600.0,100,Buy,227672191
2024-07-31 11:14:11,127600.0,400,Buy,227672192
2024-07-31 11:14:11,127600.0,1000,Buy,227672193
2024-07-31 11:14:11,127600.0,200,Buy,227672194
2024-07-31 11:14:11,127600.0,1500,Buy,227672195
2024-07-31 11:14:19,127600.0,100,Buy,227672305
2024-07-31 11:14:34,127600.0,400,Buy,227672455
2024-07-31 11:14:34,127600.0,500,Buy,227672454
2024-07-31 11:14:40,127600.0,100,Buy,227672588
2024-07-31 11:14:54,127500.0,100,Sell,227672731
2024-07-31 11:15:05,127600.0,500,Buy,227672904
2024-07-31 11:15:05,127600.0,1500,Buy,227672901
2024-07-31 11:15:05,127600.0,100,Buy,227672902
2024-07-31 11:15:05,127600.0,900,Buy,227672903
2024-07-31 11:15:11,127600.0,100,Buy,227673027
2024-07-31 11:15:15,127500.0,700,Sell,227673054
2024-07-31 11:15:15,127500.0,300,Sell,227673055
2024-07-31 11:15:23,127500.0,100,Sell,227673137
2024-07-31 11:15:23,127500.0,100,Sell,227673138
2024-07-31 11:15:42,127600.0,200,Buy,227673395
2024-07-31 11:15:59,127600.0,1300,Buy,227673657
2024-07-31 11:15:59,127600.0,1000,Buy,227673658
2024-07-31 11:15:59,127600.0,600,Buy,227673659
2024-07-31 11:16:11,127600.0,200,Buy,227673979
2024-07-31 11:16:14,127600.0,100,Buy,227674020
2024-07-31 11:16:44,127600.0,100,Buy,227674497
2024-07-31 11:16:44,127600.0,100,Buy,227674496
2024-07-31 11:16:53,127600.0,100,Buy,227674655
2024-07-31 11:16:53,127600.0,100,Buy,227674656
2024-07-31 11:16:53,127600.0,200,Buy,227674657
2024-07-31 11:16:53,127600.0,500,Buy,227674658
2024-07-31 11:17:17,127700.0,100,Buy,227675009
2024-07-31 11:17:37,127600.0,800,Sell,227675385
2024-07-31 11:17:46,127600.0,1400,Sell,227675580
2024-07-31 11:17:48,127700.0,100,Buy,227675606
2024-07-31 11:17:48,127700.0,100,Buy,227675605
2024-07-31 11:17:48,127700.0,100,Buy,227675602
2024-07-31 11:17:48,127700.0,100,Buy,227675601
2024-07-31 11:17:48,127700.0,200,Buy,227675600
2024-07-31 11:17:48,127700.0,2600,Buy,227675603
2024-07-31 11:18:01,127700.0,200,Buy,227675762
2024-07-31 11:18:09,127700.0,800,Buy,227675864
2024-07-31 11:18:09,127700.0,300,Buy,227675865
2024-07-31 11:18:20,127700.0,200,Buy,227675997
2024-07-31 11:18:27,127700.0,400,Buy,227676130
2024-07-31 11:18:27,127700.0,7900,Buy,227676131
2024-07-31 11:18:27,127700.0,200,Buy,227676132
2024-07-31 11:18:27,127700.0,500,Buy,227676133
2024-07-31 11:18:27,127700.0,1000,Buy,227676134
2024-07-31 11:18:31,127600.0,1400,Sell,227676181
2024-07-31 11:18:31,127600.0,800,Sell,227676179
2024-07-31 11:18:31,127600.0,200,Sell,227676180
2024-07-31 11:18:38,127700.0,200,Buy,227676272
2024-07-31 11:18:41,127700.0,1500,Buy,227676309
2024-07-31 11:18:52,127700.0,2000,Buy,227676515
2024-07-31 11:18:53,127700.0,100,Buy,227676551
2024-07-31 11:19:03,127700.0,300,Buy,227676728
2024-07-31 11:19:24,127700.0,200,Buy,227677009
2024-07-31 11:19:30,127700.0,200,Buy,227677155
2024-07-31 11:19:35,127700.0,2900,Buy,227677211
2024-07-31 11:19:36,127600.0,200,Sell,227677228
2024-07-31 11:19:36,127600.0,100,Sell,227677227
2024-07-31 11:19:36,127600.0,100,Sell,227677226
2024-07-31 11:19:44,127700.0,200,Buy,227677345
2024-07-31 11:19:44,127700.0,1600,Buy,227677343
2024-07-31 11:19:44,127700.0,200,Buy,227677344
2024-07-31 11:19:55,127700.0,100,Buy,227677523
2024-07-31 11:19:55,127700.0,100,Buy,227677524
2024-07-31 11:20:00,127700.0,800,Buy,227677593
2024-07-31 11:20:01,127700.0,100,Buy,227677594
2024-07-31 11:20:01,127700.0,200,Buy,227677595
2024-07-31 11:20:01,127700.0,5000,Buy,227677596
2024-07-31 11:20:01,127700.0,200,Buy,227677597
2024-07-31 11:20:07,127700.0,200,Sell,227677700
2024-07-31 11:20:21,127700.0,200,Sell,227677922
2024-07-31 11:20:26,127700.0,100,Sell,227678012
2024-07-31 11:20:27,127800.0,100,Buy,227678024
2024-07-31 11:20:27,127700.0,200,Sell,227678029
2024-07-31 11:20:29,127800.0,100,Buy,227678047
2024-07-31 11:20:29,127800.0,2000,Buy,227678048
2024-07-31 11:20:29,127800.0,400,Buy,227678049
2024-07-31 11:20:29,127800.0,300,Buy,227678050
2024-07-31 11:20:43,127800.0,200,Buy,227678234
2024-07-31 11:20:50,127800.0,900,Buy,227678323
2024-07-31 11:20:57,127800.0,200,Buy,227678393
2024-07-31 11:20:58,127700.0,100,Sell,227678405
2024-07-31 11:20:59,127800.0,300,Buy,227678420
2024-07-31 11:21:23,127800.0,500,Buy,227678675
2024-07-31 11:21:23,127800.0,3000,Buy,227678674
2024-07-31 11:21:25,127800.0,2000,Buy,227678719
2024-07-31 11:21:30,127800.0,1000,Buy,227678790
2024-07-31 11:21:30,127800.0,200,Buy,227678796
2024-07-31 11:21:30,127700.0,100,Sell,227678803
2024-07-31 11:21:30,127700.0,300,Sell,227678789
2024-07-31 11:21:32,127800.0,100,Buy,227678815
2024-07-31 11:21:35,127800.0,2000,Buy,227678866
2024-07-31 11:22:01,127800.0,1000,Buy,227679343
2024-07-31 11:22:02,127800.0,200,Buy,227679360
2024-07-31 11:22:09,127800.0,1000,Buy,227679430
2024-07-31 11:22:17,127800.0,2900,Buy,227679562
2024-07-31 11:22:26,127800.0,1000,Buy,227679775
2024-07-31 11:22:28,127800.0,1700,Buy,227679807
2024-07-31 11:22:28,127800.0,1000,Buy,227679806
2024-07-31 11:22:28,127800.0,400,Buy,227679804
2024-07-31 11:22:28,127800.0,3200,Buy,227679803
2024-07-31 11:22:28,127800.0,100,Buy,227679805
2024-07-31 11:22:32,127800.0,300,Buy,227679837
2024-07-31 11:22:32,127800.0,100,Buy,227679838
2024-07-31 11:22:34,127900.0,100,Buy,227679875
2024-07-31 11:22:34,127900.0,100,Buy,227679876
2024-07-31 11:22:34,127900.0,100,Buy,227679882
2024-07-31 11:22:40,127900.0,1000,Buy,227679958
2024-07-31 11:22:55,127900.0,200,Buy,227680173
2024-07-31 11:22:59,127900.0,100,Buy,227680243
2024-07-31 11:23:02,127900.0,1000,Buy,227680277
2024-07-31 11:23:07,127900.0,100,Buy,227680378
2024-07-31 11:23:07,127900.0,5000,Buy,227680381
2024-07-31 11:23:11,127900.0,2000,Buy,227680426
2024-07-31 11:23:12,127900.0,2000,Buy,227680430
2024-07-31 11:23:12,127900.0,400,Buy,227680429
2024-07-31 11:23:12,127900.0,300,Buy,227680431
2024-07-31 11:23:35,127900.0,100,Sell,227680748
2024-07-31 11:23:37,128000.0,200,Buy,227680766
2024-07-31 11:23:47,128000.0,200,Buy,227680888
2024-07-31 11:23:50,128000.0,400,Buy,227680982
2024-07-31 11:23:58,128000.0,200,Buy,227681065
2024-07-31 11:23:58,128000.0,600,Buy,227681066
2024-07-31 11:24:05,128000.0,200,Buy,227681147
2024-07-31 11:24:05,128000.0,1500,Buy,227681148
2024-07-31 11:24:05,128000.0,1000,Buy,227681149
2024-07-31 11:24:05,128000.0,500,Buy,227681150
2024-07-31 11:24:09,128000.0,100,Buy,227681209
2024-07-31 11:24:19,128000.0,200,Buy,227681374
2024-07-31 11:24:19,128000.0,300,Buy,227681375
2024-07-31 11:24:26,127900.0,200,Sell,227681475
2024-07-31 11:24:28,128000.0,6700,Buy,227681501
2024-07-31 11:24:28,128000.0,300,Buy,227681502
2024-07-31 11:24:31,127900.0,200,Sell,227681607
2024-07-31 11:24:35,127900.0,100,Sell,227681657
2024-07-31 11:24:37,127900.0,200,Sell,227681683
2024-07-31 11:24:41,128000.0,100,Buy,227681810
2024-07-31 11:24:42,127900.0,2000,Sell,227681826
2024-07-31 11:24:44,128000.0,100,Buy,227681841
2024-07-31 11:24:44,128000.0,100,Buy,227681842
2024-07-31 11:24:44,128000.0,100,Buy,227681843
2024-07-31 11:24:59,128000.0,400,Buy,227682040
2024-07-31 11:24:59,128000.0,400,Buy,227682041
2024-07-31 11:25:00,127900.0,200,Sell,227682044
2024-07-31 11:25:00,127900.0,800,Sell,227682045
2024-07-31 11:25:11,128000.0,100,Buy,227682185
2024-07-31 11:25:20,128000.0,400,Buy,227682271
2024-07-31 11:25:42,128000.0,100,Buy,227682635
2024-07-31 11:25:50,128000.0,500,Buy,227682739
2024-07-31 11:25:53,128000.0,300,Buy,227682856
2024-07-31 11:25:53,128000.0,300,Buy,227682857
2024-07-31 11:25:53,128000.0,1400,Buy,227682858
2024-07-31 11:25:53,128000.0,900,Buy,227682855
2024-07-31 11:25:55,128000.0,800,Buy,227682865
2024-07-31 11:25:59,127900.0,300,Sell,227682905
2024-07-31 11:26:00,128000.0,1000,Buy,227682911
2024-07-31 11:26:03,128000.0,400,Buy,227682954
2024-07-31 11:26:03,128000.0,1800,Buy,227682955
2024-07-31 11:26:03,128000.0,7800,Buy,227682956
2024-07-31 11:26:06,128000.0,100,Buy,227683017
2024-07-31 11:26:10,128000.0,300,Buy,227683107
2024-07-31 11:26:13,128000.0,200,Buy,227683158
2024-07-31 11:26:38,127900.0,500,Sell,227683447
2024-07-31 11:26:38,128000.0,100,Buy,227683443
2024-07-31 11:26:45,128000.0,100,Buy,227683540
2024-07-31 11:26:48,127900.0,100,Sell,227683562
2024-07-31 11:26:48,127900.0,600,Sell,227683563
2024-07-31 11:26:48,128000.0,2800,Buy,227683564
2024-07-31 11:26:50,127900.0,400,Sell,227683587
2024-07-31 11:26:50,127900.0,100,Sell,227683588
2024-07-31 11:26:51,127900.0,100,Sell,227683602
2024-07-31 11:26:54,127900.0,1800,Sell,227683636
2024-07-31 11:26:54,127900.0,200,Sell,227683637
2024-07-31 11:26:56,127900.0,1800,Sell,227683669
2024-07-31 11:26:56,127900.0,700,Sell,227683668
2024-07-31 11:26:56,127900.0,100,Sell,227683659
2024-07-31 11:26:56,128000.0,2000,Buy,227683662
2024-07-31 11:26:58,128000.0,500,Buy,227683687
2024-07-31 11:26:59,127900.0,1000,Sell,227683693
2024-07-31 11:27:05,127900.0,100,Sell,227683742
2024-07-31 11:27:08,127900.0,100,Sell,227683802
2024-07-31 11:27:08,127900.0,400,Sell,227683803
2024-07-31 11:27:14,127900.0,100,Sell,227683882
2024-07-31 11:27:15,128000.0,200,Buy,227683909
2024-07-31 11:27:39,128000.0,10000,Buy,227684225
2024-07-31 11:27:43,127900.0,100,Sell,227684262
2024-07-31 11:27:47,128000.0,100,Buy,227684308
2024-07-31 11:27:48,128000.0,200,Buy,227684316
2024-07-31 11:27:59,128000.0,200,Buy,227684417
2024-07-31 11:27:59,128000.0,400,Buy,227684418
2024-07-31 11:27:59,128000.0,200,Buy,227684415
2024-07-31 11:27:59,128000.0,200,Buy,227684416
2024-07-31 11:28:04,128000.0,100,Buy,227684464
2024-07-31 11:28:08,128000.0,100,Buy,227684518
2024-07-31 11:28:08,128000.0,100,Buy,227684536
2024-07-31 11:28:08,128000.0,500,Buy,227684535
2024-07-31 11:28:08,128000.0,400,Buy,227684534
2024-07-31 11:28:08,128000.0,100,Buy,227684532
2024-07-31 11:28:08,128000.0,200,Buy,227684531
2024-07-31 11:28:08,128000.0,100,Buy,227684530
2024-07-31 11:28:08,128000.0,100,Buy,227684529
2024-07-31 11:28:08,128000.0,100,Buy,227684528
2024-07-31 11:28:08,128000.0,100,Buy,227684527
2024-07-31 11:28:08,128000.0,100,Buy,227684526
2024-07-31 11:28:08,128000.0,100,Buy,227684519
2024-07-31 11:28:08,128000.0,600,Buy,227684517
2024-07-31 11:28:08,128000.0,100,Buy,227684513
2024-07-31 11:28:08,128000.0,100,Buy,227684515
2024-07-31 11:28:08,128000.0,300,Buy,227684516
2024-07-31 11:28:08,128000.0,100,Buy,227684504
2024-07-31 11:28:08,128000.0,400,Buy,227684505
2024-07-31 11:28:08,128000.0,50000,Buy,227684506
2024-07-31 11:28:08,128000.0,500,Buy,227684507
2024-07-31 11:28:08,128000.0,1400,Buy,227684503
2024-07-31 11:28:08,128000.0,500,Buy,227684509
2024-07-31 11:28:08,128000.0,100,Buy,227684510
2024-07-31 11:28:08,128000.0,500,Buy,227684511
2024-07-31 11:28:08,128000.0,200,Buy,227684512
2024-07-31 11:28:08,128000.0,500,Buy,227684514
2024-07-31 11:28:08,128000.0,200,Buy,227684508
2024-07-31 11:28:14,128000.0,100,Sell,227684589
2024-07-31 11:28:17,128100.0,100,Buy,227684636
2024-07-31 11:28:17,128100.0,400,Buy,227684634
2024-07-31 11:28:17,128100.0,1000,Buy,227684635
2024-07-31 11:28:20,128200.0,100,Buy,227684678
2024-07-31 11:28:27,128200.0,500,Buy,227684766
2024-07-31 11:28:27,128200.0,100,Buy,227684767
2024-07-31 11:28:27,128200.0,200,Buy,227684768
2024-07-31 11:28:27,128200.0,100,Buy,227684769
2024-07-31 11:28:34,128200.0,100,Buy,227684848
2024-07-31 11:28:35,128200.0,500,Buy,227684855
2024-07-31 11:28:35,128200.0,300,Buy,227684851
2024-07-31 11:28:35,128200.0,200,Buy,227684852
2024-07-31 11:28:35,128200.0,500,Buy,227684853
2024-07-31 11:28:41,128300.0,100,Buy,227684888
2024-07-31 11:28:41,128300.0,600,Buy,227684889
2024-07-31 11:28:41,128300.0,1000,Buy,227684890
2024-07-31 11:28:41,128300.0,200,Buy,227684891
2024-07-31 11:28:41,128300.0,1100,Buy,227684892
2024-07-31 11:28:46,128300.0,900,Buy,227684965
2024-07-31 11:28:53,128300.0,100,Sell,227685049
2024-07-31 11:28:55,128500.0,200,Buy,227685064
2024-07-31 11:28:55,128500.0,100,Buy,227685062
2024-07-31 11:28:55,128500.0,100,Buy,227685061
2024-07-31 11:28:55,128500.0,100,Buy,227685063
2024-07-31 11:29:01,128500.0,100,Buy,227685208
2024-07-31 11:29:01,128300.0,500,Sell,227685224
2024-07-31 11:29:01,128300.0,2000,Sell,227685223
2024-07-31 11:29:01,128500.0,200,Buy,227685211
2024-07-31 11:29:01,128500.0,2000,Buy,227685210
2024-07-31 11:29:01,128500.0,100,Buy,227685209
2024-07-31 11:29:01,128500.0,500,Buy,227685207
2024-07-31 11:29:01,128300.0,500,Sell,227685225
2024-07-31 11:29:01,128500.0,1000,Buy,227685205
2024-07-31 11:29:01,128500.0,700,Buy,227685199
2024-07-31 11:29:01,128500.0,100,Buy,227685200
2024-07-31 11:29:01,128500.0,300,Buy,227685201
2024-07-31 11:29:01,128500.0,100,Buy,227685206
2024-07-31 11:29:01,128500.0,600,Buy,227685203
2024-07-31 11:29:01,128500.0,100,Buy,227685204
2024-07-31 11:29:01,128500.0,200,Buy,227685202
2024-07-31 11:29:04,128500.0,100,Buy,227685273
2024-07-31 11:29:04,128600.0,100,Buy,227685275
2024-07-31 11:29:04,128600.0,100,Buy,227685276
2024-07-31 11:29:04,128600.0,100,Buy,227685277
2024-07-31 11:29:04,128600.0,500,Buy,227685278
2024-07-31 11:29:04,128600.0,100,Buy,227685279
2024-07-31 11:29:04,128600.0,200,Buy,227685280
2024-07-31 11:29:04,128500.0,100,Buy,227685274
2024-07-31 11:29:05,128200.0,1300,Sell,227685372
2024-07-31 11:29:05,128600.0,700,Sell,227685371
2024-07-31 11:29:33,128200.0,100,Sell,227685784
2024-07-31 12:59:37,128200.0,500,Sell,227686020
2024-07-31 12:59:37,128200.0,100,Sell,227686021
2024-07-31 12:59:37,128200.0,100,Sell,227686022
2024-07-31 12:59:37,128200.0,100,Sell,227686023
2024-07-31 12:59:37,128200.0,100,Buy,227686188
2024-07-31 12:59:37,128200.0,100,Buy,227686189
2024-07-31 12:59:37,128400.0,100,Buy,227686190
2024-07-31 12:59:37,128400.0,100,Buy,227686191
2024-07-31 12:59:37,128400.0,100,Buy,227686193
2024-07-31 12:59:37,128200.0,200,Sell,227685941
2024-07-31 12:59:39,128300.0,100,Sell,227687311
2024-07-31 12:59:39,128200.0,100,Sell,227687312
2024-07-31 12:59:39,128200.0,200,Sell,227687313
2024-07-31 12:59:39,128200.0,100,Sell,227687314
2024-07-31 12:59:39,128200.0,100,Sell,227687315
2024-07-31 12:59:41,128200.0,100,Sell,227687890
2024-07-31 12:59:41,128200.0,100,Sell,227687888
2024-07-31 12:59:41,128200.0,400,Sell,227687889
2024-07-31 12:59:42,128200.0,200,Sell,227688270
2024-07-31 12:59:42,128400.0,800,Buy,227688271
2024-07-31 12:59:43,128500.0,100,Buy,227688660
2024-07-31 12:59:43,128500.0,2000,Buy,227688661
2024-07-31 12:59:43,128500.0,100,Buy,227688662
2024-07-31 12:59:43,128500.0,500,Buy,227688663
2024-07-31 12:59:45,128500.0,100,Sell,227688919
2024-07-31 12:59:45,128500.0,100,Sell,227688923
2024-07-31 12:59:45,128500.0,200,Sell,227688924
2024-07-31 12:59:45,128500.0,100,Sell,227688925
2024-07-31 12:59:45,128500.0,100,Sell,227688926
2024-07-31 12:59:49,128500.0,100,Sell,227689979
2024-07-31 12:59:51,128500.0,800,Sell,227690221
2024-07-31 12:59:53,128600.0,100,Buy,227690391
2024-07-31 12:59:59,128500.0,300,Sell,227691160
2024-07-31 13:00:06,128600.0,400,Buy,227691706
2024-07-31 13:00:14,128600.0,4500,Buy,227691907
2024-07-31 13:00:14,128600.0,300,Buy,227691908
2024-07-31 13:00:14,128600.0,300,Buy,227691909
2024-07-31 13:00:14,128600.0,800,Sell,227691920
2024-07-31 13:00:37,128600.0,100,Buy,227692516
2024-07-31 13:00:38,128600.0,200,Buy,227692547
2024-07-31 13:00:39,128500.0,500,Sell,227692554
2024-07-31 13:00:39,128500.0,100,Sell,227692555
2024-07-31 13:00:39,128500.0,400,Sell,227692556
2024-07-31 13:00:46,128500.0,400,Sell,227692715
2024-07-31 13:00:46,128500.0,400,Sell,227692713
2024-07-31 13:00:46,128500.0,200,Sell,227692714
2024-07-31 13:00:52,128600.0,200,Buy,227692884
2024-07-31 13:00:58,128500.0,300,Sell,227693029
2024-07-31 13:00:58,128500.0,200,Sell,227693030
2024-07-31 13:01:00,128600.0,2000,Buy,227693045
2024-07-31 13:01:07,128600.0,200,Buy,227693202
2024-07-31 13:01:09,128600.0,200,Buy,227693240
2024-07-31 13:01:10,128500.0,100,Sell,227693260
2024-07-31 13:01:14,128600.0,100,Buy,227693349
2024-07-31 13:01:17,128500.0,700,Sell,227693435
2024-07-31 13:01:17,128500.0,1100,Sell,227693436
2024-07-31 13:01:18,128200.0,200,Sell,227693528
2024-07-31 13:01:18,128200.0,1000,Sell,227693529
2024-07-31 13:01:18,128200.0,100,Sell,227693530
2024-07-31 13:01:18,128200.0,300,Sell,227693531
2024-07-31 13:01:18,128200.0,100,Sell,227693532
2024-07-31 13:01:18,128100.0,1000,Sell,227693538
2024-07-31 13:01:18,128200.0,100,Sell,227693534
2024-07-31 13:01:18,128200.0,300,Sell,227693535
2024-07-31 13:01:18,128200.0,200,Sell,227693536
2024-07-31 13:01:18,128200.0,200,Sell,227693537
2024-07-31 13:01:18,128100.0,100,Sell,227693539
2024-07-31 13:01:18,128200.0,100,Sell,227693533
2024-07-31 13:01:18,128200.0,500,Sell,227693527
2024-07-31 13:01:18,128200.0,100,Sell,227693525
2024-07-31 13:01:18,128200.0,5300,Sell,227693524
2024-07-31 13:01:18,128500.0,1900,Sell,227693513
2024-07-31 13:01:18,128400.0,3200,Sell,227693514
2024-07-31 13:01:18,128400.0,300,Sell,227693515
2024-07-31 13:01:18,128400.0,1000,Sell,227693516
2024-07-31 13:01:18,128400.0,100,Sell,227693517
2024-07-31 13:01:18,128200.0,100,Sell,227693526
2024-07-31 13:01:18,128300.0,100,Sell,227693519
2024-07-31 13:01:18,128200.0,100,Sell,227693523
2024-07-31 13:01:18,128200.0,100,Sell,227693522
2024-07-31 13:01:18,128300.0,100,Sell,227693518
2024-07-31 13:01:18,128300.0,100,Sell,227693520
2024-07-31 13:01:18,128200.0,3300,Sell,227693521
2024-07-31 13:01:39,128600.0,100,Buy,227694118
2024-07-31 13:01:42,128100.0,900,Sell,227694235
2024-07-31 13:01:42,128100.0,700,Sell,227694242
2024-07-31 13:01:42,128100.0,100,Sell,227694241
2024-07-31 13:01:42,128100.0,100,Sell,227694240
2024-07-31 13:01:42,128100.0,2500,Sell,227694243
2024-07-31 13:01:42,128100.0,100,Sell,227694238
2024-07-31 13:01:42,128100.0,100,Sell,227694237
2024-07-31 13:01:42,128100.0,4500,Sell,227694236
2024-07-31 13:01:42,128100.0,1000,Sell,227694239
2024-07-31 13:01:57,128200.0,1000,Sell,227694519
2024-07-31 13:01:57,128100.0,300,Sell,227694520
2024-07-31 13:01:57,128100.0,100,Sell,227694521
2024-07-31 13:01:57,128100.0,100,Sell,227694522
2024-07-31 13:01:57,128500.0,500,Buy,227694518
2024-07-31 13:02:09,128200.0,1000,Buy,227694731
2024-07-31 13:02:14,128200.0,1000,Sell,227694839
2024-07-31 13:02:56,128400.0,700,Buy,227695754
2024-07-31 13:03:07,128300.0,300,Sell,227696002
2024-07-31 13:03:07,128300.0,2100,Sell,227696003
2024-07-31 13:03:07,128300.0,1600,Sell,227696001
2024-07-31 13:03:07,128300.0,900,Sell,227695999
2024-07-31 13:03:07,128300.0,100,Sell,227696000
2024-07-31 13:03:13,128300.0,500,Sell,227696222
2024-07-31 13:03:17,128400.0,100,Buy,227696348
2024-07-31 13:03:18,128300.0,200,Sell,227696366
2024-07-31 13:03:31,128300.0,500,Sell,227696707
2024-07-31 13:03:38,128400.0,200,Buy,227696903
2024-07-31 13:03:38,128400.0,2800,Buy,227696904
2024-07-31 13:03:52,128400.0,100,Buy,227697260
2024-07-31 13:03:55,128400.0,500,Buy,227697341
2024-07-31 13:04:12,128400.0,1600,Buy,227697675
2024-07-31 13:04:12,128400.0,2800,Buy,227697676
2024-07-31 13:04:23,128400.0,100,Buy,227697890
2024-07-31 13:04:26,128400.0,200,Buy,227697948
2024-07-31 13:04:26,128400.0,1900,Buy,227697949
2024-07-31 13:04:26,128400.0,200,Buy,227697950
2024-07-31 13:04:26,128400.0,1000,Buy,227697951
2024-07-31 13:04:26,128400.0,500,Buy,227697956
2024-07-31 13:04:26,128400.0,200,Buy,227697957
2024-07-31 13:04:29,128300.0,100,Sell,227698011
2024-07-31 13:04:32,128400.0,2000,Buy,227698068
2024-07-31 13:04:32,128400.0,100,Buy,227698067
2024-07-31 13:04:34,128400.0,700,Sell,227698133
2024-07-31 13:04:35,128300.0,200,Sell,227698177
2024-07-31 13:04:42,128400.0,500,Buy,227698374
2024-07-31 13:04:49,128400.0,500,Buy,227698504
2024-07-31 13:04:57,128400.0,100,Buy,227698686
2024-07-31 13:04:57,128400.0,300,Buy,227698685
2024-07-31 13:04:57,128300.0,200,Sell,227698721
2024-07-31 13:04:57,128300.0,4000,Sell,227698720
2024-07-31 13:04:57,128300.0,2800,Sell,227698719
2024-07-31 13:04:57,128300.0,200,Sell,227698722
2024-07-31 13:04:57,128300.0,400,Sell,227698717
2024-07-31 13:04:57,128400.0,1600,Sell,227698688
2024-07-31 13:04:57,128400.0,2000,Buy,227698687
2024-07-31 13:04:57,128300.0,900,Sell,227698718
2024-07-31 13:05:08,128300.0,1000,Buy,227698990
2024-07-31 13:05:18,128300.0,500,Buy,227699209
2024-07-31 13:05:19,128400.0,400,Buy,227699219
2024-07-31 13:05:19,128400.0,500,Buy,227699220
2024-07-31 13:05:19,128400.0,500,Buy,227699221
2024-07-31 13:05:33,128200.0,1000,Sell,227699593
2024-07-31 13:05:33,128200.0,2000,Sell,227699594
2024-07-31 13:05:33,128200.0,300,Sell,227699592
