time,price,volume,match_type
2024-08-12 09:15:00,126900.0,125600,ATO/ATC
2024-08-12 09:15:02,127000.0,100,Buy
2024-08-12 09:15:02,127000.0,200,Buy
2024-08-12 09:15:02,127000.0,100,Buy
2024-08-12 09:15:02,127000.0,100,Buy
2024-08-12 09:15:02,127000.0,100,Buy
2024-08-12 09:15:02,127000.0,200,Buy
2024-08-12 09:15:02,127000.0,100,Buy
2024-08-12 09:15:02,127000.0,400,Buy
2024-08-12 09:15:02,127000.0,100,Buy
2024-08-12 09:15:02,127000.0,800,Buy
2024-08-12 09:15:02,127000.0,200,Buy
2024-08-12 09:15:02,127000.0,100,Buy
2024-08-12 09:15:23,127000.0,100,Buy
2024-08-12 09:15:31,126900.0,400,Sell
2024-08-12 09:15:32,127000.0,1000,Buy
2024-08-12 09:15:34,127000.0,500,Buy
2024-08-12 09:15:34,127000.0,100,Buy
2024-08-12 09:15:34,127000.0,400,Buy
2024-08-12 09:15:35,127000.0,1600,Buy
2024-08-12 09:15:35,127000.0,7700,Buy
2024-08-12 09:15:35,127000.0,2300,Buy
2024-08-12 09:15:35,127000.0,100,Buy
2024-08-12 09:15:35,127000.0,100,Buy
2024-08-12 09:15:35,127000.0,5000,Buy
2024-08-12 09:15:39,127000.0,100,Sell
2024-08-12 09:15:39,127000.0,1100,Sell
2024-08-12 09:15:39,127000.0,600,Sell
2024-08-12 09:15:39,127000.0,600,Sell
2024-08-12 09:15:43,127000.0,100,Sell
2024-08-12 09:15:43,127000.0,1900,Sell
2024-08-12 09:15:48,127000.0,1800,Sell
2024-08-12 09:15:51,127000.0,1100,Buy
2024-08-12 09:15:51,127000.0,200,Buy
2024-08-12 09:15:51,127000.0,500,Buy
2024-08-12 09:15:51,127000.0,200,Buy
2024-08-12 09:15:51,126900.0,900,Sell
2024-08-12 09:15:54,126900.0,100,Sell
2024-08-12 09:15:58,127000.0,1000,Buy
2024-08-12 09:15:59,126900.0,1800,Sell
2024-08-12 09:16:00,126900.0,5100,Sell
2024-08-12 09:16:05,127000.0,200,Buy
2024-08-12 09:16:10,126900.0,1800,Sell
2024-08-12 09:16:18,126900.0,2000,Sell
2024-08-12 09:16:20,126900.0,1700,Sell
2024-08-12 09:16:20,126900.0,8300,Sell
2024-08-12 09:16:21,126900.0,1300,Sell
2024-08-12 09:16:21,126900.0,3800,Sell
2024-08-12 09:16:21,126900.0,1800,Sell
2024-08-12 09:16:22,126900.0,2000,Sell
2024-08-12 09:16:24,126900.0,2400,Buy
2024-08-12 09:16:24,126900.0,600,Buy
2024-08-12 09:16:24,126900.0,100,Buy
2024-08-12 09:16:24,126900.0,100,Buy
2024-08-12 09:16:24,126900.0,500,Buy
2024-08-12 09:16:29,126700.0,500,Sell
2024-08-12 09:16:29,126700.0,800,Sell
2024-08-12 09:16:29,126700.0,300,Sell
2024-08-12 09:16:29,126800.0,100,Sell
2024-08-12 09:16:29,126700.0,100,Sell
2024-08-12 09:16:31,126700.0,100,Sell
2024-08-12 09:16:31,126700.0,1000,Sell
2024-08-12 09:16:39,126700.0,1800,Sell
2024-08-12 09:16:40,126700.0,1500,Sell
2024-08-12 09:16:42,126700.0,4800,Sell
2024-08-12 09:16:42,126700.0,200,Sell
2024-08-12 09:16:42,126700.0,500,Sell
2024-08-12 09:16:42,126700.0,100,Sell
2024-08-12 09:16:42,126700.0,100,Sell
2024-08-12 09:16:42,126700.0,100,Sell
2024-08-12 09:16:42,126700.0,3200,Sell
2024-08-12 09:16:48,126800.0,100,Buy
2024-08-12 09:16:48,126800.0,100,Buy
2024-08-12 09:16:48,126800.0,500,Buy
2024-08-12 09:16:48,126800.0,100,Buy
2024-08-12 09:16:48,126800.0,100,Buy
2024-08-12 09:16:51,126700.0,1800,Sell
2024-08-12 09:16:52,126700.0,100,Sell
2024-08-12 09:16:56,126700.0,5000,Sell
2024-08-12 09:16:57,126700.0,300,Sell
2024-08-12 09:16:58,126800.0,400,Buy
2024-08-12 09:17:01,126800.0,600,Buy
2024-08-12 09:17:01,126700.0,1800,Sell
2024-08-12 09:17:07,126700.0,100,Sell
2024-08-12 09:17:11,126700.0,100,Sell
2024-08-12 09:17:11,126700.0,300,Sell
2024-08-12 09:17:13,126800.0,100,Buy
2024-08-12 09:17:13,126700.0,1800,Sell
2024-08-12 09:17:13,126800.0,100,Buy
2024-08-12 09:17:13,126800.0,200,Buy
2024-08-12 09:17:13,126800.0,500,Buy
2024-08-12 09:17:14,126700.0,1000,Sell
2024-08-12 09:17:18,126700.0,200,Sell
2024-08-12 09:17:24,126700.0,1800,Sell
2024-08-12 09:17:27,126700.0,200,Sell
2024-08-12 09:17:28,126700.0,3000,Sell
2024-08-12 09:17:28,126700.0,2700,Sell
2024-08-12 09:17:28,126700.0,6100,Sell
2024-08-12 09:17:28,126700.0,3300,Sell
2024-08-12 09:17:28,126700.0,9900,Sell
2024-08-12 09:17:31,126700.0,100,Sell
2024-08-12 09:17:32,126700.0,8000,Sell
2024-08-12 09:17:33,126700.0,100,Sell
2024-08-12 09:17:33,126700.0,1700,Sell
2024-08-12 09:17:33,126700.0,9800,Sell
2024-08-12 09:17:34,126700.0,2100,Sell
2024-08-12 09:17:36,126700.0,10800,Sell
2024-08-12 09:17:37,126700.0,100,Sell
2024-08-12 09:17:37,126700.0,500,Buy
2024-08-12 09:17:37,126700.0,1700,Buy
2024-08-12 09:17:37,126700.0,1000,Buy
2024-08-12 09:17:37,126700.0,100,Buy
2024-08-12 09:17:37,126700.0,500,Buy
2024-08-12 09:17:37,126700.0,100,Buy
2024-08-12 09:17:40,126700.0,300,Buy
2024-08-12 09:17:45,126500.0,400,Sell
2024-08-12 09:17:45,126500.0,100,Sell
2024-08-12 09:17:45,126500.0,100,Sell
2024-08-12 09:17:45,126600.0,1000,Sell
2024-08-12 09:17:45,126600.0,100,Sell
2024-08-12 09:17:45,126600.0,100,Sell
2024-08-12 09:17:51,126700.0,300,Buy
2024-08-12 09:17:53,126700.0,300,Buy
2024-08-12 09:17:53,126700.0,100,Buy
2024-08-12 09:17:53,126700.0,100,Buy
2024-08-12 09:17:57,126500.0,100,Sell
2024-08-12 09:18:02,126500.0,100,Sell
2024-08-12 09:18:02,126500.0,400,Sell
2024-08-12 09:18:02,126500.0,100,Sell
2024-08-12 09:18:02,126500.0,500,Sell
2024-08-12 09:18:09,126500.0,100,Sell
2024-08-12 09:18:10,126500.0,100,Sell
2024-08-12 09:18:12,126500.0,100,Sell
2024-08-12 09:18:13,126500.0,200,Sell
2024-08-12 09:18:13,126500.0,300,Sell
2024-08-12 09:18:16,126500.0,3500,Sell
2024-08-12 09:18:17,126500.0,100,Sell
2024-08-12 09:18:21,126500.0,1000,Sell
2024-08-12 09:18:21,126500.0,5100,Sell
2024-08-12 09:18:21,126500.0,100,Sell
2024-08-12 09:18:26,126500.0,500,Buy
2024-08-12 09:18:33,126500.0,100,Buy
2024-08-12 09:18:35,126400.0,100,Sell
2024-08-12 09:18:35,126400.0,500,Sell
2024-08-12 09:18:35,126400.0,1200,Sell
2024-08-12 09:18:37,126400.0,200,Sell
2024-08-12 09:18:44,126400.0,1500,Sell
2024-08-12 09:18:44,126400.0,3500,Sell
2024-08-12 09:18:56,126400.0,400,Sell
2024-08-12 09:18:59,126400.0,3200,Sell
2024-08-12 09:18:59,126400.0,200,Sell
2024-08-12 09:18:59,126400.0,2800,Sell
2024-08-12 09:18:59,126400.0,200,Sell
2024-08-12 09:18:59,126400.0,1700,Sell
2024-08-12 09:18:59,126400.0,100,Sell
2024-08-12 09:19:00,126400.0,500,Buy
2024-08-12 09:19:11,126400.0,800,Buy
2024-08-12 09:19:15,126300.0,100,Sell
2024-08-12 09:19:15,126300.0,3000,Sell
2024-08-12 09:19:15,126300.0,300,Sell
2024-08-12 09:19:15,126300.0,1600,Sell
2024-08-12 09:19:16,126400.0,4400,Buy
2024-08-12 09:19:16,126400.0,500,Buy
2024-08-12 09:19:16,126400.0,100,Buy
2024-08-12 09:19:23,126300.0,500,Sell
2024-08-12 09:19:29,126300.0,700,Sell
2024-08-12 09:19:29,126300.0,200,Sell
2024-08-12 09:19:29,126300.0,100,Sell
2024-08-12 09:19:32,126300.0,900,Sell
2024-08-12 09:19:33,126300.0,100,Sell
2024-08-12 09:19:33,126300.0,100,Sell
2024-08-12 09:19:33,126300.0,200,Sell
2024-08-12 09:19:35,126300.0,100,Buy
2024-08-12 09:19:46,126300.0,500,Buy
2024-08-12 09:19:46,126300.0,500,Buy
2024-08-12 09:19:46,126300.0,500,Buy
2024-08-12 09:19:46,126300.0,500,Buy
2024-08-12 09:19:48,126300.0,900,Buy
2024-08-12 09:19:48,126300.0,100,Buy
2024-08-12 09:19:49,126300.0,100,Buy
2024-08-12 09:19:54,126300.0,500,Buy
2024-08-12 09:19:54,126300.0,300,Buy
2024-08-12 09:19:54,126300.0,100,Buy
2024-08-12 09:19:54,126300.0,100,Buy
2024-08-12 09:19:56,126200.0,100,Sell
2024-08-12 09:20:04,126200.0,200,Sell
2024-08-12 09:20:07,126200.0,100,Sell
2024-08-12 09:20:10,126300.0,400,Buy
2024-08-12 09:20:10,126300.0,300,Buy
2024-08-12 09:20:12,126300.0,100,Sell
2024-08-12 09:20:12,126300.0,200,Sell
2024-08-12 09:20:12,126300.0,1400,Buy
2024-08-12 09:20:12,126300.0,100,Sell
2024-08-12 09:20:14,126300.0,300,Sell
2024-08-12 09:20:14,126300.0,100,Sell
2024-08-12 09:20:14,126300.0,700,Sell
2024-08-12 09:20:21,126300.0,500,Sell
2024-08-12 09:20:26,126300.0,1100,Sell
2024-08-12 09:20:26,126300.0,100,Sell
2024-08-12 09:20:26,126300.0,100,Sell
2024-08-12 09:20:26,126300.0,700,Sell
2024-08-12 09:20:40,126400.0,200,Buy
2024-08-12 09:20:40,126400.0,500,Buy
2024-08-12 09:20:40,126400.0,200,Buy
2024-08-12 09:20:40,126400.0,200,Buy
2024-08-12 09:20:40,126400.0,100,Buy
2024-08-12 09:20:40,126400.0,200,Buy
2024-08-12 09:20:40,126400.0,1600,Buy
2024-08-12 09:20:40,126300.0,100,Sell
2024-08-12 09:20:40,126400.0,500,Buy
2024-08-12 09:20:40,126400.0,100,Buy
2024-08-12 09:20:45,126400.0,1700,Buy
2024-08-12 09:20:45,126400.0,4000,Buy
2024-08-12 09:20:45,126400.0,5300,Buy
2024-08-12 09:20:47,126400.0,700,Buy
2024-08-12 09:20:50,126400.0,100,Sell
2024-08-12 09:20:53,126500.0,3200,Buy
2024-08-12 09:20:53,126500.0,6000,Buy
2024-08-12 09:20:53,126500.0,500,Buy
2024-08-12 09:21:15,126600.0,100,Buy
2024-08-12 09:21:15,126600.0,100,Buy
2024-08-12 09:21:15,126600.0,100,Buy
2024-08-12 09:21:15,126600.0,100,Buy
2024-08-12 09:21:18,126600.0,400,Sell
2024-08-12 09:21:21,126600.0,200,Sell
2024-08-12 09:21:26,126600.0,1800,Sell
2024-08-12 09:21:27,126600.0,100,Sell
2024-08-12 09:21:34,126700.0,100,Buy
2024-08-12 09:21:34,126700.0,100,Buy
2024-08-12 09:21:34,126700.0,200,Buy
2024-08-12 09:21:34,126700.0,600,Buy
2024-08-12 09:21:36,126600.0,100,Sell
2024-08-12 09:21:37,126600.0,1800,Sell
2024-08-12 09:21:39,126800.0,100,Buy
2024-08-12 09:21:39,126800.0,4500,Buy
2024-08-12 09:21:39,126700.0,100,Buy
2024-08-12 09:21:39,126800.0,300,Buy
2024-08-12 09:21:47,126800.0,500,Buy
2024-08-12 09:21:50,126600.0,1800,Sell
2024-08-12 09:22:00,126600.0,1400,Sell
2024-08-12 09:22:00,126600.0,400,Sell
2024-08-12 09:22:00,126800.0,500,Buy
2024-08-12 09:22:02,126800.0,100,Buy
2024-08-12 09:22:05,126800.0,500,Buy
2024-08-12 09:22:05,126800.0,200,Buy
2024-08-12 09:22:05,126800.0,800,Buy
2024-08-12 09:22:05,126800.0,1200,Buy
2024-08-12 09:22:05,126800.0,300,Buy
2024-08-12 09:22:10,126700.0,1000,Sell
2024-08-12 09:22:10,126700.0,800,Sell
2024-08-12 09:22:19,126700.0,100,Sell
2024-08-12 09:22:19,126700.0,100,Sell
2024-08-12 09:22:19,126700.0,100,Sell
2024-08-12 09:22:19,126600.0,1500,Sell
2024-08-12 09:22:33,126600.0,1100,Sell
2024-08-12 09:22:33,126600.0,700,Sell
2024-08-12 09:22:42,126800.0,100,Sell
2024-08-12 09:22:42,126800.0,100,Sell
2024-08-12 09:22:42,126800.0,100,Sell
2024-08-12 09:22:53,126800.0,100,Sell
2024-08-12 09:22:53,126800.0,100,Sell
2024-08-12 09:22:53,126800.0,100,Sell
2024-08-12 09:22:54,126800.0,100,Sell
2024-08-12 09:22:54,126800.0,200,Sell
2024-08-12 09:23:02,126900.0,100,Buy
2024-08-12 09:23:03,126800.0,200,Sell
2024-08-12 09:23:16,126800.0,100,Buy
2024-08-12 09:23:16,126900.0,700,Buy
2024-08-12 09:23:16,126900.0,700,Buy
2024-08-12 09:23:16,126900.0,5000,Buy
2024-08-12 09:23:16,126900.0,900,Buy
2024-08-12 09:23:16,126900.0,1700,Buy
2024-08-12 09:23:25,126800.0,400,Buy
2024-08-12 09:23:25,126800.0,100,Buy
2024-08-12 09:23:25,126800.0,100,Buy
2024-08-12 09:23:30,126800.0,4000,Sell
2024-08-12 09:23:36,126800.0,100,Sell
2024-08-12 09:23:43,126900.0,200,Buy
2024-08-12 09:23:43,126900.0,200,Buy
2024-08-12 09:23:55,126900.0,100,Buy
2024-08-12 09:23:56,126800.0,100,Sell
2024-08-12 09:24:18,126800.0,300,Sell
2024-08-12 09:24:18,126800.0,200,Sell
2024-08-12 09:24:18,126800.0,500,Sell
2024-08-12 09:24:22,126800.0,100,Sell
2024-08-12 09:24:22,126900.0,100,Buy
2024-08-12 09:24:25,126900.0,500,Buy
2024-08-12 09:24:26,126800.0,100,Sell
2024-08-12 09:24:38,126800.0,1200,Sell
2024-08-12 09:24:38,126800.0,200,Sell
2024-08-12 09:24:38,126800.0,600,Sell
2024-08-12 09:24:44,126800.0,2000,Sell
2024-08-12 09:24:54,126900.0,100,Buy
2024-08-12 09:24:55,126800.0,500,Sell
2024-08-12 09:24:55,126800.0,100,Sell
2024-08-12 09:24:55,126800.0,200,Sell
2024-08-12 09:24:55,126800.0,100,Sell
2024-08-12 09:24:55,126800.0,2400,Sell
2024-08-12 09:24:55,126800.0,100,Sell
2024-08-12 09:24:59,126800.0,300,Sell
2024-08-12 09:24:59,126800.0,400,Sell
2024-08-12 09:25:04,126800.0,100,Buy
2024-08-12 09:25:08,126800.0,800,Buy
2024-08-12 09:25:08,126800.0,500,Buy
2024-08-12 09:25:08,126800.0,1200,Buy
2024-08-12 09:25:08,126800.0,3000,Buy
2024-08-12 09:25:11,126700.0,100,Sell
2024-08-12 09:25:11,126800.0,2100,Buy
2024-08-12 09:25:11,126800.0,1600,Buy
2024-08-12 09:25:11,126800.0,300,Buy
2024-08-12 09:25:17,126700.0,100,Sell
2024-08-12 09:25:18,126800.0,700,Sell
2024-08-12 09:25:19,126800.0,1300,Sell
2024-08-12 09:25:23,126800.0,100,Buy
2024-08-12 09:25:28,126800.0,100,Buy
2024-08-12 09:25:29,126800.0,3500,Buy
2024-08-12 09:25:29,126800.0,4400,Buy
2024-08-12 09:25:29,126800.0,2700,Buy
2024-08-12 09:25:29,126800.0,1300,Buy
2024-08-12 09:25:29,126800.0,100,Buy
2024-08-12 09:25:32,126800.0,600,Sell
2024-08-12 09:25:32,126800.0,1200,Sell
2024-08-12 09:25:35,126800.0,100,Sell
2024-08-12 09:25:42,126900.0,3100,Buy
2024-08-12 09:25:54,126900.0,100,Buy
2024-08-12 09:26:01,126900.0,100,Buy
2024-08-12 09:26:01,126900.0,100,Buy
2024-08-12 09:26:01,126900.0,100,Buy
2024-08-12 09:26:10,126900.0,1000,Buy
2024-08-12 09:26:12,126900.0,1300,Buy
2024-08-12 09:26:12,126900.0,100,Buy
2024-08-12 09:26:12,126900.0,600,Buy
2024-08-12 09:26:15,126900.0,500,Buy
2024-08-12 09:26:16,126900.0,3200,Buy
2024-08-12 09:26:16,126900.0,400,Buy
2024-08-12 09:26:16,126900.0,100,Buy
2024-08-12 09:26:16,126900.0,600,Buy
2024-08-12 09:26:16,126900.0,1700,Buy
2024-08-12 09:26:16,126900.0,100,Buy
2024-08-12 09:26:34,127000.0,100,Buy
2024-08-12 09:26:34,127000.0,100,Buy
2024-08-12 09:26:34,127000.0,100,Buy
2024-08-12 09:26:34,127000.0,100,Buy
2024-08-12 09:26:36,126900.0,400,Sell
2024-08-12 09:26:42,127000.0,100,Buy
2024-08-12 09:26:49,127000.0,500,Buy
2024-08-12 09:26:50,127000.0,1000,Buy
2024-08-12 09:26:58,127000.0,200,Buy
2024-08-12 09:27:08,127000.0,200,Buy
2024-08-12 09:27:12,127000.0,200,Buy
2024-08-12 09:27:15,127000.0,900,Buy
2024-08-12 09:27:16,127000.0,1800,Buy
2024-08-12 09:27:16,127000.0,1400,Buy
2024-08-12 09:27:16,127000.0,200,Buy
2024-08-12 09:27:16,127000.0,200,Buy
2024-08-12 09:27:20,127000.0,100,Buy
2024-08-12 09:27:20,127000.0,1300,Buy
2024-08-12 09:27:22,127000.0,500,Buy
2024-08-12 09:27:25,127000.0,200,Buy
2024-08-12 09:27:26,127000.0,100,Buy
2024-08-12 09:27:31,127000.0,200,Buy
2024-08-12 09:27:40,127000.0,500,Buy
2024-08-12 09:27:44,127000.0,500,Buy
2024-08-12 09:27:49,127000.0,200,Buy
2024-08-12 09:27:52,127000.0,19900,Buy
2024-08-12 09:27:52,127000.0,10100,Buy
2024-08-12 09:27:52,127000.0,100,Buy
2024-08-12 09:27:52,127000.0,100,Buy
2024-08-12 09:27:52,127000.0,100,Buy
2024-08-12 09:27:52,127000.0,100,Buy
2024-08-12 09:27:52,127000.0,100,Buy
2024-08-12 09:27:52,127000.0,100,Buy
2024-08-12 09:27:52,127000.0,100,Buy
2024-08-12 09:27:52,127000.0,100,Buy
2024-08-12 09:27:52,127000.0,700,Buy
2024-08-12 09:27:52,127000.0,500,Buy
2024-08-12 09:27:52,127000.0,2700,Buy
2024-08-12 09:27:52,127000.0,200,Buy
2024-08-12 09:27:52,127000.0,1300,Buy
2024-08-12 09:27:52,127000.0,300,Buy
2024-08-12 09:27:52,127000.0,1000,Buy
2024-08-12 09:27:52,127000.0,1100,Buy
2024-08-12 09:27:52,127000.0,200,Buy
2024-08-12 09:27:52,127000.0,100,Buy
2024-08-12 09:27:52,127000.0,100,Buy
2024-08-12 09:27:52,127000.0,400,Buy
2024-08-12 09:27:52,127000.0,100,Buy
2024-08-12 09:27:53,127000.0,100,Buy
2024-08-12 09:27:53,127000.0,600,Buy
2024-08-12 09:27:53,127000.0,400,Sell
2024-08-12 09:27:53,127000.0,100,Sell
2024-08-12 09:27:54,126900.0,5700,Sell
2024-08-12 09:27:54,126900.0,1300,Sell
2024-08-12 09:27:54,126900.0,500,Sell
2024-08-12 09:27:54,126900.0,200,Sell
2024-08-12 09:27:54,127000.0,800,Sell
2024-08-12 09:27:54,127100.0,100,Buy
2024-08-12 09:27:54,127100.0,100,Buy
2024-08-12 09:27:54,126900.0,1500,Sell
2024-08-12 09:28:02,126900.0,500,Sell
2024-08-12 09:28:08,126900.0,200,Sell
2024-08-12 09:28:08,127000.0,100,Buy
2024-08-12 09:28:13,126900.0,400,Sell
2024-08-12 09:28:15,127000.0,100,Buy
2024-08-12 09:28:17,127000.0,500,Buy
2024-08-12 09:28:21,127000.0,1000,Buy
2024-08-12 09:28:30,127000.0,200,Buy
2024-08-12 09:28:30,127000.0,100,Buy
2024-08-12 09:28:35,127000.0,2600,Buy
2024-08-12 09:28:41,127000.0,1300,Buy
2024-08-12 09:28:41,127000.0,3000,Buy
2024-08-12 09:28:44,127000.0,200,Buy
2024-08-12 09:28:44,127000.0,200,Buy
2024-08-12 09:28:45,127000.0,500,Buy
2024-08-12 09:28:45,127000.0,500,Buy
2024-08-12 09:28:47,127000.0,100,Buy
2024-08-12 09:28:47,127000.0,100,Buy
2024-08-12 09:28:47,127000.0,100,Buy
2024-08-12 09:28:47,127000.0,100,Buy
2024-08-12 09:28:47,126900.0,900,Sell
2024-08-12 09:28:47,126900.0,700,Sell
2024-08-12 09:28:47,126900.0,200,Sell
2024-08-12 09:28:47,127000.0,1100,Buy
2024-08-12 09:28:47,127000.0,100,Buy
2024-08-12 09:28:55,127000.0,200,Buy
2024-08-12 09:28:55,126900.0,800,Sell
2024-08-12 09:28:55,126900.0,300,Sell
2024-08-12 09:28:55,126900.0,100,Sell
2024-08-12 09:28:55,126900.0,600,Sell
2024-08-12 09:28:57,127000.0,200,Buy
2024-08-12 09:29:03,127000.0,3000,Buy
2024-08-12 09:29:03,127000.0,100,Buy
2024-08-12 09:29:03,127000.0,100,Buy
2024-08-12 09:29:03,127000.0,100,Buy
2024-08-12 09:29:03,127000.0,1100,Buy
2024-08-12 09:29:03,127000.0,400,Buy
2024-08-12 09:29:03,127000.0,100,Buy
2024-08-12 09:29:03,127000.0,100,Buy
2024-08-12 09:29:08,127000.0,700,Sell
2024-08-12 09:29:08,126900.0,900,Sell
2024-08-12 09:29:08,126900.0,200,Sell
2024-08-12 09:29:09,127100.0,100,Buy
2024-08-12 09:29:09,127100.0,100,Buy
2024-08-12 09:29:13,127100.0,100,Buy
2024-08-12 09:29:13,127100.0,100,Buy
2024-08-12 09:29:23,127100.0,100,Sell
2024-08-12 09:29:23,127100.0,100,Sell
2024-08-12 09:29:34,127200.0,900,Buy
2024-08-12 09:29:34,127200.0,200,Buy
2024-08-12 09:29:34,127200.0,500,Buy
2024-08-12 09:29:34,127200.0,100,Buy
2024-08-12 09:29:34,127200.0,100,Buy
2024-08-12 09:29:35,127200.0,100,Buy
2024-08-12 09:29:40,127100.0,1100,Sell
2024-08-12 09:29:40,127100.0,200,Sell
2024-08-12 09:29:40,127100.0,500,Sell
2024-08-12 09:29:41,127200.0,1000,Buy
2024-08-12 09:29:41,127200.0,100,Buy
2024-08-12 09:29:41,127200.0,200,Buy
2024-08-12 09:29:48,127200.0,100,Sell
2024-08-12 09:29:53,127100.0,400,Sell
2024-08-12 09:29:53,127200.0,900,Sell
2024-08-12 09:29:53,127200.0,100,Sell
2024-08-12 09:29:53,127200.0,400,Sell
2024-08-12 09:29:54,127300.0,100,Buy
2024-08-12 09:29:54,127300.0,100,Buy
2024-08-12 09:29:54,127300.0,100,Buy
2024-08-12 09:29:54,127300.0,100,Buy
2024-08-12 09:29:54,127300.0,100,Buy
2024-08-12 09:29:55,127300.0,1000,Sell
2024-08-12 09:30:03,127400.0,100,Buy
2024-08-12 09:30:04,127300.0,1800,Sell
2024-08-12 09:30:06,127400.0,300,Buy
2024-08-12 09:30:11,127400.0,100,Buy
2024-08-12 09:30:11,127400.0,100,Buy
2024-08-12 09:30:12,127400.0,100,Buy
2024-08-12 09:30:12,127400.0,100,Buy
2024-08-12 09:30:16,127300.0,100,Sell
2024-08-12 09:30:19,127400.0,300,Buy
2024-08-12 09:30:20,127300.0,100,Sell
2024-08-12 09:30:20,127300.0,200,Sell
2024-08-12 09:30:20,127300.0,100,Sell
2024-08-12 09:30:20,127300.0,400,Sell
2024-08-12 09:30:20,127300.0,1000,Sell
2024-08-12 09:30:27,127300.0,400,Buy
2024-08-12 09:30:27,127300.0,500,Buy
2024-08-12 09:30:27,127300.0,200,Buy
2024-08-12 09:30:27,127300.0,700,Buy
2024-08-12 09:30:27,127300.0,200,Buy
2024-08-12 09:30:27,127400.0,300,Buy
2024-08-12 09:30:27,127300.0,100,Buy
2024-08-12 09:30:27,127300.0,100,Buy
2024-08-12 09:30:27,127300.0,300,Buy
2024-08-12 09:30:27,127300.0,5500,Buy
2024-08-12 09:30:27,127300.0,100,Buy
2024-08-12 09:30:27,127300.0,100,Buy
2024-08-12 09:30:29,127300.0,200,Buy
2024-08-12 09:30:30,127300.0,400,Buy
2024-08-12 09:30:33,127300.0,100,Buy
2024-08-12 09:30:33,127300.0,100,Buy
2024-08-12 09:30:35,127300.0,1500,Buy
2024-08-12 09:30:41,127300.0,1300,Buy
2024-08-12 09:30:43,127300.0,2000,Buy
2024-08-12 09:30:49,127200.0,1900,Sell
2024-08-12 09:30:49,127200.0,100,Sell
2024-08-12 09:30:49,127200.0,1000,Sell
2024-08-12 09:31:01,127200.0,1100,Sell
2024-08-12 09:31:01,127200.0,500,Sell
2024-08-12 09:31:01,127200.0,500,Sell
2024-08-12 09:31:01,127200.0,700,Sell
2024-08-12 09:31:01,127200.0,1100,Sell
2024-08-12 09:31:01,127200.0,100,Sell
2024-08-12 09:31:23,127300.0,1000,Buy
2024-08-12 09:31:30,127300.0,500,Buy
2024-08-12 09:31:34,127200.0,700,Sell
2024-08-12 09:31:39,127300.0,200,Buy
2024-08-12 09:31:39,127200.0,100,Sell
2024-08-12 09:31:39,127300.0,200,Buy
2024-08-12 09:31:45,127300.0,200,Buy
2024-08-12 09:31:49,127300.0,1000,Buy
2024-08-12 09:32:06,127300.0,1200,Buy
2024-08-12 09:32:25,127300.0,100,Buy
2024-08-12 09:32:27,127300.0,100,Buy
2024-08-12 09:32:39,127300.0,100,Buy
2024-08-12 09:32:43,127300.0,200,Buy
2024-08-12 09:33:06,127200.0,200,Sell
2024-08-12 09:33:06,127200.0,100,Sell
2024-08-12 09:33:06,127200.0,200,Sell
2024-08-12 09:33:07,127300.0,500,Buy
2024-08-12 09:33:29,127300.0,100,Buy
2024-08-12 09:33:29,127300.0,200,Buy
2024-08-12 09:33:29,127300.0,900,Buy
2024-08-12 09:33:29,127300.0,100,Buy
2024-08-12 09:33:37,127100.0,1500,Buy
2024-08-12 09:33:37,127000.0,13100,Sell
2024-08-12 09:33:37,127000.0,100,Sell
2024-08-12 09:33:37,127000.0,200,Sell
2024-08-12 09:33:37,127000.0,500,Sell
2024-08-12 09:33:37,127100.0,1500,Buy
2024-08-12 09:33:37,127000.0,1000,Sell
2024-08-12 09:33:37,127000.0,3000,Sell
2024-08-12 09:33:37,127100.0,200,Buy
2024-08-12 09:33:37,127100.0,100,Buy
2024-08-12 09:33:37,127000.0,200,Sell
2024-08-12 09:33:37,127100.0,900,Buy
2024-08-12 09:33:37,127100.0,100,Buy
2024-08-12 09:33:37,127200.0,200,Buy
2024-08-12 09:33:37,127200.0,1600,Buy
2024-08-12 09:33:37,127200.0,600,Buy
2024-08-12 09:33:37,127200.0,1000,Buy
2024-08-12 09:33:37,127200.0,1200,Buy
2024-08-12 09:33:37,127000.0,1000,Sell
2024-08-12 09:33:37,127200.0,300,Buy
2024-08-12 09:33:37,127200.0,100,Buy
2024-08-12 09:33:37,127200.0,500,Buy
2024-08-12 09:33:37,127200.0,500,Buy
2024-08-12 09:33:37,127200.0,600,Buy
2024-08-12 09:33:43,127000.0,5000,Sell
2024-08-12 09:33:48,127200.0,200,Buy
2024-08-12 09:33:54,127200.0,800,Buy
2024-08-12 09:33:54,127200.0,300,Buy
2024-08-12 09:33:54,127200.0,3400,Buy
2024-08-12 09:33:56,127200.0,100,Sell
2024-08-12 09:33:58,127200.0,1500,Sell
2024-08-12 09:34:02,127200.0,200,Sell
2024-08-12 09:34:02,127200.0,3000,Sell
2024-08-12 09:34:06,127200.0,300,Sell
2024-08-12 09:34:10,127300.0,1500,Buy
2024-08-12 09:34:10,127300.0,100,Buy
2024-08-12 09:34:10,127300.0,1000,Buy
2024-08-12 09:34:10,127300.0,2400,Buy
2024-08-12 09:34:16,127200.0,400,Sell
2024-08-12 09:34:16,127200.0,900,Sell
2024-08-12 09:34:18,127200.0,100,Sell
2024-08-12 09:34:20,127300.0,300,Buy
2024-08-12 09:34:26,127300.0,100,Buy
2024-08-12 09:34:38,127300.0,100,Buy
2024-08-12 09:34:42,127200.0,200,Sell
2024-08-12 09:34:42,127200.0,600,Sell
2024-08-12 09:34:43,127200.0,400,Sell
2024-08-12 09:34:43,127300.0,100,Buy
2024-08-12 09:34:43,127300.0,100,Buy
2024-08-12 09:34:43,127300.0,100,Buy
2024-08-12 09:34:43,127300.0,100,Buy
2024-08-12 09:34:46,127200.0,900,Sell
2024-08-12 09:34:54,127200.0,1700,Sell
2024-08-12 09:34:55,127200.0,2300,Sell
2024-08-12 09:34:57,127200.0,100,Sell
2024-08-12 09:34:57,127200.0,100,Sell
2024-08-12 09:34:57,127200.0,800,Sell
2024-08-12 09:35:05,127200.0,500,Buy
2024-08-12 09:35:05,127200.0,500,Buy
2024-08-12 09:35:05,127200.0,1000,Buy
2024-08-12 09:35:05,127200.0,100,Buy
2024-08-12 09:35:05,127200.0,100,Buy
2024-08-12 09:35:18,127200.0,1500,Buy
2024-08-12 09:35:31,127200.0,1700,Buy
2024-08-12 09:35:31,127200.0,1000,Buy
2024-08-12 09:35:31,127200.0,300,Buy
2024-08-12 09:35:50,127200.0,700,Buy
2024-08-12 09:35:50,127200.0,300,Buy
2024-08-12 09:35:58,127100.0,500,Sell
2024-08-12 09:36:00,127200.0,1000,Buy
2024-08-12 09:36:02,127200.0,100,Buy
2024-08-12 09:36:17,127200.0,1200,Buy
2024-08-12 09:36:20,127200.0,500,Buy
2024-08-12 09:36:22,127200.0,300,Buy
2024-08-12 09:36:38,127200.0,1000,Buy
2024-08-12 09:36:52,127100.0,1000,Sell
2024-08-12 09:36:52,127200.0,200,Buy
2024-08-12 09:36:55,127100.0,200,Sell
2024-08-12 09:36:56,127200.0,100,Buy
2024-08-12 09:36:56,127200.0,400,Buy
2024-08-12 09:37:03,127200.0,200,Buy
2024-08-12 09:37:14,127200.0,100,Buy
2024-08-12 09:37:15,127200.0,200,Buy
2024-08-12 09:37:15,127200.0,100,Buy
2024-08-12 09:37:20,127200.0,1300,Buy
2024-08-12 09:37:20,127200.0,400,Buy
2024-08-12 09:37:21,127200.0,600,Buy
2024-08-12 09:37:21,127200.0,1100,Buy
2024-08-12 09:37:30,127200.0,100,Buy
2024-08-12 09:37:38,127200.0,12800,Buy
2024-08-12 09:37:38,127200.0,1700,Buy
2024-08-12 09:37:38,127200.0,500,Buy
2024-08-12 09:37:41,127200.0,800,Buy
2024-08-12 09:37:41,127200.0,500,Buy
2024-08-12 09:37:51,127200.0,200,Buy
2024-08-12 09:37:56,127200.0,500,Buy
2024-08-12 09:38:26,127300.0,100,Buy
2024-08-12 09:38:27,127200.0,100,Sell
2024-08-12 09:38:37,127200.0,100,Sell
2024-08-12 09:38:37,127200.0,500,Sell
2024-08-12 09:38:37,127200.0,100,Sell
2024-08-12 09:38:37,127200.0,200,Sell
2024-08-12 09:38:44,127100.0,300,Sell
2024-08-12 09:38:44,127100.0,500,Sell
2024-08-12 09:38:44,127100.0,600,Sell
2024-08-12 09:38:44,127100.0,400,Sell
2024-08-12 09:38:45,127200.0,100,Buy
2024-08-12 09:38:45,127200.0,100,Buy
2024-08-12 09:38:47,127200.0,100,Buy
2024-08-12 09:38:56,127200.0,2000,Buy
2024-08-12 09:38:56,127200.0,200,Buy
2024-08-12 09:38:59,127100.0,1800,Sell
2024-08-12 09:39:03,127200.0,200,Buy
2024-08-12 09:39:03,127200.0,200,Buy
2024-08-12 09:39:03,127200.0,100,Buy
2024-08-12 09:39:05,127200.0,1300,Buy
2024-08-12 09:39:07,127200.0,100,Buy
2024-08-12 09:39:07,127200.0,100,Buy
2024-08-12 09:39:10,127200.0,1800,Sell
2024-08-12 09:39:21,127200.0,600,Sell
2024-08-12 09:39:21,127200.0,1200,Sell
2024-08-12 09:39:32,127300.0,100,Buy
2024-08-12 09:39:32,127300.0,100,Buy
2024-08-12 09:39:32,127300.0,1000,Buy
2024-08-12 09:39:32,127300.0,700,Buy
2024-08-12 09:39:32,127300.0,300,Buy
2024-08-12 09:39:32,127300.0,300,Buy
2024-08-12 09:39:33,127200.0,1200,Sell
2024-08-12 09:39:33,127200.0,600,Sell
2024-08-12 09:39:36,127300.0,200,Buy
2024-08-12 09:39:36,127300.0,100,Buy
2024-08-12 09:39:36,127300.0,200,Buy
2024-08-12 09:39:36,127300.0,1000,Buy
2024-08-12 09:39:36,127300.0,400,Buy
2024-08-12 09:39:36,127300.0,100,Buy
2024-08-12 09:39:43,127200.0,900,Sell
2024-08-12 09:39:43,127200.0,900,Sell
2024-08-12 09:39:45,127300.0,500,Buy
2024-08-12 09:39:45,127300.0,2000,Buy
2024-08-12 09:39:53,127300.0,500,Sell
2024-08-12 09:39:53,127300.0,1300,Sell
2024-08-12 09:40:04,127300.0,900,Sell
2024-08-12 09:40:05,127300.0,800,Sell
2024-08-12 09:40:05,127200.0,600,Sell
2024-08-12 09:40:05,127200.0,400,Sell
2024-08-12 09:40:13,127200.0,1600,Sell
2024-08-12 09:40:13,127200.0,200,Sell
2024-08-12 09:40:22,127300.0,100,Buy
2024-08-12 09:40:23,127200.0,400,Sell
2024-08-12 09:40:23,127200.0,700,Sell
2024-08-12 09:40:23,127200.0,500,Sell
2024-08-12 09:40:23,127200.0,1800,Sell
2024-08-12 09:40:23,127200.0,100,Sell
2024-08-12 09:40:23,127200.0,200,Sell
2024-08-12 09:40:24,127200.0,600,Sell
2024-08-12 09:40:24,127200.0,500,Sell
2024-08-12 09:40:24,127200.0,300,Sell
2024-08-12 09:40:24,127200.0,200,Sell
2024-08-12 09:40:24,127200.0,200,Sell
2024-08-12 09:40:29,127300.0,300,Buy
2024-08-12 09:40:33,127200.0,1200,Sell
2024-08-12 09:40:33,127100.0,600,Sell
2024-08-12 09:40:40,127300.0,500,Buy
2024-08-12 09:40:44,127300.0,1000,Buy
2024-08-12 09:40:45,127200.0,1800,Sell
2024-08-12 09:41:07,127300.0,100,Buy
2024-08-12 09:41:07,127300.0,100,Buy
2024-08-12 09:41:08,127300.0,400,Buy
2024-08-12 09:41:16,127300.0,300,Buy
2024-08-12 09:41:16,127300.0,200,Buy
2024-08-12 09:41:16,127300.0,500,Buy
2024-08-12 09:41:21,127200.0,1800,Sell
2024-08-12 09:41:26,127200.0,100,Sell
2024-08-12 09:41:33,127200.0,1300,Sell
2024-08-12 09:41:33,127200.0,500,Sell
2024-08-12 09:41:37,127200.0,100,Sell
2024-08-12 09:41:53,127300.0,200,Buy
2024-08-12 09:41:54,127300.0,300,Sell
2024-08-12 09:41:54,127300.0,100,Sell
2024-08-12 09:41:58,127300.0,100,Sell
2024-08-12 09:42:13,127300.0,200,Sell
2024-08-12 09:42:28,127400.0,1200,Buy
2024-08-12 09:42:28,127400.0,1700,Buy
2024-08-12 09:42:28,127400.0,1700,Buy
2024-08-12 09:42:29,127400.0,400,Buy
2024-08-12 09:42:29,127400.0,100,Buy
2024-08-12 09:42:35,127400.0,100,Buy
2024-08-12 09:42:40,127400.0,100,Buy
2024-08-12 09:42:45,127400.0,100,Buy
2024-08-12 09:42:45,127400.0,300,Buy
2024-08-12 09:42:45,127400.0,100,Buy
2024-08-12 09:42:46,127400.0,1000,Buy
2024-08-12 09:42:46,127400.0,100,Buy
2024-08-12 09:42:46,127400.0,400,Buy
2024-08-12 09:42:46,127400.0,200,Buy
2024-08-12 09:42:46,127400.0,200,Buy
2024-08-12 09:42:46,127400.0,100,Buy
2024-08-12 09:42:51,127300.0,400,Sell
2024-08-12 09:42:52,127500.0,100,Buy
2024-08-12 09:42:52,127500.0,8600,Buy
2024-08-12 09:42:52,127500.0,300,Buy
2024-08-12 09:42:52,127500.0,200,Buy
2024-08-12 09:42:52,127500.0,500,Buy
2024-08-12 09:42:52,127500.0,300,Buy
2024-08-12 09:42:53,127400.0,100,Sell
2024-08-12 09:43:00,127400.0,200,Sell
2024-08-12 09:43:00,127400.0,100,Sell
2024-08-12 09:43:00,127400.0,200,Sell
2024-08-12 09:43:01,127500.0,100,Buy
2024-08-12 09:43:06,127300.0,200,Sell
2024-08-12 09:43:06,127400.0,300,Buy
2024-08-12 09:43:16,127300.0,100,Sell
2024-08-12 09:43:16,127300.0,300,Sell
2024-08-12 09:43:16,127300.0,100,Sell
2024-08-12 09:43:16,127300.0,500,Sell
2024-08-12 09:43:21,127300.0,100,Sell
2024-08-12 09:43:43,127300.0,1600,Sell
2024-08-12 09:43:43,127300.0,500,Sell
2024-08-12 09:43:43,127300.0,400,Sell
2024-08-12 09:43:56,127300.0,100,Sell
2024-08-12 09:44:18,127400.0,100,Buy
2024-08-12 09:44:22,127500.0,500,Buy
2024-08-12 09:44:40,127400.0,200,Sell
2024-08-12 09:44:40,127400.0,100,Sell
2024-08-12 09:44:40,127400.0,400,Sell
2024-08-12 09:44:40,127400.0,500,Sell
2024-08-12 09:44:48,127400.0,400,Sell
2024-08-12 09:44:48,127400.0,500,Sell
2024-08-12 09:44:48,127400.0,1200,Sell
2024-08-12 09:45:19,127400.0,500,Buy
2024-08-12 09:45:26,127300.0,100,Sell
2024-08-12 09:45:29,127400.0,200,Buy
2024-08-12 09:45:29,127400.0,100,Buy
2024-08-12 09:45:58,127300.0,400,Sell
2024-08-12 09:45:58,127300.0,100,Sell
2024-08-12 09:45:58,127400.0,500,Buy
2024-08-12 09:46:01,127400.0,100,Buy
2024-08-12 09:46:05,127400.0,1300,Buy
2024-08-12 09:46:07,127400.0,200,Buy
2024-08-12 09:46:07,127400.0,300,Buy
2024-08-12 09:46:09,127400.0,800,Buy
2024-08-12 09:46:14,127400.0,400,Buy
2024-08-12 09:46:21,127400.0,100,Buy
2024-08-12 09:46:23,127300.0,900,Sell
2024-08-12 09:46:23,127300.0,1300,Sell
2024-08-12 09:46:23,127300.0,2900,Sell
2024-08-12 09:46:28,127400.0,1000,Buy
2024-08-12 09:46:31,127400.0,100,Buy
2024-08-12 09:46:33,127400.0,2000,Buy
2024-08-12 09:46:40,127300.0,200,Sell
2024-08-12 09:46:40,127400.0,500,Buy
2024-08-12 09:46:41,127400.0,200,Buy
2024-08-12 09:46:41,127400.0,1500,Buy
2024-08-12 09:46:48,127400.0,500,Buy
2024-08-12 09:46:48,127400.0,500,Buy
2024-08-12 09:46:50,127300.0,3700,Sell
2024-08-12 09:46:52,127400.0,1000,Buy
2024-08-12 09:46:56,127400.0,100,Buy
2024-08-12 09:47:05,127300.0,100,Sell
2024-08-12 09:47:16,127300.0,100,Sell
2024-08-12 09:47:26,127300.0,1100,Sell
2024-08-12 09:47:32,127400.0,1700,Buy
2024-08-12 09:47:32,127400.0,1800,Buy
2024-08-12 09:47:36,127400.0,200,Buy
2024-08-12 09:47:36,127400.0,200,Buy
2024-08-12 09:47:40,127300.0,700,Sell
2024-08-12 09:47:44,127300.0,1000,Sell
2024-08-12 09:47:53,127300.0,100,Sell
2024-08-12 09:47:57,127400.0,100,Buy
2024-08-12 09:47:57,127400.0,400,Buy
2024-08-12 09:48:05,127400.0,4700,Buy
2024-08-12 09:48:05,127400.0,100,Buy
2024-08-12 09:48:05,127400.0,100,Buy
2024-08-12 09:48:05,127400.0,100,Buy
2024-08-12 09:48:16,127400.0,100,Buy
2024-08-12 09:48:16,127400.0,100,Buy
2024-08-12 09:48:16,127400.0,300,Buy
2024-08-12 09:48:34,127300.0,100,Sell
2024-08-12 09:48:34,127300.0,100,Sell
2024-08-12 09:48:34,127300.0,1500,Sell
2024-08-12 09:48:34,127300.0,1700,Sell
2024-08-12 09:48:34,127300.0,1300,Sell
2024-08-12 09:48:34,127300.0,100,Sell
2024-08-12 09:48:34,127300.0,500,Sell
2024-08-12 09:48:34,127300.0,100,Sell
2024-08-12 09:48:34,127300.0,200,Sell
2024-08-12 09:48:34,127300.0,300,Sell
2024-08-12 09:48:34,127300.0,500,Sell
2024-08-12 09:48:34,127300.0,200,Sell
2024-08-12 09:48:34,127300.0,800,Sell
2024-08-12 09:48:34,127300.0,100,Sell
2024-08-12 09:48:34,127300.0,100,Sell
2024-08-12 09:48:34,127300.0,100,Sell
2024-08-12 09:48:34,127300.0,500,Sell
2024-08-12 09:48:34,127300.0,100,Sell
2024-08-12 09:48:34,127300.0,200,Sell
2024-08-12 09:48:34,127300.0,600,Sell
2024-08-12 09:48:34,127300.0,600,Sell
2024-08-12 09:48:34,127300.0,100,Sell
2024-08-12 09:48:34,127300.0,200,Sell
2024-08-12 09:49:02,127300.0,1800,Sell
2024-08-12 09:49:02,127300.0,1400,Sell
2024-08-12 09:49:02,127300.0,100,Sell
2024-08-12 09:49:02,127300.0,200,Sell
2024-08-12 09:49:02,127300.0,5000,Sell
2024-08-12 09:49:02,127300.0,100,Sell
2024-08-12 09:49:02,127300.0,1200,Sell
2024-08-12 09:49:02,127300.0,200,Sell
2024-08-12 09:49:05,127300.0,1300,Sell
2024-08-12 09:49:05,127300.0,200,Sell
2024-08-12 09:49:12,127400.0,500,Buy
2024-08-12 09:49:15,127300.0,500,Buy
2024-08-12 09:49:15,127300.0,400,Buy
2024-08-12 09:49:19,127200.0,500,Sell
2024-08-12 09:49:19,127200.0,400,Sell
2024-08-12 09:49:19,127200.0,100,Sell
2024-08-12 09:49:36,127200.0,100,Sell
2024-08-12 09:49:36,127200.0,200,Sell
2024-08-12 09:49:36,127200.0,2500,Sell
2024-08-12 09:49:37,127200.0,2500,Sell
2024-08-12 09:49:37,127200.0,500,Sell
2024-08-12 09:49:37,127200.0,300,Sell
2024-08-12 09:49:37,127200.0,400,Sell
2024-08-12 09:49:42,127200.0,300,Sell
2024-08-12 09:49:46,127300.0,500,Buy
2024-08-12 09:49:50,127300.0,1200,Buy
2024-08-12 09:49:50,127300.0,100,Buy
2024-08-12 09:49:50,127300.0,100,Buy
2024-08-12 09:49:50,127300.0,100,Buy
2024-08-12 09:49:50,127300.0,500,Buy
2024-08-12 09:49:53,127300.0,2000,Buy
2024-08-12 09:50:02,127300.0,500,Buy
2024-08-12 09:50:16,127300.0,1000,Buy
2024-08-12 09:50:16,127300.0,300,Buy
2024-08-12 09:50:36,127300.0,200,Buy
2024-08-12 09:50:49,127300.0,400,Buy
2024-08-12 09:50:49,127300.0,100,Buy
2024-08-12 09:51:08,127200.0,400,Sell
2024-08-12 09:51:32,127200.0,100,Sell
2024-08-12 09:51:32,127200.0,100,Sell
2024-08-12 09:51:35,127300.0,500,Buy
2024-08-12 09:51:42,127300.0,1300,Buy
2024-08-12 09:52:08,127300.0,1500,Buy
2024-08-12 09:52:21,127300.0,1400,Buy
2024-08-12 09:52:21,127300.0,100,Buy
2024-08-12 09:52:21,127300.0,200,Buy
2024-08-12 09:52:21,127300.0,100,Buy
2024-08-12 09:52:21,127300.0,200,Buy
2024-08-12 09:52:25,127300.0,100,Buy
2024-08-12 09:52:25,127300.0,500,Buy
2024-08-12 09:52:45,127200.0,600,Sell
2024-08-12 09:52:45,127200.0,100,Sell
2024-08-12 09:52:45,127200.0,2400,Sell
2024-08-12 09:52:45,127200.0,1300,Sell
2024-08-12 09:52:45,127200.0,200,Sell
2024-08-12 09:52:45,127200.0,400,Sell
2024-08-12 09:52:48,127200.0,100,Sell
2024-08-12 09:52:49,127200.0,300,Sell
2024-08-12 09:52:49,127200.0,500,Sell
2024-08-12 09:52:52,127200.0,2000,Sell
2024-08-12 09:52:57,127300.0,300,Buy
2024-08-12 09:53:05,127300.0,1200,Buy
2024-08-12 09:53:20,127200.0,200,Sell
2024-08-12 09:53:24,127300.0,500,Buy
2024-08-12 09:53:53,127200.0,100,Sell
2024-08-12 09:54:01,127300.0,200,Buy
2024-08-12 09:54:01,127300.0,200,Buy
2024-08-12 09:54:02,127300.0,400,Buy
2024-08-12 09:54:10,127200.0,300,Sell
2024-08-12 09:54:15,127200.0,100,Sell
2024-08-12 09:54:16,127200.0,100,Sell
2024-08-12 09:54:25,127200.0,100,Sell
2024-08-12 09:54:47,127200.0,2100,Sell
2024-08-12 09:54:48,127200.0,500,Sell
2024-08-12 09:54:48,127200.0,200,Sell
2024-08-12 09:54:48,127200.0,500,Sell
2024-08-12 09:54:48,127200.0,1600,Sell
2024-08-12 09:54:48,127200.0,200,Sell
2024-08-12 09:54:51,127200.0,200,Sell
2024-08-12 09:54:53,127200.0,100,Sell
2024-08-12 09:55:00,127200.0,100,Sell
2024-08-12 09:55:00,127200.0,100,Sell
2024-08-12 09:55:06,127200.0,100,Sell
2024-08-12 09:55:06,127200.0,400,Sell
2024-08-12 09:55:10,127200.0,300,Sell
2024-08-12 09:55:13,127300.0,100,Buy
2024-08-12 09:55:13,127300.0,100,Buy
2024-08-12 09:55:13,127300.0,300,Buy
2024-08-12 09:55:21,127200.0,100,Sell
2024-08-12 09:55:21,127200.0,1700,Sell
2024-08-12 09:55:21,127200.0,400,Sell
2024-08-12 09:55:25,127200.0,100,Sell
2024-08-12 09:55:30,127200.0,100,Sell
2024-08-12 09:55:31,127300.0,200,Buy
2024-08-12 09:55:38,127300.0,500,Buy
2024-08-12 09:55:39,127200.0,100,Sell
2024-08-12 09:55:40,127200.0,200,Sell
2024-08-12 09:55:55,127300.0,200,Buy
2024-08-12 09:56:00,127200.0,200,Sell
2024-08-12 09:56:02,127200.0,100,Sell
2024-08-12 09:56:07,127200.0,200,Sell
2024-08-12 09:56:14,127200.0,1200,Sell
2024-08-12 09:56:14,127200.0,2400,Sell
2024-08-12 09:56:14,127200.0,200,Sell
2024-08-12 09:56:14,127200.0,300,Sell
2024-08-12 09:56:14,127200.0,2000,Sell
2024-08-12 09:56:14,127200.0,500,Sell
2024-08-12 09:56:14,127200.0,500,Sell
2024-08-12 09:56:28,127200.0,300,Sell
2024-08-12 09:56:28,127200.0,700,Sell
2024-08-12 09:56:30,127200.0,100,Sell
2024-08-12 09:56:43,127200.0,1000,Sell
2024-08-12 09:56:52,127200.0,1700,Sell
2024-08-12 09:56:52,127200.0,1300,Sell
2024-08-12 09:56:52,127200.0,100,Sell
2024-08-12 09:56:52,127200.0,100,Sell
2024-08-12 09:56:52,127200.0,1300,Buy
2024-08-12 09:56:52,127200.0,1600,Buy
2024-08-12 09:56:52,127200.0,300,Buy
2024-08-12 09:56:52,127200.0,600,Sell
2024-08-12 09:57:02,127200.0,500,Buy
2024-08-12 09:57:07,127200.0,300,Buy
2024-08-12 09:57:15,127200.0,500,Buy
2024-08-12 09:57:17,127200.0,200,Buy
2024-08-12 09:57:17,127200.0,100,Buy
2024-08-12 09:57:17,127200.0,900,Buy
2024-08-12 09:57:40,127200.0,500,Buy
2024-08-12 09:57:40,127200.0,1500,Buy
2024-08-12 09:57:45,127200.0,2000,Buy
2024-08-12 09:57:53,127200.0,200,Buy
2024-08-12 09:57:59,127100.0,600,Sell
2024-08-12 09:58:08,127100.0,100,Sell
2024-08-12 09:58:09,127200.0,3000,Buy
2024-08-12 09:58:09,127200.0,100,Buy
2024-08-12 09:58:09,127200.0,300,Buy
2024-08-12 09:58:09,127200.0,500,Buy
2024-08-12 09:58:09,127200.0,200,Buy
2024-08-12 09:58:40,127200.0,1300,Buy
2024-08-12 09:58:42,127200.0,100,Buy
2024-08-12 09:58:51,127200.0,500,Buy
2024-08-12 09:58:51,127200.0,200,Buy
2024-08-12 09:58:51,127200.0,300,Buy
2024-08-12 09:59:03,127200.0,100,Buy
2024-08-12 09:59:19,127200.0,200,Buy
2024-08-12 09:59:19,127200.0,1000,Buy
2024-08-12 09:59:19,127200.0,2000,Buy
2024-08-12 09:59:19,127200.0,1300,Buy
2024-08-12 09:59:19,127200.0,500,Buy
2024-08-12 09:59:26,127200.0,3700,Buy
2024-08-12 09:59:26,127200.0,500,Buy
2024-08-12 09:59:26,127200.0,100,Buy
2024-08-12 09:59:26,127200.0,400,Buy
2024-08-12 09:59:26,127200.0,300,Buy
2024-08-12 09:59:31,127100.0,1500,Sell
2024-08-12 09:59:31,127100.0,600,Sell
2024-08-12 09:59:31,127100.0,500,Sell
2024-08-12 09:59:31,127100.0,2400,Sell
2024-08-12 09:59:53,127100.0,1600,Sell
2024-08-12 09:59:53,127100.0,300,Sell
2024-08-12 09:59:53,127100.0,500,Sell
2024-08-12 09:59:53,127200.0,1600,Sell
2024-08-12 09:59:53,127200.0,1000,Sell
2024-08-12 09:59:53,127200.0,600,Sell
2024-08-12 09:59:53,127200.0,500,Sell
2024-08-12 09:59:53,127200.0,300,Sell
2024-08-12 10:00:27,127200.0,400,Buy
2024-08-12 10:00:30,127200.0,100,Buy
2024-08-12 10:00:30,127200.0,200,Buy
2024-08-12 10:00:33,127100.0,100,Sell
2024-08-12 10:00:40,127200.0,300,Buy
2024-08-12 10:00:40,127200.0,200,Buy
2024-08-12 10:00:53,127100.0,100,Sell
2024-08-12 10:01:18,127100.0,500,Sell
2024-08-12 10:01:18,127100.0,100,Sell
2024-08-12 10:01:18,127100.0,400,Sell
2024-08-12 10:01:20,127200.0,1700,Buy
2024-08-12 10:01:21,127200.0,1800,Buy
2024-08-12 10:01:25,127200.0,1000,Buy
2024-08-12 10:01:25,127200.0,100,Buy
2024-08-12 10:01:25,127200.0,100,Buy
2024-08-12 10:01:25,127200.0,400,Buy
2024-08-12 10:01:25,127200.0,100,Buy
2024-08-12 10:01:25,127200.0,100,Buy
2024-08-12 10:01:25,127200.0,1700,Buy
2024-08-12 10:01:34,127200.0,300,Sell
2024-08-12 10:01:35,127200.0,1100,Sell
2024-08-12 10:01:38,127200.0,1000,Sell
2024-08-12 10:01:41,127200.0,300,Sell
2024-08-12 10:01:43,127200.0,100,Sell
2024-08-12 10:02:04,127300.0,500,Buy
2024-08-12 10:02:18,127200.0,100,Sell
2024-08-12 10:02:30,127300.0,500,Buy
2024-08-12 10:02:39,127200.0,100,Sell
2024-08-12 10:02:39,127200.0,200,Sell
2024-08-12 10:02:54,127300.0,500,Buy
2024-08-12 10:02:59,127200.0,300,Sell
2024-08-12 10:02:59,127200.0,700,Sell
2024-08-12 10:03:19,127200.0,100,Sell
2024-08-12 10:03:41,127300.0,100,Buy
2024-08-12 10:03:41,127300.0,500,Buy
2024-08-12 10:03:41,127300.0,100,Buy
2024-08-12 10:03:52,127200.0,100,Sell
2024-08-12 10:03:54,127200.0,300,Sell
2024-08-12 10:03:54,127200.0,200,Sell
2024-08-12 10:04:05,127200.0,100,Sell
2024-08-12 10:04:19,127300.0,500,Buy
2024-08-12 10:04:19,127200.0,200,Sell
2024-08-12 10:04:36,127200.0,300,Sell
2024-08-12 10:04:42,127200.0,1600,Sell
2024-08-12 10:04:57,127200.0,200,Sell
2024-08-12 10:04:57,127200.0,300,Sell
2024-08-12 10:05:15,127200.0,2100,Sell
2024-08-12 10:05:15,127200.0,1900,Sell
2024-08-12 10:05:18,127300.0,500,Buy
2024-08-12 10:05:26,127200.0,1500,Sell
2024-08-12 10:05:27,127200.0,100,Sell
2024-08-12 10:06:04,127300.0,600,Buy
2024-08-12 10:06:04,127300.0,400,Buy
2024-08-12 10:06:07,127300.0,5200,Buy
2024-08-12 10:06:08,127300.0,500,Buy
2024-08-12 10:06:08,127300.0,400,Buy
2024-08-12 10:06:08,127300.0,4400,Buy
2024-08-12 10:06:13,127200.0,200,Sell
2024-08-12 10:06:21,127300.0,200,Buy
2024-08-12 10:06:21,127300.0,500,Buy
2024-08-12 10:06:21,127300.0,900,Buy
2024-08-12 10:06:21,127300.0,1700,Buy
2024-08-12 10:06:21,127300.0,1700,Buy
2024-08-12 10:06:22,127300.0,700,Buy
2024-08-12 10:06:22,127300.0,300,Buy
2024-08-12 10:06:26,127300.0,300,Buy
2024-08-12 10:06:26,127300.0,700,Buy
2024-08-12 10:06:30,127200.0,700,Sell
2024-08-12 10:06:31,127300.0,2300,Buy
2024-08-12 10:06:32,127300.0,100,Buy
2024-08-12 10:06:32,127300.0,1000,Buy
2024-08-12 10:06:32,127300.0,200,Buy
2024-08-12 10:06:32,127300.0,1000,Buy
2024-08-12 10:06:32,127300.0,400,Buy
2024-08-12 10:06:32,127300.0,100,Buy
2024-08-12 10:06:32,127300.0,200,Buy
2024-08-12 10:06:32,127300.0,700,Buy
2024-08-12 10:06:32,127300.0,300,Buy
2024-08-12 10:06:32,127300.0,1500,Buy
2024-08-12 10:06:32,127300.0,200,Buy
2024-08-12 10:06:32,127300.0,200,Buy
2024-08-12 10:06:32,127300.0,500,Buy
2024-08-12 10:06:32,127300.0,100,Buy
2024-08-12 10:06:32,127300.0,2100,Buy
2024-08-12 10:06:32,127300.0,100,Buy
2024-08-12 10:06:32,127300.0,200,Buy
2024-08-12 10:06:32,127300.0,1800,Buy
2024-08-12 10:06:32,127300.0,6000,Buy
2024-08-12 10:06:32,127300.0,4000,Buy
2024-08-12 10:06:32,127300.0,2500,Buy
2024-08-12 10:06:32,127300.0,5100,Buy
2024-08-12 10:06:32,127300.0,1000,Buy
2024-08-12 10:06:32,127300.0,100,Buy
2024-08-12 10:06:32,127300.0,500,Buy
2024-08-12 10:06:32,127300.0,200,Buy
2024-08-12 10:06:32,127300.0,200,Buy
2024-08-12 10:06:32,127300.0,100,Buy
2024-08-12 10:06:32,127300.0,200,Buy
2024-08-12 10:06:32,127300.0,500,Buy
2024-08-12 10:06:32,127300.0,100,Buy
2024-08-12 10:06:32,127300.0,500,Buy
2024-08-12 10:06:32,127300.0,100,Buy
2024-08-12 10:06:32,127300.0,200,Buy
2024-08-12 10:06:32,127300.0,100,Buy
2024-08-12 10:06:32,127300.0,200,Buy
2024-08-12 10:06:44,127300.0,100,Sell
2024-08-12 10:06:54,127400.0,400,Buy
2024-08-12 10:07:05,127400.0,1300,Buy
2024-08-12 10:07:06,127400.0,200,Buy
2024-08-12 10:07:06,127400.0,1100,Buy
2024-08-12 10:07:06,127400.0,1300,Buy
2024-08-12 10:07:06,127400.0,200,Buy
2024-08-12 10:07:07,127400.0,100,Buy
2024-08-12 10:07:07,127400.0,100,Buy
2024-08-12 10:07:07,127400.0,100,Buy
2024-08-12 10:07:07,127400.0,400,Buy
2024-08-12 10:07:08,127400.0,400,Buy
2024-08-12 10:07:19,127400.0,1000,Buy
2024-08-12 10:07:19,127400.0,500,Buy
2024-08-12 10:07:19,127400.0,1000,Buy
2024-08-12 10:07:19,127400.0,100,Buy
2024-08-12 10:07:19,127400.0,500,Buy
2024-08-12 10:07:19,127400.0,100,Buy
2024-08-12 10:07:19,127400.0,300,Buy
2024-08-12 10:07:19,127400.0,200,Buy
2024-08-12 10:07:19,127400.0,100,Buy
2024-08-12 10:07:19,127400.0,100,Buy
2024-08-12 10:07:19,127400.0,100,Buy
2024-08-12 10:07:19,127400.0,500,Buy
2024-08-12 10:07:19,127400.0,500,Buy
2024-08-12 10:07:21,127400.0,100,Buy
2024-08-12 10:07:21,127400.0,100,Buy
2024-08-12 10:07:21,127400.0,100,Buy
2024-08-12 10:07:21,127400.0,100,Buy
2024-08-12 10:07:21,127400.0,300,Buy
2024-08-12 10:07:21,127400.0,200,Buy
2024-08-12 10:07:21,127400.0,100,Buy
2024-08-12 10:07:22,127400.0,200,Buy
2024-08-12 10:07:29,127400.0,2500,Buy
2024-08-12 10:07:29,127400.0,600,Buy
2024-08-12 10:07:29,127400.0,100,Buy
2024-08-12 10:07:29,127400.0,100,Buy
2024-08-12 10:07:29,127400.0,100,Buy
2024-08-12 10:07:33,127400.0,300,Sell
2024-08-12 10:07:38,127400.0,1000,Sell
2024-08-12 10:07:44,127400.0,300,Sell
2024-08-12 10:07:44,127400.0,4600,Sell
2024-08-12 10:07:44,127400.0,10500,Sell
2024-08-12 10:07:44,127400.0,600,Sell
2024-08-12 10:07:44,127400.0,4000,Sell
2024-08-12 10:07:57,127500.0,500,Buy
2024-08-12 10:07:58,127500.0,100,Buy
2024-08-12 10:07:59,127400.0,400,Sell
2024-08-12 10:07:59,127400.0,200,Sell
2024-08-12 10:08:23,127400.0,100,Sell
2024-08-12 10:08:28,127500.0,200,Buy
2024-08-12 10:08:28,127500.0,300,Buy
2024-08-12 10:08:28,127500.0,100,Buy
2024-08-12 10:08:28,127500.0,100,Buy
2024-08-12 10:08:28,127500.0,100,Buy
2024-08-12 10:08:28,127500.0,200,Buy
2024-08-12 10:08:28,127500.0,100,Buy
2024-08-12 10:08:28,127500.0,100,Buy
2024-08-12 10:08:29,127500.0,400,Buy
2024-08-12 10:08:30,127500.0,100,Buy
2024-08-12 10:08:30,127500.0,100,Buy
2024-08-12 10:08:30,127400.0,500,Sell
2024-08-12 10:08:31,127500.0,100,Buy
2024-08-12 10:08:31,127500.0,400,Buy
2024-08-12 10:08:32,127500.0,100,Buy
2024-08-12 10:08:42,127500.0,100,Buy
2024-08-12 10:08:42,127500.0,100,Buy
2024-08-12 10:08:42,127500.0,200,Buy
2024-08-12 10:08:49,127500.0,100,Buy
2024-08-12 10:08:50,127400.0,100,Sell
2024-08-12 10:09:21,127400.0,200,Sell
2024-08-12 10:09:31,127400.0,100,Sell
2024-08-12 10:09:41,127400.0,100,Sell
2024-08-12 10:09:43,127500.0,300,Buy
2024-08-12 10:09:46,127500.0,500,Buy
2024-08-12 10:09:47,127500.0,100,Buy
2024-08-12 10:09:49,127400.0,100,Sell
2024-08-12 10:09:49,127500.0,100,Buy
2024-08-12 10:09:49,127500.0,100,Buy
2024-08-12 10:09:49,127500.0,1400,Buy
2024-08-12 10:09:50,127500.0,300,Buy
2024-08-12 10:09:51,127400.0,400,Sell
2024-08-12 10:09:57,127500.0,100,Buy
2024-08-12 10:10:00,127400.0,100,Sell
2024-08-12 10:10:03,127400.0,100,Sell
2024-08-12 10:10:07,127500.0,500,Buy
2024-08-12 10:10:08,127500.0,100,Buy
2024-08-12 10:10:09,127400.0,500,Sell
2024-08-12 10:10:12,127500.0,200,Buy
2024-08-12 10:10:25,127500.0,100,Buy
2024-08-12 10:10:56,127500.0,100,Buy
2024-08-12 10:11:00,127400.0,500,Sell
2024-08-12 10:11:20,127500.0,100,Buy
2024-08-12 10:11:20,127500.0,100,Buy
2024-08-12 10:11:20,127500.0,800,Buy
2024-08-12 10:11:20,127500.0,500,Buy
2024-08-12 10:11:20,127500.0,200,Buy
2024-08-12 10:11:20,127500.0,1700,Buy
2024-08-12 10:11:21,127500.0,100,Buy
2024-08-12 10:11:21,127500.0,1500,Buy
2024-08-12 10:11:22,127500.0,400,Buy
2024-08-12 10:11:22,127500.0,500,Buy
2024-08-12 10:11:22,127500.0,200,Buy
2024-08-12 10:11:22,127500.0,100,Buy
2024-08-12 10:11:22,127500.0,200,Buy
2024-08-12 10:11:23,127500.0,200,Buy
2024-08-12 10:11:32,127500.0,700,Buy
2024-08-12 10:11:34,127500.0,100,Buy
2024-08-12 10:11:35,127500.0,500,Buy
2024-08-12 10:11:36,127500.0,100,Buy
2024-08-12 10:11:37,127500.0,200,Buy
2024-08-12 10:11:43,127400.0,100,Sell
2024-08-12 10:11:43,127400.0,500,Sell
2024-08-12 10:11:43,127400.0,100,Sell
2024-08-12 10:11:43,127400.0,1200,Sell
2024-08-12 10:11:43,127400.0,600,Sell
2024-08-12 10:11:43,127400.0,100,Sell
2024-08-12 10:11:43,127400.0,100,Sell
2024-08-12 10:11:43,127400.0,1200,Sell
2024-08-12 10:11:43,127400.0,100,Sell
2024-08-12 10:11:44,127500.0,500,Buy
2024-08-12 10:11:45,127500.0,100,Buy
2024-08-12 10:11:47,127500.0,2000,Buy
2024-08-12 10:11:48,127500.0,400,Buy
2024-08-12 10:11:52,127500.0,200,Buy
2024-08-12 10:11:52,127500.0,100,Buy
2024-08-12 10:11:52,127500.0,1000,Buy
2024-08-12 10:11:52,127500.0,100,Buy
2024-08-12 10:11:52,127500.0,100,Buy
2024-08-12 10:11:52,127500.0,100,Buy
2024-08-12 10:11:52,127500.0,400,Buy
2024-08-12 10:11:53,127500.0,400,Buy
2024-08-12 10:11:55,127500.0,600,Buy
2024-08-12 10:11:56,127500.0,100,Buy
2024-08-12 10:12:06,127500.0,200,Buy
2024-08-12 10:12:08,127500.0,100,Buy
2024-08-12 10:12:09,127400.0,100,Sell
2024-08-12 10:12:09,127400.0,300,Sell
2024-08-12 10:12:09,127400.0,100,Sell
2024-08-12 10:12:09,127400.0,100,Sell
2024-08-12 10:12:14,127500.0,500,Buy
2024-08-12 10:12:14,127500.0,100,Buy
2024-08-12 10:12:14,127500.0,100,Buy
2024-08-12 10:12:14,127500.0,400,Buy
2024-08-12 10:12:14,127500.0,300,Buy
2024-08-12 10:12:15,127500.0,200,Buy
2024-08-12 10:12:21,127500.0,500,Buy
2024-08-12 10:12:22,127500.0,100,Buy
2024-08-12 10:12:25,127500.0,100,Buy
2024-08-12 10:12:25,127500.0,200,Buy
2024-08-12 10:12:25,127500.0,800,Buy
2024-08-12 10:12:27,127500.0,100,Buy
2024-08-12 10:12:40,127500.0,1300,Buy
2024-08-12 10:12:42,127500.0,200,Buy
2024-08-12 10:12:48,127500.0,100,Buy
2024-08-12 10:13:03,127400.0,100,Sell
2024-08-12 10:13:03,127400.0,500,Sell
2024-08-12 10:13:04,127500.0,1000,Buy
2024-08-12 10:13:04,127500.0,100,Buy
2024-08-12 10:13:04,127500.0,100,Buy
2024-08-12 10:13:04,127500.0,300,Buy
2024-08-12 10:13:04,127500.0,100,Buy
2024-08-12 10:13:04,127500.0,400,Buy
2024-08-12 10:13:04,127500.0,1000,Buy
2024-08-12 10:13:05,127500.0,600,Buy
2024-08-12 10:13:06,127500.0,100,Buy
2024-08-12 10:13:17,127500.0,100,Buy
2024-08-12 10:13:17,127500.0,100,Buy
2024-08-12 10:13:17,127500.0,100,Buy
2024-08-12 10:13:17,127500.0,100,Buy
2024-08-12 10:13:17,127500.0,3000,Buy
2024-08-12 10:13:17,127500.0,500,Buy
2024-08-12 10:13:17,127500.0,1000,Buy
2024-08-12 10:13:17,127500.0,100,Buy
2024-08-12 10:13:17,127500.0,100,Buy
2024-08-12 10:13:17,127500.0,100,Buy
2024-08-12 10:13:17,127500.0,100,Buy
2024-08-12 10:13:17,127500.0,1000,Buy
2024-08-12 10:13:17,127500.0,200,Buy
2024-08-12 10:13:17,127500.0,100,Buy
2024-08-12 10:13:17,127500.0,1200,Buy
2024-08-12 10:13:17,127500.0,100,Buy
2024-08-12 10:13:18,127500.0,100,Buy
2024-08-12 10:13:19,127500.0,900,Buy
2024-08-12 10:13:19,127500.0,200,Buy
2024-08-12 10:13:19,127500.0,100,Buy
2024-08-12 10:13:19,127500.0,100,Buy
2024-08-12 10:13:19,127500.0,300,Buy
2024-08-12 10:13:20,127500.0,300,Buy
2024-08-12 10:13:20,127500.0,200,Buy
2024-08-12 10:13:20,127500.0,100,Buy
2024-08-12 10:13:20,127500.0,900,Buy
2024-08-12 10:13:20,127500.0,100,Buy
2024-08-12 10:13:20,127500.0,100,Buy
2024-08-12 10:13:22,127400.0,200,Sell
2024-08-12 10:13:22,127400.0,1700,Sell
2024-08-12 10:13:22,127400.0,1300,Sell
2024-08-12 10:13:22,127400.0,500,Sell
2024-08-12 10:13:22,127400.0,100,Sell
2024-08-12 10:13:22,127400.0,1000,Sell
2024-08-12 10:13:22,127400.0,100,Sell
2024-08-12 10:13:22,127400.0,100,Sell
2024-08-12 10:13:24,127500.0,100,Buy
2024-08-12 10:13:24,127500.0,200,Buy
2024-08-12 10:13:24,127500.0,300,Buy
2024-08-12 10:13:24,127500.0,300,Buy
2024-08-12 10:13:25,127500.0,100,Buy
2024-08-12 10:13:40,127500.0,100,Buy
2024-08-12 10:13:40,127500.0,100,Buy
2024-08-12 10:13:40,127500.0,200,Buy
2024-08-12 10:13:40,127500.0,1300,Buy
2024-08-12 10:13:40,127500.0,100,Buy
2024-08-12 10:13:40,127500.0,100,Buy
2024-08-12 10:13:40,127500.0,100,Buy
2024-08-12 10:13:41,127500.0,400,Buy
2024-08-12 10:13:44,127500.0,300,Buy
2024-08-12 10:13:44,127500.0,100,Buy
2024-08-12 10:13:44,127500.0,500,Buy
2024-08-12 10:13:44,127500.0,900,Buy
2024-08-12 10:13:44,127500.0,100,Buy
2024-08-12 10:13:44,127500.0,100,Buy
2024-08-12 10:13:44,127500.0,3000,Buy
2024-08-12 10:13:44,127500.0,100,Buy
2024-08-12 10:13:46,127500.0,200,Buy
2024-08-12 10:13:46,127500.0,300,Buy
2024-08-12 10:13:46,127500.0,100,Buy
2024-08-12 10:13:46,127500.0,200,Buy
2024-08-12 10:13:46,127500.0,100,Buy
2024-08-12 10:13:48,127500.0,3000,Buy
2024-08-12 10:13:48,127500.0,300,Buy
2024-08-12 10:13:48,127500.0,400,Buy
2024-08-12 10:13:48,127500.0,400,Buy
2024-08-12 10:13:48,127500.0,900,Buy
2024-08-12 10:13:51,127500.0,100,Buy
2024-08-12 10:13:52,127500.0,500,Sell
2024-08-12 10:13:52,127500.0,200,Sell
2024-08-12 10:13:52,127500.0,100,Sell
2024-08-12 10:13:52,127500.0,100,Sell
2024-08-12 10:13:59,127600.0,800,Buy
2024-08-12 10:13:59,127600.0,100,Buy
2024-08-12 10:13:59,127600.0,100,Buy
2024-08-12 10:14:04,127600.0,200,Buy
2024-08-12 10:14:04,127600.0,100,Buy
2024-08-12 10:14:04,127600.0,400,Buy
2024-08-12 10:14:04,127600.0,200,Buy
2024-08-12 10:14:05,127600.0,200,Buy
2024-08-12 10:14:05,127600.0,100,Buy
2024-08-12 10:14:15,127600.0,500,Buy
2024-08-12 10:14:16,127600.0,100,Buy
2024-08-12 10:14:22,127600.0,200,Buy
2024-08-12 10:14:25,127600.0,300,Buy
2024-08-12 10:14:25,127600.0,100,Buy
2024-08-12 10:14:25,127600.0,100,Buy
2024-08-12 10:14:27,127600.0,100,Buy
2024-08-12 10:14:31,127600.0,100,Sell
2024-08-12 10:14:31,127600.0,100,Sell
2024-08-12 10:14:43,127700.0,100,Buy
2024-08-12 10:14:44,127700.0,2000,Buy
2024-08-12 10:14:45,127700.0,400,Buy
2024-08-12 10:14:47,127700.0,7500,Buy
2024-08-12 10:14:47,127700.0,100,Buy
2024-08-12 10:14:47,127700.0,400,Buy
2024-08-12 10:14:49,127700.0,100,Buy
2024-08-12 10:14:49,127700.0,100,Buy
2024-08-12 10:14:49,127700.0,700,Buy
2024-08-12 10:14:49,127700.0,500,Buy
2024-08-12 10:14:54,127700.0,100,Buy
2024-08-12 10:14:54,127700.0,100,Buy
2024-08-12 10:14:54,127700.0,800,Buy
2024-08-12 10:14:59,127700.0,700,Buy
2024-08-12 10:14:59,127700.0,200,Buy
2024-08-12 10:14:59,127700.0,100,Buy
2024-08-12 10:15:09,127700.0,200,Buy
2024-08-12 10:15:09,127700.0,100,Buy
2024-08-12 10:15:11,127700.0,100,Sell
2024-08-12 10:15:13,127800.0,400,Buy
2024-08-12 10:15:13,127800.0,500,Buy
2024-08-12 10:15:13,127800.0,200,Buy
2024-08-12 10:15:13,127800.0,100,Buy
2024-08-12 10:15:13,127800.0,6500,Buy
2024-08-12 10:15:13,127800.0,100,Buy
2024-08-12 10:15:14,127800.0,500,Buy
2024-08-12 10:15:14,127800.0,100,Buy
2024-08-12 10:15:28,127800.0,1300,Buy
2024-08-12 10:15:29,127700.0,100,Sell
2024-08-12 10:15:52,127700.0,200,Sell
2024-08-12 10:15:54,127800.0,700,Buy
2024-08-12 10:15:55,127700.0,100,Sell
2024-08-12 10:16:01,127800.0,500,Buy
2024-08-12 10:16:10,127800.0,500,Buy
2024-08-12 10:16:25,127800.0,1700,Buy
2024-08-12 10:16:25,127800.0,1700,Buy
2024-08-12 10:16:28,127800.0,100,Buy
2024-08-12 10:16:30,127800.0,5000,Buy
2024-08-12 10:16:32,127800.0,2600,Buy
2024-08-12 10:16:32,127800.0,2400,Buy
2024-08-12 10:16:35,127800.0,5600,Buy
2024-08-12 10:16:36,127800.0,3700,Sell
2024-08-12 10:16:36,127800.0,200,Buy
2024-08-12 10:16:36,127800.0,300,Buy
2024-08-12 10:16:36,127800.0,200,Buy
2024-08-12 10:16:36,127800.0,100,Buy
2024-08-12 10:16:36,127800.0,200,Buy
2024-08-12 10:16:36,127800.0,100,Buy
2024-08-12 10:16:36,127800.0,500,Buy
2024-08-12 10:16:36,127800.0,100,Buy
2024-08-12 10:16:36,127800.0,100,Buy
2024-08-12 10:16:36,127800.0,100,Buy
2024-08-12 10:16:36,127800.0,100,Buy
2024-08-12 10:16:36,127800.0,500,Buy
2024-08-12 10:16:36,127800.0,100,Buy
2024-08-12 10:16:36,127800.0,100,Buy
2024-08-12 10:16:36,127800.0,100,Buy
2024-08-12 10:16:36,127800.0,20800,Buy
2024-08-12 10:16:36,127800.0,300,Buy
2024-08-12 10:16:45,127800.0,400,Sell
2024-08-12 10:16:52,127900.0,1300,Buy
2024-08-12 10:16:52,127900.0,3000,Buy
2024-08-12 10:16:52,127900.0,200,Buy
2024-08-12 10:16:52,127900.0,100,Buy
2024-08-12 10:16:52,127900.0,500,Buy
2024-08-12 10:16:53,127900.0,500,Buy
2024-08-12 10:16:53,127900.0,3600,Buy
2024-08-12 10:16:53,127900.0,200,Buy
2024-08-12 10:16:53,127900.0,1000,Buy
2024-08-12 10:16:54,127800.0,100,Sell
2024-08-12 10:16:54,127900.0,200,Buy
2024-08-12 10:16:55,127900.0,100,Buy
2024-08-12 10:16:56,127900.0,200,Buy
2024-08-12 10:16:56,127900.0,100,Buy
2024-08-12 10:16:56,127900.0,100,Buy
2024-08-12 10:16:56,127900.0,2400,Buy
2024-08-12 10:16:56,127900.0,100,Buy
2024-08-12 10:16:56,127900.0,100,Buy
2024-08-12 10:16:56,127900.0,100,Buy
2024-08-12 10:16:56,127900.0,200,Buy
2024-08-12 10:17:00,127900.0,100,Buy
2024-08-12 10:17:00,127900.0,100,Buy
2024-08-12 10:17:00,127900.0,100,Buy
2024-08-12 10:17:00,127900.0,200,Buy
2024-08-12 10:17:00,127900.0,100,Buy
2024-08-12 10:17:00,127900.0,500,Buy
2024-08-12 10:17:00,127900.0,100,Buy
2024-08-12 10:17:01,127900.0,400,Buy
2024-08-12 10:17:01,127900.0,100,Buy
2024-08-12 10:17:03,127900.0,400,Buy
2024-08-12 10:17:03,127900.0,100,Buy
2024-08-12 10:17:04,127900.0,100,Buy
2024-08-12 10:17:05,127900.0,1000,Sell
2024-08-12 10:17:05,127900.0,100,Sell
2024-08-12 10:17:09,128000.0,600,Buy
2024-08-12 10:17:09,128000.0,200,Buy
2024-08-12 10:17:09,128000.0,100,Buy
2024-08-12 10:17:09,128000.0,100,Buy
2024-08-12 10:17:11,127900.0,300,Sell
2024-08-12 10:17:16,128000.0,1000,Buy
2024-08-12 10:17:26,128000.0,100,Buy
2024-08-12 10:17:29,128000.0,100,Buy
2024-08-12 10:17:31,128000.0,300,Buy
2024-08-12 10:17:31,128000.0,2000,Buy
2024-08-12 10:17:31,128000.0,800,Buy
2024-08-12 10:17:31,128000.0,100,Buy
2024-08-12 10:17:31,128000.0,100,Buy
2024-08-12 10:17:31,128000.0,2100,Buy
2024-08-12 10:17:31,128000.0,1000,Buy
2024-08-12 10:17:32,128000.0,100,Buy
2024-08-12 10:17:32,128000.0,500,Buy
2024-08-12 10:17:32,128000.0,500,Buy
2024-08-12 10:17:32,128000.0,100,Buy
2024-08-12 10:17:32,128000.0,100,Buy
2024-08-12 10:17:32,128000.0,100,Buy
2024-08-12 10:17:32,128000.0,100,Buy
2024-08-12 10:17:32,128000.0,500,Buy
2024-08-12 10:17:32,128000.0,2000,Buy
2024-08-12 10:17:32,128000.0,1000,Buy
2024-08-12 10:17:32,128000.0,100,Buy
2024-08-12 10:17:32,128000.0,2000,Buy
2024-08-12 10:17:32,128000.0,100,Buy
2024-08-12 10:17:32,128000.0,1000,Buy
2024-08-12 10:17:32,128000.0,200,Buy
2024-08-12 10:17:32,128000.0,100,Buy
2024-08-12 10:17:32,128000.0,500,Buy
2024-08-12 10:17:32,128000.0,3100,Buy
2024-08-12 10:17:32,128000.0,100,Sell
2024-08-12 10:17:32,128000.0,100,Buy
2024-08-12 10:17:32,128000.0,100,Sell
2024-08-12 10:17:32,128000.0,100,Sell
2024-08-12 10:17:32,128000.0,100,Sell
2024-08-12 10:17:32,128000.0,100,Sell
2024-08-12 10:17:32,128000.0,1500,Sell
2024-08-12 10:17:32,128000.0,500,Sell
2024-08-12 10:17:32,128000.0,400,Sell
2024-08-12 10:17:32,128000.0,100,Buy
2024-08-12 10:17:32,128000.0,2500,Sell
2024-08-12 10:17:32,128000.0,100,Buy
2024-08-12 10:17:32,128000.0,100,Buy
2024-08-12 10:17:32,128000.0,100,Buy
2024-08-12 10:17:32,128000.0,500,Buy
2024-08-12 10:17:32,128000.0,100,Buy
2024-08-12 10:17:32,128000.0,100,Buy
2024-08-12 10:17:32,128000.0,100,Buy
2024-08-12 10:17:32,128000.0,200,Buy
2024-08-12 10:17:32,128000.0,100,Buy
2024-08-12 10:17:32,128000.0,200,Buy
2024-08-12 10:17:32,128000.0,100,Buy
2024-08-12 10:17:32,128000.0,400,Buy
2024-08-12 10:17:32,128000.0,100,Buy
2024-08-12 10:17:32,128000.0,200,Buy
2024-08-12 10:17:32,128000.0,500,Buy
2024-08-12 10:17:32,128000.0,100,Buy
2024-08-12 10:17:32,128000.0,5500,Buy
2024-08-12 10:17:32,128000.0,2000,Buy
2024-08-12 10:17:32,128000.0,100,Buy
2024-08-12 10:17:32,128000.0,200,Buy
2024-08-12 10:17:32,128000.0,300,Buy
2024-08-12 10:17:32,128000.0,200,Buy
2024-08-12 10:17:32,128000.0,100,Buy
2024-08-12 10:17:32,128000.0,3500,Buy
2024-08-12 10:17:32,128000.0,500,Buy
2024-08-12 10:17:32,128000.0,5000,Buy
2024-08-12 10:17:32,128000.0,3000,Buy
2024-08-12 10:17:32,128000.0,100,Buy
2024-08-12 10:17:32,128000.0,100,Buy
2024-08-12 10:17:32,128000.0,1000,Buy
2024-08-12 10:17:32,128000.0,100,Buy
2024-08-12 10:17:32,128000.0,19900,Buy
2024-08-12 10:17:32,128000.0,2800,Buy
2024-08-12 10:17:32,128000.0,2000,Buy
2024-08-12 10:17:32,128000.0,100,Buy
2024-08-12 10:17:32,128000.0,1100,Buy
2024-08-12 10:17:32,128000.0,1000,Buy
2024-08-12 10:17:32,128000.0,100,Buy
2024-08-12 10:17:32,128000.0,200,Buy
2024-08-12 10:17:32,128000.0,200,Buy
2024-08-12 10:17:32,128000.0,100,Buy
2024-08-12 10:17:32,128000.0,100,Buy
2024-08-12 10:17:32,128000.0,100,Buy
2024-08-12 10:17:32,128000.0,100,Buy
2024-08-12 10:17:32,128000.0,100,Buy
2024-08-12 10:17:32,128000.0,100,Buy
2024-08-12 10:17:32,128000.0,17200,Buy
2024-08-12 10:17:32,128000.0,100,Buy
2024-08-12 10:17:32,128000.0,100,Buy
2024-08-12 10:17:32,128000.0,200,Buy
2024-08-12 10:17:32,128000.0,5000,Buy
2024-08-12 10:17:37,128000.0,600,Sell
2024-08-12 10:17:37,128000.0,1000,Sell
2024-08-12 10:17:37,128000.0,200,Sell
2024-08-12 10:17:37,128000.0,200,Sell
2024-08-12 10:17:40,128100.0,5800,Buy
2024-08-12 10:17:40,128100.0,100,Buy
2024-08-12 10:17:40,128100.0,500,Buy
2024-08-12 10:17:40,128100.0,1000,Buy
2024-08-12 10:17:40,128100.0,200,Buy
2024-08-12 10:17:40,128100.0,200,Buy
2024-08-12 10:17:40,128100.0,100,Buy
2024-08-12 10:17:40,128100.0,100,Buy
2024-08-12 10:17:49,128100.0,100,Sell
2024-08-12 10:17:55,128200.0,100,Buy
2024-08-12 10:17:55,128200.0,100,Buy
2024-08-12 10:17:55,128200.0,100,Buy
2024-08-12 10:17:57,128200.0,1200,Buy
2024-08-12 10:17:58,128200.0,400,Buy
2024-08-12 10:17:58,128200.0,100,Buy
2024-08-12 10:17:58,128200.0,100,Buy
2024-08-12 10:18:02,128200.0,100,Buy
2024-08-12 10:18:03,128200.0,100,Sell
2024-08-12 10:18:03,128200.0,100,Sell
2024-08-12 10:18:03,128200.0,100,Sell
2024-08-12 10:18:12,128200.0,100,Sell
2024-08-12 10:18:18,128300.0,300,Buy
2024-08-12 10:18:18,128300.0,100,Buy
2024-08-12 10:18:18,128300.0,100,Buy
2024-08-12 10:18:19,128300.0,2000,Buy
2024-08-12 10:18:22,128300.0,3500,Buy
2024-08-12 10:18:22,128300.0,100,Buy
2024-08-12 10:18:25,128300.0,100,Sell
2024-08-12 10:18:25,128400.0,100,Buy
2024-08-12 10:18:25,128400.0,100,Buy
2024-08-12 10:18:26,128300.0,100,Sell
2024-08-12 10:18:32,128400.0,200,Buy
2024-08-12 10:18:35,128400.0,900,Buy
2024-08-12 10:18:37,128400.0,4200,Buy
2024-08-12 10:18:40,128300.0,500,Sell
2024-08-12 10:18:44,128300.0,200,Sell
2024-08-12 10:18:46,128400.0,500,Buy
2024-08-12 10:18:47,128300.0,100,Sell
2024-08-12 10:18:47,128300.0,500,Sell
2024-08-12 10:18:47,128300.0,200,Sell
2024-08-12 10:18:47,128300.0,400,Sell
2024-08-12 10:18:47,128300.0,500,Sell
2024-08-12 10:18:47,128300.0,1300,Sell
2024-08-12 10:19:02,128200.0,200,Sell
2024-08-12 10:19:02,128200.0,500,Sell
2024-08-12 10:19:02,128200.0,100,Sell
2024-08-12 10:19:05,128200.0,1400,Sell
2024-08-12 10:19:05,128200.0,1900,Sell
2024-08-12 10:19:05,128200.0,200,Sell
2024-08-12 10:19:05,128200.0,800,Sell
2024-08-12 10:19:05,128200.0,1500,Sell
2024-08-12 10:19:15,128200.0,2000,Sell
2024-08-12 10:19:16,128200.0,3000,Sell
2024-08-12 10:19:21,128200.0,100,Sell
2024-08-12 10:19:22,128200.0,500,Buy
2024-08-12 10:19:22,128300.0,100,Buy
2024-08-12 10:19:22,128300.0,200,Buy
2024-08-12 10:19:22,128300.0,300,Buy
2024-08-12 10:19:28,128200.0,100,Buy
2024-08-12 10:19:30,128200.0,100,Buy
2024-08-12 10:19:35,128200.0,200,Buy
2024-08-12 10:19:39,128100.0,1700,Sell
2024-08-12 10:19:39,128100.0,100,Sell
2024-08-12 10:19:39,128100.0,500,Sell
2024-08-12 10:19:39,128100.0,2500,Sell
2024-08-12 10:19:39,128100.0,2500,Sell
2024-08-12 10:19:39,128100.0,100,Sell
2024-08-12 10:19:39,128100.0,1600,Sell
2024-08-12 10:19:39,128100.0,1900,Sell
2024-08-12 10:19:44,128200.0,300,Buy
2024-08-12 10:19:44,128200.0,300,Buy
2024-08-12 10:19:44,128200.0,2000,Buy
2024-08-12 10:19:44,128200.0,5800,Buy
2024-08-12 10:19:45,128200.0,1600,Buy
2024-08-12 10:19:46,128100.0,100,Sell
2024-08-12 10:19:53,128200.0,100,Buy
2024-08-12 10:19:53,128200.0,400,Sell
2024-08-12 10:20:12,128200.0,500,Buy
2024-08-12 10:20:18,128100.0,1000,Sell
2024-08-12 10:20:18,128100.0,500,Sell
2024-08-12 10:20:18,128100.0,2000,Sell
2024-08-12 10:20:18,128100.0,5000,Sell
2024-08-12 10:20:18,128100.0,200,Sell
2024-08-12 10:20:18,128100.0,1200,Sell
2024-08-12 10:20:18,128100.0,200,Sell
2024-08-12 10:20:18,128100.0,400,Sell
2024-08-12 10:20:20,128100.0,100,Buy
2024-08-12 10:20:21,128100.0,200,Buy
2024-08-12 10:20:23,128100.0,1000,Buy
2024-08-12 10:20:29,128000.0,100,Sell
2024-08-12 10:20:30,128100.0,100,Buy
2024-08-12 10:20:30,128100.0,2700,Buy
2024-08-12 10:20:30,128100.0,200,Buy
2024-08-12 10:20:34,128000.0,100,Sell
2024-08-12 10:20:34,128000.0,200,Sell
2024-08-12 10:20:36,128000.0,1000,Sell
2024-08-12 10:20:37,128000.0,3900,Sell
2024-08-12 10:20:37,128000.0,1100,Sell
2024-08-12 10:20:44,128000.0,200,Sell
2024-08-12 10:20:47,128000.0,100,Sell
2024-08-12 10:20:54,128000.0,100,Sell
2024-08-12 10:20:55,128000.0,5100,Sell
2024-08-12 10:20:57,128000.0,500,Sell
2024-08-12 10:21:04,128100.0,900,Buy
2024-08-12 10:21:04,128100.0,1100,Buy
2024-08-12 10:21:06,128000.0,100,Sell
2024-08-12 10:21:07,128100.0,2000,Buy
2024-08-12 10:21:09,128000.0,600,Sell
2024-08-12 10:21:12,128100.0,1400,Buy
2024-08-12 10:21:17,128100.0,500,Buy
2024-08-12 10:21:17,128100.0,1000,Buy
2024-08-12 10:21:17,128100.0,2500,Buy
2024-08-12 10:21:21,128100.0,3300,Buy
2024-08-12 10:21:21,128100.0,100,Buy
2024-08-12 10:21:21,128100.0,600,Buy
2024-08-12 10:21:23,128000.0,100,Sell
2024-08-12 10:21:23,128000.0,2500,Sell
2024-08-12 10:21:24,128000.0,400,Sell
2024-08-12 10:21:32,128000.0,5100,Sell
2024-08-12 10:21:38,128000.0,100,Sell
2024-08-12 10:21:39,128100.0,100,Buy
2024-08-12 10:21:45,128100.0,800,Buy
2024-08-12 10:21:52,128100.0,500,Buy
2024-08-12 10:22:02,128100.0,600,Buy
2024-08-12 10:22:08,128100.0,300,Buy
2024-08-12 10:22:09,128000.0,200,Sell
2024-08-12 10:22:09,128100.0,2000,Buy
2024-08-12 10:22:17,128100.0,100,Buy
2024-08-12 10:22:17,128100.0,400,Buy
2024-08-12 10:22:18,128000.0,3800,Sell
2024-08-12 10:22:18,128000.0,1000,Sell
2024-08-12 10:22:18,128000.0,100,Sell
2024-08-12 10:22:18,128000.0,100,Sell
2024-08-12 10:22:18,128000.0,100,Sell
2024-08-12 10:22:30,128000.0,200,Sell
2024-08-12 10:22:30,128000.0,1300,Sell
2024-08-12 10:22:30,128000.0,100,Sell
2024-08-12 10:22:30,128000.0,100,Sell
2024-08-12 10:22:35,128100.0,100,Buy
2024-08-12 10:22:35,128100.0,900,Buy
2024-08-12 10:22:36,128100.0,600,Buy
2024-08-12 10:22:49,128000.0,1500,Sell
2024-08-12 10:22:49,128000.0,100,Sell
2024-08-12 10:22:49,128000.0,100,Sell
2024-08-12 10:23:08,128100.0,700,Buy
2024-08-12 10:23:09,128100.0,600,Buy
2024-08-12 10:23:20,128000.0,100,Sell
2024-08-12 10:23:23,128100.0,500,Buy
2024-08-12 10:23:32,128100.0,500,Buy
2024-08-12 10:23:35,128100.0,1300,Buy
2024-08-12 10:23:35,128100.0,1700,Buy
2024-08-12 10:23:36,128100.0,5000,Buy
2024-08-12 10:23:36,128100.0,200,Buy
2024-08-12 10:23:36,128100.0,300,Buy
2024-08-12 10:23:36,128100.0,300,Buy
2024-08-12 10:23:36,128100.0,3600,Buy
2024-08-12 10:23:36,128100.0,100,Buy
2024-08-12 10:23:36,128100.0,1500,Buy
2024-08-12 10:23:42,128100.0,100,Buy
2024-08-12 10:23:42,128100.0,100,Buy
2024-08-12 10:23:42,128100.0,200,Buy
2024-08-12 10:23:42,128100.0,100,Buy
2024-08-12 10:23:57,128100.0,100,Sell
2024-08-12 10:24:11,128100.0,100,Sell
2024-08-12 10:24:18,128200.0,500,Buy
2024-08-12 10:24:18,128200.0,1800,Buy
2024-08-12 10:24:18,128200.0,200,Buy
2024-08-12 10:24:18,128200.0,600,Buy
2024-08-12 10:24:18,128200.0,5000,Buy
2024-08-12 10:24:18,128200.0,100,Buy
2024-08-12 10:24:18,128200.0,1000,Buy
2024-08-12 10:24:18,128200.0,5600,Buy
2024-08-12 10:24:18,128200.0,14800,Buy
2024-08-12 10:24:18,128200.0,300,Buy
2024-08-12 10:24:18,128200.0,100,Buy
2024-08-12 10:24:21,128200.0,100,Buy
2024-08-12 10:24:30,128200.0,700,Buy
2024-08-12 10:24:43,128200.0,100,Buy
2024-08-12 10:24:43,128200.0,100,Buy
2024-08-12 10:24:43,128200.0,300,Buy
2024-08-12 10:24:43,128200.0,100,Buy
2024-08-12 10:24:52,128200.0,100,Sell
2024-08-12 10:24:53,128300.0,500,Buy
2024-08-12 10:25:15,128300.0,1300,Buy
2024-08-12 10:25:19,128300.0,200,Buy
2024-08-12 10:25:23,128300.0,500,Buy
2024-08-12 10:25:28,128200.0,100,Sell
2024-08-12 10:25:32,128300.0,500,Buy
2024-08-12 10:25:37,128200.0,100,Sell
2024-08-12 10:25:52,128300.0,700,Buy
2024-08-12 10:25:57,128300.0,600,Buy
2024-08-12 10:26:09,128300.0,500,Buy
2024-08-12 10:26:11,128300.0,500,Buy
2024-08-12 10:26:23,128300.0,1000,Buy
2024-08-12 10:26:23,128300.0,1000,Buy
2024-08-12 10:26:30,128300.0,500,Buy
2024-08-12 10:26:30,128300.0,100,Buy
2024-08-12 10:26:30,128300.0,100,Buy
2024-08-12 10:26:30,128300.0,500,Buy
2024-08-12 10:26:30,128300.0,500,Buy
2024-08-12 10:26:30,128300.0,100,Buy
2024-08-12 10:26:30,128300.0,100,Buy
2024-08-12 10:26:30,128300.0,1700,Buy
2024-08-12 10:26:31,128300.0,1000,Buy
2024-08-12 10:26:33,128300.0,2000,Buy
2024-08-12 10:26:34,128300.0,200,Buy
2024-08-12 10:26:35,128300.0,200,Buy
2024-08-12 10:26:35,128300.0,200,Buy
2024-08-12 10:26:35,128300.0,100,Buy
2024-08-12 10:26:35,128300.0,300,Buy
2024-08-12 10:26:35,128300.0,100,Buy
2024-08-12 10:26:35,128300.0,1000,Buy
2024-08-12 10:26:35,128300.0,100,Buy
2024-08-12 10:26:35,128300.0,1000,Buy
2024-08-12 10:26:39,128300.0,200,Buy
2024-08-12 10:26:39,128300.0,1100,Buy
2024-08-12 10:26:40,128300.0,200,Buy
2024-08-12 10:26:42,128300.0,3800,Buy
2024-08-12 10:26:42,128300.0,200,Buy
2024-08-12 10:26:42,128300.0,1600,Buy
2024-08-12 10:26:43,128300.0,1700,Buy
2024-08-12 10:26:43,128300.0,1600,Buy
2024-08-12 10:26:50,128400.0,300,Buy
2024-08-12 10:26:50,128400.0,100,Buy
2024-08-12 10:26:50,128400.0,100,Buy
2024-08-12 10:26:56,128300.0,100,Buy
2024-08-12 10:26:56,128300.0,100,Buy
2024-08-12 10:26:56,128300.0,800,Buy
2024-08-12 10:26:56,128300.0,2000,Buy
2024-08-12 10:26:56,128300.0,100,Buy
2024-08-12 10:26:56,128300.0,1000,Buy
2024-08-12 10:26:57,128300.0,900,Buy
2024-08-12 10:27:02,128300.0,1100,Sell
2024-08-12 10:27:03,128300.0,100,Buy
2024-08-12 10:27:03,128300.0,200,Buy
2024-08-12 10:27:04,128300.0,600,Buy
2024-08-12 10:27:05,128200.0,100,Sell
2024-08-12 10:27:09,128300.0,400,Buy
2024-08-12 10:27:12,128300.0,300,Buy
2024-08-12 10:27:14,128300.0,400,Buy
2024-08-12 10:27:23,128300.0,500,Buy
2024-08-12 10:27:27,128200.0,100,Sell
2024-08-12 10:27:29,128300.0,500,Buy
2024-08-12 10:27:37,128300.0,500,Buy
2024-08-12 10:27:44,128200.0,100,Sell
2024-08-12 10:27:48,128300.0,100,Buy
2024-08-12 10:27:57,128300.0,200,Buy
2024-08-12 10:27:57,128300.0,300,Buy
2024-08-12 10:28:03,128300.0,700,Buy
2024-08-12 10:28:03,128300.0,600,Buy
2024-08-12 10:28:08,128300.0,500,Buy
2024-08-12 10:28:11,128300.0,500,Buy
2024-08-12 10:28:19,128300.0,100,Buy
2024-08-12 10:28:19,128300.0,100,Buy
2024-08-12 10:28:19,128300.0,300,Buy
2024-08-12 10:28:34,128300.0,600,Buy
2024-08-12 10:28:34,128300.0,100,Buy
2024-08-12 10:28:34,128300.0,100,Buy
2024-08-12 10:28:34,128300.0,100,Buy
2024-08-12 10:28:37,128300.0,200,Buy
2024-08-12 10:28:37,128300.0,100,Buy
2024-08-12 10:28:45,128300.0,500,Buy
2024-08-12 10:28:47,128300.0,500,Buy
2024-08-12 10:28:50,128300.0,300,Buy
2024-08-12 10:28:50,128300.0,200,Buy
2024-08-12 10:28:50,128300.0,100,Buy
2024-08-12 10:28:50,128300.0,200,Buy
2024-08-12 10:28:50,128300.0,300,Buy
2024-08-12 10:28:50,128300.0,500,Buy
2024-08-12 10:28:50,128300.0,300,Buy
2024-08-12 10:28:50,128300.0,500,Buy
2024-08-12 10:28:51,128300.0,100,Sell
2024-08-12 10:28:54,128300.0,2000,Sell
2024-08-12 10:28:57,128200.0,100,Sell
2024-08-12 10:29:13,128300.0,300,Buy
2024-08-12 10:29:16,128300.0,700,Buy
2024-08-12 10:29:16,128300.0,100,Buy
2024-08-12 10:29:16,128300.0,600,Buy
2024-08-12 10:29:16,128300.0,300,Buy
2024-08-12 10:29:17,128200.0,100,Sell
2024-08-12 10:29:22,128300.0,2100,Buy
2024-08-12 10:29:22,128300.0,1700,Buy
2024-08-12 10:29:22,128300.0,700,Buy
2024-08-12 10:29:22,128300.0,500,Buy
2024-08-12 10:29:26,128300.0,400,Sell
2024-08-12 10:29:29,128300.0,100,Sell
2024-08-12 10:29:30,128300.0,1300,Sell
2024-08-12 10:29:31,128300.0,1700,Buy
2024-08-12 10:29:36,128300.0,100,Sell
2024-08-12 10:29:54,128400.0,1600,Buy
2024-08-12 10:29:55,128400.0,1700,Buy
2024-08-12 10:29:59,128400.0,400,Buy
2024-08-12 10:30:06,128400.0,500,Buy
2024-08-12 10:30:14,128300.0,100,Sell
2024-08-12 10:30:38,128300.0,100,Sell
2024-08-12 10:30:44,128400.0,500,Buy
2024-08-12 10:30:51,128400.0,200,Buy
2024-08-12 10:30:51,128400.0,200,Buy
2024-08-12 10:30:51,128400.0,900,Buy
2024-08-12 10:30:59,128400.0,100,Buy
2024-08-12 10:30:59,128400.0,500,Buy
2024-08-12 10:31:07,128400.0,100,Buy
2024-08-12 10:31:08,128300.0,100,Sell
2024-08-12 10:31:23,128400.0,500,Buy
2024-08-12 10:31:32,128400.0,600,Buy
2024-08-12 10:31:39,128400.0,100,Buy
2024-08-12 10:31:56,128400.0,100,Buy
2024-08-12 10:31:59,128400.0,400,Buy
2024-08-12 10:32:02,128400.0,500,Buy
2024-08-12 10:32:06,128400.0,600,Buy
2024-08-12 10:32:06,128300.0,100,Sell
2024-08-12 10:32:07,128300.0,100,Sell
2024-08-12 10:32:09,128400.0,200,Buy
2024-08-12 10:32:09,128400.0,200,Buy
2024-08-12 10:32:09,128400.0,100,Buy
2024-08-12 10:32:12,128400.0,1000,Buy
2024-08-12 10:32:15,128300.0,1000,Sell
2024-08-12 10:32:41,128400.0,100,Buy
2024-08-12 10:32:42,128400.0,300,Buy
2024-08-12 10:32:42,128400.0,100,Buy
2024-08-12 10:32:50,128300.0,200,Sell
2024-08-12 10:32:52,128300.0,100,Sell
2024-08-12 10:32:53,128300.0,500,Sell
2024-08-12 10:33:00,128400.0,1900,Buy
2024-08-12 10:33:00,128400.0,100,Buy
2024-08-12 10:33:00,128400.0,500,Buy
2024-08-12 10:33:00,128400.0,100,Buy
2024-08-12 10:33:00,128400.0,100,Buy
2024-08-12 10:33:00,128400.0,100,Buy
2024-08-12 10:33:00,128400.0,100,Buy
2024-08-12 10:33:07,128400.0,3100,Buy
2024-08-12 10:33:07,128400.0,300,Buy
2024-08-12 10:33:07,128400.0,100,Buy
2024-08-12 10:33:07,128400.0,5800,Buy
2024-08-12 10:33:07,128400.0,4200,Buy
2024-08-12 10:33:07,128400.0,1000,Buy
2024-08-12 10:33:07,128400.0,2000,Buy
2024-08-12 10:33:07,128400.0,800,Buy
2024-08-12 10:33:07,128400.0,500,Buy
2024-08-12 10:33:07,128400.0,200,Buy
2024-08-12 10:33:07,128400.0,100,Buy
2024-08-12 10:33:07,128400.0,1700,Buy
2024-08-12 10:33:07,128400.0,100,Buy
2024-08-12 10:33:07,128400.0,100,Buy
2024-08-12 10:33:08,128300.0,900,Sell
2024-08-12 10:33:08,128300.0,1100,Sell
2024-08-12 10:33:09,128400.0,100,Buy
2024-08-12 10:33:09,128400.0,100,Buy
2024-08-12 10:33:09,128400.0,200,Buy
2024-08-12 10:33:09,128400.0,1000,Buy
2024-08-12 10:33:09,128400.0,200,Buy
2024-08-12 10:33:09,128400.0,200,Buy
2024-08-12 10:33:11,128400.0,1800,Sell
2024-08-12 10:33:11,128400.0,200,Sell
2024-08-12 10:33:20,128500.0,400,Buy
2024-08-12 10:33:20,128500.0,100,Buy
2024-08-12 10:33:38,128500.0,1000,Buy
2024-08-12 10:33:40,128500.0,1300,Buy
2024-08-12 10:33:43,128400.0,100,Sell
2024-08-12 10:33:44,128400.0,100,Sell
2024-08-12 10:33:44,128400.0,100,Sell
2024-08-12 10:33:47,128400.0,100,Sell
2024-08-12 10:33:49,128400.0,4500,Sell
2024-08-12 10:33:49,128400.0,600,Sell
2024-08-12 10:33:49,128400.0,100,Sell
2024-08-12 10:33:49,128400.0,100,Sell
2024-08-12 10:33:49,128400.0,600,Sell
2024-08-12 10:33:49,128400.0,100,Sell
2024-08-12 10:33:49,128400.0,100,Sell
2024-08-12 10:33:49,128400.0,100,Sell
2024-08-12 10:33:49,128400.0,1500,Sell
2024-08-12 10:33:49,128400.0,600,Sell
2024-08-12 10:33:49,128400.0,200,Sell
2024-08-12 10:33:49,128400.0,600,Sell
2024-08-12 10:33:55,128400.0,100,Buy
2024-08-12 10:33:59,128400.0,500,Buy
2024-08-12 10:34:04,128400.0,300,Buy
2024-08-12 10:34:04,128400.0,100,Buy
2024-08-12 10:34:28,128500.0,100,Buy
2024-08-12 10:34:28,128500.0,500,Buy
2024-08-12 10:34:28,128500.0,5000,Buy
2024-08-12 10:34:28,128500.0,200,Buy
2024-08-12 10:34:28,128500.0,100,Buy
2024-08-12 10:34:28,128500.0,200,Buy
2024-08-12 10:34:28,128500.0,200,Buy
2024-08-12 10:34:28,128500.0,100,Buy
2024-08-12 10:34:28,128500.0,3300,Buy
2024-08-12 10:34:28,128500.0,500,Buy
2024-08-12 10:34:28,128500.0,300,Buy
2024-08-12 10:34:28,128500.0,500,Buy
2024-08-12 10:34:28,128500.0,2100,Buy
2024-08-12 10:34:28,128500.0,200,Buy
2024-08-12 10:34:28,128500.0,100,Buy
2024-08-12 10:34:28,128500.0,300,Buy
2024-08-12 10:34:28,128500.0,900,Buy
2024-08-12 10:34:28,128500.0,2000,Buy
2024-08-12 10:34:28,128500.0,200,Buy
2024-08-12 10:34:28,128500.0,400,Buy
2024-08-12 10:34:28,128500.0,100,Buy
2024-08-12 10:34:28,128500.0,100,Buy
2024-08-12 10:34:28,128500.0,100,Buy
2024-08-12 10:34:28,128500.0,300,Buy
2024-08-12 10:34:28,128500.0,5000,Buy
2024-08-12 10:34:28,128500.0,200,Buy
2024-08-12 10:34:28,128500.0,700,Buy
2024-08-12 10:34:28,128500.0,2000,Buy
2024-08-12 10:34:28,128500.0,100,Buy
2024-08-12 10:34:28,128500.0,200,Buy
2024-08-12 10:34:28,128500.0,900,Buy
2024-08-12 10:34:28,128500.0,100,Buy
2024-08-12 10:34:28,128500.0,1000,Buy
2024-08-12 10:34:28,128500.0,1000,Buy
2024-08-12 10:34:28,128500.0,200,Buy
2024-08-12 10:34:28,128500.0,100,Buy
2024-08-12 10:34:28,128500.0,100,Buy
2024-08-12 10:34:28,128500.0,100,Buy
2024-08-12 10:34:28,128500.0,100,Buy
2024-08-12 10:34:28,128500.0,200,Buy
2024-08-12 10:34:28,128500.0,200,Buy
2024-08-12 10:34:38,128500.0,500,Buy
2024-08-12 10:34:45,128500.0,1200,Buy
2024-08-12 10:34:45,128500.0,300,Buy
2024-08-12 10:34:45,128500.0,500,Buy
2024-08-12 10:34:48,128500.0,300,Buy
2024-08-12 10:34:53,128500.0,600,Buy
2024-08-12 10:34:54,128500.0,1600,Buy
2024-08-12 10:34:54,128500.0,1700,Buy
2024-08-12 10:34:54,128500.0,300,Buy
2024-08-12 10:34:54,128500.0,200,Buy
2024-08-12 10:34:54,128500.0,200,Buy
2024-08-12 10:34:54,128500.0,900,Buy
2024-08-12 10:34:54,128500.0,1100,Buy
2024-08-12 10:34:54,128500.0,400,Buy
2024-08-12 10:34:56,128500.0,100,Buy
2024-08-12 10:34:59,128500.0,1200,Buy
2024-08-12 10:34:59,128500.0,100,Buy
2024-08-12 10:34:59,128500.0,400,Buy
2024-08-12 10:34:59,128500.0,200,Buy
2024-08-12 10:34:59,128500.0,100,Buy
2024-08-12 10:35:02,128500.0,800,Buy
2024-08-12 10:35:02,128500.0,100,Buy
2024-08-12 10:35:02,128500.0,400,Buy
2024-08-12 10:35:03,128500.0,200,Buy
2024-08-12 10:35:03,128500.0,1500,Buy
2024-08-12 10:35:03,128500.0,100,Buy
2024-08-12 10:35:03,128500.0,100,Buy
2024-08-12 10:35:03,128500.0,400,Buy
2024-08-12 10:35:03,128500.0,100,Buy
2024-08-12 10:35:03,128500.0,200,Buy
2024-08-12 10:35:03,128500.0,3100,Buy
2024-08-12 10:35:04,128500.0,1300,Buy
2024-08-12 10:35:04,128400.0,300,Sell
2024-08-12 10:35:09,128500.0,100,Buy
2024-08-12 10:35:11,128500.0,300,Buy
2024-08-12 10:35:15,128500.0,1000,Buy
2024-08-12 10:35:15,128500.0,100,Buy
2024-08-12 10:35:15,128500.0,800,Buy
2024-08-12 10:35:17,128600.0,100,Buy
2024-08-12 10:35:17,128600.0,200,Buy
2024-08-12 10:35:17,128600.0,200,Buy
2024-08-12 10:35:27,128600.0,300,Buy
2024-08-12 10:35:27,128600.0,100,Buy
2024-08-12 10:35:27,128600.0,200,Buy
2024-08-12 10:35:45,128600.0,100,Buy
2024-08-12 10:35:50,128600.0,200,Buy
2024-08-12 10:35:50,128600.0,100,Buy
2024-08-12 10:35:51,128600.0,900,Buy
2024-08-12 10:35:51,128600.0,100,Buy
2024-08-12 10:35:52,128600.0,200,Buy
2024-08-12 10:35:52,128600.0,100,Buy
2024-08-12 10:35:52,128600.0,400,Buy
2024-08-12 10:35:52,128600.0,500,Buy
2024-08-12 10:35:52,128600.0,100,Buy
2024-08-12 10:35:55,128500.0,1000,Sell
2024-08-12 10:35:57,128600.0,500,Buy
2024-08-12 10:36:00,128600.0,100,Buy
2024-08-12 10:36:01,128600.0,600,Buy
2024-08-12 10:36:09,128600.0,2000,Buy
2024-08-12 10:36:13,128600.0,1600,Buy
2024-08-12 10:36:13,128600.0,3400,Buy
2024-08-12 10:36:14,128600.0,400,Buy
2024-08-12 10:36:14,128600.0,800,Buy
2024-08-12 10:36:14,128600.0,500,Buy
2024-08-12 10:36:14,128600.0,100,Buy
2024-08-12 10:36:14,128600.0,100,Buy
2024-08-12 10:36:14,128600.0,100,Buy
2024-08-12 10:36:14,128600.0,600,Buy
2024-08-12 10:36:14,128600.0,100,Buy
2024-08-12 10:36:14,128600.0,800,Buy
2024-08-12 10:36:14,128600.0,1600,Buy
2024-08-12 10:36:14,128600.0,300,Buy
2024-08-12 10:36:15,128600.0,300,Sell
2024-08-12 10:36:18,128600.0,100,Sell
2024-08-12 10:36:31,128700.0,200,Buy
2024-08-12 10:36:31,128700.0,100,Buy
2024-08-12 10:36:31,128700.0,300,Buy
2024-08-12 10:36:31,128700.0,200,Buy
2024-08-12 10:36:32,128700.0,100,Buy
2024-08-12 10:36:32,128700.0,100,Buy
2024-08-12 10:36:34,128700.0,500,Buy
2024-08-12 10:36:35,128700.0,400,Buy
2024-08-12 10:36:36,128700.0,500,Buy
2024-08-12 10:36:40,128700.0,2900,Buy
2024-08-12 10:36:40,128700.0,5000,Buy
2024-08-12 10:36:40,128700.0,100,Buy
2024-08-12 10:36:40,128700.0,200,Buy
2024-08-12 10:36:40,128700.0,300,Buy
2024-08-12 10:36:41,128800.0,300,Buy
2024-08-12 10:36:50,128800.0,400,Buy
2024-08-12 10:36:52,128800.0,300,Buy
2024-08-12 10:36:55,128800.0,100,Buy
2024-08-12 10:36:55,128800.0,600,Buy
2024-08-12 10:36:55,128800.0,200,Buy
2024-08-12 10:36:55,128800.0,200,Buy
2024-08-12 10:36:55,128800.0,300,Buy
2024-08-12 10:36:55,128800.0,300,Buy
2024-08-12 10:36:55,128800.0,300,Buy
2024-08-12 10:36:55,128800.0,400,Buy
2024-08-12 10:36:55,128800.0,1000,Buy
2024-08-12 10:36:55,128800.0,100,Buy
2024-08-12 10:36:55,128800.0,100,Buy
2024-08-12 10:36:55,128800.0,100,Buy
2024-08-12 10:36:55,128800.0,100,Buy
2024-08-12 10:36:55,128800.0,100,Buy
2024-08-12 10:36:59,128800.0,100,Sell
2024-08-12 10:36:59,128800.0,1100,Sell
2024-08-12 10:36:59,128800.0,500,Sell
2024-08-12 10:36:59,128800.0,300,Sell
2024-08-12 10:37:00,129000.0,100,Buy
2024-08-12 10:37:00,129000.0,100,Buy
2024-08-12 10:37:00,129000.0,11500,Buy
2024-08-12 10:37:00,129000.0,100,Buy
2024-08-12 10:37:00,129000.0,1000,Buy
2024-08-12 10:37:00,129000.0,200,Buy
2024-08-12 10:37:00,129000.0,1000,Buy
2024-08-12 10:37:00,129000.0,5000,Buy
2024-08-12 10:37:00,129000.0,200,Buy
2024-08-12 10:37:00,129000.0,100,Buy
2024-08-12 10:37:00,129000.0,500,Buy
2024-08-12 10:37:00,129000.0,500,Buy
2024-08-12 10:37:00,129000.0,200,Buy
2024-08-12 10:37:00,129000.0,100,Buy
2024-08-12 10:37:00,129000.0,5000,Buy
2024-08-12 10:37:00,129000.0,2000,Buy
2024-08-12 10:37:00,129000.0,5000,Buy
2024-08-12 10:37:00,129000.0,100,Buy
2024-08-12 10:37:00,129000.0,500,Buy
2024-08-12 10:37:00,129000.0,1500,Buy
2024-08-12 10:37:00,129000.0,200,Buy
2024-08-12 10:37:00,129000.0,100,Buy
2024-08-12 10:37:00,129000.0,1000,Buy
2024-08-12 10:37:00,129000.0,200,Buy
2024-08-12 10:37:00,129000.0,300,Buy
2024-08-12 10:37:00,129000.0,400,Buy
2024-08-12 10:37:00,129000.0,600,Buy
2024-08-12 10:37:00,129000.0,200,Buy
2024-08-12 10:37:00,129000.0,500,Buy
2024-08-12 10:37:00,129000.0,3200,Buy
2024-08-12 10:37:00,129000.0,100,Buy
2024-08-12 10:37:00,129000.0,900,Buy
2024-08-12 10:37:00,129000.0,100,Buy
2024-08-12 10:37:00,129000.0,500,Buy
2024-08-12 10:37:00,129000.0,500,Buy
2024-08-12 10:37:00,129000.0,100,Buy
2024-08-12 10:37:00,129000.0,200,Buy
2024-08-12 10:37:00,129000.0,200,Buy
2024-08-12 10:37:00,129000.0,100,Buy
2024-08-12 10:37:00,129000.0,100,Buy
2024-08-12 10:37:00,129000.0,100,Buy
2024-08-12 10:37:00,129000.0,100,Buy
2024-08-12 10:37:00,129000.0,100,Buy
2024-08-12 10:37:00,129000.0,100,Buy
2024-08-12 10:37:00,129000.0,100,Buy
2024-08-12 10:37:00,129000.0,100,Buy
2024-08-12 10:37:00,129000.0,1000,Buy
2024-08-12 10:37:00,129000.0,200,Buy
2024-08-12 10:37:00,129000.0,100,Buy
2024-08-12 10:37:00,129000.0,100,Buy
2024-08-12 10:37:00,129000.0,300,Buy
2024-08-12 10:37:00,128900.0,500,Buy
2024-08-12 10:37:00,128900.0,400,Buy
2024-08-12 10:37:00,128900.0,100,Buy
2024-08-12 10:37:00,128900.0,1100,Buy
2024-08-12 10:37:00,128900.0,300,Buy
2024-08-12 10:37:00,128900.0,200,Buy
2024-08-12 10:37:00,128900.0,10000,Buy
2024-08-12 10:37:00,128900.0,500,Buy
2024-08-12 10:37:00,128900.0,500,Buy
2024-08-12 10:37:00,128900.0,2000,Buy
2024-08-12 10:37:00,128900.0,300,Buy
2024-08-12 10:37:00,128900.0,200,Buy
2024-08-12 10:37:00,128900.0,2000,Buy
2024-08-12 10:37:00,128900.0,100,Buy
2024-08-12 10:37:00,128900.0,200,Buy
2024-08-12 10:37:00,128900.0,1000,Buy
2024-08-12 10:37:00,128900.0,100,Buy
2024-08-12 10:37:00,128900.0,100,Buy
2024-08-12 10:37:00,128900.0,100,Buy
2024-08-12 10:37:00,129000.0,200,Buy
2024-08-12 10:37:00,129000.0,100,Buy
2024-08-12 10:37:00,129000.0,700,Buy
2024-08-12 10:37:00,128900.0,200,Buy
2024-08-12 10:37:00,129000.0,600,Buy
2024-08-12 10:37:00,129000.0,100,Buy
2024-08-12 10:37:00,129000.0,20000,Buy
2024-08-12 10:37:00,129000.0,100,Buy
2024-08-12 10:37:00,129000.0,100,Buy
2024-08-12 10:37:00,129000.0,1000,Buy
2024-08-12 10:37:00,129000.0,200,Buy
2024-08-12 10:37:00,129000.0,400,Buy
2024-08-12 10:37:00,129000.0,200,Buy
2024-08-12 10:37:00,129000.0,100,Buy
2024-08-12 10:37:00,129000.0,300,Buy
2024-08-12 10:37:00,129000.0,100,Buy
2024-08-12 10:37:00,129000.0,100,Buy
2024-08-12 10:37:00,129000.0,100,Buy
2024-08-12 10:37:00,129000.0,1000,Buy
2024-08-12 10:37:00,129000.0,100,Buy
2024-08-12 10:37:00,129000.0,2500,Buy
2024-08-12 10:37:00,129000.0,1000,Buy
2024-08-12 10:37:00,129000.0,300,Buy
2024-08-12 10:37:00,129000.0,1900,Buy
2024-08-12 10:37:00,129000.0,100,Buy
2024-08-12 10:37:00,129000.0,2000,Buy
2024-08-12 10:37:00,129000.0,100,Buy
2024-08-12 10:37:00,129000.0,200,Buy
2024-08-12 10:37:01,128700.0,200,Sell
2024-08-12 10:37:11,128900.0,1000,Buy
2024-08-12 10:37:14,129000.0,100,Sell
2024-08-12 10:37:14,129000.0,1800,Sell
2024-08-12 10:37:14,129000.0,1000,Sell
2024-08-12 10:37:14,129000.0,3000,Sell
2024-08-12 10:37:14,129000.0,500,Sell
2024-08-12 10:37:14,129000.0,100,Sell
2024-08-12 10:37:14,129000.0,100,Sell
2024-08-12 10:37:14,129000.0,500,Sell
2024-08-12 10:37:14,129000.0,100,Sell
2024-08-12 10:37:14,129000.0,100,Sell
2024-08-12 10:37:14,129000.0,200,Sell
2024-08-12 10:37:14,129000.0,500,Sell
2024-08-12 10:37:14,129000.0,3000,Sell
2024-08-12 10:37:14,129000.0,1000,Sell
2024-08-12 10:37:14,129000.0,200,Sell
2024-08-12 10:37:14,129000.0,1000,Sell
2024-08-12 10:37:14,129000.0,1000,Sell
2024-08-12 10:37:14,129000.0,1000,Sell
2024-08-12 10:37:14,128700.0,100,Sell
2024-08-12 10:37:14,128900.0,4600,Buy
2024-08-12 10:37:14,129000.0,600,Buy
2024-08-12 10:37:14,129000.0,200,Buy
2024-08-12 10:37:14,129000.0,500,Buy
2024-08-12 10:37:14,129000.0,100,Sell
2024-08-12 10:37:14,129000.0,100,Sell
2024-08-12 10:37:14,128900.0,2000,Buy
2024-08-12 10:37:14,129000.0,500,Sell
2024-08-12 10:37:14,129000.0,100,Sell
2024-08-12 10:37:14,129000.0,100,Sell
2024-08-12 10:37:14,129000.0,200,Sell
2024-08-12 10:37:14,129000.0,500,Sell
2024-08-12 10:37:14,129000.0,800,Sell
2024-08-12 10:37:14,129000.0,200,Sell
2024-08-12 10:37:14,129000.0,300,Sell
2024-08-12 10:37:19,129000.0,500,Sell
2024-08-12 10:37:22,129000.0,300,Sell
2024-08-12 10:37:22,129000.0,100,Sell
2024-08-12 10:37:27,129100.0,100,Buy
2024-08-12 10:37:27,129100.0,100,Buy
2024-08-12 10:37:28,129100.0,100,Buy
2024-08-12 10:37:29,129100.0,2000,Buy
2024-08-12 10:37:29,129100.0,500,Buy
2024-08-12 10:37:29,129100.0,2800,Buy
2024-08-12 10:37:30,129100.0,100,Sell
2024-08-12 10:37:36,129200.0,100,Buy
2024-08-12 10:37:37,129200.0,100,Buy
2024-08-12 10:37:37,129200.0,200,Buy
2024-08-12 10:37:37,129200.0,100,Buy
2024-08-12 10:37:41,129200.0,100,Buy
2024-08-12 10:37:41,129200.0,400,Buy
2024-08-12 10:37:41,129100.0,3500,Buy
2024-08-12 10:37:41,129100.0,100,Buy
2024-08-12 10:37:41,129100.0,100,Buy
2024-08-12 10:37:52,129100.0,100,Buy
2024-08-12 10:37:52,129100.0,100,Buy
2024-08-12 10:37:52,129100.0,1100,Buy
2024-08-12 10:37:53,129000.0,3100,Sell
2024-08-12 10:37:53,129000.0,100,Sell
2024-08-12 10:37:53,129000.0,4500,Sell
2024-08-12 10:37:58,129000.0,200,Buy
2024-08-12 10:38:01,129000.0,100,Buy
2024-08-12 10:38:01,129000.0,200,Buy
2024-08-12 10:38:01,129000.0,6400,Buy
2024-08-12 10:38:02,129000.0,2500,Sell
2024-08-12 10:38:11,129100.0,1000,Sell
2024-08-12 10:38:12,129100.0,100,Sell
2024-08-12 10:38:12,129100.0,600,Sell
2024-08-12 10:38:12,129100.0,100,Sell
2024-08-12 10:38:14,129100.0,200,Sell
2024-08-12 10:38:23,129200.0,300,Buy
2024-08-12 10:38:23,129200.0,1000,Buy
2024-08-12 10:38:23,129200.0,100,Buy
2024-08-12 10:38:23,129200.0,100,Buy
2024-08-12 10:38:24,129100.0,200,Sell
2024-08-12 10:38:27,129100.0,100,Sell
2024-08-12 10:38:29,129100.0,200,Sell
2024-08-12 10:38:29,129100.0,700,Sell
2024-08-12 10:38:29,129100.0,3000,Sell
2024-08-12 10:38:29,129100.0,500,Sell
2024-08-12 10:38:29,129100.0,1000,Sell
2024-08-12 10:38:29,129100.0,1100,Sell
2024-08-12 10:38:33,129100.0,300,Buy
2024-08-12 10:38:33,129200.0,300,Buy
2024-08-12 10:38:37,129000.0,800,Sell
2024-08-12 10:38:37,129000.0,4500,Sell
2024-08-12 10:38:37,129000.0,300,Sell
2024-08-12 10:38:37,129000.0,400,Sell
2024-08-12 10:38:38,129000.0,100,Buy
2024-08-12 10:38:38,129000.0,1200,Buy
2024-08-12 10:38:39,129000.0,100,Buy
2024-08-12 10:38:42,129000.0,100,Buy
2024-08-12 10:38:43,129000.0,800,Buy
2024-08-12 10:38:45,129000.0,500,Buy
2024-08-12 10:38:47,129000.0,3800,Sell
2024-08-12 10:38:51,129000.0,500,Sell
2024-08-12 10:38:51,129000.0,1100,Sell
2024-08-12 10:38:51,129000.0,100,Sell
2024-08-12 10:38:53,129000.0,100,Sell
2024-08-12 10:38:58,129000.0,100,Sell
2024-08-12 10:38:59,129100.0,200,Buy
2024-08-12 10:38:59,129100.0,100,Buy
2024-08-12 10:39:00,129100.0,100,Buy
2024-08-12 10:39:00,129100.0,900,Buy
2024-08-12 10:39:00,129100.0,1000,Buy
2024-08-12 10:39:00,129100.0,100,Buy
2024-08-12 10:39:02,129100.0,500,Buy
2024-08-12 10:39:05,129100.0,1000,Buy
2024-08-12 10:39:07,129100.0,100,Buy
2024-08-12 10:39:08,129100.0,1000,Buy
2024-08-12 10:39:13,129100.0,500,Buy
2024-08-12 10:39:15,129100.0,200,Buy
2024-08-12 10:39:16,129100.0,500,Buy
2024-08-12 10:39:16,129100.0,600,Buy
2024-08-12 10:39:16,129100.0,100,Buy
2024-08-12 10:39:16,129100.0,100,Buy
2024-08-12 10:39:17,129100.0,100,Buy
2024-08-12 10:39:18,129200.0,100,Buy
2024-08-12 10:39:18,129200.0,200,Buy
2024-08-12 10:39:18,129200.0,200,Buy
2024-08-12 10:39:22,129200.0,300,Buy
2024-08-12 10:39:22,129200.0,300,Buy
2024-08-12 10:39:22,129100.0,100,Sell
2024-08-12 10:39:23,129100.0,100,Sell
2024-08-12 10:39:23,129100.0,100,Sell
2024-08-12 10:39:23,129100.0,1500,Sell
2024-08-12 10:39:23,129100.0,900,Sell
2024-08-12 10:39:24,129100.0,100,Sell
2024-08-12 10:39:24,129000.0,100,Sell
2024-08-12 10:39:29,129200.0,200,Buy
2024-08-12 10:39:34,129200.0,200,Buy
2024-08-12 10:39:36,129200.0,200,Buy
2024-08-12 10:39:36,129100.0,100,Sell
2024-08-12 10:39:38,129200.0,100,Buy
2024-08-12 10:39:38,129200.0,100,Buy
2024-08-12 10:39:40,129200.0,100,Buy
2024-08-12 10:39:47,129200.0,100,Buy
2024-08-12 10:39:47,129200.0,200,Buy
2024-08-12 10:39:51,129200.0,500,Buy
2024-08-12 10:39:52,129200.0,1400,Buy
2024-08-12 10:39:55,129200.0,600,Buy
2024-08-12 10:40:00,129100.0,100,Sell
2024-08-12 10:40:13,129100.0,1700,Sell
2024-08-12 10:40:13,129100.0,100,Sell
2024-08-12 10:40:13,129100.0,200,Sell
2024-08-12 10:40:13,129100.0,1000,Sell
2024-08-12 10:40:13,129100.0,1600,Sell
2024-08-12 10:40:13,129100.0,1700,Sell
2024-08-12 10:40:13,129100.0,400,Sell
2024-08-12 10:40:14,129100.0,8000,Sell
2024-08-12 10:40:16,129100.0,100,Sell
2024-08-12 10:40:26,129200.0,100,Sell
2024-08-12 10:40:26,129200.0,200,Sell
2024-08-12 10:40:26,129200.0,100,Sell
2024-08-12 10:40:26,129200.0,100,Sell
2024-08-12 10:40:26,129200.0,100,Sell
2024-08-12 10:40:26,129200.0,100,Sell
2024-08-12 10:40:26,129200.0,1000,Sell
2024-08-12 10:40:26,129200.0,100,Sell
2024-08-12 10:40:26,129200.0,100,Sell
2024-08-12 10:40:26,129200.0,200,Sell
2024-08-12 10:40:26,129200.0,7500,Sell
2024-08-12 10:40:26,129200.0,100,Sell
2024-08-12 10:40:26,129200.0,100,Sell
2024-08-12 10:40:26,129200.0,100,Sell
2024-08-12 10:40:27,129200.0,700,Sell
2024-08-12 10:40:28,129200.0,100,Sell
2024-08-12 10:40:28,129200.0,100,Sell
2024-08-12 10:40:30,129300.0,400,Buy
2024-08-12 10:40:31,129200.0,100,Sell
2024-08-12 10:40:31,129200.0,600,Sell
2024-08-12 10:40:31,129200.0,400,Sell
2024-08-12 10:40:32,129200.0,100,Buy
2024-08-12 10:40:33,129200.0,2700,Sell
2024-08-12 10:40:35,129300.0,1100,Buy
2024-08-12 10:40:35,129300.0,1000,Buy
2024-08-12 10:40:35,129300.0,200,Buy
2024-08-12 10:40:35,129300.0,500,Buy
2024-08-12 10:40:35,129300.0,100,Buy
2024-08-12 10:40:35,129300.0,1600,Buy
2024-08-12 10:40:35,129300.0,500,Buy
2024-08-12 10:40:36,129200.0,200,Buy
2024-08-12 10:40:37,129300.0,100,Buy
2024-08-12 10:40:38,129100.0,1500,Buy
2024-08-12 10:40:38,129100.0,100,Buy
2024-08-12 10:40:38,129100.0,1000,Buy
2024-08-12 10:40:41,129200.0,100,Sell
2024-08-12 10:40:42,129200.0,700,Sell
2024-08-12 10:40:47,129200.0,100,Sell
2024-08-12 10:40:48,129100.0,1300,Sell
2024-08-12 10:40:49,129100.0,500,Sell
2024-08-12 10:40:53,129100.0,1000,Sell
2024-08-12 10:40:54,129100.0,1000,Buy
2024-08-12 10:41:02,129100.0,500,Buy
2024-08-12 10:41:02,129000.0,29700,Sell
2024-08-12 10:41:02,129000.0,100,Sell
2024-08-12 10:41:02,129000.0,100,Sell
2024-08-12 10:41:03,129000.0,500,Sell
2024-08-12 10:41:03,129000.0,2000,Sell
2024-08-12 10:41:03,129000.0,200,Sell
2024-08-12 10:41:03,129000.0,100,Sell
2024-08-12 10:41:03,129000.0,100,Sell
2024-08-12 10:41:09,129000.0,500,Buy
2024-08-12 10:41:10,129000.0,300,Buy
2024-08-12 10:41:10,128900.0,500,Buy
2024-08-12 10:41:10,128900.0,100,Buy
2024-08-12 10:41:10,128900.0,100,Buy
2024-08-12 10:41:14,129000.0,100,Buy
2024-08-12 10:41:14,129000.0,200,Buy
2024-08-12 10:41:14,129000.0,1700,Buy
2024-08-12 10:41:19,128900.0,100,Buy
2024-08-12 10:41:21,129000.0,4700,Buy
2024-08-12 10:41:21,129000.0,400,Buy
2024-08-12 10:41:21,129000.0,3100,Buy
2024-08-12 10:41:21,129000.0,1200,Buy
2024-08-12 10:41:21,129000.0,600,Buy
2024-08-12 10:41:23,129000.0,100,Buy
2024-08-12 10:41:24,129000.0,100,Buy
2024-08-12 10:41:34,129000.0,100,Buy
2024-08-12 10:41:36,129000.0,500,Buy
2024-08-12 10:41:39,129000.0,1000,Buy
2024-08-12 10:41:45,129000.0,100,Buy
2024-08-12 10:41:45,129000.0,100,Buy
2024-08-12 10:41:46,129000.0,4900,Buy
2024-08-12 10:41:46,129000.0,100,Buy
2024-08-12 10:41:48,129000.0,500,Buy
2024-08-12 10:41:57,129000.0,100,Buy
2024-08-12 10:41:57,129000.0,500,Buy
2024-08-12 10:41:57,129000.0,100,Buy
2024-08-12 10:42:08,129000.0,300,Sell
2024-08-12 10:42:09,129000.0,100,Sell
2024-08-12 10:42:11,129000.0,100,Sell
2024-08-12 10:42:16,129000.0,100,Sell
2024-08-12 10:42:27,129100.0,400,Buy
2024-08-12 10:42:28,129000.0,500,Sell
2024-08-12 10:42:30,129000.0,100,Sell
2024-08-12 10:42:33,129000.0,200,Sell
2024-08-12 10:42:34,129100.0,100,Buy
2024-08-12 10:42:43,129100.0,500,Buy
2024-08-12 10:42:48,129100.0,500,Buy
2024-08-12 10:42:50,129000.0,400,Sell
2024-08-12 10:42:50,129000.0,100,Sell
2024-08-12 10:42:50,129000.0,2700,Sell
2024-08-12 10:42:50,129000.0,2300,Sell
2024-08-12 10:42:50,129000.0,1300,Sell
2024-08-12 10:42:50,129000.0,500,Sell
2024-08-12 10:42:50,129000.0,200,Sell
2024-08-12 10:42:50,129000.0,2500,Sell
2024-08-12 10:42:55,129100.0,200,Buy
2024-08-12 10:42:55,129100.0,400,Buy
2024-08-12 10:43:06,129100.0,500,Buy
2024-08-12 10:43:07,129000.0,4100,Sell
2024-08-12 10:43:07,129000.0,400,Sell
2024-08-12 10:43:07,129000.0,100,Sell
2024-08-12 10:43:07,129000.0,800,Sell
2024-08-12 10:43:07,129000.0,100,Sell
2024-08-12 10:43:07,129000.0,2500,Sell
2024-08-12 10:43:07,129000.0,8000,Sell
2024-08-12 10:43:07,129000.0,500,Sell
2024-08-12 10:43:07,129000.0,1000,Sell
2024-08-12 10:43:07,129000.0,2500,Sell
2024-08-12 10:43:07,129100.0,100,Buy
2024-08-12 10:43:09,129100.0,1000,Buy
2024-08-12 10:43:09,129000.0,300,Sell
2024-08-12 10:43:17,129000.0,500,Sell
2024-08-12 10:43:21,129000.0,1000,Sell
2024-08-12 10:43:21,129000.0,1100,Sell
2024-08-12 10:43:23,129000.0,300,Sell
2024-08-12 10:43:23,129000.0,1400,Sell
2024-08-12 10:43:23,129000.0,1000,Sell
2024-08-12 10:43:23,129000.0,600,Sell
2024-08-12 10:43:27,129000.0,700,Sell
2024-08-12 10:43:27,129000.0,300,Sell
2024-08-12 10:43:30,129000.0,200,Sell
2024-08-12 10:43:30,129000.0,1000,Sell
2024-08-12 10:43:31,129000.0,100,Sell
2024-08-12 10:43:31,129000.0,1300,Sell
2024-08-12 10:43:42,129000.0,100,Buy
2024-08-12 10:43:45,129000.0,400,Buy
2024-08-12 10:43:47,129000.0,100,Sell
2024-08-12 10:43:47,129000.0,200,Sell
2024-08-12 10:43:47,129000.0,100,Sell
2024-08-12 10:43:47,129000.0,1400,Sell
2024-08-12 10:43:47,129000.0,600,Sell
2024-08-12 10:43:47,129000.0,100,Sell
2024-08-12 10:43:47,129000.0,1400,Sell
2024-08-12 10:43:47,129000.0,10000,Sell
2024-08-12 10:43:56,129000.0,1200,Sell
2024-08-12 10:44:04,129000.0,1000,Sell
2024-08-12 10:44:04,129000.0,200,Sell
2024-08-12 10:44:12,129000.0,100,Sell
2024-08-12 10:44:23,129000.0,200,Sell
2024-08-12 10:44:24,129100.0,300,Buy
2024-08-12 10:44:24,129100.0,100,Buy
2024-08-12 10:44:24,129100.0,100,Buy
2024-08-12 10:44:26,129000.0,300,Sell
2024-08-12 10:44:26,129000.0,200,Sell
2024-08-12 10:44:26,129000.0,200,Sell
2024-08-12 10:44:26,129000.0,100,Sell
2024-08-12 10:44:26,129000.0,200,Sell
2024-08-12 10:44:26,129000.0,1600,Sell
2024-08-12 10:44:26,129000.0,200,Sell
2024-08-12 10:44:26,129000.0,4400,Sell
2024-08-12 10:44:26,129000.0,600,Sell
2024-08-12 10:44:26,129000.0,600,Sell
2024-08-12 10:44:31,129000.0,300,Sell
2024-08-12 10:44:31,129000.0,100,Sell
2024-08-12 10:44:36,129000.0,100,Buy
2024-08-12 10:44:49,129000.0,100,Buy
2024-08-12 10:44:55,129000.0,700,Buy
2024-08-12 10:44:55,129000.0,400,Buy
2024-08-12 10:44:55,129000.0,100,Buy
2024-08-12 10:44:55,129000.0,100,Buy
2024-08-12 10:44:56,129000.0,100,Sell
2024-08-12 10:44:56,129000.0,700,Sell
2024-08-12 10:44:58,129000.0,100,Sell
2024-08-12 10:45:03,129000.0,100,Sell
2024-08-12 10:45:03,129100.0,500,Buy
2024-08-12 10:45:04,129000.0,100,Sell
2024-08-12 10:45:09,129100.0,400,Buy
2024-08-12 10:45:14,129000.0,100,Sell
2024-08-12 10:45:30,129000.0,300,Sell
2024-08-12 10:45:30,129000.0,500,Sell
2024-08-12 10:45:30,129000.0,200,Sell
2024-08-12 10:45:38,129000.0,1000,Sell
2024-08-12 10:45:40,129000.0,500,Sell
2024-08-12 10:45:42,129100.0,500,Buy
2024-08-12 10:45:42,129100.0,200,Buy
2024-08-12 10:45:42,129100.0,200,Buy
2024-08-12 10:45:54,129100.0,100,Buy
2024-08-12 10:45:54,129100.0,1000,Buy
2024-08-12 10:45:54,129100.0,2000,Buy
2024-08-12 10:45:54,129100.0,7600,Buy
2024-08-12 10:45:54,129100.0,2400,Buy
2024-08-12 10:45:54,129100.0,100,Buy
2024-08-12 10:45:54,129100.0,300,Buy
2024-08-12 10:45:54,129100.0,700,Buy
2024-08-12 10:45:55,129100.0,5800,Buy
2024-08-12 10:45:56,129000.0,2400,Sell
2024-08-12 10:46:00,129100.0,200,Buy
2024-08-12 10:46:00,129100.0,300,Buy
2024-08-12 10:46:00,129100.0,300,Buy
2024-08-12 10:46:00,129100.0,1200,Buy
2024-08-12 10:46:04,129100.0,500,Buy
2024-08-12 10:46:04,129100.0,1700,Buy
2024-08-12 10:46:05,129100.0,100,Buy
2024-08-12 10:46:05,129100.0,100,Buy
2024-08-12 10:46:05,129100.0,300,Buy
2024-08-12 10:46:05,129100.0,100,Buy
2024-08-12 10:46:05,129100.0,1700,Buy
2024-08-12 10:46:05,129100.0,700,Sell
2024-08-12 10:46:05,129100.0,4400,Sell
2024-08-12 10:46:21,129200.0,500,Buy
2024-08-12 10:46:22,129100.0,100,Buy
2024-08-12 10:46:22,129100.0,100,Buy
2024-08-12 10:46:22,129100.0,1100,Sell
2024-08-12 10:46:22,129100.0,900,Sell
2024-08-12 10:46:22,129100.0,900,Sell
2024-08-12 10:46:22,129100.0,1300,Buy
2024-08-12 10:46:23,129100.0,100,Buy
2024-08-12 10:46:25,129000.0,900,Sell
2024-08-12 10:46:25,129000.0,4200,Sell
2024-08-12 10:46:27,129100.0,500,Buy
2024-08-12 10:46:27,129100.0,100,Buy
2024-08-12 10:46:27,129100.0,1000,Buy
2024-08-12 10:46:37,129100.0,100,Sell
2024-08-12 10:46:37,129100.0,600,Sell
2024-08-12 10:46:38,129200.0,1600,Buy
2024-08-12 10:46:38,129200.0,1600,Buy
2024-08-12 10:46:41,129100.0,600,Buy
2024-08-12 10:46:41,129100.0,100,Buy
2024-08-12 10:46:41,129100.0,1600,Buy
2024-08-12 10:46:45,129000.0,100,Sell
2024-08-12 10:46:54,129000.0,100,Sell
2024-08-12 10:47:00,129100.0,300,Buy
2024-08-12 10:47:00,129100.0,400,Buy
2024-08-12 10:47:01,129100.0,1000,Buy
2024-08-12 10:47:02,129000.0,600,Sell
2024-08-12 10:47:02,129000.0,500,Sell
2024-08-12 10:47:02,129000.0,4000,Sell
2024-08-12 10:47:10,129000.0,200,Sell
2024-08-12 10:47:11,129000.0,100,Sell
2024-08-12 10:47:11,129000.0,100,Sell
2024-08-12 10:47:11,129100.0,1000,Buy
2024-08-12 10:47:11,129000.0,1800,Sell
2024-08-12 10:47:14,129000.0,100,Sell
2024-08-12 10:47:17,129100.0,200,Buy
2024-08-12 10:47:17,129100.0,100,Buy
2024-08-12 10:47:17,129100.0,100,Buy
2024-08-12 10:47:23,129100.0,500,Buy
2024-08-12 10:47:27,129000.0,4500,Sell
2024-08-12 10:47:27,129000.0,600,Sell
2024-08-12 10:47:35,129000.0,100,Buy
2024-08-12 10:47:35,129000.0,100,Sell
2024-08-12 10:47:35,129000.0,600,Sell
2024-08-12 10:47:35,129000.0,200,Sell
2024-08-12 10:47:35,129000.0,500,Sell
2024-08-12 10:47:35,129000.0,500,Sell
2024-08-12 10:47:35,129000.0,500,Sell
2024-08-12 10:47:35,129000.0,2000,Sell
2024-08-12 10:47:35,129000.0,3000,Sell
2024-08-12 10:47:35,129000.0,1000,Sell
2024-08-12 10:47:35,129000.0,1900,Sell
2024-08-12 10:47:35,129000.0,5000,Sell
2024-08-12 10:47:35,129000.0,100,Sell
2024-08-12 10:47:35,129000.0,4700,Sell
2024-08-12 10:47:35,129000.0,200,Sell
2024-08-12 10:47:38,129000.0,300,Buy
2024-08-12 10:47:39,129000.0,500,Buy
2024-08-12 10:47:40,129000.0,1300,Buy
2024-08-12 10:47:42,129000.0,500,Buy
2024-08-12 10:47:45,129000.0,500,Buy
2024-08-12 10:47:47,129000.0,500,Buy
2024-08-12 10:47:47,129000.0,1000,Buy
2024-08-12 10:47:51,128900.0,100,Sell
2024-08-12 10:47:51,128900.0,2000,Sell
2024-08-12 10:47:51,128900.0,1000,Sell
2024-08-12 10:47:51,128900.0,2000,Sell
2024-08-12 10:48:10,128900.0,300,Sell
2024-08-12 10:48:10,128900.0,1400,Sell
2024-08-12 10:48:10,128900.0,2300,Sell
2024-08-12 10:48:10,128900.0,1400,Sell
2024-08-12 10:48:13,128900.0,600,Buy
2024-08-12 10:48:13,128900.0,500,Buy
2024-08-12 10:48:13,128900.0,4700,Buy
2024-08-12 10:48:13,128900.0,5300,Buy
2024-08-12 10:48:18,129000.0,500,Buy
2024-08-12 10:48:20,128900.0,500,Sell
2024-08-12 10:48:23,128900.0,500,Buy
2024-08-12 10:48:33,128800.0,200,Sell
2024-08-12 10:48:33,128800.0,2100,Sell
2024-08-12 10:48:33,128800.0,100,Sell
2024-08-12 10:48:33,128800.0,100,Sell
2024-08-12 10:48:33,128800.0,2100,Sell
2024-08-12 10:48:33,128800.0,500,Sell
2024-08-12 10:48:38,128800.0,2600,Sell
2024-08-12 10:48:38,128800.0,4300,Sell
2024-08-12 10:48:40,128800.0,1000,Sell
2024-08-12 10:48:48,128800.0,200,Sell
2024-08-12 10:48:48,128800.0,100,Sell
2024-08-12 10:48:48,128800.0,100,Sell
2024-08-12 10:48:50,128700.0,2100,Sell
2024-08-12 10:48:50,128700.0,2500,Sell
2024-08-12 10:48:50,128700.0,500,Sell
2024-08-12 10:48:53,128700.0,300,Sell
2024-08-12 10:48:55,128700.0,100,Sell
2024-08-12 10:48:55,128700.0,200,Sell
2024-08-12 10:48:55,128700.0,500,Sell
2024-08-12 10:48:55,128700.0,800,Sell
2024-08-12 10:48:55,128700.0,300,Sell
2024-08-12 10:48:55,128700.0,200,Sell
2024-08-12 10:48:55,128700.0,2900,Sell
2024-08-12 10:48:56,128800.0,200,Buy
2024-08-12 10:48:57,128800.0,400,Buy
2024-08-12 10:48:58,128800.0,300,Buy
2024-08-12 10:49:03,128800.0,700,Buy
2024-08-12 10:49:03,128800.0,600,Buy
2024-08-12 10:49:05,128700.0,500,Sell
2024-08-12 10:49:08,128800.0,900,Buy
2024-08-12 10:49:08,128700.0,3800,Sell
2024-08-12 10:49:08,128700.0,1300,Sell
2024-08-12 10:49:13,128700.0,100,Sell
2024-08-12 10:49:26,128800.0,400,Buy
2024-08-12 10:49:30,128700.0,1000,Sell
2024-08-12 10:49:36,128800.0,500,Buy
2024-08-12 10:49:38,128700.0,400,Sell
2024-08-12 10:49:38,128700.0,100,Sell
2024-08-12 10:49:39,128700.0,500,Sell
2024-08-12 10:49:39,128700.0,400,Sell
2024-08-12 10:49:39,128700.0,100,Sell
2024-08-12 10:49:39,128700.0,500,Sell
2024-08-12 10:49:42,128900.0,1000,Buy
2024-08-12 10:49:42,128800.0,1000,Buy
2024-08-12 10:49:42,128900.0,1500,Buy
2024-08-12 10:49:42,128900.0,1000,Buy
2024-08-12 10:49:42,128800.0,500,Buy
2024-08-12 10:49:42,128800.0,300,Buy
2024-08-12 10:49:42,128800.0,3000,Buy
2024-08-12 10:49:42,128800.0,1000,Buy
