time,price,volume,match_type,id
2024-08-19 09:14:36,131100.0,39700,ATO/ATC,232510230
2024-08-19 09:14:38,131100.0,100,Sell,232510433
2024-08-19 09:14:41,131200.0,100,Buy,232510730
2024-08-19 09:14:42,131300.0,100,Buy,232510737
2024-08-19 09:14:42,131300.0,2500,Buy,232510736
2024-08-19 09:14:42,131200.0,100,Buy,232510733
2024-08-19 09:14:42,131200.0,200,Buy,232510734
2024-08-19 09:14:42,131200.0,700,Buy,232510735
2024-08-19 09:14:53,131300.0,100,Buy,232511088
2024-08-19 09:14:54,131300.0,300,Buy,232511116
2024-08-19 09:15:05,131300.0,100,Buy,232511508
2024-08-19 09:15:05,131300.0,500,Buy,232511507
2024-08-19 09:15:08,131300.0,1700,Buy,232511618
2024-08-19 09:15:08,131300.0,1300,Buy,232511619
2024-08-19 09:15:08,131300.0,500,Buy,232511617
2024-08-19 09:15:12,131300.0,100,Buy,232511794
2024-08-19 09:15:29,131100.0,5000,Sell,232512510
2024-08-19 09:15:50,131100.0,1100,Sell,232513478
2024-08-19 09:16:00,131100.0,300,Sell,232514049
2024-08-19 09:16:05,131100.0,300,Sell,232514274
2024-08-19 09:16:11,131100.0,100,Sell,232514620
2024-08-19 09:16:12,131100.0,1000,Sell,232514812
2024-08-19 09:16:12,131100.0,200,Sell,232514811
2024-08-19 09:16:12,131100.0,100,Sell,232514814
2024-08-19 09:16:12,131100.0,300,Sell,232514809
2024-08-19 09:16:12,131100.0,600,Sell,232514810
2024-08-19 09:16:12,131100.0,100,Sell,232514813
2024-08-19 09:16:12,131100.0,800,Sell,232514808
2024-08-19 09:16:16,131100.0,400,Sell,232515015
2024-08-19 09:16:20,131100.0,1000,Sell,232515203
2024-08-19 09:16:26,131100.0,600,Sell,232515540
2024-08-19 09:16:27,131100.0,900,Sell,232515571
2024-08-19 09:16:27,131100.0,100,Sell,232515572
2024-08-19 09:16:27,131000.0,1000,Sell,232515574
2024-08-19 09:16:27,131000.0,200,Sell,232515575
2024-08-19 09:16:27,131000.0,100,Sell,232515576
2024-08-19 09:16:27,131000.0,1200,Sell,232515573
2024-08-19 09:16:32,131100.0,100,Sell,232515841
2024-08-19 09:16:34,131100.0,300,Sell,232515946
2024-08-19 09:16:34,131100.0,200,Sell,232515947
2024-08-19 09:16:41,131100.0,1300,Sell,232516360
2024-08-19 09:16:44,131100.0,100,Sell,232516492
2024-08-19 09:16:57,131100.0,3200,Sell,232517300
2024-08-19 09:17:03,131100.0,200,Sell,232517612
2024-08-19 09:17:03,131100.0,500,Sell,232517613
2024-08-19 09:17:03,131100.0,300,Sell,232517614
2024-08-19 09:17:03,131100.0,100,Sell,232517620
2024-08-19 09:17:13,131100.0,300,Buy,232518161
2024-08-19 09:17:14,131100.0,700,Buy,232518184
2024-08-19 09:17:15,131200.0,200,Buy,232518241
2024-08-19 09:17:24,131200.0,800,Buy,232518782
2024-08-19 09:17:24,131200.0,900,Buy,232518783
2024-08-19 09:17:29,131100.0,600,Sell,232519035
2024-08-19 09:17:29,131200.0,100,Buy,232519036
2024-08-19 09:17:29,131200.0,600,Buy,232519037
2024-08-19 09:17:29,131200.0,100,Buy,232519038
2024-08-19 09:17:31,131200.0,100,Buy,232519082
2024-08-19 09:17:32,131200.0,100,Buy,232519129
2024-08-19 09:17:37,131200.0,100,Buy,232519396
2024-08-19 09:17:41,131100.0,500,Sell,232519580
2024-08-19 09:17:46,131200.0,100,Buy,232519898
2024-08-19 09:17:54,131200.0,400,Buy,232520266
2024-08-19 09:17:54,131200.0,100,Buy,232520267
2024-08-19 09:17:55,131200.0,100,Sell,232520327
2024-08-19 09:18:02,131200.0,1000,Sell,232520696
2024-08-19 09:18:24,131200.0,100,Sell,232521936
2024-08-19 09:18:24,131200.0,100,Sell,232521937
2024-08-19 09:18:27,131200.0,200,Sell,232522106
2024-08-19 09:18:27,131200.0,3200,Sell,232522107
2024-08-19 09:18:36,131300.0,1000,Buy,232522707
2024-08-19 09:18:36,131300.0,100,Buy,232522692
2024-08-19 09:18:36,131300.0,600,Buy,232522708
2024-08-19 09:18:36,131300.0,600,Buy,232522690
2024-08-19 09:18:36,131300.0,2000,Buy,232522689
2024-08-19 09:18:36,131300.0,100,Buy,232522691
2024-08-19 09:18:36,131300.0,600,Buy,232522688
2024-08-19 09:18:40,131200.0,100,Sell,232522889
2024-08-19 09:18:40,131200.0,1100,Sell,232522890
2024-08-19 09:18:44,131300.0,200,Buy,232523116
2024-08-19 09:18:46,131200.0,2400,Sell,232523195
2024-08-19 09:18:47,131200.0,100,Sell,232523230
2024-08-19 09:18:53,131200.0,2900,Sell,232523656
2024-08-19 09:18:53,131200.0,3000,Sell,232523657
2024-08-19 09:18:53,131200.0,100,Sell,232523658
2024-08-19 09:18:53,131200.0,500,Sell,232523659
2024-08-19 09:18:53,131200.0,1500,Sell,232523660
2024-08-19 09:18:53,131300.0,100,Buy,232523669
2024-08-19 09:18:57,131200.0,100,Sell,232523813
2024-08-19 09:18:57,131300.0,100,Buy,232523837
2024-08-19 09:18:57,131300.0,300,Buy,232523838
2024-08-19 09:19:00,131300.0,600,Buy,232523958
2024-08-19 09:19:00,131300.0,300,Buy,232523956
2024-08-19 09:19:00,131300.0,100,Buy,232523957
2024-08-19 09:19:03,131300.0,200,Buy,232524123
2024-08-19 09:19:06,131300.0,100,Buy,232524260
2024-08-19 09:19:10,131300.0,100,Buy,232524398
2024-08-19 09:19:16,131300.0,100,Buy,232524680
2024-08-19 09:19:26,131300.0,500,Buy,232525118
2024-08-19 09:19:29,131400.0,100,Buy,232525226
2024-08-19 09:19:29,131400.0,100,Buy,232525227
2024-08-19 09:19:29,131400.0,2500,Buy,232525228
2024-08-19 09:19:29,131400.0,300,Buy,232525229
2024-08-19 09:19:30,131300.0,100,Sell,232525294
2024-08-19 09:19:38,131300.0,1400,Sell,232525658
2024-08-19 09:19:38,131300.0,100,Sell,232525659
2024-08-19 09:19:39,131300.0,500,Buy,232525710
2024-08-19 09:19:40,131300.0,500,Sell,232525767
2024-08-19 09:19:46,131300.0,100,Sell,232526037
2024-08-19 09:19:49,131300.0,500,Sell,232526208
2024-08-19 09:19:52,131300.0,100,Sell,232526299
2024-08-19 09:19:52,131300.0,300,Sell,232526300
2024-08-19 09:20:02,131300.0,100,Sell,232526688
2024-08-19 09:20:04,131400.0,200,Buy,232526775
2024-08-19 09:20:05,131300.0,100,Sell,232526816
2024-08-19 09:20:06,131300.0,100,Sell,232526849
2024-08-19 09:20:26,131300.0,200,Sell,232527739
2024-08-19 09:20:27,131300.0,500,Sell,232527783
2024-08-19 09:20:30,131400.0,2800,Buy,232527905
2024-08-19 09:20:34,131300.0,500,Sell,232528115
2024-08-19 09:20:48,131400.0,500,Buy,232528705
2024-08-19 09:20:49,131400.0,100,Buy,232528735
2024-08-19 09:20:52,131400.0,200,Buy,232528837
2024-08-19 09:20:56,131400.0,100,Buy,232528904
2024-08-19 09:20:59,131300.0,2000,Sell,232529103
2024-08-19 09:20:59,131300.0,100,Sell,232529102
2024-08-19 09:20:59,131300.0,100,Sell,232529101
2024-08-19 09:20:59,131300.0,100,Sell,232529098
2024-08-19 09:20:59,131300.0,200,Sell,232529099
2024-08-19 09:20:59,131300.0,5000,Sell,232529097
2024-08-19 09:20:59,131300.0,200,Sell,232529096
2024-08-19 09:20:59,131300.0,2400,Sell,232529100
2024-08-19 09:21:09,131300.0,100,Buy,232529564
2024-08-19 09:21:11,131200.0,100,Sell,232529667
2024-08-19 09:21:11,131200.0,400,Sell,232529668
2024-08-19 09:21:12,131200.0,100,Sell,232529674
2024-08-19 09:21:12,131200.0,100,Sell,232529675
2024-08-19 09:21:12,131200.0,100,Sell,232529676
2024-08-19 09:21:17,131200.0,200,Buy,232529865
2024-08-19 09:21:17,131300.0,3800,Buy,232529866
2024-08-19 09:21:18,131100.0,1800,Sell,232529947
2024-08-19 09:21:18,131100.0,3300,Sell,232529948
2024-08-19 09:21:20,131100.0,300,Sell,232530069
2024-08-19 09:21:20,131100.0,1700,Sell,232530068
2024-08-19 09:21:24,131300.0,100,Buy,232530238
2024-08-19 09:21:48,131100.0,100,Sell,232531118
2024-08-19 09:21:59,131100.0,100,Sell,232531483
2024-08-19 09:21:59,131100.0,400,Sell,232531484
2024-08-19 09:22:03,131100.0,500,Sell,232531657
2024-08-19 09:22:04,131100.0,100,Sell,232531695
2024-08-19 09:22:07,131100.0,100,Sell,232531808
2024-08-19 09:22:12,131100.0,200,Sell,232531925
2024-08-19 09:22:12,131100.0,300,Sell,232531926
2024-08-19 09:22:12,131100.0,200,Sell,232531927
2024-08-19 09:22:12,131100.0,200,Sell,232531928
2024-08-19 09:22:12,131000.0,400,Sell,232531929
2024-08-19 09:22:12,131000.0,100,Sell,232531930
2024-08-19 09:22:12,131000.0,100,Sell,232531931
2024-08-19 09:22:12,131000.0,1000,Sell,232531932
2024-08-19 09:22:12,131000.0,900,Sell,232531933
2024-08-19 09:22:12,131000.0,1000,Sell,232531934
2024-08-19 09:22:12,131000.0,300,Sell,232531935
2024-08-19 09:22:12,131000.0,7800,Sell,232531936
2024-08-19 09:22:20,131100.0,100,Buy,232532201
2024-08-19 09:22:20,131100.0,100,Buy,232532200
2024-08-19 09:22:22,131000.0,100,Sell,232532262
2024-08-19 09:22:26,131100.0,100,Sell,232532420
2024-08-19 09:22:30,131100.0,100,Sell,232532548
2024-08-19 09:22:36,131100.0,100,Sell,232532728
2024-08-19 09:22:40,131100.0,200,Sell,232532890
2024-08-19 09:22:53,131100.0,100,Sell,232533373
2024-08-19 09:22:53,131100.0,100,Sell,232533374
2024-08-19 09:22:53,131100.0,100,Sell,232533375
2024-08-19 09:22:56,131100.0,100,Buy,232533446
2024-08-19 09:23:20,131100.0,100,Buy,232534615
2024-08-19 09:23:23,131000.0,200,Sell,232534727
2024-08-19 09:23:27,131000.0,800,Sell,232534889
2024-08-19 09:23:28,131000.0,1000,Sell,232534973
2024-08-19 09:23:28,131000.0,100,Sell,232534972
2024-08-19 09:23:28,131000.0,3200,Sell,232534971
2024-08-19 09:23:28,131000.0,100,Sell,232534967
2024-08-19 09:23:28,131000.0,1000,Sell,232534969
2024-08-19 09:23:28,131000.0,2000,Sell,232534970
2024-08-19 09:23:28,131000.0,900,Sell,232534966
2024-08-19 09:23:28,131000.0,200,Sell,232534968
2024-08-19 09:23:33,131000.0,900,Sell,232535148
2024-08-19 09:23:38,131000.0,100,Sell,232535378
2024-08-19 09:23:44,131000.0,400,Sell,232535632
2024-08-19 09:23:47,131000.0,1300,Sell,232535748
2024-08-19 09:23:55,131100.0,200,Buy,232536055
2024-08-19 09:23:55,131000.0,1500,Sell,232536076
2024-08-19 09:23:59,131000.0,100,Sell,232536247
2024-08-19 09:24:11,131000.0,2500,Sell,232536720
2024-08-19 09:24:11,131000.0,2500,Sell,232536726
2024-08-19 09:24:36,131000.0,100,Sell,232537649
2024-08-19 09:24:43,131000.0,1000,Sell,232537842
2024-08-19 09:24:47,131100.0,2000,Buy,232538023
2024-08-19 09:24:55,131000.0,1900,Sell,232538317
2024-08-19 09:24:58,131000.0,15000,Sell,232538438
2024-08-19 09:25:05,131000.0,2000,Sell,232538825
2024-08-19 09:25:06,131000.0,2000,Sell,232538836
2024-08-19 09:25:06,131000.0,17700,Sell,232538886
2024-08-19 09:25:06,131000.0,200,Sell,232538887
2024-08-19 09:25:06,131000.0,100,Sell,232538888
2024-08-19 09:25:06,131000.0,100,Sell,232538889
2024-08-19 09:25:06,131000.0,400,Sell,232538890
2024-08-19 09:25:10,131000.0,100,Sell,232539038
2024-08-19 09:25:10,131000.0,600,Sell,232539040
2024-08-19 09:25:10,131000.0,100,Sell,232539039
2024-08-19 09:25:10,131000.0,400,Sell,232539037
2024-08-19 09:25:10,131000.0,900,Sell,232539035
2024-08-19 09:25:10,131000.0,100,Sell,232539032
2024-08-19 09:25:10,131000.0,800,Sell,232539036
2024-08-19 09:25:10,131000.0,500,Sell,232539034
2024-08-19 09:25:10,131000.0,500,Sell,232539033
2024-08-19 09:25:11,131000.0,100,Sell,232539074
2024-08-19 09:25:11,131000.0,300,Sell,232539075
2024-08-19 09:25:11,131000.0,100,Sell,232539076
2024-08-19 09:25:11,131000.0,400,Sell,232539073
2024-08-19 09:25:21,130900.0,100,Sell,232539481
2024-08-19 09:25:28,130900.0,100,Sell,232539739
2024-08-19 09:25:34,130900.0,1600,Sell,232539900
2024-08-19 09:25:34,130900.0,400,Sell,232539901
2024-08-19 09:25:38,130800.0,500,Sell,232540100
2024-08-19 09:25:38,130800.0,100,Sell,232540099
2024-08-19 09:25:38,130800.0,500,Sell,232540096
2024-08-19 09:25:38,130800.0,2000,Sell,232540098
2024-08-19 09:25:38,130800.0,1500,Sell,232540094
2024-08-19 09:25:38,130900.0,2000,Sell,232540093
2024-08-19 09:25:38,130900.0,600,Sell,232540092
2024-08-19 09:25:38,130800.0,100,Sell,232540095
2024-08-19 09:25:38,130800.0,100,Sell,232540097
2024-08-19 09:25:47,130800.0,2600,Buy,232540543
2024-08-19 09:25:56,130800.0,100,Sell,232540870
2024-08-19 09:25:57,130800.0,200,Sell,232540878
2024-08-19 09:26:12,130800.0,2100,Sell,232541544
2024-08-19 09:26:14,130800.0,100,Sell,232541630
2024-08-19 09:26:14,130800.0,500,Sell,232541631
2024-08-19 09:26:29,130700.0,5000,Sell,232542195
2024-08-19 09:26:29,130700.0,1000,Sell,232542196
2024-08-19 09:26:29,130700.0,2000,Sell,232542197
2024-08-19 09:26:39,130600.0,200,Sell,232542557
2024-08-19 09:26:39,130600.0,1000,Sell,232542558
2024-08-19 09:26:39,130600.0,100,Sell,232542556
2024-08-19 09:26:39,130600.0,200,Sell,232542539
2024-08-19 09:26:39,130700.0,100,Sell,232542538
2024-08-19 09:26:39,130700.0,200,Sell,232542537
2024-08-19 09:26:39,130600.0,300,Sell,232542540
2024-08-19 09:26:46,130600.0,100,Sell,232542916
2024-08-19 09:26:46,130600.0,2000,Sell,232542915
2024-08-19 09:26:46,130600.0,200,Sell,232542914
2024-08-19 09:26:46,130600.0,500,Sell,232542913
2024-08-19 09:26:46,130600.0,500,Sell,232542912
2024-08-19 09:26:46,130600.0,1000,Sell,232542910
2024-08-19 09:26:46,130600.0,100,Sell,232542909
2024-08-19 09:26:46,130600.0,100,Sell,232542908
2024-08-19 09:26:46,130600.0,200,Sell,232542911
2024-08-19 09:26:46,130600.0,100,Sell,232542906
2024-08-19 09:26:46,130600.0,200,Sell,232542905
2024-08-19 09:26:46,130600.0,700,Sell,232542904
2024-08-19 09:26:46,130600.0,400,Sell,232542903
2024-08-19 09:26:46,130600.0,100,Sell,232542902
2024-08-19 09:26:46,130600.0,100,Sell,232542901
2024-08-19 09:26:46,130600.0,800,Sell,232542900
2024-08-19 09:26:46,130600.0,2800,Sell,232542899
2024-08-19 09:26:46,130600.0,100,Sell,232542907
2024-08-19 09:26:57,130600.0,500,Sell,232543480
2024-08-19 09:26:57,130600.0,200,Sell,232543479
2024-08-19 09:26:57,130600.0,200,Sell,232543427
2024-08-19 09:26:57,130600.0,200,Sell,232543426
2024-08-19 09:26:57,130600.0,100,Sell,232543428
2024-08-19 09:27:03,130600.0,100,Buy,232543722
2024-08-19 09:27:04,130500.0,500,Sell,232543740
2024-08-19 09:27:04,130500.0,100,Sell,232543746
2024-08-19 09:27:04,130500.0,100,Sell,232543747
2024-08-19 09:27:04,130500.0,300,Sell,232543748
2024-08-19 09:27:07,130600.0,500,Buy,232543898
2024-08-19 09:27:12,130600.0,200,Sell,232544174
2024-08-19 09:27:13,130600.0,100,Sell,232544202
2024-08-19 09:27:18,130700.0,100,Buy,232544354
2024-08-19 09:27:20,130600.0,1000,Sell,232544421
2024-08-19 09:27:36,130600.0,100,Sell,232545054
2024-08-19 09:27:48,130600.0,500,Sell,232545492
2024-08-19 09:27:56,130600.0,200,Sell,232545829
2024-08-19 09:28:08,130600.0,200,Sell,232546229
2024-08-19 09:28:36,130600.0,300,Sell,232547364
2024-08-19 09:28:50,130700.0,5000,Sell,232547719
2024-08-19 09:28:54,130700.0,100,Sell,232547832
2024-08-19 09:29:11,130800.0,1900,Buy,232548454
2024-08-19 09:29:23,130800.0,100,Buy,232548853
2024-08-19 09:29:23,130800.0,300,Buy,232548852
2024-08-19 09:29:23,130800.0,2000,Buy,232548851
2024-08-19 09:29:23,130800.0,2500,Buy,232548850
2024-08-19 09:29:38,130900.0,200,Buy,232549471
2024-08-19 09:29:41,130800.0,100,Sell,232549564
2024-08-19 09:29:44,131000.0,100,Buy,232549659
2024-08-19 09:29:44,131000.0,200,Buy,232549662
2024-08-19 09:29:44,131000.0,100,Buy,232549663
2024-08-19 09:29:44,131000.0,2000,Buy,232549664
2024-08-19 09:29:44,131000.0,300,Buy,232549665
2024-08-19 09:29:44,130800.0,100,Sell,232549687
2024-08-19 09:29:44,131000.0,5000,Buy,232549667
2024-08-19 09:29:44,131000.0,100,Buy,232549668
2024-08-19 09:29:44,131000.0,500,Buy,232549669
2024-08-19 09:29:44,131000.0,1100,Buy,232549670
2024-08-19 09:29:44,131000.0,200,Buy,232549658
2024-08-19 09:29:44,131000.0,100,Buy,232549666
2024-08-19 09:29:44,131000.0,200,Buy,232549657
2024-08-19 09:29:44,131000.0,100,Buy,232549661
2024-08-19 09:29:44,131000.0,100,Buy,232549655
2024-08-19 09:29:44,131000.0,400,Buy,232549656
2024-08-19 09:29:44,130900.0,300,Buy,232549643
2024-08-19 09:29:44,130900.0,1200,Buy,232549644
2024-08-19 09:29:44,130900.0,2500,Buy,232549645
2024-08-19 09:29:44,130900.0,100,Buy,232549646
2024-08-19 09:29:44,130900.0,1700,Buy,232549647
2024-08-19 09:29:44,131000.0,100,Buy,232549648
2024-08-19 09:29:44,131000.0,500,Buy,232549660
2024-08-19 09:29:44,131000.0,18500,Buy,232549650
2024-08-19 09:29:44,131000.0,1000,Buy,232549651
2024-08-19 09:29:44,131000.0,1000,Buy,232549652
2024-08-19 09:29:44,131000.0,2000,Buy,232549653
2024-08-19 09:29:44,131000.0,100,Buy,232549649
2024-08-19 09:29:44,131000.0,200,Buy,232549654
2024-08-19 09:29:45,130800.0,100,Buy,232549701
2024-08-19 09:29:53,130800.0,600,Buy,232550021
2024-08-19 09:29:53,130800.0,100,Buy,232550002
2024-08-19 09:29:53,130800.0,2200,Buy,232550020
2024-08-19 09:30:11,130800.0,500,Sell,232550537
2024-08-19 09:30:26,130800.0,100,Sell,232551236
2024-08-19 09:30:45,130800.0,800,Sell,232551773
2024-08-19 09:30:46,130800.0,200,Sell,232551825
2024-08-19 09:30:54,130800.0,100,Sell,232552132
2024-08-19 09:31:11,130800.0,100,Sell,232552878
2024-08-19 09:31:11,130900.0,200,Buy,232552879
2024-08-19 09:31:11,130800.0,500,Sell,232552877
2024-08-19 09:31:24,130800.0,100,Sell,232553278
2024-08-19 09:31:24,130800.0,200,Sell,232553277
2024-08-19 09:31:26,130800.0,200,Sell,232553348
2024-08-19 09:31:27,130800.0,700,Sell,232553355
2024-08-19 09:31:27,130800.0,400,Sell,232553356
2024-08-19 09:31:33,130900.0,200,Buy,232553514
2024-08-19 09:31:41,130900.0,300,Buy,232553739
2024-08-19 09:31:48,130900.0,100,Buy,232553953
2024-08-19 09:32:01,130900.0,500,Buy,232554329
2024-08-19 09:32:01,130900.0,100,Buy,232554327
2024-08-19 09:32:01,130900.0,3200,Buy,232554325
2024-08-19 09:32:01,130900.0,200,Buy,232554328
2024-08-19 09:32:29,130900.0,200,Buy,232555224
2024-08-19 09:32:40,130900.0,300,Buy,232555567
2024-08-19 09:32:40,130900.0,200,Buy,232555568
2024-08-19 09:32:51,130900.0,500,Buy,232555978
2024-08-19 09:32:53,130900.0,1000,Buy,232556044
2024-08-19 09:32:53,130900.0,100,Buy,232556045
2024-08-19 09:32:53,130900.0,2000,Buy,232556046
2024-08-19 09:32:53,130900.0,100,Buy,232556047
2024-08-19 09:32:53,130900.0,300,Buy,232556048
2024-08-19 09:33:02,130900.0,500,Buy,232556284
2024-08-19 09:33:10,130900.0,200,Buy,232556645
2024-08-19 09:33:31,130800.0,100,Sell,232557183
2024-08-19 09:33:35,130900.0,100,Buy,232557275
2024-08-19 09:33:35,130900.0,700,Buy,232557273
2024-08-19 09:33:35,130900.0,200,Buy,232557274
2024-08-19 09:33:51,130800.0,300,Sell,232557789
2024-08-19 09:33:51,130800.0,400,Sell,232557790
2024-08-19 09:33:51,130800.0,400,Sell,232557788
2024-08-19 09:33:51,130800.0,1000,Sell,232557787
2024-08-19 09:33:51,130800.0,300,Sell,232557782
2024-08-19 09:33:51,130800.0,100,Sell,232557785
2024-08-19 09:33:51,130800.0,1000,Sell,232557784
2024-08-19 09:33:51,130800.0,100,Sell,232557783
2024-08-19 09:33:51,130800.0,100,Sell,232557786
2024-08-19 09:33:52,130800.0,100,Buy,232557834
2024-08-19 09:33:53,130800.0,1000,Buy,232557848
2024-08-19 09:34:00,130700.0,44900,Sell,232558070
2024-08-19 09:34:00,130700.0,200,Sell,232558071
2024-08-19 09:34:00,130700.0,100,Sell,232558072
2024-08-19 09:34:00,130700.0,100,Sell,232558073
2024-08-19 09:34:14,130700.0,100,Buy,232558481
2024-08-19 09:34:35,130700.0,1000,Buy,232559051
2024-08-19 09:34:42,130600.0,2000,Sell,232559376
2024-08-19 09:34:42,130600.0,600,Sell,232559387
2024-08-19 09:34:42,130600.0,100,Sell,232559386
2024-08-19 09:34:42,130600.0,900,Sell,232559384
2024-08-19 09:34:42,130600.0,100,Sell,232559383
2024-08-19 09:34:42,130600.0,100,Sell,232559385
2024-08-19 09:34:42,130600.0,200,Sell,232559381
2024-08-19 09:34:42,130600.0,600,Sell,232559380
2024-08-19 09:34:42,130600.0,200,Sell,232559379
2024-08-19 09:34:42,130600.0,100,Sell,232559378
2024-08-19 09:34:42,130600.0,200,Sell,232559377
2024-08-19 09:34:42,130600.0,100,Sell,232559382
2024-08-19 09:34:45,130600.0,3600,Sell,232559477
2024-08-19 09:34:55,130700.0,100,Buy,232559784
2024-08-19 09:34:56,130600.0,500,Sell,232559808
2024-08-19 09:34:56,130600.0,400,Sell,232559810
2024-08-19 09:34:56,130600.0,1500,Sell,232559809
2024-08-19 09:34:56,130600.0,200,Sell,232559807
2024-08-19 09:34:56,130600.0,100,Sell,232559803
2024-08-19 09:34:56,130600.0,100,Sell,232559805
2024-08-19 09:34:56,130600.0,500,Sell,232559804
2024-08-19 09:34:56,130600.0,800,Sell,232559802
2024-08-19 09:34:56,130600.0,500,Sell,232559806
2024-08-19 09:35:52,130500.0,200,Sell,232561352
2024-08-19 09:35:52,130500.0,200,Sell,232561353
2024-08-19 09:35:52,130500.0,300,Sell,232561354
2024-08-19 09:35:52,130500.0,300,Sell,232561355
2024-08-19 09:36:05,130500.0,200,Sell,232561793
2024-08-19 09:36:05,130500.0,100,Sell,232561794
2024-08-19 09:36:05,130500.0,100,Sell,232561795
2024-08-19 09:36:06,130500.0,900,Sell,232561899
2024-08-19 09:36:06,130500.0,600,Sell,232561898
2024-08-19 09:36:08,130600.0,100,Buy,232562025
2024-08-19 09:36:12,130500.0,100,Sell,232562189
2024-08-19 09:36:20,130500.0,1900,Sell,232562519
2024-08-19 09:36:20,130500.0,300,Sell,232562516
2024-08-19 09:36:20,130500.0,200,Sell,232562517
2024-08-19 09:36:20,130500.0,100,Sell,232562518
2024-08-19 09:36:21,130500.0,100,Sell,232562523
2024-08-19 09:36:23,130600.0,1000,Buy,232562586
2024-08-19 09:36:32,130500.0,100,Sell,232562892
2024-08-19 09:36:32,130500.0,100,Sell,232562893
2024-08-19 09:36:32,130500.0,800,Sell,232562894
2024-08-19 09:36:33,130600.0,100,Buy,232562917
2024-08-19 09:36:34,130400.0,700,Sell,232563065
2024-08-19 09:36:34,130400.0,100,Sell,232563064
2024-08-19 09:36:34,130400.0,100,Sell,232563063
2024-08-19 09:36:34,130400.0,500,Sell,232563062
2024-08-19 09:36:34,130400.0,100,Sell,232563061
2024-08-19 09:36:34,130400.0,300,Sell,232563060
2024-08-19 09:36:34,130500.0,100,Sell,232563059
2024-08-19 09:36:34,130500.0,500,Sell,232563057
2024-08-19 09:36:34,130500.0,100,Sell,232563056
2024-08-19 09:36:34,130500.0,100,Sell,232563054
2024-08-19 09:36:34,130500.0,200,Sell,232563053
2024-08-19 09:36:34,130500.0,100,Sell,232563052
2024-08-19 09:36:34,130500.0,200,Sell,232563051
2024-08-19 09:36:34,130500.0,100,Sell,232563058
2024-08-19 09:36:34,130500.0,1000,Sell,232563055
2024-08-19 09:36:38,130600.0,200,Buy,232563170
2024-08-19 09:36:38,130600.0,600,Buy,232563171
2024-08-19 09:36:57,130600.0,100,Buy,232563838
2024-08-19 09:37:06,130600.0,100,Buy,232564231
2024-08-19 09:37:06,130600.0,200,Buy,232564230
2024-08-19 09:37:06,130600.0,100,Buy,232564228
2024-08-19 09:37:06,130600.0,300,Buy,232564229
2024-08-19 09:37:06,130600.0,300,Buy,232564227
2024-08-19 09:37:08,130600.0,100,Buy,232564276
2024-08-19 09:37:09,130500.0,100,Sell,232564291
2024-08-19 09:37:12,130500.0,900,Sell,232564476
2024-08-19 09:37:13,130500.0,100,Buy,232564484
2024-08-19 09:37:19,130500.0,1000,Buy,232564691
2024-08-19 09:37:27,130500.0,100,Buy,232565103
2024-08-19 09:37:31,130500.0,100,Buy,232565278
2024-08-19 09:37:31,130500.0,300,Buy,232565281
2024-08-19 09:37:37,130500.0,100,Sell,232565551
2024-08-19 09:38:04,130500.0,100,Sell,232566565
2024-08-19 09:38:06,130500.0,200,Sell,232566622
2024-08-19 09:38:06,130500.0,200,Sell,232566619
2024-08-19 09:38:06,130500.0,500,Sell,232566621
2024-08-19 09:38:06,130500.0,100,Sell,232566620
2024-08-19 09:38:06,130500.0,100,Sell,232566616
2024-08-19 09:38:06,130500.0,100,Sell,232566615
2024-08-19 09:38:06,130500.0,800,Sell,232566617
2024-08-19 09:38:23,130500.0,300,Sell,232567380
2024-08-19 09:38:23,130500.0,200,Sell,232567381
2024-08-19 09:38:44,130600.0,100,Buy,232568182
2024-08-19 09:38:44,130500.0,100,Sell,232568190
2024-08-19 09:38:44,130500.0,100,Sell,232568191
2024-08-19 09:38:50,130600.0,200,Buy,232568406
2024-08-19 09:38:50,130600.0,300,Buy,232568407
2024-08-19 09:38:55,130600.0,200,Buy,232568614
2024-08-19 09:39:00,130600.0,500,Buy,232568931
2024-08-19 09:39:00,130600.0,100,Buy,232568932
2024-08-19 09:39:00,130600.0,1700,Buy,232568933
2024-08-19 09:39:00,130600.0,1700,Buy,232568934
2024-08-19 09:39:02,130600.0,1000,Buy,232568995
2024-08-19 09:39:03,130500.0,200,Sell,232569002
2024-08-19 09:39:03,130500.0,300,Sell,232569001
2024-08-19 09:39:05,130600.0,300,Buy,232569119
2024-08-19 09:39:10,130600.0,100,Buy,232569367
2024-08-19 09:39:10,130600.0,900,Buy,232569366
2024-08-19 09:39:15,130600.0,100,Buy,232569546
2024-08-19 09:39:17,130600.0,900,Buy,232569603
2024-08-19 09:39:20,130600.0,100,Sell,232569684
2024-08-19 09:39:20,130600.0,100,Sell,232569685
2024-08-19 09:40:18,130800.0,1600,Buy,232572005
2024-08-19 09:40:18,130800.0,1400,Buy,232572006
2024-08-19 09:40:18,130800.0,100,Buy,232572007
2024-08-19 09:40:35,130800.0,300,Sell,232572853
2024-08-19 09:40:41,130800.0,5000,Sell,232573108
2024-08-19 09:40:43,130800.0,200,Sell,232573162
2024-08-19 09:40:53,130800.0,2100,Sell,232573637
2024-08-19 09:40:58,130800.0,300,Sell,232574169
2024-08-19 09:41:01,130800.0,500,Sell,232574275
2024-08-19 09:41:01,130800.0,100,Sell,232574274
2024-08-19 09:41:01,130800.0,100,Sell,232574273
2024-08-19 09:41:01,130800.0,1000,Sell,232574267
2024-08-19 09:41:01,130800.0,200,Sell,232574272
2024-08-19 09:41:10,130800.0,100,Buy,232574571
2024-08-19 09:41:19,130800.0,100,Sell,232574931
2024-08-19 09:41:19,130700.0,200,Sell,232574932
2024-08-19 09:41:28,130800.0,100,Sell,232575199
2024-08-19 09:41:28,130800.0,100,Sell,232575200
2024-08-19 09:41:28,130800.0,100,Sell,232575201
2024-08-19 09:41:34,130800.0,1000,Buy,232575398
2024-08-19 09:41:34,130700.0,5000,Sell,232575415
2024-08-19 09:41:38,130700.0,200,Sell,232575513
2024-08-19 09:41:38,130700.0,100,Sell,232575514
2024-08-19 09:41:40,130600.0,300,Sell,232575567
2024-08-19 09:41:46,130600.0,400,Sell,232575772
2024-08-19 09:41:48,130600.0,100,Sell,232575861
2024-08-19 09:41:49,130700.0,100,Buy,232575886
2024-08-19 09:41:53,130800.0,200,Buy,232576045
2024-08-19 09:41:54,130700.0,200,Sell,232576054
2024-08-19 09:41:54,130600.0,100,Sell,232576055
2024-08-19 09:41:54,130600.0,100,Sell,232576056
2024-08-19 09:42:01,130700.0,300,Sell,232576324
2024-08-19 09:42:07,130800.0,100,Buy,232576447
2024-08-19 09:42:10,130800.0,800,Buy,232576528
2024-08-19 09:42:22,130800.0,300,Sell,232576922
2024-08-19 09:42:25,130800.0,500,Sell,232576983
2024-08-19 09:42:38,130800.0,3400,Sell,232577481
2024-08-19 09:42:38,130800.0,500,Sell,232577482
2024-08-19 09:42:43,130700.0,300,Sell,232577623
2024-08-19 09:42:46,130800.0,100,Buy,232577741
2024-08-19 09:42:51,130800.0,1000,Buy,232577923
2024-08-19 09:42:51,130800.0,700,Buy,232577924
2024-08-19 09:43:04,130800.0,300,Sell,232578342
2024-08-19 09:43:25,130800.0,300,Sell,232579366
2024-08-19 09:43:29,130800.0,300,Sell,232579508
2024-08-19 09:43:29,130800.0,100,Sell,232579509
2024-08-19 09:43:29,130800.0,400,Sell,232579510
2024-08-19 09:43:29,130800.0,2700,Sell,232579507
2024-08-19 09:43:32,130900.0,1500,Buy,232579644
2024-08-19 09:43:32,130900.0,1500,Buy,232579645
2024-08-19 09:43:32,130900.0,1700,Buy,232579646
2024-08-19 09:43:35,130900.0,1000,Sell,232579737
2024-08-19 09:43:45,131000.0,600,Buy,232580116
2024-08-19 09:43:45,131000.0,1000,Buy,232580115
2024-08-19 09:43:45,131000.0,300,Buy,232580111
2024-08-19 09:43:45,131000.0,1000,Buy,232580114
2024-08-19 09:43:45,131000.0,500,Buy,232580113
2024-08-19 09:43:45,131000.0,100,Buy,232580112
2024-08-19 09:43:45,131000.0,500,Buy,232580110
2024-08-19 09:43:45,131000.0,200,Buy,232580103
2024-08-19 09:43:45,131000.0,100,Buy,232580108
2024-08-19 09:43:45,131000.0,400,Buy,232580109
2024-08-19 09:43:45,131000.0,200,Buy,232580102
2024-08-19 09:43:45,131000.0,2000,Buy,232580104
2024-08-19 09:43:45,131000.0,100,Buy,232580101
2024-08-19 09:43:45,131000.0,1000,Buy,232580106
2024-08-19 09:43:45,131000.0,1000,Buy,232580107
2024-08-19 09:43:45,131000.0,1000,Buy,232580105
2024-08-19 09:43:47,130900.0,300,Sell,232580214
2024-08-19 09:43:51,130900.0,100,Sell,232580372
2024-08-19 09:44:08,130900.0,300,Sell,232581039
2024-08-19 09:44:14,131000.0,500,Buy,232581212
2024-08-19 09:44:14,131000.0,100,Buy,232581226
2024-08-19 09:44:14,131000.0,100,Buy,232581228
2024-08-19 09:44:14,131000.0,100,Buy,232581229
2024-08-19 09:44:14,131000.0,400,Buy,232581211
2024-08-19 09:44:15,131000.0,300,Buy,232581247
2024-08-19 09:44:23,131000.0,100,Buy,232581467
2024-08-19 09:44:28,131000.0,100,Buy,232581637
2024-08-19 09:44:29,130900.0,300,Sell,232581681
2024-08-19 09:44:31,131000.0,100,Buy,232581725
2024-08-19 09:44:35,130900.0,200,Sell,232581842
2024-08-19 09:44:50,130900.0,300,Sell,232582305
2024-08-19 09:44:52,130900.0,400,Sell,232582391
2024-08-19 09:44:53,130900.0,400,Sell,232582485
2024-08-19 09:44:53,130900.0,500,Sell,232582484
2024-08-19 09:44:53,130900.0,100,Sell,232582483
2024-08-19 09:44:53,131000.0,500,Buy,232582420
2024-08-19 09:44:53,130900.0,4000,Sell,232582481
2024-08-19 09:44:53,131000.0,100,Buy,232582421
2024-08-19 09:44:53,130900.0,100,Sell,232582482
2024-08-19 09:44:53,131000.0,400,Buy,232582419
2024-08-19 09:44:56,130900.0,100,Sell,232582648
2024-08-19 09:45:08,131000.0,100,Buy,232583061
2024-08-19 09:45:08,131000.0,100,Buy,232583062
2024-08-19 09:45:08,131000.0,100,Buy,232583063
2024-08-19 09:45:12,130900.0,200,Sell,232583171
2024-08-19 09:45:12,130900.0,100,Sell,232583170
2024-08-19 09:45:17,130900.0,100,Sell,232583303
2024-08-19 09:45:27,130900.0,1600,Sell,232583586
2024-08-19 09:45:27,130900.0,1400,Sell,232583585
2024-08-19 09:45:30,130900.0,300,Sell,232583654
2024-08-19 09:45:30,130900.0,200,Sell,232583655
2024-08-19 09:45:30,130900.0,500,Sell,232583656
2024-08-19 09:45:30,130900.0,300,Sell,232583657
2024-08-19 09:45:30,130900.0,3700,Sell,232583653
2024-08-19 09:45:32,130900.0,300,Sell,232583776
2024-08-19 09:45:34,130900.0,400,Sell,232583842
2024-08-19 09:45:34,130900.0,1000,Sell,232583843
2024-08-19 09:45:34,130900.0,100,Sell,232583844
2024-08-19 09:45:35,130900.0,500,Sell,232583878
2024-08-19 09:45:35,130900.0,200,Sell,232583879
2024-08-19 09:45:38,130800.0,100,Sell,232583926
2024-08-19 09:45:40,130900.0,100,Buy,232583976
2024-08-19 09:45:41,130900.0,900,Buy,232583980
2024-08-19 09:45:41,130900.0,100,Buy,232583979
2024-08-19 09:45:53,130800.0,300,Sell,232584377
2024-08-19 09:45:54,130900.0,200,Buy,232584406
2024-08-19 09:46:00,130900.0,100,Sell,232584634
2024-08-19 09:46:12,131000.0,100,Buy,232584862
2024-08-19 09:46:15,130900.0,300,Sell,232584943
2024-08-19 09:46:20,130900.0,100,Sell,232585097
2024-08-19 09:46:32,131000.0,200,Buy,232585518
2024-08-19 09:46:35,130900.0,300,Sell,232585802
2024-08-19 09:46:41,130900.0,100,Sell,232586014
2024-08-19 09:46:45,130900.0,200,Sell,232586257
2024-08-19 09:46:55,130900.0,100,Sell,232586808
2024-08-19 09:46:55,130900.0,100,Sell,232586809
2024-08-19 09:46:56,130900.0,200,Sell,232586839
2024-08-19 09:46:56,130900.0,100,Sell,232586838
2024-08-19 09:46:59,131000.0,800,Buy,232586903
2024-08-19 09:46:59,131000.0,200,Buy,232586902
2024-08-19 09:46:59,131000.0,400,Buy,232586898
2024-08-19 09:46:59,131000.0,500,Buy,232586900
2024-08-19 09:46:59,131000.0,200,Buy,232586901
2024-08-19 09:46:59,131000.0,200,Buy,232586899
2024-08-19 09:47:02,130900.0,100,Sell,232586972
2024-08-19 09:47:06,130900.0,200,Sell,232587128
2024-08-19 09:47:12,131000.0,400,Buy,232587325
2024-08-19 09:47:14,130900.0,100,Sell,232587381
2024-08-19 09:47:17,130900.0,200,Sell,232587530
2024-08-19 09:47:17,130900.0,100,Sell,232587531
2024-08-19 09:47:19,131000.0,500,Buy,232587618
2024-08-19 09:47:19,131000.0,100,Buy,232587617
2024-08-19 09:47:19,131000.0,300,Buy,232587616
2024-08-19 09:47:19,131000.0,100,Buy,232587615
2024-08-19 09:47:19,131000.0,200,Buy,232587614
2024-08-19 09:47:19,131000.0,400,Buy,232587613
2024-08-19 09:47:19,131000.0,100,Buy,232587611
2024-08-19 09:47:19,131000.0,500,Buy,232587609
2024-08-19 09:47:19,131000.0,500,Buy,232587608
2024-08-19 09:47:19,131000.0,1000,Buy,232587607
2024-08-19 09:47:19,131000.0,1000,Buy,232587606
2024-08-19 09:47:19,131000.0,100,Buy,232587605
2024-08-19 09:47:19,131000.0,100,Buy,232587612
2024-08-19 09:47:19,131000.0,100,Buy,232587610
2024-08-19 09:47:24,130900.0,100,Sell,232587826
2024-08-19 09:47:25,131000.0,100,Buy,232587887
2024-08-19 09:47:26,130900.0,1100,Sell,232587923
2024-08-19 09:47:29,131000.0,100,Buy,232588041
2024-08-19 09:47:36,130900.0,100,Sell,232588337
2024-08-19 09:47:38,130900.0,1100,Sell,232588407
2024-08-19 09:47:38,130900.0,300,Sell,232588413
2024-08-19 09:47:45,130900.0,100,Sell,232588687
2024-08-19 09:47:54,130900.0,3400,Sell,232589016
2024-08-19 09:48:00,130900.0,300,Sell,232589226
2024-08-19 09:48:06,130900.0,100,Sell,232589405
2024-08-19 09:48:21,130900.0,300,Sell,232589884
2024-08-19 09:48:28,130900.0,100,Sell,232590054
2024-08-19 09:48:42,130900.0,300,Sell,232590681
2024-08-19 09:48:44,131000.0,1000,Buy,232590770
2024-08-19 09:48:49,130900.0,100,Sell,232590931
2024-08-19 09:48:55,131000.0,200,Buy,232591184
2024-08-19 09:49:04,130900.0,300,Sell,232591493
2024-08-19 09:49:09,130900.0,100,Sell,232591694
2024-08-19 09:49:14,131000.0,300,Buy,232591911
2024-08-19 09:49:14,131000.0,200,Buy,232591912
2024-08-19 09:49:19,131000.0,200,Buy,232592076
2024-08-19 09:49:19,131000.0,100,Buy,232592075
2024-08-19 09:49:19,131000.0,300,Buy,232592072
2024-08-19 09:49:19,131000.0,100,Buy,232592073
2024-08-19 09:49:19,131000.0,200,Buy,232592071
2024-08-19 09:49:19,131000.0,100,Buy,232592074
2024-08-19 09:49:26,130900.0,300,Sell,232592302
2024-08-19 09:49:32,130900.0,100,Sell,232592523
2024-08-19 09:49:33,131000.0,800,Buy,232592594
2024-08-19 09:49:33,131000.0,700,Buy,232592595
2024-08-19 09:49:33,131000.0,200,Buy,232592596
2024-08-19 09:49:33,131000.0,300,Buy,232592597
2024-08-19 09:49:46,130900.0,300,Sell,232593114
2024-08-19 09:49:48,131000.0,200,Buy,232593197
2024-08-19 09:49:53,130900.0,100,Sell,232593382
2024-08-19 09:50:07,130900.0,300,Sell,232593740
2024-08-19 09:50:15,130900.0,100,Sell,232594034
2024-08-19 09:50:18,130900.0,200,Sell,232594180
2024-08-19 09:50:18,130800.0,6700,Sell,232594196
2024-08-19 09:50:18,130800.0,100,Sell,232594195
2024-08-19 09:50:18,130800.0,400,Sell,232594194
2024-08-19 09:50:18,130800.0,2000,Sell,232594193
2024-08-19 09:50:18,130800.0,4200,Sell,232594192
2024-08-19 09:50:18,130900.0,200,Sell,232594191
2024-08-19 09:50:18,130900.0,600,Sell,232594190
2024-08-19 09:50:18,130900.0,100,Sell,232594189
2024-08-19 09:50:18,130900.0,1000,Sell,232594179
2024-08-19 09:50:18,130900.0,100,Sell,232594187
2024-08-19 09:50:18,130900.0,500,Sell,232594181
2024-08-19 09:50:18,130900.0,400,Sell,232594182
2024-08-19 09:50:18,130900.0,200,Sell,232594183
2024-08-19 09:50:18,130900.0,1000,Sell,232594188
2024-08-19 09:50:18,130900.0,2000,Sell,232594185
2024-08-19 09:50:18,130900.0,100,Sell,232594186
2024-08-19 09:50:18,130900.0,200,Sell,232594184
2024-08-19 09:50:30,130800.0,300,Sell,232594478
2024-08-19 09:50:33,130800.0,1700,Sell,232594637
2024-08-19 09:50:33,130800.0,500,Sell,232594636
2024-08-19 09:50:33,130800.0,200,Sell,232594634
2024-08-19 09:50:33,130800.0,100,Sell,232594635
2024-08-19 09:50:33,130800.0,500,Sell,232594631
2024-08-19 09:50:33,130800.0,1000,Sell,232594630
2024-08-19 09:50:33,130800.0,500,Sell,232594633
2024-08-19 09:50:33,130800.0,500,Sell,232594632
2024-08-19 09:50:36,130800.0,100,Sell,232594714
2024-08-19 09:50:50,130800.0,300,Sell,232595141
2024-08-19 09:50:57,130800.0,100,Sell,232595421
2024-08-19 09:50:58,131000.0,100,Buy,232595464
2024-08-19 09:51:01,131000.0,100,Buy,232595536
2024-08-19 09:51:11,130800.0,100,Sell,232595915
2024-08-19 09:51:11,130800.0,200,Sell,232595916
2024-08-19 09:51:18,130800.0,100,Sell,232596243
2024-08-19 09:51:27,130800.0,1000,Sell,232596493
2024-08-19 09:51:32,130800.0,300,Sell,232596797
2024-08-19 09:51:36,130800.0,1000,Sell,232596909
2024-08-19 09:51:40,130800.0,100,Sell,232597037
2024-08-19 09:51:53,130800.0,300,Sell,232597555
2024-08-19 09:52:00,130800.0,100,Sell,232597771
2024-08-19 09:52:14,130800.0,300,Sell,232598309
2024-08-19 09:52:21,130800.0,100,Sell,232598507
2024-08-19 09:52:23,130800.0,400,Sell,232598566
2024-08-19 09:52:35,130800.0,300,Sell,232599020
2024-08-19 09:52:37,130800.0,5100,Sell,232599081
2024-08-19 09:52:40,130800.0,100,Sell,232599251
2024-08-19 09:52:40,130900.0,100,Buy,232599271
2024-08-19 09:52:42,130800.0,100,Sell,232599316
2024-08-19 09:52:44,130900.0,100,Buy,232599372
2024-08-19 09:52:44,130900.0,400,Buy,232599373
2024-08-19 09:52:49,130900.0,1000,Buy,232599615
2024-08-19 09:52:54,130900.0,100,Buy,232599744
2024-08-19 09:52:54,130900.0,100,Sell,232599787
2024-08-19 09:52:56,130800.0,300,Sell,232599841
2024-08-19 09:53:04,130800.0,100,Sell,232600049
2024-08-19 09:53:17,130800.0,300,Sell,232600470
2024-08-19 09:53:25,130800.0,100,Sell,232600652
2024-08-19 09:53:38,130800.0,300,Sell,232601144
2024-08-19 09:53:45,130800.0,100,Sell,232601414
2024-08-19 09:53:54,130900.0,100,Buy,232601687
2024-08-19 09:53:54,130900.0,100,Buy,232601688
2024-08-19 09:53:59,130800.0,300,Sell,232601810
2024-08-19 09:54:07,130800.0,100,Sell,232602045
2024-08-19 09:54:20,130800.0,100,Sell,232602604
2024-08-19 09:54:20,130800.0,200,Sell,232602606
2024-08-19 09:54:27,130800.0,100,Sell,232602817
2024-08-19 09:54:31,130800.0,1900,Sell,232602948
2024-08-19 09:54:31,130800.0,500,Sell,232602949
2024-08-19 09:54:31,130800.0,400,Sell,232602950
2024-08-19 09:54:31,130800.0,1500,Sell,232602951
2024-08-19 09:54:31,130800.0,700,Sell,232602947
2024-08-19 09:54:34,130900.0,900,Buy,232603055
2024-08-19 09:54:34,130900.0,100,Buy,232603056
2024-08-19 09:54:42,130800.0,300,Sell,232603282
2024-08-19 09:54:49,130800.0,100,Sell,232603535
2024-08-19 09:54:50,130900.0,500,Buy,232603561
2024-08-19 09:54:58,130800.0,100,Sell,232603761
2024-08-19 09:55:03,130800.0,300,Sell,232603896
2024-08-19 09:55:11,130800.0,100,Sell,232604098
2024-08-19 09:55:24,130800.0,300,Sell,232604578
2024-08-19 09:55:31,130800.0,100,Sell,232604765
2024-08-19 09:55:45,130800.0,300,Sell,232605315
2024-08-19 09:55:46,130800.0,1500,Sell,232605355
2024-08-19 09:55:52,130800.0,100,Sell,232605523
2024-08-19 09:55:59,130800.0,100,Sell,232605719
2024-08-19 09:56:07,130900.0,100,Buy,232605940
2024-08-19 09:56:07,130800.0,200,Sell,232605947
2024-08-19 09:56:07,130800.0,100,Sell,232605948
2024-08-19 09:56:11,130900.0,200,Buy,232606086
2024-08-19 09:56:13,130800.0,100,Sell,232606186
2024-08-19 09:56:27,130800.0,100,Sell,232606635
2024-08-19 09:56:27,130800.0,100,Sell,232606632
2024-08-19 09:56:27,130800.0,300,Sell,232606631
2024-08-19 09:56:27,130800.0,3100,Sell,232606630
2024-08-19 09:56:27,130800.0,3800,Sell,232606628
2024-08-19 09:56:27,130800.0,1000,Sell,232606627
2024-08-19 09:56:27,130800.0,100,Sell,232606626
2024-08-19 09:56:27,130800.0,800,Sell,232606625
2024-08-19 09:56:27,130800.0,100,Sell,232606629
2024-08-19 09:56:29,130700.0,300,Sell,232606668
2024-08-19 09:56:34,130700.0,100,Sell,232606816
2024-08-19 09:56:46,130800.0,100,Buy,232607206
2024-08-19 09:56:50,130700.0,300,Sell,232607297
2024-08-19 09:56:56,130700.0,100,Sell,232607484
2024-08-19 09:57:00,130700.0,100,Sell,232607664
2024-08-19 09:57:05,130700.0,5000,Sell,232607816
2024-08-19 09:57:06,130800.0,100,Buy,232607828
2024-08-19 09:57:10,130700.0,300,Sell,232608001
2024-08-19 09:57:13,130700.0,100,Sell,232608093
2024-08-19 09:57:17,130700.0,100,Sell,232608315
2024-08-19 09:57:26,130700.0,100,Sell,232608606
2024-08-19 09:57:26,130700.0,100,Sell,232608609
2024-08-19 09:57:26,130700.0,100,Sell,232608608
2024-08-19 09:57:26,130700.0,1000,Sell,232608607
2024-08-19 09:57:26,130700.0,100,Sell,232608605
2024-08-19 09:57:26,130700.0,3000,Sell,232608599
2024-08-19 09:57:26,130700.0,500,Sell,232608603
2024-08-19 09:57:26,130700.0,100,Sell,232608602
2024-08-19 09:57:26,130700.0,1000,Sell,232608601
2024-08-19 09:57:26,130700.0,100,Sell,232608600
2024-08-19 09:57:26,130700.0,500,Sell,232608604
2024-08-19 09:57:31,130600.0,300,Sell,232608737
2024-08-19 09:57:38,130600.0,100,Sell,232608907
2024-08-19 09:57:50,130600.0,600,Sell,232609232
2024-08-19 09:57:50,130600.0,500,Sell,232609231
2024-08-19 09:57:50,130600.0,1000,Sell,232609229
2024-08-19 09:57:50,130600.0,100,Sell,232609230
2024-08-19 09:57:50,130600.0,100,Sell,232609227
2024-08-19 09:57:50,130600.0,1000,Sell,232609226
2024-08-19 09:57:50,130600.0,1600,Sell,232609225
2024-08-19 09:57:50,130600.0,100,Sell,232609228
2024-08-19 09:57:53,130600.0,300,Sell,232609323
2024-08-19 09:57:54,130600.0,100,Sell,232609373
2024-08-19 09:57:54,130600.0,400,Sell,232609372
2024-08-19 09:57:56,130600.0,100,Sell,232609442
2024-08-19 09:57:56,130600.0,100,Sell,232609450
2024-08-19 09:57:56,130600.0,100,Sell,232609449
2024-08-19 09:57:56,130600.0,1000,Sell,232609448
2024-08-19 09:57:56,130600.0,1300,Sell,232609447
2024-08-19 09:57:56,130600.0,100,Sell,232609441
2024-08-19 09:57:56,130600.0,300,Sell,232609445
2024-08-19 09:57:56,130600.0,200,Sell,232609443
2024-08-19 09:57:56,130600.0,200,Sell,232609446
2024-08-19 09:57:56,130600.0,500,Sell,232609444
2024-08-19 09:57:59,130600.0,200,Sell,232609512
2024-08-19 09:57:59,130500.0,4800,Sell,232609519
2024-08-19 09:57:59,130600.0,400,Sell,232609518
2024-08-19 09:57:59,130600.0,1000,Sell,232609517
2024-08-19 09:57:59,130500.0,600,Sell,232609521
2024-08-19 09:57:59,130600.0,100,Sell,232609515
2024-08-19 09:57:59,130600.0,200,Sell,232609514
2024-08-19 09:57:59,130600.0,100,Sell,232609513
2024-08-19 09:57:59,130600.0,500,Sell,232609516
2024-08-19 09:57:59,130500.0,100,Sell,232609520
2024-08-19 09:58:00,130500.0,100,Sell,232609550
2024-08-19 09:58:07,130500.0,100,Sell,232609739
2024-08-19 09:58:09,130600.0,100,Buy,232609821
2024-08-19 09:58:14,130500.0,200,Sell,232609931
2024-08-19 09:58:14,130500.0,100,Sell,232609932
2024-08-19 09:58:21,130500.0,100,Sell,232610190
2024-08-19 09:58:29,130600.0,100,Buy,232610418
2024-08-19 09:58:33,130600.0,200,Buy,232610534
2024-08-19 09:58:34,130500.0,300,Sell,232610574
2024-08-19 09:58:42,130500.0,100,Sell,232610831
2024-08-19 09:58:42,130500.0,500,Sell,232610814
2024-08-19 09:58:42,130500.0,1000,Sell,232610815
2024-08-19 09:58:44,130500.0,100,Sell,232610857
2024-08-19 09:58:55,130500.0,300,Sell,232611159
2024-08-19 09:58:55,130600.0,100,Buy,232611137
2024-08-19 09:59:03,130500.0,100,Sell,232611326
2024-08-19 09:59:10,130500.0,200,Sell,232611528
2024-08-19 09:59:13,130500.0,100,Sell,232611633
2024-08-19 09:59:16,130500.0,300,Sell,232611685
2024-08-19 09:59:17,130500.0,300,Sell,232611686
2024-08-19 09:59:24,130500.0,100,Sell,232611965
2024-08-19 09:59:36,130600.0,5000,Buy,232612401
2024-08-19 09:59:36,130600.0,1000,Buy,232612402
2024-08-19 09:59:36,130600.0,100,Buy,232612403
2024-08-19 09:59:36,130600.0,100,Buy,232612404
2024-08-19 09:59:37,130600.0,300,Sell,232612432
2024-08-19 09:59:45,130600.0,100,Sell,232612687
2024-08-19 09:59:49,130600.0,500,Sell,232612773
2024-08-19 09:59:51,130600.0,300,Sell,232612847
2024-08-19 09:59:58,130600.0,300,Sell,232613139
2024-08-19 10:00:01,130600.0,300,Sell,232613209
2024-08-19 10:00:01,130600.0,100,Sell,232613210
2024-08-19 10:00:05,130600.0,2100,Buy,232613298
2024-08-19 10:00:06,130600.0,100,Sell,232613337
2024-08-19 10:00:10,130600.0,100,Sell,232613527
2024-08-19 10:00:16,130600.0,100,Sell,232613722
2024-08-19 10:00:19,130600.0,300,Sell,232613803
2024-08-19 10:00:28,130600.0,100,Sell,232614024
2024-08-19 10:00:41,130600.0,300,Sell,232614507
2024-08-19 10:00:47,130600.0,100,Sell,232614663
2024-08-19 10:00:48,130600.0,100,Sell,232614685
2024-08-19 10:00:54,130600.0,100,Sell,232614858
2024-08-19 10:01:00,130600.0,1000,Sell,232614996
2024-08-19 10:01:00,130600.0,6600,Sell,232614995
2024-08-19 10:01:00,130600.0,400,Sell,232614997
2024-08-19 10:01:02,130600.0,300,Sell,232615034
2024-08-19 10:01:05,130600.0,100,Sell,232615103
2024-08-19 10:01:05,130600.0,100,Sell,232615104
2024-08-19 10:01:05,130600.0,300,Sell,232615102
2024-08-19 10:01:07,130600.0,100,Sell,232615173
2024-08-19 10:01:09,130600.0,100,Sell,232615213
2024-08-19 10:01:18,130600.0,1000,Sell,232615434
2024-08-19 10:01:23,130500.0,300,Sell,232615579
2024-08-19 10:01:28,130600.0,500,Buy,232615702
2024-08-19 10:01:28,130700.0,500,Buy,232615703
2024-08-19 10:01:28,130500.0,100,Sell,232615704
2024-08-19 10:01:31,130600.0,100,Sell,232615765
2024-08-19 10:01:39,130500.0,100,Sell,232616032
2024-08-19 10:01:44,130500.0,300,Sell,232616133
2024-08-19 10:01:51,130500.0,100,Sell,232616268
2024-08-19 10:01:51,130600.0,100,Buy,232616266
2024-08-19 10:02:05,130500.0,300,Sell,232616530
2024-08-19 10:02:13,130500.0,100,Sell,232616684
2024-08-19 10:02:18,130500.0,200,Sell,232616767
2024-08-19 10:02:24,130500.0,100,Sell,232616970
2024-08-19 10:02:24,130600.0,100,Buy,232616983
2024-08-19 10:02:24,130600.0,300,Buy,232616984
2024-08-19 10:02:25,130500.0,200,Sell,232616988
2024-08-19 10:02:27,130500.0,100,Sell,232617056
2024-08-19 10:02:27,130500.0,100,Sell,232617057
2024-08-19 10:02:27,130500.0,100,Sell,232617058
2024-08-19 10:02:35,130500.0,100,Sell,232617282
2024-08-19 10:02:38,130600.0,100,Buy,232617431
2024-08-19 10:02:47,130500.0,300,Sell,232617704
2024-08-19 10:02:57,130500.0,100,Sell,232617902
2024-08-19 10:03:01,130500.0,1000,Sell,232617963
2024-08-19 10:03:08,130500.0,100,Sell,232618120
2024-08-19 10:03:09,130500.0,300,Sell,232618132
2024-08-19 10:03:19,130500.0,100,Sell,232618279
2024-08-19 10:03:30,130500.0,300,Sell,232618509
2024-08-19 10:03:32,130500.0,1000,Sell,232618551
2024-08-19 10:03:33,130500.0,100,Sell,232618588
2024-08-19 10:03:40,130500.0,100,Sell,232618726
2024-08-19 10:03:49,130500.0,1500,Sell,232618916
2024-08-19 10:03:49,130500.0,100,Sell,232618917
2024-08-19 10:03:49,130500.0,700,Sell,232618918
2024-08-19 10:03:51,130500.0,300,Sell,232618939
2024-08-19 10:03:51,130600.0,100,Buy,232618950
2024-08-19 10:03:52,130500.0,100,Sell,232618971
2024-08-19 10:03:58,130500.0,300,Sell,232619054
2024-08-19 10:03:58,130500.0,300,Sell,232619053
2024-08-19 10:04:01,130500.0,100,Sell,232619140
2024-08-19 10:04:03,130500.0,600,Sell,232619195
2024-08-19 10:04:03,130500.0,100,Sell,232619196
2024-08-19 10:04:03,130500.0,200,Sell,232619197
2024-08-19 10:04:03,130500.0,700,Sell,232619198
2024-08-19 10:04:03,130500.0,400,Sell,232619199
2024-08-19 10:04:12,130500.0,300,Sell,232619613
2024-08-19 10:04:16,130500.0,100,Sell,232619751
2024-08-19 10:04:16,130500.0,100,Sell,232619752
2024-08-19 10:04:16,130500.0,800,Sell,232619753
2024-08-19 10:04:21,130500.0,100,Sell,232619829
2024-08-19 10:04:32,130600.0,100,Buy,232620135
2024-08-19 10:04:34,130500.0,100,Sell,232620184
2024-08-19 10:04:34,130500.0,100,Sell,232620183
2024-08-19 10:04:34,130500.0,100,Sell,232620182
2024-08-19 10:04:37,130500.0,100,Sell,232620217
2024-08-19 10:04:43,130500.0,100,Sell,232620365
2024-08-19 10:04:55,130500.0,100,Sell,232620705
2024-08-19 10:04:55,130500.0,100,Sell,232620703
2024-08-19 10:04:55,130500.0,100,Sell,232620704
2024-08-19 10:05:00,130500.0,300,Sell,232620823
2024-08-19 10:05:05,130500.0,100,Sell,232620909
2024-08-19 10:05:16,130500.0,300,Sell,232621154
2024-08-19 10:05:22,130500.0,100,Sell,232621256
2024-08-19 10:05:24,130600.0,200,Buy,232621312
2024-08-19 10:05:24,130600.0,300,Buy,232621330
2024-08-19 10:05:26,130500.0,100,Sell,232621356
2024-08-19 10:05:37,130500.0,300,Sell,232621542
2024-08-19 10:05:40,130600.0,500,Buy,232621658
2024-08-19 10:05:43,130600.0,1000,Buy,232621761
2024-08-19 10:05:45,130600.0,500,Buy,232621824
2024-08-19 10:05:48,130500.0,100,Sell,232621892
2024-08-19 10:05:58,130500.0,300,Sell,232622107
2024-08-19 10:06:02,130500.0,100,Sell,232622166
2024-08-19 10:06:06,130500.0,100,Sell,232622220
2024-08-19 10:06:09,130500.0,100,Sell,232622273
2024-08-19 10:06:20,130500.0,100,Sell,232622531
2024-08-19 10:06:20,130500.0,200,Sell,232622532
2024-08-19 10:06:21,130500.0,5000,Sell,232622549
2024-08-19 10:06:22,130500.0,1000,Sell,232622569
2024-08-19 10:06:23,130500.0,1000,Sell,232622581
2024-08-19 10:06:30,130500.0,100,Sell,232622699
2024-08-19 10:06:34,130600.0,500,Buy,232622764
2024-08-19 10:06:41,130500.0,300,Sell,232622933
2024-08-19 10:06:51,130500.0,100,Sell,232623201
2024-08-19 10:06:52,130500.0,100,Sell,232623225
2024-08-19 10:07:02,130500.0,300,Sell,232623393
2024-08-19 10:07:06,130600.0,1000,Buy,232623460
2024-08-19 10:07:10,130500.0,100,Sell,232623531
2024-08-19 10:07:13,130500.0,100,Sell,232623601
2024-08-19 10:07:24,130500.0,300,Sell,232623878
2024-08-19 10:07:28,130500.0,1000,Sell,232623936
2024-08-19 10:07:35,130500.0,100,Sell,232624073
2024-08-19 10:07:35,130500.0,100,Sell,232624087
2024-08-19 10:07:44,130500.0,200,Sell,232624295
2024-08-19 10:07:44,130500.0,100,Sell,232624296
2024-08-19 10:07:56,130500.0,100,Sell,232624471
2024-08-19 10:07:59,130500.0,500,Sell,232624581
2024-08-19 10:08:05,130500.0,300,Sell,232624689
2024-08-19 10:08:07,130500.0,100,Sell,232624845
2024-08-19 10:08:07,130500.0,200,Sell,232624843
2024-08-19 10:08:07,130500.0,100,Sell,232624844
2024-08-19 10:08:07,130500.0,100,Sell,232624841
2024-08-19 10:08:07,130500.0,100,Sell,232624840
2024-08-19 10:08:07,130500.0,100,Sell,232624842
2024-08-19 10:08:08,130500.0,500,Sell,232624852
2024-08-19 10:08:08,130500.0,300,Sell,232624853
2024-08-19 10:08:15,130500.0,400,Sell,232624973
2024-08-19 10:08:17,130500.0,100,Sell,232625006
2024-08-19 10:08:20,130500.0,100,Sell,232625040
2024-08-19 10:08:24,130600.0,300,Buy,232625143
2024-08-19 10:08:26,130500.0,100,Sell,232625164
2024-08-19 10:08:26,130500.0,100,Sell,232625162
2024-08-19 10:08:26,130500.0,100,Sell,232625163
2024-08-19 10:08:38,130500.0,100,Sell,232625356
2024-08-19 10:08:48,130500.0,100,Sell,232625642
2024-08-19 10:08:49,130500.0,100,Sell,232625646
2024-08-19 10:08:49,130500.0,100,Sell,232625647
2024-08-19 10:08:52,130500.0,200,Sell,232625749
2024-08-19 10:08:59,130500.0,100,Sell,232625881
2024-08-19 10:08:59,130500.0,100,Sell,232625870
2024-08-19 10:09:01,130500.0,100,Sell,232625909
2024-08-19 10:09:05,130500.0,100,Sell,232625948
2024-08-19 10:09:08,130600.0,600,Buy,232626015
2024-08-19 10:09:08,130600.0,700,Buy,232626016
2024-08-19 10:09:08,130600.0,1000,Buy,232626017
2024-08-19 10:09:08,130600.0,500,Buy,232626018
2024-08-19 10:09:08,130600.0,500,Buy,232626019
2024-08-19 10:09:10,130500.0,300,Sell,232626043
2024-08-19 10:09:15,130500.0,100,Sell,232626156
2024-08-19 10:09:15,130500.0,500,Sell,232626157
2024-08-19 10:09:15,130500.0,400,Sell,232626158
2024-08-19 10:09:19,130600.0,1500,Buy,232626235
2024-08-19 10:09:20,130500.0,100,Sell,232626247
2024-08-19 10:09:24,130600.0,500,Buy,232626389
2024-08-19 10:09:31,130500.0,300,Sell,232626517
2024-08-19 10:09:41,130500.0,100,Sell,232626659
2024-08-19 10:09:42,130600.0,200,Buy,232626664
2024-08-19 10:09:42,130500.0,100,Sell,232626661
2024-08-19 10:09:49,130500.0,100,Sell,232626755
2024-08-19 10:09:52,130500.0,100,Sell,232626827
2024-08-19 10:09:52,130500.0,100,Sell,232626828
2024-08-19 10:09:52,130500.0,100,Sell,232626829
2024-08-19 10:10:03,130500.0,100,Sell,232627016
2024-08-19 10:10:11,130600.0,100,Buy,232627164
2024-08-19 10:10:13,130500.0,300,Sell,232627185
2024-08-19 10:10:24,130500.0,100,Sell,232627375
2024-08-19 10:10:25,130500.0,300,Sell,232627413
2024-08-19 10:10:34,130500.0,100,Sell,232627546
2024-08-19 10:10:35,130500.0,100,Sell,232627567
2024-08-19 10:10:35,130500.0,200,Sell,232627568
2024-08-19 10:10:39,130500.0,600,Sell,232627675
2024-08-19 10:10:39,130500.0,100,Sell,232627674
2024-08-19 10:10:39,130500.0,400,Sell,232627672
2024-08-19 10:10:39,130500.0,100,Sell,232627673
2024-08-19 10:10:46,130500.0,100,Sell,232627834
2024-08-19 10:10:50,130600.0,100,Buy,232627920
2024-08-19 10:10:55,130500.0,300,Sell,232627998
2024-08-19 10:11:06,130600.0,500,Buy,232628195
2024-08-19 10:11:06,130500.0,100,Sell,232628202
2024-08-19 10:11:09,130600.0,100,Buy,232628250
2024-08-19 10:11:09,130600.0,1500,Buy,232628251
2024-08-19 10:11:09,130600.0,500,Buy,232628259
2024-08-19 10:11:09,130600.0,100,Buy,232628253
2024-08-19 10:11:09,130600.0,1000,Buy,232628254
2024-08-19 10:11:09,130600.0,900,Buy,232628255
2024-08-19 10:11:09,130600.0,100,Buy,232628256
2024-08-19 10:11:09,130600.0,200,Buy,232628257
2024-08-19 10:11:09,130600.0,100,Buy,232628258
2024-08-19 10:11:09,130600.0,200,Buy,232628252
2024-08-19 10:11:17,130500.0,300,Sell,232628368
2024-08-19 10:11:17,130600.0,500,Buy,232628371
2024-08-19 10:11:19,130500.0,300,Sell,232628399
2024-08-19 10:11:19,130500.0,400,Sell,232628400
2024-08-19 10:11:19,130500.0,300,Sell,232628401
2024-08-19 10:11:19,130500.0,100,Sell,232628415
2024-08-19 10:11:24,130600.0,400,Buy,232628522
2024-08-19 10:11:26,130600.0,400,Buy,232628544
2024-08-19 10:11:28,130500.0,100,Sell,232628576
2024-08-19 10:11:33,130500.0,500,Sell,232628663
2024-08-19 10:11:38,130500.0,300,Sell,232628737
2024-08-19 10:11:48,130500.0,400,Sell,232628987
2024-08-19 10:11:48,130500.0,200,Sell,232628988
2024-08-19 10:11:48,130500.0,200,Sell,232628989
2024-08-19 10:11:48,130500.0,200,Sell,232628990
2024-08-19 10:11:50,130500.0,100,Sell,232629010
2024-08-19 10:11:59,130500.0,200,Sell,232629166
2024-08-19 10:11:59,130500.0,100,Sell,232629165
2024-08-19 10:12:03,130500.0,100,Sell,232629277
2024-08-19 10:12:05,130500.0,200,Sell,232629292
2024-08-19 10:12:10,130500.0,100,Sell,232629353
2024-08-19 10:12:20,130500.0,200,Sell,232629520
2024-08-19 10:12:20,130500.0,100,Sell,232629519
2024-08-19 10:12:25,130600.0,200,Buy,232629590
2024-08-19 10:12:31,130500.0,100,Sell,232629705
2024-08-19 10:12:41,130500.0,300,Sell,232629881
2024-08-19 10:12:48,130500.0,100,Sell,232630032
2024-08-19 10:12:52,130500.0,100,Sell,232630073
2024-08-19 10:12:59,130600.0,300,Buy,232630198
2024-08-19 10:12:59,130600.0,700,Buy,232630199
2024-08-19 10:13:03,130500.0,100,Sell,232630238
2024-08-19 10:13:03,130500.0,200,Sell,232630239
2024-08-19 10:13:13,130500.0,100,Sell,232630373
2024-08-19 10:13:23,130500.0,300,Sell,232630548
2024-08-19 10:13:33,130500.0,100,Sell,232630707
2024-08-19 10:13:34,130500.0,100,Sell,232630716
2024-08-19 10:13:44,130500.0,300,Sell,232630884
2024-08-19 10:13:56,130500.0,100,Sell,232631038
2024-08-19 10:13:58,130500.0,300,Sell,232631081
2024-08-19 10:13:58,130500.0,200,Sell,232631082
2024-08-19 10:14:06,130500.0,300,Sell,232631242
2024-08-19 10:14:17,130500.0,100,Sell,232631394
2024-08-19 10:14:17,130500.0,100,Sell,232631390
2024-08-19 10:14:19,130500.0,100,Sell,232631442
2024-08-19 10:14:20,130600.0,800,Buy,232631452
2024-08-19 10:14:20,130600.0,1100,Buy,232631453
2024-08-19 10:14:20,130600.0,100,Buy,232631454
2024-08-19 10:14:24,130600.0,300,Buy,232631533
2024-08-19 10:14:24,130500.0,100,Sell,232631534
2024-08-19 10:14:27,130500.0,300,Sell,232631564
2024-08-19 10:14:38,130500.0,100,Sell,232631813
2024-08-19 10:14:44,130500.0,500,Sell,232631918
2024-08-19 10:14:48,130500.0,100,Sell,232631977
2024-08-19 10:14:48,130500.0,200,Sell,232631978
2024-08-19 10:14:58,130500.0,100,Sell,232632198
2024-08-19 10:15:00,130500.0,100,Sell,232632253
2024-08-19 10:15:02,130500.0,100,Sell,232632280
2024-08-19 10:15:07,130600.0,700,Buy,232632420
2024-08-19 10:15:07,130600.0,700,Buy,232632421
2024-08-19 10:15:09,130500.0,200,Sell,232632456
2024-08-19 10:15:09,130500.0,100,Sell,232632457
2024-08-19 10:15:22,130500.0,100,Sell,232632726
2024-08-19 10:15:30,130500.0,200,Sell,232632910
2024-08-19 10:15:30,130500.0,100,Sell,232632911
2024-08-19 10:15:42,130500.0,100,Sell,232633115
2024-08-19 10:15:47,130500.0,100,Sell,232633177
2024-08-19 10:15:51,130500.0,300,Sell,232633270
2024-08-19 10:15:56,130500.0,4500,Sell,232633345
2024-08-19 10:15:59,130500.0,1000,Sell,232633565
2024-08-19 10:16:00,130500.0,1000,Sell,232633599
2024-08-19 10:16:00,130500.0,400,Sell,232633598
2024-08-19 10:16:00,130500.0,400,Sell,232633597
2024-08-19 10:16:00,130500.0,1200,Sell,232633594
2024-08-19 10:16:00,130500.0,1000,Sell,232633596
2024-08-19 10:16:00,130500.0,100,Sell,232633595
2024-08-19 10:16:00,130500.0,100,Sell,232633600
2024-08-19 10:16:00,130500.0,300,Sell,232633593
2024-08-19 10:16:00,130500.0,100,Sell,232633588
2024-08-19 10:16:00,130500.0,500,Sell,232633591
2024-08-19 10:16:00,130500.0,300,Sell,232633590
2024-08-19 10:16:00,130500.0,1000,Sell,232633589
2024-08-19 10:16:00,130500.0,1000,Sell,232633586
2024-08-19 10:16:00,130500.0,100,Sell,232633585
2024-08-19 10:16:00,130500.0,4000,Sell,232633584
2024-08-19 10:16:00,130500.0,1000,Sell,232633592
2024-08-19 10:16:00,130500.0,400,Sell,232633587
2024-08-19 10:16:04,130400.0,100,Sell,232633692
2024-08-19 10:16:12,130400.0,300,Sell,232633840
2024-08-19 10:16:25,130400.0,100,Sell,232634004
2024-08-19 10:16:28,130500.0,200,Buy,232634039
2024-08-19 10:16:32,130400.0,100,Sell,232634073
2024-08-19 10:16:34,130400.0,300,Sell,232634092
2024-08-19 10:16:47,130400.0,100,Sell,232634315
2024-08-19 10:16:47,130400.0,200,Sell,232634314
2024-08-19 10:16:54,130400.0,100,Sell,232634410
2024-08-19 10:16:54,130400.0,100,Sell,232634411
2024-08-19 10:16:54,130400.0,100,Sell,232634412
2024-08-19 10:17:09,130400.0,100,Sell,232634716
2024-08-19 10:17:14,130400.0,500,Sell,232634814
2024-08-19 10:17:16,130400.0,100,Sell,232634850
2024-08-19 10:17:17,130400.0,200,Sell,232634869
2024-08-19 10:17:17,130400.0,100,Sell,232634870
2024-08-19 10:17:29,130400.0,100,Sell,232635024
2024-08-19 10:17:31,130400.0,400,Sell,232635052
2024-08-19 10:17:31,130400.0,100,Sell,232635049
2024-08-19 10:17:31,130400.0,500,Sell,232635050
2024-08-19 10:17:31,130400.0,1000,Sell,232635051
2024-08-19 10:17:39,130400.0,100,Sell,232635158
2024-08-19 10:17:39,130400.0,200,Sell,232635159
2024-08-19 10:17:48,130400.0,100,Sell,232635356
2024-08-19 10:17:50,130400.0,100,Sell,232635377
2024-08-19 10:17:56,130500.0,200,Buy,232635503
2024-08-19 10:17:59,130400.0,100,Sell,232635568
2024-08-19 10:17:59,130400.0,100,Sell,232635569
2024-08-19 10:17:59,130400.0,100,Sell,232635570
2024-08-19 10:17:59,130500.0,300,Buy,232635571
2024-08-19 10:18:01,130400.0,100,Sell,232635656
2024-08-19 10:18:03,130400.0,500,Sell,232635745
2024-08-19 10:18:12,130500.0,200,Buy,232636088
2024-08-19 10:18:12,130400.0,100,Sell,232636083
2024-08-19 10:18:20,130400.0,300,Sell,232636210
2024-08-19 10:18:25,130400.0,1000,Sell,232636327
2024-08-19 10:18:32,130400.0,100,Sell,232636481
2024-08-19 10:18:33,130400.0,500,Sell,232636511
2024-08-19 10:18:41,130400.0,300,Sell,232636652
2024-08-19 10:18:46,130400.0,100,Sell,232636778
2024-08-19 10:18:54,130400.0,100,Sell,232636920
2024-08-19 10:19:01,130400.0,300,Sell,232637134
2024-08-19 10:19:15,130400.0,100,Sell,232637497
2024-08-19 10:19:16,130400.0,100,Sell,232637510
2024-08-19 10:19:24,130400.0,100,Sell,232637684
2024-08-19 10:19:24,130400.0,100,Sell,232637685
2024-08-19 10:19:24,130400.0,100,Sell,232637686
2024-08-19 10:19:31,130400.0,100,Sell,232637792
2024-08-19 10:19:32,130400.0,100,Sell,232637823
2024-08-19 10:19:32,130400.0,100,Sell,232637822
2024-08-19 10:19:32,130400.0,100,Sell,232637821
2024-08-19 10:19:32,130400.0,600,Sell,232637818
2024-08-19 10:19:32,130400.0,100,Sell,232637820
2024-08-19 10:19:32,130400.0,500,Sell,232637819
2024-08-19 10:19:32,130400.0,100,Sell,232637824
2024-08-19 10:19:32,130400.0,1000,Sell,232637817
2024-08-19 10:19:32,130400.0,100,Sell,232637812
2024-08-19 10:19:32,130400.0,500,Sell,232637815
2024-08-19 10:19:32,130400.0,100,Sell,232637814
2024-08-19 10:19:32,130400.0,300,Sell,232637813
2024-08-19 10:19:32,130400.0,400,Sell,232637825
2024-08-19 10:19:32,130400.0,100,Sell,232637810
2024-08-19 10:19:32,130400.0,100,Sell,232637809
2024-08-19 10:19:32,130400.0,100,Sell,232637808
2024-08-19 10:19:32,130400.0,200,Sell,232637816
2024-08-19 10:19:32,130400.0,500,Sell,232637811
2024-08-19 10:19:39,130400.0,100,Sell,232637945
2024-08-19 10:19:45,130400.0,300,Sell,232638063
2024-08-19 10:19:52,130400.0,100,Sell,232638221
2024-08-19 10:19:55,130400.0,500,Sell,232638341
2024-08-19 10:19:58,130400.0,500,Sell,232638399
2024-08-19 10:20:00,130400.0,100,Sell,232638423
2024-08-19 10:20:06,130400.0,100,Sell,232638581
2024-08-19 10:20:06,130400.0,200,Sell,232638582
2024-08-19 10:20:09,130400.0,300,Sell,232638618
2024-08-19 10:20:09,130400.0,100,Sell,232638619
2024-08-19 10:20:09,130400.0,100,Sell,232638620
2024-08-19 10:20:09,130400.0,100,Sell,232638621
2024-08-19 10:20:09,130400.0,100,Sell,232638622
2024-08-19 10:20:16,130400.0,100,Sell,232638763
2024-08-19 10:20:17,130400.0,500,Sell,232638778
2024-08-19 10:20:19,130500.0,400,Buy,232638810
2024-08-19 10:20:22,130400.0,100,Sell,232638867
2024-08-19 10:20:25,130400.0,300,Sell,232638944
2024-08-19 10:20:27,130400.0,300,Sell,232638976
2024-08-19 10:20:37,130500.0,300,Buy,232639163
2024-08-19 10:20:37,130500.0,200,Buy,232639162
2024-08-19 10:20:37,130500.0,1000,Buy,232639160
2024-08-19 10:20:37,130500.0,500,Buy,232639161
2024-08-19 10:20:37,130500.0,5000,Buy,232639159
2024-08-19 10:20:37,130500.0,5800,Buy,232639155
2024-08-19 10:20:37,130500.0,800,Buy,232639157
2024-08-19 10:20:37,130500.0,300,Buy,232639156
2024-08-19 10:20:37,130400.0,300,Sell,232639140
2024-08-19 10:20:37,130500.0,100,Buy,232639158
2024-08-19 10:20:37,130400.0,100,Sell,232639141
2024-08-19 10:20:41,130500.0,300,Buy,232639198
2024-08-19 10:20:41,130500.0,100,Buy,232639199
2024-08-19 10:20:44,130500.0,100,Sell,232639246
2024-08-19 10:20:48,130500.0,300,Sell,232639296
2024-08-19 10:20:59,130500.0,500,Sell,232639500
2024-08-19 10:21:01,130500.0,100,Sell,232639515
2024-08-19 10:21:05,130500.0,100,Sell,232639637
2024-08-19 10:21:09,130500.0,300,Sell,232639721
2024-08-19 10:21:15,130500.0,200,Sell,232639849
2024-08-19 10:21:15,130500.0,400,Sell,232639848
2024-08-19 10:21:19,130500.0,100,Sell,232639899
2024-08-19 10:21:19,130500.0,100,Sell,232639900
2024-08-19 10:21:19,130500.0,500,Sell,232639901
2024-08-19 10:21:25,130500.0,1000,Sell,232640054
2024-08-19 10:21:27,130500.0,100,Sell,232640097
2024-08-19 10:21:31,130500.0,300,Sell,232640181
2024-08-19 10:21:37,130500.0,100,Sell,232640362
2024-08-19 10:21:46,130400.0,100,Sell,232640535
2024-08-19 10:21:47,130400.0,100,Sell,232640582
2024-08-19 10:21:53,130400.0,200,Sell,232640747
2024-08-19 10:21:53,130400.0,100,Sell,232640748
2024-08-19 10:21:55,130500.0,7300,Buy,232640812
2024-08-19 10:22:08,130500.0,100,Sell,232641066
2024-08-19 10:22:10,130500.0,5000,Sell,232641092
2024-08-19 10:22:15,130500.0,300,Sell,232641196
2024-08-19 10:22:27,130500.0,200,Sell,232641435
2024-08-19 10:22:27,130500.0,400,Sell,232641436
2024-08-19 10:22:29,130400.0,100,Sell,232641467
2024-08-19 10:22:30,130400.0,100,Sell,232641502
2024-08-19 10:22:36,130400.0,300,Sell,232641606
2024-08-19 10:22:51,130400.0,100,Sell,232641950
2024-08-19 10:22:57,130400.0,300,Sell,232642242
2024-08-19 10:23:09,130500.0,300,Buy,232642610
2024-08-19 10:23:12,130400.0,100,Sell,232642689
2024-08-19 10:23:15,130400.0,100,Sell,232642714
2024-08-19 10:23:19,130400.0,300,Sell,232642776
2024-08-19 10:23:25,130500.0,500,Buy,232642946
2024-08-19 10:23:30,130500.0,200,Buy,232643020
2024-08-19 10:23:33,130400.0,100,Sell,232643059
2024-08-19 10:23:40,130400.0,100,Sell,232643324
2024-08-19 10:23:40,130400.0,200,Sell,232643325
2024-08-19 10:23:47,130400.0,100,Sell,232643479
2024-08-19 10:23:47,130400.0,300,Sell,232643478
2024-08-19 10:23:47,130400.0,3000,Sell,232643475
2024-08-19 10:23:47,130400.0,200,Sell,232643476
2024-08-19 10:23:47,130400.0,100,Sell,232643477
2024-08-19 10:23:55,130400.0,200,Sell,232643641
2024-08-19 10:24:00,130400.0,100,Sell,232643795
2024-08-19 10:24:01,130400.0,300,Sell,232643799
2024-08-19 10:24:17,130400.0,200,Sell,232644278
2024-08-19 10:24:23,130400.0,300,Sell,232644392
2024-08-19 10:24:32,130500.0,100,Buy,232644580
2024-08-19 10:24:34,130500.0,400,Buy,232644644
2024-08-19 10:24:38,130400.0,200,Sell,232644726
2024-08-19 10:24:44,130400.0,300,Sell,232644884
2024-08-19 10:24:45,130400.0,100,Sell,232644899
2024-08-19 10:24:48,130400.0,800,Sell,232644963
2024-08-19 10:24:48,130400.0,3200,Sell,232644961
2024-08-19 10:24:48,130400.0,1000,Sell,232644962
2024-08-19 10:24:59,130400.0,200,Sell,232645263
2024-08-19 10:25:06,130400.0,300,Sell,232645362
2024-08-19 10:25:15,130400.0,100,Sell,232645596
2024-08-19 10:25:18,130400.0,100,Sell,232645657
2024-08-19 10:25:20,130400.0,200,Sell,232645741
2024-08-19 10:25:27,130400.0,200,Sell,232645877
2024-08-19 10:25:27,130400.0,100,Sell,232645878
2024-08-19 10:25:30,130400.0,100,Sell,232645982
2024-08-19 10:25:41,130400.0,200,Sell,232646161
2024-08-19 10:25:48,130400.0,300,Sell,232646302
2024-08-19 10:26:02,130400.0,200,Sell,232646520
2024-08-19 10:26:05,130400.0,100,Sell,232646596
2024-08-19 10:26:09,130400.0,300,Sell,232646698
2024-08-19 10:26:15,130400.0,100,Sell,232646808
2024-08-19 10:26:16,130400.0,100,Sell,232646824
2024-08-19 10:26:23,130400.0,200,Sell,232646909
2024-08-19 10:26:31,130400.0,100,Sell,232647058
2024-08-19 10:26:31,130400.0,100,Sell,232647059
2024-08-19 10:26:31,130400.0,100,Sell,232647060
2024-08-19 10:26:39,130400.0,800,Sell,232647253
2024-08-19 10:26:43,130400.0,200,Sell,232647336
2024-08-19 10:26:49,130400.0,500,Sell,232647445
2024-08-19 10:26:49,130400.0,600,Sell,232647446
2024-08-19 10:26:49,130400.0,400,Sell,232647447
2024-08-19 10:26:49,130400.0,700,Sell,232647448
2024-08-19 10:26:49,130400.0,300,Sell,232647449
2024-08-19 10:26:52,130400.0,300,Sell,232647519
2024-08-19 10:26:59,130400.0,100,Sell,232647758
2024-08-19 10:27:00,130400.0,100,Sell,232647775
2024-08-19 10:27:04,130400.0,200,Sell,232647898
2024-08-19 10:27:13,130400.0,300,Sell,232648047
2024-08-19 10:27:17,130400.0,200,Sell,232648152
2024-08-19 10:27:17,130400.0,100,Sell,232648153
2024-08-19 10:27:17,130400.0,100,Sell,232648154
2024-08-19 10:27:20,130400.0,100,Sell,232648205
2024-08-19 10:27:20,130400.0,500,Sell,232648206
2024-08-19 10:27:20,130400.0,400,Sell,232648207
2024-08-19 10:27:25,130400.0,200,Sell,232648302
2024-08-19 10:27:26,130400.0,200,Sell,232648336
2024-08-19 10:27:35,130400.0,300,Sell,232648480
2024-08-19 10:27:45,130400.0,100,Sell,232648677
2024-08-19 10:27:48,130400.0,200,Sell,232648709
2024-08-19 10:27:55,130400.0,300,Sell,232648851
2024-08-19 10:28:08,130400.0,700,Sell,232649196
2024-08-19 10:28:08,130400.0,300,Sell,232649195
2024-08-19 10:28:09,130400.0,200,Sell,232649214
2024-08-19 10:28:17,130400.0,300,Sell,232649357
2024-08-19 10:28:18,130400.0,500,Sell,232649368
2024-08-19 10:28:21,130400.0,500,Sell,232649418
2024-08-19 10:28:21,130400.0,300,Sell,232649417
2024-08-19 10:28:21,130400.0,200,Sell,232649419
2024-08-19 10:28:30,130400.0,100,Sell,232649676
2024-08-19 10:28:33,130400.0,200,Sell,232649736
2024-08-19 10:28:39,130400.0,300,Sell,232649871
2024-08-19 10:28:41,130500.0,100,Buy,232649924
2024-08-19 10:28:50,130400.0,100,Sell,232650215
2024-08-19 10:28:54,130400.0,500,Sell,232650291
2024-08-19 10:28:55,130400.0,200,Sell,232650294
2024-08-19 10:29:01,130400.0,300,Sell,232650376
2024-08-19 10:29:06,130400.0,100,Sell,232650522
2024-08-19 10:29:15,130400.0,100,Sell,232650656
2024-08-19 10:29:16,130400.0,200,Sell,232650661
2024-08-19 10:29:22,130400.0,300,Sell,232650765
2024-08-19 10:29:23,130400.0,200,Sell,232650767
2024-08-19 10:29:23,130400.0,600,Sell,232650766
2024-08-19 10:29:30,130400.0,300,Sell,232650889
2024-08-19 10:29:30,130400.0,100,Sell,232650890
2024-08-19 10:29:38,130400.0,200,Sell,232651058
2024-08-19 10:29:45,130400.0,300,Sell,232651173
2024-08-19 10:29:46,130400.0,100,Sell,232651207
2024-08-19 10:29:46,130400.0,100,Sell,232651208
2024-08-19 10:29:46,130400.0,100,Sell,232651209
2024-08-19 10:29:46,130400.0,1700,Sell,232651210
2024-08-19 10:29:50,130400.0,300,Buy,232651315
2024-08-19 10:29:54,130400.0,1000,Buy,232651397
2024-08-19 10:29:59,130300.0,200,Sell,232651493
2024-08-19 10:29:59,130400.0,100,Buy,232651494
2024-08-19 10:30:00,130300.0,100,Sell,232651510
2024-08-19 10:30:11,130300.0,100,Sell,232651758
2024-08-19 10:30:11,130300.0,100,Sell,232651756
2024-08-19 10:30:11,130300.0,100,Sell,232651757
2024-08-19 10:30:20,130300.0,100,Sell,232651925
2024-08-19 10:30:20,130300.0,100,Sell,232651924
2024-08-19 10:30:26,130300.0,100,Sell,232652015
2024-08-19 10:30:31,130300.0,300,Sell,232652078
2024-08-19 10:30:35,130400.0,100,Buy,232652151
2024-08-19 10:30:37,130400.0,100,Buy,232652185
2024-08-19 10:30:42,130300.0,200,Sell,232652245
2024-08-19 10:30:43,130300.0,100,Sell,232652267
2024-08-19 10:30:45,130300.0,100,Sell,232652285
2024-08-19 10:30:54,130300.0,300,Sell,232652494
2024-08-19 10:31:03,130300.0,200,Sell,232652633
2024-08-19 10:31:13,130300.0,300,Sell,232652880
2024-08-19 10:31:13,130300.0,100,Sell,232652881
2024-08-19 10:31:15,130300.0,100,Sell,232652896
2024-08-19 10:31:15,130300.0,100,Sell,232652894
2024-08-19 10:31:15,130300.0,100,Sell,232652895
2024-08-19 10:31:21,130400.0,100,Buy,232652980
2024-08-19 10:31:24,130300.0,200,Sell,232653024
2024-08-19 10:31:27,130400.0,100,Buy,232653092
2024-08-19 10:31:30,130300.0,100,Sell,232653170
2024-08-19 10:31:36,130400.0,300,Sell,232653269
2024-08-19 10:31:46,130400.0,200,Sell,232653455
2024-08-19 10:31:58,130400.0,1000,Sell,232653766
2024-08-19 10:31:58,130400.0,300,Sell,232653767
2024-08-19 10:32:06,130400.0,200,Sell,232653927
2024-08-19 10:32:08,130500.0,1000,Buy,232653975
2024-08-19 10:32:15,130400.0,100,Sell,232654098
2024-08-19 10:32:19,130400.0,300,Sell,232654161
2024-08-19 10:32:27,130400.0,200,Sell,232654284
2024-08-19 10:32:31,130400.0,500,Sell,232654330
2024-08-19 10:32:32,130400.0,100,Sell,232654354
2024-08-19 10:32:41,130400.0,300,Sell,232654517
2024-08-19 10:32:44,130400.0,300,Sell,232654567
2024-08-19 10:32:48,130400.0,100,Sell,232654628
2024-08-19 10:32:49,130400.0,100,Sell,232654640
2024-08-19 10:32:49,130400.0,100,Sell,232654641
2024-08-19 10:33:01,130400.0,100,Sell,232654799
2024-08-19 10:33:02,130500.0,100,Buy,232654860
2024-08-19 10:33:04,130400.0,100,Sell,232654871
2024-08-19 10:33:04,130400.0,100,Sell,232654872
2024-08-19 10:33:04,130400.0,100,Sell,232654873
2024-08-19 10:33:10,130400.0,200,Sell,232654968
2024-08-19 10:33:17,130400.0,300,Sell,232655052
2024-08-19 10:33:17,130400.0,100,Sell,232655051
2024-08-19 10:33:24,130400.0,1000,Sell,232655156
2024-08-19 10:33:25,130300.0,300,Sell,232655185
2024-08-19 10:33:31,130400.0,200,Sell,232655303
2024-08-19 10:33:46,130400.0,100,Sell,232655507
2024-08-19 10:33:47,130400.0,300,Sell,232655529
2024-08-19 10:33:49,130400.0,300,Sell,232655562
2024-08-19 10:33:49,130400.0,200,Sell,232655561
2024-08-19 10:33:53,130300.0,200,Sell,232655619
2024-08-19 10:34:04,130300.0,500,Sell,232655816
2024-08-19 10:34:04,130300.0,200,Sell,232655817
2024-08-19 10:34:04,130300.0,100,Sell,232655818
2024-08-19 10:34:04,130300.0,1000,Sell,232655819
2024-08-19 10:34:04,130300.0,600,Sell,232655820
2024-08-19 10:34:04,130300.0,200,Sell,232655815
2024-08-19 10:34:06,130300.0,100,Sell,232655854
2024-08-19 10:34:06,130300.0,700,Sell,232655855
2024-08-19 10:34:06,130300.0,1000,Sell,232655853
2024-08-19 10:34:06,130300.0,200,Sell,232655856
2024-08-19 10:34:06,130300.0,100,Sell,232655859
2024-08-19 10:34:06,130300.0,100,Sell,232655858
2024-08-19 10:34:06,130300.0,100,Sell,232655860
2024-08-19 10:34:06,130300.0,3400,Sell,232655861
2024-08-19 10:34:06,130300.0,700,Sell,232655862
2024-08-19 10:34:06,130300.0,200,Sell,232655857
2024-08-19 10:34:06,130300.0,1000,Sell,232655852
2024-08-19 10:34:06,130300.0,200,Sell,232655847
2024-08-19 10:34:06,130300.0,100,Sell,232655850
2024-08-19 10:34:06,130300.0,300,Sell,232655851
2024-08-19 10:34:06,130300.0,100,Sell,232655840
2024-08-19 10:34:06,130300.0,200,Sell,232655841
2024-08-19 10:34:06,130300.0,100,Sell,232655842
2024-08-19 10:34:06,130300.0,100,Sell,232655843
2024-08-19 10:34:06,130300.0,500,Sell,232655846
2024-08-19 10:34:06,130300.0,100,Sell,232655845
2024-08-19 10:34:06,130300.0,100,Sell,232655844
2024-08-19 10:34:06,130300.0,200,Sell,232655848
2024-08-19 10:34:06,130300.0,400,Sell,232655849
2024-08-19 10:34:09,130200.0,200,Sell,232655926
2024-08-19 10:34:09,130200.0,100,Sell,232655927
2024-08-19 10:34:14,130200.0,100,Sell,232656084
2024-08-19 10:34:14,130200.0,100,Sell,232656085
2024-08-19 10:34:18,130300.0,1000,Buy,232656190
2024-08-19 10:34:31,130200.0,300,Sell,232656449
2024-08-19 10:34:31,130200.0,100,Sell,232656451
2024-08-19 10:34:41,130300.0,100,Sell,232656623
2024-08-19 10:34:41,130200.0,100,Sell,232656624
2024-08-19 10:34:50,130200.0,400,Sell,232656809
2024-08-19 10:34:50,130200.0,1000,Sell,232656810
2024-08-19 10:34:53,130200.0,300,Sell,232656857
2024-08-19 10:35:03,130300.0,200,Sell,232657003
2024-08-19 10:35:14,130300.0,300,Sell,232657194
2024-08-19 10:35:16,130300.0,100,Sell,232657216
2024-08-19 10:35:18,130300.0,2100,Sell,232657242
2024-08-19 10:35:24,130300.0,200,Sell,232657339
2024-08-19 10:35:27,130400.0,100,Buy,232657404
2024-08-19 10:35:36,130300.0,200,Sell,232657621
2024-08-19 10:35:36,130300.0,100,Sell,232657620
2024-08-19 10:35:37,130400.0,300,Buy,232657630
2024-08-19 10:35:37,130400.0,100,Buy,232657629
2024-08-19 10:35:45,130400.0,200,Sell,232657765
2024-08-19 10:35:54,130500.0,300,Buy,232657925
2024-08-19 10:35:57,130400.0,300,Sell,232657971
2024-08-19 10:36:01,130400.0,100,Sell,232658038
2024-08-19 10:36:04,130400.0,5400,Sell,232658058
2024-08-19 10:36:07,130400.0,200,Sell,232658082
2024-08-19 10:36:11,130400.0,100,Sell,232658150
2024-08-19 10:36:18,130400.0,300,Sell,232658276
2024-08-19 10:36:20,130400.0,100,Sell,232658306
2024-08-19 10:36:23,130400.0,300,Sell,232658361
2024-08-19 10:36:28,130400.0,200,Sell,232658425
2024-08-19 10:36:34,130400.0,200,Sell,232658533
2024-08-19 10:36:40,130400.0,300,Sell,232658617
2024-08-19 10:36:47,130400.0,100,Sell,232658741
2024-08-19 10:36:51,130400.0,200,Sell,232658850
2024-08-19 10:36:53,130400.0,500,Sell,232658879
2024-08-19 10:37:03,130400.0,300,Sell,232659124
2024-08-19 10:37:10,130400.0,500,Sell,232659235
2024-08-19 10:37:10,130400.0,200,Sell,232659236
2024-08-19 10:37:25,130400.0,100,Sell,232659468
2024-08-19 10:37:25,130400.0,100,Sell,232659469
2024-08-19 10:37:25,130400.0,100,Sell,232659470
2024-08-19 10:37:27,130500.0,100,Buy,232659501
2024-08-19 10:37:27,130400.0,500,Sell,232659511
2024-08-19 10:37:27,130400.0,300,Sell,232659512
2024-08-19 10:37:27,130400.0,100,Sell,232659513
2024-08-19 10:37:27,130400.0,100,Sell,232659514
2024-08-19 10:37:31,130400.0,100,Sell,232659571
2024-08-19 10:37:33,130400.0,200,Sell,232659594
2024-08-19 10:37:35,130400.0,400,Sell,232659610
2024-08-19 10:37:46,130400.0,300,Sell,232659865
2024-08-19 10:37:54,130400.0,200,Sell,232660031
2024-08-19 10:37:55,130400.0,400,Sell,232660049
2024-08-19 10:38:08,130400.0,300,Sell,232660293
2024-08-19 10:38:14,130500.0,400,Buy,232660544
2024-08-19 10:38:15,130400.0,400,Sell,232660546
2024-08-19 10:38:15,130400.0,200,Sell,232660556
2024-08-19 10:38:17,130400.0,100,Sell,232660598
2024-08-19 10:38:19,130400.0,200,Sell,232660626
2024-08-19 10:38:29,130400.0,300,Sell,232660774
2024-08-19 10:38:35,130400.0,400,Sell,232660999
2024-08-19 10:38:37,130400.0,200,Sell,232661082
2024-08-19 10:38:51,130500.0,900,Buy,232661381
2024-08-19 10:38:51,130500.0,600,Buy,232661382
2024-08-19 10:38:52,130400.0,100,Sell,232661431
2024-08-19 10:38:52,130400.0,200,Sell,232661430
2024-08-19 10:38:55,130400.0,100,Sell,232661480
2024-08-19 10:38:55,130400.0,300,Sell,232661481
2024-08-19 10:38:59,130400.0,200,Sell,232661565
2024-08-19 10:39:02,130400.0,100,Sell,232661620
2024-08-19 10:39:13,130400.0,300,Sell,232661838
2024-08-19 10:39:15,130400.0,400,Sell,232661879
2024-08-19 10:39:20,130400.0,200,Sell,232661958
2024-08-19 10:39:34,130400.0,1000,Sell,232662241
2024-08-19 10:39:35,130400.0,200,Sell,232662245
2024-08-19 10:39:35,130400.0,300,Sell,232662255
2024-08-19 10:39:35,130400.0,400,Sell,232662256
2024-08-19 10:39:41,130500.0,100,Buy,232662345
2024-08-19 10:39:42,130400.0,100,Sell,232662372
2024-08-19 10:39:42,130400.0,100,Sell,232662373
2024-08-19 10:39:47,130400.0,100,Sell,232662476
2024-08-19 10:39:55,130400.0,100,Sell,232662610
2024-08-19 10:39:55,130400.0,100,Sell,232662609
2024-08-19 10:39:55,130400.0,200,Sell,232662611
2024-08-19 10:39:58,130400.0,300,Sell,232662657
2024-08-19 10:40:03,130400.0,200,Sell,232662759
2024-08-19 10:40:15,130400.0,400,Sell,232663082
2024-08-19 10:40:17,130400.0,100,Sell,232663133
2024-08-19 10:40:19,130400.0,100,Sell,232663150
2024-08-19 10:40:19,130400.0,200,Sell,232663151
2024-08-19 10:40:19,130400.0,100,Sell,232663185
2024-08-19 10:40:23,130500.0,500,Buy,232663242
2024-08-19 10:40:27,130400.0,100,Sell,232663303
2024-08-19 10:40:27,130400.0,100,Sell,232663304
2024-08-19 10:40:33,130500.0,1000,Buy,232663396
2024-08-19 10:40:36,130400.0,400,Sell,232663442
2024-08-19 10:40:42,130400.0,300,Sell,232663539
2024-08-19 10:40:47,130400.0,200,Sell,232663634
2024-08-19 10:40:48,130400.0,100,Sell,232663641
2024-08-19 10:40:56,130400.0,400,Sell,232663795
2024-08-19 10:40:59,130400.0,200,Sell,232663883
2024-08-19 10:41:03,130400.0,300,Sell,232663947
2024-08-19 10:41:06,130400.0,500,Sell,232664013
2024-08-19 10:41:10,130400.0,200,Sell,232664059
2024-08-19 10:41:16,130400.0,400,Sell,232664169
2024-08-19 10:41:19,130400.0,100,Sell,232664204
2024-08-19 10:41:25,130400.0,200,Sell,232664351
2024-08-19 10:41:25,130400.0,100,Sell,232664352
2024-08-19 10:41:30,130400.0,200,Sell,232664497
2024-08-19 10:41:36,130400.0,400,Sell,232664610
2024-08-19 10:41:36,130400.0,100,Sell,232664623
2024-08-19 10:41:45,130400.0,300,Sell,232664855
2024-08-19 10:41:50,130400.0,100,Sell,232664973
2024-08-19 10:41:51,130400.0,200,Sell,232665009
2024-08-19 10:41:56,130400.0,400,Sell,232665131
2024-08-19 10:42:07,130400.0,300,Sell,232665354
2024-08-19 10:42:14,130400.0,200,Sell,232665489
2024-08-19 10:42:14,130400.0,900,Sell,232665517
2024-08-19 10:42:16,130400.0,400,Sell,232665535
2024-08-19 10:42:21,130400.0,100,Sell,232665629
2024-08-19 10:42:23,130400.0,3700,Sell,232665665
2024-08-19 10:42:23,130400.0,200,Sell,232665666
2024-08-19 10:42:24,130500.0,1000,Buy,232665707
2024-08-19 10:42:29,130400.0,300,Sell,232665783
2024-08-19 10:42:34,130400.0,2100,Sell,232665852
2024-08-19 10:42:34,130400.0,300,Sell,232665853
2024-08-19 10:42:34,130400.0,500,Sell,232665854
2024-08-19 10:42:34,130400.0,3100,Sell,232665855
2024-08-19 10:42:35,130400.0,200,Sell,232665860
2024-08-19 10:42:36,130400.0,400,Sell,232665903
2024-08-19 10:42:48,130500.0,100,Buy,232666071
2024-08-19 10:42:50,130400.0,300,Sell,232666120
2024-08-19 10:42:51,130400.0,100,Sell,232666131
2024-08-19 10:42:56,130400.0,400,Sell,232666251
2024-08-19 10:42:57,130400.0,200,Sell,232666273
2024-08-19 10:43:12,130400.0,200,Sell,232666542
2024-08-19 10:43:12,130400.0,100,Sell,232666543
2024-08-19 10:43:16,130400.0,400,Sell,232666605
2024-08-19 10:43:19,130400.0,500,Sell,232666650
2024-08-19 10:43:19,130400.0,400,Sell,232666651
2024-08-19 10:43:19,130400.0,100,Sell,232666652
2024-08-19 10:43:20,130400.0,200,Sell,232666666
2024-08-19 10:43:21,130400.0,100,Sell,232666688
2024-08-19 10:43:33,130400.0,300,Sell,232666897
2024-08-19 10:43:36,130400.0,200,Sell,232666947
2024-08-19 10:43:36,130400.0,200,Sell,232666948
2024-08-19 10:43:36,130400.0,200,Sell,232666943
2024-08-19 10:43:36,130400.0,300,Sell,232666942
2024-08-19 10:43:42,130400.0,200,Sell,232667095
2024-08-19 10:43:46,130400.0,200,Sell,232667133
2024-08-19 10:43:46,130400.0,400,Sell,232667132
2024-08-19 10:43:46,130400.0,100,Sell,232667134
2024-08-19 10:43:47,130400.0,100,Sell,232667161
2024-08-19 10:43:47,130400.0,100,Sell,232667162
2024-08-19 10:43:54,130400.0,100,Sell,232667273
2024-08-19 10:43:55,130400.0,100,Sell,232667289
2024-08-19 10:43:55,130400.0,200,Sell,232667288
2024-08-19 10:43:56,130400.0,400,Sell,232667295
2024-08-19 10:44:04,130400.0,200,Sell,232667431
2024-08-19 10:44:17,130400.0,300,Sell,232667620
2024-08-19 10:44:17,130400.0,100,Sell,232667621
2024-08-19 10:44:17,130400.0,200,Sell,232667622
2024-08-19 10:44:17,130400.0,100,Sell,232667623
2024-08-19 10:44:20,130400.0,100,Sell,232667695
2024-08-19 10:44:20,130400.0,400,Sell,232667696
2024-08-19 10:44:26,130300.0,200,Sell,232667785
2024-08-19 10:44:26,130300.0,100,Sell,232667792
2024-08-19 10:44:28,130400.0,100,Buy,232667859
2024-08-19 10:44:37,130300.0,300,Sell,232668001
2024-08-19 10:44:37,130300.0,100,Sell,232668000
2024-08-19 10:44:39,130300.0,300,Sell,232668032
2024-08-19 10:44:49,130300.0,200,Sell,232668174
2024-08-19 10:44:54,130300.0,200,Sell,232668268
2024-08-19 10:44:54,130300.0,2800,Sell,232668269
2024-08-19 10:44:57,130300.0,400,Sell,232668313
2024-08-19 10:44:59,130300.0,100,Sell,232668341
2024-08-19 10:45:05,130300.0,300,Sell,232668436
2024-08-19 10:45:05,130300.0,100,Sell,232668445
2024-08-19 10:45:10,130300.0,200,Sell,232668518
2024-08-19 10:45:11,130300.0,200,Sell,232668527
2024-08-19 10:45:17,130300.0,400,Sell,232668625
2024-08-19 10:45:20,130300.0,100,Sell,232668687
2024-08-19 10:45:21,130300.0,200,Sell,232668701
2024-08-19 10:45:24,130300.0,300,Sell,232668767
2024-08-19 10:45:28,130300.0,1000,Sell,232668867
2024-08-19 10:45:28,130300.0,2700,Sell,232668878
2024-08-19 10:45:28,130300.0,100,Sell,232668877
2024-08-19 10:45:28,130300.0,200,Sell,232668876
2024-08-19 10:45:28,130300.0,200,Sell,232668875
2024-08-19 10:45:28,130300.0,100,Sell,232668874
2024-08-19 10:45:28,130300.0,4900,Sell,232668866
2024-08-19 10:45:28,130300.0,100,Sell,232668872
2024-08-19 10:45:28,130300.0,100,Sell,232668871
2024-08-19 10:45:28,130300.0,100,Sell,232668870
2024-08-19 10:45:28,130300.0,100,Sell,232668869
2024-08-19 10:45:28,130300.0,300,Sell,232668868
2024-08-19 10:45:28,130300.0,100,Sell,232668873
2024-08-19 10:45:30,130300.0,100,Sell,232668929
2024-08-19 10:45:31,130300.0,200,Sell,232668976
2024-08-19 10:45:31,130300.0,1000,Sell,232668973
2024-08-19 10:45:37,130300.0,400,Sell,232669076
2024-08-19 10:45:42,130400.0,400,Buy,232669147
2024-08-19 10:45:42,130400.0,300,Buy,232669148
2024-08-19 10:45:44,130400.0,300,Sell,232669177
2024-08-19 10:45:54,130400.0,200,Sell,232669358
2024-08-19 10:45:57,130400.0,400,Sell,232669420
2024-08-19 10:46:02,130400.0,100,Sell,232669508
2024-08-19 10:46:07,130400.0,300,Sell,232669591
2024-08-19 10:46:14,130400.0,200,Sell,232669811
2024-08-19 10:46:17,130400.0,400,Sell,232669859
2024-08-19 10:46:31,130400.0,300,Sell,232670171
2024-08-19 10:46:32,130400.0,100,Sell,232670185
2024-08-19 10:46:35,130400.0,200,Sell,232670231
2024-08-19 10:46:36,130400.0,600,Sell,232670258
2024-08-19 10:46:37,130400.0,400,Sell,232670270
2024-08-19 10:46:37,130400.0,200,Sell,232670268
2024-08-19 10:46:53,130400.0,300,Sell,232670531
2024-08-19 10:46:57,130400.0,400,Sell,232670615
2024-08-19 10:46:59,130400.0,200,Sell,232670633
2024-08-19 10:47:02,130400.0,100,Sell,232670703
2024-08-19 10:47:04,130400.0,100,Sell,232670744
2024-08-19 10:47:13,130400.0,300,Sell,232670886
2024-08-19 10:47:18,130400.0,400,Sell,232670939
2024-08-19 10:47:20,130400.0,100,Sell,232670987
2024-08-19 10:47:20,130400.0,100,Sell,232670988
2024-08-19 10:47:34,130400.0,100,Sell,232671235
2024-08-19 10:47:35,130400.0,300,Sell,232671254
2024-08-19 10:47:38,130400.0,400,Sell,232671294
2024-08-19 10:47:41,130400.0,100,Sell,232671341
2024-08-19 10:47:41,130400.0,100,Sell,232671342
2024-08-19 10:47:41,130400.0,200,Sell,232671343
2024-08-19 10:47:41,130400.0,400,Sell,232671344
2024-08-19 10:47:44,130400.0,200,Sell,232671394
2024-08-19 10:47:46,130400.0,100,Sell,232671427
2024-08-19 10:47:57,130400.0,300,Sell,232671564
2024-08-19 10:47:58,130400.0,400,Sell,232671575
2024-08-19 10:47:59,130400.0,200,Sell,232671586
2024-08-19 10:48:02,130400.0,100,Sell,232671649
2024-08-19 10:48:02,130400.0,200,Sell,232671657
2024-08-19 10:48:03,130400.0,200,Sell,232671683
2024-08-19 10:48:04,130400.0,100,Sell,232671695
2024-08-19 10:48:12,130500.0,1200,Buy,232671815
2024-08-19 10:48:15,130500.0,400,Buy,232671906
2024-08-19 10:48:18,130400.0,300,Sell,232671953
2024-08-19 10:48:18,130400.0,100,Sell,232671954
2024-08-19 10:48:19,130400.0,300,Sell,232671980
2024-08-19 10:48:21,130500.0,200,Buy,232672023
2024-08-19 10:48:21,130500.0,100,Buy,232672022
2024-08-19 10:48:24,130400.0,100,Sell,232672120
2024-08-19 10:48:24,130400.0,100,Sell,232672121
2024-08-19 10:48:27,130500.0,200,Buy,232672195
2024-08-19 10:48:29,130500.0,100,Buy,232672230
2024-08-19 10:48:37,130400.0,100,Sell,232672321
2024-08-19 10:48:38,130400.0,200,Sell,232672368
2024-08-19 10:48:38,130400.0,200,Sell,232672369
2024-08-19 10:48:42,130400.0,300,Sell,232672442
2024-08-19 10:48:48,130400.0,200,Sell,232672602
2024-08-19 10:48:48,130400.0,300,Sell,232672603
2024-08-19 10:48:48,130400.0,100,Sell,232672604
2024-08-19 10:48:48,130400.0,300,Sell,232672605
2024-08-19 10:48:48,130400.0,300,Sell,232672606
2024-08-19 10:48:58,130400.0,400,Sell,232672881
2024-08-19 10:49:02,130400.0,300,Sell,232672948
2024-08-19 10:49:09,130400.0,100,Sell,232673070
2024-08-19 10:49:09,130400.0,200,Sell,232673066
2024-08-19 10:49:19,130400.0,400,Sell,232673310
2024-08-19 10:49:22,130400.0,200,Sell,232673382
2024-08-19 10:49:24,130400.0,300,Sell,232673411
2024-08-19 10:49:26,130500.0,1000,Buy,232673437
2024-08-19 10:49:31,130400.0,200,Sell,232673477
2024-08-19 10:49:38,130400.0,100,Sell,232673584
2024-08-19 10:49:38,130400.0,400,Sell,232673601
2024-08-19 10:49:40,130400.0,100,Sell,232673698
2024-08-19 10:49:46,130400.0,300,Sell,232673774
2024-08-19 10:49:48,130500.0,100,Buy,232673826
2024-08-19 10:49:52,130400.0,200,Sell,232673947
2024-08-19 10:49:58,130400.0,400,Sell,232674208
2024-08-19 10:50:07,130400.0,300,Sell,232674388
2024-08-19 10:50:10,130400.0,100,Sell,232674425
2024-08-19 10:50:14,130400.0,100,Sell,232674468
2024-08-19 10:50:14,130400.0,100,Sell,232674467
2024-08-19 10:50:18,130400.0,400,Sell,232674586
2024-08-19 10:50:29,130400.0,300,Sell,232674836
2024-08-19 10:50:35,130400.0,200,Sell,232674920
2024-08-19 10:50:39,130400.0,400,Sell,232675026
2024-08-19 10:50:42,130400.0,100,Sell,232675119
2024-08-19 10:50:47,130400.0,200,Sell,232675242
2024-08-19 10:50:51,130400.0,300,Sell,232675330
2024-08-19 10:50:54,130500.0,100,Buy,232675387
2024-08-19 10:50:58,130400.0,200,Sell,232675475
2024-08-19 10:50:59,130400.0,400,Sell,232675484
2024-08-19 10:51:13,130400.0,300,Sell,232675816
2024-08-19 10:51:19,130400.0,400,Sell,232675932
2024-08-19 10:51:20,130400.0,200,Sell,232675941
2024-08-19 10:51:24,130500.0,300,Buy,232676119
2024-08-19 10:51:29,130500.0,5400,Buy,232676336
2024-08-19 10:51:29,130500.0,600,Buy,232676346
2024-08-19 10:51:35,130400.0,300,Sell,232676469
2024-08-19 10:51:37,130500.0,3700,Buy,232676498
2024-08-19 10:51:37,130500.0,2200,Buy,232676496
2024-08-19 10:51:37,130500.0,300,Buy,232676497
2024-08-19 10:51:39,130400.0,400,Sell,232676534
2024-08-19 10:51:41,130400.0,200,Sell,232676570
2024-08-19 10:51:44,130500.0,200,Buy,232676663
2024-08-19 10:51:44,130400.0,100,Sell,232676668
2024-08-19 10:51:58,130400.0,300,Sell,232677006
2024-08-19 10:51:59,130400.0,400,Sell,232677026
2024-08-19 10:52:04,130400.0,200,Sell,232677095
2024-08-19 10:52:10,130400.0,200,Sell,232677206
2024-08-19 10:52:13,130400.0,500,Sell,232677268
2024-08-19 10:52:19,130400.0,100,Sell,232677361
2024-08-19 10:52:19,130400.0,400,Sell,232677362
2024-08-19 10:52:19,130400.0,100,Sell,232677373
2024-08-19 10:52:20,130400.0,300,Sell,232677381
2024-08-19 10:52:23,130500.0,900,Buy,232677433
2024-08-19 10:52:23,130500.0,1100,Buy,232677432
2024-08-19 10:52:25,130400.0,200,Sell,232677488
2024-08-19 10:52:27,130500.0,100,Buy,232677507
2024-08-19 10:52:29,130500.0,100,Buy,232677533
2024-08-19 10:52:29,130500.0,100,Buy,232677534
2024-08-19 10:52:29,130500.0,2000,Buy,232677535
2024-08-19 10:52:29,130500.0,200,Buy,232677536
2024-08-19 10:52:29,130500.0,100,Buy,232677537
2024-08-19 10:52:29,130500.0,200,Buy,232677538
2024-08-19 10:52:29,130500.0,100,Buy,232677539
2024-08-19 10:52:29,130500.0,1300,Buy,232677540
2024-08-19 10:52:29,130500.0,500,Buy,232677541
2024-08-19 10:52:29,130500.0,100,Buy,232677542
2024-08-19 10:52:29,130500.0,100,Sell,232677545
2024-08-19 10:52:39,130500.0,100,Sell,232677700
2024-08-19 10:52:39,130500.0,400,Sell,232677704
2024-08-19 10:52:42,130500.0,300,Sell,232677754
2024-08-19 10:52:47,130500.0,200,Sell,232677843
2024-08-19 10:52:59,130500.0,400,Sell,232678269
2024-08-19 10:53:04,130500.0,3800,Sell,232678315
2024-08-19 10:53:04,130500.0,1200,Sell,232678316
2024-08-19 10:53:04,130500.0,300,Sell,232678321
2024-08-19 10:53:10,130500.0,200,Sell,232678432
2024-08-19 10:53:10,130500.0,100,Sell,232678436
2024-08-19 10:53:19,130400.0,400,Sell,232678593
2024-08-19 10:53:22,130500.0,100,Buy,232678633
2024-08-19 10:53:24,130500.0,1000,Buy,232678674
2024-08-19 10:53:27,130400.0,300,Sell,232678711
2024-08-19 10:53:32,130400.0,200,Sell,232678821
2024-08-19 10:53:34,130400.0,200,Sell,232678846
2024-08-19 10:53:39,130400.0,400,Sell,232678923
2024-08-19 10:53:42,130400.0,100,Sell,232678988
2024-08-19 10:53:50,130400.0,300,Sell,232679101
2024-08-19 10:53:55,130400.0,200,Sell,232679227
2024-08-19 10:53:55,130500.0,500,Buy,232679230
2024-08-19 10:53:55,130500.0,200,Buy,232679207
2024-08-19 10:53:55,130500.0,3700,Buy,232679228
2024-08-19 10:53:55,130500.0,2000,Buy,232679229
2024-08-19 10:54:00,130500.0,400,Sell,232679308
2024-08-19 10:54:12,130500.0,300,Sell,232679539
2024-08-19 10:54:13,130500.0,100,Sell,232679560
2024-08-19 10:54:17,130500.0,200,Sell,232679609
2024-08-19 10:54:20,130500.0,400,Sell,232679657
2024-08-19 10:54:34,130500.0,300,Sell,232679849
2024-08-19 10:54:40,130600.0,100,Buy,232679937
2024-08-19 10:54:40,130600.0,200,Buy,232679938
2024-08-19 10:54:40,130500.0,400,Sell,232679942
2024-08-19 10:54:41,130500.0,200,Sell,232679959
2024-08-19 10:54:44,130500.0,100,Sell,232680001
2024-08-19 10:54:54,130500.0,400,Sell,232680185
2024-08-19 10:54:54,130500.0,300,Sell,232680184
2024-08-19 10:54:54,130500.0,600,Sell,232680183
2024-08-19 10:54:54,130500.0,500,Sell,232680181
2024-08-19 10:54:54,130500.0,6400,Sell,232680179
2024-08-19 10:54:54,130500.0,1200,Sell,232680182
2024-08-19 10:54:54,130500.0,100,Sell,232680180
2024-08-19 10:54:55,130400.0,300,Sell,232680193
2024-08-19 10:54:58,130400.0,200,Sell,232680225
2024-08-19 10:55:00,130400.0,400,Sell,232680249
2024-08-19 10:55:02,130400.0,200,Sell,232680272
2024-08-19 10:55:14,130400.0,500,Sell,232680459
2024-08-19 10:55:15,130500.0,200,Buy,232680483
2024-08-19 10:55:16,130400.0,100,Sell,232680497
2024-08-19 10:55:17,130400.0,300,Sell,232680513
2024-08-19 10:55:18,130500.0,100,Buy,232680524
2024-08-19 10:55:20,130400.0,400,Sell,232680557
2024-08-19 10:55:24,130400.0,200,Sell,232680625
2024-08-19 10:55:27,130500.0,200,Buy,232680659
2024-08-19 10:55:37,130500.0,300,Sell,232680806
2024-08-19 10:55:40,130500.0,400,Sell,232680866
2024-08-19 10:55:45,130500.0,100,Sell,232680937
2024-08-19 10:55:45,130400.0,100,Sell,232680938
2024-08-19 10:55:49,130400.0,100,Sell,232681000
2024-08-19 10:56:00,130400.0,400,Sell,232681205
2024-08-19 10:56:01,130400.0,300,Sell,232681225
2024-08-19 10:56:07,130400.0,200,Sell,232681363
2024-08-19 10:56:13,130400.0,100,Sell,232681439
2024-08-19 10:56:13,130400.0,500,Sell,232681440
2024-08-19 10:56:20,130400.0,400,Sell,232681570
2024-08-19 10:56:20,130400.0,300,Sell,232681580
2024-08-19 10:56:22,130400.0,200,Sell,232681622
2024-08-19 10:56:22,130400.0,100,Sell,232681626
2024-08-19 10:56:28,130400.0,200,Sell,232681820
2024-08-19 10:56:38,130500.0,2900,Buy,232682020
2024-08-19 10:56:38,130500.0,1000,Buy,232682021
2024-08-19 10:56:41,130500.0,400,Sell,232682068
2024-08-19 10:56:43,130500.0,300,Sell,232682110
2024-08-19 10:56:43,130600.0,100,Buy,232682111
2024-08-19 10:56:49,130500.0,5100,Sell,232682209
2024-08-19 10:56:52,130400.0,200,Sell,232682263
2024-08-19 10:56:53,130400.0,100,Sell,232682270
2024-08-19 10:56:57,130500.0,4900,Buy,232682381
2024-08-19 10:56:59,130500.0,5000,Sell,232682399
2024-08-19 10:57:01,130500.0,400,Sell,232682435
2024-08-19 10:57:05,130500.0,300,Sell,232682525
2024-08-19 10:57:12,130500.0,200,Sell,232682696
2024-08-19 10:57:16,130500.0,4200,Sell,232682795
2024-08-19 10:57:20,130500.0,200,Buy,232682877
2024-08-19 10:57:21,130400.0,400,Sell,232682880
2024-08-19 10:57:23,130400.0,100,Sell,232682921
2024-08-19 10:57:24,130400.0,500,Sell,232682922
2024-08-19 10:57:28,130400.0,300,Sell,232682991
2024-08-19 10:57:33,130500.0,200,Buy,232683057
2024-08-19 10:57:34,130400.0,200,Sell,232683073
2024-08-19 10:57:41,130400.0,400,Sell,232683181
2024-08-19 10:57:45,130400.0,200,Sell,232683287
2024-08-19 10:57:51,130400.0,300,Sell,232683482
2024-08-19 10:57:55,130400.0,100,Sell,232683544
2024-08-19 10:57:55,130400.0,200,Sell,232683545
2024-08-19 10:57:56,130400.0,100,Sell,232683552
2024-08-19 10:58:00,130500.0,400,Buy,232683654
2024-08-19 10:58:00,130500.0,3600,Buy,232683655
2024-08-19 10:58:01,130400.0,400,Sell,232683679
2024-08-19 10:58:04,130500.0,300,Buy,232683718
2024-08-19 10:58:08,130400.0,100,Sell,232683812
2024-08-19 10:58:14,130400.0,300,Sell,232683939
2024-08-19 10:58:19,130400.0,200,Sell,232683984
2024-08-19 10:58:21,130400.0,400,Sell,232684008
2024-08-19 10:58:28,130400.0,100,Sell,232684078
2024-08-19 10:58:37,130400.0,300,Sell,232684187
2024-08-19 10:58:40,130500.0,100,Buy,232684226
2024-08-19 10:58:41,130400.0,200,Sell,232684265
2024-08-19 10:58:41,130400.0,400,Sell,232684262
2024-08-19 10:58:43,130500.0,1000,Buy,232684276
2024-08-19 10:58:58,130500.0,100,Sell,232684474
2024-08-19 10:58:58,130500.0,300,Sell,232684475
2024-08-19 10:59:01,130500.0,400,Sell,232684523
2024-08-19 10:59:05,130500.0,200,Sell,232684620
2024-08-19 10:59:10,130500.0,200,Sell,232684710
2024-08-19 10:59:21,130500.0,400,Sell,232684863
2024-08-19 10:59:22,130500.0,300,Sell,232684865
2024-08-19 10:59:26,130500.0,200,Sell,232684931
2024-08-19 10:59:29,130500.0,100,Sell,232685000
2024-08-19 10:59:42,130500.0,400,Sell,232685225
2024-08-19 10:59:44,130500.0,300,Sell,232685250
2024-08-19 10:59:50,130500.0,100,Sell,232685364
2024-08-19 10:59:50,130500.0,100,Sell,232685363
2024-08-19 10:59:53,130500.0,1600,Sell,232685426
2024-08-19 10:59:53,130500.0,200,Sell,232685423
2024-08-19 10:59:53,130500.0,1000,Sell,232685424
2024-08-19 10:59:53,130500.0,200,Sell,232685425
2024-08-19 10:59:56,130500.0,2400,Sell,232685494
2024-08-19 10:59:56,130500.0,200,Sell,232685495
2024-08-19 10:59:56,130500.0,5000,Sell,232685496
2024-08-19 10:59:56,130500.0,100,Sell,232685497
2024-08-19 10:59:56,130500.0,100,Sell,232685498
2024-08-19 10:59:56,130500.0,100,Sell,232685499
2024-08-19 10:59:56,130500.0,400,Sell,232685500
2024-08-19 11:00:01,130400.0,400,Sell,232685582
2024-08-19 11:00:01,130400.0,100,Sell,232685583
2024-08-19 11:00:06,130400.0,300,Sell,232685645
2024-08-19 11:00:12,130400.0,200,Sell,232685738
2024-08-19 11:00:17,130400.0,100,Sell,232685789
2024-08-19 11:00:22,130400.0,400,Sell,232685874
2024-08-19 11:00:27,130400.0,300,Sell,232686035
2024-08-19 11:00:32,130500.0,1500,Buy,232686101
2024-08-19 11:00:34,130400.0,100,Sell,232686140
2024-08-19 11:00:34,130400.0,200,Sell,232686141
2024-08-19 11:00:42,130400.0,400,Sell,232686256
2024-08-19 11:00:51,130400.0,300,Sell,232686362
2024-08-19 11:00:52,130500.0,5000,Buy,232686375
2024-08-19 11:00:57,130400.0,200,Sell,232686491
2024-08-19 11:01:02,130400.0,400,Sell,232686549
2024-08-19 11:01:06,130400.0,100,Sell,232686616
2024-08-19 11:01:09,130500.0,200,Buy,232686657
2024-08-19 11:01:09,130500.0,100,Buy,232686658
2024-08-19 11:01:12,130400.0,300,Sell,232686694
2024-08-19 11:01:16,130500.0,100,Buy,232686766
2024-08-19 11:01:19,130400.0,200,Sell,232686802
2024-08-19 11:01:20,130500.0,500,Buy,232686822
2024-08-19 11:01:20,130500.0,200,Buy,232686823
2024-08-19 11:01:22,130400.0,400,Sell,232686866
2024-08-19 11:01:26,130500.0,2300,Buy,232686932
2024-08-19 11:01:28,130500.0,1000,Sell,232686956
2024-08-19 11:01:32,130500.0,100,Sell,232687001
2024-08-19 11:01:36,130500.0,100,Sell,232687056
2024-08-19 11:01:36,130500.0,500,Sell,232687062
2024-08-19 11:01:39,130500.0,400,Sell,232687103
2024-08-19 11:01:42,130500.0,200,Sell,232687151
2024-08-19 11:01:42,130500.0,400,Sell,232687152
2024-08-19 11:01:44,130500.0,200,Sell,232687165
2024-08-19 11:01:50,130500.0,300,Sell,232687303
2024-08-19 11:01:51,130500.0,9500,Sell,232687307
2024-08-19 11:01:53,130500.0,700,Buy,232687340
2024-08-19 11:01:54,130500.0,4800,Buy,232687347
2024-08-19 11:01:54,130600.0,200,Buy,232687348
2024-08-19 11:02:02,130500.0,400,Sell,232687454
2024-08-19 11:02:03,130500.0,400,Sell,232687461
2024-08-19 11:02:07,130500.0,200,Sell,232687534
2024-08-19 11:02:08,130500.0,100,Sell,232687558
2024-08-19 11:02:12,130500.0,3900,Sell,232687640
2024-08-19 11:02:15,130500.0,500,Buy,232687667
2024-08-19 11:02:22,130500.0,100,Buy,232687805
2024-08-19 11:02:22,130400.0,400,Sell,232687808
2024-08-19 11:02:25,130400.0,400,Sell,232687877
2024-08-19 11:02:28,130500.0,500,Buy,232687917
2024-08-19 11:02:28,130500.0,4500,Buy,232687918
2024-08-19 11:02:38,130400.0,100,Sell,232688121
2024-08-19 11:02:40,130400.0,200,Sell,232688159
2024-08-19 11:02:42,130400.0,400,Sell,232688196
2024-08-19 11:02:45,130600.0,100,Buy,232688242
2024-08-19 11:02:45,130600.0,100,Buy,232688243
2024-08-19 11:02:45,130600.0,500,Buy,232688244
2024-08-19 11:02:45,130600.0,1000,Buy,232688245
2024-08-19 11:02:45,130600.0,500,Buy,232688246
2024-08-19 11:02:45,130600.0,200,Buy,232688250
2024-08-19 11:02:45,130600.0,5000,Buy,232688248
2024-08-19 11:02:45,130600.0,100,Buy,232688249
2024-08-19 11:02:45,130600.0,100,Buy,232688241
2024-08-19 11:02:45,130600.0,200,Buy,232688251
2024-08-19 11:02:45,130700.0,7900,Buy,232688252
2024-08-19 11:02:45,130600.0,3000,Buy,232688247
2024-08-19 11:02:45,130600.0,100,Buy,232688240
2024-08-19 11:02:45,130500.0,1000,Buy,232688227
2024-08-19 11:02:45,130600.0,100,Buy,232688238
2024-08-19 11:02:45,130500.0,500,Buy,232688225
2024-08-19 11:02:45,130600.0,700,Buy,232688228
2024-08-19 11:02:45,130600.0,5000,Buy,232688239
2024-08-19 11:02:45,130600.0,300,Buy,232688230
2024-08-19 11:02:45,130600.0,100,Buy,232688231
2024-08-19 11:02:45,130600.0,200,Buy,232688229
2024-08-19 11:02:45,130600.0,100,Buy,232688233
2024-08-19 11:02:45,130600.0,500,Buy,232688234
2024-08-19 11:02:45,130600.0,500,Buy,232688235
2024-08-19 11:02:45,130600.0,100,Buy,232688236
2024-08-19 11:02:45,130600.0,100,Buy,232688237
2024-08-19 11:02:45,130600.0,1000,Buy,232688232
2024-08-19 11:02:45,130500.0,1000,Buy,232688226
2024-08-19 11:02:48,130500.0,400,Sell,232688280
2024-08-19 11:02:53,130500.0,200,Sell,232688383
2024-08-19 11:03:03,130500.0,400,Sell,232688516
2024-08-19 11:03:10,130500.0,100,Sell,232688617
2024-08-19 11:03:21,130500.0,100,Sell,232688790
2024-08-19 11:03:22,130500.0,200,Sell,232688805
2024-08-19 11:03:23,130500.0,400,Sell,232688810
2024-08-19 11:03:27,130700.0,2700,Buy,232688876
2024-08-19 11:03:27,130700.0,600,Buy,232688875
2024-08-19 11:03:27,130600.0,1000,Buy,232688872
2024-08-19 11:03:27,130700.0,3500,Buy,232688873
2024-08-19 11:03:27,130700.0,200,Buy,232688874
2024-08-19 11:03:42,130500.0,100,Sell,232689233
2024-08-19 11:03:43,130500.0,400,Sell,232689253
2024-08-19 11:04:03,130500.0,400,Sell,232689615
2024-08-19 11:04:09,130700.0,400,Buy,232689703
2024-08-19 11:04:11,130500.0,400,Sell,232689743
2024-08-19 11:04:12,130500.0,200,Sell,232689800
2024-08-19 11:04:14,130500.0,100,Sell,232689875
2024-08-19 11:04:23,130500.0,400,Sell,232689983
2024-08-19 11:04:31,130500.0,400,Sell,232690159
2024-08-19 11:04:33,130500.0,200,Sell,232690190
2024-08-19 11:04:43,130500.0,400,Sell,232690325
2024-08-19 11:04:45,130600.0,1700,Buy,232690347
2024-08-19 11:04:47,130500.0,100,Sell,232690397
2024-08-19 11:04:52,130500.0,300,Sell,232690497
2024-08-19 11:04:52,130500.0,100,Sell,232690496
2024-08-19 11:04:55,130500.0,200,Sell,232690527
2024-08-19 11:05:03,130500.0,400,Sell,232690642
2024-08-19 11:05:14,130500.0,400,Sell,232690830
2024-08-19 11:05:17,130500.0,100,Sell,232690948
2024-08-19 11:05:18,130500.0,200,Sell,232690953
2024-08-19 11:05:23,130500.0,400,Sell,232691031
2024-08-19 11:05:35,130500.0,400,Sell,232691189
2024-08-19 11:05:39,130500.0,200,Sell,232691222
2024-08-19 11:05:44,130500.0,400,Sell,232691281
2024-08-19 11:05:50,130500.0,100,Sell,232691352
2024-08-19 11:05:57,130600.0,100,Buy,232691446
2024-08-19 11:05:57,130500.0,400,Sell,232691449
2024-08-19 11:05:58,130600.0,700,Buy,232691456
2024-08-19 11:05:59,130500.0,200,Sell,232691475
2024-08-19 11:06:00,130600.0,1000,Buy,232691483
2024-08-19 11:06:04,130500.0,400,Sell,232691523
2024-08-19 11:06:10,130500.0,200,Sell,232691584
2024-08-19 11:06:20,130500.0,100,Sell,232691695
2024-08-19 11:06:21,130500.0,400,Sell,232691702
2024-08-19 11:06:22,130500.0,200,Sell,232691713
2024-08-19 11:06:24,130500.0,400,Sell,232691736
2024-08-19 11:06:33,130500.0,100,Sell,232691895
2024-08-19 11:06:42,130500.0,400,Sell,232691959
2024-08-19 11:06:42,130500.0,200,Sell,232691964
2024-08-19 11:06:44,130500.0,400,Sell,232691979
2024-08-19 11:06:50,130500.0,100,Sell,232692058
2024-08-19 11:07:04,130500.0,400,Sell,232692228
2024-08-19 11:07:04,130500.0,200,Sell,232692229
2024-08-19 11:07:04,130500.0,400,Sell,232692230
2024-08-19 11:07:06,130500.0,400,Sell,232692262
2024-08-19 11:07:09,130600.0,300,Buy,232692297
2024-08-19 11:07:22,130500.0,100,Sell,232692465
2024-08-19 11:07:24,130500.0,400,Sell,232692489
2024-08-19 11:07:26,130500.0,400,Sell,232692542
2024-08-19 11:07:26,130500.0,200,Sell,232692544
2024-08-19 11:07:30,130600.0,5000,Buy,232692611
2024-08-19 11:07:40,130600.0,1200,Buy,232692763
2024-08-19 11:07:40,130600.0,500,Buy,232692764
2024-08-19 11:07:41,130600.0,500,Buy,232692821
2024-08-19 11:07:41,130600.0,200,Buy,232692822
2024-08-19 11:07:41,130600.0,1000,Buy,232692823
2024-08-19 11:07:41,130600.0,300,Buy,232692824
2024-08-19 11:07:41,130600.0,100,Buy,232692825
2024-08-19 11:07:41,130600.0,200,Buy,232692826
2024-08-19 11:07:41,130600.0,1000,Sell,232692831
2024-08-19 11:07:44,130600.0,400,Sell,232692860
2024-08-19 11:07:47,130600.0,200,Sell,232692893
2024-08-19 11:07:47,130600.0,400,Sell,232692892
2024-08-19 11:07:53,130600.0,100,Sell,232692974
2024-08-19 11:08:04,130600.0,400,Sell,232693197
2024-08-19 11:08:07,130600.0,400,Sell,232693220
2024-08-19 11:08:09,130600.0,400,Sell,232693254
2024-08-19 11:08:09,130600.0,200,Sell,232693257
2024-08-19 11:08:24,130600.0,100,Sell,232693482
2024-08-19 11:08:24,130600.0,400,Sell,232693485
2024-08-19 11:08:31,130600.0,400,Sell,232693619
2024-08-19 11:08:32,130600.0,200,Sell,232693627
