time,price,volume,match_type,id
2024-07-23 09:14:40,124900.0,21800,ATO/ATC,225457745
2024-07-23 09:14:41,124800.0,1000,Sell,225457877
2024-07-23 09:14:41,124900.0,100,Buy,225457878
2024-07-23 09:14:44,124800.0,100,Sell,225458000
2024-07-23 09:14:53,124900.0,100,Buy,225458088
2024-07-23 09:14:53,124900.0,100,Buy,225458087
2024-07-23 09:14:58,125000.0,100,Buy,225458148
2024-07-23 09:14:58,125000.0,500,Buy,225458156
2024-07-23 09:14:58,125000.0,500,Buy,225458155
2024-07-23 09:14:58,125000.0,10000,Buy,225458154
2024-07-23 09:14:58,125000.0,1000,Buy,225458153
2024-07-23 09:14:58,125000.0,100,Buy,225458147
2024-07-23 09:14:58,125000.0,400,Buy,225458151
2024-07-23 09:14:58,125000.0,400,Buy,225458149
2024-07-23 09:14:58,125000.0,10000,Buy,225458152
2024-07-23 09:14:58,125000.0,100,Buy,225458150
2024-07-23 09:14:59,125000.0,200,Sell,225458170
2024-07-23 09:15:06,125200.0,200,Buy,225458252
2024-07-23 09:15:06,125100.0,100,Buy,225458248
2024-07-23 09:15:14,125200.0,100,Buy,225458364
2024-07-23 09:15:20,125200.0,100,Buy,225458442
2024-07-23 09:15:22,125200.0,100,Buy,225458479
2024-07-23 09:15:22,125200.0,800,Buy,225458480
2024-07-23 09:15:22,125200.0,1000,Buy,225458482
2024-07-23 09:15:23,125200.0,100,Buy,225458491
2024-07-23 09:15:23,125200.0,200,Buy,225458494
2024-07-23 09:15:23,125100.0,300,Sell,225458495
2024-07-23 09:15:23,125100.0,100,Sell,225458499
2024-07-23 09:15:23,125100.0,900,Sell,225458500
2024-07-23 09:15:31,125200.0,200,Buy,225458593
2024-07-23 09:15:34,125200.0,100,Buy,225458640
2024-07-23 09:15:34,125200.0,100,Buy,225458639
2024-07-23 09:15:34,125200.0,100,Buy,225458638
2024-07-23 09:15:34,125200.0,100,Buy,225458636
2024-07-23 09:15:34,125200.0,200,Buy,225458632
2024-07-23 09:15:34,125200.0,600,Buy,225458631
2024-07-23 09:15:34,125200.0,500,Buy,225458637
2024-07-23 09:15:35,125100.0,100,Sell,225458661
2024-07-23 09:15:37,125100.0,100,Buy,225458675
2024-07-23 09:15:38,125100.0,200,Buy,225458706
2024-07-23 09:15:38,125100.0,300,Buy,225458707
2024-07-23 09:15:40,125000.0,1700,Sell,225458729
2024-07-23 09:15:40,125000.0,300,Sell,225458730
2024-07-23 09:15:45,125000.0,100,Sell,225458812
2024-07-23 09:15:45,125000.0,100,Sell,225458813
2024-07-23 09:15:57,125100.0,300,Buy,225459002
2024-07-23 09:16:04,125100.0,200,Buy,225459141
2024-07-23 09:16:04,125100.0,100,Buy,225459142
2024-07-23 09:16:06,125100.0,700,Buy,225459175
2024-07-23 09:16:06,125100.0,100,Buy,225459174
2024-07-23 09:16:06,125100.0,600,Buy,225459172
2024-07-23 09:16:06,125100.0,500,Buy,225459173
2024-07-23 09:16:08,125200.0,500,Buy,225459194
2024-07-23 09:16:09,125100.0,100,Sell,225459217
2024-07-23 09:16:10,125100.0,100,Sell,225459233
2024-07-23 09:16:10,125100.0,200,Sell,225459241
2024-07-23 09:16:10,125100.0,100,Sell,225459242
2024-07-23 09:16:13,125100.0,5000,Buy,225459319
2024-07-23 09:16:15,125100.0,4700,Buy,225459342
2024-07-23 09:16:15,125100.0,300,Sell,225459343
2024-07-23 09:16:16,125000.0,200,Sell,225459353
2024-07-23 09:16:16,125000.0,100,Sell,225459354
2024-07-23 09:16:16,125000.0,100,Sell,225459355
2024-07-23 09:16:16,125000.0,500,Sell,225459356
2024-07-23 09:16:16,125000.0,100,Sell,225459357
2024-07-23 09:16:16,125000.0,100,Sell,225459358
2024-07-23 09:16:16,125100.0,200,Buy,225459378
2024-07-23 09:16:21,125100.0,600,Buy,225459441
2024-07-23 09:16:22,125100.0,100,Sell,225459454
2024-07-23 09:16:25,125100.0,200,Sell,225459513
2024-07-23 09:16:25,125100.0,200,Sell,225459514
2024-07-23 09:16:25,125100.0,100,Sell,225459515
2024-07-23 09:16:25,125100.0,200,Sell,225459516
2024-07-23 09:16:27,125100.0,900,Sell,225459544
2024-07-23 09:16:28,125100.0,500,Sell,225459557
2024-07-23 09:16:28,125100.0,100,Sell,225459558
2024-07-23 09:16:28,125200.0,100,Buy,225459562
2024-07-23 09:16:29,125200.0,100,Buy,225459568
2024-07-23 09:16:32,125200.0,100,Buy,225459615
2024-07-23 09:16:36,125100.0,100,Sell,225459677
2024-07-23 09:16:36,125100.0,400,Sell,225459678
2024-07-23 09:16:38,125200.0,1000,Buy,225459721
2024-07-23 09:16:38,125200.0,100,Buy,225459726
2024-07-23 09:16:39,125200.0,100,Buy,225459745
2024-07-23 09:16:41,125100.0,100,Sell,225459797
2024-07-23 09:16:42,125200.0,100,Buy,225459809
2024-07-23 09:16:42,125200.0,1000,Buy,225459805
2024-07-23 09:16:42,125200.0,200,Buy,225459804
2024-07-23 09:16:42,125200.0,4000,Buy,225459800
2024-07-23 09:16:42,125200.0,100,Buy,225459802
2024-07-23 09:16:42,125200.0,100,Buy,225459801
2024-07-23 09:16:42,125200.0,1000,Buy,225459803
2024-07-23 09:16:44,125200.0,100,Sell,225459878
2024-07-23 09:16:47,125200.0,300,Sell,225459917
2024-07-23 09:16:51,125200.0,100,Sell,225459995
2024-07-23 09:16:51,125200.0,500,Sell,225459996
2024-07-23 09:16:57,125200.0,100,Sell,225460099
2024-07-23 09:17:01,125300.0,100,Buy,225460203
2024-07-23 09:17:01,125300.0,500,Buy,225460204
2024-07-23 09:17:01,125300.0,100,Buy,225460205
2024-07-23 09:17:04,125200.0,100,Sell,225460276
2024-07-23 09:17:04,125200.0,100,Sell,225460275
2024-07-23 09:17:04,125200.0,700,Sell,225460274
2024-07-23 09:17:04,125200.0,100,Sell,225460273
2024-07-23 09:17:04,125200.0,1000,Sell,225460272
2024-07-23 09:17:04,125200.0,100,Sell,225460269
2024-07-23 09:17:04,125200.0,100,Sell,225460270
2024-07-23 09:17:04,125200.0,400,Sell,225460268
2024-07-23 09:17:04,125300.0,200,Sell,225460266
2024-07-23 09:17:04,125300.0,100,Sell,225460258
2024-07-23 09:17:04,125200.0,1000,Sell,225460271
2024-07-23 09:17:05,125200.0,200,Buy,225460282
2024-07-23 09:17:08,125200.0,100,Buy,225460351
2024-07-23 09:17:09,125200.0,1400,Buy,225460383
2024-07-23 09:17:10,125200.0,100,Buy,225460392
2024-07-23 09:17:10,125200.0,200,Buy,225460391
2024-07-23 09:17:10,125200.0,100,Buy,225460393
2024-07-23 09:17:10,125200.0,200,Buy,225460389
2024-07-23 09:17:10,125200.0,500,Buy,225460390
2024-07-23 09:17:10,125200.0,200,Buy,225460386
2024-07-23 09:17:11,125200.0,2000,Buy,225460426
2024-07-23 09:17:13,125200.0,200,Buy,225460468
2024-07-23 09:17:14,125200.0,100,Buy,225460498
2024-07-23 09:17:15,125200.0,100,Buy,225460536
2024-07-23 09:17:18,125300.0,100,Buy,225460578
2024-07-23 09:17:20,125300.0,100,Buy,225460612
2024-07-23 09:17:20,125200.0,100,Sell,225460620
2024-07-23 09:17:20,125200.0,200,Sell,225460621
2024-07-23 09:17:20,125100.0,700,Sell,225460622
2024-07-23 09:17:39,125200.0,100,Sell,225460944
2024-07-23 09:17:39,125200.0,100,Sell,225460945
2024-07-23 09:17:40,125300.0,500,Buy,225460953
2024-07-23 09:17:40,125300.0,1000,Buy,225460952
2024-07-23 09:17:40,125300.0,100,Buy,225460954
2024-07-23 09:17:40,125300.0,100,Buy,225460951
2024-07-23 09:17:40,125300.0,100,Buy,225460949
2024-07-23 09:17:40,125300.0,100,Buy,225460948
2024-07-23 09:17:40,125300.0,600,Buy,225460947
2024-07-23 09:17:40,125300.0,500,Buy,225460950
2024-07-23 09:17:42,125300.0,100,Buy,225461017
2024-07-23 09:17:48,125300.0,100,Buy,225461124
2024-07-23 09:17:48,125300.0,500,Buy,225461125
2024-07-23 09:17:50,125300.0,100,Buy,225461166
2024-07-23 09:17:53,125200.0,100,Sell,225461222
2024-07-23 09:17:54,125300.0,100,Buy,225461237
2024-07-23 09:17:55,125300.0,2700,Buy,225461265
2024-07-23 09:17:57,125300.0,200,Buy,225461315
2024-07-23 09:17:57,125300.0,100,Buy,225461316
2024-07-23 09:17:57,125300.0,500,Buy,225461317
2024-07-23 09:17:57,125300.0,100,Buy,225461318
2024-07-23 09:17:57,125300.0,100,Buy,225461319
2024-07-23 09:17:57,125300.0,100,Buy,225461320
2024-07-23 09:18:00,125300.0,200,Buy,225461376
2024-07-23 09:18:04,125300.0,100,Buy,225461465
2024-07-23 09:18:04,125300.0,500,Buy,225461452
2024-07-23 09:18:05,125300.0,200,Buy,225461497
2024-07-23 09:18:05,125300.0,500,Buy,225461496
2024-07-23 09:18:05,125300.0,100,Buy,225461482
2024-07-23 09:18:05,125300.0,3600,Buy,225461494
2024-07-23 09:18:05,125300.0,1000,Buy,225461495
2024-07-23 09:18:11,125300.0,1000,Sell,225461601
2024-07-23 09:18:12,125300.0,1000,Sell,225461622
2024-07-23 09:18:17,125300.0,100,Sell,225461747
2024-07-23 09:18:25,125300.0,800,Sell,225461918
2024-07-23 09:18:25,125300.0,600,Sell,225461919
2024-07-23 09:18:28,125300.0,100,Sell,225461984
2024-07-23 09:18:28,125300.0,1000,Sell,225461983
2024-07-23 09:18:28,125300.0,100,Sell,225461982
2024-07-23 09:18:28,125300.0,100,Sell,225461981
2024-07-23 09:18:28,125300.0,100,Sell,225461978
2024-07-23 09:18:28,125300.0,200,Sell,225461977
2024-07-23 09:18:28,125300.0,100,Sell,225461980
2024-07-23 09:18:28,125300.0,900,Sell,225461975
2024-07-23 09:18:28,125300.0,500,Sell,225461976
2024-07-23 09:18:28,125300.0,1200,Sell,225461970
2024-07-23 09:18:28,125300.0,2000,Sell,225461971
2024-07-23 09:18:28,125300.0,100,Sell,225461979
2024-07-23 09:18:28,125300.0,1000,Sell,225461973
2024-07-23 09:18:28,125300.0,100,Sell,225461974
2024-07-23 09:18:28,125300.0,200,Sell,225461972
2024-07-23 09:18:29,125300.0,1300,Buy,225462017
2024-07-23 09:18:30,125400.0,400,Buy,225462022
2024-07-23 09:18:30,125400.0,100,Buy,225462021
2024-07-23 09:18:31,125400.0,100,Buy,225462047
2024-07-23 09:18:33,125400.0,10000,Buy,225462070
2024-07-23 09:18:35,125400.0,100,Buy,225462129
2024-07-23 09:18:35,125400.0,10000,Buy,225462126
2024-07-23 09:18:35,125400.0,2000,Buy,225462127
2024-07-23 09:18:35,125400.0,100,Buy,225462128
2024-07-23 09:18:36,125400.0,100,Sell,225462154
2024-07-23 09:18:42,125500.0,100,Buy,225462273
2024-07-23 09:18:42,125500.0,100,Buy,225462274
2024-07-23 09:18:42,125500.0,200,Buy,225462275
2024-07-23 09:18:42,125500.0,100,Buy,225462276
2024-07-23 09:18:42,125500.0,1000,Buy,225462277
2024-07-23 09:18:42,125500.0,100,Buy,225462278
2024-07-23 09:18:42,125500.0,100,Buy,225462272
2024-07-23 09:18:50,125600.0,100,Buy,225462427
2024-07-23 09:18:50,125700.0,100,Buy,225462428
2024-07-23 09:18:53,125700.0,100,Buy,225462480
2024-07-23 09:18:53,125500.0,200,Sell,225462493
2024-07-23 09:18:59,125700.0,100,Buy,225462592
2024-07-23 09:19:06,125700.0,100,Buy,225462745
2024-07-23 09:19:06,125700.0,200,Buy,225462746
2024-07-23 09:19:13,125800.0,1000,Buy,225462886
2024-07-23 09:19:13,125700.0,100,Sell,225462891
2024-07-23 09:19:13,125700.0,4700,Sell,225462884
2024-07-23 09:19:13,125700.0,5300,Sell,225462885
2024-07-23 09:19:18,125900.0,200,Buy,225463031
2024-07-23 09:19:18,125900.0,300,Buy,225463032
2024-07-23 09:19:19,125900.0,100,Buy,225463040
2024-07-23 09:19:19,125900.0,100,Buy,225463059
2024-07-23 09:19:19,125900.0,100,Buy,225463060
2024-07-23 09:19:19,126000.0,100,Buy,225463061
2024-07-23 09:19:23,125900.0,100,Buy,225463167
2024-07-23 09:19:23,125800.0,100,Sell,225463159
2024-07-23 09:19:33,126000.0,100,Buy,225463399
2024-07-23 09:19:33,126000.0,100,Buy,225463400
2024-07-23 09:19:33,126000.0,100,Buy,225463401
2024-07-23 09:19:33,126000.0,200,Buy,225463402
2024-07-23 09:19:33,126000.0,300,Buy,225463403
2024-07-23 09:19:33,126000.0,100,Buy,225463404
2024-07-23 09:19:33,126000.0,200,Buy,225463405
2024-07-23 09:19:34,126000.0,100,Buy,225463419
2024-07-23 09:19:34,126000.0,800,Buy,225463417
2024-07-23 09:19:34,126000.0,100,Buy,225463418
2024-07-23 09:19:35,126000.0,300,Buy,225463462
2024-07-23 09:19:35,126000.0,100,Buy,225463463
2024-07-23 09:19:35,126000.0,600,Buy,225463464
2024-07-23 09:19:35,125900.0,100,Sell,225463459
2024-07-23 09:19:37,126000.0,400,Buy,225463494
2024-07-23 09:19:37,126000.0,1000,Buy,225463495
2024-07-23 09:19:37,126000.0,100,Buy,225463496
2024-07-23 09:19:37,126000.0,500,Buy,225463497
2024-07-23 09:19:39,126000.0,500,Buy,225463543
2024-07-23 09:19:39,126000.0,200,Buy,225463544
2024-07-23 09:19:39,126000.0,100,Buy,225463545
2024-07-23 09:19:39,126000.0,200,Buy,225463546
2024-07-23 09:19:39,126000.0,7000,Buy,225463547
2024-07-23 09:19:40,126000.0,100,Buy,225463577
2024-07-23 09:19:41,126000.0,100,Buy,225463607
2024-07-23 09:19:43,126000.0,100,Buy,225463665
2024-07-23 09:19:44,126000.0,100,Buy,225463678
2024-07-23 09:19:45,126000.0,2500,Buy,225463712
2024-07-23 09:19:45,126000.0,100,Buy,225463713
2024-07-23 09:19:45,126000.0,100,Buy,225463714
2024-07-23 09:19:45,126100.0,200,Buy,225463715
2024-07-23 09:19:45,126100.0,200,Buy,225463716
2024-07-23 09:19:45,126100.0,100,Buy,225463717
2024-07-23 09:19:45,126100.0,100,Buy,225463718
2024-07-23 09:19:45,126100.0,100,Buy,225463719
2024-07-23 09:19:45,126100.0,1000,Buy,225463720
2024-07-23 09:19:45,126000.0,100,Buy,225463695
2024-07-23 09:19:46,126100.0,1000,Sell,225463732
2024-07-23 09:19:48,126100.0,100,Sell,225463777
2024-07-23 09:19:52,126100.0,4500,Sell,225463849
2024-07-23 09:19:52,126100.0,100,Sell,225463850
2024-07-23 09:19:52,126100.0,100,Sell,225463851
2024-07-23 09:19:53,126100.0,2000,Buy,225463876
2024-07-23 09:19:54,126100.0,3100,Buy,225463932
2024-07-23 09:19:54,126100.0,100,Buy,225463931
2024-07-23 09:19:55,126100.0,100,Buy,225463959
2024-07-23 09:19:55,126100.0,200,Buy,225463960
2024-07-23 09:19:57,126200.0,200,Buy,225464001
2024-07-23 09:20:03,126100.0,100,Sell,225464127
2024-07-23 09:20:04,126200.0,100,Buy,225464162
2024-07-23 09:20:05,126200.0,100,Buy,225464177
2024-07-23 09:20:13,126300.0,200,Buy,225464378
2024-07-23 09:20:13,126300.0,100,Buy,225464379
2024-07-23 09:20:13,126300.0,100,Buy,225464381
2024-07-23 09:20:13,126300.0,500,Buy,225464382
2024-07-23 09:20:13,126300.0,100,Buy,225464380
2024-07-23 09:20:14,126400.0,1500,Buy,225464421
2024-07-23 09:20:14,126400.0,100,Buy,225464422
2024-07-23 09:20:14,126400.0,4500,Buy,225464423
2024-07-23 09:20:18,126400.0,100,Buy,225464513
2024-07-23 09:20:18,126400.0,400,Buy,225464523
2024-07-23 09:20:23,126500.0,200,Buy,225464630
2024-07-23 09:20:23,126500.0,500,Buy,225464628
2024-07-23 09:20:23,126500.0,200,Buy,225464627
2024-07-23 09:20:23,126500.0,500,Buy,225464629
2024-07-23 09:20:24,126500.0,100,Buy,225464649
2024-07-23 09:20:25,126500.0,200,Buy,225464675
2024-07-23 09:20:25,126500.0,100,Buy,225464676
2024-07-23 09:20:30,126600.0,100,Buy,225464816
2024-07-23 09:20:32,126700.0,400,Buy,225464859
2024-07-23 09:20:32,126600.0,3000,Buy,225464858
2024-07-23 09:20:32,126600.0,200,Buy,225464856
2024-07-23 09:20:32,126600.0,400,Buy,225464855
2024-07-23 09:20:32,126600.0,100,Buy,225464857
2024-07-23 09:20:36,126700.0,1200,Buy,225464950
2024-07-23 09:20:37,126700.0,200,Buy,225464958
2024-07-23 09:20:40,126700.0,200,Buy,225465018
2024-07-23 09:20:41,126700.0,200,Buy,225465020
2024-07-23 09:20:41,126700.0,300,Buy,225465031
2024-07-23 09:20:42,126700.0,100,Buy,225465051
2024-07-23 09:20:42,126700.0,100,Buy,225465050
2024-07-23 09:20:42,126700.0,3000,Buy,225465049
2024-07-23 09:20:43,126800.0,100,Buy,225465092
2024-07-23 09:20:43,126800.0,100,Buy,225465093
2024-07-23 09:20:46,126800.0,100,Buy,225465150
2024-07-23 09:20:46,126800.0,500,Buy,225465149
2024-07-23 09:20:46,126800.0,400,Buy,225465151
2024-07-23 09:20:48,126800.0,300,Buy,225465217
2024-07-23 09:20:50,126700.0,300,Sell,225465243
2024-07-23 09:20:52,126800.0,100,Buy,225465303
2024-07-23 09:20:52,126800.0,100,Buy,225465304
2024-07-23 09:20:54,126800.0,1000,Buy,225465364
2024-07-23 09:20:54,126800.0,100,Buy,225465367
2024-07-23 09:20:54,126800.0,100,Buy,225465372
2024-07-23 09:20:56,126800.0,1000,Buy,225465401
2024-07-23 09:20:57,126800.0,500,Buy,225465452
2024-07-23 09:20:58,126800.0,100,Buy,225465463
2024-07-23 09:21:00,126700.0,100,Sell,225465539
2024-07-23 09:21:00,126700.0,3000,Sell,225465536
2024-07-23 09:21:00,126700.0,100,Sell,225465535
2024-07-23 09:21:00,126700.0,500,Sell,225465538
2024-07-23 09:21:00,126700.0,2000,Sell,225465533
2024-07-23 09:21:00,126700.0,200,Sell,225465534
2024-07-23 09:21:00,126700.0,500,Sell,225465531
2024-07-23 09:21:00,126700.0,200,Sell,225465537
2024-07-23 09:21:00,126700.0,900,Sell,225465532
2024-07-23 09:21:01,126700.0,500,Buy,225465588
2024-07-23 09:21:02,126600.0,100,Sell,225465602
2024-07-23 09:21:02,126600.0,3500,Sell,225465603
2024-07-23 09:21:02,126600.0,3700,Sell,225465604
2024-07-23 09:21:02,126600.0,200,Buy,225465608
2024-07-23 09:21:02,126700.0,200,Buy,225465609
2024-07-23 09:21:02,126600.0,4600,Sell,225465605
2024-07-23 09:21:03,126700.0,1800,Buy,225465632
2024-07-23 09:21:03,126800.0,200,Buy,225465633
2024-07-23 09:21:03,126800.0,2300,Buy,225465639
2024-07-23 09:21:07,126800.0,1000,Buy,225465759
2024-07-23 09:21:07,126800.0,100,Buy,225465767
2024-07-23 09:21:07,126800.0,1300,Buy,225465760
2024-07-23 09:21:07,126800.0,500,Buy,225465758
2024-07-23 09:21:07,126800.0,1900,Buy,225465756
2024-07-23 09:21:07,126700.0,100,Buy,225465754
2024-07-23 09:21:07,126800.0,100,Buy,225465757
2024-07-23 09:21:07,126700.0,100,Buy,225465755
2024-07-23 09:21:08,126700.0,200,Buy,225465788
2024-07-23 09:21:08,126800.0,500,Buy,225465789
2024-07-23 09:21:08,126800.0,100,Buy,225465790
2024-07-23 09:21:08,126800.0,100,Buy,225465791
2024-07-23 09:21:08,126800.0,100,Buy,225465792
2024-07-23 09:21:11,126700.0,100,Buy,225465851
2024-07-23 09:21:12,126700.0,100,Buy,225465863
2024-07-23 09:21:13,126700.0,300,Buy,225465864
2024-07-23 09:21:15,126600.0,1600,Buy,225465923
2024-07-23 09:21:17,126500.0,1900,Sell,225465979
2024-07-23 09:21:17,126500.0,100,Sell,225465981
2024-07-23 09:21:17,126600.0,100,Buy,225465972
2024-07-23 09:21:17,126500.0,100,Sell,225465978
2024-07-23 09:21:17,126500.0,100,Sell,225465980
2024-07-23 09:21:17,126600.0,100,Buy,225465971
2024-07-23 09:21:18,126600.0,200,Buy,225465996
2024-07-23 09:21:18,126600.0,100,Buy,225465997
2024-07-23 09:21:19,126600.0,100,Buy,225466006
2024-07-23 09:21:19,126500.0,100,Sell,225466019
2024-07-23 09:21:22,126500.0,400,Buy,225466107
2024-07-23 09:21:22,126400.0,500,Sell,225466111
2024-07-23 09:21:22,126400.0,100,Sell,225466112
2024-07-23 09:21:22,126400.0,200,Sell,225466110
2024-07-23 09:21:24,126400.0,100,Sell,225466138
2024-07-23 09:21:24,126400.0,100,Sell,225466147
2024-07-23 09:21:24,126400.0,100,Sell,225466148
2024-07-23 09:21:25,126400.0,2000,Buy,225466172
2024-07-23 09:21:26,126100.0,100,Sell,225466197
2024-07-23 09:21:26,126100.0,100,Sell,225466198
2024-07-23 09:21:26,126100.0,100,Sell,225466196
2024-07-23 09:21:26,126200.0,500,Sell,225466194
2024-07-23 09:21:26,126300.0,100,Sell,225466193
2024-07-23 09:21:26,126200.0,100,Sell,225466195
2024-07-23 09:21:30,126400.0,100,Buy,225466278
2024-07-23 09:21:34,126100.0,200,Sell,225466324
2024-07-23 09:21:34,126400.0,500,Buy,225466331
2024-07-23 09:21:36,126400.0,100,Buy,225466384
2024-07-23 09:21:43,126300.0,300,Buy,225466520
2024-07-23 09:21:49,126100.0,200,Sell,225466626
2024-07-23 09:21:49,126100.0,2800,Sell,225466627
2024-07-23 09:21:50,126100.0,1200,Sell,225466642
2024-07-23 09:21:50,126100.0,500,Sell,225466643
2024-07-23 09:21:55,126300.0,200,Buy,225466726
2024-07-23 09:21:55,126300.0,300,Buy,225466727
2024-07-23 09:21:55,126100.0,100,Sell,225466740
2024-07-23 09:21:56,126100.0,100,Sell,225466772
2024-07-23 09:21:56,126100.0,1400,Sell,225466769
2024-07-23 09:21:56,126100.0,100,Sell,225466770
2024-07-23 09:21:56,126100.0,500,Sell,225466771
2024-07-23 09:21:57,126000.0,100,Sell,225466815
2024-07-23 09:21:57,126000.0,100,Sell,225466814
2024-07-23 09:21:57,126000.0,100,Sell,225466813
2024-07-23 09:21:57,126000.0,100,Sell,225466812
2024-07-23 09:21:57,126000.0,200,Sell,225466811
2024-07-23 09:21:57,126000.0,100,Sell,225466806
2024-07-23 09:21:57,126000.0,200,Sell,225466809
2024-07-23 09:21:57,126000.0,3800,Sell,225466808
2024-07-23 09:21:57,126000.0,500,Sell,225466807
2024-07-23 09:21:57,126000.0,200,Sell,225466805
2024-07-23 09:21:57,126000.0,100,Sell,225466810
2024-07-23 09:21:57,126100.0,100,Sell,225466803
2024-07-23 09:21:57,126100.0,400,Sell,225466795
2024-07-23 09:21:57,126100.0,100,Sell,225466796
2024-07-23 09:21:57,126100.0,200,Sell,225466797
2024-07-23 09:21:57,126100.0,1000,Sell,225466798
2024-07-23 09:21:57,126300.0,3700,Buy,225466789
2024-07-23 09:21:57,126100.0,500,Sell,225466800
2024-07-23 09:21:57,126100.0,100,Sell,225466801
2024-07-23 09:21:57,126100.0,200,Sell,225466802
2024-07-23 09:21:57,126100.0,200,Sell,225466799
2024-07-23 09:21:57,126000.0,4000,Sell,225466804
2024-07-23 09:22:02,126000.0,5000,Buy,225466903
2024-07-23 09:22:02,126000.0,200,Buy,225466914
2024-07-23 09:22:03,126000.0,300,Buy,225466915
2024-07-23 09:22:03,126000.0,100,Buy,225466933
2024-07-23 09:22:05,126000.0,100,Buy,225466998
2024-07-23 09:22:06,126000.0,100,Buy,225467020
2024-07-23 09:22:09,126000.0,700,Buy,225467091
2024-07-23 09:22:09,126000.0,100,Buy,225467092
2024-07-23 09:22:11,126000.0,100,Buy,225467136
2024-07-23 09:22:12,126000.0,100,Buy,225467164
2024-07-23 09:22:16,126000.0,100,Buy,225467284
2024-07-23 09:22:17,126000.0,300,Buy,225467343
2024-07-23 09:22:17,126000.0,900,Buy,225467344
2024-07-23 09:22:18,126000.0,100,Buy,225467346
2024-07-23 09:22:18,126000.0,100,Buy,225467359
2024-07-23 09:22:19,126000.0,100,Sell,225467388
2024-07-23 09:22:23,126000.0,100,Buy,225467479
2024-07-23 09:22:24,126000.0,100,Buy,225467501
2024-07-23 09:22:24,126000.0,100,Buy,225467502
2024-07-23 09:22:26,126000.0,100,Sell,225467613
2024-07-23 09:22:26,126000.0,100,Sell,225467612
2024-07-23 09:22:28,126000.0,100,Buy,225467644
2024-07-23 09:22:28,126100.0,200,Buy,225467652
2024-07-23 09:22:30,126000.0,100,Buy,225467770
2024-07-23 09:22:34,125900.0,100,Sell,225467866
2024-07-23 09:22:34,125900.0,100,Sell,225467867
2024-07-23 09:22:44,125900.0,100,Sell,225468114
2024-07-23 09:22:46,125900.0,200,Sell,225468145
2024-07-23 09:22:58,126000.0,100,Buy,225468444
2024-07-23 09:22:58,126000.0,200,Buy,225468445
2024-07-23 09:22:58,126000.0,100,Buy,225468438
2024-07-23 09:22:58,126000.0,200,Buy,225468443
2024-07-23 09:22:58,126000.0,100,Buy,225468437
2024-07-23 09:22:59,126000.0,100,Buy,225468478
2024-07-23 09:23:03,126000.0,500,Buy,225468538
2024-07-23 09:23:07,125900.0,100,Sell,225468635
2024-07-23 09:23:09,126000.0,700,Buy,225468678
2024-07-23 09:23:09,126000.0,500,Buy,225468682
2024-07-23 09:23:09,126000.0,200,Buy,225468683
2024-07-23 09:23:09,126000.0,500,Buy,225468684
2024-07-23 09:23:09,126000.0,200,Buy,225468685
2024-07-23 09:23:09,126000.0,100,Buy,225468686
2024-07-23 09:23:09,126000.0,600,Buy,225468687
2024-07-23 09:23:14,126000.0,100,Sell,225468806
2024-07-23 09:23:16,126000.0,100,Sell,225468832
2024-07-23 09:23:17,126000.0,100,Sell,225468862
2024-07-23 09:23:20,125900.0,200,Sell,225468924
2024-07-23 09:23:20,125900.0,1000,Sell,225468929
2024-07-23 09:23:20,125900.0,100,Sell,225468928
2024-07-23 09:23:20,125900.0,100,Sell,225468927
2024-07-23 09:23:20,125900.0,500,Sell,225468926
2024-07-23 09:23:20,125900.0,100,Sell,225468925
2024-07-23 09:23:20,125900.0,100,Sell,225468923
2024-07-23 09:23:20,125900.0,100,Sell,225468921
2024-07-23 09:23:20,125900.0,100,Sell,225468920
2024-07-23 09:23:20,125900.0,200,Sell,225468919
2024-07-23 09:23:20,125900.0,200,Sell,225468918
2024-07-23 09:23:20,126000.0,100,Sell,225468917
2024-07-23 09:23:20,126000.0,100,Sell,225468916
2024-07-23 09:23:20,126000.0,400,Sell,225468915
2024-07-23 09:23:20,125900.0,300,Sell,225468922
2024-07-23 09:23:20,126000.0,1400,Sell,225468913
2024-07-23 09:23:25,126000.0,200,Buy,225469022
2024-07-23 09:23:25,126000.0,100,Buy,225469021
2024-07-23 09:23:25,126100.0,100,Buy,225469023
2024-07-23 09:23:28,126000.0,100,Sell,225469108
2024-07-23 09:23:29,126000.0,100,Sell,225469141
2024-07-23 09:23:34,126000.0,100,Sell,225469287
2024-07-23 09:23:34,126000.0,100,Sell,225469286
2024-07-23 09:23:34,126000.0,100,Buy,225469308
2024-07-23 09:23:34,126000.0,100,Sell,225469285
2024-07-23 09:23:34,126000.0,100,Sell,225469281
2024-07-23 09:23:34,126000.0,200,Sell,225469283
2024-07-23 09:23:34,126000.0,500,Sell,225469284
2024-07-23 09:23:34,126000.0,400,Sell,225469280
2024-07-23 09:23:34,126000.0,100,Sell,225469282
2024-07-23 09:23:37,126000.0,300,Buy,225469378
2024-07-23 09:23:38,125900.0,100,Sell,225469427
2024-07-23 09:23:41,126000.0,100,Buy,225469493
2024-07-23 09:23:44,126000.0,2700,Buy,225469545
2024-07-23 09:23:44,126000.0,500,Buy,225469549
2024-07-23 09:23:44,126000.0,100,Buy,225469550
2024-07-23 09:23:44,126000.0,200,Buy,225469551
2024-07-23 09:23:44,126000.0,200,Buy,225469552
2024-07-23 09:23:44,126000.0,100,Buy,225469553
2024-07-23 09:23:46,126000.0,900,Buy,225469609
2024-07-23 09:23:46,126000.0,100,Buy,225469610
2024-07-23 09:23:50,126000.0,500,Buy,225469689
2024-07-23 09:23:55,126000.0,100,Buy,225469808
2024-07-23 09:23:55,126000.0,100,Buy,225469809
2024-07-23 09:23:55,126000.0,100,Buy,225469793
2024-07-23 09:23:55,126000.0,100,Buy,225469800
2024-07-23 09:23:59,126000.0,300,Sell,225469925
2024-07-23 09:23:59,126000.0,500,Sell,225469926
2024-07-23 09:23:59,126000.0,500,Sell,225469927
2024-07-23 09:23:59,126000.0,100,Sell,225469928
2024-07-23 09:24:03,126000.0,100,Sell,225470026
2024-07-23 09:24:05,126000.0,200,Sell,225470063
2024-07-23 09:24:05,126000.0,100,Sell,225470064
2024-07-23 09:24:05,126000.0,100,Sell,225470065
2024-07-23 09:24:05,126000.0,100,Sell,225470066
2024-07-23 09:24:09,126000.0,200,Buy,225470167
2024-07-23 09:24:11,126000.0,2000,Sell,225470208
2024-07-23 09:24:11,126000.0,100,Sell,225470207
2024-07-23 09:24:14,126000.0,300,Buy,225470295
2024-07-23 09:24:14,126000.0,100,Buy,225470294
2024-07-23 09:24:14,126000.0,6900,Buy,225470290
2024-07-23 09:24:14,126000.0,1000,Buy,225470291
2024-07-23 09:24:14,126000.0,9100,Buy,225470292
2024-07-23 09:24:15,126000.0,200,Sell,225470302
2024-07-23 09:24:15,126000.0,500,Buy,225470300
2024-07-23 09:24:18,126000.0,100,Sell,225470373
2024-07-23 09:24:18,126000.0,300,Sell,225470374
2024-07-23 09:24:41,126000.0,2000,Sell,225470843
2024-07-23 09:24:45,126000.0,500,Sell,225470891
2024-07-23 09:24:51,126100.0,200,Buy,225471005
2024-07-23 09:24:51,126100.0,300,Buy,225471006
2024-07-23 09:24:58,126100.0,100,Buy,225471166
2024-07-23 09:25:05,126100.0,100,Buy,225471297
2024-07-23 09:25:07,126100.0,200,Buy,225471344
2024-07-23 09:25:07,126100.0,100,Buy,225471343
2024-07-23 09:25:07,126100.0,100,Buy,225471346
2024-07-23 09:25:07,126100.0,300,Buy,225471341
2024-07-23 09:25:07,126100.0,100,Buy,225471342
2024-07-23 09:25:07,126100.0,100,Buy,225471345
2024-07-23 09:25:07,126100.0,200,Buy,225471340
2024-07-23 09:25:09,126100.0,500,Buy,225471404
2024-07-23 09:25:09,126100.0,500,Buy,225471405
2024-07-23 09:25:09,126100.0,100,Buy,225471406
2024-07-23 09:25:09,126100.0,300,Buy,225471407
2024-07-23 09:25:09,126100.0,100,Buy,225471408
2024-07-23 09:25:13,126100.0,100,Buy,225471516
2024-07-23 09:25:14,126100.0,400,Buy,225471538
2024-07-23 09:25:19,126100.0,600,Sell,225471684
2024-07-23 09:25:19,126100.0,400,Sell,225471685
2024-07-23 09:25:20,126100.0,100,Sell,225471709
2024-07-23 09:25:24,126200.0,100,Buy,225471779
2024-07-23 09:25:24,126200.0,300,Buy,225471783
2024-07-23 09:25:24,126200.0,1000,Buy,225471782
2024-07-23 09:25:24,126200.0,500,Buy,225471781
2024-07-23 09:25:24,126200.0,100,Buy,225471780
2024-07-23 09:25:24,126200.0,200,Buy,225471778
2024-07-23 09:25:24,126200.0,100,Buy,225471776
2024-07-23 09:25:24,126200.0,100,Buy,225471775
2024-07-23 09:25:24,126200.0,1700,Buy,225471774
2024-07-23 09:25:24,126200.0,100,Buy,225471773
2024-07-23 09:25:24,126200.0,100,Buy,225471777
2024-07-23 09:25:31,126300.0,100,Buy,225471943
2024-07-23 09:25:31,126300.0,2000,Buy,225471944
2024-07-23 09:25:31,126300.0,100,Buy,225471945
2024-07-23 09:25:31,126300.0,1000,Buy,225471946
2024-07-23 09:25:31,126300.0,600,Buy,225471947
2024-07-23 09:25:31,126300.0,200,Buy,225471948
2024-07-23 09:25:31,126300.0,200,Buy,225471949
2024-07-23 09:25:31,126300.0,100,Buy,225471950
2024-07-23 09:25:31,126300.0,100,Buy,225471951
2024-07-23 09:25:31,126300.0,300,Buy,225471952
2024-07-23 09:25:33,126300.0,1000,Sell,225471984
2024-07-23 09:25:35,126300.0,100,Sell,225472028
2024-07-23 09:25:45,126300.0,500,Sell,225472267
2024-07-23 09:25:48,126300.0,100,Sell,225472331
2024-07-23 09:25:48,126400.0,100,Buy,225472332
2024-07-23 09:25:49,126400.0,2000,Buy,225472343
2024-07-23 09:25:49,126400.0,100,Buy,225472344
2024-07-23 09:25:49,126400.0,100,Buy,225472345
2024-07-23 09:25:49,126300.0,500,Sell,225472346
2024-07-23 09:25:50,126400.0,100,Buy,225472350
2024-07-23 09:25:50,126400.0,100,Buy,225472351
2024-07-23 09:25:50,126400.0,300,Buy,225472352
2024-07-23 09:25:50,126400.0,100,Buy,225472369
2024-07-23 09:25:53,126300.0,200,Sell,225472412
2024-07-23 09:25:53,126400.0,1000,Buy,225472420
2024-07-23 09:25:55,126400.0,200,Buy,225472458
2024-07-23 09:25:55,126400.0,100,Buy,225472457
2024-07-23 09:25:55,126400.0,100,Buy,225472456
2024-07-23 09:25:55,126400.0,200,Buy,225472449
2024-07-23 09:25:55,126400.0,500,Buy,225472450
2024-07-23 09:25:56,126300.0,100,Sell,225472483
2024-07-23 09:26:00,126400.0,300,Buy,225472589
2024-07-23 09:26:06,126400.0,100,Buy,225472710
2024-07-23 09:26:10,126400.0,3000,Buy,225472809
2024-07-23 09:26:12,126300.0,2800,Sell,225472838
2024-07-23 09:26:12,126300.0,800,Sell,225472839
2024-07-23 09:26:12,126300.0,100,Sell,225472840
2024-07-23 09:26:12,126300.0,100,Sell,225472841
2024-07-23 09:26:12,126300.0,500,Sell,225472842
2024-07-23 09:26:12,126400.0,100,Buy,225472853
2024-07-23 09:26:12,126400.0,100,Buy,225472858
2024-07-23 09:26:12,126200.0,700,Sell,225472843
2024-07-23 09:26:14,126400.0,400,Buy,225472894
2024-07-23 09:26:15,126400.0,100,Buy,225472910
2024-07-23 09:26:19,126400.0,100,Buy,225472977
2024-07-23 09:26:19,126400.0,300,Buy,225472974
2024-07-23 09:26:19,126400.0,200,Buy,225472975
2024-07-23 09:26:19,126400.0,300,Buy,225472976
2024-07-23 09:26:21,126400.0,100,Sell,225473008
2024-07-23 09:26:24,126400.0,300,Buy,225473068
2024-07-23 09:26:24,126400.0,200,Buy,225473067
2024-07-23 09:26:30,126400.0,100,Buy,225473193
2024-07-23 09:26:34,126400.0,100,Buy,225473233
2024-07-23 09:26:36,126300.0,100,Sell,225473255
2024-07-23 09:26:37,126400.0,1000,Buy,225473277
2024-07-23 09:26:39,126400.0,100,Buy,225473296
2024-07-23 09:26:39,126400.0,100,Buy,225473307
2024-07-23 09:26:43,126400.0,100,Buy,225473403
2024-07-23 09:26:43,126400.0,100,Buy,225473404
2024-07-23 09:26:43,126400.0,400,Buy,225473405
2024-07-23 09:26:43,126400.0,100,Buy,225473406
2024-07-23 09:26:43,126400.0,100,Buy,225473407
2024-07-23 09:26:43,126400.0,100,Buy,225473408
2024-07-23 09:26:43,126400.0,100,Buy,225473409
2024-07-23 09:26:52,126400.0,200,Buy,225473596
2024-07-23 09:26:52,126400.0,1000,Buy,225473594
2024-07-23 09:26:52,126400.0,100,Buy,225473595
2024-07-23 09:26:53,126300.0,100,Sell,225473621
2024-07-23 09:26:53,126300.0,100,Sell,225473622
2024-07-23 09:26:53,126300.0,100,Sell,225473623
2024-07-23 09:26:55,126400.0,100,Buy,225473651
2024-07-23 09:26:59,126400.0,500,Buy,225473705
2024-07-23 09:26:59,126400.0,500,Buy,225473706
2024-07-23 09:26:59,126400.0,100,Buy,225473711
2024-07-23 09:26:59,126400.0,100,Buy,225473712
2024-07-23 09:26:59,126400.0,100,Buy,225473713
2024-07-23 09:26:59,126400.0,400,Buy,225473714
2024-07-23 09:27:02,126400.0,300,Buy,225473750
2024-07-23 09:27:05,126400.0,300,Buy,225473802
2024-07-23 09:27:05,126400.0,200,Buy,225473803
2024-07-23 09:27:05,126400.0,300,Buy,225473813
2024-07-23 09:27:07,126400.0,200,Sell,225473831
2024-07-23 09:27:15,126500.0,100,Buy,225474008
2024-07-23 09:27:23,126500.0,500,Buy,225474210
2024-07-23 09:27:27,126400.0,100,Sell,225474278
2024-07-23 09:27:28,126500.0,2000,Buy,225474313
2024-07-23 09:27:28,126500.0,100,Sell,225474325
2024-07-23 09:27:28,126500.0,200,Buy,225474323
2024-07-23 09:27:28,126500.0,100,Buy,225474322
2024-07-23 09:27:28,126500.0,100,Buy,225474321
2024-07-23 09:27:28,126500.0,500,Buy,225474320
2024-07-23 09:27:28,126500.0,300,Buy,225474319
2024-07-23 09:27:28,126500.0,500,Buy,225474318
2024-07-23 09:27:28,126500.0,100,Buy,225474317
2024-07-23 09:27:28,126500.0,500,Buy,225474315
2024-07-23 09:27:28,126500.0,2000,Buy,225474314
2024-07-23 09:27:28,126500.0,100,Buy,225474312
2024-07-23 09:27:28,126500.0,100,Buy,225474316
2024-07-23 09:27:28,126500.0,100,Buy,225474310
2024-07-23 09:27:28,126500.0,100,Buy,225474300
2024-07-23 09:27:28,126500.0,100,Buy,225474301
2024-07-23 09:27:28,126500.0,100,Buy,225474302
2024-07-23 09:27:28,126500.0,200,Buy,225474311
2024-07-23 09:27:28,126500.0,100,Buy,225474304
2024-07-23 09:27:28,126500.0,2000,Buy,225474303
2024-07-23 09:27:28,126500.0,600,Buy,225474306
2024-07-23 09:27:28,126500.0,1200,Buy,225474307
2024-07-23 09:27:28,126500.0,5200,Buy,225474299
2024-07-23 09:27:28,126500.0,1300,Buy,225474308
2024-07-23 09:27:28,126500.0,100,Buy,225474309
2024-07-23 09:27:28,126500.0,200,Buy,225474305
2024-07-23 09:27:35,126500.0,200,Sell,225474417
2024-07-23 09:27:38,126500.0,1900,Sell,225474465
2024-07-23 09:27:38,126500.0,100,Sell,225474466
2024-07-23 09:27:42,126600.0,100,Buy,225474558
2024-07-23 09:27:42,126600.0,100,Buy,225474556
2024-07-23 09:27:42,126600.0,1300,Buy,225474555
2024-07-23 09:27:42,126600.0,100,Buy,225474557
2024-07-23 09:27:43,126500.0,100,Sell,225474566
2024-07-23 09:27:46,126600.0,300,Buy,225474617
2024-07-23 09:27:46,126600.0,500,Buy,225474618
2024-07-23 09:27:46,126600.0,100,Buy,225474619
2024-07-23 09:27:46,126600.0,500,Buy,225474620
2024-07-23 09:27:46,126600.0,100,Buy,225474621
2024-07-23 09:27:46,126600.0,300,Buy,225474622
2024-07-23 09:27:46,126600.0,100,Buy,225474623
2024-07-23 09:27:46,126600.0,300,Buy,225474624
2024-07-23 09:27:47,126500.0,100,Sell,225474646
2024-07-23 09:27:47,126500.0,300,Buy,225474649
2024-07-23 09:27:47,126500.0,100,Sell,225474647
2024-07-23 09:27:47,126500.0,100,Sell,225474645
2024-07-23 09:27:47,126500.0,400,Sell,225474648
2024-07-23 09:27:47,126500.0,100,Sell,225474643
2024-07-23 09:27:47,126500.0,1000,Sell,225474639
2024-07-23 09:27:47,126500.0,500,Sell,225474640
2024-07-23 09:27:47,126500.0,100,Sell,225474644
2024-07-23 09:27:47,126500.0,200,Sell,225474642
2024-07-23 09:27:47,126500.0,100,Sell,225474641
2024-07-23 09:27:49,126600.0,100,Buy,225474681
2024-07-23 09:27:50,126500.0,100,Sell,225474703
2024-07-23 09:27:53,126500.0,1000,Sell,225474749
2024-07-23 09:27:57,126500.0,200,Sell,225474818
2024-07-23 09:28:01,126500.0,100,Sell,225474877
2024-07-23 09:28:01,126500.0,2000,Sell,225474878
2024-07-23 09:28:01,126500.0,100,Sell,225474879
2024-07-23 09:28:01,126500.0,100,Sell,225474880
2024-07-23 09:28:01,126500.0,100,Sell,225474881
2024-07-23 09:28:01,126500.0,300,Sell,225474882
2024-07-23 09:28:01,126500.0,1000,Sell,225474883
2024-07-23 09:28:01,126500.0,400,Sell,225474876
2024-07-23 09:28:05,126500.0,400,Buy,225474939
2024-07-23 09:28:06,126500.0,300,Buy,225474961
2024-07-23 09:28:06,126400.0,200,Sell,225474950
2024-07-23 09:28:06,126500.0,500,Buy,225474957
2024-07-23 09:28:07,126500.0,100,Buy,225474963
2024-07-23 09:28:08,126500.0,100,Buy,225474975
2024-07-23 09:28:08,126600.0,1000,Buy,225474976
2024-07-23 09:28:08,126600.0,200,Buy,225474977
2024-07-23 09:28:08,126600.0,200,Buy,225474978
2024-07-23 09:28:08,126600.0,100,Buy,225474979
2024-07-23 09:28:08,126600.0,100,Buy,225474980
2024-07-23 09:28:09,126600.0,500,Sell,225475007
2024-07-23 09:28:10,126600.0,100,Sell,225475019
2024-07-23 09:28:12,126600.0,100,Sell,225475042
2024-07-23 09:28:17,126600.0,100,Sell,225475133
2024-07-23 09:28:19,126600.0,500,Sell,225475164
2024-07-23 09:28:22,126600.0,100,Sell,225475215
2024-07-23 09:28:31,126600.0,200,Sell,225475374
2024-07-23 09:28:33,126700.0,700,Buy,225475394
2024-07-23 09:28:35,126700.0,100,Buy,225475428
2024-07-23 09:28:37,126700.0,100,Buy,225475475
2024-07-23 09:28:37,126700.0,500,Buy,225475474
2024-07-23 09:28:37,126700.0,100,Buy,225475473
2024-07-23 09:28:37,126700.0,300,Buy,225475472
2024-07-23 09:28:37,126700.0,100,Buy,225475468
2024-07-23 09:28:37,126700.0,200,Buy,225475470
2024-07-23 09:28:37,126700.0,100,Buy,225475469
2024-07-23 09:28:37,126700.0,500,Buy,225475467
2024-07-23 09:28:37,126700.0,100,Buy,225475459
2024-07-23 09:28:37,126700.0,100,Buy,225475471
2024-07-23 09:28:38,126800.0,100,Buy,225475502
2024-07-23 09:28:38,126800.0,300,Buy,225475501
2024-07-23 09:28:38,126800.0,100,Buy,225475500
2024-07-23 09:28:38,126800.0,100,Buy,225475498
2024-07-23 09:28:38,126800.0,100,Buy,225475497
2024-07-23 09:28:38,126800.0,200,Buy,225475496
2024-07-23 09:28:38,126800.0,1000,Buy,225475495
2024-07-23 09:28:38,126800.0,100,Buy,225475494
2024-07-23 09:28:38,126800.0,300,Buy,225475499
2024-07-23 09:28:38,126800.0,100,Buy,225475492
2024-07-23 09:28:38,126800.0,500,Buy,225475491
2024-07-23 09:28:38,126700.0,200,Sell,225475490
2024-07-23 09:28:38,126700.0,300,Buy,225475489
2024-07-23 09:28:38,126700.0,500,Buy,225475488
2024-07-23 09:28:38,126700.0,100,Buy,225475484
2024-07-23 09:28:38,126700.0,100,Buy,225475487
2024-07-23 09:28:38,126700.0,100,Buy,225475486
2024-07-23 09:28:38,126700.0,500,Buy,225475485
2024-07-23 09:28:38,126800.0,100,Buy,225475493
2024-07-23 09:28:39,126800.0,100,Buy,225475522
2024-07-23 09:28:43,126800.0,100,Buy,225475572
2024-07-23 09:28:48,126800.0,100,Buy,225475682
2024-07-23 09:28:51,126700.0,500,Sell,225475744
2024-07-23 09:28:54,126700.0,100,Sell,225475820
2024-07-23 09:28:55,126800.0,100,Buy,225475824
2024-07-23 09:28:55,126800.0,2000,Buy,225475825
2024-07-23 09:28:55,126800.0,200,Buy,225475826
2024-07-23 09:28:55,126800.0,300,Buy,225475827
2024-07-23 09:28:55,126800.0,400,Buy,225475828
2024-07-23 09:29:01,126800.0,100,Buy,225475944
2024-07-23 09:29:01,126800.0,100,Buy,225475968
2024-07-23 09:29:03,126800.0,100,Buy,225476012
2024-07-23 09:29:04,126800.0,100,Buy,225476027
2024-07-23 09:29:04,126800.0,400,Buy,225476028
2024-07-23 09:29:04,126800.0,200,Buy,225476026
2024-07-23 09:29:04,126800.0,300,Buy,225476021
2024-07-23 09:29:04,126800.0,500,Buy,225476024
2024-07-23 09:29:04,126800.0,100,Buy,225476023
2024-07-23 09:29:04,126800.0,200,Buy,225476022
2024-07-23 09:29:04,126800.0,100,Buy,225476025
2024-07-23 09:29:06,126800.0,200,Buy,225476087
2024-07-23 09:29:06,126800.0,500,Buy,225476142
2024-07-23 09:29:06,126800.0,100,Buy,225476147
2024-07-23 09:29:06,126800.0,100,Buy,225476148
2024-07-23 09:29:06,126800.0,100,Buy,225476149
2024-07-23 09:29:08,126800.0,100,Buy,225476173
2024-07-23 09:29:08,126700.0,200,Sell,225476250
2024-07-23 09:29:09,126800.0,100,Buy,225476268
2024-07-23 09:29:11,126800.0,100,Buy,225476289
2024-07-23 09:29:11,126800.0,400,Buy,225476290
2024-07-23 09:29:18,126800.0,100,Buy,225476439
2024-07-23 09:29:22,126800.0,100,Buy,225476519
2024-07-23 09:29:24,126800.0,100,Buy,225476557
2024-07-23 09:29:25,126700.0,100,Sell,225476585
2024-07-23 09:29:26,126800.0,100,Buy,225476620
2024-07-23 09:29:26,126800.0,6300,Buy,225476621
2024-07-23 09:29:26,126800.0,100,Buy,225476622
2024-07-23 09:29:26,126800.0,500,Buy,225476623
2024-07-23 09:29:26,126800.0,300,Buy,225476624
2024-07-23 09:29:26,126800.0,500,Buy,225476625
2024-07-23 09:29:26,126800.0,1000,Buy,225476626
2024-07-23 09:29:26,126800.0,500,Buy,225476627
2024-07-23 09:29:26,126800.0,100,Buy,225476628
2024-07-23 09:29:33,126800.0,800,Sell,225476714
2024-07-23 09:29:33,126800.0,700,Sell,225476718
2024-07-23 09:29:35,126800.0,100,Sell,225476752
2024-07-23 09:29:35,126800.0,500,Sell,225476753
2024-07-23 09:29:35,126800.0,100,Sell,225476751
2024-07-23 09:29:35,126800.0,5100,Sell,225476747
2024-07-23 09:29:35,126800.0,200,Sell,225476749
2024-07-23 09:29:35,126800.0,100,Sell,225476750
2024-07-23 09:29:35,126800.0,100,Sell,225476748
2024-07-23 09:29:38,126800.0,100,Buy,225476930
2024-07-23 09:29:39,126800.0,100,Buy,225476936
2024-07-23 09:29:40,126800.0,100,Buy,225476950
2024-07-23 09:29:41,126700.0,200,Sell,225476959
2024-07-23 09:29:41,126800.0,100,Buy,225476970
2024-07-23 09:29:42,126800.0,500,Buy,225476978
2024-07-23 09:29:43,126800.0,200,Buy,225476984
2024-07-23 09:29:45,126800.0,100,Buy,225477036
2024-07-23 09:29:46,126800.0,500,Buy,225477091
2024-07-23 09:29:46,126800.0,700,Buy,225477092
2024-07-23 09:29:47,126800.0,100,Buy,225477095
2024-07-23 09:29:51,126800.0,100,Buy,225477184
2024-07-23 09:29:54,126800.0,100,Buy,225477222
2024-07-23 09:29:54,126800.0,100,Buy,225477221
2024-07-23 09:29:54,126800.0,500,Buy,225477219
2024-07-23 09:29:54,126800.0,200,Buy,225477218
2024-07-23 09:29:54,126800.0,200,Buy,225477220
2024-07-23 09:29:55,126800.0,100,Buy,225477249
2024-07-23 09:29:55,126800.0,100,Buy,225477250
2024-07-23 09:29:55,126800.0,300,Buy,225477251
2024-07-23 09:29:55,126800.0,100,Buy,225477252
2024-07-23 09:29:58,126700.0,100,Sell,225477293
2024-07-23 09:29:58,126800.0,1400,Buy,225477297
2024-07-23 09:29:58,126800.0,200,Buy,225477298
2024-07-23 09:29:58,126800.0,200,Buy,225477299
2024-07-23 09:29:58,126800.0,200,Buy,225477300
2024-07-23 09:30:00,126800.0,100,Buy,225477338
2024-07-23 09:30:02,126800.0,100,Buy,225477373
2024-07-23 09:30:04,126800.0,200,Buy,225477443
2024-07-23 09:30:04,126800.0,300,Buy,225477445
2024-07-23 09:30:06,126800.0,100,Buy,225477491
2024-07-23 09:30:07,126800.0,400,Buy,225477523
2024-07-23 09:30:08,126800.0,100,Buy,225477537
2024-07-23 09:30:08,126800.0,1000,Buy,225477552
2024-07-23 09:30:08,126800.0,400,Buy,225477553
2024-07-23 09:30:08,126800.0,100,Buy,225477554
2024-07-23 09:30:09,126800.0,300,Sell,225477567
2024-07-23 09:30:11,126800.0,100,Sell,225477595
2024-07-23 09:30:11,126800.0,200,Sell,225477607
2024-07-23 09:30:13,126800.0,200,Sell,225477641
2024-07-23 09:30:14,126800.0,100,Sell,225477651
2024-07-23 09:30:17,126800.0,200,Sell,225477695
2024-07-23 09:30:19,126900.0,500,Buy,225477759
2024-07-23 09:30:21,126800.0,400,Sell,225477780
2024-07-23 09:30:21,126800.0,300,Sell,225477781
2024-07-23 09:30:21,126800.0,100,Sell,225477784
2024-07-23 09:30:23,126800.0,100,Sell,225477821
2024-07-23 09:30:25,126800.0,100,Sell,225477838
2024-07-23 09:30:29,126900.0,100,Buy,225477908
2024-07-23 09:30:29,126900.0,100,Buy,225477909
2024-07-23 09:30:29,126900.0,500,Buy,225477910
2024-07-23 09:30:29,126900.0,100,Buy,225477911
2024-07-23 09:30:29,126900.0,100,Buy,225477912
2024-07-23 09:30:29,126900.0,100,Buy,225477913
2024-07-23 09:30:29,126900.0,200,Buy,225477914
2024-07-23 09:30:29,126900.0,100,Buy,225477915
2024-07-23 09:30:29,126900.0,2000,Buy,225477916
2024-07-23 09:30:29,126900.0,300,Buy,225477917
2024-07-23 09:30:29,126900.0,400,Buy,225477907
2024-07-23 09:30:30,126800.0,100,Sell,225477943
2024-07-23 09:30:31,126900.0,100,Buy,225477960
2024-07-23 09:30:36,126900.0,1000,Buy,225478106
2024-07-23 09:30:36,126900.0,500,Buy,225478108
2024-07-23 09:30:36,126900.0,100,Buy,225478104
2024-07-23 09:30:36,126900.0,100,Buy,225478105
2024-07-23 09:30:36,126900.0,100,Buy,225478107
2024-07-23 09:30:36,126900.0,200,Buy,225478103
2024-07-23 09:30:39,126900.0,100,Buy,225478157
2024-07-23 09:30:39,126900.0,100,Buy,225478150
2024-07-23 09:30:39,126900.0,100,Buy,225478156
2024-07-23 09:30:42,126900.0,200,Buy,225478214
2024-07-23 09:30:42,126900.0,100,Buy,225478213
2024-07-23 09:30:42,126900.0,100,Buy,225478212
2024-07-23 09:30:42,126900.0,200,Buy,225478211
2024-07-23 09:30:42,126900.0,200,Buy,225478205
2024-07-23 09:30:42,126900.0,100,Buy,225478209
2024-07-23 09:30:42,126900.0,100,Buy,225478208
2024-07-23 09:30:42,126900.0,500,Buy,225478206
2024-07-23 09:30:42,126900.0,100,Buy,225478210
2024-07-23 09:30:43,126800.0,200,Sell,225478219
2024-07-23 09:30:43,126900.0,300,Buy,225478221
2024-07-23 09:30:43,126900.0,100,Buy,225478222
2024-07-23 09:30:45,126900.0,200,Sell,225478263
2024-07-23 09:30:45,126900.0,200,Sell,225478269
2024-07-23 09:30:52,126900.0,1000,Sell,225478412
2024-07-23 09:30:59,126900.0,200,Sell,225478557
2024-07-23 09:31:01,126900.0,100,Sell,225478603
2024-07-23 09:31:02,126900.0,1900,Sell,225478626
2024-07-23 09:31:02,126900.0,100,Sell,225478628
2024-07-23 09:31:02,126900.0,4500,Sell,225478629
2024-07-23 09:31:02,126900.0,100,Sell,225478630
2024-07-23 09:31:02,126900.0,100,Sell,225478631
2024-07-23 09:31:02,126900.0,100,Sell,225478632
2024-07-23 09:31:02,126900.0,300,Sell,225478633
2024-07-23 09:31:02,126900.0,200,Sell,225478634
2024-07-23 09:31:02,126900.0,700,Sell,225478627
2024-07-23 09:31:11,126900.0,1000,Sell,225478800
2024-07-23 09:31:14,126900.0,200,Sell,225478864
2024-07-23 09:31:16,126900.0,100,Sell,225478901
2024-07-23 09:31:16,127000.0,100,Buy,225478917
2024-07-23 09:31:17,126900.0,2000,Sell,225478960
2024-07-23 09:31:17,126900.0,200,Sell,225478959
2024-07-23 09:31:17,126900.0,200,Sell,225478958
2024-07-23 09:31:17,126900.0,6400,Sell,225478955
2024-07-23 09:31:17,126900.0,100,Sell,225478957
2024-07-23 09:31:17,126900.0,100,Sell,225478956
2024-07-23 09:31:18,126900.0,100,Sell,225478985
2024-07-23 09:31:18,126900.0,300,Sell,225478986
2024-07-23 09:31:18,126900.0,100,Sell,225478987
2024-07-23 09:31:21,126900.0,100,Sell,225479029
2024-07-23 09:31:22,126900.0,400,Sell,225479044
2024-07-23 09:31:22,126900.0,100,Sell,225479046
2024-07-23 09:31:22,126900.0,400,Sell,225479047
2024-07-23 09:31:22,126900.0,100,Sell,225479045
2024-07-23 09:31:23,126800.0,5000,Sell,225479109
2024-07-23 09:31:23,126800.0,5000,Sell,225479113
2024-07-23 09:31:23,126800.0,100,Sell,225479112
2024-07-23 09:31:23,126800.0,100,Sell,225479111
2024-07-23 09:31:23,126800.0,100,Sell,225479110
2024-07-23 09:31:23,126800.0,200,Sell,225479108
2024-07-23 09:31:23,126800.0,3200,Sell,225479106
2024-07-23 09:31:23,126900.0,100,Sell,225479105
2024-07-23 09:31:23,126900.0,1400,Sell,225479104
2024-07-23 09:31:23,126900.0,400,Sell,225479103
2024-07-23 09:31:23,126900.0,3900,Sell,225479102
2024-07-23 09:31:23,126900.0,600,Sell,225479101
2024-07-23 09:31:23,126800.0,9600,Sell,225479107
2024-07-23 09:31:24,126800.0,300,Sell,225479125
2024-07-23 09:31:24,126800.0,100,Sell,225479124
2024-07-23 09:31:24,126800.0,100,Sell,225479123
2024-07-23 09:31:24,126800.0,1400,Sell,225479122
2024-07-23 09:31:24,126800.0,300,Sell,225479121
2024-07-23 09:31:24,126800.0,6000,Sell,225479118
2024-07-23 09:31:24,126800.0,100,Sell,225479119
2024-07-23 09:31:24,126800.0,200,Sell,225479117
2024-07-23 09:31:24,126800.0,100,Sell,225479116
2024-07-23 09:31:24,126800.0,200,Sell,225479115
2024-07-23 09:31:24,126800.0,100,Sell,225479120
2024-07-23 09:31:25,126800.0,600,Buy,225479166
2024-07-23 09:31:25,126800.0,100,Buy,225479163
2024-07-23 09:31:25,126800.0,100,Buy,225479162
2024-07-23 09:31:29,126800.0,100,Buy,225479231
2024-07-23 09:31:29,126800.0,100,Buy,225479230
2024-07-23 09:31:29,126800.0,200,Buy,225479227
2024-07-23 09:31:29,126800.0,100,Buy,225479228
2024-07-23 09:31:29,126800.0,500,Buy,225479229
2024-07-23 09:31:32,126700.0,100,Sell,225479336
2024-07-23 09:31:32,126800.0,1000,Buy,225479338
2024-07-23 09:31:32,126800.0,200,Buy,225479339
2024-07-23 09:31:34,126800.0,500,Buy,225479393
2024-07-23 09:31:42,126800.0,100,Buy,225479547
2024-07-23 09:31:43,126800.0,100,Buy,225479566
2024-07-23 09:31:43,126800.0,100,Buy,225479567
2024-07-23 09:31:46,126700.0,200,Sell,225479621
2024-07-23 09:31:52,126800.0,5400,Buy,225479725
2024-07-23 09:31:56,126700.0,1000,Sell,225479794
2024-07-23 09:31:57,126800.0,100,Buy,225479803
2024-07-23 09:32:01,126800.0,1000,Buy,225479860
2024-07-23 09:32:01,126700.0,200,Sell,225479855
2024-07-23 09:32:04,126700.0,100,Sell,225479925
2024-07-23 09:32:08,126800.0,100,Buy,225480013
2024-07-23 09:32:09,126800.0,100,Buy,225480024
2024-07-23 09:32:10,126800.0,600,Buy,225480041
2024-07-23 09:32:13,126800.0,100,Buy,225480097
2024-07-23 09:32:14,126800.0,100,Buy,225480118
2024-07-23 09:32:17,126800.0,100,Buy,225480219
2024-07-23 09:32:17,126800.0,100,Buy,225480220
2024-07-23 09:32:17,126800.0,500,Buy,225480228
2024-07-23 09:32:17,126800.0,100,Buy,225480229
2024-07-23 09:32:17,126800.0,100,Buy,225480230
2024-07-23 09:32:17,126800.0,100,Buy,225480231
2024-07-23 09:32:17,126800.0,100,Buy,225480232
2024-07-23 09:32:17,126700.0,200,Sell,225480227
2024-07-23 09:32:19,126700.0,200,Sell,225480267
2024-07-23 09:32:19,126800.0,100,Buy,225480270
2024-07-23 09:32:23,126700.0,200,Sell,225480320
2024-07-23 09:32:24,126800.0,100,Buy,225480344
2024-07-23 09:32:25,126700.0,300,Sell,225480364
2024-07-23 09:32:26,126700.0,100,Sell,225480382
2024-07-23 09:32:30,126700.0,1500,Sell,225480435
2024-07-23 09:32:31,126800.0,1100,Buy,225480466
2024-07-23 09:32:35,126700.0,100,Sell,225480576
2024-07-23 09:32:36,126700.0,100,Sell,225480581
2024-07-23 09:32:36,126800.0,100,Buy,225480584
2024-07-23 09:32:40,126700.0,100,Sell,225480671
2024-07-23 09:32:42,126700.0,300,Sell,225480719
2024-07-23 09:32:42,126700.0,100,Sell,225480721
2024-07-23 09:32:44,126700.0,100,Sell,225480777
2024-07-23 09:32:47,126700.0,200,Sell,225480817
2024-07-23 09:32:47,126700.0,100,Sell,225480822
2024-07-23 09:32:47,126700.0,1000,Sell,225480821
2024-07-23 09:32:47,126700.0,100,Sell,225480820
2024-07-23 09:32:47,126700.0,300,Sell,225480819
2024-07-23 09:32:47,126700.0,100,Sell,225480818
2024-07-23 09:32:47,126700.0,500,Sell,225480816
2024-07-23 09:32:47,126700.0,100,Sell,225480814
2024-07-23 09:32:47,126700.0,500,Sell,225480813
2024-07-23 09:32:47,126700.0,100,Sell,225480812
2024-07-23 09:32:47,126700.0,2000,Sell,225480811
2024-07-23 09:32:47,126700.0,900,Sell,225480810
2024-07-23 09:32:47,126700.0,300,Sell,225480815
2024-07-23 09:32:49,126700.0,10000,Buy,225480875
2024-07-23 09:32:50,126600.0,200,Sell,225480881
2024-07-23 09:32:50,126700.0,2000,Buy,225480883
2024-07-23 09:32:51,126700.0,200,Buy,225480903
2024-07-23 09:32:54,126700.0,200,Buy,225480929
2024-07-23 09:32:54,126700.0,600,Buy,225480936
2024-07-23 09:32:59,126700.0,200,Buy,225481040
2024-07-23 09:33:05,126700.0,100,Buy,225481192
2024-07-23 09:33:05,126700.0,100,Buy,225481191
2024-07-23 09:33:05,126700.0,100,Buy,225481187
2024-07-23 09:33:05,126700.0,100,Buy,225481185
2024-07-23 09:33:05,126700.0,400,Buy,225481184
2024-07-23 09:33:05,126700.0,100,Buy,225481186
2024-07-23 09:33:05,126700.0,200,Buy,225481183
2024-07-23 09:33:06,126600.0,100,Sell,225481210
2024-07-23 09:33:07,126700.0,100,Buy,225481256
2024-07-23 09:33:07,126700.0,200,Buy,225481257
2024-07-23 09:33:09,126700.0,100,Buy,225481275
2024-07-23 09:33:09,126700.0,100,Buy,225481276
2024-07-23 09:33:09,126700.0,100,Buy,225481291
2024-07-23 09:33:09,126600.0,100,Sell,225481292
2024-07-23 09:33:11,126700.0,200,Buy,225481326
2024-07-23 09:33:11,126700.0,100,Buy,225481332
2024-07-23 09:33:15,126700.0,100,Buy,225481377
2024-07-23 09:33:18,126700.0,100,Buy,225481433
2024-07-23 09:33:18,126700.0,500,Buy,225481430
2024-07-23 09:33:18,126700.0,100,Buy,225481432
2024-07-23 09:33:18,126700.0,100,Buy,225481428
2024-07-23 09:33:18,126700.0,400,Buy,225481429
2024-07-23 09:33:18,126700.0,800,Buy,225481426
2024-07-23 09:33:18,126700.0,100,Buy,225481431
2024-07-23 09:33:18,126700.0,1000,Buy,225481427
2024-07-23 09:33:19,126700.0,300,Sell,225481463
2024-07-23 09:33:22,126700.0,200,Sell,225481519
2024-07-23 09:33:22,126700.0,200,Sell,225481521
2024-07-23 09:33:23,126700.0,500,Sell,225481552
2024-07-23 09:33:27,126700.0,500,Sell,225481609
2024-07-23 09:33:28,126700.0,200,Sell,225481614
2024-07-23 09:33:30,126700.0,100,Sell,225481721
2024-07-23 09:33:30,126700.0,100,Sell,225481722
2024-07-23 09:33:35,126700.0,100,Sell,225481809
2024-07-23 09:33:35,126700.0,700,Sell,225481810
2024-07-23 09:33:35,126700.0,500,Sell,225481811
2024-07-23 09:33:35,126700.0,100,Sell,225481812
2024-07-23 09:33:35,126700.0,300,Sell,225481813
2024-07-23 09:33:37,126600.0,100,Sell,225481856
2024-07-23 09:33:38,126700.0,100,Buy,225481864
2024-07-23 09:33:39,126700.0,100,Buy,225481885
2024-07-23 09:33:52,126700.0,100,Buy,225482138
2024-07-23 09:33:53,126700.0,500,Buy,225482155
2024-07-23 09:33:53,126700.0,100,Buy,225482156
2024-07-23 09:33:53,126700.0,100,Buy,225482157
2024-07-23 09:33:53,126700.0,100,Buy,225482158
2024-07-23 09:33:53,126700.0,100,Buy,225482154
2024-07-23 09:33:54,126700.0,100,Buy,225482197
2024-07-23 09:33:55,126600.0,100,Sell,225482204
2024-07-23 09:33:55,126600.0,100,Sell,225482205
2024-07-23 09:33:59,126700.0,1000,Buy,225482268
2024-07-23 09:34:00,126700.0,300,Buy,225482289
2024-07-23 09:34:02,126600.0,100,Sell,225482348
2024-07-23 09:34:02,126600.0,100,Sell,225482344
2024-07-23 09:34:02,126600.0,100,Sell,225482345
2024-07-23 09:34:02,126600.0,100,Sell,225482346
2024-07-23 09:34:02,126600.0,100,Sell,225482347
2024-07-23 09:34:04,126700.0,100,Buy,225482372
2024-07-23 09:34:06,126700.0,100,Buy,225482400
2024-07-23 09:34:08,126600.0,100,Sell,225482472
2024-07-23 09:34:14,126600.0,100,Sell,225482615
2024-07-23 09:34:16,126600.0,100,Sell,225482632
2024-07-23 09:34:16,126600.0,100,Sell,225482633
2024-07-23 09:34:16,126600.0,1300,Sell,225482634
2024-07-23 09:34:17,126600.0,100,Sell,225482644
2024-07-23 09:34:26,126600.0,100,Sell,225482826
2024-07-23 09:34:26,126600.0,100,Sell,225482827
2024-07-23 09:34:27,126700.0,100,Buy,225482845
2024-07-23 09:34:29,126600.0,100,Sell,225482888
2024-07-23 09:34:29,126600.0,100,Sell,225482889
2024-07-23 09:34:30,126600.0,500,Sell,225482917
2024-07-23 09:34:33,126600.0,200,Sell,225482969
2024-07-23 09:34:40,126600.0,500,Sell,225483109
2024-07-23 09:34:40,126600.0,2500,Sell,225483110
2024-07-23 09:34:40,126600.0,900,Sell,225483107
2024-07-23 09:34:40,126600.0,100,Sell,225483108
2024-07-23 09:34:41,126600.0,100,Sell,225483149
2024-07-23 09:34:41,126600.0,100,Sell,225483150
2024-07-23 09:34:41,126600.0,100,Sell,225483151
2024-07-23 09:34:41,126600.0,100,Sell,225483152
2024-07-23 09:34:41,126600.0,100,Sell,225483153
2024-07-23 09:34:41,126600.0,400,Sell,225483154
2024-07-23 09:34:41,126600.0,100,Sell,225483166
2024-07-23 09:34:41,126600.0,100,Sell,225483148
2024-07-23 09:34:42,126600.0,2500,Sell,225483178
2024-07-23 09:34:42,126600.0,1000,Sell,225483186
2024-07-23 09:34:43,126600.0,100,Sell,225483208
2024-07-23 09:34:44,126600.0,100,Sell,225483244
2024-07-23 09:34:44,126600.0,200,Sell,225483243
2024-07-23 09:34:44,126600.0,500,Sell,225483259
2024-07-23 09:34:44,126600.0,400,Sell,225483241
2024-07-23 09:34:44,126600.0,200,Sell,225483242
2024-07-23 09:34:44,126600.0,100,Sell,225483245
2024-07-23 09:34:44,126600.0,500,Sell,225483240
2024-07-23 09:34:50,126600.0,700,Buy,225483391
2024-07-23 09:34:55,126600.0,100,Buy,225483528
2024-07-23 09:34:58,126600.0,500,Buy,225483578
2024-07-23 09:34:59,126500.0,100,Sell,225483596
2024-07-23 09:34:59,126500.0,100,Sell,225483597
2024-07-23 09:35:08,126500.0,100,Sell,225483779
2024-07-23 09:35:08,126500.0,600,Sell,225483780
2024-07-23 09:35:08,126500.0,400,Sell,225483777
2024-07-23 09:35:08,126500.0,400,Sell,225483778
2024-07-23 09:35:09,126500.0,100,Sell,225483791
2024-07-23 09:35:11,126600.0,600,Buy,225483832
2024-07-23 09:35:11,126600.0,1100,Buy,225483833
2024-07-23 09:35:11,126600.0,700,Buy,225483834
2024-07-23 09:35:11,126600.0,100,Buy,225483835
2024-07-23 09:35:11,126600.0,100,Buy,225483836
2024-07-23 09:35:11,126600.0,400,Sell,225483837
2024-07-23 09:35:13,126500.0,100,Sell,225483852
2024-07-23 09:35:17,126500.0,500,Sell,225483920
2024-07-23 09:35:17,126500.0,300,Sell,225483921
2024-07-23 09:35:17,126500.0,200,Sell,225483919
2024-07-23 09:35:18,126500.0,700,Sell,225483933
2024-07-23 09:35:18,126500.0,100,Sell,225483934
2024-07-23 09:35:18,126500.0,200,Sell,225483935
2024-07-23 09:35:19,126500.0,300,Buy,225483975
2024-07-23 09:35:19,126500.0,100,Sell,225483968
2024-07-23 09:35:19,126500.0,100,Sell,225483967
2024-07-23 09:35:19,126500.0,100,Sell,225483966
2024-07-23 09:35:19,126500.0,100,Sell,225483965
2024-07-23 09:35:19,126500.0,100,Sell,225483963
2024-07-23 09:35:19,126500.0,1300,Sell,225483962
2024-07-23 09:35:19,126500.0,500,Sell,225483961
2024-07-23 09:35:19,126500.0,300,Sell,225483960
2024-07-23 09:35:19,126500.0,800,Sell,225483959
2024-07-23 09:35:19,126500.0,200,Sell,225483964
2024-07-23 09:35:22,126500.0,500,Buy,225484028
2024-07-23 09:35:24,126400.0,500,Sell,225484070
2024-07-23 09:35:24,126400.0,100,Sell,225484069
2024-07-23 09:35:24,126400.0,100,Sell,225484066
2024-07-23 09:35:24,126400.0,200,Sell,225484067
2024-07-23 09:35:24,126400.0,100,Sell,225484068
2024-07-23 09:35:31,126400.0,200,Sell,225484230
2024-07-23 09:35:33,126500.0,100,Buy,225484258
2024-07-23 09:35:41,126400.0,1500,Sell,225484439
2024-07-23 09:35:41,126400.0,600,Sell,225484446
2024-07-23 09:35:42,126500.0,500,Buy,225484448
2024-07-23 09:35:43,126500.0,100,Buy,225484466
2024-07-23 09:35:45,126400.0,100,Sell,225484510
2024-07-23 09:35:50,126400.0,300,Sell,225484580
2024-07-23 09:36:00,126400.0,100,Sell,225484738
2024-07-23 09:36:01,126400.0,1000,Sell,225484745
2024-07-23 09:36:01,126400.0,200,Sell,225484748
2024-07-23 09:36:04,126400.0,200,Sell,225484792
2024-07-23 09:36:06,126400.0,600,Sell,225484830
2024-07-23 09:36:06,126400.0,100,Sell,225484829
2024-07-23 09:36:06,126400.0,300,Sell,225484828
2024-07-23 09:36:07,126400.0,100,Sell,225484864
2024-07-23 09:36:07,126400.0,200,Sell,225484861
2024-07-23 09:36:07,126400.0,100,Sell,225484862
2024-07-23 09:36:07,126400.0,100,Sell,225484863
2024-07-23 09:36:11,126400.0,500,Sell,225484914
2024-07-23 09:36:12,126400.0,100,Sell,225484961
2024-07-23 09:36:12,126400.0,100,Sell,225484960
2024-07-23 09:36:12,126400.0,100,Sell,225484959
2024-07-23 09:36:12,126400.0,100,Sell,225484958
2024-07-23 09:36:12,126400.0,400,Sell,225484953
2024-07-23 09:36:12,126400.0,200,Sell,225484956
2024-07-23 09:36:12,126400.0,500,Sell,225484955
2024-07-23 09:36:12,126400.0,200,Sell,225484954
2024-07-23 09:36:12,126400.0,100,Sell,225484957
2024-07-23 09:36:15,126300.0,100,Sell,225485031
2024-07-23 09:36:23,126300.0,800,Sell,225485133
2024-07-23 09:36:23,126300.0,200,Sell,225485134
2024-07-23 09:36:27,126300.0,300,Sell,225485198
2024-07-23 09:36:36,126400.0,300,Buy,225485355
2024-07-23 09:36:36,126300.0,100,Sell,225485347
2024-07-23 09:36:36,126300.0,100,Sell,225485346
2024-07-23 09:36:36,126400.0,200,Buy,225485349
2024-07-23 09:36:39,126300.0,900,Sell,225485398
2024-07-23 09:36:39,126300.0,100,Sell,225485397
2024-07-23 09:36:46,126300.0,100,Sell,225485588
2024-07-23 09:36:46,126300.0,100,Sell,225485597
2024-07-23 09:36:46,126300.0,300,Sell,225485598
2024-07-23 09:36:46,126300.0,200,Sell,225485599
2024-07-23 09:36:50,126300.0,100,Sell,225485657
2024-07-23 09:36:52,126300.0,200,Sell,225485723
2024-07-23 09:36:52,126300.0,100,Sell,225485724
2024-07-23 09:37:04,126300.0,100,Sell,225486015
2024-07-23 09:37:04,126300.0,600,Sell,225486017
2024-07-23 09:37:04,126300.0,100,Sell,225486016
2024-07-23 09:37:04,126300.0,100,Sell,225486014
2024-07-23 09:37:04,126300.0,100,Sell,225486013
2024-07-23 09:37:04,126300.0,200,Sell,225486011
2024-07-23 09:37:04,126300.0,100,Sell,225486010
2024-07-23 09:37:04,126300.0,100,Sell,225486009
2024-07-23 09:37:04,126300.0,500,Sell,225486008
2024-07-23 09:37:04,126300.0,100,Sell,225486012
2024-07-23 09:37:06,126300.0,200,Sell,225486047
2024-07-23 09:37:08,126300.0,200,Sell,225486117
2024-07-23 09:37:08,126300.0,200,Sell,225486118
2024-07-23 09:37:08,126300.0,100,Sell,225486119
2024-07-23 09:37:08,126300.0,100,Sell,225486120
2024-07-23 09:37:08,126300.0,200,Sell,225486121
2024-07-23 09:37:08,126300.0,100,Sell,225486122
2024-07-23 09:37:08,126300.0,100,Sell,225486123
2024-07-23 09:37:09,126300.0,200,Sell,225486148
2024-07-23 09:37:09,126300.0,100,Sell,225486147
2024-07-23 09:37:09,126300.0,200,Sell,225486145
2024-07-23 09:37:09,126300.0,400,Sell,225486144
2024-07-23 09:37:09,126300.0,100,Sell,225486146
2024-07-23 09:37:10,126300.0,200,Sell,225486176
2024-07-23 09:37:16,126300.0,100,Sell,225486292
2024-07-23 09:37:19,126300.0,100,Sell,225486357
2024-07-23 09:37:19,126300.0,100,Buy,225486362
2024-07-23 09:37:33,126300.0,700,Buy,225486651
2024-07-23 09:37:36,126300.0,100,Buy,225486721
2024-07-23 09:37:36,126300.0,100,Buy,225486719
2024-07-23 09:37:36,126200.0,1100,Sell,225486714
2024-07-23 09:37:36,126300.0,100,Buy,225486720
2024-07-23 09:37:38,126200.0,200,Sell,225486767
2024-07-23 09:37:38,126200.0,500,Sell,225486768
2024-07-23 09:37:42,126200.0,300,Sell,225486827
2024-07-23 09:37:43,126300.0,300,Buy,225486838
2024-07-23 09:37:43,126300.0,100,Buy,225486839
2024-07-23 09:37:43,126300.0,600,Buy,225486840
2024-07-23 09:37:47,126200.0,2400,Sell,225486907
2024-07-23 09:37:47,126200.0,100,Sell,225486933
2024-07-23 09:37:48,126300.0,200,Buy,225486941
2024-07-23 09:37:51,126300.0,200,Buy,225486980
2024-07-23 09:37:51,126300.0,500,Buy,225486981
2024-07-23 09:37:51,126300.0,100,Buy,225486984
2024-07-23 09:37:51,126300.0,100,Buy,225486985
2024-07-23 09:37:51,126300.0,100,Buy,225486986
2024-07-23 09:37:52,126300.0,200,Buy,225487000
2024-07-23 09:37:52,126300.0,100,Buy,225487001
2024-07-23 09:37:52,126300.0,100,Buy,225487002
2024-07-23 09:37:54,126300.0,100,Buy,225487051
2024-07-23 09:37:55,126300.0,100,Buy,225487063
2024-07-23 09:38:00,126300.0,100,Buy,225487154
2024-07-23 09:38:04,126300.0,100,Buy,225487210
2024-07-23 09:38:05,126300.0,300,Buy,225487232
2024-07-23 09:38:05,126300.0,100,Buy,225487227
2024-07-23 09:38:05,126300.0,100,Buy,225487228
2024-07-23 09:38:07,126300.0,100,Buy,225487276
2024-07-23 09:38:08,126200.0,200,Sell,225487311
2024-07-23 09:38:19,126200.0,100,Sell,225487482
2024-07-23 09:38:28,126300.0,400,Buy,225487627
2024-07-23 09:38:28,126300.0,600,Buy,225487628
2024-07-23 09:38:28,126300.0,100,Buy,225487631
2024-07-23 09:38:29,126200.0,100,Sell,225487676
2024-07-23 09:38:29,126200.0,100,Sell,225487675
2024-07-23 09:38:29,126200.0,100,Sell,225487674
2024-07-23 09:38:34,126200.0,500,Sell,225487863
2024-07-23 09:38:35,126300.0,100,Buy,225487899
2024-07-23 09:38:35,126300.0,100,Buy,225487902
2024-07-23 09:38:35,126300.0,100,Buy,225487903
2024-07-23 09:38:39,126200.0,200,Sell,225487963
2024-07-23 09:38:39,126300.0,100,Buy,225487959
2024-07-23 09:38:39,126300.0,100,Buy,225487960
2024-07-23 09:38:39,126300.0,300,Buy,225487957
2024-07-23 09:38:39,126300.0,200,Buy,225487955
2024-07-23 09:38:39,126300.0,100,Buy,225487958
2024-07-23 09:38:39,126300.0,200,Buy,225487956
2024-07-23 09:38:40,126200.0,200,Sell,225487984
2024-07-23 09:38:40,126200.0,800,Sell,225487985
2024-07-23 09:38:51,126200.0,100,Sell,225488202
2024-07-23 09:38:53,126300.0,100,Buy,225488237
2024-07-23 09:38:55,126300.0,100,Buy,225488267
2024-07-23 09:38:59,126300.0,100,Buy,225488402
2024-07-23 09:39:01,126300.0,100,Buy,225488435
2024-07-23 09:39:07,126300.0,300,Buy,225488538
2024-07-23 09:39:07,126300.0,200,Buy,225488539
2024-07-23 09:39:07,126300.0,100,Buy,225488540
2024-07-23 09:39:07,126300.0,500,Buy,225488541
2024-07-23 09:39:07,126300.0,200,Buy,225488542
2024-07-23 09:39:07,126300.0,100,Buy,225488543
2024-07-23 09:39:09,126300.0,1000,Sell,225488559
2024-07-23 09:39:10,126300.0,200,Sell,225488585
2024-07-23 09:39:14,126300.0,200,Sell,225488729
2024-07-23 09:39:17,126300.0,1000,Sell,225488793
2024-07-23 09:39:17,126300.0,400,Buy,225488802
2024-07-23 09:39:17,126300.0,7200,Sell,225488792
2024-07-23 09:39:19,126300.0,100,Buy,225488863
2024-07-23 09:39:19,126300.0,100,Buy,225488866
2024-07-23 09:39:22,126300.0,200,Buy,225488904
2024-07-23 09:39:23,126200.0,100,Sell,225488939
2024-07-23 09:39:23,126300.0,200,Buy,225488940
2024-07-23 09:39:24,126300.0,9400,Buy,225488952
2024-07-23 09:39:33,126300.0,100,Sell,225489123
2024-07-23 09:39:33,126300.0,500,Sell,225489122
2024-07-23 09:39:33,126300.0,600,Sell,225489119
2024-07-23 09:39:33,126300.0,200,Sell,225489120
2024-07-23 09:39:33,126300.0,100,Sell,225489121
2024-07-23 09:39:41,126300.0,200,Sell,225489241
2024-07-23 09:39:41,126300.0,200,Sell,225489272
2024-07-23 09:39:54,126300.0,100,Sell,225489555
2024-07-23 09:40:02,126400.0,800,Buy,225489765
2024-07-23 09:40:02,126400.0,1000,Buy,225489764
2024-07-23 09:40:08,126400.0,1300,Buy,225489880
2024-07-23 09:40:08,126400.0,700,Buy,225489881
2024-07-23 09:40:10,126400.0,100,Buy,225489918
2024-07-23 09:40:12,126300.0,200,Sell,225489957
2024-07-23 09:40:19,126300.0,100,Sell,225490091
2024-07-23 09:40:19,126400.0,100,Buy,225490112
2024-07-23 09:40:25,126300.0,100,Sell,225490222
2024-07-23 09:40:30,126300.0,100,Sell,225490342
2024-07-23 09:40:41,126400.0,100,Buy,225490583
2024-07-23 09:40:42,126400.0,400,Sell,225490597
2024-07-23 09:40:43,126400.0,100,Buy,225490617
2024-07-23 09:40:44,126400.0,100,Buy,225490636
2024-07-23 09:40:45,126300.0,200,Sell,225490646
2024-07-23 09:40:46,126300.0,1000,Sell,225490685
2024-07-23 09:40:56,126400.0,200,Buy,225490854
2024-07-23 09:40:56,126400.0,600,Buy,225490855
2024-07-23 09:40:58,126400.0,100,Sell,225490894
2024-07-23 09:40:58,126400.0,100,Sell,225490921
2024-07-23 09:40:59,126400.0,400,Sell,225490931
2024-07-23 09:40:59,126400.0,100,Sell,225490930
2024-07-23 09:40:59,126400.0,500,Sell,225490929
2024-07-23 09:41:11,126400.0,100,Sell,225491134
2024-07-23 09:41:15,126400.0,200,Sell,225491218
2024-07-23 09:41:30,126400.0,100,Sell,225491549
2024-07-23 09:41:31,126400.0,500,Sell,225491578
2024-07-23 09:41:41,126400.0,100,Sell,225491731
2024-07-23 09:41:41,126500.0,300,Buy,225491745
2024-07-23 09:41:48,126400.0,200,Sell,225491896
2024-07-23 09:41:51,126400.0,500,Sell,225492010
2024-07-23 09:41:53,126500.0,100,Buy,225492066
2024-07-23 09:41:56,126500.0,100,Buy,225492118
2024-07-23 09:41:59,126500.0,100,Buy,225492164
2024-07-23 09:42:00,126500.0,100,Buy,225492194
2024-07-23 09:42:00,126500.0,100,Buy,225492193
2024-07-23 09:42:00,126500.0,500,Buy,225492192
2024-07-23 09:42:00,126500.0,500,Buy,225492191
2024-07-23 09:42:00,126500.0,200,Buy,225492189
2024-07-23 09:42:00,126500.0,100,Buy,225492187
2024-07-23 09:42:00,126500.0,100,Buy,225492190
2024-07-23 09:42:00,126500.0,100,Buy,225492188
2024-07-23 09:42:02,126500.0,100,Sell,225492329
2024-07-23 09:42:15,126500.0,200,Sell,225492631
2024-07-23 09:42:20,126500.0,200,Sell,225492770
2024-07-23 09:42:23,126500.0,100,Sell,225492847
2024-07-23 09:42:30,126500.0,900,Sell,225493071
2024-07-23 09:42:30,126500.0,200,Sell,225493076
2024-07-23 09:42:32,126500.0,300,Sell,225493109
2024-07-23 09:42:34,126500.0,100,Sell,225493137
2024-07-23 09:42:40,126600.0,200,Buy,225493249
2024-07-23 09:42:41,126600.0,300,Buy,225493280
2024-07-23 09:42:41,126600.0,100,Buy,225493279
2024-07-23 09:42:41,126600.0,100,Buy,225493276
2024-07-23 09:42:41,126600.0,200,Buy,225493278
2024-07-23 09:42:41,126600.0,500,Buy,225493277
2024-07-23 09:42:41,126600.0,100,Buy,225493274
2024-07-23 09:42:41,126600.0,100,Buy,225493273
2024-07-23 09:42:41,126600.0,100,Buy,225493272
2024-07-23 09:42:41,126600.0,3000,Buy,225493275
2024-07-23 09:42:42,126600.0,100,Sell,225493368
2024-07-23 09:42:46,126600.0,100,Sell,225493441
2024-07-23 09:42:52,126600.0,200,Sell,225493555
2024-07-23 09:42:54,126700.0,100,Buy,225493607
2024-07-23 09:42:54,126700.0,400,Buy,225493606
2024-07-23 09:42:55,126600.0,100,Sell,225493615
2024-07-23 09:42:55,126600.0,300,Sell,225493616
2024-07-23 09:42:55,126700.0,100,Buy,225493617
2024-07-23 09:42:55,126700.0,100,Buy,225493618
2024-07-23 09:42:56,126700.0,100,Buy,225493633
2024-07-23 09:42:57,126700.0,600,Buy,225493658
2024-07-23 09:42:57,126700.0,500,Buy,225493659
2024-07-23 09:43:01,126700.0,400,Buy,225493723
2024-07-23 09:43:02,126700.0,100,Buy,225493725
2024-07-23 09:43:07,126600.0,100,Sell,225493860
2024-07-23 09:43:14,126600.0,200,Sell,225494023
2024-07-23 09:43:17,126700.0,500,Buy,225494075
2024-07-23 09:43:17,126700.0,100,Buy,225494076
2024-07-23 09:43:17,126700.0,100,Buy,225494077
2024-07-23 09:43:17,126700.0,100,Buy,225494078
2024-07-23 09:43:17,126700.0,600,Buy,225494079
2024-07-23 09:43:17,126700.0,500,Buy,225494080
2024-07-23 09:43:17,126700.0,500,Buy,225494081
2024-07-23 09:43:17,126700.0,500,Buy,225494082
2024-07-23 09:43:17,126700.0,1100,Buy,225494083
2024-07-23 09:43:17,126700.0,800,Buy,225494091
2024-07-23 09:43:17,126700.0,200,Buy,225494092
2024-07-23 09:43:24,126600.0,200,Sell,225494239
2024-07-23 09:43:29,126700.0,100,Buy,225494351
2024-07-23 09:43:31,126700.0,500,Buy,225494385
2024-07-23 09:43:31,126700.0,100,Buy,225494384
2024-07-23 09:43:32,126700.0,100,Buy,225494406
2024-07-23 09:43:32,126700.0,300,Buy,225494410
2024-07-23 09:43:33,126700.0,300,Buy,225494425
2024-07-23 09:43:34,126700.0,100,Buy,225494440
2024-07-23 09:43:35,126700.0,400,Buy,225494449
2024-07-23 09:43:38,126600.0,100,Sell,225494505
2024-07-23 09:43:38,126700.0,700,Buy,225494515
2024-07-23 09:43:39,126600.0,1200,Sell,225494516
2024-07-23 09:43:39,126600.0,2100,Sell,225494517
2024-07-23 09:43:39,126600.0,1700,Sell,225494518
2024-07-23 09:43:42,126700.0,200,Buy,225494613
2024-07-23 09:43:42,126700.0,100,Buy,225494612
2024-07-23 09:43:42,126700.0,200,Buy,225494611
2024-07-23 09:43:42,126700.0,100,Buy,225494610
2024-07-23 09:43:42,126700.0,100,Buy,225494608
2024-07-23 09:43:42,126700.0,100,Buy,225494609
2024-07-23 09:43:42,126700.0,100,Buy,225494606
2024-07-23 09:43:42,126700.0,300,Buy,225494601
2024-07-23 09:43:42,126700.0,100,Buy,225494602
2024-07-23 09:43:42,126700.0,1000,Buy,225494607
2024-07-23 09:43:42,126700.0,400,Buy,225494604
2024-07-23 09:43:42,126700.0,100,Buy,225494605
2024-07-23 09:43:42,126700.0,100,Buy,225494603
2024-07-23 09:43:43,126700.0,100,Buy,225494629
2024-07-23 09:43:44,126700.0,300,Buy,225494637
2024-07-23 09:43:49,126700.0,100,Buy,225494755
2024-07-23 09:43:49,126700.0,100,Buy,225494757
2024-07-23 09:43:49,126700.0,200,Buy,225494758
2024-07-23 09:43:49,126700.0,600,Buy,225494756
2024-07-23 09:43:51,126700.0,4800,Buy,225494895
2024-07-23 09:43:52,126700.0,100,Sell,225494907
2024-07-23 09:43:55,126700.0,100,Sell,225494940
2024-07-23 09:43:55,126700.0,100,Buy,225494943
2024-07-23 09:43:56,126700.0,1800,Buy,225494960
2024-07-23 09:43:56,126600.0,200,Sell,225494959
2024-07-23 09:44:01,126700.0,3200,Sell,225495068
2024-07-23 09:44:01,126700.0,300,Sell,225495069
2024-07-23 09:44:05,126700.0,100,Buy,225495168
2024-07-23 09:44:08,126600.0,100,Sell,225495229
2024-07-23 09:44:11,126600.0,1200,Sell,225495278
2024-07-23 09:44:11,126600.0,5000,Sell,225495277
2024-07-23 09:44:11,126600.0,100,Sell,225495276
2024-07-23 09:44:11,126600.0,100,Sell,225495275
2024-07-23 09:44:11,126600.0,100,Sell,225495274
2024-07-23 09:44:11,126600.0,200,Sell,225495272
2024-07-23 09:44:11,126600.0,500,Sell,225495271
2024-07-23 09:44:11,126600.0,100,Sell,225495270
2024-07-23 09:44:11,126600.0,2100,Sell,225495269
2024-07-23 09:44:11,126600.0,100,Sell,225495268
2024-07-23 09:44:11,126600.0,500,Sell,225495273
2024-07-23 09:44:13,126700.0,1400,Buy,225495323
2024-07-23 09:44:13,126700.0,1600,Buy,225495324
2024-07-23 09:44:14,126700.0,200,Buy,225495344
2024-07-23 09:44:14,126700.0,100,Buy,225495341
2024-07-23 09:44:14,126700.0,200,Buy,225495338
2024-07-23 09:44:14,126700.0,100,Buy,225495340
2024-07-23 09:44:14,126700.0,500,Buy,225495339
2024-07-23 09:44:15,126700.0,200,Buy,225495355
2024-07-23 09:44:16,126700.0,1000,Buy,225495387
2024-07-23 09:44:23,126700.0,500,Buy,225495549
2024-07-23 09:44:27,126700.0,100,Buy,225495621
2024-07-23 09:44:28,126600.0,100,Sell,225495648
2024-07-23 09:44:28,126600.0,100,Sell,225495649
2024-07-23 09:44:30,126700.0,100,Buy,225495728
2024-07-23 09:44:32,126700.0,100,Buy,225495755
2024-07-23 09:44:37,126700.0,200,Buy,225495826
2024-07-23 09:44:37,126600.0,100,Sell,225495836
2024-07-23 09:44:39,126600.0,100,Sell,225495882
2024-07-23 09:44:52,126600.0,4400,Sell,225496154
2024-07-23 09:44:52,126600.0,200,Sell,225496153
2024-07-23 09:44:52,126600.0,300,Sell,225496152
2024-07-23 09:44:52,126600.0,100,Sell,225496151
2024-07-23 09:44:52,126600.0,100,Sell,225496149
2024-07-23 09:44:52,126600.0,2100,Sell,225496148
2024-07-23 09:44:52,126600.0,1200,Sell,225496147
2024-07-23 09:44:52,126600.0,2100,Sell,225496150
2024-07-23 09:44:53,126600.0,100,Buy,225496167
2024-07-23 09:44:55,126600.0,200,Buy,225496267
2024-07-23 09:44:56,126600.0,3300,Buy,225496305
2024-07-23 09:44:58,126500.0,200,Sell,225496374
2024-07-23 09:45:07,126600.0,300,Buy,225496517
2024-07-23 09:45:11,126500.0,100,Sell,225496589
2024-07-23 09:45:22,126600.0,100,Buy,225496784
2024-07-23 09:45:23,126600.0,100,Buy,225496817
2024-07-23 09:45:25,126600.0,400,Buy,225496845
2024-07-23 09:45:29,126500.0,200,Sell,225496913
2024-07-23 09:45:31,126600.0,100,Buy,225496974
2024-07-23 09:45:34,126600.0,100,Buy,225497036
2024-07-23 09:45:41,126500.0,100,Sell,225497172
2024-07-23 09:45:42,126500.0,100,Sell,225497223
2024-07-23 09:45:48,126600.0,100,Buy,225497350
2024-07-23 09:45:48,126500.0,300,Sell,225497363
2024-07-23 09:45:58,126600.0,3300,Buy,225497661
2024-07-23 09:46:00,126500.0,200,Sell,225497695
2024-07-23 09:46:08,126500.0,200,Sell,225497824
2024-07-23 09:46:08,126500.0,100,Sell,225497823
2024-07-23 09:46:08,126500.0,100,Sell,225497821
2024-07-23 09:46:08,126500.0,500,Sell,225497820
2024-07-23 09:46:08,126500.0,100,Sell,225497822
2024-07-23 09:46:13,126500.0,100,Sell,225497933
2024-07-23 09:46:16,126500.0,100,Sell,225497997
2024-07-23 09:46:16,126500.0,400,Sell,225497993
2024-07-23 09:46:16,126500.0,100,Sell,225497994
2024-07-23 09:46:16,126500.0,100,Sell,225497995
2024-07-23 09:46:16,126500.0,100,Sell,225497996
2024-07-23 09:46:16,126500.0,600,Sell,225497998
2024-07-23 09:46:19,126600.0,100,Buy,225498049
2024-07-23 09:46:24,126600.0,100,Buy,225498124
2024-07-23 09:46:30,126500.0,100,Sell,225498230
2024-07-23 09:46:31,126500.0,200,Sell,225498241
2024-07-23 09:46:36,126600.0,100,Buy,225498342
2024-07-23 09:46:38,126600.0,300,Buy,225498370
2024-07-23 09:46:41,126500.0,100,Sell,225498410
2024-07-23 09:46:41,126500.0,100,Sell,225498411
2024-07-23 09:46:41,126500.0,200,Sell,225498412
2024-07-23 09:46:41,126500.0,500,Sell,225498413
2024-07-23 09:46:41,126500.0,100,Sell,225498414
2024-07-23 09:46:41,126500.0,100,Sell,225498415
2024-07-23 09:46:44,126500.0,100,Sell,225498446
2024-07-23 09:46:48,126500.0,100,Sell,225498513
2024-07-23 09:46:51,126600.0,100,Buy,225498579
2024-07-23 09:46:55,126600.0,100,Buy,225498650
2024-07-23 09:46:56,126600.0,100,Buy,225498657
2024-07-23 09:46:56,126500.0,200,Sell,225498668
2024-07-23 09:46:56,126500.0,100,Sell,225498669
2024-07-23 09:46:56,126500.0,100,Sell,225498670
2024-07-23 09:46:56,126500.0,200,Sell,225498671
2024-07-23 09:46:56,126500.0,400,Sell,225498672
2024-07-23 09:47:02,126600.0,200,Buy,225498816
2024-07-23 09:47:02,126600.0,100,Buy,225498815
2024-07-23 09:47:02,126600.0,300,Buy,225498811
2024-07-23 09:47:02,126600.0,200,Buy,225498814
2024-07-23 09:47:02,126600.0,1800,Buy,225498813
2024-07-23 09:47:02,126600.0,1200,Buy,225498812
2024-07-23 09:47:02,126600.0,300,Buy,225498810
2024-07-23 09:47:02,126600.0,100,Buy,225498804
2024-07-23 09:47:02,126600.0,1000,Buy,225498808
2024-07-23 09:47:02,126600.0,100,Buy,225498807
2024-07-23 09:47:02,126600.0,100,Buy,225498806
2024-07-23 09:47:02,126600.0,200,Buy,225498805
2024-07-23 09:47:02,126600.0,100,Buy,225498803
2024-07-23 09:47:02,126600.0,500,Buy,225498802
2024-07-23 09:47:02,126600.0,300,Buy,225498809
2024-07-23 09:47:03,126600.0,200,Sell,225498835
2024-07-23 09:47:03,126600.0,100,Sell,225498836
2024-07-23 09:47:10,126600.0,100,Sell,225498975
2024-07-23 09:47:15,126600.0,100,Sell,225499067
2024-07-23 09:47:16,126600.0,100,Sell,225499085
2024-07-23 09:47:29,126600.0,500,Sell,225499326
2024-07-23 09:47:29,126600.0,100,Sell,225499329
2024-07-23 09:47:29,126600.0,100,Sell,225499328
2024-07-23 09:47:29,126600.0,100,Sell,225499327
2024-07-23 09:47:29,126600.0,200,Sell,225499325
2024-07-23 09:47:29,126600.0,1600,Sell,225499323
2024-07-23 09:47:29,126600.0,5000,Sell,225499322
2024-07-23 09:47:29,126600.0,1000,Sell,225499321
2024-07-23 09:47:29,126600.0,5000,Sell,225499320
2024-07-23 09:47:29,126600.0,2900,Sell,225499319
2024-07-23 09:47:29,126600.0,100,Sell,225499324
2024-07-23 09:47:30,126700.0,100,Buy,225499376
2024-07-23 09:47:30,126700.0,100,Buy,225499383
2024-07-23 09:47:30,126700.0,4300,Buy,225499382
2024-07-23 09:47:30,126700.0,200,Buy,225499381
2024-07-23 09:47:30,126700.0,1000,Buy,225499380
2024-07-23 09:47:30,126700.0,500,Buy,225499379
2024-07-23 09:47:30,126700.0,100,Buy,225499378
2024-07-23 09:47:30,126700.0,100,Buy,225499377
2024-07-23 09:47:30,126700.0,1000,Buy,225499375
2024-07-23 09:47:30,126700.0,100,Buy,225499366
2024-07-23 09:47:30,126700.0,100,Buy,225499373
2024-07-23 09:47:30,126700.0,200,Buy,225499374
2024-07-23 09:47:30,126700.0,100,Buy,225499365
2024-07-23 09:47:30,126700.0,100,Buy,225499367
2024-07-23 09:47:30,126700.0,2000,Buy,225499368
2024-07-23 09:47:30,126700.0,100,Buy,225499364
2024-07-23 09:47:30,126700.0,400,Buy,225499370
2024-07-23 09:47:30,126700.0,300,Buy,225499371
2024-07-23 09:47:30,126700.0,100,Buy,225499372
2024-07-23 09:47:30,126700.0,100,Buy,225499369
2024-07-23 09:47:34,126700.0,6000,Sell,225499427
2024-07-23 09:47:35,126700.0,200,Sell,225499453
2024-07-23 09:47:36,126800.0,100,Buy,225499480
2024-07-23 09:47:36,126700.0,200,Sell,225499481
2024-07-23 09:47:37,126700.0,100,Sell,225499496
2024-07-23 09:47:42,126700.0,1000,Sell,225499555
2024-07-23 09:47:43,126600.0,100,Sell,225499582
2024-07-23 09:47:43,126700.0,1000,Sell,225499580
2024-07-23 09:47:43,126600.0,100,Sell,225499581
2024-07-23 09:47:44,126600.0,100,Buy,225499599
2024-07-23 09:47:45,126600.0,3000,Buy,225499616
2024-07-23 09:47:46,126800.0,800,Buy,225499653
2024-07-23 09:47:46,126800.0,1600,Buy,225499654
2024-07-23 09:47:46,126800.0,100,Buy,225499655
2024-07-23 09:47:46,126800.0,100,Buy,225499656
2024-07-23 09:47:46,126800.0,100,Buy,225499657
2024-07-23 09:47:46,126800.0,100,Buy,225499652
2024-07-23 09:47:46,126800.0,100,Buy,225499659
2024-07-23 09:47:46,126800.0,500,Buy,225499660
2024-07-23 09:47:46,126800.0,100,Buy,225499661
2024-07-23 09:47:46,126800.0,3000,Buy,225499662
2024-07-23 09:47:46,126800.0,300,Buy,225499663
2024-07-23 09:47:46,126800.0,3600,Buy,225499664
2024-07-23 09:47:46,126800.0,100,Sell,225499665
2024-07-23 09:47:46,126800.0,1000,Buy,225499658
2024-07-23 09:47:46,126800.0,1000,Buy,225499651
2024-07-23 09:47:46,126800.0,100,Buy,225499642
2024-07-23 09:47:46,126800.0,800,Buy,225499649
2024-07-23 09:47:46,126600.0,19300,Buy,225499634
2024-07-23 09:47:46,126800.0,100,Buy,225499635
2024-07-23 09:47:46,126800.0,100,Buy,225499636
2024-07-23 09:47:46,126800.0,9000,Buy,225499637
2024-07-23 09:47:46,126800.0,100,Buy,225499638
2024-07-23 09:47:46,126800.0,300,Buy,225499639
2024-07-23 09:47:46,126800.0,100,Buy,225499650
2024-07-23 09:47:46,126800.0,1000,Buy,225499641
2024-07-23 09:47:46,126800.0,200,Buy,225499643
2024-07-23 09:47:46,126800.0,1000,Buy,225499644
2024-07-23 09:47:46,126800.0,100,Buy,225499645
2024-07-23 09:47:46,126800.0,1200,Buy,225499646
2024-07-23 09:47:46,126800.0,1000,Buy,225499648
2024-07-23 09:47:46,126800.0,200,Buy,225499640
2024-07-23 09:47:51,126800.0,400,Sell,225499746
2024-07-23 09:47:55,126800.0,100,Sell,225499836
2024-07-23 09:47:56,126800.0,2400,Sell,225499859
2024-07-23 09:47:56,126800.0,100,Sell,225499860
2024-07-23 09:47:58,126800.0,100,Sell,225499888
2024-07-23 09:48:07,126600.0,200,Sell,225500070
2024-07-23 09:48:15,126800.0,100,Buy,225500192
2024-07-23 09:48:18,126600.0,100,Sell,225500244
2024-07-23 09:48:29,126800.0,100,Buy,225500460
2024-07-23 09:48:29,126800.0,100,Buy,225500458
2024-07-23 09:48:29,126800.0,700,Sell,225500461
2024-07-23 09:48:29,126800.0,100,Buy,225500456
2024-07-23 09:48:29,126800.0,2000,Buy,225500457
2024-07-23 09:48:29,126800.0,100,Buy,225500455
2024-07-23 09:48:38,126800.0,200,Sell,225500611
2024-07-23 09:48:45,126800.0,100,Sell,225500759
2024-07-23 09:48:45,126800.0,100,Sell,225500758
2024-07-23 09:48:45,126800.0,1700,Sell,225500756
2024-07-23 09:48:45,126800.0,100,Sell,225500757
2024-07-23 09:48:49,126700.0,100,Sell,225500835
2024-07-23 09:48:54,126800.0,100,Sell,225500914
2024-07-23 09:49:00,126800.0,100,Sell,225501023
2024-07-23 09:49:02,126800.0,100,Sell,225501059
2024-07-23 09:49:03,126800.0,100,Sell,225501121
2024-07-23 09:49:03,126800.0,100,Sell,225501122
2024-07-23 09:49:03,126800.0,500,Sell,225501123
2024-07-23 09:49:07,126800.0,100,Buy,225501176
2024-07-23 09:49:08,126700.0,200,Sell,225501194
2024-07-23 09:49:08,126700.0,600,Sell,225501190
2024-07-23 09:49:17,126800.0,500,Buy,225501353
2024-07-23 09:49:17,126800.0,600,Buy,225501352
2024-07-23 09:49:20,126800.0,100,Buy,225501376
2024-07-23 09:49:20,126700.0,100,Sell,225501384
2024-07-23 09:49:25,126800.0,1000,Buy,225501479
2024-07-23 09:49:27,126800.0,100,Buy,225501506
2024-07-23 09:49:38,126700.0,200,Sell,225501671
2024-07-23 09:49:42,126700.0,100,Sell,225501741
2024-07-23 09:49:52,126800.0,200,Buy,225501923
2024-07-23 09:49:52,126800.0,100,Sell,225501925
2024-07-23 09:49:52,126800.0,100,Buy,225501924
2024-07-23 09:49:52,126800.0,1000,Buy,225501921
2024-07-23 09:49:52,126800.0,500,Buy,225501920
2024-07-23 09:49:52,126800.0,800,Buy,225501918
2024-07-23 09:49:52,126800.0,500,Buy,225501922
2024-07-23 09:49:52,126800.0,1000,Buy,225501919
2024-07-23 09:49:53,126800.0,100,Sell,225501932
2024-07-23 09:49:56,126800.0,200,Sell,225502037
2024-07-23 09:49:59,126800.0,100,Sell,225502098
2024-07-23 09:50:05,126800.0,100,Sell,225502163
2024-07-23 09:50:11,126800.0,200,Sell,225502251
2024-07-23 09:50:14,126800.0,5000,Sell,225502300
2024-07-23 09:50:22,126800.0,100,Sell,225502448
2024-07-23 09:50:25,126800.0,100,Sell,225502484
2024-07-23 09:50:36,126900.0,100,Buy,225502656
2024-07-23 09:50:36,126900.0,500,Buy,225502654
2024-07-23 09:50:36,126900.0,100,Buy,225502655
2024-07-23 09:50:39,126900.0,100,Buy,225502705
2024-07-23 09:50:40,126900.0,2100,Buy,225502736
2024-07-23 09:50:40,126900.0,100,Buy,225502726
2024-07-23 09:50:40,126900.0,1000,Buy,225502727
2024-07-23 09:50:40,126900.0,300,Buy,225502728
2024-07-23 09:50:40,126900.0,100,Buy,225502729
2024-07-23 09:50:40,126900.0,100,Buy,225502730
2024-07-23 09:50:40,126900.0,1000,Buy,225502731
2024-07-23 09:50:40,126900.0,100,Buy,225502732
2024-07-23 09:50:40,126900.0,100,Buy,225502733
2024-07-23 09:50:40,126900.0,100,Buy,225502734
2024-07-23 09:50:40,126900.0,5000,Buy,225502735
2024-07-23 09:50:43,126800.0,200,Sell,225502802
2024-07-23 09:50:45,126800.0,100,Sell,225502825
2024-07-23 09:50:45,126800.0,100,Sell,225502826
2024-07-23 09:50:45,126800.0,300,Sell,225502824
2024-07-23 09:50:46,127000.0,100,Buy,225502920
2024-07-23 09:50:46,127000.0,200,Buy,225502919
2024-07-23 09:50:46,127000.0,100,Buy,225502918
2024-07-23 09:50:46,127000.0,1000,Buy,225502917
2024-07-23 09:50:46,127000.0,2000,Buy,225502916
2024-07-23 09:50:46,127000.0,100,Buy,225502915
2024-07-23 09:50:46,127000.0,300,Buy,225502914
2024-07-23 09:50:46,127000.0,200,Buy,225502913
2024-07-23 09:50:46,127000.0,200,Buy,225502912
2024-07-23 09:50:46,127000.0,100,Buy,225502911
2024-07-23 09:50:46,127000.0,500,Buy,225502909
2024-07-23 09:50:46,127000.0,100,Buy,225502908
2024-07-23 09:50:46,127000.0,200,Buy,225502907
2024-07-23 09:50:46,127000.0,100,Buy,225502906
2024-07-23 09:50:46,127000.0,500,Buy,225502905
2024-07-23 09:50:46,127000.0,500,Buy,225502904
2024-07-23 09:50:46,127000.0,2000,Buy,225502921
2024-07-23 09:50:46,127000.0,300,Buy,225502902
2024-07-23 09:50:46,127000.0,100,Buy,225502901
2024-07-23 09:50:46,127000.0,2000,Buy,225502900
2024-07-23 09:50:46,127000.0,100,Buy,225502899
2024-07-23 09:50:46,127000.0,100,Buy,225502910
2024-07-23 09:50:46,127000.0,5000,Buy,225502922
2024-07-23 09:50:46,127000.0,100,Buy,225502898
2024-07-23 09:50:46,127000.0,100,Buy,225502924
2024-07-23 09:50:46,127000.0,200,Buy,225502946
2024-07-23 09:50:46,127000.0,700,Buy,225502945
2024-07-23 09:50:46,127000.0,100,Buy,225502944
2024-07-23 09:50:46,127000.0,100,Buy,225502943
2024-07-23 09:50:46,127000.0,1000,Buy,225502942
2024-07-23 09:50:46,127000.0,300,Buy,225502941
2024-07-23 09:50:46,127000.0,400,Buy,225502940
2024-07-23 09:50:46,127000.0,1000,Buy,225502939
2024-07-23 09:50:46,127000.0,11400,Buy,225502938
2024-07-23 09:50:46,127000.0,1000,Buy,225502937
2024-07-23 09:50:46,127000.0,100,Buy,225502923
2024-07-23 09:50:46,127000.0,100,Buy,225502936
2024-07-23 09:50:46,127000.0,400,Buy,225502934
2024-07-23 09:50:46,127000.0,100,Buy,225502933
2024-07-23 09:50:46,127000.0,500,Buy,225502932
2024-07-23 09:50:46,127000.0,200,Buy,225502931
2024-07-23 09:50:46,127000.0,100,Buy,225502930
2024-07-23 09:50:46,127000.0,1000,Buy,225502929
2024-07-23 09:50:46,127000.0,1000,Buy,225502928
2024-07-23 09:50:46,127000.0,2000,Buy,225502927
2024-07-23 09:50:46,127000.0,100,Buy,225502926
2024-07-23 09:50:46,127000.0,100,Buy,225502925
2024-07-23 09:50:46,127000.0,100,Buy,225502935
2024-07-23 09:50:46,127000.0,800,Buy,225502897
2024-07-23 09:50:46,127000.0,300,Buy,225502903
2024-07-23 09:50:46,127000.0,100,Buy,225502895
2024-07-23 09:50:46,127000.0,400,Buy,225502862
2024-07-23 09:50:46,127000.0,2000,Buy,225502861
2024-07-23 09:50:46,127000.0,7000,Buy,225502860
2024-07-23 09:50:46,127000.0,100,Buy,225502859
2024-07-23 09:50:46,127000.0,100,Buy,225502858
2024-07-23 09:50:46,126900.0,100,Buy,225502857
2024-07-23 09:50:46,126900.0,10500,Buy,225502856
2024-07-23 09:50:46,126900.0,500,Buy,225502855
2024-07-23 09:50:46,126900.0,200,Buy,225502854
2024-07-23 09:50:46,126900.0,300,Buy,225502852
2024-07-23 09:50:46,127000.0,500,Buy,225502863
2024-07-23 09:50:46,126900.0,100,Buy,225502851
2024-07-23 09:50:46,126900.0,1000,Buy,225502849
2024-07-23 09:50:46,126900.0,100,Buy,225502848
2024-07-23 09:50:46,126900.0,100,Buy,225502847
2024-07-23 09:50:46,126900.0,200,Buy,225502846
2024-07-23 09:50:46,126900.0,100,Buy,225502845
2024-07-23 09:50:46,126900.0,500,Buy,225502844
2024-07-23 09:50:46,126900.0,100,Buy,225502843
2024-07-23 09:50:46,126900.0,100,Buy,225502842
2024-07-23 09:50:46,126900.0,200,Buy,225502841
2024-07-23 09:50:46,126900.0,2900,Buy,225502840
2024-07-23 09:50:46,126900.0,200,Buy,225502850
2024-07-23 09:50:46,127000.0,200,Buy,225502864
2024-07-23 09:50:46,127000.0,100,Buy,225502896
2024-07-23 09:50:46,127000.0,100,Buy,225502866
2024-07-23 09:50:46,127000.0,500,Buy,225502894
2024-07-23 09:50:46,127000.0,500,Buy,225502893
2024-07-23 09:50:46,127000.0,500,Buy,225502892
2024-07-23 09:50:46,127000.0,100,Buy,225502891
2024-07-23 09:50:46,127000.0,100,Buy,225502890
2024-07-23 09:50:46,127000.0,10000,Buy,225502889
2024-07-23 09:50:46,127000.0,100,Buy,225502888
2024-07-23 09:50:46,127000.0,100,Buy,225502881
2024-07-23 09:50:46,127000.0,10000,Buy,225502879
2024-07-23 09:50:46,127000.0,100,Buy,225502878
2024-07-23 09:50:46,127000.0,100,Buy,225502880
2024-07-23 09:50:46,127000.0,100,Buy,225502876
2024-07-23 09:50:46,127000.0,100,Buy,225502867
2024-07-23 09:50:46,127000.0,1500,Buy,225502868
2024-07-23 09:50:46,127000.0,1000,Buy,225502877
2024-07-23 09:50:46,127000.0,200,Buy,225502870
2024-07-23 09:50:46,127000.0,100,Buy,225502871
2024-07-23 09:50:46,127000.0,1000,Buy,225502869
2024-07-23 09:50:46,127000.0,5000,Buy,225502873
2024-07-23 09:50:46,127000.0,200,Buy,225502874
2024-07-23 09:50:46,127000.0,1000,Buy,225502875
2024-07-23 09:50:46,127000.0,500,Buy,225502872
2024-07-23 09:50:46,127000.0,300,Buy,225502865
2024-07-23 09:50:47,127000.0,100,Buy,225502952
2024-07-23 09:50:50,127000.0,100,Buy,225503016
2024-07-23 09:50:50,127000.0,500,Buy,225503017
2024-07-23 09:50:50,127000.0,400,Buy,225503018
2024-07-23 09:50:55,127000.0,500,Buy,225503107
2024-07-23 09:50:55,127000.0,100,Buy,225503100
2024-07-23 09:50:56,127000.0,100,Buy,225503116
2024-07-23 09:51:03,127100.0,100,Buy,225503283
2024-07-23 09:51:03,127100.0,100,Buy,225503284
2024-07-23 09:51:03,127100.0,100,Buy,225503285
2024-07-23 09:51:03,127100.0,100,Buy,225503286
2024-07-23 09:51:03,127100.0,300,Buy,225503287
2024-07-23 09:51:03,127100.0,200,Buy,225503288
2024-07-23 09:51:03,127100.0,100,Buy,225503289
2024-07-23 09:51:03,127100.0,100,Buy,225503290
2024-07-23 09:51:03,127100.0,100,Buy,225503282
2024-07-23 09:51:04,127000.0,100,Sell,225503306
2024-07-23 09:51:04,127100.0,100,Sell,225503304
2024-07-23 09:51:04,127000.0,200,Sell,225503305
2024-07-23 09:51:16,127100.0,100,Buy,225503612
2024-07-23 09:51:27,127200.0,200,Buy,225503822
2024-07-23 09:51:27,127200.0,300,Buy,225503821
2024-07-23 09:51:27,127200.0,400,Buy,225503820
2024-07-23 09:51:27,127200.0,500,Buy,225503819
2024-07-23 09:51:27,127200.0,100,Buy,225503816
2024-07-23 09:51:27,127200.0,100,Buy,225503817
2024-07-23 09:51:27,127200.0,100,Buy,225503815
2024-07-23 09:51:27,127200.0,1000,Buy,225503814
2024-07-23 09:51:27,127200.0,300,Buy,225503818
2024-07-23 09:51:31,127200.0,200,Buy,225503904
2024-07-23 09:51:31,127200.0,100,Buy,225503905
2024-07-23 09:51:31,127200.0,200,Buy,225503906
2024-07-23 09:51:33,127200.0,100,Buy,225503972
2024-07-23 09:51:34,127200.0,200,Buy,225503993
2024-07-23 09:51:34,127200.0,300,Buy,225503994
2024-07-23 09:51:37,127200.0,100,Buy,225504051
2024-07-23 09:51:37,127200.0,200,Buy,225504049
2024-07-23 09:51:37,127200.0,100,Buy,225504050
2024-07-23 09:51:39,127200.0,200,Sell,225504077
2024-07-23 09:51:42,127200.0,800,Buy,225504130
2024-07-23 09:51:43,127200.0,600,Buy,225504143
2024-07-23 09:51:44,127200.0,100,Buy,225504150
2024-07-23 09:51:44,127200.0,100,Buy,225504163
2024-07-23 09:51:46,127200.0,100,Buy,225504185
2024-07-23 09:51:46,127200.0,3100,Buy,225504187
2024-07-23 09:51:46,127200.0,100,Buy,225504188
2024-07-23 09:51:46,127200.0,100,Sell,225504189
2024-07-23 09:51:47,127200.0,100,Sell,225504201
2024-07-23 09:51:50,127300.0,100,Buy,225504241
2024-07-23 09:51:50,127200.0,500,Sell,225504247
2024-07-23 09:51:50,127200.0,100,Sell,225504251
2024-07-23 09:51:50,127200.0,700,Sell,225504252
2024-07-23 09:51:50,127200.0,600,Sell,225504253
2024-07-23 09:51:51,127300.0,500,Buy,225504268
2024-07-23 09:51:55,127300.0,100,Buy,225504332
2024-07-23 09:51:56,127300.0,400,Buy,225504354
2024-07-23 09:51:58,127200.0,200,Sell,225504376
2024-07-23 09:51:59,127300.0,200,Buy,225504412
2024-07-23 09:52:01,127300.0,100,Buy,225504445
2024-07-23 09:52:04,127300.0,100,Buy,225504478
2024-07-23 09:52:04,127300.0,100,Buy,225504479
2024-07-23 09:52:05,127300.0,100,Buy,225504522
2024-07-23 09:52:06,127300.0,500,Buy,225504526
2024-07-23 09:52:11,127400.0,100,Buy,225504682
2024-07-23 09:52:11,127400.0,100,Buy,225504681
2024-07-23 09:52:11,127300.0,100,Buy,225504676
2024-07-23 09:52:11,127400.0,100,Buy,225504680
2024-07-23 09:52:11,127300.0,100,Buy,225504675
2024-07-23 09:52:11,127300.0,100,Buy,225504669
2024-07-23 09:52:11,127300.0,100,Buy,225504672
2024-07-23 09:52:11,127300.0,200,Buy,225504671
2024-07-23 09:52:11,127300.0,100,Buy,225504670
2024-07-23 09:52:11,127300.0,100,Buy,225504668
2024-07-23 09:52:11,127300.0,200,Buy,225504667
2024-07-23 09:52:11,127300.0,100,Buy,225504674
2024-07-23 09:52:18,127400.0,500,Buy,225504755
2024-07-23 09:52:20,127400.0,100,Buy,225504781
2024-07-23 09:52:20,127400.0,500,Buy,225504782
2024-07-23 09:52:22,127400.0,100,Sell,225504808
2024-07-23 09:52:23,127500.0,500,Buy,225504853
2024-07-23 09:52:23,127500.0,500,Buy,225504855
2024-07-23 09:52:23,127500.0,200,Buy,225504856
2024-07-23 09:52:23,127500.0,200,Buy,225504857
2024-07-23 09:52:23,127500.0,500,Buy,225504859
2024-07-23 09:52:23,127500.0,100,Buy,225504860
2024-07-23 09:52:23,127500.0,100,Buy,225504865
2024-07-23 09:52:23,127500.0,500,Buy,225504862
2024-07-23 09:52:23,127500.0,100,Buy,225504863
2024-07-23 09:52:23,127500.0,1000,Buy,225504864
2024-07-23 09:52:23,127500.0,400,Buy,225504866
2024-07-23 09:52:23,127500.0,500,Buy,225504852
2024-07-23 09:52:23,127500.0,1500,Buy,225504861
2024-07-23 09:52:23,127500.0,500,Buy,225504851
2024-07-23 09:52:23,127500.0,100,Buy,225504854
2024-07-23 09:52:23,127500.0,100,Buy,225504849
2024-07-23 09:52:23,127500.0,200,Buy,225504848
2024-07-23 09:52:23,127500.0,500,Buy,225504850
2024-07-23 09:52:23,127500.0,100,Buy,225504847
2024-07-23 09:52:23,127500.0,100,Buy,225504846
2024-07-23 09:52:23,127500.0,200,Buy,225504845
2024-07-23 09:52:23,127500.0,100,Buy,225504844
2024-07-23 09:52:23,127500.0,100,Buy,225504843
2024-07-23 09:52:23,127500.0,700,Buy,225504842
2024-07-23 09:52:23,127500.0,300,Buy,225504841
2024-07-23 09:52:23,127500.0,100,Buy,225504840
2024-07-23 09:52:23,127500.0,100,Buy,225504839
2024-07-23 09:52:23,127500.0,100,Buy,225504838
2024-07-23 09:52:23,127500.0,500,Buy,225504837
2024-07-23 09:52:23,127500.0,100,Buy,225504836
2024-07-23 09:52:24,127400.0,100,Sell,225504887
2024-07-23 09:52:26,127500.0,100,Buy,225504927
2024-07-23 09:52:26,127500.0,100,Buy,225504928
2024-07-23 09:52:28,127500.0,100,Sell,225504973
2024-07-23 09:52:30,127500.0,100,Sell,225504982
2024-07-23 09:52:34,127500.0,400,Buy,225505071
2024-07-23 09:52:34,127500.0,100,Sell,225505070
2024-07-23 09:52:34,127500.0,600,Sell,225505066
2024-07-23 09:52:34,127500.0,100,Sell,225505068
2024-07-23 09:52:34,127500.0,900,Sell,225505067
2024-07-23 09:52:34,127500.0,100,Sell,225505069
2024-07-23 09:52:39,127500.0,200,Buy,225505173
2024-07-23 09:52:40,127400.0,200,Sell,225505177
2024-07-23 09:52:40,127400.0,200,Sell,225505178
2024-07-23 09:52:40,127400.0,200,Sell,225505179
2024-07-23 09:52:40,127400.0,300,Sell,225505180
2024-07-23 09:52:40,127400.0,100,Sell,225505181
2024-07-23 09:52:41,127400.0,500,Buy,225505200
2024-07-23 09:52:41,127400.0,100,Buy,225505199
2024-07-23 09:52:41,127400.0,400,Buy,225505198
2024-07-23 09:52:45,127400.0,100,Buy,225505264
2024-07-23 09:52:49,127400.0,100,Buy,225505367
2024-07-23 09:52:49,127400.0,4500,Buy,225505368
2024-07-23 09:52:50,127400.0,100,Sell,225505381
2024-07-23 09:52:51,127400.0,300,Sell,225505397
2024-07-23 09:52:53,127500.0,100,Buy,225505462
2024-07-23 09:52:53,127400.0,5700,Sell,225505478
2024-07-23 09:52:53,127400.0,500,Sell,225505479
2024-07-23 09:52:53,127400.0,100,Sell,225505480
2024-07-23 09:52:53,127400.0,100,Buy,225505481
2024-07-23 09:52:57,127300.0,100,Sell,225505564
2024-07-23 09:52:58,127400.0,1000,Buy,225505574
2024-07-23 09:52:59,127400.0,500,Buy,225505583
2024-07-23 09:52:59,127400.0,100,Buy,225505586
2024-07-23 09:52:59,127400.0,200,Buy,225505582
2024-07-23 09:52:59,127400.0,100,Buy,225505584
2024-07-23 09:52:59,127400.0,100,Buy,225505585
2024-07-23 09:53:01,127400.0,500,Buy,225505640
2024-07-23 09:53:01,127400.0,500,Buy,225505651
2024-07-23 09:53:02,127400.0,200,Buy,225505663
2024-07-23 09:53:02,127300.0,700,Sell,225505669
2024-07-23 09:53:02,127300.0,100,Sell,225505670
2024-07-23 09:53:02,127300.0,100,Sell,225505671
2024-07-23 09:53:02,127300.0,100,Sell,225505672
2024-07-23 09:53:02,127300.0,500,Sell,225505673
2024-07-23 09:53:02,127300.0,100,Sell,225505674
2024-07-23 09:53:04,127300.0,900,Buy,225505702
2024-07-23 09:53:04,127300.0,200,Buy,225505701
2024-07-23 09:53:04,127300.0,100,Buy,225505695
2024-07-23 09:53:07,127300.0,100,Buy,225505727
2024-07-23 09:53:08,127300.0,2100,Buy,225505766
2024-07-23 09:53:10,127300.0,500,Sell,225505796
2024-07-23 09:53:15,127300.0,2400,Sell,225505885
2024-07-23 09:53:15,127300.0,100,Sell,225505886
2024-07-23 09:53:20,127300.0,100,Buy,225505987
2024-07-23 09:53:21,127300.0,5000,Buy,225506008
2024-07-23 09:53:24,127300.0,2000,Buy,225506059
2024-07-23 09:53:26,127300.0,300,Buy,225506093
2024-07-23 09:53:29,127300.0,100,Buy,225506161
2024-07-23 09:53:31,127300.0,200,Buy,225506208
2024-07-23 09:53:31,127300.0,100,Buy,225506206
2024-07-23 09:53:35,127300.0,100,Buy,225506260
2024-07-23 09:53:36,127200.0,300,Sell,225506272
2024-07-23 09:53:36,127300.0,100,Buy,225506282
2024-07-23 09:53:39,127200.0,200,Sell,225506325
2024-07-23 09:53:39,127200.0,100,Sell,225506326
2024-07-23 09:53:39,127200.0,100,Sell,225506327
2024-07-23 09:53:41,127200.0,100,Sell,225506370
2024-07-23 09:53:48,127400.0,2500,Buy,225506490
2024-07-23 09:53:48,127400.0,100,Buy,225506489
2024-07-23 09:53:48,127400.0,100,Buy,225506488
2024-07-23 09:53:48,127400.0,100,Buy,225506487
2024-07-23 09:53:48,127400.0,400,Buy,225506486
2024-07-23 09:53:48,127300.0,300,Buy,225506481
2024-07-23 09:53:48,127300.0,100,Buy,225506484
2024-07-23 09:53:48,127300.0,700,Buy,225506483
2024-07-23 09:53:48,127300.0,500,Buy,225506482
2024-07-23 09:53:48,127300.0,100,Buy,225506480
2024-07-23 09:53:48,127300.0,100,Buy,225506485
2024-07-23 09:53:54,127300.0,500,Buy,225506595
2024-07-23 09:53:54,127400.0,2000,Buy,225506596
2024-07-23 09:53:54,127400.0,1300,Buy,225506597
2024-07-23 09:53:57,127200.0,100,Sell,225506629
2024-07-23 09:54:01,127200.0,200,Sell,225506704
2024-07-23 09:54:01,127200.0,100,Sell,225506703
2024-07-23 09:54:13,127200.0,100,Sell,225506915
2024-07-23 09:54:13,127200.0,100,Sell,225506916
2024-07-23 09:54:13,127200.0,700,Sell,225506917
2024-07-23 09:54:18,127200.0,100,Sell,225507041
2024-07-23 09:54:18,127200.0,200,Sell,225507040
2024-07-23 09:54:18,127200.0,100,Sell,225507039
2024-07-23 09:54:18,127200.0,300,Sell,225507038
2024-07-23 09:54:18,127200.0,100,Sell,225507036
2024-07-23 09:54:18,127200.0,500,Sell,225507035
2024-07-23 09:54:18,127200.0,100,Sell,225507037
2024-07-23 09:54:18,127200.0,100,Sell,225507033
2024-07-23 09:54:18,127200.0,200,Sell,225507032
2024-07-23 09:54:18,127200.0,100,Sell,225507034
2024-07-23 09:54:18,127200.0,100,Sell,225507031
2024-07-23 09:54:18,127200.0,100,Sell,225507030
2024-07-23 09:54:18,127200.0,100,Sell,225507029
2024-07-23 09:54:18,127200.0,2000,Sell,225507028
2024-07-23 09:54:18,127200.0,1300,Sell,225507027
2024-07-23 09:54:20,127200.0,100,Buy,225507079
2024-07-23 09:54:24,127100.0,100,Sell,225507136
2024-07-23 09:54:24,127100.0,200,Sell,225507135
2024-07-23 09:54:27,127200.0,200,Buy,225507216
2024-07-23 09:54:31,127100.0,100,Sell,225507264
2024-07-23 09:54:31,127100.0,500,Sell,225507265
2024-07-23 09:54:31,127100.0,100,Sell,225507266
2024-07-23 09:54:31,127100.0,100,Sell,225507267
2024-07-23 09:54:31,127100.0,100,Sell,225507268
2024-07-23 09:54:31,127100.0,400,Sell,225507269
2024-07-23 09:54:31,127100.0,500,Sell,225507270
2024-07-23 09:54:31,127100.0,900,Sell,225507271
2024-07-23 09:54:37,127100.0,800,Sell,225507456
2024-07-23 09:54:37,127100.0,700,Sell,225507457
2024-07-23 09:54:41,127100.0,400,Sell,225507504
2024-07-23 09:54:43,127100.0,1100,Sell,225507559
2024-07-23 09:54:46,127100.0,300,Sell,225507609
2024-07-23 09:54:47,127000.0,100,Sell,225507641
2024-07-23 09:54:47,127000.0,2000,Sell,225507642
2024-07-23 09:54:47,127000.0,400,Sell,225507643
2024-07-23 09:54:47,127000.0,100,Sell,225507644
2024-07-23 09:54:47,127000.0,1000,Sell,225507645
2024-07-23 09:54:47,127000.0,500,Sell,225507646
2024-07-23 09:54:47,127000.0,100,Sell,225507648
2024-07-23 09:54:47,127000.0,100,Sell,225507649
2024-07-23 09:54:47,127000.0,100,Sell,225507650
2024-07-23 09:54:47,127000.0,500,Sell,225507651
2024-07-23 09:54:47,127000.0,3000,Sell,225507652
2024-07-23 09:54:47,127000.0,400,Sell,225507653
2024-07-23 09:54:47,127000.0,2000,Sell,225507640
2024-07-23 09:54:47,127000.0,100,Sell,225507647
2024-07-23 09:54:47,127000.0,500,Sell,225507654
2024-07-23 09:54:47,127000.0,100,Sell,225507639
2024-07-23 09:54:47,127000.0,1900,Sell,225507637
2024-07-23 09:54:47,127100.0,800,Sell,225507620
2024-07-23 09:54:47,127100.0,800,Sell,225507621
2024-07-23 09:54:47,127100.0,2000,Sell,225507622
2024-07-23 09:54:47,127100.0,200,Sell,225507623
2024-07-23 09:54:47,127100.0,500,Sell,225507624
2024-07-23 09:54:47,127100.0,100,Sell,225507625
2024-07-23 09:54:47,127000.0,20000,Sell,225507638
2024-07-23 09:54:47,127100.0,200,Sell,225507627
2024-07-23 09:54:47,127100.0,100,Sell,225507628
2024-07-23 09:54:47,127100.0,100,Sell,225507629
2024-07-23 09:54:47,127100.0,100,Sell,225507630
2024-07-23 09:54:47,127000.0,100,Sell,225507631
2024-07-23 09:54:47,127000.0,300,Sell,225507636
2024-07-23 09:54:47,127100.0,100,Sell,225507626
2024-07-23 09:54:52,127000.0,100,Buy,225507739
2024-07-23 09:54:54,127000.0,100,Buy,225507756
2024-07-23 09:54:55,127000.0,500,Buy,225507788
2024-07-23 09:54:57,127000.0,100,Buy,225507824
2024-07-23 09:55:02,127000.0,200,Buy,225507907
2024-07-23 09:55:05,127000.0,400,Buy,225507983
2024-07-23 09:55:07,126900.0,300,Sell,225508019
2024-07-23 09:55:07,126900.0,8700,Sell,225508020
2024-07-23 09:55:08,126900.0,300,Sell,225508023
2024-07-23 09:55:08,126900.0,100,Sell,225508024
2024-07-23 09:55:13,126900.0,4700,Sell,225508123
2024-07-23 09:55:14,127000.0,100,Buy,225508136
2024-07-23 09:55:16,126900.0,1200,Sell,225508162
2024-07-23 09:55:17,127000.0,100,Buy,225508179
2024-07-23 09:55:17,126900.0,200,Sell,225508180
2024-07-23 09:55:22,126900.0,100,Sell,225508237
2024-07-23 09:55:24,126900.0,1000,Sell,225508265
2024-07-23 09:55:25,127000.0,1000,Buy,225508291
2024-07-23 09:55:29,126900.0,300,Sell,225508372
2024-07-23 09:55:32,126900.0,100,Sell,225508435
2024-07-23 09:55:47,126900.0,100,Sell,225508600
2024-07-23 09:55:47,126900.0,500,Sell,225508599
2024-07-23 09:55:47,126900.0,1000,Sell,225508597
2024-07-23 09:55:47,126900.0,3300,Sell,225508596
2024-07-23 09:55:47,126900.0,100,Sell,225508598
2024-07-23 09:55:49,126900.0,200,Sell,225508618
2024-07-23 09:55:49,126900.0,100,Sell,225508619
2024-07-23 09:55:49,126900.0,200,Sell,225508620
2024-07-23 09:55:51,126900.0,300,Sell,225508672
2024-07-23 09:55:53,126900.0,100,Sell,225508692
2024-07-23 09:55:56,126900.0,100,Sell,225508731
2024-07-23 09:55:59,126900.0,300,Sell,225508786
2024-07-23 09:55:59,126900.0,100,Sell,225508785
2024-07-23 09:55:59,126900.0,100,Sell,225508784
2024-07-23 09:55:59,126900.0,100,Sell,225508780
2024-07-23 09:55:59,126900.0,100,Sell,225508782
2024-07-23 09:55:59,126900.0,100,Sell,225508781
2024-07-23 09:55:59,126900.0,100,Sell,225508779
2024-07-23 09:55:59,126900.0,100,Sell,225508783
2024-07-23 09:56:08,126900.0,200,Sell,225508916
2024-07-23 09:56:10,126900.0,100,Buy,225508941
2024-07-23 09:56:10,126900.0,200,Buy,225508939
2024-07-23 09:56:10,126900.0,500,Buy,225508940
2024-07-23 09:56:13,126900.0,100,Sell,225508973
2024-07-23 09:56:13,126900.0,100,Sell,225508974
2024-07-23 09:56:13,126900.0,100,Sell,225508975
2024-07-23 09:56:19,126900.0,100,Buy,225509079
2024-07-23 09:56:20,126900.0,100,Buy,225509097
2024-07-23 09:56:23,126900.0,100,Buy,225509127
2024-07-23 09:56:33,126900.0,100,Buy,225509304
2024-07-23 09:56:34,126900.0,200,Buy,225509329
