time,price,volume,match_type,id
2024-08-21 09:14:37,130600.0,32300,ATO/ATC,233327145
2024-08-21 09:14:40,131000.0,500,Buy,233327450
2024-08-21 09:14:42,131000.0,100,Buy,233327551
2024-08-21 09:14:56,130600.0,200,Sell,233327941
2024-08-21 09:15:24,130600.0,100,Sell,233328768
2024-08-21 09:15:35,130600.0,200,Sell,233329165
2024-08-21 09:15:35,130700.0,100,Sell,233329162
2024-08-21 09:15:35,130700.0,200,Sell,233329163
2024-08-21 09:15:35,130600.0,100,Sell,233329164
2024-08-21 09:15:42,130700.0,200,Sell,233329401
2024-08-21 09:15:42,130700.0,100,Buy,233329390
2024-08-21 09:15:43,130600.0,100,Sell,233329434
2024-08-21 09:15:43,130600.0,200,Sell,233329437
2024-08-21 09:15:43,130600.0,200,Sell,233329433
2024-08-21 09:15:43,130600.0,100,Sell,233329435
2024-08-21 09:15:43,130600.0,100,Sell,233329436
2024-08-21 09:15:49,130700.0,100,Buy,233329815
2024-08-21 09:15:53,130600.0,200,Sell,233329918
2024-08-21 09:15:53,130700.0,1700,Buy,233329919
2024-08-21 09:15:53,130700.0,900,Sell,233329923
2024-08-21 09:16:09,130700.0,500,Sell,233330517
2024-08-21 09:16:13,130900.0,500,Buy,233330658
2024-08-21 09:16:13,130900.0,500,Buy,233330659
2024-08-21 09:16:15,130900.0,700,Sell,233330788
2024-08-21 09:16:24,130900.0,100,Sell,233331109
2024-08-21 09:16:24,130900.0,100,Sell,233331110
2024-08-21 09:16:26,130900.0,500,Sell,233331166
2024-08-21 09:16:35,131000.0,500,Buy,233331494
2024-08-21 09:16:35,131000.0,500,Buy,233331495
2024-08-21 09:16:42,130900.0,100,Sell,233331761
2024-08-21 09:16:42,131000.0,100,Buy,233331767
2024-08-21 09:16:50,130900.0,200,Sell,233332054
2024-08-21 09:16:52,130900.0,100,Sell,233332145
2024-08-21 09:16:52,130900.0,100,Sell,233332146
2024-08-21 09:17:06,131000.0,1400,Buy,233332888
2024-08-21 09:17:06,131000.0,100,Buy,233332889
2024-08-21 09:17:06,131000.0,500,Buy,233332890
2024-08-21 09:17:09,131000.0,100,Buy,233333019
2024-08-21 09:17:09,131000.0,100,Buy,233333018
2024-08-21 09:17:09,131000.0,100,Buy,233333016
2024-08-21 09:17:09,131000.0,100,Buy,233333002
2024-08-21 09:17:09,131000.0,100,Buy,233333017
2024-08-21 09:17:17,131000.0,100,Sell,233333408
2024-08-21 09:17:28,131000.0,200,Sell,233333786
2024-08-21 09:17:32,131000.0,100,Sell,233333986
2024-08-21 09:17:38,131000.0,1000,Sell,233334278
2024-08-21 09:17:41,131000.0,500,Sell,233334410
2024-08-21 09:17:42,131200.0,100,Buy,233334415
2024-08-21 09:17:47,131000.0,100,Sell,233334674
2024-08-21 09:17:49,131000.0,500,Sell,233334751
2024-08-21 09:17:53,131200.0,200,Buy,233334881
2024-08-21 09:17:53,131200.0,100,Buy,233334880
2024-08-21 09:17:53,131200.0,200,Buy,233334879
2024-08-21 09:18:11,131000.0,100,Sell,233335520
2024-08-21 09:18:20,131100.0,200,Sell,233335895
2024-08-21 09:18:20,131000.0,300,Sell,233335896
2024-08-21 09:18:20,131000.0,2300,Sell,233335909
2024-08-21 09:18:23,131100.0,100,Buy,233336018
2024-08-21 09:18:32,131100.0,3000,Sell,233336325
2024-08-21 09:18:33,131100.0,400,Buy,233336378
2024-08-21 09:18:35,131100.0,200,Buy,233336482
2024-08-21 09:18:42,131100.0,3000,Buy,233336752
2024-08-21 09:18:43,131100.0,100,Buy,233336775
2024-08-21 09:18:44,131000.0,200,Sell,233336874
2024-08-21 09:18:46,131100.0,1000,Buy,233336960
2024-08-21 09:18:47,131000.0,500,Sell,233337019
2024-08-21 09:18:47,131000.0,6600,Sell,233337026
2024-08-21 09:18:47,131000.0,500,Sell,233337025
2024-08-21 09:18:47,131000.0,100,Sell,233337024
2024-08-21 09:18:47,131000.0,1400,Sell,233337018
2024-08-21 09:18:47,131000.0,100,Sell,233337022
2024-08-21 09:18:47,131000.0,1000,Sell,233337021
2024-08-21 09:18:47,131000.0,100,Sell,233337020
2024-08-21 09:18:47,131000.0,100,Sell,233337023
2024-08-21 09:18:53,131000.0,100,Buy,233337228
2024-08-21 09:18:55,131000.0,500,Buy,233337332
2024-08-21 09:18:59,130900.0,200,Sell,233337523
2024-08-21 09:18:59,130900.0,300,Sell,233337522
2024-08-21 09:18:59,130900.0,500,Sell,233337521
2024-08-21 09:19:01,131000.0,100,Buy,233337595
2024-08-21 09:19:02,131000.0,500,Buy,233337663
2024-08-21 09:19:06,130900.0,200,Sell,233337867
2024-08-21 09:19:06,130900.0,100,Sell,233337868
2024-08-21 09:19:06,130900.0,200,Sell,233337869
2024-08-21 09:19:06,130900.0,300,Sell,233337870
2024-08-21 09:19:06,130900.0,100,Sell,233337871
2024-08-21 09:19:06,130900.0,100,Sell,233337872
2024-08-21 09:19:09,131000.0,100,Buy,233338006
2024-08-21 09:19:09,130900.0,100,Sell,233338028
2024-08-21 09:19:19,130900.0,700,Sell,233338369
2024-08-21 09:19:23,130900.0,500,Sell,233338553
2024-08-21 09:19:23,130900.0,2000,Sell,233338552
2024-08-21 09:19:28,130900.0,100,Sell,233338699
2024-08-21 09:19:29,130900.0,400,Sell,233338764
2024-08-21 09:19:29,130900.0,100,Sell,233338765
2024-08-21 09:19:29,130900.0,500,Sell,233338766
2024-08-21 09:19:30,130900.0,100,Sell,233338792
2024-08-21 09:19:30,130900.0,400,Sell,233338799
2024-08-21 09:19:30,130900.0,100,Sell,233338800
2024-08-21 09:19:30,130900.0,100,Sell,233338801
2024-08-21 09:19:34,130900.0,100,Sell,233338953
2024-08-21 09:19:34,130900.0,100,Sell,233338954
2024-08-21 09:19:41,130800.0,200,Sell,233339213
2024-08-21 09:19:42,130900.0,100,Buy,233339257
2024-08-21 09:19:50,130800.0,1000,Sell,233339601
2024-08-21 09:19:54,130800.0,400,Sell,233339789
2024-08-21 09:19:57,130800.0,400,Sell,233339864
2024-08-21 09:19:57,130800.0,100,Sell,233339865
2024-08-21 09:19:57,130800.0,200,Sell,233339866
2024-08-21 09:19:57,130800.0,100,Sell,233339867
2024-08-21 09:19:57,130800.0,200,Sell,233339868
2024-08-21 09:19:58,130800.0,100,Sell,233339920
2024-08-21 09:20:05,130800.0,300,Sell,233340168
2024-08-21 09:20:10,130800.0,500,Sell,233340334
2024-08-21 09:20:22,130800.0,400,Sell,233340757
2024-08-21 09:20:24,130800.0,500,Sell,233340831
2024-08-21 09:20:26,130800.0,900,Sell,233340936
2024-08-21 09:20:26,130800.0,2000,Sell,233340935
2024-08-21 09:20:26,130800.0,900,Sell,233340932
2024-08-21 09:20:26,130800.0,1100,Sell,233340933
2024-08-21 09:20:26,130800.0,100,Sell,233340934
2024-08-21 09:20:33,130800.0,900,Sell,233341164
2024-08-21 09:20:33,130800.0,100,Sell,233341163
2024-08-21 09:20:38,130800.0,100,Sell,233341460
2024-08-21 09:20:38,130800.0,100,Sell,233341461
2024-08-21 09:20:40,130800.0,100,Sell,233341537
2024-08-21 09:20:42,130800.0,100,Sell,233341646
2024-08-21 09:20:42,130800.0,300,Sell,233341647
2024-08-21 09:20:42,130800.0,200,Sell,233341648
2024-08-21 09:20:42,130800.0,100,Sell,233341649
2024-08-21 09:20:42,130800.0,300,Sell,233341650
2024-08-21 09:20:56,130900.0,100,Buy,233342255
2024-08-21 09:21:16,130900.0,100,Buy,233343311
2024-08-21 09:21:20,130800.0,700,Sell,233343519
2024-08-21 09:21:20,130800.0,100,Sell,233343520
2024-08-21 09:21:21,130900.0,1500,Buy,233343545
2024-08-21 09:21:21,130900.0,2300,Buy,233343546
2024-08-21 09:21:21,130900.0,1000,Buy,233343547
2024-08-21 09:21:21,130900.0,1400,Buy,233343548
2024-08-21 09:21:33,130800.0,500,Sell,233344023
2024-08-21 09:21:33,130900.0,100,Buy,233344016
2024-08-21 09:21:33,130900.0,800,Buy,233344018
2024-08-21 09:21:33,130900.0,1700,Buy,233344017
2024-08-21 09:21:33,130900.0,200,Buy,233344014
2024-08-21 09:21:33,130900.0,100,Buy,233344010
2024-08-21 09:21:33,130900.0,100,Buy,233344015
2024-08-21 09:21:34,130900.0,200,Buy,233344054
2024-08-21 09:21:34,130800.0,500,Sell,233344065
2024-08-21 09:21:34,130800.0,1500,Sell,233344066
2024-08-21 09:21:35,130800.0,100,Sell,233344126
2024-08-21 09:21:37,130900.0,100,Buy,233344224
2024-08-21 09:21:38,130900.0,600,Buy,233344289
2024-08-21 09:21:38,130900.0,300,Buy,233344290
2024-08-21 09:21:38,130900.0,300,Buy,233344291
2024-08-21 09:21:38,130900.0,400,Buy,233344292
2024-08-21 09:21:39,130900.0,200,Sell,233344329
2024-08-21 09:21:46,130900.0,100,Sell,233344601
2024-08-21 09:21:51,130900.0,500,Sell,233344763
2024-08-21 09:21:52,130900.0,100,Sell,233344804
2024-08-21 09:22:12,130900.0,100,Sell,233345800
2024-08-21 09:22:15,131000.0,1000,Buy,233345885
2024-08-21 09:22:19,130900.0,500,Sell,233346075
2024-08-21 09:22:20,130900.0,300,Sell,233346087
2024-08-21 09:22:20,130900.0,1000,Sell,233346088
2024-08-21 09:22:20,130900.0,100,Sell,233346089
2024-08-21 09:22:20,130900.0,100,Sell,233346090
2024-08-21 09:22:20,130900.0,500,Sell,233346091
2024-08-21 09:22:24,130900.0,100,Sell,233346297
2024-08-21 09:22:24,130900.0,100,Sell,233346296
2024-08-21 09:22:30,130900.0,100,Buy,233346513
2024-08-21 09:22:32,130800.0,200,Sell,233346565
2024-08-21 09:22:38,130900.0,100,Buy,233346756
2024-08-21 09:22:51,130900.0,600,Buy,233347203
2024-08-21 09:22:51,130900.0,200,Buy,233347204
2024-08-21 09:23:01,130800.0,3200,Sell,233347708
2024-08-21 09:23:01,130800.0,100,Sell,233347709
2024-08-21 09:23:01,130800.0,100,Sell,233347710
2024-08-21 09:23:01,130800.0,200,Sell,233347711
2024-08-21 09:23:01,130800.0,100,Sell,233347712
2024-08-21 09:23:01,130800.0,300,Sell,233347713
2024-08-21 09:23:04,130900.0,400,Buy,233347846
2024-08-21 09:23:14,130900.0,300,Buy,233348275
2024-08-21 09:23:14,130900.0,200,Buy,233348300
2024-08-21 09:23:29,130900.0,100,Buy,233348809
2024-08-21 09:23:29,130800.0,200,Sell,233348810
2024-08-21 09:23:33,130800.0,100,Sell,233348987
2024-08-21 09:23:34,130900.0,100,Buy,233349019
2024-08-21 09:23:48,130800.0,100,Sell,233349539
2024-08-21 09:23:50,130800.0,100,Sell,233349581
2024-08-21 09:23:50,130900.0,300,Buy,233349595
2024-08-21 09:23:52,130900.0,100,Buy,233349703
2024-08-21 09:23:52,130900.0,900,Buy,233349704
2024-08-21 09:24:00,130800.0,500,Sell,233350120
2024-08-21 09:24:08,130800.0,300,Sell,233350440
2024-08-21 09:24:08,130800.0,100,Sell,233350439
2024-08-21 09:24:08,130800.0,1600,Sell,233350438
2024-08-21 09:24:24,130800.0,100,Sell,233351090
2024-08-21 09:24:26,130800.0,200,Sell,233351234
2024-08-21 09:24:30,130800.0,100,Sell,233351401
2024-08-21 09:24:33,130900.0,1000,Buy,233351504
2024-08-21 09:24:34,130900.0,100,Buy,233351578
2024-08-21 09:24:34,130900.0,100,Buy,233351579
2024-08-21 09:24:35,130800.0,100,Sell,233351643
2024-08-21 09:24:35,130800.0,1000,Sell,233351642
2024-08-21 09:24:35,130800.0,100,Sell,233351641
2024-08-21 09:24:35,130800.0,1000,Sell,233351640
2024-08-21 09:24:35,130800.0,200,Sell,233351639
2024-08-21 09:24:35,130800.0,100,Sell,233351638
2024-08-21 09:24:35,130800.0,100,Sell,233351637
2024-08-21 09:24:35,130800.0,200,Sell,233351636
2024-08-21 09:24:35,130800.0,2900,Sell,233351634
2024-08-21 09:24:35,130800.0,100,Sell,233351644
2024-08-21 09:24:35,130800.0,300,Sell,233351632
2024-08-21 09:24:35,130800.0,500,Sell,233351631
2024-08-21 09:24:35,130800.0,100,Sell,233351630
2024-08-21 09:24:35,130800.0,100,Sell,233351629
2024-08-21 09:24:35,130800.0,200,Sell,233351628
2024-08-21 09:24:35,130800.0,300,Sell,233351627
2024-08-21 09:24:35,130800.0,100,Sell,233351635
2024-08-21 09:24:35,130800.0,1000,Sell,233351633
2024-08-21 09:24:37,130800.0,100,Buy,233351718
2024-08-21 09:24:39,130700.0,100,Sell,233351823
2024-08-21 09:24:39,130700.0,1900,Sell,233351822
2024-08-21 09:24:48,130800.0,200,Buy,233352316
2024-08-21 09:24:49,130800.0,700,Buy,233352366
2024-08-21 09:25:01,130800.0,100,Buy,233352837
2024-08-21 09:25:07,130800.0,300,Buy,233353113
2024-08-21 09:25:09,130800.0,100,Buy,233353224
2024-08-21 09:25:12,130800.0,100,Buy,233353384
2024-08-21 09:25:12,130800.0,400,Buy,233353385
2024-08-21 09:25:14,130800.0,100,Buy,233353480
2024-08-21 09:25:21,130700.0,100,Sell,233353730
2024-08-21 09:25:21,130800.0,100,Buy,233353734
2024-08-21 09:25:21,130800.0,1100,Buy,233353737
2024-08-21 09:25:21,130800.0,900,Buy,233353738
2024-08-21 09:25:23,130700.0,100,Sell,233353829
2024-08-21 09:25:27,130800.0,100,Buy,233354026
2024-08-21 09:25:27,130800.0,500,Buy,233354036
2024-08-21 09:25:28,130700.0,2200,Sell,233354076
2024-08-21 09:25:28,130700.0,100,Sell,233354075
2024-08-21 09:25:28,130700.0,100,Sell,233354074
2024-08-21 09:25:28,130700.0,500,Sell,233354073
2024-08-21 09:25:33,130800.0,1500,Buy,233354334
2024-08-21 09:25:36,130800.0,200,Buy,233354495
2024-08-21 09:25:37,130700.0,500,Sell,233354548
2024-08-21 09:25:37,130700.0,1000,Sell,233354547
2024-08-21 09:25:37,130700.0,1000,Sell,233354546
2024-08-21 09:25:37,130700.0,100,Sell,233354545
2024-08-21 09:25:37,130700.0,100,Sell,233354544
2024-08-21 09:25:37,130700.0,100,Sell,233354543
2024-08-21 09:25:37,130700.0,500,Sell,233354542
2024-08-21 09:25:37,130700.0,500,Sell,233354541
2024-08-21 09:25:37,130700.0,2900,Sell,233354540
2024-08-21 09:25:37,130700.0,100,Sell,233354539
2024-08-21 09:25:37,130700.0,100,Sell,233354534
2024-08-21 09:25:37,130700.0,200,Sell,233354537
2024-08-21 09:25:37,130700.0,100,Sell,233354538
2024-08-21 09:25:37,130700.0,700,Sell,233354528
2024-08-21 09:25:37,130700.0,3000,Sell,233354529
2024-08-21 09:25:37,130700.0,200,Sell,233354530
2024-08-21 09:25:37,130700.0,100,Sell,233354533
2024-08-21 09:25:37,130700.0,1000,Sell,233354532
2024-08-21 09:25:37,130700.0,300,Sell,233354535
2024-08-21 09:25:37,130700.0,200,Sell,233354536
2024-08-21 09:25:37,130700.0,100,Sell,233354531
2024-08-21 09:25:39,130700.0,400,Buy,233354634
2024-08-21 09:25:43,130700.0,200,Buy,233354757
2024-08-21 09:25:45,130700.0,300,Buy,233354827
2024-08-21 09:25:49,130700.0,1000,Buy,233354971
2024-08-21 09:25:49,130600.0,300,Sell,233354992
2024-08-21 09:25:49,130600.0,100,Sell,233354993
2024-08-21 09:25:49,130600.0,600,Sell,233354994
2024-08-21 09:25:50,130700.0,100,Buy,233355018
2024-08-21 09:25:50,130700.0,300,Buy,233355016
2024-08-21 09:25:50,130700.0,200,Buy,233355017
2024-08-21 09:25:55,130700.0,300,Buy,233355233
2024-08-21 09:25:57,130700.0,100,Buy,233355334
2024-08-21 09:25:59,130700.0,100,Buy,233355473
2024-08-21 09:26:01,130600.0,500,Sell,233355524
2024-08-21 09:26:01,130700.0,100,Buy,233355557
2024-08-21 09:26:01,130700.0,1700,Buy,233355556
2024-08-21 09:26:01,130700.0,200,Buy,233355555
2024-08-21 09:26:01,130600.0,600,Sell,233355554
2024-08-21 09:26:01,130600.0,200,Sell,233355553
2024-08-21 09:26:01,130600.0,500,Sell,233355552
2024-08-21 09:26:01,130600.0,100,Sell,233355551
2024-08-21 09:26:01,130600.0,400,Sell,233355523
2024-08-21 09:26:01,130600.0,500,Sell,233355548
2024-08-21 09:26:01,130600.0,500,Sell,233355547
2024-08-21 09:26:01,130600.0,500,Sell,233355546
2024-08-21 09:26:01,130600.0,200,Sell,233355545
2024-08-21 09:26:01,130600.0,200,Sell,233355544
2024-08-21 09:26:01,130600.0,100,Sell,233355543
2024-08-21 09:26:01,130600.0,300,Sell,233355542
2024-08-21 09:26:01,130600.0,200,Sell,233355550
2024-08-21 09:26:01,130600.0,100,Sell,233355540
2024-08-21 09:26:01,130600.0,100,Sell,233355541
2024-08-21 09:26:01,130600.0,100,Sell,233355525
2024-08-21 09:26:01,130600.0,100,Sell,233355526
2024-08-21 09:26:01,130600.0,3000,Sell,233355527
2024-08-21 09:26:01,130600.0,100,Sell,233355528
2024-08-21 09:26:01,130600.0,2900,Sell,233355529
2024-08-21 09:26:01,130600.0,2000,Sell,233355530
2024-08-21 09:26:01,130600.0,300,Sell,233355531
2024-08-21 09:26:01,130600.0,100,Sell,233355549
2024-08-21 09:26:01,130600.0,100,Sell,233355533
2024-08-21 09:26:01,130600.0,500,Sell,233355534
2024-08-21 09:26:01,130600.0,100,Sell,233355535
2024-08-21 09:26:01,130600.0,200,Sell,233355536
2024-08-21 09:26:01,130600.0,200,Sell,233355537
2024-08-21 09:26:01,130600.0,200,Sell,233355538
2024-08-21 09:26:01,130600.0,100,Sell,233355532
2024-08-21 09:26:02,130700.0,100,Buy,233355598
2024-08-21 09:26:02,130700.0,2900,Buy,233355610
2024-08-21 09:26:11,130700.0,1000,Buy,233355915
2024-08-21 09:26:14,130600.0,500,Sell,233356019
2024-08-21 09:26:14,130600.0,400,Sell,233356017
2024-08-21 09:26:14,130600.0,100,Sell,233356018
2024-08-21 09:26:20,130600.0,200,Sell,233356304
2024-08-21 09:26:30,130600.0,1000,Sell,233356704
2024-08-21 09:26:36,130700.0,1000,Buy,233356969
2024-08-21 09:26:44,130600.0,300,Sell,233357310
2024-08-21 09:26:44,130600.0,100,Sell,233357311
2024-08-21 09:26:44,130600.0,1000,Sell,233357312
2024-08-21 09:26:50,130600.0,600,Sell,233357586
2024-08-21 09:26:51,130700.0,100,Buy,233357623
2024-08-21 09:26:54,130600.0,5800,Sell,233357725
2024-08-21 09:26:54,130600.0,200,Sell,233357724
2024-08-21 09:26:54,130600.0,1500,Sell,233357723
2024-08-21 09:26:54,130600.0,100,Sell,233357722
2024-08-21 09:26:54,130600.0,600,Sell,233357720
2024-08-21 09:26:54,130600.0,500,Sell,233357721
2024-08-21 09:26:54,130600.0,1300,Sell,233357719
2024-08-21 09:27:02,130600.0,1000,Sell,233358038
2024-08-21 09:27:02,130600.0,100,Sell,233358039
2024-08-21 09:27:02,130600.0,500,Sell,233358040
2024-08-21 09:27:02,130600.0,400,Sell,233358041
2024-08-21 09:27:07,130700.0,100,Buy,233358206
2024-08-21 09:27:08,130600.0,100,Sell,233358240
2024-08-21 09:27:09,130600.0,300,Sell,233358257
2024-08-21 09:27:09,130600.0,100,Sell,233358258
2024-08-21 09:27:09,130600.0,2600,Sell,233358259
2024-08-21 09:27:13,130600.0,5000,Sell,233358472
2024-08-21 09:27:15,130700.0,100,Buy,233358531
2024-08-21 09:27:17,130600.0,200,Sell,233358593
2024-08-21 09:27:19,130600.0,2000,Sell,233358726
2024-08-21 09:27:21,130700.0,600,Buy,233358799
2024-08-21 09:27:30,130700.0,200,Buy,233359100
2024-08-21 09:27:50,130700.0,100,Buy,233360104
2024-08-21 09:27:53,130700.0,200,Buy,233360251
2024-08-21 09:28:03,130700.0,100,Buy,233360832
2024-08-21 09:28:11,130700.0,100,Buy,233361176
2024-08-21 09:28:14,130600.0,200,Sell,233361292
2024-08-21 09:28:16,130700.0,100,Buy,233361328
2024-08-21 09:28:17,130600.0,100,Sell,233361351
2024-08-21 09:28:22,130700.0,100,Buy,233361616
2024-08-21 09:28:24,130700.0,1000,Buy,233361647
2024-08-21 09:28:26,130700.0,2100,Buy,233361783
2024-08-21 09:28:26,130700.0,1000,Buy,233361784
2024-08-21 09:28:26,130700.0,1900,Buy,233361785
2024-08-21 09:28:27,130600.0,100,Sell,233361822
2024-08-21 09:28:29,130700.0,100,Buy,233361903
2024-08-21 09:28:31,130700.0,2000,Buy,233361986
2024-08-21 09:28:31,130700.0,300,Buy,233361992
2024-08-21 09:28:33,130700.0,100,Buy,233362132
2024-08-21 09:28:33,130700.0,1000,Buy,233362145
2024-08-21 09:28:35,130700.0,100,Buy,233362245
2024-08-21 09:28:35,130700.0,2700,Buy,233362229
2024-08-21 09:28:35,130700.0,300,Buy,233362228
2024-08-21 09:28:36,130700.0,100,Buy,233362256
2024-08-21 09:28:37,130700.0,100,Buy,233362304
2024-08-21 09:28:37,130700.0,200,Buy,233362322
2024-08-21 09:28:39,130700.0,100,Buy,233362417
2024-08-21 09:28:44,130700.0,1400,Buy,233362573
2024-08-21 09:28:56,130700.0,100,Sell,233363352
2024-08-21 09:29:03,130800.0,1000,Buy,233363592
2024-08-21 09:29:03,130800.0,100,Buy,233363593
2024-08-21 09:29:03,130800.0,15000,Buy,233363591
2024-08-21 09:29:03,130800.0,2000,Buy,233363594
2024-08-21 09:29:03,130800.0,500,Buy,233363589
2024-08-21 09:29:03,130800.0,1800,Buy,233363586
2024-08-21 09:29:03,130800.0,300,Buy,233363590
2024-08-21 09:29:03,130800.0,500,Buy,233363588
2024-08-21 09:29:03,130800.0,500,Buy,233363587
2024-08-21 09:29:09,130800.0,100,Sell,233363929
2024-08-21 09:29:10,130800.0,500,Sell,233363963
2024-08-21 09:29:11,130800.0,200,Sell,233364007
2024-08-21 09:29:22,130800.0,1000,Sell,233364639
2024-08-21 09:29:27,130800.0,100,Sell,233364947
2024-08-21 09:29:34,130800.0,1000,Sell,233365297
2024-08-21 09:29:42,130800.0,100,Sell,233365623
2024-08-21 09:29:43,130900.0,1500,Buy,233365696
2024-08-21 09:29:43,130900.0,100,Buy,233365695
2024-08-21 09:29:43,130900.0,300,Buy,233365692
2024-08-21 09:29:43,130900.0,100,Buy,233365687
2024-08-21 09:29:43,130900.0,500,Buy,233365693
2024-08-21 09:29:43,130900.0,500,Buy,233365694
2024-08-21 09:29:44,130800.0,1000,Sell,233365705
2024-08-21 09:29:47,130900.0,100,Buy,233366026
2024-08-21 09:29:48,130900.0,2300,Buy,233366029
2024-08-21 09:29:48,130900.0,500,Buy,233366030
2024-08-21 09:29:48,130900.0,100,Buy,233366031
2024-08-21 09:29:50,130900.0,100,Buy,233366081
2024-08-21 09:29:50,130900.0,200,Buy,233366101
2024-08-21 09:29:50,130900.0,100,Buy,233366102
2024-08-21 09:29:50,130900.0,500,Buy,233366103
2024-08-21 09:29:52,130800.0,2000,Sell,233366184
2024-08-21 09:29:55,130900.0,500,Buy,233366332
2024-08-21 09:29:58,130900.0,1200,Buy,233366470
2024-08-21 09:30:02,130900.0,100,Sell,233366733
2024-08-21 09:30:04,130900.0,1000,Sell,233366826
2024-08-21 09:30:08,130900.0,100,Sell,233367038
2024-08-21 09:30:11,130900.0,100,Sell,233367172
2024-08-21 09:30:11,130900.0,500,Sell,233367173
2024-08-21 09:30:17,131000.0,2000,Buy,233367500
2024-08-21 09:30:17,131000.0,15000,Buy,233367491
2024-08-21 09:30:17,131000.0,200,Buy,233367490
2024-08-21 09:30:17,131000.0,1500,Buy,233367489
2024-08-21 09:30:17,131000.0,100,Buy,233367487
2024-08-21 09:30:17,131000.0,100,Buy,233367486
2024-08-21 09:30:17,131000.0,600,Buy,233367488
2024-08-21 09:30:17,131000.0,100,Buy,233367484
2024-08-21 09:30:17,131000.0,100,Buy,233367483
2024-08-21 09:30:17,131000.0,100,Buy,233367482
2024-08-21 09:30:17,131000.0,100,Buy,233367481
2024-08-21 09:30:17,131000.0,1000,Buy,233367480
2024-08-21 09:30:17,131000.0,2300,Buy,233367479
2024-08-21 09:30:17,131000.0,100,Buy,233367485
2024-08-21 09:30:31,131000.0,1000,Sell,233368195
2024-08-21 09:30:33,131000.0,100,Sell,233368379
2024-08-21 09:30:34,131100.0,300,Buy,233368404
2024-08-21 09:30:42,131100.0,700,Buy,233368741
2024-08-21 09:30:43,131000.0,100,Sell,233368809
2024-08-21 09:30:44,131000.0,1000,Sell,233368824
2024-08-21 09:30:48,131100.0,200,Buy,233369029
2024-08-21 09:30:48,131100.0,100,Buy,233369052
2024-08-21 09:30:55,131100.0,500,Buy,233369283
2024-08-21 09:30:56,131100.0,5000,Buy,233369320
2024-08-21 09:31:05,131000.0,200,Sell,233369719
2024-08-21 09:31:14,131100.0,2000,Buy,233370229
2024-08-21 09:31:16,131000.0,500,Sell,233370443
2024-08-21 09:31:16,131100.0,100,Buy,233370465
2024-08-21 09:31:17,131100.0,2900,Buy,233370473
2024-08-21 09:31:19,131100.0,3200,Buy,233370583
2024-08-21 09:31:19,131100.0,100,Buy,233370584
2024-08-21 09:31:19,131100.0,1000,Buy,233370585
2024-08-21 09:31:19,131100.0,100,Buy,233370586
2024-08-21 09:31:24,131000.0,1500,Sell,233370789
2024-08-21 09:31:24,131000.0,100,Sell,233370787
2024-08-21 09:31:24,131000.0,1300,Sell,233370786
2024-08-21 09:31:24,131000.0,200,Sell,233370788
2024-08-21 09:31:24,131000.0,100,Sell,233370784
2024-08-21 09:31:24,131000.0,1800,Sell,233370783
2024-08-21 09:31:24,131100.0,500,Buy,233370771
2024-08-21 09:31:24,131000.0,100,Sell,233370785
2024-08-21 09:31:25,131100.0,100,Buy,233370890
2024-08-21 09:31:25,131100.0,2900,Buy,233370892
2024-08-21 09:31:25,131100.0,1400,Buy,233370893
2024-08-21 09:31:25,131100.0,300,Buy,233370894
2024-08-21 09:31:25,131100.0,1000,Buy,233370895
2024-08-21 09:31:25,131100.0,1700,Buy,233370896
2024-08-21 09:31:25,131100.0,1000,Buy,233370897
2024-08-21 09:31:37,131200.0,100,Buy,233371359
2024-08-21 09:31:38,131200.0,2900,Buy,233371362
2024-08-21 09:31:47,131200.0,900,Buy,233371816
2024-08-21 09:31:47,131100.0,1000,Sell,233371840
2024-08-21 09:31:53,131100.0,100,Sell,233372152
2024-08-21 09:31:53,131100.0,3600,Sell,233372149
2024-08-21 09:31:53,131100.0,300,Sell,233372150
2024-08-21 09:31:53,131100.0,500,Sell,233372151
2024-08-21 09:32:00,131100.0,500,Buy,233372460
2024-08-21 09:32:02,131000.0,200,Sell,233372547
2024-08-21 09:32:12,131000.0,5100,Sell,233373033
2024-08-21 09:32:14,131000.0,1300,Sell,233373213
2024-08-21 09:32:15,131000.0,1900,Sell,233373286
2024-08-21 09:32:15,131000.0,1000,Sell,233373287
2024-08-21 09:32:15,131000.0,100,Sell,233373294
2024-08-21 09:32:15,131000.0,2000,Sell,233373295
2024-08-21 09:32:26,131000.0,100,Sell,233373807
2024-08-21 09:32:26,131000.0,200,Sell,233373806
2024-08-21 09:32:26,131000.0,200,Sell,233373805
2024-08-21 09:32:26,131000.0,200,Sell,233373803
2024-08-21 09:32:26,131000.0,100,Sell,233373802
2024-08-21 09:32:26,131000.0,900,Sell,233373801
2024-08-21 09:32:26,131000.0,100,Sell,233373804
2024-08-21 09:32:28,131000.0,100,Buy,233373919
2024-08-21 09:32:31,130900.0,100,Sell,233374146
2024-08-21 09:32:35,131000.0,500,Buy,233374467
2024-08-21 09:32:41,131000.0,100,Buy,233374790
2024-08-21 09:32:59,130900.0,200,Sell,233375602
2024-08-21 09:33:00,131000.0,100,Buy,233375653
2024-08-21 09:33:00,131000.0,1000,Buy,233375651
2024-08-21 09:33:00,131000.0,300,Buy,233375652
2024-08-21 09:33:00,131000.0,5100,Buy,233375649
2024-08-21 09:33:00,131000.0,2500,Buy,233375648
2024-08-21 09:33:00,131000.0,1000,Buy,233375650
2024-08-21 09:33:10,130900.0,2800,Sell,233376118
2024-08-21 09:33:10,130900.0,600,Sell,233376119
2024-08-21 09:33:10,130900.0,100,Sell,233376120
2024-08-21 09:33:10,130900.0,500,Sell,233376121
2024-08-21 09:33:10,130900.0,1000,Sell,233376122
2024-08-21 09:33:10,130900.0,100,Sell,233376123
2024-08-21 09:33:11,131000.0,500,Buy,233376194
2024-08-21 09:33:14,131000.0,500,Buy,233376403
2024-08-21 09:33:37,131000.0,200,Buy,233377560
2024-08-21 09:33:37,131000.0,100,Buy,233377559
2024-08-21 09:33:37,131000.0,700,Buy,233377558
2024-08-21 09:33:56,130900.0,100,Sell,233378186
2024-08-21 09:34:19,130900.0,100,Sell,233378940
2024-08-21 09:34:53,130900.0,200,Sell,233380071
2024-08-21 09:34:54,130900.0,300,Sell,233380116
2024-08-21 09:34:54,130900.0,300,Sell,233380115
2024-08-21 09:34:54,130900.0,100,Sell,233380114
2024-08-21 09:34:54,130900.0,300,Sell,233380112
2024-08-21 09:34:54,130900.0,300,Sell,233380111
2024-08-21 09:34:54,130900.0,100,Sell,233380110
2024-08-21 09:34:54,130900.0,1000,Sell,233380113
2024-08-21 09:34:54,130900.0,1000,Sell,233380108
2024-08-21 09:34:54,130900.0,800,Sell,233380107
2024-08-21 09:34:54,130900.0,3000,Sell,233380106
2024-08-21 09:34:54,130900.0,100,Sell,233380105
2024-08-21 09:34:54,130900.0,100,Sell,233380104
2024-08-21 09:34:54,130900.0,100,Sell,233380103
2024-08-21 09:34:54,130900.0,2500,Sell,233380102
2024-08-21 09:34:54,130900.0,1000,Sell,233380109
2024-08-21 09:34:55,130900.0,2400,Buy,233380166
2024-08-21 09:34:59,130900.0,1000,Buy,233380298
2024-08-21 09:35:03,130800.0,200,Sell,233380446
2024-08-21 09:35:03,130900.0,100,Buy,233380440
2024-08-21 09:35:07,130900.0,500,Buy,233380640
2024-08-21 09:35:07,130900.0,500,Buy,233380641
2024-08-21 09:35:46,130900.0,1000,Buy,233382142
2024-08-21 09:35:47,130900.0,1400,Buy,233382176
2024-08-21 09:35:47,130900.0,1100,Buy,233382175
2024-08-21 09:35:47,130900.0,1300,Buy,233382173
2024-08-21 09:35:47,130900.0,200,Buy,233382170
2024-08-21 09:35:47,130900.0,2000,Buy,233382174
2024-08-21 09:35:50,130800.0,200,Sell,233382271
2024-08-21 09:35:50,130900.0,300,Buy,233382274
2024-08-21 09:35:50,130900.0,200,Sell,233382278
2024-08-21 09:36:07,130900.0,100,Sell,233382844
2024-08-21 09:36:08,131000.0,100,Buy,233382878
2024-08-21 09:36:13,131000.0,200,Buy,233383114
2024-08-21 09:36:13,131000.0,4500,Buy,233383127
2024-08-21 09:36:13,131000.0,1300,Buy,233383128
2024-08-21 09:36:41,131000.0,100,Buy,233384020
2024-08-21 09:36:47,130900.0,200,Sell,233384150
2024-08-21 09:36:54,131000.0,100,Buy,233384358
2024-08-21 09:37:13,131000.0,600,Buy,233384867
2024-08-21 09:37:13,131000.0,3600,Buy,233384864
2024-08-21 09:37:13,131000.0,500,Buy,233384865
2024-08-21 09:37:13,131000.0,300,Buy,233384866
2024-08-21 09:37:16,131000.0,200,Buy,233384991
2024-08-21 09:37:16,131000.0,400,Buy,233384990
2024-08-21 09:37:16,131000.0,100,Buy,233384992
2024-08-21 09:37:18,130900.0,400,Sell,233385075
2024-08-21 09:37:22,131000.0,100,Buy,233385182
2024-08-21 09:37:22,131000.0,300,Buy,233385183
2024-08-21 09:37:22,131000.0,1700,Buy,233385184
2024-08-21 09:37:22,131000.0,900,Buy,233385185
2024-08-21 09:37:45,130900.0,100,Sell,233385983
2024-08-21 09:37:53,131100.0,100,Buy,233386299
2024-08-21 09:37:53,131100.0,100,Buy,233386300
2024-08-21 09:37:53,131000.0,100,Buy,233386297
2024-08-21 09:37:53,131000.0,100,Buy,233386296
2024-08-21 09:37:53,131000.0,100,Buy,233386298
2024-08-21 09:37:55,130900.0,100,Sell,233386351
2024-08-21 09:38:21,130900.0,500,Sell,233387100
2024-08-21 09:38:26,130900.0,100,Sell,233387305
2024-08-21 09:38:27,131000.0,100,Buy,233387339
2024-08-21 09:38:27,131000.0,100,Buy,233387340
2024-08-21 09:38:36,131000.0,100,Sell,233387561
2024-08-21 09:38:42,131000.0,200,Sell,233387703
2024-08-21 09:38:47,131000.0,500,Sell,233387839
2024-08-21 09:38:53,131000.0,600,Sell,233387960
2024-08-21 09:38:53,131000.0,300,Sell,233387958
2024-08-21 09:38:53,131000.0,100,Sell,233387959
2024-08-21 09:38:55,131000.0,300,Sell,233388003
2024-08-21 09:38:56,131000.0,100,Sell,233388023
2024-08-21 09:38:59,131000.0,400,Sell,233388087
2024-08-21 09:39:00,131000.0,1200,Sell,233388114
2024-08-21 09:39:21,131000.0,100,Sell,233388658
2024-08-21 09:39:21,131000.0,200,Sell,233388668
2024-08-21 09:39:21,131000.0,100,Sell,233388669
2024-08-21 09:39:30,131000.0,100,Sell,233388908
2024-08-21 09:39:37,131100.0,200,Buy,233389096
2024-08-21 09:39:37,131100.0,100,Buy,233389097
2024-08-21 09:39:37,131100.0,200,Buy,233389098
2024-08-21 09:39:37,131100.0,600,Buy,233389099
2024-08-21 09:39:38,131000.0,1000,Sell,233389115
2024-08-21 09:39:39,131000.0,200,Sell,233389131
2024-08-21 09:39:40,131000.0,1000,Sell,233389157
2024-08-21 09:39:40,131000.0,100,Sell,233389156
2024-08-21 09:39:40,131000.0,200,Sell,233389154
2024-08-21 09:39:40,131000.0,500,Sell,233389155
2024-08-21 09:39:40,131000.0,1600,Sell,233389153
2024-08-21 09:39:43,131000.0,100,Sell,233389252
2024-08-21 09:39:52,131000.0,200,Sell,233389480
2024-08-21 09:40:13,131000.0,1600,Sell,233390086
2024-08-21 09:40:13,131000.0,900,Sell,233390087
2024-08-21 09:40:13,131000.0,500,Sell,233390088
2024-08-21 09:40:13,131000.0,200,Sell,233390089
2024-08-21 09:40:21,131000.0,100,Buy,233390274
2024-08-21 09:40:29,131000.0,100,Buy,233390482
2024-08-21 09:40:35,130900.0,2000,Sell,233390628
2024-08-21 09:40:36,130900.0,200,Sell,233390679
2024-08-21 09:40:38,131000.0,200,Buy,233390744
2024-08-21 09:40:42,131000.0,800,Buy,233390835
2024-08-21 09:40:42,131000.0,1400,Buy,233390834
2024-08-21 09:40:47,131000.0,100,Buy,233390993
2024-08-21 09:40:47,131000.0,2900,Buy,233391002
2024-08-21 09:40:54,131000.0,100,Buy,233391145
2024-08-21 09:41:03,130900.0,1000,Sell,233391360
2024-08-21 09:41:13,131000.0,100,Buy,233391604
2024-08-21 09:41:13,131000.0,1000,Buy,233391606
2024-08-21 09:41:13,131000.0,100,Buy,233391607
2024-08-21 09:41:13,131000.0,800,Buy,233391608
2024-08-21 09:41:13,131000.0,200,Buy,233391609
2024-08-21 09:41:14,131000.0,800,Sell,233391611
2024-08-21 09:41:20,131000.0,300,Buy,233391804
2024-08-21 09:41:31,130900.0,100,Sell,233392191
2024-08-21 09:41:33,130900.0,100,Sell,233392228
2024-08-21 09:41:37,130900.0,100,Sell,233392329
2024-08-21 09:41:38,130900.0,200,Sell,233392332
2024-08-21 09:41:38,130900.0,1700,Sell,233392333
2024-08-21 09:42:05,131000.0,100,Buy,233393051
2024-08-21 09:42:20,130900.0,4100,Sell,233393397
2024-08-21 09:42:20,130900.0,400,Sell,233393398
2024-08-21 09:42:20,130900.0,300,Sell,233393399
2024-08-21 09:42:20,130900.0,100,Sell,233393400
2024-08-21 09:42:21,131000.0,200,Buy,233393416
2024-08-21 09:42:30,130900.0,100,Sell,233393676
2024-08-21 09:42:30,130900.0,100,Sell,233393677
2024-08-21 09:42:35,131000.0,100,Buy,233393836
2024-08-21 09:42:35,131000.0,200,Buy,233393862
2024-08-21 09:42:35,131000.0,200,Buy,233393863
2024-08-21 09:42:35,131000.0,600,Buy,233393864
2024-08-21 09:42:44,131000.0,400,Buy,233394077
2024-08-21 09:42:50,131000.0,100,Buy,233394198
2024-08-21 09:43:13,131000.0,900,Buy,233394837
2024-08-21 09:43:13,131000.0,100,Buy,233394838
2024-08-21 09:43:19,130900.0,100,Sell,233394992
2024-08-21 09:43:21,131000.0,200,Buy,233395035
2024-08-21 09:43:21,131000.0,100,Buy,233395036
2024-08-21 09:43:25,131000.0,200,Buy,233395198
2024-08-21 09:43:27,130900.0,100,Sell,233395257
2024-08-21 09:43:27,130900.0,100,Sell,233395258
2024-08-21 09:43:41,131000.0,100,Buy,233395672
2024-08-21 09:43:58,131000.0,100,Buy,233396042
2024-08-21 09:44:00,131000.0,100,Buy,233396085
2024-08-21 09:44:00,131000.0,2000,Buy,233396087
2024-08-21 09:44:00,131000.0,100,Buy,233396088
2024-08-21 09:44:00,131000.0,100,Buy,233396089
2024-08-21 09:44:13,130900.0,100,Sell,233396497
2024-08-21 09:44:13,130900.0,500,Sell,233396495
2024-08-21 09:44:13,130900.0,100,Sell,233396496
2024-08-21 09:44:13,130900.0,100,Sell,233396494
2024-08-21 09:44:13,131000.0,100,Sell,233396489
2024-08-21 09:44:13,130900.0,2900,Sell,233396492
2024-08-21 09:44:13,130900.0,200,Sell,233396493
2024-08-21 09:44:13,131000.0,700,Sell,233396488
2024-08-21 09:44:13,130900.0,200,Sell,233396490
2024-08-21 09:44:13,130900.0,100,Sell,233396491
2024-08-21 09:44:24,130900.0,200,Sell,233396834
2024-08-21 09:44:45,130900.0,1000,Sell,233397396
2024-08-21 09:44:45,130900.0,100,Sell,233397425
2024-08-21 09:44:45,130900.0,900,Sell,233397424
2024-08-21 09:44:45,130900.0,2000,Sell,233397423
2024-08-21 09:44:45,130900.0,100,Sell,233397422
2024-08-21 09:44:45,130900.0,2200,Sell,233397421
2024-08-21 09:44:45,130900.0,1900,Sell,233397417
2024-08-21 09:44:45,130900.0,500,Sell,233397416
2024-08-21 09:44:45,130900.0,700,Sell,233397419
2024-08-21 09:44:45,130900.0,200,Sell,233397411
2024-08-21 09:44:45,130900.0,700,Sell,233397410
2024-08-21 09:44:45,130900.0,500,Sell,233397409
2024-08-21 09:44:45,130900.0,100,Sell,233397408
2024-08-21 09:44:45,130900.0,300,Sell,233397407
2024-08-21 09:44:45,130900.0,400,Sell,233397406
2024-08-21 09:44:45,130900.0,900,Sell,233397397
2024-08-21 09:44:45,130900.0,1200,Sell,233397412
2024-08-21 09:44:45,130900.0,100,Sell,233397418
2024-08-21 09:44:46,130900.0,200,Sell,233397440
2024-08-21 09:44:58,130900.0,100,Sell,233397788
2024-08-21 09:44:59,130900.0,2900,Sell,233397829
2024-08-21 09:44:59,130900.0,100,Sell,233397826
2024-08-21 09:44:59,130900.0,200,Sell,233397827
2024-08-21 09:44:59,130900.0,100,Sell,233397828
2024-08-21 09:45:08,130800.0,100,Sell,233398008
2024-08-21 09:45:15,130900.0,1600,Buy,233398200
2024-08-21 09:45:15,130900.0,100,Buy,233398195
2024-08-21 09:45:21,130900.0,100,Sell,233398346
2024-08-21 09:45:26,130900.0,100,Sell,233398496
2024-08-21 09:45:36,131000.0,100,Buy,233398786
2024-08-21 09:45:38,130900.0,1100,Sell,233398847
2024-08-21 09:46:18,130800.0,200,Sell,233399885
2024-08-21 09:46:56,130800.0,100,Sell,233400979
2024-08-21 09:46:57,130900.0,100,Buy,233400995
2024-08-21 09:46:57,130900.0,800,Buy,233401002
2024-08-21 09:46:57,130900.0,1600,Buy,233401003
2024-08-21 09:46:57,130900.0,300,Buy,233401004
2024-08-21 09:46:57,130900.0,200,Buy,233401005
2024-08-21 09:47:00,130900.0,100,Buy,233401091
2024-08-21 09:47:01,130900.0,2900,Buy,233401108
2024-08-21 09:47:05,130900.0,100,Buy,233401202
2024-08-21 09:47:05,130900.0,2700,Buy,233401206
2024-08-21 09:47:14,130900.0,200,Sell,233401389
2024-08-21 09:47:14,130900.0,100,Sell,233401390
2024-08-21 09:47:15,130900.0,200,Sell,233401444
2024-08-21 09:47:57,131000.0,200,Buy,233402397
2024-08-21 09:48:12,130900.0,200,Sell,233402849
2024-08-21 09:48:40,131000.0,500,Buy,233403560
2024-08-21 09:48:40,131000.0,1000,Buy,233403559
2024-08-21 09:48:40,131000.0,100,Buy,233403558
2024-08-21 09:48:40,131000.0,100,Buy,233403557
2024-08-21 09:48:40,131000.0,100,Buy,233403554
2024-08-21 09:48:40,131000.0,100,Buy,233403555
2024-08-21 09:48:40,131000.0,1000,Buy,233403553
2024-08-21 09:48:40,131000.0,900,Buy,233403552
2024-08-21 09:48:40,131000.0,200,Buy,233403556
2024-08-21 09:48:45,130900.0,100,Sell,233403673
2024-08-21 09:48:47,131000.0,1000,Buy,233403722
2024-08-21 09:48:47,131000.0,300,Buy,233403723
2024-08-21 09:49:07,130900.0,2900,Sell,233404198
2024-08-21 09:49:07,130900.0,100,Sell,233404197
2024-08-21 09:49:07,130900.0,500,Sell,233404196
2024-08-21 09:49:07,130900.0,100,Sell,233404195
2024-08-21 09:49:07,130900.0,500,Sell,233404194
2024-08-21 09:49:07,130900.0,100,Sell,233404193
2024-08-21 09:49:07,130900.0,1000,Sell,233404192
2024-08-21 09:49:07,130900.0,400,Sell,233404191
2024-08-21 09:49:07,130900.0,2000,Sell,233404199
2024-08-21 09:49:07,130900.0,2900,Sell,233404189
2024-08-21 09:49:07,130900.0,100,Sell,233404188
2024-08-21 09:49:07,130900.0,200,Sell,233404187
2024-08-21 09:49:07,130900.0,100,Sell,233404186
2024-08-21 09:49:07,130900.0,100,Sell,233404185
2024-08-21 09:49:07,130900.0,500,Sell,233404184
2024-08-21 09:49:07,130900.0,500,Sell,233404183
2024-08-21 09:49:07,130900.0,100,Sell,233404182
2024-08-21 09:49:07,130900.0,1000,Sell,233404181
2024-08-21 09:49:07,130900.0,1000,Sell,233404190
2024-08-21 09:49:09,130900.0,100,Sell,233404271
2024-08-21 09:49:09,130800.0,100,Sell,233404272
2024-08-21 09:49:23,130900.0,200,Sell,233404573
2024-08-21 09:49:33,130900.0,500,Sell,233404772
2024-08-21 09:49:49,130900.0,1000,Sell,233405102
2024-08-21 09:49:49,130900.0,400,Sell,233405103
2024-08-21 09:49:49,130900.0,300,Sell,233405100
2024-08-21 09:49:49,130900.0,300,Sell,233405101
2024-08-21 09:49:58,130800.0,100,Sell,233405281
2024-08-21 09:49:58,130800.0,100,Sell,233405280
2024-08-21 09:49:58,130800.0,800,Sell,233405279
2024-08-21 09:49:58,130800.0,500,Sell,233405282
2024-08-21 09:49:58,130800.0,100,Sell,233405277
2024-08-21 09:49:58,130900.0,100,Sell,233405276
2024-08-21 09:49:58,130900.0,100,Sell,233405275
2024-08-21 09:49:58,130800.0,200,Sell,233405278
2024-08-21 09:50:06,130900.0,100,Sell,233405469
2024-08-21 09:50:14,130900.0,100,Sell,233405681
2024-08-21 09:50:33,130900.0,100,Sell,233406191
2024-08-21 09:50:39,130900.0,100,Sell,233406291
2024-08-21 09:50:46,130900.0,100,Sell,233406422
2024-08-21 09:50:46,130900.0,100,Sell,233406423
2024-08-21 09:50:56,130900.0,100,Sell,233406698
2024-08-21 09:50:57,130900.0,100,Sell,233406727
2024-08-21 09:51:03,130900.0,200,Sell,233406907
2024-08-21 09:51:12,130900.0,100,Sell,233407052
2024-08-21 09:51:12,130900.0,200,Sell,233407053
2024-08-21 09:51:17,130900.0,300,Sell,233407204
2024-08-21 09:51:17,130900.0,200,Sell,233407205
2024-08-21 09:51:17,130900.0,100,Sell,233407206
2024-08-21 09:51:17,130900.0,2900,Sell,233407207
2024-08-21 09:51:17,130900.0,100,Sell,233407208
2024-08-21 09:51:17,130900.0,1500,Sell,233407209
2024-08-21 09:52:00,130900.0,200,Sell,233408222
2024-08-21 09:52:02,130900.0,100,Sell,233408264
2024-08-21 09:52:22,130900.0,100,Sell,233408761
2024-08-21 09:52:23,130900.0,100,Sell,233408789
2024-08-21 09:52:25,130900.0,300,Sell,233408809
2024-08-21 09:52:57,130900.0,200,Sell,233409800
2024-08-21 09:53:20,131000.0,200,Buy,233410373
2024-08-21 09:53:20,131000.0,1000,Buy,233410374
2024-08-21 09:53:20,131000.0,300,Buy,233410375
2024-08-21 09:53:20,131000.0,100,Buy,233410376
2024-08-21 09:53:37,130900.0,1900,Sell,233410752
2024-08-21 09:53:37,130900.0,100,Sell,233410751
2024-08-21 09:53:37,130900.0,100,Sell,233410750
2024-08-21 09:53:37,130900.0,500,Sell,233410747
2024-08-21 09:53:37,130900.0,500,Sell,233410749
2024-08-21 09:53:37,130900.0,2800,Sell,233410745
2024-08-21 09:53:37,130900.0,400,Sell,233410746
2024-08-21 09:53:37,130900.0,400,Sell,233410741
2024-08-21 09:53:37,130900.0,300,Sell,233410742
2024-08-21 09:53:37,130900.0,500,Sell,233410748
2024-08-21 09:53:37,130900.0,1000,Sell,233410744
2024-08-21 09:53:37,130900.0,500,Sell,233410743
2024-08-21 09:53:54,130900.0,100,Sell,233411159
2024-08-21 09:54:11,130900.0,100,Sell,233411559
2024-08-21 09:54:15,131000.0,100,Buy,233411636
2024-08-21 09:54:25,130900.0,1500,Sell,233411904
2024-08-21 09:54:25,130900.0,1000,Sell,233411902
2024-08-21 09:54:25,130900.0,200,Sell,233411901
2024-08-21 09:54:25,130900.0,100,Sell,233411903
2024-08-21 09:54:25,130900.0,100,Sell,233411899
2024-08-21 09:54:25,130900.0,1000,Sell,233411898
2024-08-21 09:54:25,130900.0,300,Sell,233411897
2024-08-21 09:54:25,130900.0,800,Sell,233411896
2024-08-21 09:54:25,130900.0,100,Sell,233411900
2024-08-21 09:54:36,130900.0,1400,Sell,233412176
2024-08-21 09:54:36,130900.0,100,Sell,233412177
2024-08-21 09:54:36,130900.0,2900,Sell,233412178
2024-08-21 09:54:36,130900.0,100,Sell,233412179
2024-08-21 09:54:36,130900.0,300,Sell,233412180
2024-08-21 09:54:39,130900.0,1000,Buy,233412227
2024-08-21 09:54:46,130800.0,300,Sell,233412381
2024-08-21 09:54:51,130800.0,200,Sell,233412456
2024-08-21 09:54:54,130800.0,300,Sell,233412536
2024-08-21 09:54:55,130900.0,200,Buy,233412574
2024-08-21 09:54:55,130900.0,100,Buy,233412575
2024-08-21 09:55:10,130900.0,200,Sell,233412920
2024-08-21 09:55:10,130900.0,700,Sell,233412917
2024-08-21 09:55:10,130900.0,500,Sell,233412918
2024-08-21 09:55:10,130900.0,100,Sell,233412919
2024-08-21 09:55:16,130900.0,500,Buy,233413057
2024-08-21 09:55:18,130800.0,200,Sell,233413133
2024-08-21 09:55:18,130800.0,200,Sell,233413130
2024-08-21 09:55:18,130800.0,500,Sell,233413129
2024-08-21 09:55:18,130800.0,1000,Sell,233413132
2024-08-21 09:55:18,130800.0,100,Sell,233413127
2024-08-21 09:55:18,130800.0,300,Sell,233413126
2024-08-21 09:55:18,130800.0,200,Sell,233413125
2024-08-21 09:55:18,130800.0,1600,Sell,233413124
2024-08-21 09:55:18,130800.0,100,Sell,233413128
2024-08-21 09:55:18,130800.0,100,Sell,233413131
2024-08-21 09:55:19,130800.0,800,Sell,233413134
2024-08-21 09:55:47,130800.0,100,Sell,233413889
2024-08-21 09:55:48,130800.0,200,Sell,233413910
2024-08-21 09:55:59,130800.0,100,Sell,233414192
2024-08-21 09:56:04,130800.0,4600,Sell,233414351
2024-08-21 09:56:04,130800.0,200,Sell,233414352
2024-08-21 09:56:04,130800.0,200,Sell,233414353
2024-08-21 09:56:04,130800.0,100,Sell,233414354
2024-08-21 09:56:13,130900.0,100,Buy,233414612
2024-08-21 09:56:42,130900.0,1000,Buy,233415311
2024-08-21 09:56:43,130800.0,1000,Sell,233415317
2024-08-21 09:56:45,130800.0,200,Sell,233415444
2024-08-21 09:57:19,130900.0,400,Buy,233416299
2024-08-21 09:57:22,130900.0,1500,Buy,233416440
2024-08-21 09:57:22,130900.0,3500,Buy,233416441
2024-08-21 09:57:24,130900.0,1000,Buy,233416552
2024-08-21 09:57:42,130800.0,100,Sell,233417127
2024-08-21 09:57:48,130800.0,100,Sell,233417265
2024-08-21 09:57:52,130900.0,500,Buy,233417345
2024-08-21 09:57:52,130900.0,1500,Buy,233417346
2024-08-21 09:58:01,130900.0,200,Buy,233417670
2024-08-21 09:58:04,130900.0,500,Buy,233417855
2024-08-21 09:58:13,130900.0,400,Buy,233418078
2024-08-21 09:58:15,130900.0,100,Buy,233418162
2024-08-21 09:58:15,130900.0,800,Buy,233418163
2024-08-21 09:58:15,130900.0,1100,Buy,233418161
2024-08-21 09:58:22,130900.0,800,Buy,233418361
2024-08-21 09:58:34,130900.0,2000,Buy,233418682
2024-08-21 09:58:38,130900.0,300,Buy,233418766
2024-08-21 09:58:39,130800.0,100,Sell,233418785
2024-08-21 09:58:39,130900.0,500,Buy,233418799
2024-08-21 09:58:44,130900.0,600,Buy,233418890
2024-08-21 09:58:44,130900.0,200,Buy,233418891
2024-08-21 09:58:44,130900.0,100,Buy,233418892
2024-08-21 09:59:09,131000.0,100,Buy,233419556
2024-08-21 09:59:21,131000.0,200,Buy,233419978
2024-08-21 09:59:27,131000.0,100,Buy,233420280
2024-08-21 09:59:27,131000.0,500,Buy,233420277
2024-08-21 09:59:27,131000.0,100,Buy,233420278
2024-08-21 09:59:27,131000.0,300,Buy,233420279
2024-08-21 09:59:28,130900.0,1500,Sell,233420344
2024-08-21 09:59:28,131000.0,500,Buy,233420340
2024-08-21 09:59:36,130900.0,200,Sell,233420626
2024-08-21 09:59:36,130900.0,100,Sell,233420609
2024-08-21 09:59:37,130900.0,100,Sell,233420660
2024-08-21 09:59:39,131000.0,400,Buy,233420718
2024-08-21 09:59:39,131000.0,600,Buy,233420719
2024-08-21 09:59:45,130900.0,100,Sell,233420867
2024-08-21 10:00:07,130900.0,500,Sell,233421525
2024-08-21 10:00:11,131000.0,1300,Buy,233421620
2024-08-21 10:00:30,131000.0,500,Buy,233422144
2024-08-21 10:00:48,131000.0,400,Buy,233422581
2024-08-21 10:00:48,131000.0,2200,Buy,233422582
2024-08-21 10:00:51,131000.0,100,Buy,233422718
2024-08-21 10:01:00,131000.0,500,Buy,233422965
2024-08-21 10:01:07,131000.0,600,Buy,233423103
2024-08-21 10:01:16,131000.0,400,Buy,233423292
2024-08-21 10:01:16,131000.0,200,Buy,233423293
2024-08-21 10:01:16,131000.0,4600,Buy,233423294
2024-08-21 10:01:16,131000.0,800,Buy,233423295
2024-08-21 10:01:16,131000.0,200,Buy,233423330
2024-08-21 10:01:16,131000.0,300,Buy,233423331
2024-08-21 10:01:16,131000.0,4000,Buy,233423291
2024-08-21 10:01:26,131000.0,100,Sell,233423755
2024-08-21 10:01:37,131000.0,500,Sell,233424029
2024-08-21 10:01:37,131000.0,1100,Sell,233424028
2024-08-21 10:01:37,131000.0,100,Sell,233424027
2024-08-21 10:01:37,131000.0,700,Sell,233424025
2024-08-21 10:01:37,131000.0,1500,Sell,233424024
2024-08-21 10:01:37,131000.0,700,Sell,233424023
2024-08-21 10:01:37,131000.0,100,Sell,233424026
2024-08-21 10:01:58,131000.0,5000,Sell,233424744
2024-08-21 10:01:58,131000.0,300,Sell,233424742
2024-08-21 10:01:58,131000.0,200,Sell,233424741
2024-08-21 10:01:58,131000.0,100,Sell,233424740
2024-08-21 10:01:58,131000.0,1000,Sell,233424743
2024-08-21 10:01:58,131000.0,100,Sell,233424738
2024-08-21 10:01:58,131000.0,300,Sell,233424737
2024-08-21 10:01:58,131000.0,3000,Sell,233424736
2024-08-21 10:01:58,131000.0,1000,Sell,233424735
2024-08-21 10:01:58,131000.0,2900,Sell,233424739
2024-08-21 10:02:02,131000.0,100,Buy,233424861
2024-08-21 10:02:03,131000.0,2900,Buy,233424865
2024-08-21 10:02:04,131000.0,5000,Buy,233424897
2024-08-21 10:02:07,131000.0,300,Buy,233424953
2024-08-21 10:02:10,131100.0,200,Buy,233425020
2024-08-21 10:02:24,131100.0,500,Buy,233425434
2024-08-21 10:02:32,131100.0,3700,Buy,233425624
2024-08-21 10:02:32,131100.0,1100,Buy,233425625
2024-08-21 10:02:34,131100.0,500,Buy,233425655
2024-08-21 10:02:35,131100.0,100,Buy,233425671
2024-08-21 10:02:35,131100.0,100,Buy,233425670
2024-08-21 10:02:35,131100.0,3400,Buy,233425668
2024-08-21 10:02:35,131100.0,1500,Buy,233425669
2024-08-21 10:02:44,131200.0,400,Buy,233425846
2024-08-21 10:02:44,131200.0,100,Buy,233425847
2024-08-21 10:02:44,131200.0,500,Buy,233425962
2024-08-21 10:02:50,131200.0,100,Buy,233426092
2024-08-21 10:02:51,131200.0,200,Buy,233426118
2024-08-21 10:02:51,131200.0,100,Buy,233426119
2024-08-21 10:02:51,131200.0,100,Buy,233426120
2024-08-21 10:03:10,131200.0,700,Buy,233426696
2024-08-21 10:03:11,131200.0,100,Buy,233426750
2024-08-21 10:03:12,131200.0,300,Buy,233426759
2024-08-21 10:03:14,131200.0,500,Buy,233426827
2024-08-21 10:03:15,131200.0,1000,Buy,233426845
2024-08-21 10:03:15,131100.0,100,Sell,233426853
2024-08-21 10:03:16,131200.0,500,Buy,233426882
2024-08-21 10:03:16,131200.0,1900,Buy,233426891
2024-08-21 10:03:16,131200.0,100,Buy,233426892
2024-08-21 10:03:16,131200.0,3000,Buy,233426893
2024-08-21 10:03:18,131200.0,500,Buy,233426934
2024-08-21 10:03:18,131200.0,200,Buy,233426935
2024-08-21 10:03:18,131200.0,200,Buy,233426933
2024-08-21 10:03:18,131200.0,100,Buy,233426936
2024-08-21 10:03:18,131200.0,100,Buy,233426931
2024-08-21 10:03:18,131200.0,900,Buy,233426929
2024-08-21 10:03:18,131200.0,2000,Buy,233426928
2024-08-21 10:03:18,131200.0,400,Buy,233426932
2024-08-21 10:03:26,131200.0,100,Sell,233427209
2024-08-21 10:03:29,131300.0,5000,Buy,233427316
2024-08-21 10:03:31,131300.0,100,Buy,233427392
2024-08-21 10:03:32,131300.0,200,Buy,233427416
2024-08-21 10:03:32,131300.0,200,Buy,233427417
2024-08-21 10:03:32,131300.0,2500,Buy,233427418
2024-08-21 10:03:34,131300.0,100,Buy,233427452
2024-08-21 10:03:34,131300.0,2900,Buy,233427460
2024-08-21 10:03:36,131300.0,1000,Buy,233427547
2024-08-21 10:03:37,131300.0,100,Buy,233427558
2024-08-21 10:03:38,131300.0,100,Buy,233427579
2024-08-21 10:03:38,131300.0,5000,Buy,233427577
2024-08-21 10:03:38,131300.0,1400,Buy,233427576
2024-08-21 10:03:38,131300.0,200,Buy,233427578
2024-08-21 10:03:41,131300.0,300,Sell,233427667
2024-08-21 10:03:44,131400.0,100,Buy,233427736
2024-08-21 10:03:44,131400.0,100,Buy,233427737
2024-08-21 10:03:44,131400.0,100,Buy,233427738
2024-08-21 10:03:51,131400.0,100,Sell,233427977
2024-08-21 10:03:52,131400.0,500,Buy,233428000
2024-08-21 10:03:53,131400.0,500,Buy,233428048
2024-08-21 10:03:53,131400.0,100,Buy,233428049
2024-08-21 10:03:55,131400.0,500,Buy,233428123
2024-08-21 10:03:55,131400.0,500,Buy,233428130
2024-08-21 10:03:56,131400.0,2800,Buy,233428154
2024-08-21 10:03:56,131400.0,100,Buy,233428155
2024-08-21 10:04:05,131500.0,100,Buy,233428415
2024-08-21 10:04:05,131500.0,1100,Buy,233428413
2024-08-21 10:04:05,131500.0,100,Buy,233428414
2024-08-21 10:04:10,131500.0,100,Buy,233428551
2024-08-21 10:04:10,131500.0,100,Buy,233428552
2024-08-21 10:04:10,131500.0,100,Buy,233428553
2024-08-21 10:04:10,131500.0,100,Buy,233428554
2024-08-21 10:04:10,131500.0,100,Buy,233428555
2024-08-21 10:04:10,131500.0,1000,Buy,233428556
2024-08-21 10:04:10,131500.0,300,Buy,233428557
2024-08-21 10:04:10,131500.0,300,Buy,233428550
2024-08-21 10:04:13,131500.0,100,Buy,233428636
2024-08-21 10:04:13,131500.0,4000,Buy,233428637
2024-08-21 10:04:13,131500.0,100,Buy,233428634
2024-08-21 10:04:13,131500.0,700,Buy,233428633
2024-08-21 10:04:13,131500.0,100,Buy,233428635
2024-08-21 10:04:18,131500.0,1000,Buy,233428798
2024-08-21 10:04:21,131500.0,100,Buy,233428945
2024-08-21 10:04:22,131500.0,200,Buy,233428991
2024-08-21 10:04:22,131500.0,100,Buy,233428992
2024-08-21 10:04:22,131500.0,100,Buy,233428993
2024-08-21 10:04:22,131500.0,100,Buy,233428994
2024-08-21 10:04:23,131500.0,300,Buy,233429018
2024-08-21 10:04:23,131500.0,100,Buy,233429019
2024-08-21 10:04:23,131500.0,100,Buy,233429021
2024-08-21 10:04:30,131500.0,2800,Buy,233429194
2024-08-21 10:04:30,131500.0,200,Buy,233429195
2024-08-21 10:04:31,131500.0,600,Buy,233429200
2024-08-21 10:04:31,131500.0,100,Buy,233429199
2024-08-21 10:04:31,131500.0,100,Buy,233429198
2024-08-21 10:04:33,131500.0,400,Buy,233429267
2024-08-21 10:04:33,131500.0,100,Buy,233429268
2024-08-21 10:04:34,131500.0,400,Buy,233429369
2024-08-21 10:04:34,131500.0,100,Buy,233429368
2024-08-21 10:04:34,131500.0,100,Buy,233429367
2024-08-21 10:04:34,131500.0,100,Buy,233429366
2024-08-21 10:04:34,131500.0,4700,Buy,233429370
2024-08-21 10:04:34,131500.0,300,Buy,233429364
2024-08-21 10:04:34,131500.0,200,Buy,233429363
2024-08-21 10:04:34,131500.0,3000,Buy,233429362
2024-08-21 10:04:34,131500.0,100,Buy,233429361
2024-08-21 10:04:34,131500.0,700,Buy,233429360
2024-08-21 10:04:34,131500.0,300,Buy,233429365
2024-08-21 10:04:36,131500.0,5000,Buy,233429395
2024-08-21 10:04:37,131500.0,300,Buy,233429469
2024-08-21 10:04:37,131500.0,1700,Buy,233429470
2024-08-21 10:04:38,131500.0,500,Buy,233429490
2024-08-21 10:04:38,131500.0,1200,Buy,233429496
2024-08-21 10:04:39,131500.0,100,Sell,233429529
2024-08-21 10:04:48,131600.0,300,Buy,233429827
2024-08-21 10:04:48,131600.0,100,Buy,233429828
2024-08-21 10:04:54,131600.0,200,Sell,233430063
2024-08-21 10:04:56,131700.0,200,Buy,233430146
2024-08-21 10:04:59,131700.0,1100,Buy,233430257
2024-08-21 10:04:59,131700.0,100,Buy,233430256
2024-08-21 10:04:59,131700.0,300,Buy,233430255
2024-08-21 10:05:00,131700.0,100,Buy,233430280
2024-08-21 10:05:02,131700.0,100,Buy,233430396
2024-08-21 10:05:02,131700.0,900,Buy,233430395
2024-08-21 10:05:04,131700.0,300,Buy,233430470
2024-08-21 10:05:04,131700.0,2000,Buy,233430484
2024-08-21 10:05:04,131700.0,5000,Buy,233430485
2024-08-21 10:05:04,131700.0,100,Sell,233430516
2024-08-21 10:05:08,131800.0,100,Buy,233430732
2024-08-21 10:05:09,131800.0,100,Buy,233430753
2024-08-21 10:05:09,131800.0,100,Buy,233430754
2024-08-21 10:05:09,131700.0,500,Sell,233430755
2024-08-21 10:05:17,131800.0,700,Buy,233431015
2024-08-21 10:05:17,131800.0,100,Buy,233431014
2024-08-21 10:05:17,131800.0,300,Buy,233431013
2024-08-21 10:05:17,131800.0,1000,Buy,233431011
2024-08-21 10:05:17,131800.0,300,Buy,233431010
2024-08-21 10:05:17,131800.0,200,Buy,233431012
2024-08-21 10:05:24,131900.0,100,Buy,233431290
2024-08-21 10:05:30,131900.0,300,Buy,233431466
2024-08-21 10:05:30,131900.0,100,Buy,233431467
2024-08-21 10:05:30,131900.0,100,Buy,233431468
2024-08-21 10:05:30,131900.0,100,Buy,233431469
2024-08-21 10:05:30,131900.0,100,Buy,233431470
2024-08-21 10:05:30,131900.0,300,Buy,233431471
2024-08-21 10:05:31,131900.0,100,Buy,233431491
2024-08-21 10:05:33,131900.0,400,Buy,233431568
2024-08-21 10:05:33,131900.0,500,Buy,233431567
2024-08-21 10:05:33,131900.0,1000,Buy,233431565
2024-08-21 10:05:33,131900.0,200,Buy,233431564
2024-08-21 10:05:33,131900.0,200,Buy,233431566
2024-08-21 10:05:35,131900.0,100,Buy,233431627
2024-08-21 10:05:36,131900.0,100,Buy,233431688
2024-08-21 10:05:36,131900.0,100,Buy,233431689
2024-08-21 10:05:36,131900.0,400,Buy,233431690
2024-08-21 10:05:36,131900.0,100,Buy,233431691
2024-08-21 10:05:36,131900.0,5000,Buy,233431692
2024-08-21 10:05:42,132000.0,200,Buy,233432020
2024-08-21 10:05:42,132000.0,100,Buy,233432021
2024-08-21 10:05:42,132000.0,200,Buy,233432022
2024-08-21 10:05:47,132000.0,200,Buy,233432275
2024-08-21 10:05:47,132000.0,1000,Buy,233432274
2024-08-21 10:05:47,132000.0,300,Buy,233432273
2024-08-21 10:05:48,132000.0,800,Buy,233432315
2024-08-21 10:05:50,132000.0,100,Buy,233432479
2024-08-21 10:05:51,132000.0,100,Buy,233432517
2024-08-21 10:05:51,132000.0,100,Buy,233432518
2024-08-21 10:05:53,132000.0,100,Buy,233432559
2024-08-21 10:05:54,132000.0,200,Buy,233432590
2024-08-21 10:05:54,132000.0,200,Buy,233432591
2024-08-21 10:05:55,132000.0,200,Buy,233432733
2024-08-21 10:05:56,132000.0,1000,Buy,233432752
2024-08-21 10:05:58,132000.0,1400,Buy,233432807
2024-08-21 10:05:58,132000.0,300,Buy,233432843
2024-08-21 10:05:58,132000.0,400,Buy,233432806
2024-08-21 10:05:58,132000.0,100,Buy,233432803
2024-08-21 10:05:58,132000.0,200,Buy,233432804
2024-08-21 10:05:58,132000.0,100,Buy,233432805
2024-08-21 10:05:58,132000.0,4800,Buy,233432802
2024-08-21 10:05:59,132000.0,200,Buy,233432869
2024-08-21 10:06:00,132000.0,500,Buy,233432881
2024-08-21 10:06:05,132000.0,500,Buy,233433075
2024-08-21 10:06:07,132000.0,3000,Buy,233433129
2024-08-21 10:06:07,132000.0,200,Buy,233433164
2024-08-21 10:06:08,132000.0,5400,Buy,233433176
2024-08-21 10:06:13,132000.0,5000,Buy,233433403
2024-08-21 10:06:14,132000.0,300,Buy,233433418
2024-08-21 10:06:14,132000.0,2600,Buy,233433442
2024-08-21 10:06:16,132000.0,700,Buy,233433508
2024-08-21 10:06:21,132000.0,3000,Buy,233433645
2024-08-21 10:06:21,132000.0,1000,Buy,233433646
2024-08-21 10:06:22,132000.0,300,Buy,233433711
2024-08-21 10:06:22,132000.0,2000,Buy,233433731
2024-08-21 10:06:24,132000.0,500,Buy,233433765
2024-08-21 10:06:24,132000.0,300,Buy,233433798
2024-08-21 10:06:26,132000.0,10800,Buy,233433908
2024-08-21 10:06:26,132000.0,200,Buy,233433907
2024-08-21 10:06:26,132000.0,300,Buy,233433906
2024-08-21 10:06:26,132000.0,100,Buy,233433905
2024-08-21 10:06:26,132000.0,1000,Buy,233433904
2024-08-21 10:06:26,132000.0,500,Buy,233433897
2024-08-21 10:06:26,132000.0,100,Buy,233433898
2024-08-21 10:06:26,132000.0,500,Buy,233433896
2024-08-21 10:06:26,132000.0,5700,Buy,233433903
2024-08-21 10:06:26,132000.0,100,Buy,233433894
2024-08-21 10:06:26,132000.0,100,Buy,233433895
2024-08-21 10:06:26,132000.0,800,Buy,233433883
2024-08-21 10:06:26,132000.0,1400,Buy,233433888
2024-08-21 10:06:26,132000.0,2000,Buy,233433889
2024-08-21 10:06:26,132000.0,600,Buy,233433902
2024-08-21 10:06:26,132000.0,200,Buy,233433891
2024-08-21 10:06:26,132000.0,500,Buy,233433892
2024-08-21 10:06:26,132000.0,500,Buy,233433890
2024-08-21 10:06:26,132000.0,4600,Buy,233433893
2024-08-21 10:06:27,132000.0,500,Buy,233433957
2024-08-21 10:06:29,132000.0,900,Buy,233434008
2024-08-21 10:06:31,132000.0,500,Buy,233434078
2024-08-21 10:06:31,132000.0,1000,Buy,233434060
2024-08-21 10:06:31,132000.0,3400,Buy,233434073
2024-08-21 10:06:32,132000.0,1000,Buy,233434114
2024-08-21 10:06:32,132000.0,200,Buy,233434117
2024-08-21 10:06:34,132000.0,1900,Buy,233434206
2024-08-21 10:06:37,132000.0,200,Buy,233434337
2024-08-21 10:06:38,132000.0,500,Buy,233434366
2024-08-21 10:06:40,132000.0,100,Buy,233434413
2024-08-21 10:06:40,132000.0,1700,Buy,233434443
2024-08-21 10:06:41,132000.0,100,Buy,233434459
2024-08-21 10:06:42,132000.0,100,Buy,233434508
2024-08-21 10:06:43,132000.0,100,Buy,233434600
2024-08-21 10:06:44,132000.0,400,Buy,233434630
2024-08-21 10:06:44,132000.0,100,Buy,233434632
2024-08-21 10:06:44,132000.0,100,Buy,233434631
2024-08-21 10:06:44,132000.0,300,Buy,233434629
2024-08-21 10:06:44,132000.0,100,Buy,233434608
2024-08-21 10:06:44,132000.0,1500,Buy,233434606
2024-08-21 10:06:44,132000.0,100,Buy,233434628
2024-08-21 10:06:44,132000.0,100,Buy,233434607
2024-08-21 10:06:47,132000.0,400,Buy,233434716
2024-08-21 10:06:47,132000.0,300,Buy,233434737
2024-08-21 10:06:47,132000.0,700,Buy,233434723
2024-08-21 10:06:47,132000.0,100,Buy,233434722
2024-08-21 10:06:47,132000.0,700,Buy,233434738
2024-08-21 10:06:47,132000.0,800,Buy,233434720
2024-08-21 10:06:47,132000.0,100,Buy,233434719
2024-08-21 10:06:47,132000.0,200,Buy,233434718
2024-08-21 10:06:47,132000.0,500,Buy,233434717
2024-08-21 10:06:47,132000.0,200,Buy,233434721
2024-08-21 10:06:49,132000.0,300,Buy,233434791
2024-08-21 10:06:49,132000.0,100,Buy,233434792
2024-08-21 10:06:49,132000.0,100,Buy,233434793
2024-08-21 10:06:49,132000.0,400,Buy,233434794
2024-08-21 10:06:50,132000.0,1000,Buy,233434827
2024-08-21 10:06:50,132000.0,500,Buy,233434833
2024-08-21 10:06:50,132000.0,1100,Buy,233434830
2024-08-21 10:06:50,132000.0,300,Buy,233434826
2024-08-21 10:06:50,132000.0,500,Buy,233434829
2024-08-21 10:06:50,132000.0,100,Buy,233434815
2024-08-21 10:06:50,132000.0,200,Buy,233434816
2024-08-21 10:06:50,132000.0,300,Buy,233434811
2024-08-21 10:06:50,132000.0,100,Buy,233434812
2024-08-21 10:06:50,132000.0,100,Buy,233434828
2024-08-21 10:06:50,132000.0,100,Buy,233434814
2024-08-21 10:06:50,132000.0,200,Buy,233434813
2024-08-21 10:06:52,132000.0,400,Buy,233434872
2024-08-21 10:06:52,132000.0,100,Buy,233434873
2024-08-21 10:06:54,132000.0,300,Buy,233434995
2024-08-21 10:06:54,132000.0,100,Buy,233434996
2024-08-21 10:06:54,132000.0,300,Buy,233434997
2024-08-21 10:06:54,132000.0,1000,Buy,233434998
2024-08-21 10:06:54,132000.0,100,Buy,233434999
2024-08-21 10:06:54,132000.0,200,Buy,233435000
2024-08-21 10:06:54,132000.0,100,Buy,233435001
2024-08-21 10:06:54,132000.0,100,Buy,233435002
2024-08-21 10:06:54,132000.0,200,Buy,233435003
2024-08-21 10:06:54,132000.0,200,Buy,233435005
2024-08-21 10:06:54,132000.0,100,Buy,233435006
2024-08-21 10:06:54,132000.0,5000,Buy,233435007
2024-08-21 10:06:54,132000.0,5100,Buy,233435009
2024-08-21 10:06:54,132000.0,500,Buy,233435010
2024-08-21 10:06:54,132000.0,1000,Buy,233435011
2024-08-21 10:06:54,132000.0,200,Buy,233435012
2024-08-21 10:06:54,132000.0,100,Buy,233435013
2024-08-21 10:06:54,132000.0,1000,Buy,233435004
2024-08-21 10:06:54,132000.0,5000,Buy,233435008
2024-08-21 10:06:54,132000.0,1600,Buy,233434992
2024-08-21 10:06:54,132000.0,100,Buy,233434991
2024-08-21 10:06:54,132000.0,300,Buy,233434994
2024-08-21 10:06:54,131900.0,100,Sell,233434955
2024-08-21 10:06:54,132000.0,200,Buy,233434962
2024-08-21 10:06:54,132000.0,700,Buy,233434975
2024-08-21 10:06:54,132000.0,2800,Buy,233434976
2024-08-21 10:06:54,132000.0,1000,Buy,233434977
2024-08-21 10:06:54,132000.0,200,Buy,233434978
2024-08-21 10:06:54,132000.0,1000,Buy,233434979
2024-08-21 10:06:54,132000.0,100,Buy,233434980
2024-08-21 10:06:54,132000.0,1000,Buy,233434990
2024-08-21 10:06:54,132000.0,1100,Buy,233434982
2024-08-21 10:06:54,132000.0,100,Buy,233434983
2024-08-21 10:06:54,132000.0,500,Buy,233434984
2024-08-21 10:06:54,132000.0,100,Buy,233434985
2024-08-21 10:06:54,132000.0,200,Buy,233434986
2024-08-21 10:06:54,132000.0,100,Buy,233434987
2024-08-21 10:06:54,132000.0,100,Buy,233434988
2024-08-21 10:06:54,132000.0,1000,Buy,233434989
2024-08-21 10:06:54,132000.0,100,Buy,233434981
2024-08-21 10:06:55,132000.0,100,Sell,233435055
2024-08-21 10:06:55,132000.0,100,Sell,233435067
2024-08-21 10:06:57,132000.0,500,Sell,233435128
2024-08-21 10:07:01,132100.0,500,Buy,233435229
2024-08-21 10:07:01,132100.0,1000,Buy,233435247
2024-08-21 10:07:04,132000.0,100,Sell,233435328
2024-08-21 10:07:07,132100.0,10000,Buy,233435444
2024-08-21 10:07:07,132100.0,300,Buy,233435445
2024-08-21 10:07:07,132100.0,9700,Buy,233435450
2024-08-21 10:07:07,132100.0,2400,Buy,233435451
2024-08-21 10:07:10,132100.0,300,Buy,233435531
2024-08-21 10:07:10,132100.0,700,Buy,233435533
2024-08-21 10:07:10,132100.0,9700,Buy,233435534
2024-08-21 10:07:13,132100.0,9700,Buy,233435622
2024-08-21 10:07:13,132100.0,300,Buy,233435611
2024-08-21 10:07:13,132100.0,1100,Buy,233435612
2024-08-21 10:07:14,132100.0,300,Buy,233435652
2024-08-21 10:07:15,132100.0,4000,Buy,233435676
2024-08-21 10:07:15,132100.0,100,Buy,233435677
2024-08-21 10:07:15,132100.0,100,Buy,233435678
2024-08-21 10:07:15,132100.0,800,Buy,233435679
2024-08-21 10:07:16,132100.0,2600,Buy,233435687
2024-08-21 10:07:18,132100.0,1600,Buy,233435778
2024-08-21 10:07:18,132100.0,400,Buy,233435779
2024-08-21 10:07:20,132200.0,100,Buy,233435843
2024-08-21 10:07:20,132100.0,300,Buy,233435831
2024-08-21 10:07:20,132100.0,1000,Buy,233435824
2024-08-21 10:07:20,132100.0,100,Buy,233435832
2024-08-21 10:07:24,132200.0,100,Buy,233435950
2024-08-21 10:07:24,132200.0,100,Buy,233435951
2024-08-21 10:07:25,132100.0,500,Sell,233435974
2024-08-21 10:07:29,132200.0,100,Buy,233436069
2024-08-21 10:07:30,132200.0,2700,Buy,233436096
2024-08-21 10:07:30,132200.0,100,Buy,233436095
2024-08-21 10:07:30,132200.0,100,Buy,233436093
2024-08-21 10:07:30,132200.0,500,Buy,233436094
2024-08-21 10:07:30,132200.0,100,Buy,233436091
2024-08-21 10:07:30,132200.0,200,Buy,233436092
2024-08-21 10:07:30,132200.0,800,Buy,233436089
2024-08-21 10:07:30,132200.0,500,Buy,233436090
2024-08-21 10:07:32,132200.0,100,Buy,233436170
2024-08-21 10:07:33,132200.0,100,Buy,233436217
2024-08-21 10:07:34,132200.0,1000,Buy,233436231
2024-08-21 10:07:34,132200.0,800,Buy,233436232
2024-08-21 10:07:34,132200.0,300,Buy,233436242
2024-08-21 10:07:34,132200.0,100,Buy,233436243
2024-08-21 10:07:34,132200.0,200,Buy,233436244
2024-08-21 10:07:34,132300.0,100,Buy,233436266
2024-08-21 10:07:35,132200.0,200,Sell,233436301
2024-08-21 10:07:36,132200.0,500,Sell,233436325
2024-08-21 10:07:38,132300.0,1000,Buy,233436401
2024-08-21 10:07:39,132300.0,600,Buy,233436433
2024-08-21 10:07:39,132300.0,200,Buy,233436434
2024-08-21 10:07:39,132300.0,500,Buy,233436435
2024-08-21 10:07:39,132300.0,500,Buy,233436436
2024-08-21 10:07:39,132300.0,5000,Buy,233436437
2024-08-21 10:07:39,132300.0,200,Buy,233436438
2024-08-21 10:07:39,132300.0,2700,Buy,233436439
2024-08-21 10:07:39,132300.0,500,Buy,233436445
2024-08-21 10:07:39,132300.0,300,Buy,233436423
2024-08-21 10:07:41,132200.0,300,Sell,233436463
2024-08-21 10:07:41,132200.0,700,Sell,233436462
2024-08-21 10:07:42,132200.0,100,Buy,233436539
2024-08-21 10:07:42,132200.0,500,Buy,233436514
2024-08-21 10:07:42,132200.0,200,Sell,233436510
2024-08-21 10:07:42,132200.0,1000,Sell,233436512
2024-08-21 10:07:42,132200.0,200,Sell,233436511
2024-08-21 10:07:42,132200.0,3000,Sell,233436513
2024-08-21 10:07:45,132300.0,600,Buy,233436670
2024-08-21 10:07:46,132300.0,200,Buy,233436744
2024-08-21 10:07:48,132300.0,100,Buy,233436786
2024-08-21 10:07:50,132300.0,1100,Buy,233436843
2024-08-21 10:07:50,132300.0,900,Buy,233436842
2024-08-21 10:07:53,132300.0,10000,Buy,233436900
2024-08-21 10:07:53,132300.0,100,Buy,233436906
2024-08-21 10:07:54,132400.0,200,Buy,233436933
2024-08-21 10:07:54,132400.0,2000,Buy,233436934
2024-08-21 10:07:54,132400.0,100,Buy,233436935
2024-08-21 10:07:54,132400.0,1000,Buy,233436936
2024-08-21 10:07:54,132400.0,5000,Buy,233436937
2024-08-21 10:07:55,132400.0,500,Sell,233436951
2024-08-21 10:07:56,132300.0,300,Sell,233436985
2024-08-21 10:07:56,132300.0,1500,Sell,233436984
2024-08-21 10:07:56,132300.0,100,Sell,233436983
2024-08-21 10:07:56,132400.0,1000,Sell,233436979
2024-08-21 10:07:56,132300.0,100,Sell,233436982
2024-08-21 10:07:57,132300.0,300,Sell,233437023
2024-08-21 10:08:01,132400.0,500,Buy,233437143
2024-08-21 10:08:03,132400.0,1000,Buy,233437203
2024-08-21 10:08:04,132400.0,2000,Buy,233437214
2024-08-21 10:08:04,132400.0,300,Buy,233437215
2024-08-21 10:08:08,132400.0,200,Buy,233437321
2024-08-21 10:08:08,132400.0,400,Buy,233437322
2024-08-21 10:08:10,132400.0,1000,Buy,233437427
2024-08-21 10:08:14,132400.0,900,Buy,233437559
2024-08-21 10:08:14,132400.0,400,Buy,233437560
2024-08-21 10:08:14,132400.0,100,Buy,233437570
2024-08-21 10:08:14,132400.0,1300,Buy,233437598
2024-08-21 10:08:15,132400.0,100,Buy,233437608
2024-08-21 10:08:16,132400.0,100,Buy,233437668
2024-08-21 10:08:18,132300.0,1000,Sell,233437734
2024-08-21 10:08:18,132300.0,500,Sell,233437733
2024-08-21 10:08:18,132300.0,1000,Sell,233437731
2024-08-21 10:08:18,132300.0,1000,Sell,233437732
2024-08-21 10:08:18,132300.0,100,Sell,233437730
2024-08-21 10:08:24,132400.0,700,Buy,233437962
2024-08-21 10:08:24,132400.0,100,Buy,233437963
2024-08-21 10:08:25,132300.0,600,Sell,233437989
2024-08-21 10:08:33,132300.0,100,Sell,233438356
2024-08-21 10:08:34,132300.0,1000,Sell,233438378
2024-08-21 10:08:34,132400.0,100,Buy,233438371
2024-08-21 10:08:34,132300.0,1000,Sell,233438377
2024-08-21 10:08:38,132200.0,19300,Sell,233438472
2024-08-21 10:08:38,132200.0,900,Sell,233438471
2024-08-21 10:08:39,132300.0,100,Buy,233438488
2024-08-21 10:08:39,132200.0,700,Sell,233438489
2024-08-21 10:08:42,132300.0,100,Buy,233438553
2024-08-21 10:08:42,132100.0,3000,Sell,233438581
2024-08-21 10:08:43,132100.0,100,Sell,233438663
2024-08-21 10:08:44,132100.0,900,Sell,233438709
2024-08-21 10:08:56,132200.0,300,Buy,233439176
2024-08-21 10:08:56,132200.0,200,Buy,233439222
2024-08-21 10:08:57,132100.0,500,Sell,233439234
2024-08-21 10:08:57,132100.0,200,Buy,233439248
2024-08-21 10:09:00,132100.0,3000,Buy,233439310
2024-08-21 10:09:02,132100.0,100,Buy,233439378
2024-08-21 10:09:06,132100.0,700,Buy,233439527
2024-08-21 10:09:06,132100.0,100,Buy,233439528
2024-08-21 10:09:06,132100.0,200,Buy,233439547
2024-08-21 10:09:06,132100.0,100,Buy,233439548
2024-08-21 10:09:06,132100.0,500,Buy,233439549
2024-08-21 10:09:06,132100.0,200,Buy,233439550
2024-08-21 10:09:06,132100.0,1700,Buy,233439526
2024-08-21 10:09:07,132100.0,1000,Buy,233439570
2024-08-21 10:09:11,132100.0,200,Buy,233439659
2024-08-21 10:09:12,132000.0,2000,Sell,233439711
2024-08-21 10:09:12,132000.0,500,Sell,233439708
2024-08-21 10:09:12,132000.0,300,Sell,233439710
2024-08-21 10:09:12,132000.0,10000,Sell,233439709
2024-08-21 10:09:12,132000.0,16500,Sell,233439705
2024-08-21 10:09:12,132000.0,100,Sell,233439707
2024-08-21 10:09:12,132000.0,500,Sell,233439706
2024-08-21 10:09:25,132000.0,100,Buy,233440096
2024-08-21 10:09:25,131900.0,200,Sell,233440103
2024-08-21 10:09:25,131900.0,100,Sell,233440104
2024-08-21 10:09:25,131900.0,5900,Sell,233440105
2024-08-21 10:09:25,131900.0,100,Sell,233440106
2024-08-21 10:09:25,131900.0,300,Sell,233440107
2024-08-21 10:09:25,131900.0,9700,Sell,233440108
2024-08-21 10:09:25,131900.0,2200,Sell,233440109
2024-08-21 10:09:29,131900.0,100,Buy,233440272
2024-08-21 10:09:33,131900.0,100,Buy,233440421
2024-08-21 10:09:37,131800.0,3800,Sell,233440538
2024-08-21 10:09:37,131800.0,200,Sell,233440537
2024-08-21 10:09:39,131900.0,200,Buy,233440597
2024-08-21 10:09:41,131800.0,1700,Sell,233440641
2024-08-21 10:09:42,131800.0,300,Sell,233440669
2024-08-21 10:09:42,131800.0,300,Sell,233440670
2024-08-21 10:09:42,131800.0,9400,Sell,233440671
2024-08-21 10:09:45,131900.0,700,Buy,233440779
2024-08-21 10:09:56,131800.0,300,Sell,233441098
2024-08-21 10:09:56,131800.0,700,Sell,233441099
2024-08-21 10:10:00,131800.0,200,Buy,233441210
2024-08-21 10:10:00,131800.0,100,Buy,233441170
2024-08-21 10:10:00,131800.0,100,Sell,233441168
2024-08-21 10:10:00,131800.0,300,Sell,233441167
2024-08-21 10:10:00,131800.0,100,Buy,233441169
2024-08-21 10:10:03,131800.0,100,Buy,233441332
2024-08-21 10:10:03,131800.0,500,Buy,233441333
2024-08-21 10:10:07,131800.0,1000,Buy,233441388
2024-08-21 10:10:21,131800.0,500,Buy,233441839
2024-08-21 10:10:22,131700.0,2100,Sell,233441859
2024-08-21 10:10:22,131700.0,10000,Sell,233441860
2024-08-21 10:10:22,131700.0,1000,Sell,233441861
2024-08-21 10:10:22,131700.0,100,Sell,233441862
2024-08-21 10:10:22,131700.0,2900,Sell,233441863
2024-08-21 10:10:22,131700.0,3900,Sell,233441864
2024-08-21 10:10:31,131700.0,100,Sell,233442119
2024-08-21 10:10:31,131700.0,300,Sell,233442117
2024-08-21 10:10:31,131800.0,200,Buy,233442094
2024-08-21 10:10:31,131700.0,100,Sell,233442118
2024-08-21 10:10:33,131600.0,100,Sell,233442146
2024-08-21 10:10:34,131700.0,100,Buy,233442193
2024-08-21 10:10:39,131600.0,100,Sell,233442426
2024-08-21 10:10:39,131600.0,100,Sell,233442427
2024-08-21 10:10:39,131600.0,800,Sell,233442428
2024-08-21 10:10:45,131600.0,100,Sell,233442620
2024-08-21 10:10:49,131700.0,100,Buy,233442700
2024-08-21 10:10:52,131600.0,400,Sell,233442795
2024-08-21 10:11:15,131600.0,200,Sell,233443691
2024-08-21 10:11:21,131600.0,100,Sell,233443931
2024-08-21 10:11:25,131700.0,200,Buy,233444056
2024-08-21 10:11:29,131700.0,100,Buy,233444190
2024-08-21 10:11:29,131700.0,100,Buy,233444189
2024-08-21 10:11:30,131700.0,200,Buy,233444232
2024-08-21 10:11:37,131700.0,500,Buy,233444700
2024-08-21 10:11:54,131600.0,100,Sell,233445198
2024-08-21 10:11:59,131600.0,1000,Sell,233445347
2024-08-21 10:11:59,131600.0,1200,Sell,233445346
2024-08-21 10:11:59,131600.0,800,Sell,233445348
2024-08-21 10:12:01,131700.0,200,Buy,233445371
2024-08-21 10:12:01,131600.0,5000,Sell,233445373
2024-08-21 10:12:01,131600.0,2000,Sell,233445379
2024-08-21 10:12:07,131500.0,5000,Sell,233445524
2024-08-21 10:12:07,131500.0,100,Sell,233445523
2024-08-21 10:12:07,131500.0,700,Sell,233445522
2024-08-21 10:12:07,131600.0,100,Sell,233445517
2024-08-21 10:12:07,131600.0,100,Sell,233445516
2024-08-21 10:12:07,131600.0,100,Sell,233445515
2024-08-21 10:12:07,131600.0,10000,Sell,233445514
2024-08-21 10:12:07,131600.0,500,Sell,233445513
2024-08-21 10:12:07,131600.0,100,Sell,233445511
2024-08-21 10:12:07,131500.0,700,Sell,233445525
2024-08-21 10:12:07,131600.0,200,Sell,233445509
2024-08-21 10:12:07,131600.0,2900,Sell,233445508
2024-08-21 10:12:07,131600.0,100,Sell,233445507
2024-08-21 10:12:07,131600.0,1300,Sell,233445506
2024-08-21 10:12:07,131600.0,300,Sell,233445505
2024-08-21 10:12:07,131600.0,2200,Sell,233445504
2024-08-21 10:12:07,131600.0,3400,Sell,233445512
2024-08-21 10:12:07,131600.0,200,Sell,233445510
2024-08-21 10:12:22,131500.0,100,Sell,233445832
2024-08-21 10:13:00,131600.0,500,Buy,233446802
2024-08-21 10:13:00,131600.0,1000,Buy,233446801
2024-08-21 10:13:00,131600.0,100,Buy,233446803
2024-08-21 10:13:02,131600.0,100,Buy,233446918
2024-08-21 10:13:03,131500.0,300,Sell,233446936
2024-08-21 10:13:15,131600.0,1000,Buy,233447293
2024-08-21 10:13:23,131600.0,100,Buy,233447472
2024-08-21 10:13:23,131600.0,2900,Buy,233447473
2024-08-21 10:13:28,131600.0,500,Buy,233447606
2024-08-21 10:13:31,131600.0,300,Buy,233447679
2024-08-21 10:13:39,131700.0,200,Buy,233447810
2024-08-21 10:13:53,131700.0,100,Buy,233448072
2024-08-21 10:14:01,131600.0,500,Buy,233448218
2024-08-21 10:14:01,131600.0,200,Sell,233448211
2024-08-21 10:14:01,131600.0,2900,Sell,233448210
2024-08-21 10:14:01,131600.0,200,Sell,233448207
2024-08-21 10:14:01,131600.0,200,Sell,233448208
2024-08-21 10:14:01,131600.0,100,Sell,233448209
2024-08-21 10:14:01,131600.0,100,Sell,233448206
2024-08-21 10:14:05,131600.0,300,Buy,233448335
2024-08-21 10:14:06,131600.0,500,Buy,233448359
2024-08-21 10:14:06,131600.0,100,Buy,233448360
2024-08-21 10:14:10,131600.0,1500,Buy,233448454
2024-08-21 10:14:12,131500.0,100,Sell,233448513
2024-08-21 10:14:24,131500.0,100,Sell,233448898
2024-08-21 10:14:28,131500.0,600,Sell,233448966
2024-08-21 10:14:33,131500.0,400,Sell,233449161
2024-08-21 10:14:33,131500.0,100,Sell,233449160
2024-08-21 10:14:33,131500.0,3100,Sell,233449156
2024-08-21 10:14:33,131500.0,200,Sell,233449158
2024-08-21 10:14:33,131500.0,1000,Sell,233449159
2024-08-21 10:14:33,131500.0,100,Sell,233449157
2024-08-21 10:14:39,131600.0,1000,Buy,233449286
2024-08-21 10:14:44,131600.0,100,Buy,233449404
2024-08-21 10:14:57,131600.0,1000,Buy,233449706
2024-08-21 10:15:04,131500.0,100,Sell,233449886
2024-08-21 10:15:07,131500.0,300,Sell,233449963
2024-08-21 10:15:14,131500.0,1200,Sell,233450078
2024-08-21 10:15:14,131500.0,100,Sell,233450079
2024-08-21 10:15:14,131500.0,400,Sell,233450080
2024-08-21 10:15:21,131500.0,500,Sell,233450262
2024-08-21 10:15:30,131500.0,300,Sell,233450475
2024-08-21 10:15:37,131500.0,100,Sell,233450657
2024-08-21 10:15:37,131500.0,100,Sell,233450656
2024-08-21 10:15:37,131500.0,500,Sell,233450655
2024-08-21 10:15:37,131500.0,400,Sell,233450654
2024-08-21 10:15:37,131500.0,1900,Sell,233450653
2024-08-21 10:15:37,131500.0,500,Sell,233450652
2024-08-21 10:15:37,131500.0,100,Sell,233450651
2024-08-21 10:15:37,131500.0,3100,Sell,233450650
2024-08-21 10:15:37,131500.0,100,Sell,233450649
2024-08-21 10:15:37,131500.0,100,Sell,233450658
2024-08-21 10:15:37,131500.0,100,Sell,233450648
2024-08-21 10:15:37,131500.0,500,Sell,233450646
2024-08-21 10:15:37,131500.0,500,Sell,233450645
2024-08-21 10:15:37,131500.0,500,Sell,233450644
2024-08-21 10:15:37,131500.0,200,Sell,233450643
2024-08-21 10:15:37,131500.0,300,Sell,233450642
2024-08-21 10:15:37,131500.0,100,Sell,233450641
2024-08-21 10:15:37,131500.0,200,Sell,233450640
2024-08-21 10:15:37,131500.0,2900,Sell,233450639
2024-08-21 10:15:37,131500.0,100,Sell,233450638
2024-08-21 10:15:37,131500.0,1700,Sell,233450637
2024-08-21 10:15:37,131500.0,1000,Sell,233450647
2024-08-21 10:15:48,131500.0,200,Sell,233450931
2024-08-21 10:15:48,131500.0,300,Sell,233450930
2024-08-21 10:15:48,131500.0,100,Sell,233450924
2024-08-21 10:15:48,131500.0,1000,Sell,233450923
2024-08-21 10:15:48,131500.0,200,Sell,233450919
2024-08-21 10:15:48,131500.0,100,Sell,233450921
2024-08-21 10:15:48,131500.0,1100,Sell,233450920
2024-08-21 10:15:48,131500.0,100,Sell,233450918
2024-08-21 10:15:48,131500.0,200,Sell,233450922
2024-08-21 10:16:00,131500.0,200,Sell,233451304
2024-08-21 10:16:00,131500.0,100,Sell,233451305
2024-08-21 10:16:01,131500.0,100,Sell,233451331
2024-08-21 10:16:14,131500.0,100,Sell,233451673
2024-08-21 10:16:14,131500.0,100,Sell,233451667
2024-08-21 10:16:14,131500.0,800,Sell,233451665
2024-08-21 10:16:14,131500.0,1000,Sell,233451666
2024-08-21 10:16:30,131500.0,1000,Sell,233452126
2024-08-21 10:16:30,131500.0,6800,Sell,233452127
2024-08-21 10:16:30,131500.0,13200,Sell,233452137
2024-08-21 10:16:30,131500.0,3000,Sell,233452138
2024-08-21 10:16:30,131500.0,1000,Sell,233452139
2024-08-21 10:16:30,131500.0,200,Sell,233452125
2024-08-21 10:16:44,131500.0,700,Buy,233452421
2024-08-21 10:16:52,131500.0,100,Buy,233452707
2024-08-21 10:16:58,131500.0,200,Buy,233452807
2024-08-21 10:17:09,131500.0,100,Buy,233453114
2024-08-21 10:17:20,131500.0,1200,Buy,233453513
2024-08-21 10:17:20,131500.0,700,Buy,233453512
2024-08-21 10:17:20,131500.0,1000,Buy,233453502
2024-08-21 10:17:27,131500.0,100,Buy,233453705
2024-08-21 10:17:33,131500.0,200,Buy,233453853
2024-08-21 10:17:33,131500.0,200,Buy,233453860
2024-08-21 10:17:33,131500.0,1700,Buy,233453861
2024-08-21 10:17:33,131500.0,1700,Buy,233453862
2024-08-21 10:17:33,131500.0,3400,Buy,233453863
2024-08-21 10:17:33,131500.0,300,Buy,233453864
2024-08-21 10:17:33,131500.0,1500,Buy,233453865
2024-08-21 10:17:34,131500.0,200,Buy,233453881
2024-08-21 10:17:35,131500.0,100,Buy,233453893
2024-08-21 10:17:35,131500.0,100,Buy,233453892
2024-08-21 10:17:36,131500.0,200,Buy,233453953
2024-08-21 10:17:40,131500.0,400,Buy,233454036
2024-08-21 10:17:40,131500.0,100,Buy,233454037
2024-08-21 10:17:43,131500.0,100,Buy,233454170
2024-08-21 10:17:51,131400.0,100,Sell,233454344
2024-08-21 10:17:58,131500.0,500,Buy,233454452
2024-08-21 10:18:09,131500.0,200,Buy,233454688
2024-08-21 10:18:15,131500.0,200,Buy,233454812
2024-08-21 10:18:15,131500.0,100,Buy,233454828
2024-08-21 10:18:16,131400.0,500,Sell,233454857
2024-08-21 10:18:16,131400.0,200,Sell,233454858
2024-08-21 10:18:16,131400.0,100,Sell,233454859
2024-08-21 10:18:16,131300.0,100,Sell,233454860
2024-08-21 10:18:16,131400.0,500,Sell,233454856
2024-08-21 10:18:16,131300.0,100,Sell,233454862
2024-08-21 10:18:16,131300.0,2900,Sell,233454863
2024-08-21 10:18:16,131300.0,100,Sell,233454864
2024-08-21 10:18:16,131300.0,500,Sell,233454861
2024-08-21 10:18:16,131400.0,200,Sell,233454855
2024-08-21 10:18:16,131300.0,2300,Sell,233454865
2024-08-21 10:18:16,131400.0,500,Sell,233454853
2024-08-21 10:18:16,131400.0,300,Sell,233454852
2024-08-21 10:18:16,131400.0,2900,Sell,233454851
2024-08-21 10:18:16,131400.0,100,Sell,233454850
2024-08-21 10:18:16,131400.0,2900,Sell,233454849
2024-08-21 10:18:16,131400.0,100,Sell,233454848
2024-08-21 10:18:16,131400.0,2900,Sell,233454847
2024-08-21 10:18:16,131400.0,100,Sell,233454846
2024-08-21 10:18:16,131400.0,500,Sell,233454845
2024-08-21 10:18:16,131400.0,200,Sell,233454844
2024-08-21 10:18:16,131400.0,2000,Sell,233454854
2024-08-21 10:18:50,131400.0,100,Buy,233455842
2024-08-21 10:18:51,131400.0,1900,Buy,233455847
2024-08-21 10:18:51,131400.0,1000,Sell,233455848
2024-08-21 10:18:56,131400.0,1000,Buy,233456019
2024-08-21 10:19:02,131500.0,200,Buy,233456194
2024-08-21 10:19:12,131500.0,300,Buy,233456491
2024-08-21 10:19:14,131500.0,100,Buy,233456564
2024-08-21 10:19:29,131500.0,100,Buy,233456981
2024-08-21 10:19:33,131500.0,100,Buy,233457067
2024-08-21 10:19:39,131500.0,100,Buy,233457242
2024-08-21 10:19:41,131400.0,100,Sell,233457297
2024-08-21 10:19:44,131400.0,100,Sell,233457355
2024-08-21 10:19:47,131400.0,1300,Sell,233457432
2024-08-21 10:19:53,131500.0,2900,Buy,233457571
2024-08-21 10:19:53,131500.0,3100,Buy,233457572
2024-08-21 10:20:00,131400.0,200,Sell,233457763
2024-08-21 10:20:00,131400.0,200,Sell,233457762
2024-08-21 10:20:00,131400.0,1000,Sell,233457760
2024-08-21 10:20:00,131400.0,3000,Sell,233457759
2024-08-21 10:20:00,131400.0,100,Sell,233457761
2024-08-21 10:20:00,131400.0,200,Sell,233457757
2024-08-21 10:20:00,131400.0,2900,Sell,233457756
2024-08-21 10:20:00,131400.0,100,Sell,233457755
2024-08-21 10:20:00,131400.0,1600,Sell,233457754
2024-08-21 10:20:00,131400.0,10000,Sell,233457758
2024-08-21 10:20:06,131400.0,700,Buy,233457903
2024-08-21 10:20:06,131400.0,200,Buy,233457904
2024-08-21 10:20:12,131400.0,1000,Buy,233458000
2024-08-21 10:20:14,131300.0,100,Sell,233458064
2024-08-21 10:20:14,131300.0,200,Sell,233458063
2024-08-21 10:20:14,131300.0,1000,Sell,233458062
2024-08-21 10:20:14,131300.0,100,Sell,233458061
2024-08-21 10:20:14,131300.0,3000,Sell,233458060
2024-08-21 10:20:14,131300.0,500,Sell,233458046
2024-08-21 10:20:14,131300.0,1000,Sell,233458059
2024-08-21 10:20:14,131300.0,500,Sell,233458044
2024-08-21 10:20:14,131300.0,1000,Sell,233458043
2024-08-21 10:20:14,131300.0,2900,Sell,233458042
2024-08-21 10:20:14,131300.0,100,Sell,233458041
2024-08-21 10:20:14,131300.0,2900,Sell,233458040
2024-08-21 10:20:14,131300.0,100,Sell,233458039
2024-08-21 10:20:14,131300.0,600,Sell,233458038
2024-08-21 10:20:14,131300.0,1000,Sell,233458045
2024-08-21 10:20:23,131300.0,500,Buy,233458273
2024-08-21 10:20:29,131300.0,100,Buy,233458406
2024-08-21 10:20:31,131300.0,500,Buy,233458451
2024-08-21 10:20:34,131300.0,300,Buy,233458578
2024-08-21 10:20:37,131200.0,200,Sell,233458661
2024-08-21 10:20:37,131200.0,2900,Sell,233458660
2024-08-21 10:20:37,131200.0,100,Sell,233458659
2024-08-21 10:20:37,131200.0,2900,Sell,233458658
2024-08-21 10:20:37,131200.0,2900,Sell,233458654
2024-08-21 10:20:37,131200.0,100,Sell,233458657
2024-08-21 10:20:37,131200.0,100,Sell,233458653
2024-08-21 10:20:37,131200.0,2900,Sell,233458648
2024-08-21 10:20:37,131200.0,100,Sell,233458651
2024-08-21 10:20:37,131200.0,1400,Sell,233458644
2024-08-21 10:20:37,131200.0,100,Sell,233458645
2024-08-21 10:20:37,131200.0,2900,Sell,233458646
2024-08-21 10:20:37,131200.0,200,Sell,233458652
2024-08-21 10:20:37,131200.0,100,Sell,233458649
2024-08-21 10:20:37,131200.0,100,Sell,233458647
2024-08-21 10:20:37,131200.0,200,Sell,233458650
2024-08-21 10:21:00,131200.0,1600,Buy,233459379
2024-08-21 10:21:13,131200.0,800,Sell,233459682
2024-08-21 10:21:18,131300.0,300,Buy,233459787
2024-08-21 10:21:22,131300.0,1700,Buy,233459911
2024-08-21 10:21:31,131200.0,100,Sell,233460101
2024-08-21 10:21:48,131300.0,200,Buy,233460456
2024-08-21 10:21:48,131300.0,1700,Buy,233460455
2024-08-21 10:21:48,131300.0,1400,Buy,233460452
2024-08-21 10:21:48,131300.0,200,Buy,233460449
2024-08-21 10:21:48,131300.0,100,Buy,233460453
2024-08-21 10:21:48,131300.0,5000,Buy,233460454
2024-08-21 10:21:49,131300.0,400,Sell,233460467
2024-08-21 10:21:49,131200.0,500,Sell,233460468
2024-08-21 10:21:49,131200.0,100,Sell,233460469
2024-08-21 10:22:02,131300.0,400,Sell,233460916
2024-08-21 10:22:18,131400.0,500,Buy,233461355
2024-08-21 10:22:36,131400.0,1000,Buy,233461692
2024-08-21 10:22:42,131400.0,100,Buy,233461829
2024-08-21 10:22:46,131400.0,3400,Buy,233461921
2024-08-21 10:23:21,131400.0,100,Sell,233462704
2024-08-21 10:23:28,131500.0,500,Buy,233462837
2024-08-21 10:23:30,131400.0,7000,Sell,233462884
2024-08-21 10:23:30,131400.0,1500,Sell,233462882
2024-08-21 10:23:30,131400.0,1500,Sell,233462883
2024-08-21 10:23:37,131400.0,5000,Sell,233463098
2024-08-21 10:23:40,131400.0,500,Sell,233463176
2024-08-21 10:23:40,131400.0,100,Sell,233463166
2024-08-21 10:23:40,131400.0,500,Sell,233463165
2024-08-21 10:23:40,131400.0,200,Sell,233463167
2024-08-21 10:23:40,131400.0,100,Sell,233463163
2024-08-21 10:23:40,131400.0,300,Sell,233463162
2024-08-21 10:23:40,131400.0,100,Sell,233463161
2024-08-21 10:23:40,131400.0,100,Sell,233463160
2024-08-21 10:23:40,131400.0,900,Sell,233463164
2024-08-21 10:23:43,131400.0,2100,Buy,233463271
2024-08-21 10:23:43,131400.0,100,Buy,233463248
2024-08-21 10:23:44,131400.0,3800,Sell,233463278
2024-08-21 10:23:53,131400.0,100,Buy,233463438
2024-08-21 10:23:53,131400.0,1100,Buy,233463442
2024-08-21 10:23:53,131400.0,1800,Buy,233463443
2024-08-21 10:23:55,131400.0,100,Buy,233463483
2024-08-21 10:23:55,131400.0,2900,Buy,233463485
2024-08-21 10:24:06,131400.0,100,Buy,233463834
2024-08-21 10:24:06,131400.0,100,Buy,233463829
2024-08-21 10:24:48,131400.0,2000,Sell,233464833
2024-08-21 10:25:11,131400.0,100,Sell,233465589
2024-08-21 10:25:40,131400.0,100,Sell,233466336
2024-08-21 10:26:10,131500.0,100,Buy,233467169
2024-08-21 10:26:16,131400.0,600,Sell,233467340
2024-08-21 10:26:16,131400.0,100,Sell,233467341
2024-08-21 10:26:16,131400.0,100,Sell,233467342
2024-08-21 10:26:16,131400.0,2000,Sell,233467343
2024-08-21 10:26:20,131400.0,400,Sell,233467490
2024-08-21 10:26:20,131400.0,500,Sell,233467489
2024-08-21 10:26:20,131400.0,100,Sell,233467486
2024-08-21 10:26:20,131400.0,2900,Sell,233467488
2024-08-21 10:26:20,131400.0,100,Sell,233467484
2024-08-21 10:26:20,131400.0,900,Sell,233467483
2024-08-21 10:26:20,131500.0,700,Buy,233467425
2024-08-21 10:26:20,131400.0,500,Sell,233467485
2024-08-21 10:26:20,131400.0,100,Sell,233467487
2024-08-21 10:26:21,131400.0,100,Sell,233467491
2024-08-21 10:26:21,131400.0,2900,Sell,233467492
2024-08-21 10:26:21,131400.0,200,Sell,233467493
2024-08-21 10:26:25,131400.0,100,Buy,233467636
2024-08-21 10:26:25,131400.0,100,Buy,233467637
2024-08-21 10:26:25,131400.0,1100,Buy,233467647
2024-08-21 10:26:28,131400.0,1000,Sell,233467777
2024-08-21 10:26:35,131400.0,100,Sell,233467994
2024-08-21 10:26:35,131400.0,100,Sell,233467993
2024-08-21 10:26:35,131400.0,800,Sell,233467991
2024-08-21 10:26:35,131400.0,100,Sell,233467992
2024-08-21 10:27:02,131400.0,100,Sell,233468761
2024-08-21 10:27:07,131400.0,2700,Sell,233468930
2024-08-21 10:27:07,131400.0,100,Sell,233468931
2024-08-21 10:27:07,131400.0,800,Sell,233468932
2024-08-21 10:27:07,131400.0,700,Sell,233468933
2024-08-21 10:27:07,131400.0,100,Sell,233468934
2024-08-21 10:27:07,131400.0,100,Sell,233468935
2024-08-21 10:27:07,131400.0,2900,Sell,233468936
2024-08-21 10:27:13,131400.0,400,Buy,233469135
2024-08-21 10:27:21,131400.0,2200,Buy,233469377
2024-08-21 10:27:21,131400.0,100,Buy,233469378
2024-08-21 10:27:40,131400.0,2000,Buy,233470024
2024-08-21 10:27:40,131400.0,10000,Buy,233470023
2024-08-21 10:27:40,131400.0,400,Buy,233470018
2024-08-21 10:27:40,131400.0,1700,Buy,233470021
2024-08-21 10:27:40,131400.0,1200,Buy,233470020
2024-08-21 10:27:40,131400.0,1700,Buy,233470022
2024-08-21 10:28:29,131400.0,500,Sell,233471132
2024-08-21 10:28:34,131400.0,100,Buy,233471349
2024-08-21 10:28:52,131300.0,100,Sell,233472027
2024-08-21 10:29:04,131300.0,500,Sell,233472593
2024-08-21 10:29:06,131400.0,1700,Buy,233472659
2024-08-21 10:29:06,131400.0,1000,Buy,233472658
2024-08-21 10:29:06,131400.0,4400,Buy,233472661
2024-08-21 10:29:06,131400.0,2100,Buy,233472656
2024-08-21 10:29:06,131400.0,400,Buy,233472657
2024-08-21 10:29:06,131400.0,100,Buy,233472660
2024-08-21 10:29:06,131400.0,300,Buy,233472651
2024-08-21 10:29:42,131400.0,600,Buy,233473841
2024-08-21 10:29:42,131400.0,100,Buy,233473842
2024-08-21 10:30:12,131400.0,500,Buy,233474935
2024-08-21 10:30:23,131400.0,300,Buy,233475279
2024-08-21 10:30:24,131400.0,200,Buy,233475286
2024-08-21 10:30:24,131400.0,100,Buy,233475285
2024-08-21 10:30:24,131400.0,4200,Buy,233475281
2024-08-21 10:30:24,131400.0,100,Buy,233475283
2024-08-21 10:30:24,131400.0,5000,Buy,233475282
2024-08-21 10:30:24,131400.0,100,Buy,233475284
2024-08-21 10:30:26,131300.0,100,Sell,233475340
2024-08-21 10:30:26,131300.0,500,Sell,233475339
2024-08-21 10:30:26,131300.0,1000,Sell,233475337
2024-08-21 10:30:26,131300.0,400,Sell,233475338
2024-08-21 10:30:26,131300.0,500,Sell,233475334
2024-08-21 10:30:26,131300.0,1000,Sell,233475333
2024-08-21 10:30:26,131300.0,5900,Sell,233475332
2024-08-21 10:30:26,131300.0,100,Sell,233475331
2024-08-21 10:30:26,131300.0,400,Sell,233475335
2024-08-21 10:30:26,131300.0,100,Sell,233475336
2024-08-21 10:30:42,131300.0,100,Sell,233475832
2024-08-21 10:30:43,131300.0,100,Sell,233475847
2024-08-21 10:31:09,131300.0,200,Sell,233476903
2024-08-21 10:31:09,131300.0,100,Sell,233476904
2024-08-21 10:31:09,131300.0,300,Sell,233476905
2024-08-21 10:31:09,131300.0,400,Sell,233476906
2024-08-21 10:31:40,131300.0,100,Sell,233478284
2024-08-21 10:31:51,131300.0,2500,Sell,233478722
2024-08-21 10:31:51,131300.0,400,Sell,233478720
2024-08-21 10:31:51,131300.0,100,Sell,233478721
2024-08-21 10:32:00,131300.0,400,Sell,233479137
2024-08-21 10:32:00,131300.0,200,Sell,233479138
2024-08-21 10:32:00,131300.0,300,Sell,233479139
2024-08-21 10:32:00,131300.0,300,Sell,233479140
2024-08-21 10:32:00,131300.0,400,Sell,233479141
2024-08-21 10:32:00,131300.0,2000,Sell,233479142
2024-08-21 10:32:00,131300.0,300,Sell,233479143
2024-08-21 10:32:00,131300.0,100,Sell,233479144
2024-08-21 10:32:00,131300.0,800,Sell,233479145
2024-08-21 10:32:00,131300.0,400,Sell,233479136
2024-08-21 10:32:02,131300.0,4500,Sell,233479215
2024-08-21 10:32:11,131300.0,400,Sell,233479505
2024-08-21 10:32:13,131300.0,200,Sell,233479680
2024-08-21 10:32:13,131300.0,100,Sell,233479681
2024-08-21 10:32:13,131300.0,200,Sell,233479679
2024-08-21 10:32:21,131300.0,100,Sell,233480037
2024-08-21 10:32:21,131300.0,200,Sell,233480038
2024-08-21 10:32:21,131300.0,500,Sell,233480039
2024-08-21 10:32:21,131300.0,2500,Sell,233480040
2024-08-21 10:32:21,131300.0,400,Sell,233480041
2024-08-21 10:32:21,131300.0,500,Sell,233480042
2024-08-21 10:32:25,131300.0,100,Buy,233480274
2024-08-21 10:32:25,131300.0,700,Buy,233480278
2024-08-21 10:32:30,131300.0,2200,Sell,233480481
2024-08-21 10:32:33,131200.0,100,Sell,233480661
2024-08-21 10:32:55,131200.0,100,Sell,233481666
2024-08-21 10:32:55,131200.0,400,Sell,233481665
2024-08-21 10:32:59,131200.0,400,Sell,233481878
2024-08-21 10:32:59,131200.0,200,Sell,233481879
2024-08-21 10:32:59,131200.0,100,Sell,233481880
2024-08-21 10:32:59,131200.0,300,Sell,233481881
2024-08-21 10:32:59,131200.0,100,Sell,233481882
2024-08-21 10:32:59,131200.0,1900,Sell,233481883
2024-08-21 10:32:59,131300.0,100,Buy,233481875
2024-08-21 10:33:06,131200.0,1000,Sell,233482157
2024-08-21 10:33:06,131300.0,500,Buy,233482165
2024-08-21 10:33:10,131200.0,700,Sell,233482307
2024-08-21 10:33:10,131200.0,100,Sell,233482306
2024-08-21 10:33:10,131200.0,1000,Sell,233482304
2024-08-21 10:33:10,131200.0,100,Sell,233482303
2024-08-21 10:33:10,131200.0,500,Sell,233482305
2024-08-21 10:33:24,131200.0,2000,Sell,233482878
2024-08-21 10:33:28,131200.0,5000,Sell,233483016
2024-08-21 10:33:40,131200.0,100,Sell,233483533
2024-08-21 10:33:43,131200.0,100,Sell,233483647
2024-08-21 10:33:51,131200.0,200,Sell,233483996
2024-08-21 10:33:51,131200.0,100,Sell,233483997
2024-08-21 10:33:51,131200.0,200,Sell,233483998
2024-08-21 10:34:03,131200.0,700,Sell,233484637
2024-08-21 10:34:05,131200.0,200,Sell,233484731
2024-08-21 10:34:05,131200.0,500,Sell,233484730
2024-08-21 10:34:05,131200.0,100,Sell,233484728
2024-08-21 10:34:05,131200.0,100,Sell,233484727
2024-08-21 10:34:05,131300.0,700,Buy,233484726
2024-08-21 10:34:05,131200.0,100,Sell,233484729
2024-08-21 10:34:06,131200.0,300,Sell,233484763
2024-08-21 10:34:06,131200.0,200,Sell,233484794
2024-08-21 10:34:06,131200.0,300,Sell,233484795
2024-08-21 10:34:06,131200.0,1000,Sell,233484796
2024-08-21 10:34:06,131200.0,100,Sell,233484797
2024-08-21 10:34:06,131200.0,300,Sell,233484798
2024-08-21 10:34:06,131200.0,100,Sell,233484799
2024-08-21 10:34:06,131200.0,1200,Buy,233484800
2024-08-21 10:34:12,131200.0,200,Sell,233485037
2024-08-21 10:34:15,131200.0,300,Sell,233485272
2024-08-21 10:34:15,131200.0,500,Sell,233485284
2024-08-21 10:34:16,131100.0,500,Sell,233485338
2024-08-21 10:34:16,131100.0,100,Sell,233485350
2024-08-21 10:34:16,131100.0,100,Sell,233485349
2024-08-21 10:34:16,131100.0,100,Sell,233485348
2024-08-21 10:34:16,131100.0,20000,Sell,233485347
2024-08-21 10:34:16,131100.0,1000,Sell,233485346
2024-08-21 10:34:16,131100.0,1000,Sell,233485345
2024-08-21 10:34:16,131100.0,300,Sell,233485343
2024-08-21 10:34:16,131100.0,100,Sell,233485339
2024-08-21 10:34:16,131100.0,500,Sell,233485337
2024-08-21 10:34:16,131100.0,100,Sell,233485344
2024-08-21 10:34:16,131100.0,2900,Sell,233485335
2024-08-21 10:34:16,131100.0,100,Sell,233485334
2024-08-21 10:34:16,131100.0,2900,Sell,233485323
2024-08-21 10:34:16,131100.0,100,Sell,233485322
2024-08-21 10:34:16,131200.0,700,Sell,233485315
2024-08-21 10:34:16,131100.0,200,Sell,233485321
2024-08-21 10:34:16,131100.0,300,Sell,233485320
2024-08-21 10:34:16,131100.0,2900,Sell,233485319
2024-08-21 10:34:16,131100.0,100,Sell,233485318
2024-08-21 10:34:16,131100.0,4800,Sell,233485317
2024-08-21 10:34:16,131200.0,200,Sell,233485316
2024-08-21 10:34:16,131100.0,500,Sell,233485336
2024-08-21 10:34:20,131100.0,100,Buy,233485498
2024-08-21 10:34:20,131100.0,2900,Buy,233485500
2024-08-21 10:34:23,131000.0,100,Sell,233485623
2024-08-21 10:34:33,131000.0,100,Sell,233486059
2024-08-21 10:34:33,131000.0,400,Sell,233486060
2024-08-21 10:34:33,131000.0,500,Sell,233486061
2024-08-21 10:34:33,131000.0,1000,Sell,233486062
2024-08-21 10:34:34,131000.0,200,Sell,233486099
2024-08-21 10:34:38,131000.0,1500,Sell,233486283
2024-08-21 10:34:38,131000.0,500,Sell,233486303
2024-08-21 10:34:38,131000.0,1400,Sell,233486308
2024-08-21 10:34:39,131000.0,100,Sell,233486335
2024-08-21 10:34:39,131000.0,100,Sell,233486334
2024-08-21 10:34:39,131000.0,400,Sell,233486312
2024-08-21 10:34:42,131000.0,500,Sell,233486488
2024-08-21 10:34:44,131100.0,100,Buy,233486551
2024-08-21 10:34:44,131000.0,800,Sell,233486570
2024-08-21 10:34:45,131000.0,200,Sell,233486593
2024-08-21 10:34:46,131000.0,2100,Sell,233486667
2024-08-21 10:34:46,131000.0,1000,Sell,233486668
2024-08-21 10:34:46,131000.0,600,Sell,233486669
2024-08-21 10:34:46,131000.0,200,Sell,233486670
2024-08-21 10:34:46,131000.0,200,Sell,233486671
2024-08-21 10:34:46,131000.0,100,Sell,233486672
2024-08-21 10:34:46,131000.0,200,Sell,233486673
2024-08-21 10:34:46,131000.0,200,Sell,233486676
2024-08-21 10:34:46,131000.0,600,Sell,233486666
2024-08-21 10:34:46,131000.0,500,Sell,233486677
2024-08-21 10:34:46,131000.0,100,Sell,233486678
2024-08-21 10:34:46,131000.0,1000,Sell,233486679
2024-08-21 10:34:46,131000.0,100,Sell,233486680
2024-08-21 10:34:46,131000.0,29500,Sell,233486681
2024-08-21 10:34:46,131000.0,400,Sell,233486682
2024-08-21 10:34:46,131000.0,500,Sell,233486674
2024-08-21 10:34:46,131000.0,3000,Sell,233486665
2024-08-21 10:34:46,131000.0,100,Sell,233486675
2024-08-21 10:34:46,131000.0,100,Sell,233486663
2024-08-21 10:34:46,131100.0,100,Buy,233486624
2024-08-21 10:34:46,131000.0,400,Sell,233486664
2024-08-21 10:34:46,131000.0,100,Sell,233486648
2024-08-21 10:34:46,131000.0,1000,Sell,233486649
2024-08-21 10:34:46,131000.0,1000,Sell,233486650
2024-08-21 10:34:46,131000.0,500,Sell,233486651
2024-08-21 10:34:46,131000.0,1200,Sell,233486652
2024-08-21 10:34:46,131000.0,1000,Sell,233486653
2024-08-21 10:34:46,131000.0,1300,Sell,233486647
2024-08-21 10:34:46,131000.0,100,Sell,233486655
2024-08-21 10:34:46,131000.0,200,Sell,233486656
2024-08-21 10:34:46,131000.0,100,Sell,233486657
2024-08-21 10:34:46,131000.0,500,Sell,233486658
2024-08-21 10:34:46,131000.0,700,Sell,233486659
2024-08-21 10:34:46,131000.0,200,Sell,233486660
2024-08-21 10:34:46,131000.0,600,Sell,233486662
2024-08-21 10:34:46,131000.0,1000,Sell,233486654
2024-08-21 10:34:47,131000.0,100,Sell,233486700
2024-08-21 10:34:49,131000.0,500,Sell,233486789
2024-08-21 10:34:49,131000.0,2300,Sell,233486796
2024-08-21 10:34:52,131000.0,2200,Sell,233487000
2024-08-21 10:34:52,131000.0,300,Sell,233487001
2024-08-21 10:34:54,131000.0,100,Sell,233487086
2024-08-21 10:34:56,131000.0,500,Sell,233487207
2024-08-21 10:34:58,131000.0,100,Sell,233487274
2024-08-21 10:34:58,131000.0,100,Sell,233487275
2024-08-21 10:34:58,131000.0,100,Sell,233487276
2024-08-21 10:34:58,131000.0,100,Sell,233487277
2024-08-21 10:34:58,131000.0,500,Sell,233487278
2024-08-21 10:34:58,131000.0,100,Sell,233487279
2024-08-21 10:34:59,131000.0,100,Sell,233487349
2024-08-21 10:34:59,131000.0,1000,Sell,233487350
2024-08-21 10:34:59,131000.0,400,Sell,233487347
2024-08-21 10:34:59,131000.0,400,Sell,233487348
2024-08-21 10:35:00,131000.0,200,Sell,233487395
2024-08-21 10:35:00,131000.0,300,Sell,233487396
2024-08-21 10:35:00,131000.0,400,Sell,233487397
2024-08-21 10:35:00,131000.0,100,Sell,233487398
2024-08-21 10:35:00,131000.0,100,Sell,233487399
2024-08-21 10:35:00,131000.0,200,Sell,233487400
2024-08-21 10:35:00,131000.0,500,Sell,233487402
2024-08-21 10:35:00,131000.0,200,Sell,233487403
2024-08-21 10:35:00,131000.0,400,Sell,233487404
2024-08-21 10:35:00,131000.0,200,Sell,233487405
2024-08-21 10:35:00,131000.0,100,Sell,233487406
2024-08-21 10:35:00,131000.0,1000,Sell,233487394
2024-08-21 10:35:00,131000.0,100,Sell,233487401
2024-08-21 10:35:01,130900.0,1000,Sell,233487445
2024-08-21 10:35:14,130900.0,300,Sell,233487957
2024-08-21 10:35:15,130900.0,100,Sell,233488034
2024-08-21 10:35:16,130900.0,100,Sell,233488043
2024-08-21 10:35:19,130900.0,100,Sell,233488149
2024-08-21 10:35:19,130900.0,200,Sell,233488150
2024-08-21 10:35:20,130900.0,100,Sell,233488238
2024-08-21 10:35:20,130900.0,100,Sell,233488239
2024-08-21 10:35:26,130900.0,100,Sell,233488639
2024-08-21 10:35:26,130900.0,100,Sell,233488640
2024-08-21 10:35:26,130900.0,2800,Sell,233488641
2024-08-21 10:35:29,130900.0,200,Sell,233488791
2024-08-21 10:35:29,130900.0,500,Sell,233488790
2024-08-21 10:35:29,130900.0,200,Sell,233488785
2024-08-21 10:35:29,130900.0,700,Sell,233488789
2024-08-21 10:35:29,130900.0,100,Sell,233488788
2024-08-21 10:35:29,130900.0,100,Sell,233488787
2024-08-21 10:35:29,130900.0,100,Sell,233488786
2024-08-21 10:35:29,130900.0,200,Sell,233488784
2024-08-21 10:35:29,130900.0,100,Sell,233488776
2024-08-21 10:35:29,130900.0,100,Sell,233488782
2024-08-21 10:35:29,130900.0,100,Sell,233488755
2024-08-21 10:35:29,130900.0,100,Sell,233488756
2024-08-21 10:35:29,130900.0,800,Sell,233488777
2024-08-21 10:35:29,130900.0,200,Sell,233488783
2024-08-21 10:35:29,130900.0,100,Sell,233488779
2024-08-21 10:35:29,130900.0,100,Sell,233488781
2024-08-21 10:35:29,130900.0,100,Sell,233488778
2024-08-21 10:35:29,130900.0,100,Sell,233488780
2024-08-21 10:35:33,130900.0,100,Buy,233488932
2024-08-21 10:35:42,130900.0,200,Buy,233489323
2024-08-21 10:35:47,130800.0,100,Sell,233489494
2024-08-21 10:35:49,130900.0,100,Buy,233489598
2024-08-21 10:35:56,130800.0,100,Sell,233489963
2024-08-21 10:35:59,130800.0,500,Sell,233490087
2024-08-21 10:36:04,130800.0,500,Sell,233490359
2024-08-21 10:36:04,130800.0,700,Sell,233490358
2024-08-21 10:36:04,130800.0,200,Sell,233490357
2024-08-21 10:36:04,130800.0,500,Sell,233490356
2024-08-21 10:36:04,130800.0,100,Sell,233490355
2024-08-21 10:36:04,130800.0,100,Sell,233490353
2024-08-21 10:36:04,130800.0,200,Sell,233490351
2024-08-21 10:36:04,130800.0,300,Sell,233490350
2024-08-21 10:36:04,130800.0,700,Sell,233490349
2024-08-21 10:36:04,130800.0,100,Sell,233490354
2024-08-21 10:36:04,130800.0,100,Sell,233490352
2024-08-21 10:36:05,130800.0,500,Sell,233490372
2024-08-21 10:36:05,130800.0,100,Sell,233490373
2024-08-21 10:36:05,130800.0,400,Sell,233490374
2024-08-21 10:36:14,130800.0,100,Sell,233490675
2024-08-21 10:36:16,130800.0,500,Sell,233490764
2024-08-21 10:36:16,130800.0,500,Sell,233490763
2024-08-21 10:36:17,130800.0,200,Sell,233490844
2024-08-21 10:36:17,130800.0,200,Sell,233490862
2024-08-21 10:36:17,130800.0,300,Sell,233490861
2024-08-21 10:36:17,130800.0,100,Sell,233490860
2024-08-21 10:36:17,130800.0,100,Sell,233490859
2024-08-21 10:36:17,130800.0,100,Sell,233490858
2024-08-21 10:36:17,130800.0,400,Sell,233490857
2024-08-21 10:36:17,130800.0,100,Sell,233490855
2024-08-21 10:36:17,130800.0,200,Sell,233490854
2024-08-21 10:36:17,130800.0,2000,Sell,233490856
2024-08-21 10:36:17,130800.0,100,Sell,233490852
2024-08-21 10:36:17,130800.0,2900,Sell,233490851
2024-08-21 10:36:17,130800.0,100,Sell,233490850
2024-08-21 10:36:17,130800.0,500,Sell,233490849
2024-08-21 10:36:17,130800.0,100,Sell,233490848
2024-08-21 10:36:17,130800.0,100,Sell,233490847
2024-08-21 10:36:17,130800.0,100,Sell,233490846
2024-08-21 10:36:17,130800.0,200,Sell,233490845
2024-08-21 10:36:17,130800.0,200,Sell,233490853
2024-08-21 10:36:27,130800.0,100,Sell,233491244
2024-08-21 10:36:27,130800.0,300,Sell,233491243
2024-08-21 10:36:27,130800.0,100,Sell,233491242
2024-08-21 10:36:27,130800.0,100,Sell,233491241
2024-08-21 10:36:27,130800.0,200,Sell,233491240
2024-08-21 10:36:27,130800.0,100,Sell,233491237
2024-08-21 10:36:27,130800.0,100,Sell,233491238
2024-08-21 10:36:27,130800.0,100,Sell,233491239
2024-08-21 10:36:27,130800.0,100,Sell,233491233
2024-08-21 10:36:27,130800.0,100,Sell,233491234
2024-08-21 10:36:27,130800.0,100,Sell,233491235
2024-08-21 10:36:27,130800.0,100,Sell,233491236
2024-08-21 10:36:31,130800.0,100,Sell,233491413
2024-08-21 10:36:31,130800.0,500,Sell,233491412
2024-08-21 10:36:31,130800.0,100,Sell,233491447
2024-08-21 10:36:31,130800.0,200,Sell,233491446
2024-08-21 10:36:31,130800.0,200,Sell,233491448
2024-08-21 10:36:31,130800.0,3000,Sell,233491416
2024-08-21 10:36:31,130800.0,600,Sell,233491415
2024-08-21 10:36:31,130800.0,500,Sell,233491414
2024-08-21 10:36:31,130800.0,300,Sell,233491417
2024-08-21 10:36:33,130800.0,100,Sell,233491490
2024-08-21 10:36:33,130800.0,100,Sell,233491491
2024-08-21 10:36:33,130800.0,100,Sell,233491492
2024-08-21 10:36:33,130800.0,1500,Sell,233491493
2024-08-21 10:36:33,130800.0,200,Sell,233491539
2024-08-21 10:36:33,130800.0,200,Sell,233491489
2024-08-21 10:36:34,130800.0,1000,Sell,233491550
2024-08-21 10:36:35,130800.0,100,Sell,233491620
2024-08-21 10:36:35,130800.0,1000,Sell,233491622
2024-08-21 10:36:35,130800.0,200,Sell,233491621
2024-08-21 10:36:35,130800.0,200,Sell,233491619
2024-08-21 10:36:35,130800.0,200,Sell,233491617
2024-08-21 10:36:35,130800.0,500,Sell,233491618
2024-08-21 10:36:39,130800.0,1800,Buy,233491749
2024-08-21 10:36:39,130800.0,200,Buy,233491750
2024-08-21 10:36:44,130800.0,300,Buy,233491910
2024-08-21 10:36:44,130800.0,200,Buy,233491911
2024-08-21 10:36:44,130800.0,2800,Buy,233491912
2024-08-21 10:36:44,130800.0,100,Buy,233491928
2024-08-21 10:36:46,130800.0,100,Sell,233491988
2024-08-21 10:36:46,130800.0,100,Buy,233491963
2024-08-21 10:36:46,130800.0,1000,Buy,233491964
2024-08-21 10:36:51,130800.0,500,Sell,233492187
2024-08-21 10:36:51,130800.0,300,Sell,233492190
2024-08-21 10:36:51,130800.0,700,Sell,233492191
2024-08-21 10:36:56,130800.0,200,Sell,233492344
2024-08-21 10:36:56,130800.0,100,Sell,233492346
2024-08-21 10:36:58,130800.0,100,Sell,233492431
2024-08-21 10:37:08,130800.0,100,Sell,233492813
2024-08-21 10:37:08,130900.0,500,Buy,233492815
2024-08-21 10:37:09,130900.0,1800,Buy,233492885
2024-08-21 10:37:09,130900.0,500,Buy,233492884
2024-08-21 10:37:09,130900.0,2400,Buy,233492882
2024-08-21 10:37:09,130900.0,100,Buy,233492879
2024-08-21 10:37:09,130900.0,1200,Buy,233492883
2024-08-21 10:37:09,130800.0,700,Sell,233492878
2024-08-21 10:37:11,130900.0,200,Buy,233492933
2024-08-21 10:37:11,130900.0,200,Buy,233492934
2024-08-21 10:37:11,130900.0,200,Buy,233492935
2024-08-21 10:37:11,130900.0,100,Buy,233492936
2024-08-21 10:37:11,130900.0,300,Buy,233492937
2024-08-21 10:37:17,130900.0,100,Buy,233493233
2024-08-21 10:37:22,130900.0,100,Sell,233493396
2024-08-21 10:37:22,130900.0,200,Sell,233493394
2024-08-21 10:37:22,130900.0,100,Sell,233493395
2024-08-21 10:37:31,130900.0,700,Sell,233493797
2024-08-21 10:37:31,130900.0,100,Sell,233493798
2024-08-21 10:37:31,130900.0,100,Sell,233493799
2024-08-21 10:37:31,130900.0,100,Sell,233493800
2024-08-21 10:37:35,131000.0,400,Buy,233493919
2024-08-21 10:37:35,131000.0,100,Buy,233493921
2024-08-21 10:37:35,131000.0,100,Buy,233493920
2024-08-21 10:37:35,131000.0,100,Buy,233493918
2024-08-21 10:37:35,131000.0,1000,Buy,233493922
2024-08-21 10:37:35,131000.0,100,Buy,233493916
2024-08-21 10:37:35,131000.0,500,Buy,233493915
