time,price,volume,match_type,id
2024-08-29 09:14:57,132800.0,33000,ATO/ATC,235599529
2024-08-29 09:14:59,132800.0,100,Buy,235599723
2024-08-29 09:14:59,132800.0,500,Buy,235599769
2024-08-29 09:15:00,132800.0,100,Buy,235599775
2024-08-29 09:15:01,132800.0,400,Buy,235599787
2024-08-29 09:15:02,132800.0,200,Buy,235599790
2024-08-29 09:15:03,132800.0,300,Buy,235599808
2024-08-29 09:15:19,132800.0,500,Buy,235599997
2024-08-29 09:15:27,132800.0,100,Buy,235600121
2024-08-29 09:15:28,132800.0,100,Buy,235600129
2024-08-29 09:15:28,132900.0,5000,Buy,235600130
2024-08-29 09:15:31,132900.0,200,Sell,235600187
2024-08-29 09:15:40,132900.0,300,Sell,235600279
2024-08-29 09:15:47,133000.0,100,Buy,235600371
2024-08-29 09:16:07,133000.0,200,Buy,235600693
2024-08-29 09:16:30,132700.0,5000,Sell,235601134
2024-08-29 09:16:30,132700.0,100,Sell,235601133
2024-08-29 09:16:30,132700.0,2700,Sell,235601136
2024-08-29 09:16:30,132900.0,1900,Sell,235601131
2024-08-29 09:16:30,133000.0,100,Sell,235601130
2024-08-29 09:16:30,133000.0,100,Sell,235601129
2024-08-29 09:16:30,132900.0,100,Sell,235601132
2024-08-29 09:16:30,132700.0,5000,Sell,235601135
2024-08-29 09:16:57,132700.0,200,Sell,235601573
2024-08-29 09:16:57,132700.0,100,Sell,235601574
2024-08-29 09:16:57,132700.0,100,Sell,235601575
2024-08-29 09:16:57,132700.0,100,Sell,235601576
2024-08-29 09:16:57,132600.0,700,Sell,235601577
2024-08-29 09:16:57,132600.0,2900,Sell,235601578
2024-08-29 09:16:57,132600.0,100,Sell,235601579
2024-08-29 09:17:04,132600.0,100,Buy,235601661
2024-08-29 09:17:07,132600.0,200,Buy,235601718
2024-08-29 09:17:17,132600.0,200,Buy,235601946
2024-08-29 09:17:21,132600.0,100,Buy,235602010
2024-08-29 09:17:30,132600.0,1000,Buy,235602241
2024-08-29 09:17:31,132600.0,200,Buy,235602285
2024-08-29 09:17:32,132500.0,800,Sell,235602297
2024-08-29 09:17:32,132500.0,200,Sell,235602298
2024-08-29 09:17:32,132500.0,200,Sell,235602299
2024-08-29 09:17:32,132500.0,2900,Sell,235602300
2024-08-29 09:17:32,132500.0,100,Sell,235602301
2024-08-29 09:17:32,132500.0,1000,Sell,235602302
2024-08-29 09:17:32,132500.0,100,Sell,235602303
2024-08-29 09:17:32,132500.0,1000,Sell,235602304
2024-08-29 09:17:32,132500.0,1700,Sell,235602305
2024-08-29 09:17:33,132500.0,200,Sell,235602309
2024-08-29 09:17:40,132600.0,100,Buy,235602413
2024-08-29 09:18:38,132600.0,100,Sell,235603541
2024-08-29 09:18:38,132600.0,100,Sell,235603540
2024-08-29 09:18:38,132600.0,100,Sell,235603539
2024-08-29 09:18:38,132600.0,100,Sell,235603534
2024-08-29 09:18:38,132600.0,200,Sell,235603537
2024-08-29 09:18:38,132600.0,100,Sell,235603536
2024-08-29 09:18:38,132600.0,300,Sell,235603535
2024-08-29 09:18:38,132600.0,2000,Sell,235603538
2024-08-29 09:19:36,132700.0,100,Sell,235604742
2024-08-29 09:19:36,132700.0,200,Sell,235604743
2024-08-29 09:19:47,133000.0,100,Buy,235605035
2024-08-29 09:19:59,132700.0,500,Sell,235605331
2024-08-29 09:19:59,132700.0,100,Sell,235605330
2024-08-29 09:19:59,132700.0,100,Sell,235605329
2024-08-29 09:19:59,132700.0,500,Sell,235605328
2024-08-29 09:19:59,132700.0,1800,Sell,235605327
2024-08-29 09:20:09,132700.0,100,Sell,235605593
2024-08-29 09:20:35,132700.0,1000,Sell,235606152
2024-08-29 09:20:45,132800.0,200,Sell,235606366
2024-08-29 09:20:45,132700.0,1000,Sell,235606367
2024-08-29 09:20:45,132700.0,100,Sell,235606368
2024-08-29 09:20:45,132700.0,200,Sell,235606369
2024-08-29 09:20:45,132700.0,100,Sell,235606370
2024-08-29 09:20:45,132700.0,3400,Sell,235606371
2024-08-29 09:20:49,132700.0,200,Sell,235606460
2024-08-29 09:21:26,133000.0,100,Buy,235607161
2024-08-29 09:21:26,133000.0,200,Buy,235607160
2024-08-29 09:21:26,133000.0,200,Buy,235607159
2024-08-29 09:21:40,132900.0,100,Buy,235607497
2024-08-29 09:21:40,133000.0,200,Buy,235607498
2024-08-29 09:21:40,133000.0,300,Buy,235607499
2024-08-29 09:21:41,132800.0,100,Sell,235607522
2024-08-29 09:21:49,133000.0,100,Buy,235607673
2024-08-29 09:22:00,133000.0,200,Buy,235607908
2024-08-29 09:22:04,133000.0,200,Buy,235608034
2024-08-29 09:22:17,132800.0,100,Sell,235608349
2024-08-29 09:22:22,132800.0,100,Sell,235608444
2024-08-29 09:22:23,132800.0,4900,Sell,235608445
2024-08-29 09:22:29,132800.0,100,Sell,235608595
2024-08-29 09:22:29,132800.0,100,Sell,235608594
2024-08-29 09:22:29,132800.0,100,Sell,235608592
2024-08-29 09:22:29,132800.0,200,Sell,235608593
2024-08-29 09:22:30,132800.0,200,Buy,235608637
2024-08-29 09:22:45,132700.0,1400,Sell,235608947
2024-08-29 09:22:45,132700.0,600,Sell,235608948
2024-08-29 09:22:45,132700.0,200,Sell,235608949
2024-08-29 09:22:45,132700.0,2000,Sell,235608950
2024-08-29 09:22:45,132800.0,600,Buy,235608959
2024-08-29 09:22:53,132800.0,300,Buy,235609129
2024-08-29 09:22:59,132600.0,100,Sell,235609395
2024-08-29 09:22:59,132600.0,100,Sell,235609396
2024-08-29 09:22:59,132500.0,100,Sell,235609402
2024-08-29 09:22:59,132600.0,100,Sell,235609399
2024-08-29 09:22:59,132600.0,1000,Sell,235609400
2024-08-29 09:22:59,132500.0,100,Sell,235609401
2024-08-29 09:22:59,132500.0,100,Sell,235609403
2024-08-29 09:22:59,132600.0,1000,Sell,235609394
2024-08-29 09:22:59,132500.0,100,Sell,235609405
2024-08-29 09:22:59,132500.0,200,Sell,235609406
2024-08-29 09:22:59,132500.0,100,Sell,235609407
2024-08-29 09:22:59,132500.0,100,Sell,235609408
2024-08-29 09:22:59,132500.0,100,Sell,235609409
2024-08-29 09:22:59,132500.0,700,Sell,235609410
2024-08-29 09:22:59,132500.0,5000,Sell,235609411
2024-08-29 09:22:59,132500.0,200,Sell,235609412
2024-08-29 09:22:59,132500.0,100,Sell,235609404
2024-08-29 09:22:59,132600.0,100,Sell,235609393
2024-08-29 09:22:59,132600.0,100,Sell,235609398
2024-08-29 09:22:59,132600.0,1000,Sell,235609391
2024-08-29 09:22:59,132600.0,200,Sell,235609392
2024-08-29 09:22:59,132700.0,100,Sell,235609373
2024-08-29 09:22:59,132700.0,2000,Sell,235609374
2024-08-29 09:22:59,132700.0,1000,Sell,235609375
2024-08-29 09:22:59,132700.0,2000,Sell,235609376
2024-08-29 09:22:59,132700.0,1400,Sell,235609377
2024-08-29 09:22:59,132700.0,100,Sell,235609378
2024-08-29 09:22:59,132700.0,200,Sell,235609379
2024-08-29 09:22:59,132700.0,100,Sell,235609380
2024-08-29 09:22:59,132700.0,100,Sell,235609381
2024-08-29 09:22:59,132600.0,200,Sell,235609397
2024-08-29 09:22:59,132600.0,100,Sell,235609383
2024-08-29 09:22:59,132600.0,100,Sell,235609389
2024-08-29 09:22:59,132600.0,1000,Sell,235609388
2024-08-29 09:22:59,132600.0,100,Sell,235609382
2024-08-29 09:22:59,132600.0,100,Sell,235609390
2024-08-29 09:22:59,132600.0,400,Sell,235609386
2024-08-29 09:22:59,132600.0,100,Sell,235609385
2024-08-29 09:22:59,132600.0,100,Sell,235609384
2024-08-29 09:22:59,132600.0,200,Sell,235609387
2024-08-29 09:23:00,132500.0,100,Sell,235609433
2024-08-29 09:23:14,132500.0,300,Sell,235609776
2024-08-29 09:23:14,132500.0,500,Sell,235609775
2024-08-29 09:23:14,132500.0,500,Sell,235609774
2024-08-29 09:23:14,132500.0,1000,Sell,235609773
2024-08-29 09:23:14,132500.0,500,Sell,235609771
2024-08-29 09:23:14,132500.0,200,Sell,235609770
2024-08-29 09:23:14,132500.0,100,Sell,235609769
2024-08-29 09:23:14,132500.0,100,Sell,235609768
2024-08-29 09:23:14,132500.0,100,Sell,235609767
2024-08-29 09:23:14,132500.0,1800,Sell,235609772
2024-08-29 09:23:37,132500.0,100,Sell,235610288
2024-08-29 09:23:42,132500.0,100,Sell,235610439
2024-08-29 09:23:42,132500.0,600,Sell,235610440
2024-08-29 09:23:42,132500.0,100,Sell,235610437
2024-08-29 09:23:42,132500.0,200,Sell,235610438
2024-08-29 09:23:43,132500.0,100,Sell,235610462
2024-08-29 09:23:43,132500.0,100,Sell,235610461
2024-08-29 09:23:43,132500.0,100,Sell,235610463
2024-08-29 09:23:54,132500.0,1000,Sell,235610782
2024-08-29 09:24:02,132500.0,1900,Sell,235610951
2024-08-29 09:24:02,132500.0,100,Sell,235610952
2024-08-29 09:24:02,132500.0,100,Sell,235610953
2024-08-29 09:24:02,132500.0,500,Sell,235610954
2024-08-29 09:24:02,132500.0,400,Sell,235610955
2024-08-29 09:24:14,132500.0,100,Sell,235611408
2024-08-29 09:24:14,132500.0,200,Sell,235611407
2024-08-29 09:24:14,132500.0,600,Sell,235611406
2024-08-29 09:24:17,132500.0,100,Buy,235611493
2024-08-29 09:24:19,132500.0,2900,Buy,235611588
2024-08-29 09:24:20,132500.0,100,Buy,235611593
2024-08-29 09:24:20,132400.0,100,Sell,235611611
2024-08-29 09:24:20,132400.0,100,Sell,235611612
2024-08-29 09:24:20,132400.0,200,Sell,235611613
2024-08-29 09:24:25,132500.0,1000,Buy,235611711
2024-08-29 09:24:27,132500.0,100,Buy,235611764
2024-08-29 09:24:27,132500.0,100,Buy,235611765
2024-08-29 09:24:38,132500.0,100,Sell,235612160
2024-08-29 09:24:38,132500.0,100,Sell,235612159
2024-08-29 09:24:38,132500.0,800,Sell,235612157
2024-08-29 09:24:38,132500.0,2900,Sell,235612158
2024-08-29 09:24:50,132400.0,100,Sell,235612535
2024-08-29 09:24:50,132400.0,100,Sell,235612534
2024-08-29 09:24:50,132400.0,2900,Sell,235612533
2024-08-29 09:24:50,132400.0,500,Sell,235612532
2024-08-29 09:24:50,132400.0,100,Sell,235612531
2024-08-29 09:24:50,132400.0,1000,Sell,235612530
2024-08-29 09:24:50,132400.0,100,Sell,235612528
2024-08-29 09:24:50,132400.0,100,Sell,235612527
2024-08-29 09:24:50,132400.0,100,Sell,235612529
2024-08-29 09:24:55,132400.0,100,Sell,235612677
2024-08-29 09:24:55,132400.0,100,Sell,235612678
2024-08-29 09:24:55,132400.0,100,Sell,235612679
2024-08-29 09:24:55,132400.0,800,Sell,235612680
2024-08-29 09:24:55,132400.0,100,Sell,235612681
2024-08-29 09:24:55,132400.0,1000,Sell,235612682
2024-08-29 09:24:56,132400.0,500,Buy,235612721
2024-08-29 09:25:00,132400.0,100,Buy,235612869
2024-08-29 09:25:01,132400.0,100,Buy,235612898
2024-08-29 09:25:07,132400.0,100,Buy,235613164
2024-08-29 09:25:10,132400.0,2000,Buy,235613229
2024-08-29 09:25:16,132400.0,100,Buy,235613389
2024-08-29 09:25:33,132400.0,100,Buy,235613886
2024-08-29 09:25:33,132400.0,100,Buy,235613887
2024-08-29 09:25:33,132400.0,200,Buy,235613888
2024-08-29 09:25:33,132400.0,2500,Buy,235613889
2024-08-29 09:25:33,132400.0,100,Buy,235613890
2024-08-29 09:25:39,132400.0,100,Sell,235614115
2024-08-29 09:25:46,132400.0,100,Buy,235614355
2024-08-29 09:25:52,132400.0,300,Buy,235614492
2024-08-29 09:25:57,132400.0,200,Buy,235614592
2024-08-29 09:26:02,132400.0,600,Buy,235614746
2024-08-29 09:26:05,132400.0,200,Buy,235614853
2024-08-29 09:26:13,132400.0,100,Buy,235615088
2024-08-29 09:26:19,132300.0,100,Sell,235615283
2024-08-29 09:26:26,132300.0,900,Sell,235615481
2024-08-29 09:26:26,132300.0,2900,Sell,235615482
2024-08-29 09:26:26,132300.0,100,Sell,235615483
2024-08-29 09:26:26,132300.0,500,Sell,235615484
2024-08-29 09:26:26,132300.0,700,Sell,235615485
2024-08-29 09:26:41,132300.0,200,Sell,235615885
2024-08-29 09:26:42,132300.0,200,Sell,235615923
2024-08-29 09:26:42,132300.0,3000,Sell,235615924
2024-08-29 09:26:42,132300.0,500,Sell,235615920
2024-08-29 09:26:42,132300.0,100,Sell,235615919
2024-08-29 09:26:42,132300.0,100,Sell,235615921
2024-08-29 09:26:42,132300.0,100,Sell,235615922
2024-08-29 09:26:46,132300.0,2000,Sell,235616035
2024-08-29 09:26:46,132300.0,100,Sell,235616036
2024-08-29 09:26:46,132300.0,300,Sell,235616037
2024-08-29 09:26:46,132300.0,100,Sell,235616038
2024-08-29 09:26:46,132300.0,300,Sell,235616039
2024-08-29 09:26:46,132300.0,2300,Buy,235616052
2024-08-29 09:26:54,132300.0,200,Sell,235616185
2024-08-29 09:27:16,132400.0,500,Buy,235616659
2024-08-29 09:27:26,132400.0,100,Buy,235616926
2024-08-29 09:27:56,132400.0,200,Buy,235617694
2024-08-29 09:28:13,132400.0,600,Buy,235618005
2024-08-29 09:28:21,132400.0,1200,Buy,235618170
2024-08-29 09:28:21,132400.0,2100,Buy,235618168
2024-08-29 09:28:21,132400.0,1700,Buy,235618169
2024-08-29 09:28:25,132400.0,100,Buy,235618298
2024-08-29 09:28:48,132400.0,400,Buy,235618886
2024-08-29 09:28:48,132400.0,600,Buy,235618887
2024-08-29 09:28:53,132400.0,100,Buy,235619006
2024-08-29 09:28:55,132400.0,200,Buy,235619042
2024-08-29 09:29:04,132400.0,200,Buy,235619233
2024-08-29 09:29:06,132400.0,300,Buy,235619260
2024-08-29 09:29:10,132400.0,100,Buy,235619328
2024-08-29 09:29:14,132300.0,100,Sell,235619397
2024-08-29 09:29:14,132300.0,100,Sell,235619398
2024-08-29 09:29:14,132300.0,100,Sell,235619399
2024-08-29 09:29:14,132300.0,200,Sell,235619400
2024-08-29 09:29:14,132300.0,100,Sell,235619403
2024-08-29 09:29:14,132300.0,1900,Sell,235619402
2024-08-29 09:29:14,132300.0,100,Sell,235619396
2024-08-29 09:29:14,132300.0,8500,Sell,235619404
2024-08-29 09:29:14,132400.0,200,Buy,235619487
2024-08-29 09:29:14,132300.0,100,Sell,235619401
2024-08-29 09:29:14,132300.0,2900,Sell,235619395
2024-08-29 09:29:14,132400.0,200,Buy,235619486
2024-08-29 09:29:14,132300.0,100,Sell,235619393
2024-08-29 09:29:14,132300.0,200,Sell,235619394
2024-08-29 09:29:14,132300.0,400,Sell,235619382
2024-08-29 09:29:14,132300.0,100,Sell,235619383
2024-08-29 09:29:14,132300.0,100,Sell,235619384
2024-08-29 09:29:14,132300.0,2000,Sell,235619385
2024-08-29 09:29:14,132300.0,600,Sell,235619386
2024-08-29 09:29:14,132300.0,100,Buy,235619485
2024-08-29 09:29:14,132300.0,100,Sell,235619388
2024-08-29 09:29:14,132300.0,500,Sell,235619389
2024-08-29 09:29:14,132300.0,1000,Sell,235619392
2024-08-29 09:29:14,132300.0,100,Sell,235619390
2024-08-29 09:29:14,132300.0,100,Sell,235619391
2024-08-29 09:29:14,132300.0,500,Sell,235619387
2024-08-29 09:29:18,132300.0,600,Buy,235619587
2024-08-29 09:29:33,132300.0,100,Buy,235619977
2024-08-29 09:30:00,132300.0,100,Buy,235620508
2024-08-29 09:30:06,132300.0,100,Buy,235620595
2024-08-29 09:30:06,132300.0,4200,Buy,235620606
2024-08-29 09:30:09,132300.0,100,Sell,235620649
2024-08-29 09:30:25,132200.0,500,Sell,235620943
2024-08-29 09:30:25,132200.0,900,Sell,235620944
2024-08-29 09:30:25,132200.0,1000,Sell,235620942
2024-08-29 09:30:25,132200.0,100,Sell,235620941
2024-08-29 09:30:25,132200.0,5000,Sell,235620940
2024-08-29 09:30:25,132200.0,200,Sell,235620939
2024-08-29 09:30:25,132300.0,500,Sell,235620936
2024-08-29 09:30:25,132300.0,500,Sell,235620937
2024-08-29 09:30:25,132300.0,100,Sell,235620935
2024-08-29 09:30:25,132300.0,100,Sell,235620934
2024-08-29 09:30:25,132300.0,200,Sell,235620933
2024-08-29 09:30:25,132300.0,700,Sell,235620931
2024-08-29 09:30:25,132300.0,100,Sell,235620938
2024-08-29 09:30:25,132300.0,100,Sell,235620932
2024-08-29 09:30:31,132200.0,100,Sell,235621050
2024-08-29 09:30:40,132300.0,100,Sell,235621210
2024-08-29 09:30:53,132300.0,5900,Sell,235621535
2024-08-29 09:30:53,132300.0,200,Sell,235621536
2024-08-29 09:30:53,132300.0,100,Sell,235621537
2024-08-29 09:30:57,132300.0,500,Buy,235621686
2024-08-29 09:30:58,132300.0,100,Buy,235621708
2024-08-29 09:31:01,132300.0,100,Buy,235621747
2024-08-29 09:31:04,132300.0,100,Buy,235621823
2024-08-29 09:31:09,132300.0,100,Buy,235621984
2024-08-29 09:31:25,132300.0,700,Buy,235622388
2024-08-29 09:31:29,132300.0,500,Buy,235622485
2024-08-29 09:31:33,132300.0,1000,Buy,235622679
2024-08-29 09:31:35,132300.0,700,Buy,235622773
2024-08-29 09:31:35,132300.0,300,Buy,235622774
2024-08-29 09:31:35,132300.0,300,Buy,235622775
2024-08-29 09:31:35,132300.0,200,Buy,235622776
2024-08-29 09:31:58,132300.0,200,Sell,235623332
2024-08-29 09:32:50,132400.0,1000,Buy,235624636
2024-08-29 09:32:54,132300.0,1100,Sell,235624701
2024-08-29 09:32:58,132300.0,100,Sell,235624798
2024-08-29 09:32:58,132300.0,100,Sell,235624797
2024-08-29 09:32:58,132300.0,500,Sell,235624796
2024-08-29 09:32:58,132300.0,200,Sell,235624795
2024-08-29 09:32:58,132300.0,100,Sell,235624794
2024-08-29 09:32:58,132300.0,2900,Sell,235624792
2024-08-29 09:32:58,132300.0,100,Sell,235624790
2024-08-29 09:32:58,132300.0,100,Sell,235624789
2024-08-29 09:32:58,132300.0,1000,Sell,235624788
2024-08-29 09:32:58,132300.0,200,Sell,235624787
2024-08-29 09:32:58,132300.0,100,Sell,235624793
2024-08-29 09:32:58,132300.0,300,Sell,235624791
2024-08-29 09:32:59,132300.0,2000,Buy,235624825
2024-08-29 09:33:01,132300.0,2300,Buy,235624885
2024-08-29 09:33:01,132400.0,500,Buy,235624886
2024-08-29 09:33:01,132400.0,100,Buy,235624887
2024-08-29 09:33:01,132400.0,100,Buy,235624888
2024-08-29 09:33:09,132400.0,1500,Buy,235625173
2024-08-29 09:33:19,132400.0,100,Buy,235625385
2024-08-29 09:33:28,132400.0,1000,Buy,235625542
2024-08-29 09:33:41,132400.0,500,Buy,235625828
2024-08-29 09:33:50,132400.0,100,Buy,235626036
2024-08-29 09:34:19,132300.0,100,Sell,235626733
2024-08-29 09:34:32,132400.0,100,Buy,235627020
2024-08-29 09:34:34,132300.0,200,Sell,235627042
2024-08-29 09:34:45,132300.0,2600,Sell,235627289
2024-08-29 09:34:45,132300.0,100,Sell,235627290
2024-08-29 09:34:45,132300.0,100,Sell,235627291
2024-08-29 09:34:45,132300.0,100,Sell,235627292
2024-08-29 09:34:45,132300.0,200,Sell,235627293
2024-08-29 09:34:45,132300.0,900,Sell,235627294
2024-08-29 09:34:47,132300.0,100,Sell,235627363
2024-08-29 09:35:16,132400.0,500,Buy,235628110
2024-08-29 09:35:21,132300.0,100,Sell,235628278
2024-08-29 09:35:21,132300.0,500,Sell,235628279
2024-08-29 09:35:25,132300.0,300,Sell,235628364
2024-08-29 09:35:25,132300.0,500,Sell,235628362
2024-08-29 09:35:25,132300.0,200,Sell,235628363
2024-08-29 09:35:26,132200.0,100,Sell,235628395
2024-08-29 09:35:26,132200.0,100,Sell,235628394
2024-08-29 09:35:26,132200.0,100,Sell,235628393
2024-08-29 09:35:26,132200.0,100,Sell,235628386
2024-08-29 09:35:26,132200.0,100,Sell,235628392
2024-08-29 09:35:26,132200.0,1000,Sell,235628391
2024-08-29 09:35:26,132200.0,200,Sell,235628390
2024-08-29 09:35:26,132200.0,500,Sell,235628389
2024-08-29 09:35:26,132200.0,200,Sell,235628388
2024-08-29 09:35:26,132200.0,100,Sell,235628387
2024-08-29 09:35:26,132200.0,300,Sell,235628385
2024-08-29 09:35:26,132200.0,1900,Sell,235628376
2024-08-29 09:35:26,132200.0,100,Sell,235628383
2024-08-29 09:35:26,132200.0,100,Sell,235628384
2024-08-29 09:35:26,132300.0,700,Sell,235628373
2024-08-29 09:35:26,132300.0,400,Sell,235628374
2024-08-29 09:35:26,132200.0,100,Sell,235628377
2024-08-29 09:35:26,132300.0,200,Sell,235628375
2024-08-29 09:35:26,132200.0,1000,Sell,235628379
2024-08-29 09:35:26,132200.0,2000,Sell,235628381
2024-08-29 09:35:26,132200.0,100,Sell,235628382
2024-08-29 09:35:26,132200.0,100,Sell,235628378
2024-08-29 09:35:26,132200.0,500,Sell,235628380
2024-08-29 09:35:37,132200.0,100,Sell,235628622
2024-08-29 09:35:37,132200.0,200,Sell,235628623
2024-08-29 09:35:37,132200.0,100,Sell,235628624
2024-08-29 09:35:37,132200.0,700,Sell,235628625
2024-08-29 09:35:37,132200.0,900,Sell,235628621
2024-08-29 09:35:38,132400.0,2800,Buy,235628650
2024-08-29 09:35:38,132400.0,100,Buy,235628651
2024-08-29 09:35:38,132400.0,100,Buy,235628654
2024-08-29 09:35:52,132400.0,100,Buy,235628968
2024-08-29 09:35:52,132400.0,400,Buy,235628967
2024-08-29 09:36:06,132400.0,1000,Sell,235629251
2024-08-29 09:36:07,132500.0,1200,Buy,235629263
2024-08-29 09:36:07,132500.0,500,Buy,235629264
2024-08-29 09:36:07,132500.0,100,Buy,235629265
2024-08-29 09:36:07,132500.0,200,Buy,235629266
2024-08-29 09:36:21,132500.0,100,Buy,235629626
2024-08-29 09:36:21,132500.0,200,Buy,235629627
2024-08-29 09:36:22,132500.0,700,Sell,235629643
2024-08-29 09:36:25,132400.0,100,Sell,235629692
2024-08-29 09:36:29,132500.0,100,Buy,235629734
2024-08-29 09:36:32,132400.0,300,Sell,235629801
2024-08-29 09:36:32,132400.0,3900,Sell,235629800
2024-08-29 09:36:35,132400.0,2700,Buy,235629899
2024-08-29 09:36:35,132500.0,200,Buy,235629900
2024-08-29 09:36:35,132500.0,100,Buy,235629906
2024-08-29 09:36:35,132400.0,100,Buy,235629859
2024-08-29 09:36:40,132500.0,2900,Buy,235630021
2024-08-29 09:36:40,132500.0,100,Buy,235630026
2024-08-29 09:36:43,132300.0,2900,Sell,235630067
2024-08-29 09:36:43,132300.0,100,Sell,235630068
2024-08-29 09:36:43,132300.0,2000,Sell,235630069
2024-08-29 09:37:01,132500.0,5000,Buy,235630482
2024-08-29 09:37:04,132500.0,2000,Buy,235630561
2024-08-29 09:37:04,132500.0,2100,Buy,235630560
2024-08-29 09:37:11,132500.0,900,Sell,235630684
2024-08-29 09:37:19,132400.0,5000,Sell,235630860
2024-08-29 09:37:19,132400.0,2900,Sell,235630861
2024-08-29 09:37:19,132400.0,100,Sell,235630862
2024-08-29 09:37:42,132500.0,100,Buy,235631336
2024-08-29 09:38:09,132500.0,100,Sell,235631887
2024-08-29 09:38:09,132500.0,700,Sell,235631888
2024-08-29 09:38:51,132600.0,400,Buy,235632583
2024-08-29 09:38:51,132600.0,200,Buy,235632582
2024-08-29 09:38:51,132600.0,100,Buy,235632581
2024-08-29 09:39:01,132700.0,900,Buy,235632854
2024-08-29 09:39:08,132700.0,500,Buy,235632987
2024-08-29 09:39:14,132700.0,100,Buy,235633131
2024-08-29 09:39:27,132700.0,100,Buy,235633370
2024-08-29 09:39:33,132700.0,300,Buy,235633475
2024-08-29 09:39:38,132700.0,100,Buy,235633596
2024-08-29 09:39:39,132700.0,100,Buy,235633604
2024-08-29 09:40:14,132700.0,500,Buy,235634364
2024-08-29 09:40:56,132500.0,300,Sell,235635513
2024-08-29 09:40:56,132500.0,100,Sell,235635514
2024-08-29 09:41:10,132500.0,1400,Sell,235635884
2024-08-29 09:41:10,132500.0,3000,Sell,235635883
2024-08-29 09:41:10,132500.0,100,Sell,235635881
2024-08-29 09:41:10,132500.0,5000,Sell,235635880
2024-08-29 09:41:10,132500.0,400,Sell,235635879
2024-08-29 09:41:10,132500.0,100,Sell,235635882
2024-08-29 09:41:16,132500.0,300,Sell,235636074
2024-08-29 09:41:36,132500.0,300,Sell,235636674
2024-08-29 09:41:45,132700.0,800,Buy,235636836
2024-08-29 09:41:56,132500.0,300,Sell,235637091
2024-08-29 09:41:59,132500.0,300,Sell,235637161
2024-08-29 09:41:59,132500.0,100,Sell,235637158
2024-08-29 09:41:59,132500.0,100,Sell,235637160
2024-08-29 09:41:59,132500.0,500,Sell,235637156
2024-08-29 09:41:59,132500.0,100,Sell,235637157
2024-08-29 09:41:59,132500.0,600,Sell,235637154
2024-08-29 09:41:59,132500.0,100,Sell,235637159
2024-08-29 09:41:59,132500.0,100,Sell,235637155
2024-08-29 09:42:01,132700.0,100,Buy,235637238
2024-08-29 09:42:16,132500.0,100,Sell,235637480
2024-08-29 09:42:16,132500.0,100,Sell,235637481
2024-08-29 09:42:16,132500.0,100,Sell,235637482
2024-08-29 09:42:36,132500.0,400,Sell,235637992
2024-08-29 09:42:42,132500.0,500,Sell,235638161
2024-08-29 09:42:55,132500.0,1000,Sell,235638814
2024-08-29 09:42:57,132500.0,400,Sell,235638853
2024-08-29 09:43:14,132500.0,800,Sell,235639459
2024-08-29 09:43:14,132500.0,100,Sell,235639458
2024-08-29 09:43:14,132500.0,2900,Sell,235639457
2024-08-29 09:43:14,132500.0,600,Sell,235639454
2024-08-29 09:43:14,132500.0,500,Sell,235639456
2024-08-29 09:43:14,132500.0,100,Sell,235639455
2024-08-29 09:43:17,132500.0,400,Sell,235639557
2024-08-29 09:43:37,132500.0,400,Sell,235640298
2024-08-29 09:43:57,132500.0,400,Sell,235640963
2024-08-29 09:44:14,132500.0,100,Sell,235641429
2024-08-29 09:44:17,132500.0,400,Sell,235641494
2024-08-29 09:44:37,132500.0,400,Sell,235641994
2024-08-29 09:44:53,132500.0,2100,Sell,235642584
2024-08-29 09:44:54,132500.0,100,Sell,235642682
2024-08-29 09:44:57,132500.0,400,Sell,235642757
2024-08-29 09:44:57,132500.0,1500,Sell,235642745
2024-08-29 09:45:04,132500.0,400,Sell,235642941
2024-08-29 09:45:04,132500.0,1000,Sell,235642939
2024-08-29 09:45:04,132500.0,600,Sell,235642940
2024-08-29 09:45:17,132500.0,200,Sell,235643322
2024-08-29 09:45:17,132500.0,100,Sell,235643320
2024-08-29 09:45:17,132500.0,100,Sell,235643321
2024-08-29 09:45:37,132500.0,300,Sell,235643849
2024-08-29 09:45:37,132500.0,100,Sell,235643860
2024-08-29 09:45:41,132500.0,400,Sell,235643980
2024-08-29 09:45:41,132500.0,500,Sell,235643981
2024-08-29 09:45:41,132500.0,600,Sell,235643982
2024-08-29 09:45:52,132500.0,1000,Sell,235644310
2024-08-29 09:45:54,132500.0,1300,Sell,235644349
2024-08-29 09:45:54,132500.0,100,Sell,235644350
2024-08-29 09:45:54,132500.0,2900,Sell,235644351
2024-08-29 09:45:54,132500.0,100,Sell,235644352
2024-08-29 09:45:54,132500.0,200,Sell,235644353
2024-08-29 09:45:54,132500.0,500,Sell,235644354
2024-08-29 09:45:57,132400.0,400,Sell,235644444
2024-08-29 09:46:01,132500.0,1800,Buy,235644554
2024-08-29 09:46:06,132500.0,100,Buy,235644706
2024-08-29 09:46:13,132500.0,1100,Buy,235644846
2024-08-29 09:46:13,132500.0,100,Buy,235644847
2024-08-29 09:46:13,132500.0,400,Buy,235644848
2024-08-29 09:46:13,132500.0,1300,Buy,235644849
2024-08-29 09:46:13,132500.0,100,Buy,235644857
2024-08-29 09:46:14,132500.0,1000,Buy,235644899
2024-08-29 09:46:18,132400.0,400,Sell,235644991
2024-08-29 09:46:29,132500.0,2700,Buy,235645270
2024-08-29 09:46:29,132500.0,200,Buy,235645271
2024-08-29 09:46:38,132500.0,2200,Sell,235645448
2024-08-29 09:46:38,132500.0,400,Sell,235645437
2024-08-29 09:46:39,132500.0,2500,Sell,235645466
2024-08-29 09:46:39,132500.0,200,Sell,235645467
2024-08-29 09:46:58,132500.0,400,Sell,235645872
2024-08-29 09:46:59,132600.0,100,Buy,235645909
2024-08-29 09:47:07,132600.0,400,Buy,235646031
2024-08-29 09:47:15,132500.0,4400,Sell,235646277
2024-08-29 09:47:15,132500.0,500,Sell,235646278
2024-08-29 09:47:15,132500.0,4600,Buy,235646282
2024-08-29 09:47:18,132500.0,400,Sell,235646342
2024-08-29 09:47:38,132500.0,300,Sell,235646816
2024-08-29 09:47:38,132500.0,100,Sell,235646817
2024-08-29 09:47:48,132700.0,100,Buy,235647029
2024-08-29 09:47:48,132800.0,300,Buy,235647031
2024-08-29 09:47:48,132600.0,100,Buy,235647027
2024-08-29 09:47:48,132600.0,400,Buy,235647028
2024-08-29 09:47:48,132700.0,100,Buy,235647030
2024-08-29 09:47:53,132800.0,500,Buy,235647132
2024-08-29 09:47:58,132600.0,400,Sell,235647258
2024-08-29 09:48:18,132700.0,100,Sell,235647727
2024-08-29 09:48:18,132600.0,100,Sell,235647728
2024-08-29 09:48:18,132600.0,100,Sell,235647729
2024-08-29 09:48:18,132500.0,100,Sell,235647730
2024-08-29 09:48:38,132500.0,400,Sell,235648181
2024-08-29 09:48:39,132500.0,1400,Sell,235648196
2024-08-29 09:48:39,132500.0,1100,Sell,235648197
2024-08-29 09:48:39,132500.0,2600,Sell,235648198
2024-08-29 09:48:41,132800.0,2500,Buy,235648250
2024-08-29 09:48:58,132500.0,300,Sell,235648687
2024-08-29 09:48:58,132800.0,300,Buy,235648674
2024-08-29 09:48:58,132800.0,200,Buy,235648673
2024-08-29 09:48:58,132600.0,100,Sell,235648686
2024-08-29 09:49:18,132500.0,400,Sell,235649215
2024-08-29 09:49:36,132600.0,100,Sell,235649669
2024-08-29 09:49:36,132500.0,400,Sell,235649670
2024-08-29 09:49:39,132500.0,400,Sell,235649751
2024-08-29 09:49:53,132600.0,100,Sell,235650028
2024-08-29 09:49:53,132500.0,100,Sell,235650029
2024-08-29 09:49:59,132600.0,400,Sell,235650141
2024-08-29 09:50:17,132800.0,100,Buy,235650620
2024-08-29 09:50:19,132600.0,400,Sell,235650633
2024-08-29 09:50:37,132600.0,200,Sell,235651133
2024-08-29 09:50:39,132600.0,200,Sell,235651177
2024-08-29 09:50:39,132600.0,200,Sell,235651178
2024-08-29 09:50:50,132600.0,4600,Sell,235651393
2024-08-29 09:50:50,132600.0,500,Sell,235651392
2024-08-29 09:50:59,132600.0,400,Sell,235651566
2024-08-29 09:51:15,132800.0,100,Buy,235651850
2024-08-29 09:51:20,132600.0,300,Sell,235651913
2024-08-29 09:51:20,132600.0,100,Sell,235651914
2024-08-29 09:51:39,132600.0,400,Sell,235652354
2024-08-29 09:51:59,132600.0,400,Sell,235652764
2024-08-29 09:52:03,132800.0,200,Buy,235652818
2024-08-29 09:52:15,132800.0,4400,Buy,235653055
2024-08-29 09:52:15,132800.0,200,Buy,235653056
2024-08-29 09:52:15,132800.0,100,Buy,235653057
2024-08-29 09:52:19,132800.0,300,Sell,235653177
2024-08-29 09:52:19,132800.0,100,Sell,235653178
2024-08-29 09:52:28,132800.0,100,Sell,235653280
2024-08-29 09:52:33,132900.0,200,Buy,235653373
2024-08-29 09:52:40,132800.0,300,Sell,235653551
2024-08-29 09:52:40,132800.0,100,Sell,235653552
2024-08-29 09:52:43,132900.0,800,Buy,235653599
2024-08-29 09:52:55,132900.0,300,Buy,235653838
2024-08-29 09:53:00,132800.0,100,Sell,235653998
2024-08-29 09:53:00,132800.0,300,Sell,235653999
2024-08-29 09:53:20,132800.0,400,Sell,235654484
2024-08-29 09:53:34,132800.0,100,Sell,235654832
2024-08-29 09:53:40,132800.0,400,Sell,235654941
2024-08-29 09:54:01,132800.0,400,Sell,235655395
2024-08-29 09:54:09,132800.0,2900,Sell,235655531
2024-08-29 09:54:09,132800.0,300,Sell,235655530
2024-08-29 09:54:09,132800.0,500,Sell,235655529
2024-08-29 09:54:09,132800.0,500,Sell,235655527
2024-08-29 09:54:09,132800.0,100,Sell,235655526
2024-08-29 09:54:09,132800.0,200,Sell,235655525
2024-08-29 09:54:09,132800.0,3400,Sell,235655524
2024-08-29 09:54:09,132800.0,100,Sell,235655528
2024-08-29 09:54:20,132800.0,100,Sell,235655753
2024-08-29 09:54:20,132800.0,600,Sell,235655754
2024-08-29 09:54:20,132800.0,1300,Sell,235655755
2024-08-29 09:54:21,132800.0,400,Sell,235655792
2024-08-29 09:54:41,132800.0,400,Sell,235656213
2024-08-29 09:55:01,132800.0,400,Sell,235656753
2024-08-29 09:55:15,132800.0,600,Sell,235657011
2024-08-29 09:55:15,132800.0,600,Sell,235657010
2024-08-29 09:55:15,132800.0,300,Sell,235657006
2024-08-29 09:55:15,132800.0,400,Sell,235657005
2024-08-29 09:55:15,132800.0,100,Sell,235657007
2024-08-29 09:55:18,132800.0,300,Sell,235657054
2024-08-29 09:55:18,132800.0,600,Sell,235657053
2024-08-29 09:55:21,132700.0,400,Sell,235657110
2024-08-29 09:55:31,132700.0,1000,Sell,235657340
2024-08-29 09:55:41,132700.0,400,Sell,235657489
2024-08-29 09:55:56,132700.0,1000,Sell,235657795
2024-08-29 09:55:57,132700.0,100,Sell,235657807
2024-08-29 09:56:02,132700.0,100,Sell,235657890
2024-08-29 09:56:02,132700.0,300,Sell,235657891
2024-08-29 09:56:22,132700.0,400,Sell,235658266
2024-08-29 09:56:29,132700.0,100,Sell,235658399
2024-08-29 09:56:39,132700.0,1000,Sell,235658578
2024-08-29 09:56:39,132700.0,200,Sell,235658577
2024-08-29 09:56:39,132700.0,600,Sell,235658576
2024-08-29 09:56:39,132700.0,100,Sell,235658574
2024-08-29 09:56:39,132700.0,2100,Sell,235658573
2024-08-29 09:56:39,132700.0,100,Sell,235658575
2024-08-29 09:56:42,132700.0,400,Sell,235658656
2024-08-29 09:56:54,132700.0,200,Sell,235658862
2024-08-29 09:56:54,132700.0,200,Sell,235658863
2024-08-29 09:56:54,132600.0,2000,Sell,235658864
2024-08-29 09:56:54,132600.0,100,Sell,235658865
2024-08-29 09:56:54,132600.0,2500,Sell,235658866
2024-08-29 09:57:02,132600.0,400,Sell,235658994
2024-08-29 09:57:10,132600.0,5000,Sell,235659135
2024-08-29 09:57:22,132700.0,300,Sell,235659420
2024-08-29 09:57:22,132700.0,100,Sell,235659419
2024-08-29 09:57:36,132600.0,600,Sell,235659639
2024-08-29 09:57:36,132600.0,1000,Sell,235659638
2024-08-29 09:57:36,132700.0,2600,Sell,235659634
2024-08-29 09:57:36,132600.0,600,Sell,235659636
2024-08-29 09:57:36,132700.0,100,Sell,235659635
2024-08-29 09:57:36,132600.0,100,Sell,235659637
2024-08-29 09:57:42,132600.0,400,Sell,235659711
2024-08-29 09:57:50,132600.0,300,Sell,235659817
2024-08-29 09:58:02,132700.0,100,Sell,235660026
2024-08-29 09:58:02,132600.0,300,Sell,235660027
2024-08-29 09:58:23,132600.0,400,Sell,235660406
2024-08-29 09:58:43,132600.0,400,Sell,235660722
2024-08-29 09:58:56,132600.0,500,Sell,235660919
2024-08-29 09:59:03,132700.0,400,Sell,235661083
2024-08-29 09:59:23,132700.0,400,Sell,235661372
2024-08-29 09:59:33,132800.0,100,Buy,235661555
2024-08-29 09:59:33,132800.0,100,Buy,235661554
2024-08-29 09:59:43,132700.0,400,Sell,235661716
2024-08-29 10:00:04,132700.0,400,Sell,235662107
2024-08-29 10:00:24,132700.0,400,Sell,235662462
2024-08-29 10:00:25,132700.0,500,Sell,235662488
2024-08-29 10:00:35,132800.0,100,Buy,235662628
2024-08-29 10:00:44,132700.0,400,Sell,235662799
2024-08-29 10:01:04,132700.0,400,Sell,235663114
2024-08-29 10:01:12,132700.0,2000,Sell,235663237
2024-08-29 10:01:16,132800.0,100,Buy,235663300
2024-08-29 10:01:24,132700.0,400,Sell,235663407
2024-08-29 10:01:39,132700.0,200,Sell,235663668
2024-08-29 10:01:39,132700.0,100,Sell,235663679
2024-08-29 10:01:44,132700.0,400,Sell,235663754
2024-08-29 10:02:05,132700.0,400,Sell,235664035
2024-08-29 10:02:25,132700.0,400,Sell,235664419
2024-08-29 10:02:45,132700.0,400,Sell,235664794
2024-08-29 10:03:05,132700.0,400,Sell,235665105
2024-08-29 10:03:18,132800.0,300,Buy,235665250
2024-08-29 10:03:25,132700.0,400,Sell,235665370
2024-08-29 10:03:28,132800.0,100,Buy,235665419
2024-08-29 10:03:37,132800.0,100,Buy,235665578
2024-08-29 10:03:37,132700.0,200,Sell,235665574
2024-08-29 10:03:41,132800.0,200,Buy,235665619
2024-08-29 10:03:45,132700.0,400,Sell,235665718
2024-08-29 10:03:46,132700.0,100,Buy,235665753
2024-08-29 10:03:46,132700.0,100,Sell,235665738
2024-08-29 10:03:46,132700.0,500,Sell,235665736
2024-08-29 10:03:46,132700.0,200,Sell,235665735
2024-08-29 10:03:46,132700.0,300,Sell,235665734
2024-08-29 10:03:46,132700.0,500,Sell,235665733
2024-08-29 10:03:46,132700.0,300,Sell,235665732
2024-08-29 10:03:46,132700.0,100,Sell,235665739
2024-08-29 10:03:46,132700.0,500,Sell,235665730
2024-08-29 10:03:46,132700.0,300,Sell,235665724
2024-08-29 10:03:46,132700.0,500,Sell,235665725
2024-08-29 10:03:46,132700.0,200,Sell,235665726
2024-08-29 10:03:46,132700.0,1400,Sell,235665731
2024-08-29 10:03:46,132700.0,100,Sell,235665728
2024-08-29 10:03:46,132700.0,300,Sell,235665729
2024-08-29 10:03:46,132700.0,2900,Sell,235665727
2024-08-29 10:03:53,132700.0,300,Buy,235665917
2024-08-29 10:04:06,132600.0,400,Sell,235666163
2024-08-29 10:04:13,132700.0,300,Buy,235666331
2024-08-29 10:04:16,132700.0,100,Buy,235666367
2024-08-29 10:04:16,132700.0,500,Buy,235666368
2024-08-29 10:04:26,132600.0,400,Sell,235666540
2024-08-29 10:04:46,132600.0,100,Sell,235666932
2024-08-29 10:04:46,132600.0,200,Sell,235666930
2024-08-29 10:04:46,132600.0,100,Sell,235666931
2024-08-29 10:05:06,132600.0,400,Sell,235667337
2024-08-29 10:05:08,132700.0,900,Buy,235667389
2024-08-29 10:05:21,132700.0,300,Buy,235667672
2024-08-29 10:05:21,132700.0,200,Buy,235667673
2024-08-29 10:05:26,132600.0,400,Sell,235667828
2024-08-29 10:05:27,132700.0,400,Buy,235667852
2024-08-29 10:05:28,132700.0,100,Buy,235667853
2024-08-29 10:05:46,132700.0,300,Sell,235668152
2024-08-29 10:05:46,132700.0,100,Sell,235668153
2024-08-29 10:05:50,132600.0,3400,Sell,235668251
2024-08-29 10:05:50,132600.0,100,Sell,235668250
2024-08-29 10:05:50,132600.0,200,Sell,235668248
2024-08-29 10:05:50,132600.0,1000,Sell,235668247
2024-08-29 10:05:50,132600.0,300,Sell,235668246
2024-08-29 10:05:50,132600.0,100,Sell,235668245
2024-08-29 10:05:50,132600.0,500,Sell,235668243
2024-08-29 10:05:50,132600.0,2900,Sell,235668244
2024-08-29 10:05:50,132600.0,300,Sell,235668241
2024-08-29 10:05:50,132700.0,1900,Sell,235668234
2024-08-29 10:05:50,132700.0,100,Sell,235668235
2024-08-29 10:05:50,132600.0,2100,Sell,235668236
2024-08-29 10:05:50,132600.0,100,Sell,235668242
2024-08-29 10:05:50,132600.0,300,Sell,235668238
2024-08-29 10:05:50,132600.0,500,Sell,235668240
2024-08-29 10:05:50,132600.0,100,Sell,235668237
2024-08-29 10:05:50,132600.0,100,Sell,235668239
2024-08-29 10:06:07,132600.0,400,Sell,235668549
2024-08-29 10:06:24,132600.0,100,Sell,235668823
2024-08-29 10:06:27,132600.0,400,Sell,235668932
2024-08-29 10:06:38,132700.0,300,Sell,235669288
2024-08-29 10:06:47,132700.0,400,Sell,235669552
2024-08-29 10:06:49,132700.0,100,Sell,235669590
2024-08-29 10:06:53,132700.0,400,Sell,235669722
2024-08-29 10:07:06,132700.0,1000,Sell,235669951
2024-08-29 10:07:07,132700.0,400,Sell,235669997
2024-08-29 10:07:27,132700.0,400,Sell,235670312
2024-08-29 10:07:47,132700.0,200,Sell,235670654
2024-08-29 10:07:47,132700.0,200,Sell,235670655
2024-08-29 10:08:08,132700.0,400,Sell,235671115
2024-08-29 10:08:28,132700.0,400,Sell,235671438
2024-08-29 10:08:48,132700.0,400,Sell,235671747
2024-08-29 10:08:54,132700.0,100,Sell,235671891
2024-08-29 10:08:55,132800.0,100,Buy,235671915
2024-08-29 10:09:08,132700.0,400,Sell,235672162
2024-08-29 10:09:11,132700.0,100,Sell,235672188
2024-08-29 10:09:11,132700.0,1900,Sell,235672189
2024-08-29 10:09:28,132700.0,100,Sell,235672538
2024-08-29 10:09:28,132700.0,400,Sell,235672543
2024-08-29 10:09:41,132700.0,300,Sell,235672910
2024-08-29 10:09:41,132700.0,300,Sell,235672909
2024-08-29 10:09:41,132700.0,100,Sell,235672908
2024-08-29 10:09:41,132700.0,500,Sell,235672907
2024-08-29 10:09:41,132700.0,100,Sell,235672906
2024-08-29 10:09:41,132700.0,500,Sell,235672904
2024-08-29 10:09:41,132700.0,500,Sell,235672901
2024-08-29 10:09:41,132700.0,200,Sell,235672905
2024-08-29 10:09:41,132700.0,300,Sell,235672903
2024-08-29 10:09:41,132700.0,100,Sell,235672902
2024-08-29 10:09:43,132700.0,500,Buy,235672968
2024-08-29 10:09:49,132600.0,400,Sell,235673039
2024-08-29 10:09:51,132600.0,300,Sell,235673096
2024-08-29 10:09:51,132600.0,300,Sell,235673097
2024-08-29 10:09:51,132600.0,400,Sell,235673098
2024-08-29 10:09:51,132600.0,100,Sell,235673099
2024-08-29 10:09:51,132600.0,500,Sell,235673100
2024-08-29 10:09:51,132600.0,100,Sell,235673101
2024-08-29 10:10:09,132600.0,400,Sell,235673586
2024-08-29 10:10:15,132700.0,500,Buy,235673790
2024-08-29 10:10:15,132700.0,1100,Buy,235673791
2024-08-29 10:10:15,132700.0,400,Sell,235673792
2024-08-29 10:10:15,132700.0,300,Buy,235673789
2024-08-29 10:10:27,132700.0,600,Sell,235674091
2024-08-29 10:10:27,132700.0,100,Sell,235674092
2024-08-29 10:10:27,132700.0,300,Sell,235674093
2024-08-29 10:10:29,132600.0,100,Sell,235674138
2024-08-29 10:10:29,132600.0,300,Sell,235674139
2024-08-29 10:10:49,132600.0,300,Sell,235674609
2024-08-29 10:10:49,132600.0,100,Sell,235674610
2024-08-29 10:10:59,132600.0,600,Sell,235674848
2024-08-29 10:11:00,132600.0,1700,Sell,235674872
2024-08-29 10:11:01,132700.0,2400,Buy,235674901
2024-08-29 10:11:01,132700.0,200,Buy,235674902
2024-08-29 10:11:09,132600.0,400,Sell,235675212
2024-08-29 10:11:09,132700.0,300,Sell,235675202
2024-08-29 10:11:09,132700.0,100,Sell,235675203
2024-08-29 10:11:29,132700.0,200,Buy,235675529
2024-08-29 10:11:29,132700.0,400,Sell,235675533
2024-08-29 10:11:39,132700.0,600,Sell,235675688
2024-08-29 10:11:40,132700.0,200,Sell,235675699
2024-08-29 10:11:50,132700.0,400,Sell,235675889
2024-08-29 10:11:59,132800.0,100,Buy,235676090
2024-08-29 10:12:10,132700.0,400,Sell,235676258
2024-08-29 10:12:10,132800.0,300,Buy,235676259
2024-08-29 10:12:26,132800.0,300,Buy,235676661
2024-08-29 10:12:30,132700.0,400,Sell,235676727
2024-08-29 10:12:40,132700.0,100,Sell,235676869
2024-08-29 10:12:46,132700.0,200,Sell,235677067
2024-08-29 10:12:46,132700.0,100,Sell,235677068
2024-08-29 10:12:46,132700.0,600,Sell,235677069
2024-08-29 10:12:46,132700.0,800,Sell,235677070
2024-08-29 10:12:50,132700.0,400,Sell,235677119
2024-08-29 10:13:05,132700.0,200,Sell,235677371
2024-08-29 10:13:10,132700.0,400,Sell,235677450
2024-08-29 10:13:20,132700.0,200,Sell,235677697
2024-08-29 10:13:26,132700.0,300,Sell,235677775
2024-08-29 10:13:26,132700.0,500,Sell,235677774
2024-08-29 10:13:26,132700.0,100,Sell,235677773
2024-08-29 10:13:26,132700.0,100,Sell,235677771
2024-08-29 10:13:26,132700.0,2900,Sell,235677772
2024-08-29 10:13:26,132700.0,900,Sell,235677770
2024-08-29 10:13:31,132600.0,100,Sell,235677867
2024-08-29 10:13:31,132600.0,100,Sell,235677868
2024-08-29 10:13:31,132600.0,200,Sell,235677869
2024-08-29 10:13:49,132600.0,100,Sell,235678205
2024-08-29 10:13:51,132600.0,400,Sell,235678219
2024-08-29 10:14:05,132600.0,100,Sell,235678430
2024-08-29 10:14:11,132600.0,400,Sell,235678528
2024-08-29 10:14:20,132600.0,1000,Sell,235678679
2024-08-29 10:14:31,132600.0,400,Sell,235678859
2024-08-29 10:14:35,132700.0,1500,Buy,235678936
2024-08-29 10:14:35,132700.0,200,Buy,235678935
2024-08-29 10:14:46,132700.0,100,Buy,235679107
2024-08-29 10:14:51,132600.0,300,Sell,235679201
2024-08-29 10:14:51,132600.0,100,Sell,235679202
2024-08-29 10:15:06,132600.0,100,Sell,235679462
2024-08-29 10:15:06,132600.0,300,Sell,235679463
2024-08-29 10:15:06,132600.0,8500,Sell,235679464
2024-08-29 10:15:06,132600.0,1100,Sell,235679465
2024-08-29 10:15:11,132600.0,400,Sell,235679546
2024-08-29 10:15:32,132600.0,400,Sell,235679870
2024-08-29 10:15:52,132600.0,400,Sell,235680138
2024-08-29 10:16:05,132600.0,100,Sell,235680367
2024-08-29 10:16:08,132600.0,100,Sell,235680452
2024-08-29 10:16:12,132600.0,400,Sell,235680530
2024-08-29 10:16:15,132700.0,1000,Buy,235680576
2024-08-29 10:16:17,132700.0,500,Buy,235680592
2024-08-29 10:16:32,132600.0,300,Sell,235680815
2024-08-29 10:16:32,132600.0,100,Sell,235680814
2024-08-29 10:16:52,132600.0,400,Sell,235681057
2024-08-29 10:17:12,132600.0,100,Sell,235681410
2024-08-29 10:17:13,132600.0,200,Sell,235681415
2024-08-29 10:17:13,132600.0,200,Sell,235681416
2024-08-29 10:17:33,132600.0,300,Sell,235681734
2024-08-29 10:17:33,132600.0,100,Sell,235681735
2024-08-29 10:17:48,132700.0,500,Buy,235681943
2024-08-29 10:17:49,132700.0,300,Buy,235681951
2024-08-29 10:17:53,132600.0,100,Sell,235682090
2024-08-29 10:17:53,132600.0,300,Sell,235682091
2024-08-29 10:17:56,132700.0,500,Buy,235682136
2024-08-29 10:18:12,132700.0,5000,Buy,235682386
2024-08-29 10:18:12,132700.0,200,Buy,235682385
2024-08-29 10:18:12,132700.0,600,Buy,235682384
2024-08-29 10:18:13,132700.0,200,Buy,235682404
2024-08-29 10:18:13,132600.0,100,Sell,235682424
2024-08-29 10:18:13,132600.0,300,Sell,235682425
2024-08-29 10:18:14,132600.0,700,Sell,235682448
2024-08-29 10:18:14,132600.0,200,Sell,235682449
2024-08-29 10:18:14,132600.0,500,Sell,235682450
2024-08-29 10:18:14,132600.0,100,Sell,235682451
2024-08-29 10:18:14,132600.0,300,Sell,235682452
2024-08-29 10:18:14,132600.0,100,Sell,235682453
2024-08-29 10:18:18,132700.0,500,Buy,235682517
2024-08-29 10:18:18,132700.0,4800,Buy,235682515
2024-08-29 10:18:18,132700.0,200,Buy,235682516
2024-08-29 10:18:34,132700.0,100,Sell,235682816
2024-08-29 10:18:34,132700.0,300,Sell,235682815
2024-08-29 10:18:47,132700.0,100,Sell,235683008
2024-08-29 10:18:47,132700.0,400,Sell,235683015
2024-08-29 10:18:53,132700.0,100,Sell,235683147
2024-08-29 10:18:53,132700.0,300,Sell,235683148
2024-08-29 10:19:14,132600.0,400,Sell,235683555
2024-08-29 10:19:34,132600.0,400,Sell,235683907
2024-08-29 10:19:36,132600.0,600,Sell,235683944
2024-08-29 10:19:46,132600.0,100,Sell,235684081
2024-08-29 10:19:54,132600.0,400,Sell,235684176
2024-08-29 10:20:01,132600.0,1400,Sell,235684257
2024-08-29 10:20:01,132600.0,500,Sell,235684256
2024-08-29 10:20:03,132700.0,100,Buy,235684298
2024-08-29 10:20:14,132600.0,400,Sell,235684617
2024-08-29 10:20:32,132600.0,800,Sell,235684796
2024-08-29 10:20:34,132600.0,400,Sell,235684891
2024-08-29 10:20:46,132700.0,700,Buy,235685080
2024-08-29 10:20:47,132600.0,600,Sell,235685121
2024-08-29 10:20:47,132600.0,300,Sell,235685120
2024-08-29 10:20:47,132600.0,100,Sell,235685119
2024-08-29 10:20:47,132600.0,2900,Sell,235685118
2024-08-29 10:20:47,132600.0,500,Sell,235685117
2024-08-29 10:20:47,132600.0,200,Sell,235685116
2024-08-29 10:20:47,132600.0,500,Sell,235685115
2024-08-29 10:20:47,132600.0,100,Sell,235685114
2024-08-29 10:20:47,132600.0,2900,Sell,235685113
2024-08-29 10:20:47,132600.0,400,Sell,235685111
2024-08-29 10:20:47,132600.0,200,Sell,235685110
2024-08-29 10:20:47,132600.0,500,Sell,235685109
2024-08-29 10:20:47,132600.0,200,Sell,235685108
2024-08-29 10:20:47,132600.0,300,Sell,235685107
2024-08-29 10:20:47,132600.0,100,Sell,235685106
2024-08-29 10:20:47,132600.0,100,Sell,235685105
2024-08-29 10:20:47,132600.0,2000,Sell,235685104
2024-08-29 10:20:47,132600.0,300,Sell,235685112
2024-08-29 10:20:55,132500.0,400,Sell,235685319
2024-08-29 10:21:06,132500.0,600,Sell,235685545
2024-08-29 10:21:15,132500.0,400,Sell,235685686
2024-08-29 10:21:35,132500.0,400,Sell,235686009
2024-08-29 10:21:47,132500.0,3000,Sell,235686234
2024-08-29 10:21:55,132500.0,400,Sell,235686378
2024-08-29 10:22:11,132500.0,600,Sell,235686573
2024-08-29 10:22:11,132500.0,4400,Sell,235686574
2024-08-29 10:22:12,132500.0,100,Sell,235686604
2024-08-29 10:22:12,132500.0,3800,Sell,235686605
2024-08-29 10:22:12,132500.0,100,Sell,235686603
2024-08-29 10:22:12,132500.0,100,Sell,235686602
2024-08-29 10:22:12,132500.0,100,Sell,235686601
2024-08-29 10:22:12,132500.0,100,Sell,235686600
2024-08-29 10:22:12,132500.0,600,Sell,235686599
2024-08-29 10:22:13,132600.0,100,Buy,235686654
2024-08-29 10:22:15,132500.0,400,Sell,235686679
2024-08-29 10:22:23,132500.0,100,Sell,235686841
2024-08-29 10:22:36,132500.0,400,Sell,235687064
2024-08-29 10:22:39,132500.0,800,Sell,235687093
2024-08-29 10:22:39,132500.0,2500,Sell,235687094
2024-08-29 10:22:39,132500.0,100,Sell,235687095
2024-08-29 10:22:39,132500.0,400,Sell,235687096
2024-08-29 10:22:39,132500.0,100,Sell,235687100
2024-08-29 10:22:39,132500.0,500,Sell,235687098
2024-08-29 10:22:39,132500.0,100,Sell,235687099
2024-08-29 10:22:39,132500.0,100,Sell,235687092
2024-08-29 10:22:39,132500.0,300,Sell,235687101
2024-08-29 10:22:39,132500.0,300,Sell,235687097
2024-08-29 10:22:39,132500.0,200,Sell,235687091
2024-08-29 10:22:39,132500.0,100,Sell,235687080
2024-08-29 10:22:39,132500.0,2000,Sell,235687089
2024-08-29 10:22:39,132500.0,3300,Sell,235687079
2024-08-29 10:22:39,132500.0,400,Sell,235687090
2024-08-29 10:22:39,132500.0,200,Sell,235687082
2024-08-29 10:22:39,132500.0,100,Sell,235687083
2024-08-29 10:22:39,132500.0,200,Sell,235687081
2024-08-29 10:22:39,132500.0,200,Sell,235687085
2024-08-29 10:22:39,132500.0,100,Sell,235687086
2024-08-29 10:22:39,132500.0,5000,Sell,235687087
2024-08-29 10:22:39,132500.0,1000,Sell,235687088
2024-08-29 10:22:39,132500.0,800,Sell,235687084
2024-08-29 10:22:42,132500.0,100,Buy,235687182
2024-08-29 10:22:46,132500.0,100,Buy,235687242
2024-08-29 10:22:47,132500.0,100,Buy,235687261
2024-08-29 10:22:50,132500.0,500,Buy,235687326
2024-08-29 10:22:56,132400.0,400,Sell,235687452
2024-08-29 10:23:01,132500.0,100,Buy,235687590
2024-08-29 10:23:01,132500.0,100,Buy,235687589
2024-08-29 10:23:01,132500.0,100,Buy,235687588
2024-08-29 10:23:02,132500.0,100,Buy,235687604
2024-08-29 10:23:13,132500.0,100,Sell,235687772
2024-08-29 10:23:16,132500.0,100,Sell,235687802
2024-08-29 10:23:16,132500.0,100,Sell,235687799
2024-08-29 10:23:16,132500.0,100,Sell,235687800
2024-08-29 10:23:16,132500.0,100,Sell,235687801
2024-08-29 10:23:23,132500.0,100,Sell,235687906
2024-08-29 10:23:23,132500.0,100,Sell,235687916
2024-08-29 10:23:23,132500.0,100,Sell,235687915
2024-08-29 10:23:23,132500.0,100,Sell,235687914
2024-08-29 10:23:23,132500.0,100,Sell,235687913
2024-08-29 10:23:23,132500.0,100,Sell,235687912
2024-08-29 10:23:23,132500.0,100,Sell,235687905
2024-08-29 10:23:23,132500.0,100,Sell,235687910
2024-08-29 10:23:23,132500.0,100,Sell,235687909
2024-08-29 10:23:23,132500.0,100,Sell,235687908
2024-08-29 10:23:23,132500.0,100,Sell,235687907
2024-08-29 10:23:23,132500.0,100,Sell,235687911
2024-08-29 10:23:28,132500.0,200,Buy,235687972
2024-08-29 10:23:36,132400.0,400,Sell,235688065
2024-08-29 10:23:48,132500.0,600,Buy,235688218
2024-08-29 10:23:56,132500.0,400,Sell,235688307
2024-08-29 10:24:04,132500.0,500,Sell,235688365
2024-08-29 10:24:07,132600.0,100,Buy,235688419
2024-08-29 10:24:08,132500.0,500,Sell,235688434
2024-08-29 10:24:16,132600.0,100,Buy,235688533
2024-08-29 10:24:16,132500.0,400,Sell,235688539
2024-08-29 10:24:25,132500.0,100,Sell,235688677
2024-08-29 10:24:37,132500.0,400,Sell,235688950
2024-08-29 10:24:47,132500.0,1500,Sell,235689098
2024-08-29 10:24:53,132600.0,100,Buy,235689178
2024-08-29 10:24:53,132600.0,200,Buy,235689179
2024-08-29 10:24:53,132600.0,1600,Buy,235689176
2024-08-29 10:24:53,132600.0,100,Buy,235689177
2024-08-29 10:24:57,132600.0,400,Sell,235689259
2024-08-29 10:25:01,132700.0,100,Buy,235689319
2024-08-29 10:25:17,132600.0,400,Sell,235689533
2024-08-29 10:25:37,132700.0,100,Buy,235689825
2024-08-29 10:25:37,132600.0,100,Sell,235689826
2024-08-29 10:25:37,132600.0,100,Sell,235689827
2024-08-29 10:25:37,132600.0,200,Sell,235689828
2024-08-29 10:25:40,132600.0,100,Sell,235689897
2024-08-29 10:25:55,132700.0,100,Buy,235690111
2024-08-29 10:25:57,132600.0,400,Sell,235690138
2024-08-29 10:26:03,132700.0,100,Buy,235690200
2024-08-29 10:26:07,132700.0,500,Buy,235690307
2024-08-29 10:26:09,132700.0,100,Buy,235690341
2024-08-29 10:26:09,132700.0,100,Buy,235690342
2024-08-29 10:26:10,132700.0,100,Buy,235690352
2024-08-29 10:26:17,132700.0,200,Buy,235690471
2024-08-29 10:26:17,132600.0,400,Sell,235690478
2024-08-29 10:26:19,132700.0,100,Buy,235690526
2024-08-29 10:26:28,132700.0,100,Buy,235690699
2024-08-29 10:26:38,132600.0,400,Sell,235690803
2024-08-29 10:26:42,132700.0,100,Buy,235690885
2024-08-29 10:26:57,132700.0,100,Buy,235691021
2024-08-29 10:26:58,132600.0,200,Sell,235691047
2024-08-29 10:26:58,132600.0,200,Sell,235691048
2024-08-29 10:27:01,132700.0,100,Buy,235691113
2024-08-29 10:27:06,132700.0,100,Buy,235691197
2024-08-29 10:27:12,132700.0,200,Buy,235691303
2024-08-29 10:27:12,132700.0,300,Buy,235691304
2024-08-29 10:27:14,132700.0,300,Buy,235691332
2024-08-29 10:27:18,132600.0,400,Sell,235691395
2024-08-29 10:27:25,132700.0,100,Buy,235691522
2024-08-29 10:27:32,132700.0,100,Buy,235691639
2024-08-29 10:27:38,132600.0,400,Sell,235691786
2024-08-29 10:27:56,132700.0,100,Buy,235692041
2024-08-29 10:27:58,132700.0,100,Buy,235692089
2024-08-29 10:27:58,132600.0,400,Sell,235692098
2024-08-29 10:28:05,132700.0,100,Buy,235692202
2024-08-29 10:28:09,132700.0,300,Buy,235692256
2024-08-29 10:28:11,132700.0,300,Buy,235692287
2024-08-29 10:28:11,132700.0,100,Buy,235692294
2024-08-29 10:28:18,132700.0,600,Buy,235692379
2024-08-29 10:28:19,132600.0,100,Sell,235692389
2024-08-29 10:28:19,132600.0,300,Sell,235692388
2024-08-29 10:28:30,132700.0,100,Buy,235692534
2024-08-29 10:28:31,132700.0,4100,Buy,235692542
2024-08-29 10:28:31,132700.0,100,Buy,235692543
2024-08-29 10:28:31,132700.0,100,Buy,235692544
2024-08-29 10:28:31,132700.0,100,Buy,235692545
2024-08-29 10:28:31,132700.0,100,Buy,235692546
2024-08-29 10:28:31,132700.0,100,Buy,235692547
2024-08-29 10:28:31,132700.0,400,Buy,235692548
2024-08-29 10:28:37,132700.0,100,Buy,235692623
2024-08-29 10:28:39,132600.0,400,Sell,235692638
2024-08-29 10:28:59,132600.0,100,Sell,235692872
2024-08-29 10:28:59,132600.0,300,Sell,235692871
2024-08-29 10:29:01,132700.0,100,Buy,235692904
2024-08-29 10:29:07,132700.0,200,Buy,235692963
2024-08-29 10:29:19,132600.0,300,Sell,235693134
2024-08-29 10:29:19,132600.0,100,Sell,235693135
2024-08-29 10:29:36,132700.0,100,Buy,235693381
2024-08-29 10:29:39,132600.0,100,Sell,235693460
2024-08-29 10:29:39,132600.0,100,Sell,235693461
2024-08-29 10:29:39,132600.0,100,Sell,235693462
2024-08-29 10:29:39,132600.0,100,Sell,235693463
2024-08-29 10:29:59,132700.0,100,Buy,235693746
2024-08-29 10:30:00,132600.0,400,Sell,235693750
2024-08-29 10:30:17,132700.0,2000,Buy,235693949
2024-08-29 10:30:20,132700.0,400,Sell,235693982
2024-08-29 10:30:40,132700.0,400,Sell,235694369
2024-08-29 10:31:00,132700.0,100,Sell,235694601
2024-08-29 10:31:00,132700.0,100,Sell,235694602
2024-08-29 10:31:00,132700.0,200,Sell,235694603
2024-08-29 10:31:00,132800.0,100,Buy,235694608
2024-08-29 10:31:20,132700.0,300,Sell,235694876
2024-08-29 10:31:20,132700.0,100,Sell,235694877
2024-08-29 10:31:23,132800.0,100,Buy,235694923
2024-08-29 10:31:34,132800.0,500,Buy,235695038
2024-08-29 10:31:41,132700.0,400,Sell,235695128
2024-08-29 10:32:01,132800.0,2000,Buy,235695428
2024-08-29 10:32:01,132800.0,100,Buy,235695427
2024-08-29 10:32:01,132800.0,100,Buy,235695429
2024-08-29 10:32:01,132800.0,500,Buy,235695425
2024-08-29 10:32:01,132700.0,300,Sell,235695421
2024-08-29 10:32:01,132800.0,200,Buy,235695426
2024-08-29 10:32:01,132700.0,100,Sell,235695420
2024-08-29 10:32:02,132800.0,100,Buy,235695433
2024-08-29 10:32:21,132700.0,400,Sell,235695719
2024-08-29 10:32:41,132700.0,400,Sell,235696018
2024-08-29 10:32:45,132700.0,100,Sell,235696083
2024-08-29 10:33:00,132900.0,100,Buy,235696313
2024-08-29 10:33:01,132700.0,400,Sell,235696328
2024-08-29 10:33:03,132700.0,100,Sell,235696353
2024-08-29 10:33:15,132900.0,100,Buy,235696549
2024-08-29 10:33:22,132700.0,400,Sell,235696633
2024-08-29 10:33:32,132900.0,100,Buy,235696791
2024-08-29 10:33:42,132700.0,400,Sell,235696936
2024-08-29 10:33:42,132900.0,100,Buy,235696948
2024-08-29 10:33:42,132900.0,300,Buy,235696949
2024-08-29 10:33:45,132900.0,500,Buy,235696997
2024-08-29 10:33:50,132900.0,200,Buy,235697045
2024-08-29 10:33:50,132900.0,100,Buy,235697046
2024-08-29 10:33:51,132900.0,100,Buy,235697067
2024-08-29 10:33:51,132900.0,2900,Buy,235697066
2024-08-29 10:33:57,132900.0,200,Buy,235697120
2024-08-29 10:34:02,132900.0,200,Sell,235697191
2024-08-29 10:34:02,132900.0,200,Sell,235697192
2024-08-29 10:34:22,132700.0,400,Sell,235697423
2024-08-29 10:34:24,133000.0,200,Buy,235697435
2024-08-29 10:34:36,133000.0,100,Buy,235697583
2024-08-29 10:34:38,133000.0,100,Buy,235697611
2024-08-29 10:34:42,132700.0,300,Sell,235697647
2024-08-29 10:34:42,132700.0,100,Sell,235697648
2024-08-29 10:34:55,133000.0,100,Buy,235697794
2024-08-29 10:35:00,133000.0,100,Buy,235697869
2024-08-29 10:35:03,132800.0,300,Sell,235697899
2024-08-29 10:35:03,132800.0,100,Sell,235697900
2024-08-29 10:35:19,133000.0,100,Buy,235698095
2024-08-29 10:35:23,132800.0,100,Sell,235698132
2024-08-29 10:35:23,132900.0,300,Sell,235698131
2024-08-29 10:35:43,132900.0,400,Sell,235698349
2024-08-29 10:35:46,133000.0,100,Buy,235698417
2024-08-29 10:35:49,132900.0,100,Sell,235698448
2024-08-29 10:36:03,132900.0,300,Sell,235698623
2024-08-29 10:36:03,132900.0,100,Sell,235698624
2024-08-29 10:36:12,133000.0,100,Buy,235698688
2024-08-29 10:36:18,133000.0,600,Buy,235698733
2024-08-29 10:36:23,132900.0,400,Sell,235698779
2024-08-29 10:36:32,133000.0,100,Buy,235698865
2024-08-29 10:36:39,133000.0,300,Buy,235698944
2024-08-29 10:36:44,132900.0,100,Sell,235698979
2024-08-29 10:36:44,132900.0,300,Sell,235698980
2024-08-29 10:36:50,133000.0,2000,Buy,235699058
2024-08-29 10:36:50,133000.0,400,Buy,235699061
2024-08-29 10:36:50,133000.0,100,Buy,235699059
2024-08-29 10:36:50,133000.0,500,Buy,235699057
2024-08-29 10:36:50,133000.0,100,Buy,235699060
2024-08-29 10:36:50,133000.0,1000,Buy,235699062
2024-08-29 10:36:50,133000.0,3100,Buy,235699069
2024-08-29 10:36:50,133000.0,100,Buy,235699064
2024-08-29 10:36:50,133000.0,100,Buy,235699065
2024-08-29 10:36:50,133000.0,200,Buy,235699066
2024-08-29 10:36:50,133000.0,200,Buy,235699067
2024-08-29 10:36:50,133000.0,400,Buy,235699068
2024-08-29 10:36:50,133000.0,200,Buy,235699070
2024-08-29 10:36:50,133000.0,100,Buy,235699063
2024-08-29 10:36:50,133000.0,400,Buy,235699056
2024-08-29 10:36:50,133000.0,100,Buy,235699051
2024-08-29 10:36:50,133000.0,300,Buy,235699054
2024-08-29 10:36:50,133000.0,100,Buy,235699055
2024-08-29 10:36:50,132900.0,100,Sell,235699037
2024-08-29 10:36:50,133000.0,3000,Buy,235699041
2024-08-29 10:36:50,133000.0,600,Buy,235699042
2024-08-29 10:36:50,133000.0,500,Buy,235699043
2024-08-29 10:36:50,133000.0,1100,Buy,235699044
2024-08-29 10:36:50,133000.0,500,Buy,235699045
2024-08-29 10:36:50,133000.0,200,Buy,235699048
2024-08-29 10:36:50,133000.0,4000,Buy,235699047
2024-08-29 10:36:50,133000.0,100,Buy,235699046
2024-08-29 10:36:50,133000.0,100,Buy,235699049
2024-08-29 10:36:50,133000.0,100,Buy,235699050
2024-08-29 10:36:50,133000.0,500,Buy,235699052
2024-08-29 10:36:50,133000.0,300,Buy,235699053
2024-08-29 10:36:51,133000.0,500,Buy,235699076
2024-08-29 10:36:51,133000.0,100,Buy,235699077
2024-08-29 10:37:00,133000.0,100,Buy,235699163
2024-08-29 10:37:02,133000.0,500,Buy,235699177
2024-08-29 10:37:04,132800.0,400,Sell,235699193
2024-08-29 10:37:22,132800.0,100,Sell,235699378
2024-08-29 10:37:25,132800.0,400,Sell,235699409
2024-08-29 10:37:44,132800.0,400,Sell,235699613
2024-08-29 10:37:45,132800.0,900,Sell,235699635
2024-08-29 10:37:48,133000.0,100,Buy,235699648
2024-08-29 10:38:05,132800.0,400,Sell,235699808
2024-08-29 10:38:25,132800.0,400,Sell,235700051
2024-08-29 10:38:34,133000.0,100,Buy,235700148
2024-08-29 10:38:45,132800.0,400,Sell,235700254
2024-08-29 10:38:51,133000.0,100,Buy,235700333
2024-08-29 10:38:56,133000.0,100,Buy,235700407
2024-08-29 10:38:56,133000.0,100,Buy,235700404
2024-08-29 10:38:56,133000.0,100,Buy,235700405
2024-08-29 10:38:56,133000.0,200,Buy,235700406
2024-08-29 10:39:00,133000.0,100,Buy,235700442
2024-08-29 10:39:05,132800.0,400,Sell,235700509
2024-08-29 10:39:21,133000.0,100,Buy,235700736
2024-08-29 10:39:25,132800.0,400,Sell,235700773
2024-08-29 10:39:28,133000.0,100,Buy,235700800
2024-08-29 10:39:29,133000.0,300,Buy,235700813
2024-08-29 10:39:46,132800.0,400,Sell,235700989
2024-08-29 10:39:48,133100.0,100,Buy,235701026
2024-08-29 10:39:53,133100.0,900,Buy,235701093
2024-08-29 10:40:06,132800.0,400,Sell,235701538
2024-08-29 10:40:26,132800.0,400,Sell,235701740
2024-08-29 10:40:42,133100.0,200,Buy,235701999
2024-08-29 10:40:46,132800.0,400,Sell,235702044
2024-08-29 10:40:58,133100.0,100,Buy,235702175
2024-08-29 10:41:00,133000.0,100,Buy,235702188
2024-08-29 10:41:05,133000.0,2900,Buy,235702251
2024-08-29 10:41:06,132800.0,300,Sell,235702271
2024-08-29 10:41:06,133000.0,100,Sell,235702270
2024-08-29 10:41:07,132800.0,900,Sell,235702273
2024-08-29 10:41:27,133100.0,100,Buy,235702492
2024-08-29 10:41:27,132800.0,400,Sell,235702489
2024-08-29 10:41:47,132800.0,400,Sell,235702693
2024-08-29 10:42:01,133100.0,100,Buy,235702931
2024-08-29 10:42:07,132800.0,300,Sell,235702990
2024-08-29 10:42:07,132900.0,100,Sell,235702989
2024-08-29 10:42:27,132800.0,400,Sell,235703178
2024-08-29 10:42:48,132800.0,400,Sell,235703403
2024-08-29 10:42:48,133000.0,2000,Buy,235703404
2024-08-29 10:42:48,133000.0,900,Buy,235703405
2024-08-29 10:42:48,133000.0,100,Buy,235703409
2024-08-29 10:42:59,133100.0,100,Buy,235703567
2024-08-29 10:43:05,133100.0,100,Buy,235703615
2024-08-29 10:43:08,133000.0,100,Sell,235703636
2024-08-29 10:43:08,132900.0,300,Sell,235703637
2024-08-29 10:43:28,132900.0,400,Sell,235703853
2024-08-29 10:43:37,133000.0,100,Buy,235704003
2024-08-29 10:43:49,132900.0,400,Sell,235704117
2024-08-29 10:43:51,133000.0,200,Buy,235704128
2024-08-29 10:44:09,132900.0,400,Sell,235704315
2024-08-29 10:44:11,133000.0,100,Buy,235704328
2024-08-29 10:44:26,133000.0,2900,Buy,235704551
2024-08-29 10:44:27,133000.0,100,Buy,235704560
2024-08-29 10:44:27,133000.0,300,Buy,235704561
2024-08-29 10:44:29,132900.0,400,Sell,235704575
2024-08-29 10:44:49,132900.0,400,Sell,235704807
2024-08-29 10:44:59,133000.0,100,Buy,235704890
2024-08-29 10:45:00,133000.0,100,Buy,235704898
2024-08-29 10:45:08,133000.0,100,Buy,235705021
2024-08-29 10:45:08,133000.0,100,Buy,235705020
2024-08-29 10:45:09,132900.0,400,Sell,235705029
2024-08-29 10:45:16,133000.0,200,Buy,235705080
2024-08-29 10:45:18,133100.0,400,Buy,235705111
2024-08-29 10:45:18,133100.0,1000,Buy,235705112
2024-08-29 10:45:18,133100.0,100,Buy,235705113
2024-08-29 10:45:30,132900.0,200,Sell,235705235
2024-08-29 10:45:30,132900.0,100,Sell,235705236
2024-08-29 10:45:30,132900.0,100,Sell,235705237
2024-08-29 10:45:43,133100.0,100,Buy,235705386
2024-08-29 10:45:46,133100.0,500,Buy,235705407
2024-08-29 10:45:50,133100.0,100,Buy,235705465
2024-08-29 10:45:50,132900.0,400,Sell,235705472
2024-08-29 10:46:11,132900.0,100,Sell,235705677
2024-08-29 10:46:11,132900.0,300,Sell,235705676
2024-08-29 10:46:21,133000.0,100,Buy,235705789
2024-08-29 10:46:31,132900.0,100,Sell,235705887
2024-08-29 10:46:31,132900.0,300,Sell,235705888
2024-08-29 10:46:51,132900.0,400,Sell,235706061
2024-08-29 10:46:59,133100.0,100,Buy,235706152
2024-08-29 10:47:01,133100.0,100,Buy,235706163
2024-08-29 10:47:01,133100.0,300,Buy,235706164
2024-08-29 10:47:11,133000.0,100,Sell,235706287
2024-08-29 10:47:11,132900.0,200,Sell,235706288
2024-08-29 10:47:11,132900.0,100,Sell,235706289
2024-08-29 10:47:17,133100.0,100,Buy,235706336
2024-08-29 10:47:23,133100.0,100,Buy,235706397
2024-08-29 10:47:31,132900.0,200,Sell,235706518
2024-08-29 10:47:31,132900.0,200,Sell,235706517
2024-08-29 10:47:52,133000.0,100,Sell,235706721
2024-08-29 10:47:52,133000.0,300,Sell,235706722
2024-08-29 10:48:00,133000.0,1000,Sell,235706811
2024-08-29 10:48:12,133000.0,400,Sell,235706930
2024-08-29 10:48:17,133100.0,100,Buy,235707021
2024-08-29 10:48:23,133100.0,100,Buy,235707152
2024-08-29 10:48:31,133100.0,300,Buy,235707283
2024-08-29 10:48:32,133000.0,400,Sell,235707292
2024-08-29 10:48:39,133100.0,100,Buy,235707383
2024-08-29 10:48:43,133100.0,400,Buy,235707428
2024-08-29 10:48:43,133100.0,100,Buy,235707446
2024-08-29 10:48:52,133000.0,400,Sell,235707572
2024-08-29 10:48:59,133100.0,100,Buy,235707642
2024-08-29 10:49:03,133100.0,200,Buy,235707744
2024-08-29 10:49:03,133100.0,100,Buy,235707742
2024-08-29 10:49:03,133100.0,200,Buy,235707743
2024-08-29 10:49:13,133000.0,400,Sell,235707920
2024-08-29 10:49:13,133100.0,300,Buy,235707927
2024-08-29 10:49:13,133100.0,500,Buy,235707928
2024-08-29 10:49:13,133100.0,100,Buy,235707929
2024-08-29 10:49:13,133100.0,100,Buy,235707930
2024-08-29 10:49:13,133100.0,600,Buy,235707931
2024-08-29 10:49:22,133100.0,300,Sell,235708026
2024-08-29 10:49:32,133200.0,100,Buy,235708171
2024-08-29 10:49:32,133200.0,300,Sell,235708184
2024-08-29 10:49:32,133200.0,100,Buy,235708169
2024-08-29 10:49:32,133200.0,100,Buy,235708170
2024-08-29 10:49:32,133200.0,1000,Buy,235708172
2024-08-29 10:49:32,133200.0,700,Buy,235708168
2024-08-29 10:49:33,133200.0,400,Sell,235708187
2024-08-29 10:49:38,133300.0,100,Buy,235708240
2024-08-29 10:49:46,133300.0,100,Buy,235708378
2024-08-29 10:49:49,133300.0,100,Buy,235708412
2024-08-29 10:49:49,133300.0,300,Buy,235708413
2024-08-29 10:49:50,133300.0,200,Buy,235708418
2024-08-29 10:49:50,133300.0,100,Buy,235708419
2024-08-29 10:49:53,133200.0,400,Sell,235708451
2024-08-29 10:50:03,133300.0,200,Buy,235708643
2024-08-29 10:50:09,133300.0,500,Buy,235708704
2024-08-29 10:50:13,133200.0,400,Sell,235708755
2024-08-29 10:50:16,133300.0,500,Buy,235708781
2024-08-29 10:50:20,133300.0,200,Buy,235708839
2024-08-29 10:50:30,133300.0,1000,Buy,235709066
2024-08-29 10:50:30,133300.0,100,Buy,235709067
2024-08-29 10:50:30,133300.0,100,Buy,235709068
2024-08-29 10:50:30,133300.0,500,Buy,235709065
2024-08-29 10:50:31,133300.0,400,Buy,235709093
2024-08-29 10:50:31,133300.0,100,Buy,235709094
2024-08-29 10:50:31,133300.0,100,Buy,235709095
2024-08-29 10:50:31,133300.0,100,Buy,235709096
2024-08-29 10:50:31,133300.0,100,Buy,235709097
2024-08-29 10:50:31,133300.0,500,Buy,235709098
2024-08-29 10:50:31,133300.0,400,Buy,235709099
2024-08-29 10:50:33,133200.0,400,Sell,235709135
2024-08-29 10:50:34,133300.0,100,Buy,235709178
2024-08-29 10:50:40,133300.0,4500,Buy,235709262
2024-08-29 10:50:47,133400.0,200,Buy,235709342
2024-08-29 10:50:47,133400.0,100,Buy,235709345
2024-08-29 10:50:47,133400.0,100,Buy,235709341
2024-08-29 10:50:47,133400.0,5000,Buy,235709343
2024-08-29 10:50:47,133400.0,100,Buy,235709344
2024-08-29 10:50:48,133400.0,200,Sell,235709361
2024-08-29 10:50:48,133500.0,100,Buy,235709349
2024-08-29 10:50:52,133500.0,5000,Buy,235709403
2024-08-29 10:50:52,133500.0,5000,Buy,235709402
2024-08-29 10:50:54,133400.0,400,Sell,235709425
2024-08-29 10:50:54,133400.0,100,Sell,235709426
2024-08-29 10:50:56,133500.0,1700,Buy,235709488
2024-08-29 10:50:58,133500.0,100,Buy,235709514
2024-08-29 10:50:59,133500.0,100,Buy,235709520
2024-08-29 10:51:03,133500.0,200,Buy,235709564
2024-08-29 10:51:03,133500.0,900,Buy,235709563
2024-08-29 10:51:03,133500.0,500,Buy,235709562
2024-08-29 10:51:03,133500.0,100,Buy,235709561
2024-08-29 10:51:03,133500.0,100,Buy,235709560
2024-08-29 10:51:03,133500.0,800,Buy,235709559
2024-08-29 10:51:03,133500.0,100,Buy,235709556
2024-08-29 10:51:03,133500.0,100,Buy,235709557
2024-08-29 10:51:03,133500.0,100,Buy,235709554
2024-08-29 10:51:03,133500.0,200,Buy,235709553
2024-08-29 10:51:03,133500.0,2900,Buy,235709552
2024-08-29 10:51:03,133500.0,200,Buy,235709550
2024-08-29 10:51:03,133500.0,400,Buy,235709558
2024-08-29 10:51:03,133500.0,600,Buy,235709555
2024-08-29 10:51:04,133500.0,200,Buy,235709574
2024-08-29 10:51:05,133500.0,100,Buy,235709585
2024-08-29 10:51:06,133500.0,100,Buy,235709589
2024-08-29 10:51:06,133500.0,100,Buy,235709587
2024-08-29 10:51:06,133500.0,100,Buy,235709586
2024-08-29 10:51:06,133500.0,100,Buy,235709588
2024-08-29 10:51:07,133500.0,100,Buy,235709607
2024-08-29 10:51:10,133500.0,1000,Buy,235709655
2024-08-29 10:51:10,133500.0,400,Buy,235709654
2024-08-29 10:51:10,133500.0,100,Buy,235709656
2024-08-29 10:51:10,133500.0,100,Buy,235709652
2024-08-29 10:51:10,133500.0,100,Buy,235709651
2024-08-29 10:51:10,133500.0,800,Buy,235709650
2024-08-29 10:51:10,133500.0,200,Buy,235709653
2024-08-29 10:51:14,133500.0,200,Sell,235709693
2024-08-29 10:51:14,133500.0,100,Sell,235709694
2024-08-29 10:51:14,133400.0,100,Sell,235709695
2024-08-29 10:51:18,133700.0,200,Buy,235709760
2024-08-29 10:51:18,133700.0,500,Buy,235709765
2024-08-29 10:51:18,133700.0,2500,Buy,235709761
2024-08-29 10:51:18,133700.0,2300,Buy,235709759
2024-08-29 10:51:18,133600.0,300,Buy,235709754
2024-08-29 10:51:18,133700.0,10000,Buy,235709757
2024-08-29 10:51:18,133600.0,100,Buy,235709756
2024-08-29 10:51:18,133600.0,100,Buy,235709755
2024-08-29 10:51:18,133700.0,2000,Buy,235709758
2024-08-29 10:51:19,133700.0,400,Buy,235709768
2024-08-29 10:51:19,133700.0,100,Buy,235709769
2024-08-29 10:51:19,133700.0,100,Buy,235709770
2024-08-29 10:51:21,133500.0,200,Sell,235709799
2024-08-29 10:51:22,133800.0,100,Buy,235709810
2024-08-29 10:51:32,133600.0,100,Buy,235709976
2024-08-29 10:51:34,133500.0,100,Sell,235709996
2024-08-29 10:51:34,133500.0,300,Sell,235709995
2024-08-29 10:51:45,133800.0,100,Buy,235710160
2024-08-29 10:51:50,133800.0,100,Buy,235710214
2024-08-29 10:51:54,133600.0,400,Sell,235710260
2024-08-29 10:52:07,133600.0,900,Sell,235710529
2024-08-29 10:52:14,133500.0,200,Sell,235710613
2024-08-29 10:52:14,133400.0,200,Sell,235710614
2024-08-29 10:52:34,133400.0,400,Sell,235710965
2024-08-29 10:52:54,133700.0,100,Buy,235711213
2024-08-29 10:52:55,133500.0,300,Sell,235711214
2024-08-29 10:52:55,133400.0,100,Sell,235711215
2024-08-29 10:52:59,133700.0,100,Buy,235711259
2024-08-29 10:52:59,133400.0,100,Sell,235711250
2024-08-29 10:53:15,133400.0,400,Sell,235711468
2024-08-29 10:53:28,133500.0,100,Buy,235711700
2024-08-29 10:53:30,133500.0,100,Sell,235711725
2024-08-29 10:53:35,133500.0,400,Sell,235711766
2024-08-29 10:53:41,133700.0,100,Buy,235711838
2024-08-29 10:53:42,133600.0,300,Sell,235711844
2024-08-29 10:53:42,133500.0,400,Sell,235711845
2024-08-29 10:53:42,133500.0,300,Sell,235711846
2024-08-29 10:53:42,133500.0,100,Sell,235711847
2024-08-29 10:53:47,133700.0,100,Buy,235711901
2024-08-29 10:53:47,133700.0,100,Buy,235711906
2024-08-29 10:53:48,133500.0,1200,Sell,235711916
2024-08-29 10:53:48,133500.0,800,Sell,235711915
2024-08-29 10:53:55,133500.0,400,Sell,235712007
2024-08-29 10:54:02,133500.0,300,Sell,235712113
2024-08-29 10:54:10,133500.0,500,Sell,235712254
2024-08-29 10:54:15,133500.0,400,Sell,235712304
2024-08-29 10:54:16,133500.0,100,Sell,235712320
2024-08-29 10:54:16,133500.0,100,Sell,235712321
2024-08-29 10:54:16,133500.0,100,Sell,235712322
2024-08-29 10:54:17,133500.0,200,Buy,235712326
2024-08-29 10:54:17,133600.0,100,Buy,235712327
2024-08-29 10:54:17,133600.0,2600,Buy,235712328
2024-08-29 10:54:17,133600.0,100,Buy,235712331
2024-08-29 10:54:31,133600.0,100,Buy,235712517
2024-08-29 10:54:31,133600.0,300,Buy,235712515
2024-08-29 10:54:31,133600.0,100,Buy,235712516
2024-08-29 10:54:33,133600.0,200,Buy,235712542
2024-08-29 10:54:33,133600.0,100,Buy,235712543
2024-08-29 10:54:36,133400.0,400,Sell,235712627
2024-08-29 10:54:36,133600.0,300,Buy,235712628
2024-08-29 10:54:36,133600.0,200,Buy,235712629
2024-08-29 10:54:38,133600.0,100,Sell,235712660
2024-08-29 10:54:42,133600.0,200,Buy,235712712
2024-08-29 10:54:42,133600.0,200,Buy,235712713
2024-08-29 10:54:42,133700.0,500,Buy,235712714
2024-08-29 10:54:42,133700.0,3200,Buy,235712715
2024-08-29 10:54:51,133600.0,500,Buy,235712798
2024-08-29 10:54:54,133600.0,900,Buy,235712821
2024-08-29 10:54:56,133500.0,400,Sell,235712845
2024-08-29 10:54:59,133600.0,100,Buy,235712892
2024-08-29 10:55:02,133600.0,500,Buy,235712935
2024-08-29 10:55:16,133500.0,400,Sell,235713066
2024-08-29 10:55:25,133600.0,100,Buy,235713222
2024-08-29 10:55:29,133600.0,300,Buy,235713282
2024-08-29 10:55:36,133500.0,400,Sell,235713352
2024-08-29 10:55:36,133600.0,600,Buy,235713344
2024-08-29 10:55:37,133600.0,100,Buy,235713359
2024-08-29 10:55:57,133500.0,400,Sell,235713659
2024-08-29 10:56:11,133600.0,100,Buy,235713851
2024-08-29 10:56:17,133500.0,400,Sell,235713895
2024-08-29 10:56:19,133500.0,2600,Sell,235713929
2024-08-29 10:56:19,133500.0,900,Sell,235713928
2024-08-29 10:56:32,133600.0,100,Buy,235714040
2024-08-29 10:56:37,133500.0,400,Sell,235714069
2024-08-29 10:56:44,133600.0,1200,Buy,235714109
2024-08-29 10:56:47,133500.0,100,Sell,235714167
2024-08-29 10:56:57,133500.0,400,Sell,235714256
2024-08-29 10:56:58,133600.0,100,Buy,235714276
2024-08-29 10:56:58,133600.0,100,Buy,235714277
2024-08-29 10:56:59,133500.0,500,Sell,235714292
2024-08-29 10:57:03,133500.0,1000,Sell,235714362
2024-08-29 10:57:13,133500.0,100,Sell,235714575
2024-08-29 10:57:13,133500.0,2900,Sell,235714574
2024-08-29 10:57:13,133500.0,300,Sell,235714571
2024-08-29 10:57:13,133500.0,200,Sell,235714572
2024-08-29 10:57:13,133500.0,600,Sell,235714573
2024-08-29 10:57:13,133500.0,200,Sell,235714570
2024-08-29 10:57:17,133500.0,100,Buy,235714636
2024-08-29 10:57:18,133400.0,400,Sell,235714646
2024-08-29 10:57:26,133500.0,100,Buy,235714767
2024-08-29 10:57:31,133400.0,1700,Sell,235714798
2024-08-29 10:57:31,133400.0,300,Sell,235714799
2024-08-29 10:57:33,133500.0,100,Buy,235714831
2024-08-29 10:57:37,133400.0,300,Sell,235714847
2024-08-29 10:57:38,133400.0,100,Sell,235714863
2024-08-29 10:57:38,133400.0,300,Sell,235714862
2024-08-29 10:57:40,133400.0,300,Sell,235714900
2024-08-29 10:57:40,133400.0,400,Sell,235714897
2024-08-29 10:57:40,133400.0,100,Sell,235714898
2024-08-29 10:57:40,133400.0,200,Sell,235714899
2024-08-29 10:57:54,133400.0,500,Sell,235715022
2024-08-29 10:57:58,133300.0,400,Sell,235715078
2024-08-29 10:58:03,133400.0,500,Buy,235715174
2024-08-29 10:58:05,133400.0,100,Buy,235715188
2024-08-29 10:58:18,133300.0,400,Sell,235715293
2024-08-29 10:58:34,133300.0,100,Sell,235715459
2024-08-29 10:58:38,133300.0,400,Sell,235715547
2024-08-29 10:58:41,133300.0,100,Sell,235715570
2024-08-29 10:58:43,133300.0,200,Sell,235715611
2024-08-29 10:58:43,133400.0,100,Buy,235715601
2024-08-29 10:58:43,133300.0,900,Sell,235715598
2024-08-29 10:58:51,133500.0,200,Buy,235715718
2024-08-29 10:58:53,133500.0,500,Buy,235715734
2024-08-29 10:58:58,133500.0,100,Buy,235715787
2024-08-29 10:58:59,133300.0,400,Sell,235715795
2024-08-29 10:59:19,133300.0,400,Sell,235716147
2024-08-29 10:59:25,133300.0,2900,Sell,235716218
2024-08-29 10:59:27,133500.0,100,Buy,235716262
2024-08-29 10:59:39,133300.0,400,Sell,235716370
2024-08-29 10:59:59,133300.0,400,Sell,235716821
2024-08-29 11:00:10,133500.0,100,Buy,235716937
2024-08-29 11:00:12,133500.0,300,Buy,235716967
2024-08-29 11:00:20,133300.0,400,Sell,235717059
2024-08-29 11:00:22,133500.0,100,Buy,235717085
2024-08-29 11:00:40,133300.0,200,Sell,235717263
2024-08-29 11:00:40,133300.0,200,Sell,235717262
2024-08-29 11:00:58,133400.0,100,Buy,235717478
2024-08-29 11:01:00,133300.0,100,Sell,235717542
2024-08-29 11:01:00,133300.0,200,Sell,235717543
2024-08-29 11:01:00,133300.0,100,Sell,235717544
2024-08-29 11:01:20,133300.0,400,Sell,235717769
2024-08-29 11:01:31,133300.0,100,Sell,235717880
2024-08-29 11:01:36,133300.0,200,Sell,235717935
2024-08-29 11:01:36,133300.0,100,Sell,235717932
2024-08-29 11:01:36,133300.0,500,Sell,235717934
2024-08-29 11:01:36,133300.0,500,Sell,235717930
2024-08-29 11:01:36,133300.0,300,Sell,235717929
2024-08-29 11:01:36,133300.0,400,Sell,235717928
2024-08-29 11:01:36,133300.0,500,Sell,235717931
2024-08-29 11:01:36,133300.0,500,Sell,235717933
2024-08-29 11:01:40,133200.0,100,Sell,235717976
2024-08-29 11:01:40,133200.0,300,Sell,235717977
2024-08-29 11:02:00,133200.0,400,Sell,235718173
2024-08-29 11:02:08,133300.0,100,Buy,235718250
2024-08-29 11:02:21,133200.0,400,Sell,235718410
2024-08-29 11:02:34,133300.0,100,Buy,235718554
2024-08-29 11:02:41,133200.0,400,Sell,235718655
2024-08-29 11:02:42,133300.0,200,Buy,235718663
2024-08-29 11:02:42,133300.0,100,Buy,235718664
2024-08-29 11:02:45,133300.0,100,Buy,235718678
2024-08-29 11:02:58,133300.0,100,Buy,235718905
2024-08-29 11:03:01,133300.0,200,Sell,235718940
2024-08-29 11:03:01,133300.0,100,Buy,235718939
2024-08-29 11:03:01,133200.0,200,Sell,235718941
2024-08-29 11:03:06,133200.0,200,Sell,235719015
2024-08-29 11:03:21,133200.0,400,Sell,235719192
2024-08-29 11:03:22,133300.0,100,Buy,235719197
2024-08-29 11:03:23,133300.0,200,Buy,235719209
2024-08-29 11:03:29,133200.0,200,Sell,235719282
2024-08-29 11:03:42,133200.0,400,Sell,235719403
2024-08-29 11:03:43,133300.0,400,Buy,235719420
2024-08-29 11:03:45,133300.0,100,Buy,235719457
2024-08-29 11:03:54,133300.0,100,Buy,235719542
2024-08-29 11:03:58,133300.0,200,Buy,235719571
2024-08-29 11:04:02,133200.0,100,Sell,235719643
2024-08-29 11:04:02,133200.0,100,Sell,235719641
2024-08-29 11:04:02,133200.0,100,Sell,235719642
2024-08-29 11:04:02,133200.0,100,Sell,235719640
2024-08-29 11:04:09,133300.0,100,Buy,235719723
2024-08-29 11:04:12,133300.0,100,Buy,235719764
2024-08-29 11:04:21,133300.0,200,Buy,235719833
2024-08-29 11:04:21,133300.0,100,Buy,235719834
2024-08-29 11:04:22,133300.0,300,Sell,235719839
2024-08-29 11:04:22,133200.0,100,Sell,235719840
2024-08-29 11:04:42,133200.0,100,Sell,235720084
2024-08-29 11:04:42,133200.0,300,Sell,235720085
2024-08-29 11:04:58,133300.0,100,Buy,235720247
2024-08-29 11:05:02,133200.0,200,Sell,235720298
2024-08-29 11:05:02,133200.0,200,Sell,235720297
2024-08-29 11:05:23,133200.0,400,Sell,235720625
2024-08-29 11:05:43,133200.0,400,Sell,235720884
2024-08-29 11:05:52,133200.0,100,Sell,235720953
2024-08-29 11:06:00,133400.0,100,Buy,235721043
2024-08-29 11:06:03,133200.0,400,Sell,235721089
2024-08-29 11:06:20,133400.0,500,Buy,235721264
2024-08-29 11:06:20,133400.0,100,Buy,235721263
2024-08-29 11:06:23,133200.0,400,Sell,235721328
2024-08-29 11:06:33,133300.0,100,Buy,235721446
2024-08-29 11:06:44,133200.0,400,Sell,235721582
2024-08-29 11:06:58,133300.0,100,Buy,235721700
2024-08-29 11:07:04,133200.0,400,Sell,235721784
2024-08-29 11:07:20,133300.0,100,Buy,235721962
2024-08-29 11:07:23,133300.0,100,Buy,235722010
2024-08-29 11:07:24,133200.0,100,Sell,235722024
2024-08-29 11:07:24,133200.0,200,Sell,235722022
2024-08-29 11:07:24,133200.0,100,Sell,235722023
2024-08-29 11:07:44,133200.0,400,Sell,235722250
2024-08-29 11:07:58,133300.0,100,Buy,235722409
2024-08-29 11:08:04,133200.0,100,Sell,235722504
2024-08-29 11:08:04,133200.0,300,Sell,235722505
2024-08-29 11:08:07,133300.0,100,Buy,235722528
2024-08-29 11:08:25,133200.0,400,Sell,235722785
2024-08-29 11:08:33,133200.0,100,Sell,235722868
2024-08-29 11:08:37,133300.0,100,Buy,235722894
2024-08-29 11:08:41,133300.0,300,Buy,235722919
2024-08-29 11:08:43,133300.0,400,Buy,235722947
2024-08-29 11:08:43,133300.0,100,Buy,235722946
2024-08-29 11:08:45,133200.0,100,Sell,235722977
2024-08-29 11:08:45,133200.0,300,Sell,235722976
2024-08-29 11:08:47,133300.0,100,Buy,235723000
2024-08-29 11:08:50,133300.0,100,Buy,235723042
2024-08-29 11:08:58,133300.0,100,Buy,235723113
2024-08-29 11:09:05,133200.0,400,Sell,235723188
2024-08-29 11:09:17,133300.0,100,Buy,235723308
2024-08-29 11:09:25,133200.0,300,Sell,235723396
2024-08-29 11:09:25,133200.0,100,Sell,235723397
2024-08-29 11:09:32,133300.0,1200,Buy,235723469
2024-08-29 11:09:32,133300.0,100,Buy,235723470
2024-08-29 11:09:32,133300.0,400,Buy,235723471
2024-08-29 11:09:37,133300.0,200,Buy,235723578
2024-08-29 11:09:37,133300.0,100,Buy,235723579
2024-08-29 11:09:45,133200.0,400,Sell,235723797
2024-08-29 11:09:45,133300.0,100,Buy,235723796
2024-08-29 11:09:55,133300.0,900,Buy,235723886
2024-08-29 11:10:06,133200.0,400,Sell,235724028
2024-08-29 11:10:06,133300.0,100,Buy,235724033
2024-08-29 11:10:06,133300.0,100,Buy,235724034
2024-08-29 11:10:20,133300.0,400,Buy,235724176
2024-08-29 11:10:20,133300.0,100,Buy,235724177
2024-08-29 11:10:26,133300.0,400,Sell,235724258
2024-08-29 11:10:37,133400.0,800,Buy,235724497
2024-08-29 11:10:46,133300.0,200,Sell,235724671
2024-08-29 11:10:46,133300.0,200,Sell,235724672
2024-08-29 11:10:50,133400.0,100,Buy,235724719
2024-08-29 11:10:50,133400.0,7000,Buy,235724718
2024-08-29 11:10:50,133400.0,300,Buy,235724717
2024-08-29 11:10:50,133400.0,300,Buy,235724715
2024-08-29 11:10:50,133400.0,200,Buy,235724714
2024-08-29 11:10:50,133400.0,300,Buy,235724712
2024-08-29 11:10:50,133400.0,1000,Buy,235724716
2024-08-29 11:10:50,133400.0,300,Buy,235724713
2024-08-29 11:10:57,133500.0,100,Buy,235724830
2024-08-29 11:11:06,133400.0,400,Sell,235724914
2024-08-29 11:11:16,133400.0,100,Sell,235725075
2024-08-29 11:11:21,133500.0,100,Buy,235725123
2024-08-29 11:11:27,133400.0,400,Sell,235725185
2024-08-29 11:11:31,133400.0,2000,Sell,235725225
2024-08-29 11:11:41,133400.0,200,Sell,235725332
2024-08-29 11:11:43,133400.0,100,Sell,235725343
2024-08-29 11:11:47,133400.0,400,Sell,235725400
2024-08-29 11:12:07,133400.0,400,Sell,235725611
2024-08-29 11:12:27,133400.0,400,Sell,235725833
2024-08-29 11:12:33,133500.0,100,Buy,235725911
2024-08-29 11:12:34,133400.0,100,Sell,235725919
2024-08-29 11:12:45,133400.0,500,Sell,235726021
2024-08-29 11:12:47,133400.0,400,Sell,235726042
2024-08-29 11:12:57,133500.0,100,Buy,235726180
2024-08-29 11:12:58,133500.0,100,Buy,235726182
2024-08-29 11:13:05,133500.0,600,Buy,235726263
2024-08-29 11:13:06,133500.0,100,Buy,235726268
2024-08-29 11:13:08,133400.0,200,Sell,235726296
2024-08-29 11:13:08,133300.0,200,Sell,235726297
2024-08-29 11:13:18,133300.0,1000,Sell,235726455
2024-08-29 11:13:28,133300.0,400,Sell,235726613
2024-08-29 11:13:37,133500.0,200,Buy,235726720
2024-08-29 11:13:37,133500.0,20000,Buy,235726721
2024-08-29 11:13:37,133500.0,100,Buy,235726722
2024-08-29 11:13:37,133500.0,400,Buy,235726723
2024-08-29 11:13:37,133500.0,200,Buy,235726727
2024-08-29 11:13:37,133500.0,700,Buy,235726725
2024-08-29 11:13:37,133500.0,100,Buy,235726726
2024-08-29 11:13:37,133500.0,500,Buy,235726728
2024-08-29 11:13:37,133500.0,100,Buy,235726719
2024-08-29 11:13:37,133500.0,3900,Buy,235726724
2024-08-29 11:13:37,133500.0,100,Buy,235726718
2024-08-29 11:13:37,133500.0,17800,Buy,235726706
2024-08-29 11:13:37,133500.0,100,Buy,235726716
2024-08-29 11:13:37,133500.0,1000,Buy,235726715
2024-08-29 11:13:37,133500.0,300,Buy,235726714
2024-08-29 11:13:37,133500.0,500,Buy,235726713
2024-08-29 11:13:37,133500.0,100,Buy,235726712
2024-08-29 11:13:37,133500.0,500,Buy,235726711
2024-08-29 11:13:37,133500.0,200,Buy,235726710
2024-08-29 11:13:37,133500.0,100,Buy,235726709
2024-08-29 11:13:37,133500.0,100,Buy,235726708
2024-08-29 11:13:37,133500.0,1100,Buy,235726707
2024-08-29 11:13:37,133500.0,100,Buy,235726717
2024-08-29 11:13:48,133300.0,400,Sell,235726889
2024-08-29 11:13:50,133500.0,100,Buy,235726928
2024-08-29 11:13:51,133500.0,100,Buy,235726930
2024-08-29 11:13:51,133600.0,100,Buy,235726931
2024-08-29 11:14:05,133500.0,100,Buy,235727119
2024-08-29 11:14:09,133300.0,400,Sell,235727156
2024-08-29 11:14:12,133400.0,200,Sell,235727193
2024-08-29 11:14:14,133400.0,100,Sell,235727206
2024-08-29 11:14:29,133400.0,200,Sell,235727352
2024-08-29 11:14:29,133300.0,200,Sell,235727353
2024-08-29 11:14:49,133400.0,400,Sell,235727633
2024-08-29 11:14:57,133600.0,100,Buy,235727724
2024-08-29 11:15:09,133400.0,200,Sell,235727978
2024-08-29 11:15:09,133300.0,200,Sell,235727979
2024-08-29 11:15:29,133300.0,400,Sell,235728367
2024-08-29 11:15:32,133600.0,100,Buy,235728412
2024-08-29 11:15:49,133300.0,400,Sell,235728630
2024-08-29 11:15:50,133600.0,100,Buy,235728633
2024-08-29 11:16:10,133600.0,100,Buy,235728949
2024-08-29 11:16:10,133300.0,400,Sell,235728952
2024-08-29 11:16:25,133600.0,100,Buy,235729155
2024-08-29 11:16:30,133300.0,400,Sell,235729224
2024-08-29 11:16:33,133600.0,100,Buy,235729285
2024-08-29 11:16:34,133600.0,100,Buy,235729298
2024-08-29 11:16:43,133600.0,200,Buy,235729470
2024-08-29 11:16:46,133600.0,400,Buy,235729532
2024-08-29 11:16:46,133600.0,900,Buy,235729531
2024-08-29 11:16:46,133600.0,100,Buy,235729530
2024-08-29 11:16:46,133600.0,300,Buy,235729529
2024-08-29 11:16:46,133600.0,100,Buy,235729528
2024-08-29 11:16:46,133600.0,2000,Buy,235729527
2024-08-29 11:16:46,133600.0,100,Buy,235729524
2024-08-29 11:16:46,133600.0,100,Buy,235729526
2024-08-29 11:16:46,133600.0,2000,Buy,235729522
2024-08-29 11:16:46,133600.0,100,Buy,235729523
2024-08-29 11:16:46,133600.0,100,Buy,235729515
2024-08-29 11:16:46,133600.0,100,Buy,235729516
2024-08-29 11:16:46,133600.0,200,Buy,235729517
2024-08-29 11:16:46,133600.0,100,Buy,235729525
2024-08-29 11:16:46,133600.0,400,Buy,235729519
2024-08-29 11:16:46,133600.0,100,Buy,235729520
2024-08-29 11:16:46,133600.0,500,Buy,235729521
2024-08-29 11:16:46,133600.0,1000,Buy,235729518
2024-08-29 11:16:50,133600.0,100,Sell,235729590
2024-08-29 11:16:50,133600.0,300,Sell,235729591
2024-08-29 11:16:52,133700.0,300,Buy,235729617
2024-08-29 11:16:57,133700.0,100,Buy,235729679
2024-08-29 11:17:09,133600.0,200,Buy,235729835
2024-08-29 11:17:10,133300.0,400,Sell,235729862
2024-08-29 11:17:25,133600.0,100,Buy,235730014
2024-08-29 11:17:27,133600.0,500,Buy,235730043
2024-08-29 11:17:30,133300.0,400,Sell,235730072
2024-08-29 11:17:51,133400.0,400,Sell,235730438
2024-08-29 11:17:56,133600.0,100,Buy,235730515
2024-08-29 11:18:06,133600.0,100,Buy,235730777
2024-08-29 11:18:06,133600.0,200,Buy,235730778
2024-08-29 11:18:08,133600.0,100,Buy,235730829
2024-08-29 11:18:11,133400.0,400,Sell,235730880
2024-08-29 11:18:31,133400.0,400,Sell,235731359
2024-08-29 11:18:47,133400.0,100,Sell,235731611
2024-08-29 11:18:47,133400.0,500,Sell,235731613
2024-08-29 11:18:47,133400.0,100,Sell,235731612
2024-08-29 11:18:47,133400.0,100,Sell,235731610
2024-08-29 11:18:47,133400.0,100,Sell,235731608
2024-08-29 11:18:47,133400.0,200,Sell,235731609
2024-08-29 11:18:47,133400.0,1700,Sell,235731607
2024-08-29 11:18:48,133400.0,2200,Buy,235731657
2024-08-29 11:18:51,133400.0,400,Sell,235731707
2024-08-29 11:18:52,133600.0,100,Buy,235731722
2024-08-29 11:18:57,133600.0,100,Buy,235731800
2024-08-29 11:19:02,133600.0,300,Buy,235731880
2024-08-29 11:19:02,133600.0,300,Buy,235731881
2024-08-29 11:19:02,133600.0,100,Buy,235731883
2024-08-29 11:19:02,133600.0,100,Buy,235731884
2024-08-29 11:19:02,133600.0,5000,Buy,235731885
2024-08-29 11:19:02,133600.0,1000,Buy,235731886
2024-08-29 11:19:02,133600.0,7000,Buy,235731882
2024-08-29 11:19:06,133700.0,100,Buy,235731925
2024-08-29 11:19:11,133700.0,300,Buy,235731971
2024-08-29 11:19:12,133600.0,400,Sell,235731982
2024-08-29 11:19:21,133700.0,100,Buy,235732113
2024-08-29 11:19:32,133400.0,400,Sell,235732436
2024-08-29 11:19:52,133400.0,400,Sell,235732931
2024-08-29 11:19:58,133700.0,500,Buy,235733246
2024-08-29 11:19:58,133700.0,10000,Buy,235733245
2024-08-29 11:19:58,133700.0,300,Buy,235733244
2024-08-29 11:19:58,133700.0,1000,Buy,235733243
2024-08-29 11:19:58,133700.0,300,Buy,235733242
2024-08-29 11:19:58,133700.0,100,Buy,235733241
2024-08-29 11:19:58,133700.0,1000,Buy,235733240
2024-08-29 11:19:58,133700.0,300,Buy,235733234
2024-08-29 11:19:58,133700.0,1500,Buy,235733239
2024-08-29 11:19:58,133700.0,500,Buy,235733238
2024-08-29 11:19:58,133700.0,100,Buy,235733237
2024-08-29 11:19:58,133700.0,300,Buy,235733236
2024-08-29 11:19:58,133700.0,200,Buy,235733235
2024-08-29 11:19:58,133700.0,500,Buy,235733233
2024-08-29 11:19:58,133700.0,200,Buy,235733224
2024-08-29 11:19:58,133700.0,100,Buy,235733231
2024-08-29 11:19:58,133700.0,3900,Buy,235733217
2024-08-29 11:19:58,133700.0,100,Buy,235733218
2024-08-29 11:19:58,133700.0,100,Buy,235733219
2024-08-29 11:19:58,133700.0,400,Buy,235733220
2024-08-29 11:19:58,133700.0,100,Buy,235733232
2024-08-29 11:19:58,133700.0,100,Buy,235733222
2024-08-29 11:19:58,133700.0,1000,Buy,235733221
2024-08-29 11:19:58,133700.0,300,Buy,235733225
2024-08-29 11:19:58,133700.0,200,Buy,235733226
2024-08-29 11:19:58,133700.0,200,Buy,235733227
2024-08-29 11:19:58,133700.0,100,Buy,235733228
2024-08-29 11:19:58,133700.0,400,Buy,235733229
2024-08-29 11:19:58,133700.0,10000,Buy,235733230
2024-08-29 11:19:58,133700.0,100,Buy,235733223
2024-08-29 11:19:59,133700.0,1200,Buy,235733248
2024-08-29 11:19:59,133700.0,200,Buy,235733251
2024-08-29 11:20:06,133400.0,5000,Sell,235733478
2024-08-29 11:20:09,133700.0,100,Buy,235733536
2024-08-29 11:20:09,133800.0,100,Buy,235733585
2024-08-29 11:20:09,133700.0,500,Buy,235733534
2024-08-29 11:20:09,133700.0,100,Buy,235733535
2024-08-29 11:20:09,133700.0,800,Buy,235733537
2024-08-29 11:20:09,133700.0,100,Buy,235733533
2024-08-29 11:20:12,133400.0,200,Sell,235733691
2024-08-29 11:20:12,133700.0,100,Sell,235733689
2024-08-29 11:20:12,133400.0,100,Sell,235733690
2024-08-29 11:20:28,133800.0,100,Buy,235733985
2024-08-29 11:20:28,133800.0,100,Buy,235733986
2024-08-29 11:20:33,133400.0,400,Sell,235734030
2024-08-29 11:20:48,133400.0,400,Sell,235734231
2024-08-29 11:20:53,133400.0,400,Sell,235734363
2024-08-29 11:20:57,133700.0,100,Buy,235734419
2024-08-29 11:21:13,133400.0,400,Sell,235734887
2024-08-29 11:21:33,133400.0,400,Sell,235735425
2024-08-29 11:21:54,133400.0,400,Sell,235735772
2024-08-29 11:22:14,133400.0,400,Sell,235736230
2024-08-29 11:22:14,133500.0,100,Buy,235736237
2024-08-29 11:22:23,133500.0,100,Buy,235736420
2024-08-29 11:22:32,133500.0,100,Buy,235736607
2024-08-29 11:22:34,133400.0,400,Sell,235736622
2024-08-29 11:22:54,133400.0,400,Sell,235736920
2024-08-29 11:22:56,133500.0,100,Buy,235736957
2024-08-29 11:23:14,133400.0,400,Sell,235737194
2024-08-29 11:23:35,133400.0,400,Sell,235737497
2024-08-29 11:23:45,133500.0,1700,Buy,235737658
2024-08-29 11:23:54,133600.0,100,Buy,235737776
2024-08-29 11:23:55,133400.0,400,Sell,235737783
2024-08-29 11:24:15,133500.0,400,Sell,235738105
2024-08-29 11:24:35,133500.0,400,Sell,235738378
2024-08-29 11:24:36,133500.0,100,Sell,235738385
2024-08-29 11:24:38,133600.0,100,Buy,235738419
2024-08-29 11:24:41,133600.0,300,Buy,235738471
2024-08-29 11:24:46,133600.0,500,Buy,235738526
2024-08-29 11:24:54,133600.0,500,Buy,235738633
2024-08-29 11:24:56,133500.0,400,Sell,235738638
2024-08-29 11:24:56,133600.0,100,Buy,235738647
2024-08-29 11:25:06,133600.0,500,Buy,235738764
2024-08-29 11:25:16,133500.0,100,Sell,235738909
2024-08-29 11:25:16,133500.0,300,Sell,235738910
2024-08-29 11:25:20,133500.0,100,Sell,235738953
2024-08-29 11:25:36,133500.0,100,Sell,235739099
2024-08-29 11:25:36,133500.0,300,Sell,235739100
2024-08-29 11:25:39,133600.0,100,Buy,235739162
2024-08-29 11:25:44,133600.0,100,Buy,235739203
2024-08-29 11:25:56,133500.0,300,Sell,235739363
2024-08-29 11:25:56,133500.0,100,Sell,235739362
2024-08-29 11:26:16,133500.0,400,Sell,235739609
2024-08-29 11:26:20,133500.0,1000,Sell,235739658
2024-08-29 11:26:20,133500.0,300,Sell,235739659
2024-08-29 11:26:20,133500.0,400,Sell,235739660
2024-08-29 11:26:37,133500.0,400,Sell,235739859
2024-08-29 11:26:43,133500.0,100,Sell,235739962
2024-08-29 11:26:43,133500.0,900,Sell,235739963
2024-08-29 11:26:46,133500.0,100,Sell,235739985
2024-08-29 11:26:50,133500.0,3000,Sell,235740019
2024-08-29 11:26:56,133600.0,100,Buy,235740100
2024-08-29 11:26:59,133500.0,400,Sell,235740132
2024-08-29 11:27:17,133500.0,400,Sell,235740348
2024-08-29 11:27:38,133500.0,400,Sell,235740575
2024-08-29 11:27:39,133600.0,100,Buy,235740595
2024-08-29 11:27:40,133500.0,2000,Sell,235740634
2024-08-29 11:27:51,133500.0,200,Sell,235740788
2024-08-29 11:27:53,133500.0,100,Sell,235740846
2024-08-29 11:27:53,133500.0,1100,Sell,235740844
2024-08-29 11:27:53,133500.0,500,Sell,235740845
2024-08-29 11:27:58,133500.0,100,Sell,235740928
2024-08-29 11:27:58,133500.0,300,Sell,235740929
2024-08-29 11:28:18,133500.0,200,Sell,235741144
2024-08-29 11:28:18,133500.0,200,Sell,235741145
2024-08-29 11:28:27,133600.0,100,Buy,235741297
2024-08-29 11:28:29,133500.0,300,Sell,235741329
2024-08-29 11:28:38,133500.0,300,Sell,235741430
2024-08-29 11:28:38,133500.0,100,Sell,235741431
2024-08-29 11:28:56,133600.0,100,Buy,235741696
2024-08-29 11:28:56,133600.0,100,Buy,235741695
2024-08-29 11:28:56,133600.0,100,Buy,235741694
2024-08-29 11:28:56,133600.0,100,Buy,235741693
2024-08-29 11:28:56,133600.0,200,Buy,235741692
2024-08-29 11:28:56,133600.0,100,Buy,235741678
2024-08-29 11:28:56,133600.0,100,Buy,235741679
2024-08-29 11:28:56,133600.0,100,Buy,235741677
2024-08-29 11:28:56,133600.0,100,Buy,235741666
2024-08-29 11:28:56,133600.0,100,Buy,235741680
2024-08-29 11:28:56,133600.0,100,Buy,235741667
2024-08-29 11:28:57,133700.0,100,Buy,235741734
2024-08-29 11:28:57,133700.0,100,Buy,235741736
2024-08-29 11:28:57,133700.0,100,Buy,235741735
2024-08-29 11:28:57,133700.0,100,Buy,235741733
2024-08-29 11:28:57,133700.0,100,Buy,235741731
2024-08-29 11:28:57,133700.0,200,Buy,235741708
2024-08-29 11:28:57,133700.0,100,Buy,235741732
2024-08-29 11:28:57,133700.0,100,Buy,235741710
2024-08-29 11:28:57,133700.0,100,Buy,235741709
2024-08-29 11:29:18,133700.0,100,Buy,235741992
2024-08-29 11:29:18,133700.0,100,Buy,235741990
2024-08-29 11:29:18,133700.0,100,Buy,235741989
2024-08-29 11:29:18,133700.0,100,Buy,235741988
2024-08-29 11:29:18,133700.0,100,Buy,235741993
2024-08-29 11:29:18,133700.0,100,Buy,235741985
2024-08-29 11:29:18,133700.0,100,Buy,235741987
2024-08-29 11:29:18,133700.0,100,Buy,235741981
2024-08-29 11:29:18,133700.0,200,Buy,235741982
2024-08-29 11:29:18,133700.0,100,Buy,235741991
2024-08-29 11:29:18,133700.0,100,Buy,235741983
2024-08-29 11:29:18,133700.0,100,Buy,235741984
2024-08-29 11:29:24,133600.0,300,Buy,235742061
2024-08-29 11:29:28,133600.0,500,Buy,235742102
2024-08-29 12:59:57,133600.0,100,Buy,235742836
2024-08-29 12:59:57,133500.0,1000,Sell,235742837
2024-08-29 12:59:57,133600.0,100,Buy,235742835
2024-08-29 12:59:58,133500.0,500,Sell,235742964
2024-08-29 12:59:58,133500.0,500,Sell,235742965
2024-08-29 12:59:58,133600.0,100,Buy,235742966
2024-08-29 12:59:58,133600.0,100,Buy,235742967
2024-08-29 12:59:58,133600.0,100,Buy,235742968
2024-08-29 12:59:58,133600.0,100,Buy,235742969
2024-08-29 12:59:58,133600.0,100,Buy,235742970
2024-08-29 12:59:58,133600.0,100,Buy,235743122
2024-08-29 12:59:58,133500.0,100,Sell,235743304
2024-08-29 12:59:58,133600.0,100,Buy,235743232
2024-08-29 12:59:58,133600.0,100,Buy,235743231
2024-08-29 12:59:58,133600.0,100,Buy,235743230
2024-08-29 12:59:58,133600.0,100,Buy,235743229
2024-08-29 12:59:58,133600.0,100,Buy,235743139
2024-08-29 12:59:58,133600.0,100,Buy,235743138
2024-08-29 12:59:58,133600.0,100,Buy,235743137
2024-08-29 12:59:58,133600.0,100,Buy,235743136
2024-08-29 12:59:58,133600.0,100,Buy,235743121
2024-08-29 12:59:58,133600.0,100,Buy,235743134
2024-08-29 12:59:58,133600.0,100,Buy,235743123
2024-08-29 12:59:58,133600.0,100,Buy,235743124
2024-08-29 12:59:58,133600.0,100,Buy,235743125
2024-08-29 12:59:58,133600.0,100,Buy,235743126
2024-08-29 12:59:58,133600.0,100,Buy,235743135
2024-08-29 12:59:58,133600.0,100,Buy,235743131
2024-08-29 12:59:58,133600.0,100,Buy,235743133
2024-08-29 12:59:58,133600.0,100,Buy,235743127
2024-08-29 12:59:58,133600.0,100,Buy,235743132
2024-08-29 12:59:59,133500.0,100,Sell,235743376
2024-08-29 13:00:00,133600.0,3400,Buy,235743639
2024-08-29 13:00:00,133500.0,100,Sell,235743793
2024-08-29 13:00:00,133500.0,600,Sell,235743794
2024-08-29 13:00:00,133500.0,1500,Sell,235743795
2024-08-29 13:00:00,133400.0,3500,Sell,235743796
2024-08-29 13:00:00,133400.0,2900,Sell,235743797
2024-08-29 13:00:00,133400.0,100,Sell,235743798
2024-08-29 13:00:07,133400.0,300,Buy,235744756
2024-08-29 13:00:11,133400.0,500,Buy,235745061
2024-08-29 13:00:14,133400.0,100,Buy,235745246
2024-08-29 13:00:17,133400.0,200,Buy,235745420
2024-08-29 13:00:17,133400.0,300,Buy,235745421
2024-08-29 13:00:20,133400.0,200,Buy,235745549
2024-08-29 13:00:20,133400.0,200,Buy,235745560
2024-08-29 13:00:29,133400.0,1500,Buy,235745714
2024-08-29 13:00:29,133400.0,1000,Buy,235745715
2024-08-29 13:00:29,133400.0,2000,Buy,235745716
2024-08-29 13:00:29,133500.0,2000,Buy,235745717
2024-08-29 13:00:39,133500.0,900,Sell,235745939
2024-08-29 13:00:44,133500.0,1000,Sell,235746021
2024-08-29 13:00:45,133500.0,100,Sell,235746030
2024-08-29 13:00:45,133500.0,500,Sell,235746031
2024-08-29 13:00:56,133300.0,400,Sell,235746191
2024-08-29 13:00:56,133400.0,200,Buy,235746208
2024-08-29 13:01:12,133300.0,12700,Sell,235746414
2024-08-29 13:01:12,133300.0,100,Sell,235746415
2024-08-29 13:01:12,133300.0,100,Sell,235746416
2024-08-29 13:01:12,133300.0,100,Sell,235746417
2024-08-29 13:01:12,133300.0,100,Sell,235746418
2024-08-29 13:01:12,133300.0,100,Sell,235746419
2024-08-29 13:01:12,133300.0,700,Sell,235746420
2024-08-29 13:01:16,133300.0,100,Sell,235746465
2024-08-29 13:01:19,133300.0,4300,Sell,235746529
2024-08-29 13:01:19,133300.0,100,Sell,235746528
2024-08-29 13:01:19,133300.0,100,Sell,235746526
2024-08-29 13:01:19,133300.0,200,Sell,235746525
2024-08-29 13:01:19,133300.0,300,Sell,235746527
2024-08-29 13:01:28,133400.0,200,Buy,235746693
2024-08-29 13:01:29,133300.0,500,Sell,235746698
2024-08-29 13:01:36,133300.0,200,Sell,235746810
2024-08-29 13:01:36,133300.0,200,Sell,235746811
2024-08-29 13:01:40,133300.0,100,Sell,235746868
2024-08-29 13:01:40,133300.0,500,Sell,235746869
2024-08-29 13:01:53,133300.0,100,Buy,235747048
2024-08-29 13:01:53,133000.0,100,Sell,235747041
2024-08-29 13:01:53,133000.0,100,Sell,235747040
2024-08-29 13:01:53,133000.0,100,Sell,235747039
2024-08-29 13:01:53,133200.0,1100,Sell,235747036
2024-08-29 13:01:53,133000.0,200,Sell,235747038
2024-08-29 13:01:54,133000.0,100,Sell,235747053
2024-08-29 13:01:54,133000.0,200,Sell,235747054
2024-08-29 13:01:54,133000.0,200,Sell,235747055
2024-08-29 13:01:56,133000.0,400,Sell,235747103
2024-08-29 13:01:58,133300.0,200,Buy,235747211
2024-08-29 13:02:13,133300.0,300,Buy,235747694
2024-08-29 13:02:16,133100.0,400,Sell,235747755
2024-08-29 13:02:20,133300.0,900,Buy,235747795
2024-08-29 13:02:21,133300.0,100,Buy,235747876
2024-08-29 13:02:31,133100.0,4500,Sell,235748150
2024-08-29 13:02:31,133300.0,200,Buy,235748144
2024-08-29 13:02:31,133200.0,500,Sell,235748149
2024-08-29 13:02:37,133100.0,400,Sell,235748280
2024-08-29 13:02:57,133300.0,400,Buy,235748637
2024-08-29 13:02:58,133200.0,400,Sell,235748668
2024-08-29 13:02:58,133300.0,100,Buy,235748670
2024-08-29 13:02:58,133300.0,100,Buy,235748671
2024-08-29 13:03:03,133300.0,200,Buy,235748833
2024-08-29 13:03:10,133300.0,200,Buy,235748973
2024-08-29 13:03:10,133300.0,100,Buy,235748974
2024-08-29 13:03:18,133200.0,300,Sell,235749105
2024-08-29 13:03:18,133100.0,100,Sell,235749106
2024-08-29 13:03:20,133200.0,1100,Sell,235749134
2024-08-29 13:03:36,133300.0,200,Buy,235749430
2024-08-29 13:03:38,133200.0,400,Sell,235749472
2024-08-29 13:03:44,133200.0,200,Sell,235749599
2024-08-29 13:03:50,133200.0,300,Buy,235749677
2024-08-29 13:03:51,133300.0,100,Buy,235749711
2024-08-29 13:03:53,133200.0,100,Sell,235749760
2024-08-29 13:03:58,133200.0,100,Sell,235749865
2024-08-29 13:03:58,133100.0,300,Sell,235749866
2024-08-29 13:04:07,133300.0,200,Buy,235750084
2024-08-29 13:04:18,133100.0,400,Sell,235750256
2024-08-29 13:04:34,133300.0,100,Buy,235750553
2024-08-29 13:04:39,133100.0,400,Sell,235750725
2024-08-29 13:04:40,133300.0,200,Buy,235750736
2024-08-29 13:04:56,133300.0,500,Buy,235751033
2024-08-29 13:04:58,133300.0,100,Buy,235751069
2024-08-29 13:04:59,133100.0,400,Sell,235751100
2024-08-29 13:05:02,133300.0,100,Buy,235751144
2024-08-29 13:05:02,133300.0,800,Buy,235751151
2024-08-29 13:05:02,133300.0,500,Buy,235751150
2024-08-29 13:05:02,133300.0,100,Buy,235751149
2024-08-29 13:05:02,133300.0,300,Buy,235751148
2024-08-29 13:05:02,133300.0,100,Buy,235751146
2024-08-29 13:05:02,133300.0,300,Buy,235751145
2024-08-29 13:05:02,133300.0,200,Buy,235751143
2024-08-29 13:05:02,133300.0,100,Buy,235751147
2024-08-29 13:05:02,133300.0,500,Buy,235751141
2024-08-29 13:05:02,133300.0,1000,Buy,235751135
2024-08-29 13:05:02,133300.0,500,Buy,235751136
2024-08-29 13:05:02,133300.0,100,Buy,235751137
2024-08-29 13:05:02,133300.0,100,Buy,235751142
2024-08-29 13:05:02,133300.0,100,Buy,235751134
2024-08-29 13:05:02,133300.0,200,Buy,235751140
2024-08-29 13:05:02,133300.0,1000,Buy,235751138
2024-08-29 13:05:02,133300.0,1600,Buy,235751139
2024-08-29 13:05:11,133500.0,200,Buy,235751411
2024-08-29 13:05:13,133300.0,100,Sell,235751453
2024-08-29 13:05:21,133300.0,400,Sell,235751635
2024-08-29 13:05:26,133500.0,100,Buy,235751716
2024-08-29 13:05:41,133500.0,200,Buy,235752020
2024-08-29 13:05:41,133300.0,400,Sell,235752021
2024-08-29 13:05:48,133500.0,100,Buy,235752136
2024-08-29 13:05:49,133300.0,200,Sell,235752149
2024-08-29 13:06:00,133500.0,100,Buy,235752355
2024-08-29 13:06:00,133500.0,100,Buy,235752361
2024-08-29 13:06:01,133500.0,500,Buy,235752381
2024-08-29 13:06:02,133300.0,400,Sell,235752391
2024-08-29 13:06:05,133300.0,200,Sell,235752478
2024-08-29 13:06:06,133500.0,100,Buy,235752495
2024-08-29 13:06:06,133500.0,100,Buy,235752496
2024-08-29 13:06:06,133500.0,400,Buy,235752497
2024-08-29 13:06:12,133500.0,200,Buy,235752603
2024-08-29 13:06:22,133300.0,400,Sell,235752799
2024-08-29 13:06:24,133500.0,1400,Buy,235752857
2024-08-29 13:06:24,133500.0,300,Buy,235752855
2024-08-29 13:06:24,133500.0,100,Buy,235752856
2024-08-29 13:06:42,133500.0,100,Buy,235753202
2024-08-29 13:06:42,133500.0,100,Buy,235753203
2024-08-29 13:06:42,133300.0,300,Sell,235753204
2024-08-29 13:06:42,133300.0,100,Sell,235753205
2024-08-29 13:07:02,133300.0,200,Sell,235753648
2024-08-29 13:07:02,133300.0,200,Sell,235753649
2024-08-29 13:07:11,133300.0,100,Sell,235753795
2024-08-29 13:07:12,133400.0,100,Buy,235753854
2024-08-29 13:07:12,133400.0,100,Buy,235753855
2024-08-29 13:07:22,133300.0,2000,Sell,235754041
2024-08-29 13:07:23,133300.0,400,Sell,235754053
2024-08-29 13:07:42,133500.0,200,Buy,235754529
2024-08-29 13:07:43,133400.0,400,Sell,235754562
2024-08-29 13:07:44,133400.0,100,Sell,235754574
2024-08-29 13:07:45,133500.0,100,Buy,235754585
2024-08-29 13:07:45,133400.0,1000,Sell,235754589
2024-08-29 13:07:51,133300.0,100,Sell,235754694
2024-08-29 13:07:56,133500.0,100,Buy,235754802
2024-08-29 13:07:56,133500.0,100,Buy,235754806
2024-08-29 13:07:58,133400.0,100,Sell,235754859
2024-08-29 13:08:04,133400.0,200,Sell,235755012
2024-08-29 13:08:04,133300.0,200,Sell,235755013
2024-08-29 13:08:14,133500.0,200,Buy,235755226
2024-08-29 13:08:19,133300.0,100,Sell,235755440
2024-08-29 13:08:19,133300.0,100,Sell,235755438
2024-08-29 13:08:19,133300.0,200,Sell,235755439
2024-08-29 13:08:24,133300.0,400,Sell,235755535
2024-08-29 13:08:44,133500.0,100,Buy,235755981
2024-08-29 13:08:44,133300.0,100,Sell,235755986
2024-08-29 13:08:44,133300.0,200,Sell,235755987
2024-08-29 13:08:44,133300.0,100,Sell,235755988
2024-08-29 13:08:45,133500.0,100,Buy,235756000
2024-08-29 13:08:45,133500.0,100,Buy,235756001
2024-08-29 13:08:49,133500.0,100,Buy,235756077
2024-08-29 13:08:49,133500.0,100,Buy,235756078
2024-08-29 13:08:49,133500.0,100,Buy,235756079
2024-08-29 13:09:02,133500.0,100,Buy,235756328
2024-08-29 13:09:02,133500.0,100,Buy,235756327
2024-08-29 13:09:08,133300.0,200,Sell,235756525
2024-08-29 13:09:08,133300.0,200,Sell,235756524
2024-08-29 13:09:12,133500.0,100,Buy,235756604
2024-08-29 13:09:15,133500.0,200,Buy,235756665
2024-08-29 13:09:18,133500.0,100,Buy,235756706
2024-08-29 13:09:18,133500.0,400,Buy,235756707
2024-08-29 13:09:20,133500.0,900,Buy,235756745
2024-08-29 13:09:25,133300.0,300,Sell,235756904
2024-08-29 13:09:25,133300.0,100,Sell,235756905
2024-08-29 13:09:43,133500.0,100,Buy,235757297
2024-08-29 13:09:43,133500.0,100,Buy,235757299
2024-08-29 13:09:43,133500.0,100,Buy,235757310
2024-08-29 13:09:45,133300.0,300,Sell,235757344
2024-08-29 13:09:45,133500.0,200,Buy,235757335
2024-08-29 13:09:45,133300.0,100,Sell,235757343
2024-08-29 13:09:48,133500.0,200,Buy,235757389
2024-08-29 13:09:50,133300.0,100,Sell,235757446
2024-08-29 13:10:06,133300.0,400,Sell,235757838
2024-08-29 13:10:11,133300.0,100,Sell,235757890
2024-08-29 13:10:18,133400.0,100,Buy,235758127
2024-08-29 13:10:18,133400.0,100,Buy,235758128
2024-08-29 13:10:23,133400.0,400,Buy,235758310
2024-08-29 13:10:26,133400.0,100,Sell,235758378
2024-08-29 13:10:26,133300.0,300,Sell,235758379
2024-08-29 13:10:46,133300.0,400,Sell,235758814
2024-08-29 13:10:51,133400.0,200,Buy,235758915
2024-08-29 13:10:54,133300.0,100,Sell,235758987
2024-08-29 13:10:54,133300.0,200,Sell,235758988
2024-08-29 13:10:56,133400.0,100,Buy,235759021
2024-08-29 13:11:07,133400.0,300,Sell,235759283
2024-08-29 13:11:07,133400.0,100,Sell,235759282
2024-08-29 13:11:24,133500.0,100,Buy,235759717
2024-08-29 13:11:27,133400.0,400,Sell,235759797
2024-08-29 13:11:28,133500.0,100,Buy,235759839
2024-08-29 13:11:28,133500.0,100,Buy,235759850
2024-08-29 13:11:28,133500.0,100,Buy,235759849
2024-08-29 13:11:28,133500.0,100,Buy,235759847
2024-08-29 13:11:28,133500.0,300,Buy,235759846
2024-08-29 13:11:28,133500.0,100,Buy,235759845
2024-08-29 13:11:28,133500.0,100,Buy,235759844
2024-08-29 13:11:28,133500.0,5000,Buy,235759843
2024-08-29 13:11:28,133500.0,100,Buy,235759838
2024-08-29 13:11:28,133500.0,200,Buy,235759851
2024-08-29 13:11:28,133500.0,500,Buy,235759836
2024-08-29 13:11:28,133500.0,1000,Buy,235759837
2024-08-29 13:11:28,133500.0,2900,Buy,235759828
2024-08-29 13:11:28,133500.0,100,Buy,235759829
2024-08-29 13:11:28,133500.0,1900,Buy,235759830
2024-08-29 13:11:28,133500.0,300,Buy,235759848
2024-08-29 13:11:28,133500.0,1000,Buy,235759831
2024-08-29 13:11:28,133500.0,100,Buy,235759834
2024-08-29 13:11:28,133500.0,100,Buy,235759835
