time,price,volume,match_type,id
2024-07-26 09:14:39,125900.0,36800,ATO/ATC,226562420
2024-07-26 09:14:53,125800.0,400,Sell,226562755
2024-07-26 09:14:58,125800.0,100,Sell,226562805
2024-07-26 09:15:00,125900.0,1500,Buy,226562840
2024-07-26 09:15:00,125900.0,200,Buy,226562837
2024-07-26 09:15:00,125900.0,200,Buy,226562838
2024-07-26 09:15:00,125900.0,100,Buy,226562839
2024-07-26 09:15:01,125800.0,2000,Sell,226562854
2024-07-26 09:15:02,125800.0,100,Sell,226562862
2024-07-26 09:15:06,125800.0,1000,Sell,226562930
2024-07-26 09:15:07,125900.0,100,Buy,226562931
2024-07-26 09:15:07,125800.0,100,Sell,226562932
2024-07-26 09:15:09,125800.0,700,Sell,226562975
2024-07-26 09:15:10,125800.0,100,Sell,226562988
2024-07-26 09:15:11,125800.0,1000,Sell,226563004
2024-07-26 09:15:14,125900.0,1000,Buy,226563051
2024-07-26 09:15:14,125800.0,700,Sell,226563056
2024-07-26 09:15:26,125800.0,1300,Buy,226563244
2024-07-26 09:15:26,125800.0,500,Buy,226563245
2024-07-26 09:15:26,125800.0,200,Buy,226563246
2024-07-26 09:15:35,125800.0,100,Buy,226563347
2024-07-26 09:15:38,125800.0,100,Buy,226563399
2024-07-26 09:15:39,125700.0,800,Sell,226563412
2024-07-26 09:15:39,125700.0,100,Sell,226563411
2024-07-26 09:15:43,125700.0,200,Sell,226563465
2024-07-26 09:15:43,125700.0,600,Sell,226563466
2024-07-26 09:15:43,125700.0,200,Sell,226563464
2024-07-26 09:15:47,125700.0,300,Sell,226563520
2024-07-26 09:15:47,125800.0,100,Buy,226563521
2024-07-26 09:15:48,125700.0,100,Sell,226563531
2024-07-26 09:15:48,125600.0,100,Sell,226563532
2024-07-26 09:15:48,125600.0,1800,Sell,226563533
2024-07-26 09:15:54,125600.0,200,Sell,226563640
2024-07-26 09:15:54,125600.0,300,Sell,226563641
2024-07-26 09:15:58,125600.0,500,Sell,226563726
2024-07-26 09:15:59,125600.0,200,Sell,226563742
2024-07-26 09:15:59,125600.0,100,Sell,226563743
2024-07-26 09:16:10,125500.0,100,Sell,226563931
2024-07-26 09:16:14,125500.0,500,Sell,226564016
2024-07-26 09:16:14,125500.0,1000,Sell,226564015
2024-07-26 09:16:14,125500.0,100,Sell,226564013
2024-07-26 09:16:14,125500.0,200,Sell,226564014
2024-07-26 09:16:14,125500.0,200,Sell,226564012
2024-07-26 09:16:15,125500.0,100,Sell,226564026
2024-07-26 09:16:17,125500.0,300,Sell,226564067
2024-07-26 09:16:20,125600.0,100,Buy,226564106
2024-07-26 09:16:20,125600.0,100,Buy,226564107
2024-07-26 09:16:23,125500.0,100,Sell,226564132
2024-07-26 09:16:29,125600.0,400,Buy,226564195
2024-07-26 09:16:29,125600.0,100,Buy,226564196
2024-07-26 09:16:29,125600.0,100,Buy,226564197
2024-07-26 09:16:29,125600.0,1000,Buy,226564198
2024-07-26 09:16:31,125600.0,400,Sell,226564241
2024-07-26 09:16:31,125600.0,100,Sell,226564242
2024-07-26 09:16:37,125600.0,300,Sell,226564315
2024-07-26 09:16:42,125600.0,500,Sell,226564415
2024-07-26 09:16:44,125600.0,1000,Sell,226564435
2024-07-26 09:16:47,125600.0,100,Sell,226564521
2024-07-26 09:16:56,125500.0,100,Sell,226564690
2024-07-26 09:16:56,125500.0,900,Sell,226564691
2024-07-26 09:16:56,125500.0,1000,Sell,226564689
2024-07-26 09:16:57,125500.0,100,Sell,226564700
2024-07-26 09:16:57,125500.0,100,Sell,226564701
2024-07-26 09:16:57,125500.0,100,Buy,226564710
2024-07-26 09:16:57,125600.0,300,Buy,226564711
2024-07-26 09:16:57,125600.0,200,Buy,226564712
2024-07-26 09:16:57,125600.0,100,Buy,226564713
2024-07-26 09:16:57,125600.0,1000,Buy,226564714
2024-07-26 09:17:02,125600.0,1000,Sell,226564785
2024-07-26 09:17:09,125600.0,100,Buy,226564903
2024-07-26 09:17:21,125600.0,100,Buy,226565096
2024-07-26 09:17:25,125600.0,200,Buy,226565151
2024-07-26 09:17:25,125600.0,2000,Buy,226565152
2024-07-26 09:17:25,125600.0,300,Buy,226565153
2024-07-26 09:17:31,125600.0,300,Buy,226565259
2024-07-26 09:17:31,125600.0,100,Buy,226565262
2024-07-26 09:17:38,125700.0,2000,Buy,226565349
2024-07-26 09:17:42,125700.0,600,Buy,226565411
2024-07-26 09:17:42,125700.0,100,Buy,226565412
2024-07-26 09:17:42,125700.0,500,Buy,226565413
2024-07-26 09:17:42,125700.0,1000,Buy,226565414
2024-07-26 09:17:42,125700.0,600,Buy,226565415
2024-07-26 09:17:42,125600.0,200,Buy,226565410
2024-07-26 09:17:54,125700.0,200,Buy,226565625
2024-07-26 09:17:58,125700.0,200,Buy,226565683
2024-07-26 09:17:58,125700.0,200,Buy,226565684
2024-07-26 09:17:58,125700.0,1000,Buy,226565685
2024-07-26 09:17:58,125700.0,300,Buy,226565686
2024-07-26 09:18:10,125800.0,2000,Buy,226565899
2024-07-26 09:18:10,125800.0,500,Buy,226565900
2024-07-26 09:18:10,125800.0,1500,Buy,226565901
2024-07-26 09:18:20,125800.0,100,Buy,226566143
2024-07-26 09:18:22,125700.0,100,Sell,226566173
2024-07-26 09:18:30,125700.0,100,Sell,226566327
2024-07-26 09:18:30,125700.0,400,Sell,226566328
2024-07-26 09:18:30,125700.0,200,Sell,226566326
2024-07-26 09:18:32,125700.0,100,Sell,226566373
2024-07-26 09:18:34,125800.0,900,Buy,226566406
2024-07-26 09:18:34,125800.0,1500,Buy,226566407
2024-07-26 09:18:34,125800.0,100,Buy,226566408
2024-07-26 09:18:44,125700.0,1000,Sell,226566563
2024-07-26 09:18:48,125700.0,1000,Sell,226566622
2024-07-26 09:18:48,125700.0,1000,Sell,226566623
2024-07-26 09:19:12,125600.0,100,Sell,226567129
2024-07-26 09:19:17,125700.0,200,Buy,226567184
2024-07-26 09:19:21,125600.0,800,Sell,226567279
2024-07-26 09:19:29,125700.0,100,Buy,226567448
2024-07-26 09:19:34,125700.0,200,Buy,226567550
2024-07-26 09:19:35,125600.0,1800,Sell,226567578
2024-07-26 09:19:35,125600.0,2000,Sell,226567576
2024-07-26 09:19:35,125600.0,1100,Sell,226567575
2024-07-26 09:19:35,125600.0,100,Sell,226567577
2024-07-26 09:19:36,125600.0,100,Sell,226567611
2024-07-26 09:19:36,125600.0,200,Sell,226567612
2024-07-26 09:19:36,125600.0,600,Sell,226567613
2024-07-26 09:19:36,125600.0,100,Sell,226567610
2024-07-26 09:19:42,125700.0,1000,Buy,226567685
2024-07-26 09:19:55,125700.0,300,Buy,226567914
2024-07-26 09:20:00,125700.0,100,Buy,226567995
2024-07-26 09:20:00,125600.0,200,Sell,226567997
2024-07-26 09:20:00,125600.0,200,Sell,226567998
2024-07-26 09:20:00,125600.0,200,Sell,226567999
2024-07-26 09:20:00,125600.0,400,Sell,226567996
2024-07-26 09:20:07,125600.0,100,Sell,226568123
2024-07-26 09:20:09,125600.0,900,Sell,226568161
2024-07-26 09:20:09,125600.0,100,Sell,226568159
2024-07-26 09:20:09,125600.0,2000,Sell,226568160
2024-07-26 09:20:11,125600.0,100,Sell,226568191
2024-07-26 09:20:11,125600.0,400,Sell,226568192
2024-07-26 09:20:17,125600.0,1000,Sell,226568345
2024-07-26 09:20:29,125600.0,600,Sell,226568550
2024-07-26 09:20:29,125600.0,100,Sell,226568551
2024-07-26 09:20:29,125600.0,300,Sell,226568552
2024-07-26 09:20:33,125600.0,200,Sell,226568600
2024-07-26 09:20:35,125600.0,100,Buy,226568635
2024-07-26 09:20:36,125600.0,500,Buy,226568640
2024-07-26 09:20:47,125600.0,200,Buy,226568788
2024-07-26 09:21:31,125600.0,2000,Sell,226569490
2024-07-26 09:21:32,125600.0,300,Sell,226569514
2024-07-26 09:21:39,125600.0,700,Sell,226569674
2024-07-26 09:21:39,125600.0,100,Sell,226569675
2024-07-26 09:21:39,125600.0,300,Sell,226569676
2024-07-26 09:21:44,125600.0,100,Buy,226569748
2024-07-26 09:21:44,125600.0,1000,Buy,226569747
2024-07-26 09:21:44,125600.0,900,Buy,226569746
2024-07-26 09:22:05,125600.0,100,Sell,226570116
2024-07-26 09:22:12,125600.0,400,Buy,226570216
2024-07-26 09:22:15,125600.0,300,Buy,226570278
2024-07-26 09:22:15,125600.0,500,Buy,226570279
2024-07-26 09:23:08,125600.0,200,Sell,226571288
2024-07-26 09:23:08,125600.0,100,Sell,226571289
2024-07-26 09:23:08,125600.0,1700,Sell,226571290
2024-07-26 09:23:15,125600.0,200,Sell,226571406
2024-07-26 09:23:20,125600.0,100,Sell,226571510
2024-07-26 09:23:20,125500.0,200,Sell,226571511
2024-07-26 09:24:18,125500.0,1000,Sell,226572580
2024-07-26 09:24:41,125500.0,1000,Sell,226573050
2024-07-26 09:24:57,125500.0,200,Sell,226573404
2024-07-26 09:25:14,125500.0,1600,Sell,226573672
2024-07-26 09:25:42,125600.0,200,Buy,226574167
2024-07-26 09:25:56,125500.0,6000,Sell,226574393
2024-07-26 09:26:04,125500.0,500,Sell,226574543
2024-07-26 09:26:04,125500.0,400,Sell,226574546
2024-07-26 09:26:04,125500.0,600,Sell,226574545
2024-07-26 09:26:04,125500.0,100,Sell,226574544
2024-07-26 09:26:04,125500.0,100,Sell,226574542
2024-07-26 09:26:04,125500.0,500,Sell,226574539
2024-07-26 09:26:04,125500.0,100,Sell,226574540
2024-07-26 09:26:04,125500.0,100,Sell,226574538
2024-07-26 09:26:04,125500.0,500,Sell,226574537
2024-07-26 09:26:04,125500.0,1000,Sell,226574536
2024-07-26 09:26:04,125500.0,100,Sell,226574541
2024-07-26 09:26:05,125500.0,1100,Sell,226574572
2024-07-26 09:26:05,125500.0,900,Sell,226574573
2024-07-26 09:26:08,125500.0,100,Sell,226574631
2024-07-26 09:26:11,125500.0,100,Sell,226574688
2024-07-26 09:26:11,125500.0,2000,Sell,226574689
2024-07-26 09:26:11,125500.0,900,Sell,226574690
2024-07-26 09:26:16,125500.0,1000,Sell,226574769
2024-07-26 09:26:19,125500.0,1500,Sell,226574824
2024-07-26 09:26:19,125500.0,200,Sell,226574823
2024-07-26 09:26:19,125500.0,100,Sell,226574818
2024-07-26 09:26:19,125500.0,2000,Sell,226574821
2024-07-26 09:26:19,125500.0,300,Sell,226574822
2024-07-26 09:26:27,125600.0,500,Buy,226574941
2024-07-26 09:26:29,125500.0,1000,Sell,226574996
2024-07-26 09:26:35,125500.0,500,Sell,226575129
2024-07-26 09:26:35,125500.0,500,Sell,226575130
2024-07-26 09:26:41,125600.0,100,Buy,226575221
2024-07-26 09:26:43,125600.0,100,Buy,226575259
2024-07-26 09:26:46,125500.0,100,Sell,226575310
2024-07-26 09:26:52,125500.0,400,Sell,226575449
2024-07-26 09:26:52,125500.0,2000,Sell,226575450
2024-07-26 09:26:52,125500.0,1500,Sell,226575451
2024-07-26 09:26:57,125500.0,2000,Sell,226575515
2024-07-26 09:27:00,125500.0,500,Sell,226575571
2024-07-26 09:27:00,125500.0,1500,Sell,226575572
2024-07-26 09:27:04,125500.0,500,Sell,226575626
2024-07-26 09:27:04,125500.0,500,Sell,226575627
2024-07-26 09:27:07,125500.0,100,Sell,226575652
2024-07-26 09:27:07,125500.0,100,Sell,226575653
2024-07-26 09:27:09,125500.0,500,Sell,226575694
2024-07-26 09:27:12,125500.0,1400,Sell,226575731
2024-07-26 09:27:13,125500.0,1000,Buy,226575778
2024-07-26 09:27:30,125500.0,100,Buy,226576120
2024-07-26 09:27:36,125400.0,1000,Sell,226576199
2024-07-26 09:27:39,125400.0,2000,Sell,226576286
2024-07-26 09:27:39,125400.0,700,Sell,226576287
2024-07-26 09:27:42,125400.0,1000,Sell,226576375
2024-07-26 09:28:01,125400.0,300,Sell,226576681
2024-07-26 09:28:07,125400.0,100,Sell,226576806
2024-07-26 09:28:36,125400.0,700,Sell,226577368
2024-07-26 09:28:36,125400.0,100,Sell,226577370
2024-07-26 09:28:36,125400.0,2000,Sell,226577369
2024-07-26 09:28:36,125400.0,2000,Sell,226577367
2024-07-26 09:28:36,125400.0,2000,Sell,226577366
2024-07-26 09:28:43,125400.0,1000,Buy,226577491
2024-07-26 09:29:07,125400.0,100,Buy,226577858
2024-07-26 09:29:13,125300.0,100,Sell,226577964
2024-07-26 09:29:13,125300.0,1000,Sell,226577965
2024-07-26 09:29:13,125300.0,200,Sell,226577966
2024-07-26 09:29:13,125300.0,1100,Sell,226577967
2024-07-26 09:29:18,125300.0,900,Sell,226578087
2024-07-26 09:29:18,125300.0,1100,Sell,226578088
2024-07-26 09:29:21,125300.0,100,Sell,226578149
2024-07-26 09:29:24,125300.0,500,Sell,226578217
2024-07-26 09:29:24,125300.0,100,Sell,226578225
2024-07-26 09:29:30,125300.0,200,Sell,226578313
2024-07-26 09:29:35,125200.0,2000,Sell,226578428
2024-07-26 09:29:38,125200.0,100,Sell,226578476
2024-07-26 09:29:38,125200.0,100,Sell,226578477
2024-07-26 09:29:39,125200.0,100,Buy,226578496
2024-07-26 09:29:43,125200.0,100,Buy,226578563
2024-07-26 09:29:44,125100.0,500,Sell,226578582
2024-07-26 09:29:44,125100.0,100,Sell,226578579
2024-07-26 09:29:44,125100.0,200,Sell,226578580
2024-07-26 09:29:44,125100.0,200,Sell,226578581
2024-07-26 09:30:01,125200.0,100,Buy,226578945
2024-07-26 09:30:10,125300.0,100,Buy,226579138
2024-07-26 09:30:40,125300.0,100,Buy,226579725
2024-07-26 09:30:53,125200.0,200,Sell,226579956
2024-07-26 09:30:59,125300.0,1700,Buy,226580149
2024-07-26 09:30:59,125300.0,1300,Buy,226580148
2024-07-26 09:31:05,125300.0,400,Buy,226580268
2024-07-26 09:31:05,125300.0,100,Buy,226580269
2024-07-26 09:31:20,125200.0,200,Sell,226580630
2024-07-26 09:31:22,125300.0,100,Buy,226580684
2024-07-26 09:31:37,125300.0,100,Buy,226581073
2024-07-26 09:31:46,125300.0,800,Buy,226581300
2024-07-26 09:31:52,125300.0,100,Buy,226581414
2024-07-26 09:31:55,125300.0,100,Buy,226581457
2024-07-26 09:32:12,125300.0,100,Buy,226581861
2024-07-26 09:32:31,125300.0,2000,Buy,226582245
2024-07-26 09:32:37,125200.0,300,Sell,226582395
2024-07-26 09:32:45,125200.0,1200,Sell,226582563
2024-07-26 09:32:45,125200.0,1000,Sell,226582564
2024-07-26 09:32:45,125200.0,2000,Sell,226582565
2024-07-26 09:32:45,125200.0,700,Sell,226582566
2024-07-26 09:32:45,125200.0,2000,Sell,226582567
2024-07-26 09:32:45,125200.0,100,Sell,226582569
2024-07-26 09:32:45,125200.0,2000,Sell,226582568
2024-07-26 09:32:51,125200.0,1900,Sell,226582661
2024-07-26 09:32:51,125200.0,100,Sell,226582662
2024-07-26 09:32:55,125200.0,400,Sell,226582765
2024-07-26 09:32:55,125200.0,500,Sell,226582766
2024-07-26 09:32:55,125200.0,100,Sell,226582767
2024-07-26 09:33:00,125200.0,100,Sell,226582824
2024-07-26 09:33:00,125200.0,500,Sell,226582823
2024-07-26 09:33:00,125200.0,400,Sell,226582822
2024-07-26 09:33:17,125100.0,500,Sell,226583092
2024-07-26 09:33:17,125100.0,100,Sell,226583093
2024-07-26 09:33:17,125100.0,2000,Sell,226583094
2024-07-26 09:33:17,125100.0,1000,Sell,226583095
2024-07-26 09:33:17,125100.0,400,Sell,226583096
2024-07-26 09:33:19,125200.0,100,Buy,226583131
2024-07-26 09:33:21,125100.0,1600,Sell,226583177
2024-07-26 09:33:21,125100.0,1000,Sell,226583178
2024-07-26 09:33:21,125100.0,2400,Sell,226583179
2024-07-26 09:33:23,125100.0,3900,Sell,226583229
2024-07-26 09:33:23,125100.0,100,Sell,226583230
2024-07-26 09:33:23,125100.0,1000,Sell,226583231
2024-07-26 09:33:25,125100.0,100,Sell,226583253
2024-07-26 09:33:37,125100.0,100,Buy,226583482
2024-07-26 09:34:32,125100.0,100,Buy,226584423
2024-07-26 09:34:51,125100.0,1000,Buy,226584770
2024-07-26 09:35:04,125100.0,500,Buy,226585099
2024-07-26 09:35:10,125100.0,200,Buy,226585178
2024-07-26 09:35:12,125100.0,2000,Buy,226585218
2024-07-26 09:35:14,125000.0,100,Sell,226585232
2024-07-26 09:35:14,125000.0,100,Sell,226585233
2024-07-26 09:35:14,125000.0,100,Sell,226585234
2024-07-26 09:35:14,125000.0,100,Sell,226585235
2024-07-26 09:35:14,125000.0,300,Sell,226585236
2024-07-26 09:35:14,125000.0,100,Sell,226585246
2024-07-26 09:35:21,125100.0,500,Buy,226585399
2024-07-26 09:35:22,125000.0,1300,Sell,226585408
2024-07-26 09:35:30,125000.0,1400,Sell,226585592
2024-07-26 09:35:30,125000.0,400,Sell,226585593
2024-07-26 09:35:30,125000.0,400,Sell,226585594
2024-07-26 09:35:30,125000.0,100,Sell,226585595
2024-07-26 09:35:30,125000.0,2700,Sell,226585596
2024-07-26 09:35:34,125100.0,500,Buy,226585654
2024-07-26 09:35:49,125100.0,500,Buy,226585913
2024-07-26 09:35:59,125100.0,500,Buy,226586073
2024-07-26 09:36:23,125100.0,300,Buy,226586448
2024-07-26 09:36:23,125100.0,100,Buy,226586453
2024-07-26 09:36:30,125100.0,400,Buy,226586559
2024-07-26 09:36:44,125100.0,300,Buy,226586768
2024-07-26 09:36:46,125100.0,100,Buy,226586810
2024-07-26 09:37:14,125100.0,200,Buy,226587297
2024-07-26 09:37:18,125100.0,400,Buy,226587353
2024-07-26 09:37:21,125000.0,100,Sell,226587404
2024-07-26 09:37:21,125000.0,300,Sell,226587408
2024-07-26 09:37:21,125000.0,400,Sell,226587407
2024-07-26 09:37:21,125000.0,500,Sell,226587406
2024-07-26 09:37:21,125000.0,100,Sell,226587405
2024-07-26 09:37:21,125000.0,100,Sell,226587403
2024-07-26 09:37:21,125000.0,500,Sell,226587401
2024-07-26 09:37:21,125000.0,100,Sell,226587400
2024-07-26 09:37:21,125000.0,100,Sell,226587399
2024-07-26 09:37:21,125000.0,100,Sell,226587398
2024-07-26 09:37:21,125000.0,200,Sell,226587397
2024-07-26 09:37:21,125000.0,200,Sell,226587402
2024-07-26 09:37:21,125000.0,7300,Sell,226587396
2024-07-26 09:37:22,125000.0,1700,Sell,226587410
2024-07-26 09:37:22,125000.0,18300,Sell,226587411
2024-07-26 09:37:28,125000.0,100,Sell,226587546
2024-07-26 09:37:28,125000.0,300,Sell,226587547
2024-07-26 09:37:28,125000.0,500,Sell,226587548
2024-07-26 09:37:28,125000.0,100,Sell,226587549
2024-07-26 09:37:28,125000.0,200,Sell,226587550
2024-07-26 09:37:28,125000.0,100,Sell,226587551
2024-07-26 09:37:28,125000.0,100,Sell,226587552
2024-07-26 09:37:28,125000.0,100,Sell,226587553
2024-07-26 09:37:28,125000.0,200,Sell,226587559
2024-07-26 09:37:28,125000.0,200,Sell,226587557
2024-07-26 09:37:28,125000.0,300,Sell,226587558
2024-07-26 09:37:28,125000.0,200,Sell,226587560
2024-07-26 09:37:28,125000.0,100,Sell,226587561
2024-07-26 09:37:28,125000.0,100,Sell,226587562
2024-07-26 09:37:28,125000.0,100,Sell,226587563
2024-07-26 09:37:28,125000.0,100,Sell,226587564
2024-07-26 09:37:28,125000.0,200,Sell,226587565
2024-07-26 09:37:28,125000.0,100,Sell,226587556
2024-07-26 09:37:28,125000.0,200,Sell,226587545
2024-07-26 09:37:28,125000.0,100,Sell,226587555
2024-07-26 09:37:28,125000.0,100,Sell,226587543
2024-07-26 09:37:28,125000.0,100,Sell,226587544
2024-07-26 09:37:28,125000.0,1700,Sell,226587525
2024-07-26 09:37:28,125000.0,500,Sell,226587526
2024-07-26 09:37:28,125000.0,1000,Sell,226587527
2024-07-26 09:37:28,125000.0,200,Sell,226587528
2024-07-26 09:37:28,125000.0,100,Sell,226587529
2024-07-26 09:37:28,125000.0,100,Sell,226587530
2024-07-26 09:37:28,125000.0,100,Sell,226587531
2024-07-26 09:37:28,125000.0,200,Sell,226587532
2024-07-26 09:37:28,125000.0,200,Sell,226587533
2024-07-26 09:37:28,125000.0,200,Sell,226587554
2024-07-26 09:37:28,125000.0,100,Sell,226587535
2024-07-26 09:37:28,125000.0,300,Sell,226587534
2024-07-26 09:37:28,125000.0,500,Sell,226587541
2024-07-26 09:37:28,125000.0,200,Sell,226587540
2024-07-26 09:37:28,125000.0,200,Sell,226587539
2024-07-26 09:37:28,125000.0,100,Sell,226587542
2024-07-26 09:37:28,125000.0,200,Sell,226587537
2024-07-26 09:37:28,125000.0,400,Sell,226587536
2024-07-26 09:37:28,125000.0,100,Sell,226587538
2024-07-26 09:37:32,125000.0,600,Sell,226587636
2024-07-26 09:37:32,125000.0,400,Sell,226587635
2024-07-26 09:37:32,125000.0,500,Sell,226587634
2024-07-26 09:37:32,125000.0,100,Sell,226587632
2024-07-26 09:37:32,125000.0,500,Sell,226587631
2024-07-26 09:37:32,125000.0,100,Sell,226587633
2024-07-26 09:37:32,125000.0,2000,Sell,226587629
2024-07-26 09:37:32,125000.0,300,Sell,226587628
2024-07-26 09:37:32,125000.0,200,Sell,226587627
2024-07-26 09:37:32,125000.0,200,Sell,226587626
2024-07-26 09:37:32,125000.0,100,Sell,226587625
2024-07-26 09:37:32,125000.0,5000,Sell,226587630
2024-07-26 09:37:39,125000.0,700,Sell,226587743
2024-07-26 09:37:39,125000.0,500,Sell,226587741
2024-07-26 09:37:39,125000.0,100,Sell,226587740
2024-07-26 09:37:39,125000.0,200,Sell,226587739
2024-07-26 09:37:39,125000.0,100,Sell,226587738
2024-07-26 09:37:39,125000.0,500,Sell,226587737
2024-07-26 09:37:39,125000.0,600,Sell,226587742
2024-07-26 09:37:39,125000.0,400,Sell,226587732
2024-07-26 09:37:39,125000.0,300,Sell,226587733
2024-07-26 09:37:39,125000.0,400,Sell,226587727
2024-07-26 09:37:39,125000.0,500,Sell,226587728
2024-07-26 09:37:39,125000.0,200,Sell,226587734
2024-07-26 09:37:39,125000.0,200,Sell,226587730
2024-07-26 09:37:39,125000.0,100,Sell,226587729
2024-07-26 09:37:39,125000.0,200,Sell,226587731
2024-07-26 09:37:42,125000.0,4300,Sell,226587805
2024-07-26 09:37:42,125000.0,2100,Sell,226587806
2024-07-26 09:37:42,125000.0,3300,Sell,226587807
2024-07-26 09:37:42,125000.0,300,Sell,226587808
2024-07-26 09:37:44,125000.0,800,Sell,226587839
2024-07-26 09:37:44,125000.0,1100,Sell,226587840
2024-07-26 09:37:44,125000.0,500,Sell,226587841
2024-07-26 09:37:44,125000.0,1100,Sell,226587842
2024-07-26 09:37:45,125000.0,300,Buy,226587856
2024-07-26 09:37:54,125000.0,1200,Buy,226588016
2024-07-26 09:37:54,125000.0,300,Buy,226588017
2024-07-26 09:37:54,125000.0,500,Sell,226588019
2024-07-26 09:37:55,125000.0,200,Buy,226588030
2024-07-26 09:37:57,125000.0,400,Buy,226588089
2024-07-26 09:38:11,125000.0,100,Buy,226588327
2024-07-26 09:38:22,125000.0,100,Buy,226588456
2024-07-26 09:38:41,125000.0,500,Buy,226588719
2024-07-26 09:38:47,124900.0,100,Sell,226588799
2024-07-26 09:38:58,124900.0,100,Sell,226588993
2024-07-26 09:38:59,124900.0,400,Sell,226589006
2024-07-26 09:38:59,124900.0,2100,Sell,226589005
2024-07-26 09:38:59,124900.0,100,Sell,226589004
2024-07-26 09:38:59,124900.0,100,Sell,226589002
2024-07-26 09:38:59,124900.0,200,Sell,226589001
2024-07-26 09:38:59,124900.0,500,Sell,226589000
2024-07-26 09:38:59,124900.0,1300,Sell,226588999
2024-07-26 09:38:59,124900.0,300,Sell,226589003
2024-07-26 09:39:21,124900.0,100,Sell,226589249
2024-07-26 09:39:29,124900.0,500,Sell,226589373
2024-07-26 09:39:40,124900.0,300,Sell,226589563
2024-07-26 09:39:40,124900.0,700,Sell,226589564
2024-07-26 09:39:45,124900.0,700,Sell,226589639
2024-07-26 09:39:45,124900.0,300,Sell,226589638
2024-07-26 09:39:46,124900.0,1000,Sell,226589652
2024-07-26 09:39:52,124900.0,100,Sell,226589758
2024-07-26 09:39:52,124900.0,900,Sell,226589757
2024-07-26 09:39:53,124900.0,100,Sell,226589785
2024-07-26 09:39:53,124900.0,300,Sell,226589784
2024-07-26 09:39:55,124900.0,100,Buy,226589815
2024-07-26 09:40:24,124800.0,200,Sell,226590251
2024-07-26 09:40:26,124900.0,100,Buy,226590287
2024-07-26 09:40:43,124900.0,100,Buy,226590616
2024-07-26 09:40:52,124900.0,300,Buy,226590780
2024-07-26 09:40:56,124900.0,100,Buy,226590880
2024-07-26 09:41:10,124900.0,100,Buy,226591093
2024-07-26 09:41:10,124900.0,200,Buy,226591094
2024-07-26 09:41:10,124900.0,700,Buy,226591095
2024-07-26 09:41:20,124900.0,100,Buy,226591248
2024-07-26 09:41:32,124900.0,100,Buy,226591426
2024-07-26 09:41:34,124900.0,100,Buy,226591462
2024-07-26 09:41:43,125000.0,800,Buy,226591612
2024-07-26 09:41:43,124900.0,100,Buy,226591611
2024-07-26 09:41:43,124900.0,100,Buy,226591610
2024-07-26 09:41:51,125000.0,100,Buy,226591722
2024-07-26 09:42:03,125000.0,100,Buy,226591875
2024-07-26 09:43:25,124900.0,200,Sell,226593084
2024-07-26 09:43:39,125000.0,100,Buy,226593325
2024-07-26 09:44:09,125000.0,500,Buy,226593725
2024-07-26 09:44:09,125000.0,100,Buy,226593726
2024-07-26 09:44:15,124900.0,800,Sell,226593842
2024-07-26 09:44:15,124900.0,100,Sell,226593843
2024-07-26 09:44:15,124900.0,100,Sell,226593844
2024-07-26 09:44:15,124900.0,1000,Sell,226593845
2024-07-26 09:44:15,124900.0,500,Sell,226593846
2024-07-26 09:44:15,124900.0,900,Sell,226593847
2024-07-26 09:44:15,124900.0,600,Sell,226593848
2024-07-26 09:44:37,125000.0,1000,Buy,226594156
2024-07-26 09:44:38,125000.0,100,Buy,226594183
2024-07-26 09:44:38,125000.0,100,Buy,226594182
2024-07-26 09:44:57,125000.0,200,Buy,226594550
2024-07-26 09:45:27,125000.0,500,Buy,226594960
2024-07-26 09:46:39,124900.0,1500,Sell,226595990
2024-07-26 09:46:56,125000.0,500,Buy,226596298
2024-07-26 09:47:04,125000.0,300,Buy,226596447
2024-07-26 09:47:29,124900.0,200,Sell,226596928
2024-07-26 09:47:29,125000.0,600,Buy,226596937
2024-07-26 09:47:51,125000.0,100,Buy,226597287
2024-07-26 09:47:56,125000.0,400,Buy,226597375
2024-07-26 09:47:56,125000.0,100,Buy,226597376
2024-07-26 09:47:56,125000.0,100,Buy,226597374
2024-07-26 09:48:00,125000.0,100,Buy,226597433
2024-07-26 09:48:02,125000.0,100,Buy,226597454
2024-07-26 09:48:25,124900.0,500,Sell,226597759
2024-07-26 09:48:37,125000.0,500,Buy,226597951
2024-07-26 09:48:43,125000.0,300,Buy,226598063
2024-07-26 09:49:05,125000.0,500,Buy,226598469
2024-07-26 09:49:10,125000.0,1000,Buy,226598557
2024-07-26 09:49:12,125000.0,100,Buy,226598577
2024-07-26 09:49:17,125000.0,500,Buy,226598691
2024-07-26 09:49:34,124900.0,100,Sell,226599016
2024-07-26 09:49:44,125000.0,500,Buy,226599233
2024-07-26 09:49:44,124900.0,600,Sell,226599234
2024-07-26 09:49:44,124900.0,400,Sell,226599235
2024-07-26 09:49:46,125000.0,100,Buy,226599257
2024-07-26 09:49:46,125000.0,700,Buy,226599258
2024-07-26 09:49:53,125000.0,2100,Buy,226599417
2024-07-26 09:49:54,125000.0,200,Buy,226599426
2024-07-26 09:50:01,125000.0,500,Buy,226599527
2024-07-26 09:50:01,124900.0,4600,Sell,226599528
2024-07-26 09:50:01,124900.0,400,Sell,226599529
2024-07-26 09:50:02,125000.0,1200,Buy,226599543
2024-07-26 09:50:02,125000.0,100,Buy,226599542
2024-07-26 09:50:02,125000.0,100,Buy,226599541
2024-07-26 09:50:02,125000.0,5000,Buy,226599539
2024-07-26 09:50:02,125000.0,1500,Buy,226599538
2024-07-26 09:50:02,125000.0,100,Buy,226599540
2024-07-26 09:50:02,125000.0,7000,Buy,226599537
2024-07-26 09:50:03,125000.0,100,Buy,226599557
2024-07-26 09:50:03,125000.0,500,Buy,226599558
2024-07-26 09:50:03,125000.0,100,Buy,226599559
2024-07-26 09:50:03,125000.0,500,Buy,226599560
2024-07-26 09:50:03,125000.0,100,Buy,226599561
2024-07-26 09:50:03,125000.0,300,Buy,226599562
2024-07-26 09:50:04,125000.0,100,Buy,226599576
2024-07-26 09:50:11,125000.0,1100,Buy,226599710
2024-07-26 09:50:11,125000.0,500,Buy,226599711
2024-07-26 09:50:11,125000.0,100,Buy,226599712
2024-07-26 09:50:11,125000.0,100,Buy,226599713
2024-07-26 09:50:11,125000.0,100,Buy,226599714
2024-07-26 09:50:11,125000.0,100,Buy,226599715
2024-07-26 09:50:12,125000.0,100,Buy,226599732
2024-07-26 09:50:12,125000.0,100,Buy,226599731
2024-07-26 09:50:13,125000.0,500,Buy,226599752
2024-07-26 09:50:17,125000.0,1000,Buy,226599787
2024-07-26 09:50:17,125000.0,400,Buy,226599786
2024-07-26 09:50:20,125100.0,200,Buy,226599845
2024-07-26 09:50:30,125100.0,200,Buy,226600076
2024-07-26 09:50:39,125100.0,800,Buy,226600229
2024-07-26 09:50:39,125100.0,100,Buy,226600230
2024-07-26 09:50:39,125100.0,4100,Buy,226600231
2024-07-26 09:50:40,125000.0,600,Sell,226600249
2024-07-26 09:50:42,125100.0,300,Buy,226600320
2024-07-26 09:51:23,125100.0,500,Buy,226601001
2024-07-26 09:51:41,125100.0,700,Buy,226601345
2024-07-26 09:51:42,125100.0,100,Buy,226601366
2024-07-26 09:51:43,125100.0,900,Buy,226601375
2024-07-26 09:51:46,125100.0,5200,Buy,226601456
2024-07-26 09:51:46,125100.0,900,Buy,226601455
2024-07-26 09:51:46,125100.0,5000,Buy,226601454
2024-07-26 09:51:46,125100.0,2100,Buy,226601453
2024-07-26 09:51:46,125100.0,100,Buy,226601450
2024-07-26 09:51:46,125100.0,2100,Buy,226601451
2024-07-26 09:51:46,125100.0,100,Buy,226601449
2024-07-26 09:51:46,125100.0,2400,Buy,226601448
2024-07-26 09:51:46,125100.0,2100,Buy,226601452
2024-07-26 09:51:47,125000.0,100,Sell,226601478
2024-07-26 09:51:55,125100.0,100,Buy,226601718
2024-07-26 09:51:57,125100.0,3000,Buy,226601735
2024-07-26 09:52:26,125000.0,3000,Sell,226602134
2024-07-26 09:52:32,125000.0,100,Sell,226602210
2024-07-26 09:52:32,125000.0,1000,Sell,226602209
2024-07-26 09:52:32,125000.0,300,Sell,226602206
2024-07-26 09:52:32,125000.0,2000,Sell,226602207
2024-07-26 09:52:32,125000.0,600,Sell,226602205
2024-07-26 09:52:32,125000.0,1000,Sell,226602208
2024-07-26 09:52:35,125000.0,2800,Sell,226602248
2024-07-26 09:52:35,125000.0,100,Sell,226602247
2024-07-26 09:52:35,125000.0,500,Sell,226602246
2024-07-26 09:52:35,125000.0,200,Sell,226602244
2024-07-26 09:52:35,125000.0,100,Sell,226602243
2024-07-26 09:52:35,125000.0,900,Sell,226602242
2024-07-26 09:52:35,125000.0,400,Sell,226602245
2024-07-26 09:52:45,125000.0,100,Sell,226602493
2024-07-26 09:53:04,125000.0,100,Sell,226602950
2024-07-26 09:53:35,125100.0,300,Buy,226603597
2024-07-26 09:53:41,125100.0,400,Buy,226603747
2024-07-26 09:53:41,125100.0,100,Buy,226603748
2024-07-26 09:53:45,125100.0,100,Buy,226603899
2024-07-26 09:53:51,125000.0,1400,Sell,226603993
2024-07-26 09:53:59,125100.0,200,Buy,226604180
2024-07-26 09:54:02,125000.0,200,Sell,226604233
2024-07-26 09:54:02,125000.0,300,Sell,226604232
2024-07-26 09:54:02,125000.0,600,Sell,226604234
2024-07-26 09:54:02,125000.0,100,Sell,226604230
2024-07-26 09:54:02,125000.0,600,Sell,226604228
2024-07-26 09:54:02,125000.0,2200,Sell,226604231
2024-07-26 09:54:02,125000.0,2100,Sell,226604229
2024-07-26 09:54:12,125000.0,100,Sell,226604386
2024-07-26 09:54:29,125000.0,200,Sell,226604696
2024-07-26 09:54:38,125000.0,100,Sell,226604903
2024-07-26 09:54:38,125000.0,4900,Sell,226604904
2024-07-26 09:54:39,125000.0,5000,Sell,226604941
2024-07-26 09:54:42,125000.0,5000,Sell,226604994
2024-07-26 09:54:45,125000.0,100,Sell,226605025
2024-07-26 09:54:45,125000.0,300,Sell,226605026
2024-07-26 09:54:45,125000.0,500,Sell,226605027
2024-07-26 09:54:45,125000.0,500,Sell,226605028
2024-07-26 09:54:45,125000.0,1500,Sell,226605029
2024-07-26 09:54:45,125000.0,2100,Sell,226605030
2024-07-26 09:54:46,125000.0,900,Sell,226605058
2024-07-26 09:54:46,125000.0,500,Sell,226605059
2024-07-26 09:54:46,125000.0,200,Sell,226605060
2024-07-26 09:54:46,125000.0,3400,Sell,226605061
2024-07-26 09:54:51,125000.0,500,Sell,226605122
2024-07-26 09:54:53,125000.0,3700,Sell,226605159
2024-07-26 09:54:53,125000.0,1000,Sell,226605160
2024-07-26 09:54:53,125000.0,300,Sell,226605161
2024-07-26 09:55:05,125100.0,100,Buy,226605404
2024-07-26 09:56:00,125100.0,500,Buy,226606500
2024-07-26 09:56:29,125100.0,1100,Buy,226607018
2024-07-26 09:56:29,125100.0,30000,Buy,226607019
2024-07-26 09:56:29,125100.0,9100,Buy,226607020
2024-07-26 09:56:29,125100.0,100,Buy,226607021
2024-07-26 09:56:29,125100.0,10500,Buy,226607022
2024-07-26 09:56:29,125100.0,2100,Buy,226607023
2024-07-26 09:56:29,125100.0,2100,Buy,226607024
2024-07-26 09:56:30,125100.0,100,Buy,226607060
2024-07-26 09:56:30,125100.0,600,Buy,226607061
2024-07-26 09:56:30,125100.0,700,Buy,226607065
2024-07-26 09:56:32,125100.0,2000,Buy,226607097
2024-07-26 09:56:34,125200.0,4600,Buy,226607127
2024-07-26 09:56:34,125200.0,500,Buy,226607126
2024-07-26 09:56:34,125200.0,1900,Buy,226607125
2024-07-26 09:56:34,125200.0,9000,Buy,226607124
2024-07-26 09:56:34,125100.0,2100,Buy,226607122
2024-07-26 09:56:34,125200.0,8900,Buy,226607123
2024-07-26 09:56:34,125100.0,3000,Buy,226607121
2024-07-26 09:56:54,125200.0,100,Buy,226607432
2024-07-26 09:56:54,125100.0,100,Sell,226607439
2024-07-26 09:56:54,125100.0,100,Sell,226607440
2024-07-26 09:56:54,125100.0,2800,Sell,226607441
2024-07-26 09:56:55,125200.0,300,Buy,226607470
2024-07-26 09:56:55,125200.0,200,Buy,226607471
2024-07-26 09:56:59,125200.0,200,Buy,226607563
2024-07-26 09:57:08,125200.0,100,Sell,226607694
2024-07-26 09:57:23,125300.0,2200,Buy,226607946
2024-07-26 09:57:29,125300.0,100,Buy,226608067
2024-07-26 09:57:31,125200.0,200,Sell,226608116
2024-07-26 09:57:38,125300.0,1000,Buy,226608244
2024-07-26 09:57:38,125300.0,700,Buy,226608242
2024-07-26 09:57:38,125300.0,100,Buy,226608243
2024-07-26 09:57:51,125300.0,100,Buy,226608524
2024-07-26 09:57:51,125200.0,1000,Sell,226608512
2024-07-26 09:58:17,125300.0,100,Sell,226608991
2024-07-26 09:58:17,125300.0,700,Sell,226608992
2024-07-26 09:58:17,125300.0,100,Sell,226608993
2024-07-26 09:58:18,125300.0,100,Buy,226608997
2024-07-26 09:58:34,125300.0,100,Sell,226609248
2024-07-26 09:58:37,125400.0,100,Buy,226609300
2024-07-26 09:58:57,125300.0,100,Sell,226609702
2024-07-26 09:59:09,125400.0,100,Buy,226609841
2024-07-26 09:59:27,125400.0,500,Buy,226610077
2024-07-26 09:59:30,125400.0,200,Buy,226610140
2024-07-26 09:59:43,125400.0,500,Buy,226610363
2024-07-26 09:59:47,125400.0,100,Buy,226610421
2024-07-26 09:59:55,125300.0,800,Sell,226610593
2024-07-26 09:59:55,125300.0,200,Sell,226610592
2024-07-26 09:59:57,125300.0,1000,Sell,226610641
2024-07-26 09:59:57,125300.0,3000,Sell,226610647
2024-07-26 09:59:59,125300.0,100,Sell,226610671
2024-07-26 09:59:59,125300.0,700,Sell,226610670
2024-07-26 09:59:59,125300.0,200,Sell,226610666
2024-07-26 09:59:59,125300.0,300,Sell,226610668
2024-07-26 09:59:59,125300.0,600,Sell,226610667
2024-07-26 09:59:59,125300.0,100,Sell,226610669
2024-07-26 10:00:02,125300.0,100,Sell,226610710
2024-07-26 10:00:05,125300.0,100,Sell,226610754
2024-07-26 10:00:05,125300.0,500,Sell,226610755
2024-07-26 10:00:05,125300.0,200,Sell,226610756
2024-07-26 10:00:05,125300.0,200,Sell,226610757
2024-07-26 10:00:05,125400.0,100,Buy,226610771
2024-07-26 10:00:07,125300.0,500,Sell,226610782
2024-07-26 10:00:07,125300.0,100,Sell,226610783
2024-07-26 10:00:09,125300.0,500,Buy,226610818
2024-07-26 10:00:14,125200.0,200,Sell,226610899
2024-07-26 10:00:14,125200.0,800,Sell,226610880
2024-07-26 10:00:24,125300.0,300,Buy,226611084
2024-07-26 10:00:35,125300.0,300,Sell,226611232
2024-07-26 10:00:35,125300.0,600,Buy,226611226
2024-07-26 10:00:35,125300.0,100,Buy,226611227
2024-07-26 10:00:36,125300.0,500,Buy,226611243
2024-07-26 10:00:44,125200.0,500,Sell,226611384
2024-07-26 10:00:44,125200.0,200,Sell,226611385
2024-07-26 10:00:44,125200.0,500,Sell,226611386
2024-07-26 10:00:44,125200.0,700,Sell,226611388
2024-07-26 10:00:44,125200.0,100,Sell,226611387
2024-07-26 10:00:47,125200.0,1300,Sell,226611428
2024-07-26 10:00:47,125200.0,200,Sell,226611429
2024-07-26 10:00:47,125200.0,1000,Sell,226611430
2024-07-26 10:00:47,125200.0,100,Sell,226611431
2024-07-26 10:00:47,125200.0,200,Buy,226611445
2024-07-26 10:01:04,125100.0,400,Sell,226611635
2024-07-26 10:01:04,125100.0,200,Sell,226611633
2024-07-26 10:01:04,125100.0,2200,Sell,226611632
2024-07-26 10:01:04,125100.0,200,Sell,226611634
2024-07-26 10:01:29,125100.0,100,Sell,226611976
2024-07-26 10:01:40,125100.0,100,Sell,226612164
2024-07-26 10:01:40,125100.0,1000,Sell,226612165
2024-07-26 10:01:40,125100.0,100,Sell,226612166
2024-07-26 10:01:40,125100.0,900,Sell,226612167
2024-07-26 10:02:02,125100.0,100,Sell,226612643
2024-07-26 10:02:02,125100.0,200,Sell,226612644
2024-07-26 10:02:02,125100.0,700,Sell,226612645
2024-07-26 10:02:02,125100.0,100,Sell,226612646
2024-07-26 10:02:02,125100.0,500,Sell,226612647
2024-07-26 10:02:02,125100.0,500,Sell,226612648
2024-07-26 10:02:34,125100.0,300,Sell,226613126
2024-07-26 10:02:51,125100.0,200,Sell,226613469
2024-07-26 10:02:51,125100.0,200,Sell,226613470
2024-07-26 10:02:54,125100.0,500,Buy,226613555
2024-07-26 10:03:01,125100.0,100,Buy,226613723
2024-07-26 10:03:19,125100.0,100,Buy,226614110
2024-07-26 10:03:53,125100.0,700,Buy,226614625
2024-07-26 10:03:57,125100.0,100,Buy,226614686
2024-07-26 10:04:03,125100.0,500,Buy,226614767
2024-07-26 10:04:05,125100.0,100,Buy,226614811
2024-07-26 10:04:06,125100.0,800,Buy,226614831
2024-07-26 10:04:16,125000.0,700,Sell,226615024
2024-07-26 10:04:16,125000.0,200,Sell,226615025
2024-07-26 10:04:16,125000.0,1100,Sell,226615026
2024-07-26 10:04:24,125000.0,100,Sell,226615114
2024-07-26 10:04:30,125000.0,200,Sell,226615186
2024-07-26 10:04:35,125000.0,200,Sell,226615235
2024-07-26 10:04:57,125100.0,700,Buy,226615476
2024-07-26 10:04:57,125100.0,700,Buy,226615477
2024-07-26 10:04:58,125000.0,1500,Sell,226615497
2024-07-26 10:04:58,125000.0,1400,Sell,226615495
2024-07-26 10:04:58,125000.0,100,Sell,226615496
2024-07-26 10:05:01,125000.0,100,Sell,226615534
2024-07-26 10:05:01,125000.0,300,Sell,226615547
2024-07-26 10:05:01,125000.0,500,Sell,226615545
2024-07-26 10:05:01,125000.0,500,Sell,226615544
2024-07-26 10:05:01,125000.0,500,Sell,226615543
2024-07-26 10:05:01,125000.0,500,Sell,226615542
2024-07-26 10:05:01,125000.0,600,Sell,226615541
2024-07-26 10:05:01,125000.0,500,Sell,226615533
2024-07-26 10:05:01,125000.0,300,Sell,226615539
2024-07-26 10:05:01,125000.0,600,Sell,226615538
2024-07-26 10:05:01,125000.0,100,Sell,226615537
2024-07-26 10:05:01,125000.0,100,Sell,226615536
2024-07-26 10:05:01,125000.0,200,Sell,226615535
2024-07-26 10:05:01,125000.0,200,Sell,226615540
2024-07-26 10:05:11,125000.0,100,Sell,226615729
2024-07-26 10:05:19,125000.0,100,Sell,226615827
2024-07-26 10:05:19,125000.0,500,Sell,226615828
2024-07-26 10:05:19,125000.0,500,Sell,226615829
2024-07-26 10:05:19,125000.0,900,Sell,226615830
2024-07-26 10:05:21,125000.0,1000,Sell,226615855
2024-07-26 10:05:23,125100.0,500,Buy,226615869
2024-07-26 10:06:00,125000.0,1000,Sell,226616498
2024-07-26 10:06:00,125000.0,100,Sell,226616499
2024-07-26 10:06:00,125000.0,1000,Sell,226616500
2024-07-26 10:06:00,125000.0,800,Sell,226616501
2024-07-26 10:06:00,125000.0,100,Sell,226616497
2024-07-26 10:06:51,125000.0,100,Sell,226617224
2024-07-26 10:07:19,125000.0,100,Sell,226617560
2024-07-26 10:07:23,125100.0,500,Buy,226617629
2024-07-26 10:07:28,125000.0,100,Sell,226617703
2024-07-26 10:07:28,125000.0,100,Sell,226617702
2024-07-26 10:07:28,125000.0,200,Sell,226617704
2024-07-26 10:07:28,125000.0,500,Sell,226617700
2024-07-26 10:07:28,125000.0,100,Sell,226617699
2024-07-26 10:07:28,125000.0,100,Sell,226617701
2024-07-26 10:07:28,125000.0,100,Sell,226617698
2024-07-26 10:08:09,125000.0,1500,Sell,226618190
2024-07-26 10:08:09,125000.0,100,Sell,226618189
2024-07-26 10:08:09,125000.0,100,Sell,226618187
2024-07-26 10:08:09,125000.0,300,Sell,226618186
2024-07-26 10:08:09,125000.0,100,Sell,226618188
2024-07-26 10:08:11,125100.0,600,Buy,226618240
2024-07-26 10:08:11,125100.0,100,Buy,226618241
2024-07-26 10:08:12,125100.0,700,Buy,226618245
2024-07-26 10:08:14,125000.0,100,Sell,226618289
2024-07-26 10:08:23,125000.0,500,Sell,226618384
2024-07-26 10:08:33,125000.0,2100,Sell,226618586
2024-07-26 10:08:41,125100.0,300,Buy,226618741
2024-07-26 10:08:59,125100.0,100,Buy,226619028
2024-07-26 10:09:00,125100.0,300,Buy,226619033
2024-07-26 10:09:21,125000.0,100,Sell,226619445
2024-07-26 10:09:30,125100.0,100,Buy,226619564
2024-07-26 10:09:30,125100.0,2400,Buy,226619565
2024-07-26 10:09:30,125100.0,2000,Buy,226619563
2024-07-26 10:09:30,125100.0,600,Buy,226619562
2024-07-26 10:09:32,125100.0,2600,Buy,226619587
2024-07-26 10:09:32,125100.0,100,Buy,226619588
2024-07-26 10:09:32,125100.0,200,Buy,226619589
2024-07-26 10:09:32,125100.0,100,Buy,226619590
2024-07-26 10:09:46,125000.0,900,Sell,226619858
2024-07-26 10:09:46,125000.0,1000,Sell,226619859
2024-07-26 10:09:52,125100.0,1000,Buy,226619978
2024-07-26 10:10:30,125100.0,300,Buy,226620515
2024-07-26 10:10:34,125100.0,500,Buy,226620562
2024-07-26 10:10:56,125100.0,100,Buy,226620844
2024-07-26 10:10:56,125100.0,100,Buy,226620845
2024-07-26 10:10:56,125100.0,300,Buy,226620846
2024-07-26 10:11:01,125100.0,200,Buy,226620908
2024-07-26 10:11:21,125100.0,500,Buy,226621183
2024-07-26 10:11:27,125100.0,600,Buy,226621522
2024-07-26 10:11:42,125100.0,100,Buy,226621738
2024-07-26 10:12:07,125100.0,500,Buy,226622076
2024-07-26 10:12:51,125100.0,200,Buy,226622761
2024-07-26 10:12:54,125100.0,300,Buy,226622795
2024-07-26 10:13:15,125100.0,600,Buy,226623146
2024-07-26 10:13:16,125100.0,700,Buy,226623151
2024-07-26 10:13:16,125100.0,500,Buy,226623152
2024-07-26 10:13:16,125100.0,500,Buy,226623153
2024-07-26 10:13:16,125100.0,200,Buy,226623154
2024-07-26 10:13:22,125100.0,100,Buy,226623254
2024-07-26 10:13:22,125100.0,100,Buy,226623255
2024-07-26 10:13:29,125100.0,100,Buy,226623339
2024-07-26 10:13:49,125100.0,100,Buy,226623664
2024-07-26 10:14:01,125100.0,100,Buy,226623914
2024-07-26 10:14:05,125000.0,1500,Sell,226623976
2024-07-26 10:14:19,125100.0,100,Buy,226624537
2024-07-26 10:14:25,125100.0,500,Buy,226624648
2024-07-26 10:14:31,125000.0,500,Sell,226624737
2024-07-26 10:14:31,125000.0,400,Sell,226624738
2024-07-26 10:14:38,125000.0,100,Sell,226624827
2024-07-26 10:15:04,125000.0,1000,Sell,226625212
2024-07-26 10:15:30,125100.0,500,Buy,226625656
2024-07-26 10:15:34,125100.0,400,Buy,226625704
2024-07-26 10:15:34,125100.0,100,Buy,226625705
2024-07-26 10:15:50,125100.0,100,Buy,226625947
2024-07-26 10:16:00,125100.0,1500,Buy,226626074
2024-07-26 10:16:00,125100.0,300,Buy,226626075
2024-07-26 10:16:00,125100.0,100,Buy,226626076
2024-07-26 10:16:00,125100.0,6300,Buy,226626077
2024-07-26 10:16:00,125100.0,100,Buy,226626078
2024-07-26 10:16:00,125100.0,100,Buy,226626079
2024-07-26 10:16:00,125100.0,200,Buy,226626080
2024-07-26 10:16:00,125100.0,2100,Buy,226626081
2024-07-26 10:16:00,125100.0,100,Buy,226626082
2024-07-26 10:16:01,125100.0,1000,Sell,226626099
2024-07-26 10:16:05,125100.0,100,Sell,226626176
2024-07-26 10:16:11,125100.0,100,Buy,226626248
2024-07-26 10:16:18,125100.0,200,Buy,226626343
2024-07-26 10:16:20,125100.0,1000,Buy,226626390
2024-07-26 10:16:25,125100.0,700,Buy,226626540
2024-07-26 10:16:25,125100.0,400,Buy,226626541
2024-07-26 10:16:27,125100.0,100,Buy,226626566
2024-07-26 10:16:27,125100.0,100,Buy,226626567
2024-07-26 10:16:27,125100.0,100,Sell,226626568
2024-07-26 10:16:28,125100.0,400,Sell,226626582
2024-07-26 10:16:28,125100.0,700,Sell,226626583
2024-07-26 10:16:36,125100.0,100,Buy,226626687
2024-07-26 10:16:38,125100.0,100,Buy,226626700
2024-07-26 10:16:43,125100.0,500,Buy,226626764
2024-07-26 10:17:03,125100.0,300,Buy,226627073
2024-07-26 10:17:06,125100.0,100,Buy,226627142
2024-07-26 10:17:33,125000.0,100,Sell,226627570
2024-07-26 10:18:17,125000.0,100,Sell,226628114
2024-07-26 10:18:31,125100.0,400,Buy,226628251
2024-07-26 10:18:38,125100.0,100,Buy,226628311
2024-07-26 10:18:47,125100.0,900,Buy,226628428
2024-07-26 10:18:58,125100.0,100,Buy,226628583
2024-07-26 10:19:01,125100.0,500,Buy,226628636
2024-07-26 10:19:11,125100.0,100,Buy,226628779
2024-07-26 10:19:21,125100.0,6000,Buy,226628923
2024-07-26 10:19:32,125100.0,4500,Buy,226629050
2024-07-26 10:19:34,125100.0,200,Buy,226629089
2024-07-26 10:19:40,125100.0,400,Buy,226629136
2024-07-26 10:19:41,125000.0,300,Sell,226629140
2024-07-26 10:19:41,125000.0,200,Sell,226629141
2024-07-26 10:19:43,125100.0,700,Buy,226629174
2024-07-26 10:19:43,125100.0,700,Buy,226629179
2024-07-26 10:19:59,125000.0,200,Sell,226629410
2024-07-26 10:19:59,125000.0,200,Sell,226629409
2024-07-26 10:19:59,125000.0,300,Sell,226629408
2024-07-26 10:19:59,125000.0,100,Sell,226629407
2024-07-26 10:19:59,125000.0,200,Sell,226629405
2024-07-26 10:19:59,125000.0,400,Sell,226629406
2024-07-26 10:19:59,125000.0,600,Sell,226629404
2024-07-26 10:20:00,125000.0,100,Sell,226629423
2024-07-26 10:20:00,125100.0,500,Buy,226629420
2024-07-26 10:20:00,125000.0,300,Sell,226629421
2024-07-26 10:20:00,125000.0,100,Sell,226629422
2024-07-26 10:20:02,125000.0,600,Sell,226629550
2024-07-26 10:20:03,125000.0,100,Sell,226629575
2024-07-26 10:20:05,125000.0,100,Sell,226629610
2024-07-26 10:20:05,125000.0,100,Sell,226629609
2024-07-26 10:20:05,125000.0,200,Sell,226629608
2024-07-26 10:20:05,125000.0,300,Sell,226629606
2024-07-26 10:20:05,125000.0,100,Sell,226629605
2024-07-26 10:20:05,125000.0,200,Sell,226629604
2024-07-26 10:20:05,125000.0,400,Sell,226629603
2024-07-26 10:20:05,125000.0,300,Sell,226629602
2024-07-26 10:20:05,125000.0,1000,Sell,226629600
2024-07-26 10:20:05,125000.0,200,Sell,226629611
2024-07-26 10:20:05,125000.0,300,Sell,226629598
2024-07-26 10:20:05,125000.0,500,Sell,226629597
2024-07-26 10:20:05,125000.0,500,Sell,226629596
2024-07-26 10:20:05,125000.0,100,Sell,226629595
2024-07-26 10:20:05,125000.0,200,Sell,226629594
2024-07-26 10:20:05,125000.0,200,Sell,226629593
2024-07-26 10:20:05,125000.0,500,Sell,226629601
2024-07-26 10:20:05,125000.0,400,Sell,226629599
2024-07-26 10:20:07,125000.0,100,Sell,226629636
2024-07-26 10:20:07,125000.0,300,Sell,226629637
2024-07-26 10:20:22,125000.0,100,Sell,226629844
2024-07-26 10:20:27,125000.0,100,Sell,226629908
2024-07-26 10:21:21,125000.0,100,Sell,226630747
2024-07-26 10:21:21,125000.0,100,Sell,226630748
2024-07-26 10:21:21,125000.0,100,Sell,226630749
2024-07-26 10:21:21,125000.0,200,Sell,226630750
2024-07-26 10:21:21,125000.0,100,Sell,226630751
2024-07-26 10:21:21,125000.0,1000,Sell,226630752
2024-07-26 10:21:21,125000.0,1100,Sell,226630753
2024-07-26 10:21:21,125000.0,100,Sell,226630754
2024-07-26 10:21:21,125000.0,100,Sell,226630755
2024-07-26 10:21:21,125000.0,100,Sell,226630757
2024-07-26 10:21:21,125000.0,2000,Sell,226630758
2024-07-26 10:21:21,125000.0,100,Sell,226630759
2024-07-26 10:21:21,125000.0,500,Sell,226630760
2024-07-26 10:21:21,125000.0,3000,Sell,226630746
2024-07-26 10:21:21,125000.0,200,Sell,226630763
2024-07-26 10:21:21,125000.0,700,Sell,226630764
2024-07-26 10:21:21,125000.0,500,Sell,226630765
2024-07-26 10:21:21,125000.0,600,Sell,226630766
2024-07-26 10:21:21,125000.0,1300,Sell,226630767
2024-07-26 10:21:21,125000.0,100,Sell,226630756
2024-07-26 10:21:21,125000.0,1000,Sell,226630745
2024-07-26 10:21:21,125000.0,100,Sell,226630762
2024-07-26 10:21:21,125000.0,600,Sell,226630743
2024-07-26 10:21:21,125000.0,100,Sell,226630744
2024-07-26 10:21:21,125000.0,2300,Sell,226630722
2024-07-26 10:21:21,125000.0,1600,Sell,226630723
2024-07-26 10:21:21,125000.0,200,Sell,226630724
2024-07-26 10:21:21,125000.0,500,Sell,226630725
2024-07-26 10:21:21,125000.0,500,Sell,226630726
2024-07-26 10:21:21,125000.0,400,Sell,226630727
2024-07-26 10:21:21,125000.0,100,Sell,226630728
2024-07-26 10:21:21,125000.0,100,Sell,226630729
2024-07-26 10:21:21,125000.0,500,Sell,226630730
2024-07-26 10:21:21,125000.0,300,Sell,226630731
2024-07-26 10:21:21,125000.0,100,Sell,226630761
2024-07-26 10:21:21,125000.0,500,Sell,226630733
2024-07-26 10:21:21,125000.0,100,Sell,226630734
2024-07-26 10:21:21,125000.0,1000,Sell,226630735
2024-07-26 10:21:21,125000.0,200,Sell,226630732
2024-07-26 10:21:21,125000.0,5000,Sell,226630736
2024-07-26 10:21:21,125000.0,2000,Sell,226630737
2024-07-26 10:21:21,125000.0,100,Sell,226630738
2024-07-26 10:21:21,125000.0,300,Sell,226630739
2024-07-26 10:21:21,125000.0,100,Sell,226630740
2024-07-26 10:21:21,125000.0,200,Sell,226630741
2024-07-26 10:21:21,125000.0,100,Sell,226630742
2024-07-26 10:21:23,125000.0,200,Sell,226630788
2024-07-26 10:21:23,125000.0,600,Sell,226630787
2024-07-26 10:21:23,125000.0,100,Sell,226630786
2024-07-26 10:21:23,125000.0,100,Sell,226630784
2024-07-26 10:21:23,125000.0,700,Sell,226630783
2024-07-26 10:21:23,125000.0,400,Sell,226630782
2024-07-26 10:21:23,125000.0,3700,Sell,226630781
2024-07-26 10:21:23,125000.0,200,Sell,226630785
2024-07-26 10:21:25,125000.0,300,Sell,226630812
2024-07-26 10:21:25,125000.0,100,Sell,226630813
2024-07-26 10:21:25,125000.0,200,Sell,226630814
2024-07-26 10:21:25,125000.0,100,Sell,226630815
2024-07-26 10:21:25,125000.0,500,Sell,226630816
2024-07-26 10:21:27,125000.0,1000,Sell,226630837
2024-07-26 10:21:27,125000.0,1500,Sell,226630848
2024-07-26 10:21:27,125000.0,200,Sell,226630836
2024-07-26 10:21:27,125000.0,700,Sell,226630847
2024-07-26 10:21:27,125000.0,700,Sell,226630834
2024-07-26 10:21:27,125000.0,100,Sell,226630833
2024-07-26 10:21:27,125000.0,6000,Sell,226630832
2024-07-26 10:21:27,125000.0,1500,Sell,226630831
2024-07-26 10:21:27,125000.0,500,Sell,226630835
2024-07-26 10:21:29,125000.0,400,Sell,226630881
2024-07-26 10:21:31,125000.0,3000,Sell,226630973
2024-07-26 10:21:31,125000.0,1300,Sell,226630972
2024-07-26 10:21:31,125000.0,100,Sell,226630971
2024-07-26 10:21:31,125000.0,100,Sell,226630970
2024-07-26 10:21:31,125000.0,200,Sell,226630969
2024-07-26 10:21:32,125000.0,300,Buy,226630977
2024-07-26 10:21:33,125000.0,200,Sell,226630991
2024-07-26 10:21:39,125000.0,100,Buy,226631074
2024-07-26 10:21:39,125000.0,300,Buy,226631085
2024-07-26 10:21:51,125000.0,200,Buy,226631243
2024-07-26 10:21:56,125000.0,200,Buy,226631344
2024-07-26 10:21:56,125000.0,800,Buy,226631345
2024-07-26 10:21:57,125000.0,100,Buy,226631354
2024-07-26 10:21:59,124900.0,200,Sell,226631391
2024-07-26 10:21:59,124900.0,100,Sell,226631392
2024-07-26 10:21:59,124900.0,200,Sell,226631403
2024-07-26 10:21:59,124900.0,1000,Sell,226631390
2024-07-26 10:22:03,125000.0,100,Buy,226631452
2024-07-26 10:22:08,125000.0,1000,Buy,226631506
2024-07-26 10:22:10,125000.0,100,Buy,226631525
2024-07-26 10:22:24,125000.0,1000,Buy,226631734
2024-07-26 10:22:25,125000.0,100,Buy,226631748
2024-07-26 10:22:28,125000.0,500,Buy,226631775
2024-07-26 10:22:41,125000.0,1000,Buy,226631942
2024-07-26 10:22:41,125000.0,100,Buy,226631943
2024-07-26 10:22:42,125000.0,100,Buy,226631950
2024-07-26 10:22:43,125000.0,100,Buy,226631970
2024-07-26 10:22:43,125000.0,200,Buy,226631971
2024-07-26 10:22:44,125000.0,100,Buy,226632094
2024-07-26 10:22:56,124900.0,2300,Sell,226632280
2024-07-26 10:22:56,124900.0,200,Sell,226632279
2024-07-26 10:22:56,124900.0,1000,Sell,226632278
2024-07-26 10:22:56,124900.0,100,Sell,226632276
2024-07-26 10:22:56,124900.0,1000,Sell,226632275
2024-07-26 10:22:56,124900.0,100,Sell,226632274
2024-07-26 10:22:56,124900.0,500,Sell,226632277
2024-07-26 10:22:57,124900.0,1000,Sell,226632291
2024-07-26 10:22:59,124900.0,200,Sell,226632321
2024-07-26 10:23:03,125000.0,100,Buy,226632355
2024-07-26 10:23:10,125000.0,300,Buy,226632458
2024-07-26 10:23:10,125000.0,100,Buy,226632457
2024-07-26 10:23:10,125000.0,200,Buy,226632455
2024-07-26 10:23:10,125000.0,200,Buy,226632456
2024-07-26 10:23:10,125000.0,200,Buy,226632454
2024-07-26 10:23:12,125000.0,100,Buy,226632479
2024-07-26 10:23:14,124900.0,1500,Sell,226632503
2024-07-26 10:23:15,124900.0,100,Sell,226632525
2024-07-26 10:23:15,124900.0,100,Sell,226632526
2024-07-26 10:23:15,124900.0,100,Sell,226632527
2024-07-26 10:23:26,125000.0,600,Buy,226632678
2024-07-26 10:23:37,125000.0,500,Buy,226632794
2024-07-26 10:23:42,125000.0,1000,Buy,226632897
2024-07-26 10:23:44,125000.0,100,Buy,226632932
2024-07-26 10:23:59,125000.0,200,Buy,226633191
2024-07-26 10:23:59,125000.0,1500,Buy,226633192
2024-07-26 10:24:01,125000.0,100,Buy,226633266
2024-07-26 10:24:09,124900.0,100,Sell,226633396
2024-07-26 10:24:20,124900.0,1600,Sell,226633524
2024-07-26 10:24:20,124900.0,100,Sell,226633523
2024-07-26 10:24:20,124900.0,100,Sell,226633521
2024-07-26 10:24:20,124900.0,100,Sell,226633520
2024-07-26 10:24:20,124900.0,100,Sell,226633519
2024-07-26 10:24:20,124900.0,500,Sell,226633522
2024-07-26 10:24:21,124900.0,5000,Sell,226633532
2024-07-26 10:24:21,124900.0,500,Sell,226633533
2024-07-26 10:24:23,124900.0,1100,Sell,226633561
2024-07-26 10:24:25,124900.0,100,Buy,226633589
2024-07-26 10:24:25,124900.0,700,Sell,226633587
2024-07-26 10:24:25,124900.0,100,Sell,226633586
2024-07-26 10:24:25,124900.0,100,Sell,226633585
2024-07-26 10:24:25,124900.0,1000,Sell,226633584
2024-07-26 10:24:25,124900.0,100,Sell,226633583
2024-07-26 10:24:25,124900.0,100,Sell,226633582
2024-07-26 10:24:25,124900.0,200,Sell,226633579
2024-07-26 10:24:25,124900.0,500,Sell,226633581
2024-07-26 10:24:25,124900.0,100,Sell,226633577
2024-07-26 10:24:25,124900.0,100,Sell,226633578
2024-07-26 10:24:25,124900.0,1800,Sell,226633569
2024-07-26 10:24:25,124900.0,200,Sell,226633570
2024-07-26 10:24:25,124900.0,200,Sell,226633571
2024-07-26 10:24:25,124900.0,100,Sell,226633572
2024-07-26 10:24:25,124900.0,700,Sell,226633580
2024-07-26 10:24:25,124900.0,300,Sell,226633574
2024-07-26 10:24:25,124900.0,300,Sell,226633575
2024-07-26 10:24:25,124900.0,100,Sell,226633576
2024-07-26 10:24:25,124900.0,1000,Sell,226633573
2024-07-26 10:24:26,124900.0,800,Buy,226633604
2024-07-26 10:24:46,124900.0,500,Buy,226633900
2024-07-26 10:24:54,124900.0,100,Buy,226634006
2024-07-26 10:24:56,124900.0,100,Buy,226634045
2024-07-26 10:25:07,124900.0,200,Buy,226634194
2024-07-26 10:25:15,124900.0,200,Buy,226634276
2024-07-26 10:25:15,124900.0,100,Buy,226634278
2024-07-26 10:25:19,124800.0,100,Sell,226634336
2024-07-26 10:25:19,124800.0,100,Sell,226634335
2024-07-26 10:25:19,124800.0,100,Sell,226634334
2024-07-26 10:25:19,124800.0,200,Sell,226634333
2024-07-26 10:25:19,124800.0,100,Sell,226634332
2024-07-26 10:25:19,124800.0,100,Sell,226634331
2024-07-26 10:25:19,124800.0,1700,Sell,226634326
2024-07-26 10:25:19,124800.0,200,Sell,226634325
2024-07-26 10:25:19,124800.0,100,Sell,226634323
2024-07-26 10:25:19,124800.0,300,Sell,226634330
2024-07-26 10:25:19,124800.0,3000,Sell,226634324
2024-07-26 10:25:21,124800.0,200,Sell,226634376
2024-07-26 10:25:29,124900.0,100,Buy,226634508
2024-07-26 10:25:54,124900.0,100,Buy,226634930
2024-07-26 10:25:54,124900.0,400,Buy,226634931
2024-07-26 10:25:58,124900.0,100,Buy,226634966
2024-07-26 10:26:16,124900.0,200,Buy,226635208
2024-07-26 10:26:23,124900.0,100,Buy,226635346
2024-07-26 10:26:26,124800.0,200,Sell,226635415
2024-07-26 10:26:26,124800.0,500,Sell,226635416
2024-07-26 10:26:26,124800.0,500,Sell,226635413
2024-07-26 10:26:26,124800.0,100,Sell,226635412
2024-07-26 10:26:26,124800.0,100,Sell,226635414
2024-07-26 10:26:26,124800.0,100,Sell,226635411
2024-07-26 10:26:35,124800.0,500,Sell,226635528
2024-07-26 10:26:35,124800.0,500,Sell,226635530
2024-07-26 10:26:37,124800.0,100,Sell,226635549
2024-07-26 10:27:00,124900.0,100,Buy,226635888
2024-07-26 10:27:03,124900.0,500,Buy,226635913
2024-07-26 10:27:05,124800.0,100,Sell,226635940
2024-07-26 10:27:05,124800.0,200,Sell,226635941
2024-07-26 10:27:05,124800.0,200,Sell,226635942
2024-07-26 10:27:06,124800.0,100,Sell,226635949
2024-07-26 10:27:06,124800.0,100,Sell,226635950
2024-07-26 10:27:07,124800.0,100,Sell,226635962
2024-07-26 10:27:36,124800.0,100,Sell,226636376
2024-07-26 10:28:00,124800.0,400,Sell,226636603
2024-07-26 10:28:00,124800.0,100,Sell,226636604
2024-07-26 10:28:03,124900.0,600,Buy,226636631
2024-07-26 10:28:03,124900.0,300,Buy,226636629
2024-07-26 10:28:03,124900.0,100,Buy,226636630
2024-07-26 10:28:04,124900.0,100,Buy,226636666
2024-07-26 10:28:14,124900.0,500,Buy,226636874
2024-07-26 10:28:17,124900.0,1000,Buy,226636914
2024-07-26 10:28:18,124900.0,100,Buy,226636925
2024-07-26 10:28:18,124900.0,700,Buy,226636941
2024-07-26 10:28:18,124900.0,2100,Buy,226636942
2024-07-26 10:28:18,124900.0,100,Buy,226636943
2024-07-26 10:28:18,124900.0,2100,Buy,226636945
2024-07-26 10:28:18,124900.0,2100,Buy,226636946
2024-07-26 10:28:18,124900.0,100,Buy,226636947
2024-07-26 10:28:18,124900.0,100,Buy,226636944
2024-07-26 10:28:19,124900.0,100,Sell,226636950
2024-07-26 10:28:21,124900.0,1100,Sell,226636976
2024-07-26 10:28:23,124900.0,100,Sell,226637013
2024-07-26 10:29:34,124900.0,100,Sell,226638007
2024-07-26 10:29:45,125000.0,600,Buy,226638201
2024-07-26 10:29:45,125000.0,700,Buy,226638204
2024-07-26 10:29:46,125000.0,700,Buy,226638208
2024-07-26 10:29:47,125000.0,100,Buy,226638216
2024-07-26 10:29:53,125000.0,100,Buy,226638287
2024-07-26 10:30:20,124900.0,700,Sell,226638622
2024-07-26 10:30:20,124900.0,100,Sell,226638623
2024-07-26 10:30:20,124900.0,100,Sell,226638624
2024-07-26 10:30:20,124900.0,300,Sell,226638625
2024-07-26 10:30:21,124900.0,100,Sell,226638628
2024-07-26 10:30:31,124900.0,1000,Sell,226638720
2024-07-26 10:30:31,124900.0,100,Sell,226638721
2024-07-26 10:30:31,124900.0,100,Sell,226638722
2024-07-26 10:30:31,124900.0,1600,Sell,226638719
2024-07-26 10:30:33,124900.0,400,Sell,226638729
2024-07-26 10:30:43,124900.0,600,Sell,226638836
2024-07-26 10:30:43,124900.0,100,Sell,226638837
2024-07-26 10:30:45,124900.0,100,Sell,226638853
2024-07-26 10:30:46,124900.0,300,Sell,226638862
2024-07-26 10:30:46,124900.0,1500,Sell,226638863
2024-07-26 10:30:47,124900.0,200,Sell,226638872
2024-07-26 10:31:12,124900.0,1300,Sell,226639354
2024-07-26 10:31:12,124900.0,2900,Sell,226639355
2024-07-26 10:31:12,124900.0,100,Sell,226639360
2024-07-26 10:31:12,124900.0,200,Sell,226639361
2024-07-26 10:31:12,124900.0,700,Sell,226639362
2024-07-26 10:31:13,124900.0,600,Sell,226639364
2024-07-26 10:31:15,124900.0,200,Sell,226639397
2024-07-26 10:31:58,124900.0,2200,Sell,226639944
2024-07-26 10:31:58,124900.0,200,Sell,226639945
2024-07-26 10:31:58,124900.0,1000,Sell,226639946
2024-07-26 10:31:58,124900.0,100,Sell,226639947
2024-07-26 10:31:58,124900.0,500,Sell,226639948
2024-07-26 10:31:58,124900.0,200,Sell,226639949
2024-07-26 10:31:59,124900.0,200,Sell,226639961
2024-07-26 10:31:59,124900.0,100,Sell,226639963
2024-07-26 10:31:59,124900.0,100,Sell,226639962
2024-07-26 10:31:59,124900.0,100,Sell,226639960
2024-07-26 10:31:59,124900.0,100,Sell,226639959
2024-07-26 10:32:05,125000.0,100,Buy,226640045
2024-07-26 10:32:11,124900.0,300,Sell,226640178
2024-07-26 10:32:11,124900.0,100,Sell,226640179
2024-07-26 10:32:11,124900.0,600,Sell,226640180
2024-07-26 10:32:13,124900.0,100,Sell,226640208
2024-07-26 10:32:29,124900.0,400,Sell,226640428
2024-07-26 10:32:29,124900.0,100,Sell,226640426
2024-07-26 10:32:29,124900.0,100,Sell,226640427
2024-07-26 10:32:32,124900.0,100,Sell,226640471
2024-07-26 10:32:44,124900.0,500,Sell,226640671
2024-07-26 10:32:44,124900.0,500,Sell,226640672
2024-07-26 10:32:44,124900.0,400,Sell,226640673
2024-07-26 10:32:44,124900.0,100,Sell,226640674
2024-07-26 10:32:44,124900.0,100,Sell,226640675
2024-07-26 10:32:44,124900.0,100,Buy,226640676
2024-07-26 10:32:45,124900.0,100,Buy,226640683
2024-07-26 10:32:49,124900.0,500,Buy,226640737
2024-07-26 10:32:53,124900.0,100,Buy,226640775
2024-07-26 10:33:07,124900.0,1000,Buy,226640991
2024-07-26 10:33:08,124900.0,100,Buy,226640996
2024-07-26 10:33:12,124900.0,100,Buy,226641035
2024-07-26 10:33:12,124900.0,100,Buy,226641038
2024-07-26 10:33:21,124900.0,100,Buy,226641137
2024-07-26 10:33:34,124900.0,700,Buy,226641350
2024-07-26 10:33:52,124900.0,100,Buy,226641586
2024-07-26 10:33:58,124900.0,500,Buy,226641714
2024-07-26 10:34:09,124900.0,100,Buy,226641813
2024-07-26 10:34:26,124900.0,500,Buy,226642053
2024-07-26 10:34:45,124900.0,100,Buy,226642445
2024-07-26 10:34:50,124900.0,100,Buy,226642502
2024-07-26 10:35:07,124900.0,500,Buy,226642850
2024-07-26 10:35:13,124900.0,500,Buy,226642925
2024-07-26 10:35:15,124900.0,100,Buy,226642964
2024-07-26 10:35:20,124900.0,100,Buy,226643022
2024-07-26 10:35:24,124900.0,400,Buy,226643055
2024-07-26 10:35:24,124900.0,100,Buy,226643054
2024-07-26 10:35:24,124900.0,2900,Buy,226643051
2024-07-26 10:35:24,124900.0,200,Buy,226643052
2024-07-26 10:35:24,124900.0,100,Buy,226643053
2024-07-26 10:35:25,124900.0,500,Sell,226643070
2024-07-26 10:35:55,124900.0,1000,Sell,226643560
2024-07-26 10:36:12,124900.0,500,Sell,226643852
2024-07-26 10:36:14,124900.0,200,Sell,226643864
2024-07-26 10:36:14,124900.0,400,Sell,226643865
2024-07-26 10:36:14,124900.0,100,Sell,226643866
2024-07-26 10:36:14,124900.0,100,Sell,226643867
2024-07-26 10:36:14,124900.0,200,Sell,226643868
2024-07-26 10:36:23,124900.0,100,Sell,226643961
2024-07-26 10:36:25,125000.0,700,Buy,226644013
2024-07-26 10:36:26,125000.0,400,Buy,226644026
2024-07-26 10:36:26,125000.0,100,Buy,226644027
2024-07-26 10:36:26,125000.0,100,Buy,226644028
2024-07-26 10:36:26,125000.0,100,Buy,226644029
2024-07-26 10:36:27,125000.0,100,Buy,226644058
2024-07-26 10:36:44,125000.0,100,Buy,226644334
2024-07-26 10:36:44,125000.0,100,Buy,226644335
2024-07-26 10:36:59,125000.0,100,Buy,226644500
2024-07-26 10:37:03,124900.0,500,Sell,226644552
2024-07-26 10:37:16,124900.0,100,Sell,226644681
2024-07-26 10:37:57,124900.0,100,Sell,226645206
2024-07-26 10:38:14,124900.0,100,Sell,226645456
2024-07-26 10:38:20,125000.0,100,Buy,226645513
2024-07-26 10:38:34,125000.0,100,Buy,226645711
2024-07-26 10:38:34,125000.0,400,Buy,226645712
2024-07-26 10:38:36,124900.0,300,Sell,226645735
2024-07-26 10:39:31,124900.0,200,Sell,226646439
2024-07-26 10:39:31,124900.0,100,Sell,226646441
2024-07-26 10:39:31,124900.0,100,Sell,226646442
2024-07-26 10:39:41,124900.0,100,Sell,226646603
2024-07-26 10:39:43,125000.0,200,Buy,226646635
2024-07-26 10:39:43,125000.0,300,Buy,226646636
2024-07-26 10:39:43,125000.0,700,Buy,226646622
2024-07-26 10:39:43,125000.0,700,Buy,226646625
2024-07-26 10:39:44,125000.0,100,Buy,226646640
2024-07-26 10:40:00,125000.0,100,Buy,226646816
2024-07-26 10:40:17,125000.0,200,Buy,226647035
2024-07-26 10:40:52,125000.0,500,Buy,226647680
2024-07-26 10:40:55,124900.0,500,Sell,226647771
2024-07-26 10:41:01,125000.0,2000,Buy,226647836
2024-07-26 10:41:02,125000.0,200,Buy,226647857
2024-07-26 10:41:18,125000.0,500,Buy,226648092
2024-07-26 10:41:34,125000.0,200,Buy,226648332
2024-07-26 10:41:37,124900.0,300,Sell,226648381
2024-07-26 10:42:10,124900.0,500,Sell,226648969
2024-07-26 10:42:12,124900.0,1500,Sell,226648996
2024-07-26 10:42:12,124900.0,100,Sell,226648997
2024-07-26 10:42:12,124900.0,2700,Sell,226648998
2024-07-26 10:42:13,125000.0,300,Buy,226649028
2024-07-26 10:42:21,124900.0,100,Sell,226649194
2024-07-26 10:42:26,124900.0,100,Sell,226649256
2024-07-26 10:42:26,124900.0,200,Sell,226649254
2024-07-26 10:42:26,124900.0,100,Sell,226649255
2024-07-26 10:42:36,124900.0,300,Sell,226649414
2024-07-26 10:42:47,124900.0,200,Sell,226649579
2024-07-26 10:42:54,125000.0,200,Buy,226649678
2024-07-26 10:42:57,125000.0,700,Buy,226649722
2024-07-26 10:42:57,125000.0,700,Buy,226649723
2024-07-26 10:42:58,125000.0,100,Buy,226649729
2024-07-26 10:43:07,124900.0,200,Sell,226649862
2024-07-26 10:43:49,124900.0,100,Sell,226650389
2024-07-26 10:44:07,124900.0,200,Sell,226650760
2024-07-26 10:44:24,124900.0,100,Sell,226651031
2024-07-26 10:44:24,124900.0,100,Sell,226651032
2024-07-26 10:44:27,125000.0,200,Buy,226651072
2024-07-26 10:45:20,125000.0,200,Buy,226651784
2024-07-26 10:45:30,125000.0,500,Buy,226651891
2024-07-26 10:45:36,125000.0,200,Buy,226651986
2024-07-26 10:46:08,125000.0,100,Buy,226652364
2024-07-26 10:46:12,125000.0,700,Buy,226652410
2024-07-26 10:46:12,125000.0,700,Buy,226652406
2024-07-26 10:46:13,125000.0,100,Buy,226652439
2024-07-26 10:46:39,125000.0,500,Buy,226652723
2024-07-26 10:46:56,125000.0,100,Buy,226652966
2024-07-26 10:47:04,125000.0,100,Buy,226653049
2024-07-26 10:47:25,125000.0,100,Buy,226653313
2024-07-26 10:47:47,125000.0,500,Buy,226653684
2024-07-26 10:47:51,125000.0,700,Buy,226653743
2024-07-26 10:48:14,125000.0,1000,Buy,226654057
2024-07-26 10:48:15,125000.0,100,Buy,226654071
2024-07-26 10:48:15,125000.0,100,Buy,226654073
2024-07-26 10:48:24,125000.0,100,Buy,226654258
2024-07-26 10:48:36,125000.0,1000,Buy,226654485
2024-07-26 10:48:37,125000.0,500,Buy,226654498
2024-07-26 10:48:37,125000.0,100,Buy,226654513
2024-07-26 10:48:43,125000.0,100,Buy,226654604
2024-07-26 10:48:57,125000.0,500,Buy,226654791
2024-07-26 10:49:23,125000.0,100,Buy,226655170
2024-07-26 10:49:29,125000.0,700,Buy,226655277
2024-07-26 10:49:30,125000.0,100,Buy,226655291
2024-07-26 10:49:30,125000.0,700,Buy,226655282
2024-07-26 10:49:57,125000.0,100,Buy,226655771
2024-07-26 10:50:05,125000.0,500,Buy,226655938
2024-07-26 10:50:34,124900.0,400,Sell,226656435
2024-07-26 10:50:34,124900.0,600,Sell,226656436
2024-07-26 10:50:35,125000.0,1000,Buy,226656444
2024-07-26 10:50:36,125000.0,100,Buy,226656452
2024-07-26 10:50:47,125000.0,5000,Buy,226656612
2024-07-26 10:50:48,125000.0,500,Buy,226656624
2024-07-26 10:50:52,125000.0,7000,Buy,226656679
2024-07-26 10:50:54,125000.0,200,Buy,226656695
2024-07-26 10:50:54,125000.0,100,Buy,226656696
2024-07-26 10:50:54,125000.0,400,Buy,226656697
2024-07-26 10:50:56,125000.0,2000,Buy,226656719
2024-07-26 10:50:57,125000.0,200,Buy,226656738
2024-07-26 10:50:59,125000.0,100,Buy,226656771
2024-07-26 10:50:59,125000.0,100,Buy,226656770
2024-07-26 10:50:59,125000.0,2000,Buy,226656769
2024-07-26 10:50:59,125000.0,100,Buy,226656768
2024-07-26 10:50:59,125000.0,100,Buy,226656767
2024-07-26 10:50:59,125000.0,100,Buy,226656766
2024-07-26 10:50:59,125000.0,7500,Buy,226656765
2024-07-26 10:51:00,125000.0,200,Buy,226656793
2024-07-26 10:51:00,125000.0,800,Buy,226656794
2024-07-26 10:51:01,125000.0,100,Buy,226656803
2024-07-26 10:51:02,125000.0,100,Buy,226656818
2024-07-26 10:51:02,125000.0,1100,Buy,226656819
2024-07-26 10:51:02,125000.0,900,Buy,226656820
2024-07-26 10:51:03,125000.0,200,Buy,226656847
2024-07-26 10:51:03,125000.0,100,Buy,226656848
2024-07-26 10:51:04,125000.0,3800,Buy,226656853
2024-07-26 10:51:04,125000.0,100,Buy,226656854
2024-07-26 10:51:04,125000.0,2100,Buy,226656855
2024-07-26 10:51:04,125000.0,100,Buy,226656856
2024-07-26 10:51:04,125000.0,100,Buy,226656860
2024-07-26 10:51:04,125000.0,2200,Buy,226656858
2024-07-26 10:51:04,125000.0,100,Buy,226656857
2024-07-26 10:51:05,125000.0,800,Buy,226656871
2024-07-26 10:51:06,125000.0,17000,Buy,226656885
2024-07-26 10:51:06,125000.0,200,Buy,226656876
2024-07-26 10:51:07,125000.0,1700,Buy,226656915
2024-07-26 10:51:07,125000.0,4000,Buy,226656921
2024-07-26 10:51:08,125000.0,500,Buy,226656929
2024-07-26 10:51:10,125000.0,4000,Buy,226656957
2024-07-26 10:51:10,124900.0,400,Sell,226656971
2024-07-26 10:51:11,125000.0,200,Buy,226656999
2024-07-26 10:51:11,125000.0,100,Buy,226656997
2024-07-26 10:51:11,125000.0,100,Buy,226656998
2024-07-26 10:51:11,125000.0,1000,Buy,226657000
2024-07-26 10:51:11,125000.0,200,Buy,226656991
2024-07-26 10:51:11,125000.0,100,Buy,226657002
2024-07-26 10:51:11,125000.0,300,Buy,226657003
2024-07-26 10:51:11,125000.0,400,Buy,226657004
2024-07-26 10:51:11,125000.0,2100,Buy,226656996
2024-07-26 10:51:11,125000.0,100,Buy,226657001
2024-07-26 10:51:11,125000.0,100,Buy,226656995
2024-07-26 10:51:11,125000.0,100,Buy,226656988
2024-07-26 10:51:11,125000.0,300,Buy,226656993
2024-07-26 10:51:11,125000.0,100,Buy,226656992
2024-07-26 10:51:11,125000.0,200,Buy,226656990
2024-07-26 10:51:11,125000.0,100,Buy,226656989
2024-07-26 10:51:11,125000.0,400,Buy,226656982
2024-07-26 10:51:11,125000.0,100,Buy,226656987
2024-07-26 10:51:11,125000.0,100,Buy,226656986
2024-07-26 10:51:11,125000.0,100,Buy,226656985
2024-07-26 10:51:11,125000.0,100,Buy,226656984
2024-07-26 10:51:11,125000.0,1100,Buy,226656983
2024-07-26 10:51:11,125000.0,1000,Buy,226656994
2024-07-26 10:51:12,125000.0,800,Buy,226657017
2024-07-26 10:51:13,125000.0,100,Buy,226657028
2024-07-26 10:51:13,125000.0,1800,Buy,226657027
2024-07-26 10:51:13,125000.0,200,Buy,226657025
2024-07-26 10:51:13,125000.0,500,Buy,226657024
2024-07-26 10:51:13,125000.0,900,Buy,226657023
2024-07-26 10:51:13,125000.0,600,Buy,226657026
2024-07-26 10:51:14,125000.0,400,Buy,226657043
2024-07-26 10:51:15,125000.0,500,Buy,226657049
2024-07-26 10:51:16,125000.0,200,Buy,226657066
2024-07-26 10:51:18,125000.0,100,Buy,226657099
2024-07-26 10:51:19,125000.0,100,Buy,226657102
2024-07-26 10:51:21,125000.0,100,Buy,226657116
2024-07-26 10:51:25,125000.0,200,Buy,226657186
2024-07-26 10:51:25,125000.0,200,Buy,226657185
2024-07-26 10:51:25,125000.0,100,Buy,226657187
2024-07-26 10:51:25,125000.0,100,Buy,226657184
2024-07-26 10:51:25,125000.0,18200,Buy,226657189
2024-07-26 10:51:25,125000.0,1000,Buy,226657196
2024-07-26 10:51:25,125000.0,400,Buy,226657183
2024-07-26 10:51:25,125000.0,300,Buy,226657188
2024-07-26 10:51:25,125000.0,400,Buy,226657182
2024-07-26 10:51:25,125000.0,300,Buy,226657177
2024-07-26 10:51:25,125000.0,100,Buy,226657180
2024-07-26 10:51:25,125000.0,100,Buy,226657172
2024-07-26 10:51:25,125000.0,200,Buy,226657173
2024-07-26 10:51:25,125000.0,100,Buy,226657174
2024-07-26 10:51:25,125000.0,5000,Buy,226657175
2024-07-26 10:51:25,125000.0,100,Buy,226657181
2024-07-26 10:51:25,125000.0,3900,Buy,226657171
2024-07-26 10:51:25,125000.0,100,Buy,226657178
2024-07-26 10:51:25,125000.0,100,Buy,226657179
2024-07-26 10:51:25,125000.0,100,Buy,226657176
2024-07-26 10:51:26,125000.0,800,Buy,226657203
2024-07-26 10:51:26,125000.0,1200,Buy,226657204
2024-07-26 10:51:26,125000.0,600,Buy,226657208
2024-07-26 10:51:34,125000.0,400,Sell,226657338
2024-07-26 10:51:34,125000.0,200,Sell,226657339
2024-07-26 10:51:34,125000.0,3000,Sell,226657340
2024-07-26 10:51:34,125000.0,1400,Sell,226657341
2024-07-26 10:51:42,125000.0,100,Sell,226657453
2024-07-26 10:51:44,125000.0,2000,Sell,226657497
2024-07-26 10:51:44,125000.0,500,Sell,226657499
2024-07-26 10:51:44,125000.0,1500,Sell,226657500
2024-07-26 10:51:44,125000.0,200,Sell,226657496
2024-07-26 10:51:44,125000.0,800,Sell,226657498
2024-07-26 10:51:50,125000.0,2500,Sell,226657594
2024-07-26 10:51:50,125000.0,500,Sell,226657595
2024-07-26 10:51:50,125000.0,2000,Sell,226657596
2024-07-26 10:51:53,125000.0,500,Sell,226657653
2024-07-26 10:52:23,125000.0,100,Buy,226658170
2024-07-26 10:52:23,125000.0,500,Buy,226658175
2024-07-26 10:52:48,125000.0,500,Buy,226658432
2024-07-26 10:52:48,125000.0,200,Buy,226658433
2024-07-26 10:52:48,125000.0,700,Buy,226658436
2024-07-26 10:52:49,125000.0,100,Buy,226658448
2024-07-26 10:52:59,125000.0,200,Buy,226658589
2024-07-26 10:53:08,125000.0,1000,Buy,226658752
2024-07-26 10:53:09,125000.0,100,Buy,226658761
2024-07-26 10:53:13,125000.0,300,Buy,226658833
2024-07-26 10:53:19,125000.0,200,Buy,226658899
2024-07-26 10:53:29,125000.0,300,Buy,226659035
2024-07-26 10:53:33,125000.0,500,Buy,226659062
2024-07-26 10:53:35,125000.0,1700,Buy,226659102
2024-07-26 10:53:36,125000.0,100,Buy,226659118
2024-07-26 10:53:38,125000.0,100,Buy,226659145
2024-07-26 10:53:47,124900.0,1000,Sell,226659259
2024-07-26 10:53:47,124900.0,2000,Sell,226659258
2024-07-26 10:53:47,124900.0,100,Sell,226659257
2024-07-26 10:53:47,124900.0,100,Sell,226659260
2024-07-26 10:53:47,124900.0,200,Sell,226659255
2024-07-26 10:53:47,124900.0,100,Sell,226659254
2024-07-26 10:53:47,124900.0,300,Sell,226659253
2024-07-26 10:53:47,124900.0,200,Sell,226659256
2024-07-26 10:54:06,124900.0,100,Sell,226659546
2024-07-26 10:54:06,124900.0,300,Sell,226659547
2024-07-26 10:54:12,124900.0,200,Sell,226659609
2024-07-26 10:54:47,124900.0,100,Sell,226660087
2024-07-26 10:54:47,124900.0,100,Sell,226660086
2024-07-26 10:54:47,124900.0,100,Sell,226660085
2024-07-26 10:54:47,124900.0,100,Sell,226660084
2024-07-26 10:54:47,124900.0,500,Sell,226660080
2024-07-26 10:54:47,124900.0,600,Sell,226660082
2024-07-26 10:54:47,124900.0,100,Sell,226660081
2024-07-26 10:54:47,124900.0,500,Sell,226660079
2024-07-26 10:54:47,124900.0,100,Sell,226660088
2024-07-26 10:54:47,124900.0,1000,Sell,226660083
2024-07-26 10:54:47,124900.0,600,Sell,226660089
2024-07-26 10:54:47,124900.0,1000,Sell,226660078
2024-07-26 10:54:47,124900.0,600,Sell,226660091
2024-07-26 10:54:47,124900.0,100,Sell,226660092
2024-07-26 10:54:47,124900.0,400,Sell,226660093
2024-07-26 10:54:47,124900.0,100,Sell,226660094
2024-07-26 10:54:47,124900.0,200,Sell,226660095
2024-07-26 10:54:47,124900.0,100,Sell,226660096
2024-07-26 10:54:47,124900.0,700,Sell,226660097
2024-07-26 10:54:47,124900.0,100,Sell,226660098
2024-07-26 10:54:47,124900.0,500,Sell,226660099
2024-07-26 10:54:47,124800.0,100,Sell,226660100
2024-07-26 10:54:47,124800.0,100,Sell,226660101
2024-07-26 10:54:47,124900.0,100,Sell,226660090
2024-07-26 10:54:47,124900.0,100,Sell,226660077
2024-07-26 10:54:47,124900.0,1000,Sell,226660074
2024-07-26 10:54:47,124900.0,100,Sell,226660075
2024-07-26 10:54:47,124900.0,100,Sell,226660051
2024-07-26 10:54:47,124900.0,400,Sell,226660052
2024-07-26 10:54:47,124900.0,2000,Sell,226660053
2024-07-26 10:54:47,124900.0,100,Sell,226660054
2024-07-26 10:54:47,124900.0,1000,Sell,226660055
2024-07-26 10:54:47,124900.0,1000,Sell,226660056
2024-07-26 10:54:47,124900.0,100,Sell,226660057
2024-07-26 10:54:47,124900.0,100,Sell,226660059
2024-07-26 10:54:47,124900.0,500,Sell,226660060
2024-07-26 10:54:47,124900.0,400,Sell,226660061
2024-07-26 10:54:47,124900.0,5000,Sell,226660062
2024-07-26 10:54:47,124900.0,100,Sell,226660058
2024-07-26 10:54:47,124900.0,200,Sell,226660064
2024-07-26 10:54:47,124900.0,100,Sell,226660050
2024-07-26 10:54:47,124900.0,500,Sell,226660063
2024-07-26 10:54:47,124900.0,500,Sell,226660072
2024-07-26 10:54:47,124900.0,300,Sell,226660071
2024-07-26 10:54:47,124900.0,100,Sell,226660070
2024-07-26 10:54:47,124900.0,100,Sell,226660073
2024-07-26 10:54:47,124900.0,1000,Sell,226660068
2024-07-26 10:54:47,124900.0,200,Sell,226660067
2024-07-26 10:54:47,124900.0,100,Sell,226660066
2024-07-26 10:54:47,124900.0,500,Sell,226660065
2024-07-26 10:54:47,124900.0,500,Sell,226660069
2024-07-26 10:54:47,124900.0,100,Sell,226660076
2024-07-26 10:54:52,124900.0,200,Buy,226660173
2024-07-26 10:55:11,124900.0,100,Buy,226660392
2024-07-26 10:55:35,124900.0,200,Buy,226660692
2024-07-26 10:55:36,124900.0,100,Buy,226660737
2024-07-26 10:55:44,124900.0,200,Buy,226660847
2024-07-26 10:55:51,124900.0,500,Buy,226660946
2024-07-26 10:56:07,124900.0,300,Buy,226661207
2024-07-26 10:56:13,124900.0,100,Buy,226661279
2024-07-26 10:56:21,124800.0,500,Sell,226661382
2024-07-26 10:56:54,124900.0,100,Buy,226661778
2024-07-26 10:56:59,124900.0,500,Buy,226661847
2024-07-26 10:57:05,124900.0,100,Buy,226661904
2024-07-26 10:57:19,124800.0,200,Sell,226662019
2024-07-26 10:57:20,124800.0,200,Sell,226662046
2024-07-26 10:57:20,124800.0,600,Sell,226662044
2024-07-26 10:57:20,124800.0,1000,Sell,226662043
2024-07-26 10:57:20,124800.0,100,Sell,226662042
2024-07-26 10:57:20,124800.0,1000,Sell,226662041
2024-07-26 10:57:20,124800.0,100,Sell,226662040
2024-07-26 10:57:20,124800.0,1000,Sell,226662039
2024-07-26 10:57:20,124800.0,100,Sell,226662045
2024-07-26 10:57:20,124800.0,100,Sell,226662037
2024-07-26 10:57:20,124800.0,500,Sell,226662036
2024-07-26 10:57:20,124800.0,200,Sell,226662035
2024-07-26 10:57:20,124800.0,500,Sell,226662034
2024-07-26 10:57:20,124800.0,200,Sell,226662033
2024-07-26 10:57:20,124800.0,100,Sell,226662032
2024-07-26 10:57:20,124800.0,200,Sell,226662031
2024-07-26 10:57:20,124800.0,200,Sell,226662038
2024-07-26 10:57:37,124800.0,100,Sell,226662263
2024-07-26 10:57:37,124800.0,1000,Sell,226662262
2024-07-26 10:57:37,124800.0,100,Sell,226662261
2024-07-26 10:57:37,124800.0,200,Sell,226662259
2024-07-26 10:57:37,124800.0,1000,Sell,226662258
2024-07-26 10:57:37,124800.0,100,Sell,226662257
2024-07-26 10:57:37,124800.0,1000,Sell,226662260
2024-07-26 10:57:45,124800.0,500,Sell,226662352
2024-07-26 10:57:46,124800.0,300,Sell,226662365
2024-07-26 10:57:46,124900.0,1000,Buy,226662372
2024-07-26 10:57:46,124800.0,600,Sell,226662370
2024-07-26 10:57:46,124800.0,200,Sell,226662368
2024-07-26 10:57:46,124800.0,100,Sell,226662367
2024-07-26 10:57:46,124800.0,100,Sell,226662366
2024-07-26 10:57:46,124800.0,100,Sell,226662364
2024-07-26 10:57:46,124800.0,100,Sell,226662369
2024-07-26 10:57:46,124800.0,3000,Sell,226662362
2024-07-26 10:57:46,124800.0,200,Sell,226662356
2024-07-26 10:57:46,124800.0,200,Sell,226662357
2024-07-26 10:57:46,124800.0,400,Sell,226662355
2024-07-26 10:57:46,124800.0,100,Sell,226662363
2024-07-26 10:57:46,124800.0,100,Sell,226662359
2024-07-26 10:57:46,124800.0,500,Sell,226662360
2024-07-26 10:57:46,124800.0,500,Sell,226662361
2024-07-26 10:57:46,124800.0,500,Sell,226662358
2024-07-26 10:57:47,124900.0,800,Buy,226662383
2024-07-26 10:57:54,124800.0,200,Sell,226662455
2024-07-26 10:57:57,124900.0,100,Buy,226662474
2024-07-26 10:58:05,124900.0,100,Buy,226662537
2024-07-26 10:58:09,124900.0,500,Buy,226662590
2024-07-26 10:58:11,124900.0,100,Buy,226662618
2024-07-26 10:58:15,124900.0,200,Buy,226662656
2024-07-26 10:58:57,124800.0,100,Sell,226663259
2024-07-26 10:59:01,124800.0,600,Sell,226663299
2024-07-26 10:59:01,124800.0,100,Sell,226663300
2024-07-26 10:59:01,124800.0,100,Sell,226663297
2024-07-26 10:59:01,124800.0,100,Sell,226663298
2024-07-26 10:59:01,124800.0,100,Sell,226663296
2024-07-26 10:59:14,124800.0,100,Sell,226663422
2024-07-26 10:59:14,124800.0,100,Sell,226663421
2024-07-26 10:59:14,124800.0,100,Sell,226663420
2024-07-26 10:59:16,124900.0,900,Buy,226663449
2024-07-26 10:59:16,124900.0,2100,Buy,226663450
2024-07-26 10:59:17,124900.0,300,Buy,226663456
2024-07-26 10:59:18,124900.0,500,Buy,226663461
2024-07-26 10:59:27,124800.0,1600,Sell,226663603
2024-07-26 10:59:27,124800.0,400,Sell,226663602
2024-07-26 10:59:29,124900.0,700,Buy,226663621
2024-07-26 10:59:29,124900.0,600,Buy,226663624
2024-07-26 10:59:29,124900.0,100,Buy,226663626
2024-07-26 10:59:30,124900.0,100,Buy,226663628
2024-07-26 10:59:39,124900.0,500,Buy,226663784
2024-07-26 10:59:48,124800.0,1000,Sell,226663916
2024-07-26 10:59:48,124800.0,100,Sell,226663915
2024-07-26 10:59:48,124800.0,100,Sell,226663914
2024-07-26 10:59:48,124800.0,100,Sell,226663913
2024-07-26 10:59:48,124800.0,100,Sell,226663912
2024-07-26 10:59:48,124800.0,200,Sell,226663910
2024-07-26 10:59:48,124800.0,100,Sell,226663909
2024-07-26 10:59:48,124800.0,400,Sell,226663905
2024-07-26 10:59:48,124800.0,200,Sell,226663906
2024-07-26 10:59:48,124800.0,500,Sell,226663911
2024-07-26 10:59:48,124800.0,100,Sell,226663908
2024-07-26 10:59:48,124800.0,100,Sell,226663907
2024-07-26 10:59:51,124800.0,200,Sell,226663939
2024-07-26 10:59:56,124800.0,300,Sell,226664015
2024-07-26 11:01:08,124800.0,1300,Sell,226664963
2024-07-26 11:01:54,124800.0,300,Sell,226665633
2024-07-26 11:02:23,124800.0,200,Sell,226666037
2024-07-26 11:02:25,124900.0,1100,Buy,226666090
2024-07-26 11:02:25,124900.0,1000,Buy,226666091
2024-07-26 11:02:26,124900.0,200,Buy,226666111
2024-07-26 11:02:35,124900.0,1000,Buy,226666210
2024-07-26 11:02:36,124900.0,100,Buy,226666211
2024-07-26 11:02:40,124900.0,600,Buy,226666254
2024-07-26 11:02:40,124900.0,600,Buy,226666259
2024-07-26 11:02:41,124800.0,900,Sell,226666264
2024-07-26 11:02:41,124900.0,100,Buy,226666262
2024-07-26 11:02:51,124800.0,400,Sell,226666368
2024-07-26 11:03:01,124800.0,300,Sell,226666548
2024-07-26 11:03:08,124800.0,500,Sell,226666681
2024-07-26 11:03:08,124800.0,1000,Sell,226666666
2024-07-26 11:03:08,124800.0,300,Sell,226666665
2024-07-26 11:03:08,124800.0,100,Sell,226666667
2024-07-26 11:03:08,124800.0,500,Sell,226666668
2024-07-26 11:03:08,124800.0,100,Sell,226666669
2024-07-26 11:03:08,124800.0,100,Sell,226666670
2024-07-26 11:03:08,124800.0,100,Sell,226666671
2024-07-26 11:03:08,124800.0,100,Sell,226666672
2024-07-26 11:03:08,124800.0,100,Sell,226666674
2024-07-26 11:03:08,124800.0,1000,Sell,226666675
2024-07-26 11:03:08,124800.0,100,Sell,226666676
2024-07-26 11:03:08,124800.0,100,Sell,226666677
2024-07-26 11:03:08,124800.0,100,Sell,226666678
2024-07-26 11:03:08,124800.0,600,Sell,226666679
2024-07-26 11:03:08,124800.0,100,Sell,226666680
2024-07-26 11:03:08,124800.0,500,Sell,226666673
2024-07-26 11:03:08,124800.0,100,Sell,226666664
2024-07-26 11:03:08,124800.0,100,Sell,226666660
2024-07-26 11:03:08,124800.0,1000,Sell,226666662
2024-07-26 11:03:08,124800.0,4800,Sell,226666645
2024-07-26 11:03:08,124800.0,2400,Sell,226666646
2024-07-26 11:03:08,124800.0,100,Sell,226666647
2024-07-26 11:03:08,124800.0,100,Sell,226666648
2024-07-26 11:03:08,124800.0,400,Sell,226666649
2024-07-26 11:03:08,124800.0,300,Sell,226666650
2024-07-26 11:03:08,124800.0,100,Sell,226666651
2024-07-26 11:03:08,124800.0,2000,Sell,226666652
2024-07-26 11:03:08,124800.0,200,Sell,226666663
2024-07-26 11:03:08,124800.0,5000,Sell,226666654
2024-07-26 11:03:08,124800.0,200,Sell,226666655
2024-07-26 11:03:08,124800.0,200,Sell,226666656
2024-07-26 11:03:08,124800.0,200,Sell,226666657
2024-07-26 11:03:08,124800.0,100,Sell,226666658
2024-07-26 11:03:08,124800.0,100,Sell,226666659
2024-07-26 11:03:08,124800.0,2000,Sell,226666661
2024-07-26 11:03:08,124800.0,100,Sell,226666653
2024-07-26 11:03:15,124800.0,1600,Sell,226666770
2024-07-26 11:03:23,124700.0,300,Sell,226666899
2024-07-26 11:03:23,124800.0,400,Sell,226666895
2024-07-26 11:03:23,124700.0,200,Sell,226666898
2024-07-26 11:03:23,124800.0,100,Sell,226666893
2024-07-26 11:03:23,124800.0,200,Sell,226666892
2024-07-26 11:03:23,124800.0,800,Sell,226666891
2024-07-26 11:03:23,124800.0,100,Sell,226666894
2024-07-26 11:03:24,124800.0,500,Buy,226666924
2024-07-26 11:03:43,124800.0,1000,Buy,226667262
2024-07-26 11:03:44,124800.0,100,Buy,226667274
2024-07-26 11:03:54,124800.0,500,Buy,226667425
2024-07-26 11:04:05,124800.0,1000,Buy,226667555
2024-07-26 11:04:06,124800.0,100,Buy,226667569
2024-07-26 11:04:09,124700.0,2000,Sell,226667620
2024-07-26 11:04:09,124700.0,200,Sell,226667624
2024-07-26 11:04:09,124700.0,200,Sell,226667623
2024-07-26 11:04:09,124700.0,100,Sell,226667622
2024-07-26 11:04:09,124700.0,100,Sell,226667619
2024-07-26 11:04:09,124700.0,100,Sell,226667621
2024-07-26 11:04:09,124700.0,1000,Sell,226667617
2024-07-26 11:04:09,124700.0,500,Sell,226667618
2024-07-26 11:04:09,124700.0,200,Sell,226667612
2024-07-26 11:04:09,124700.0,100,Sell,226667613
2024-07-26 11:04:09,124700.0,100,Sell,226667616
2024-07-26 11:04:09,124700.0,1000,Sell,226667615
2024-07-26 11:04:09,124700.0,200,Sell,226667614
2024-07-26 11:04:25,124700.0,100,Sell,226667854
2024-07-26 11:04:25,124700.0,100,Sell,226667855
2024-07-26 11:04:25,124700.0,100,Sell,226667856
2024-07-26 11:04:25,124700.0,100,Sell,226667857
2024-07-26 11:04:25,124700.0,200,Sell,226667858
2024-07-26 11:04:29,124700.0,700,Sell,226667958
2024-07-26 11:04:29,124700.0,600,Sell,226667957
2024-07-26 11:04:29,124700.0,200,Sell,226667956
2024-07-26 11:04:29,124700.0,100,Sell,226667955
2024-07-26 11:04:29,124700.0,100,Sell,226667954
2024-07-26 11:04:29,124700.0,100,Sell,226667953
2024-07-26 11:04:29,124700.0,100,Sell,226667950
2024-07-26 11:04:29,124700.0,100,Sell,226667949
2024-07-26 11:04:29,124700.0,100,Sell,226667948
2024-07-26 11:04:29,124700.0,100,Sell,226667945
2024-07-26 11:04:29,124700.0,100,Sell,226667946
2024-07-26 11:04:29,124700.0,100,Sell,226667944
2024-07-26 11:04:29,124700.0,100,Sell,226667943
2024-07-26 11:04:29,124700.0,100,Sell,226667941
2024-07-26 11:04:29,124700.0,100,Sell,226667940
2024-07-26 11:04:29,124700.0,100,Sell,226667939
2024-07-26 11:04:29,124700.0,100,Sell,226667938
2024-07-26 11:04:29,124700.0,900,Sell,226667937
2024-07-26 11:04:29,124700.0,100,Sell,226667947
2024-07-26 11:04:29,124700.0,100,Sell,226667942
2024-07-26 11:04:34,124700.0,100,Sell,226668004
2024-07-26 11:04:37,124700.0,200,Sell,226668066
2024-07-26 11:04:55,124600.0,100,Sell,226668304
2024-07-26 11:04:55,124700.0,100,Sell,226668303
2024-07-26 11:05:16,124600.0,100,Sell,226668561
2024-07-26 11:05:25,124600.0,200,Sell,226668669
2024-07-26 11:05:27,124600.0,100,Sell,226668687
2024-07-26 11:05:32,124600.0,100,Sell,226668745
2024-07-26 11:05:32,124600.0,100,Sell,226668746
2024-07-26 11:05:33,124600.0,300,Sell,226668757
2024-07-26 11:05:33,124600.0,700,Sell,226668758
2024-07-26 11:05:39,124600.0,100,Sell,226668884
2024-07-26 11:05:41,124500.0,2000,Sell,226668991
2024-07-26 11:05:41,124500.0,800,Sell,226668992
2024-07-26 11:05:41,124500.0,100,Sell,226668993
2024-07-26 11:05:41,124500.0,100,Sell,226668994
2024-07-26 11:05:41,124500.0,100,Sell,226668995
2024-07-26 11:05:41,124500.0,100,Sell,226669000
2024-07-26 11:05:41,124500.0,100,Sell,226668997
2024-07-26 11:05:41,124500.0,500,Sell,226668998
2024-07-26 11:05:41,124500.0,100,Sell,226668999
2024-07-26 11:05:41,124500.0,100,Sell,226668990
2024-07-26 11:05:41,124500.0,100,Sell,226669001
2024-07-26 11:05:41,124500.0,2000,Sell,226668996
2024-07-26 11:05:41,124500.0,700,Sell,226668989
2024-07-26 11:05:41,124500.0,100,Sell,226668985
2024-07-26 11:05:41,124500.0,100,Sell,226668987
2024-07-26 11:05:41,124500.0,400,Sell,226668986
2024-07-26 11:05:41,124500.0,500,Sell,226669002
2024-07-26 11:05:41,124500.0,500,Sell,226668984
2024-07-26 11:05:41,124500.0,100,Sell,226668983
2024-07-26 11:05:41,124500.0,200,Sell,226668982
2024-07-26 11:05:41,124500.0,400,Sell,226668981
2024-07-26 11:05:41,124500.0,100,Sell,226668980
2024-07-26 11:05:41,124500.0,500,Sell,226668979
2024-07-26 11:05:41,124500.0,500,Sell,226668978
2024-07-26 11:05:41,124500.0,100,Sell,226668977
2024-07-26 11:05:41,124500.0,100,Sell,226668976
2024-07-26 11:05:41,124500.0,4000,Sell,226668975
2024-07-26 11:05:41,124500.0,100,Sell,226668974
2024-07-26 11:05:41,124500.0,100,Sell,226668988
2024-07-26 11:05:41,124500.0,200,Sell,226669003
2024-07-26 11:05:41,124500.0,100,Sell,226669007
2024-07-26 11:05:41,124500.0,100,Sell,226669004
2024-07-26 11:05:41,124500.0,100,Sell,226669034
2024-07-26 11:05:41,124500.0,100,Sell,226669033
2024-07-26 11:05:41,124500.0,800,Sell,226669032
2024-07-26 11:05:41,124500.0,100,Sell,226669031
2024-07-26 11:05:41,124500.0,100,Sell,226669030
2024-07-26 11:05:41,124500.0,100,Sell,226669029
2024-07-26 11:05:41,124500.0,300,Sell,226669028
2024-07-26 11:05:41,124500.0,100,Sell,226669027
2024-07-26 11:05:41,124500.0,100,Sell,226669026
2024-07-26 11:05:41,124500.0,300,Sell,226669025
2024-07-26 11:05:41,124500.0,500,Sell,226669024
2024-07-26 11:05:41,124500.0,300,Sell,226669023
2024-07-26 11:05:41,124500.0,200,Sell,226669022
2024-07-26 11:05:41,124500.0,200,Sell,226669021
2024-07-26 11:05:41,124500.0,100,Sell,226669020
2024-07-26 11:05:41,124500.0,100,Sell,226669019
2024-07-26 11:05:41,124500.0,100,Sell,226669018
2024-07-26 11:05:41,124500.0,200,Sell,226669017
2024-07-26 11:05:41,124500.0,100,Sell,226669016
2024-07-26 11:05:41,124500.0,100,Sell,226669015
2024-07-26 11:05:41,124500.0,200,Sell,226669014
2024-07-26 11:05:41,124500.0,200,Sell,226669013
2024-07-26 11:05:41,124500.0,200,Sell,226669012
2024-07-26 11:05:41,124500.0,100,Sell,226669011
2024-07-26 11:05:41,124500.0,200,Sell,226669010
2024-07-26 11:05:41,124500.0,100,Sell,226669009
2024-07-26 11:05:41,124500.0,100,Sell,226669008
2024-07-26 11:05:41,124500.0,100,Sell,226669006
2024-07-26 11:05:41,124500.0,100,Sell,226669005
2024-07-26 11:05:41,124500.0,100,Sell,226668973
2024-07-26 11:05:41,124500.0,1000,Sell,226668972
2024-07-26 11:05:41,124600.0,200,Sell,226668939
2024-07-26 11:05:41,124500.0,4000,Sell,226668970
2024-07-26 11:05:41,124600.0,100,Sell,226668935
2024-07-26 11:05:41,124600.0,100,Sell,226668934
2024-07-26 11:05:41,124600.0,100,Sell,226668933
2024-07-26 11:05:41,124600.0,300,Sell,226668932
2024-07-26 11:05:41,124600.0,100,Sell,226668931
2024-07-26 11:05:41,124600.0,200,Sell,226668930
2024-07-26 11:05:41,124600.0,500,Sell,226668929
2024-07-26 11:05:41,124600.0,100,Sell,226668928
2024-07-26 11:05:41,124600.0,100,Sell,226668927
2024-07-26 11:05:41,124600.0,200,Sell,226668926
2024-07-26 11:05:41,124600.0,2000,Sell,226668925
2024-07-26 11:05:41,124600.0,400,Sell,226668924
2024-07-26 11:05:41,124600.0,100,Sell,226668923
2024-07-26 11:05:41,124600.0,300,Sell,226668936
2024-07-26 11:05:41,124600.0,200,Sell,226668922
2024-07-26 11:05:41,124600.0,200,Sell,226668920
2024-07-26 11:05:41,124600.0,200,Sell,226668919
2024-07-26 11:05:41,124600.0,400,Sell,226668918
2024-07-26 11:05:41,124600.0,700,Sell,226668917
2024-07-26 11:05:41,124600.0,100,Sell,226668916
2024-07-26 11:05:41,124600.0,1000,Sell,226668915
2024-07-26 11:05:41,124600.0,200,Sell,226668914
2024-07-26 11:05:41,124600.0,100,Sell,226668913
2024-07-26 11:05:41,124600.0,200,Sell,226668912
2024-07-26 11:05:41,124600.0,1000,Sell,226668911
2024-07-26 11:05:41,124600.0,500,Sell,226668910
2024-07-26 11:05:41,124600.0,100,Sell,226668909
2024-07-26 11:05:41,124600.0,200,Sell,226668908
2024-07-26 11:05:41,124600.0,1000,Sell,226668921
2024-07-26 11:05:41,124600.0,100,Sell,226668937
2024-07-26 11:05:41,124500.0,3000,Sell,226668971
2024-07-26 11:05:41,124600.0,100,Sell,226668940
2024-07-26 11:05:41,124500.0,200,Sell,226668969
2024-07-26 11:05:41,124500.0,300,Sell,226668968
2024-07-26 11:05:41,124500.0,100,Sell,226668967
2024-07-26 11:05:41,124500.0,100,Sell,226668966
2024-07-26 11:05:41,124500.0,200,Sell,226668965
2024-07-26 11:05:41,124500.0,100,Sell,226668964
2024-07-26 11:05:41,124500.0,100,Sell,226668963
2024-07-26 11:05:41,124500.0,100,Sell,226668962
2024-07-26 11:05:41,124500.0,200,Sell,226668961
2024-07-26 11:05:41,124500.0,100,Sell,226668960
2024-07-26 11:05:41,124500.0,200,Sell,226668959
2024-07-26 11:05:41,124500.0,100,Sell,226668958
2024-07-26 11:05:41,124500.0,500,Sell,226668956
2024-07-26 11:05:41,124500.0,5000,Sell,226668955
2024-07-26 11:05:41,124500.0,3000,Sell,226668957
2024-07-26 11:05:41,124500.0,100,Sell,226668953
2024-07-26 11:05:41,124600.0,200,Sell,226668941
2024-07-26 11:05:41,124600.0,500,Sell,226668942
2024-07-26 11:05:41,124600.0,1000,Sell,226668943
2024-07-26 11:05:41,124600.0,500,Sell,226668944
2024-07-26 11:05:41,124500.0,300,Sell,226668954
2024-07-26 11:05:41,124600.0,100,Sell,226668946
2024-07-26 11:05:41,124600.0,100,Sell,226668945
2024-07-26 11:05:41,124600.0,100,Sell,226668948
2024-07-26 11:05:41,124600.0,200,Sell,226668949
2024-07-26 11:05:41,124500.0,100,Sell,226668950
2024-07-26 11:05:41,124500.0,4000,Sell,226668951
2024-07-26 11:05:41,124500.0,1300,Sell,226668952
2024-07-26 11:05:41,124600.0,2000,Sell,226668947
2024-07-26 11:05:41,124600.0,500,Sell,226668938
2024-07-26 11:05:42,124500.0,6600,Buy,226669044
2024-07-26 11:05:43,124500.0,700,Buy,226669048
2024-07-26 11:05:50,124500.0,100,Buy,226669193
2024-07-26 11:05:54,124500.0,100,Buy,226669271
2024-07-26 11:05:59,124500.0,500,Buy,226669752
2024-07-26 11:06:10,124500.0,100,Buy,226669935
2024-07-26 11:06:13,124500.0,500,Buy,226669971
2024-07-26 11:06:13,124500.0,200,Buy,226669983
2024-07-26 11:06:32,124500.0,200,Buy,226670185
2024-07-26 11:06:36,124400.0,200,Sell,226670243
2024-07-26 11:06:37,124400.0,100,Sell,226670247
2024-07-26 11:06:37,124400.0,100,Sell,226670248
2024-07-26 11:06:37,124400.0,100,Sell,226670249
2024-07-26 11:06:37,124400.0,100,Sell,226670250
2024-07-26 11:06:37,124400.0,100,Sell,226670251
2024-07-26 11:06:37,124400.0,500,Sell,226670252
2024-07-26 11:06:37,124400.0,800,Sell,226670253
2024-07-26 11:06:51,124400.0,300,Sell,226670481
2024-07-26 11:07:03,124400.0,100,Sell,226670757
2024-07-26 11:07:08,124400.0,2000,Sell,226670992
2024-07-26 11:07:27,124400.0,200,Sell,226671347
2024-07-26 11:07:41,124400.0,100,Sell,226671609
2024-07-26 11:07:42,124500.0,200,Buy,226671611
2024-07-26 11:07:54,124500.0,100,Buy,226671816
2024-07-26 11:07:54,124500.0,100,Buy,226671821
2024-07-26 11:08:04,124500.0,100,Buy,226671945
2024-07-26 11:08:10,124500.0,100,Buy,226672043
2024-07-26 11:08:11,124500.0,200,Buy,226672051
2024-07-26 11:08:17,124500.0,100,Buy,226672129
2024-07-26 11:08:20,124500.0,600,Buy,226672140
2024-07-26 11:08:20,124500.0,300,Buy,226672141
2024-07-26 11:08:20,124500.0,100,Buy,226672142
2024-07-26 11:08:20,124500.0,100,Buy,226672148
2024-07-26 11:08:21,124500.0,100,Buy,226672151
2024-07-26 11:08:22,124500.0,100,Buy,226672162
2024-07-26 11:08:22,124500.0,200,Buy,226672165
2024-07-26 11:08:24,124500.0,400,Buy,226672200
2024-07-26 11:08:24,124500.0,400,Buy,226672198
2024-07-26 11:08:24,124500.0,200,Buy,226672199
2024-07-26 11:08:25,124500.0,100,Buy,226672203
2024-07-26 11:08:25,124500.0,500,Buy,226672201
2024-07-26 11:08:28,124500.0,100,Buy,226672229
2024-07-26 11:08:29,124500.0,500,Sell,226672235
2024-07-26 11:08:38,124600.0,500,Buy,226672405
2024-07-26 11:09:05,124600.0,100,Buy,226672971
2024-07-26 11:09:23,124500.0,400,Sell,226673240
2024-07-26 11:09:23,124500.0,400,Sell,226673242
2024-07-26 11:09:23,124500.0,500,Sell,226673241
2024-07-26 11:09:24,124600.0,100,Buy,226673248
2024-07-26 11:09:39,124600.0,500,Buy,226673500
2024-07-26 11:09:41,124600.0,100,Buy,226673505
2024-07-26 11:09:45,124600.0,100,Buy,226673571
2024-07-26 11:09:45,124600.0,400,Buy,226673578
2024-07-26 11:09:49,124600.0,100,Buy,226673641
2024-07-26 11:09:59,124500.0,200,Sell,226673804
2024-07-26 11:10:49,124500.0,100,Sell,226674462
2024-07-26 11:10:54,124500.0,300,Sell,226674518
2024-07-26 11:10:56,124600.0,2100,Buy,226674543
2024-07-26 11:10:56,124600.0,400,Buy,226674544
2024-07-26 11:10:56,124600.0,500,Buy,226674545
2024-07-26 11:10:56,124600.0,1000,Buy,226674546
2024-07-26 11:11:13,124700.0,600,Buy,226674735
2024-07-26 11:11:13,124700.0,700,Buy,226674736
2024-07-26 11:11:14,124700.0,700,Buy,226674739
2024-07-26 11:11:15,124700.0,100,Buy,226674745
2024-07-26 11:11:30,124700.0,600,Buy,226675007
2024-07-26 11:11:34,124700.0,1500,Sell,226675054
2024-07-26 11:11:37,124700.0,400,Sell,226675086
2024-07-26 11:11:50,124700.0,600,Sell,226675212
2024-07-26 11:11:50,124700.0,100,Sell,226675213
2024-07-26 11:11:52,124800.0,2100,Buy,226675275
2024-07-26 11:11:53,124800.0,200,Buy,226675284
2024-07-26 11:11:54,124800.0,5000,Buy,226675291
2024-07-26 11:11:55,124800.0,500,Buy,226675294
2024-07-26 11:11:58,124800.0,500,Buy,226675336
2024-07-26 11:12:18,124700.0,1000,Sell,226675563
2024-07-26 11:12:27,124700.0,100,Sell,226675645
2024-07-26 11:12:27,124700.0,100,Sell,226675646
2024-07-26 11:12:30,124700.0,100,Buy,226675701
2024-07-26 11:12:31,124600.0,200,Sell,226675707
2024-07-26 11:14:32,124600.0,300,Sell,226677202
2024-07-26 11:14:49,124600.0,9600,Sell,226677364
2024-07-26 11:14:57,124600.0,100,Sell,226677472
2024-07-26 11:15:03,124600.0,200,Sell,226677535
2024-07-26 11:15:17,124600.0,600,Sell,226677646
2024-07-26 11:15:17,124600.0,400,Sell,226677647
2024-07-26 11:15:17,124600.0,100,Sell,226677648
2024-07-26 11:15:17,124600.0,600,Sell,226677649
2024-07-26 11:15:17,124600.0,200,Sell,226677650
2024-07-26 11:15:24,124600.0,500,Sell,226677747
2024-07-26 11:15:24,124600.0,200,Sell,226677746
2024-07-26 11:15:24,124600.0,400,Sell,226677744
2024-07-26 11:15:24,124600.0,1000,Sell,226677745
2024-07-26 11:16:02,124600.0,100,Sell,226678176
2024-07-26 11:16:05,124700.0,300,Buy,226678184
2024-07-26 11:16:18,124700.0,700,Buy,226678315
2024-07-26 11:16:18,124700.0,700,Buy,226678326
2024-07-26 11:16:19,124700.0,100,Buy,226678331
2024-07-26 11:16:20,124700.0,100,Buy,226678364
2024-07-26 11:16:27,124700.0,200,Buy,226678420
2024-07-26 11:16:34,124600.0,1000,Sell,226678493
2024-07-26 11:17:19,124600.0,1800,Sell,226679036
2024-07-26 11:17:22,124600.0,100,Sell,226679074
2024-07-26 11:17:27,124600.0,400,Sell,226679160
2024-07-26 11:17:34,124600.0,200,Sell,226679276
2024-07-26 11:18:12,124700.0,300,Buy,226679684
2024-07-26 11:18:48,124700.0,200,Buy,226680108
2024-07-26 11:18:53,124700.0,500,Buy,226680140
2024-07-26 11:19:08,124700.0,100,Buy,226680299
2024-07-26 11:19:18,124700.0,100,Buy,226680386
2024-07-26 11:19:41,124700.0,100,Buy,226680613
2024-07-26 11:20:00,124700.0,200,Buy,226680816
2024-07-26 11:20:01,124700.0,2900,Buy,226680831
2024-07-26 11:20:01,124700.0,2000,Buy,226680832
2024-07-26 11:20:01,124700.0,5100,Buy,226680833
2024-07-26 11:20:01,124700.0,500,Buy,226680835
2024-07-26 11:20:02,124700.0,1100,Buy,226680840
2024-07-26 11:20:03,124700.0,100,Buy,226680852
2024-07-26 11:20:06,124600.0,200,Sell,226680889
2024-07-26 11:20:22,124600.0,300,Sell,226681043
2024-07-26 11:20:49,124600.0,200,Sell,226681344
2024-07-26 11:20:49,124600.0,500,Sell,226681343
2024-07-26 11:20:49,124600.0,1000,Sell,226681341
2024-07-26 11:20:49,124600.0,200,Sell,226681342
2024-07-26 11:20:49,124600.0,500,Sell,226681339
2024-07-26 11:20:49,124600.0,300,Sell,226681338
2024-07-26 11:20:49,124600.0,500,Sell,226681337
2024-07-26 11:20:49,124600.0,400,Sell,226681336
2024-07-26 11:20:49,124600.0,100,Sell,226681340
2024-07-26 11:20:50,124600.0,500,Sell,226681362
2024-07-26 11:20:50,124600.0,500,Sell,226681363
2024-07-26 11:20:50,124600.0,100,Sell,226681364
2024-07-26 11:20:50,124600.0,2000,Sell,226681361
2024-07-26 11:20:50,124600.0,100,Sell,226681365
2024-07-26 11:20:50,124600.0,700,Sell,226681366
2024-07-26 11:20:50,124600.0,100,Sell,226681368
2024-07-26 11:20:50,124600.0,1000,Sell,226681370
2024-07-26 11:20:50,124600.0,800,Sell,226681371
2024-07-26 11:20:50,124600.0,100,Sell,226681372
2024-07-26 11:20:50,124600.0,100,Sell,226681373
2024-07-26 11:20:50,124600.0,1100,Sell,226681374
2024-07-26 11:20:50,124600.0,200,Sell,226681367
2024-07-26 11:20:50,124600.0,100,Sell,226681360
2024-07-26 11:20:50,124600.0,500,Sell,226681354
2024-07-26 11:20:50,124600.0,100,Sell,226681358
2024-07-26 11:20:50,124600.0,500,Sell,226681345
2024-07-26 11:20:50,124600.0,1500,Sell,226681346
2024-07-26 11:20:50,124600.0,600,Sell,226681347
2024-07-26 11:20:50,124600.0,500,Sell,226681348
2024-07-26 11:20:50,124600.0,100,Sell,226681349
2024-07-26 11:20:50,124600.0,300,Sell,226681350
2024-07-26 11:20:50,124600.0,200,Sell,226681359
2024-07-26 11:20:50,124600.0,100,Sell,226681352
2024-07-26 11:20:50,124600.0,100,Sell,226681353
2024-07-26 11:20:50,124600.0,100,Sell,226681355
2024-07-26 11:20:50,124600.0,700,Sell,226681356
2024-07-26 11:20:50,124600.0,200,Sell,226681357
2024-07-26 11:20:50,124600.0,200,Sell,226681351
2024-07-26 11:22:38,124600.0,200,Sell,226682587
2024-07-26 11:23:16,124600.0,1500,Sell,226682979
2024-07-26 11:23:17,124600.0,300,Sell,226682983
2024-07-26 11:23:17,124600.0,100,Sell,226682982
2024-07-26 11:23:42,124600.0,1500,Sell,226683266
2024-07-26 11:23:48,124600.0,300,Sell,226683319
2024-07-26 11:23:48,124600.0,600,Sell,226683320
2024-07-26 11:23:48,124600.0,100,Sell,226683321
2024-07-26 11:23:48,124600.0,500,Sell,226683322
2024-07-26 11:23:48,124600.0,500,Sell,226683317
2024-07-26 11:23:53,124700.0,100,Buy,226683364
2024-07-26 11:24:27,124700.0,1000,Buy,226683677
2024-07-26 11:24:28,124700.0,100,Buy,226683687
2024-07-26 11:24:37,124700.0,500,Buy,226683788
2024-07-26 11:24:39,124700.0,100,Buy,226683800
2024-07-26 11:24:59,124700.0,300,Buy,226683945
2024-07-26 11:25:10,124600.0,200,Sell,226684044
2024-07-26 11:25:24,124700.0,100,Buy,226684168
2024-07-26 11:25:24,124700.0,200,Buy,226684169
2024-07-26 11:25:24,124700.0,700,Buy,226684167
2024-07-26 11:25:25,124700.0,100,Buy,226684171
2024-07-26 11:26:09,124700.0,100,Buy,226684838
2024-07-26 11:26:18,124700.0,100,Buy,226684934
2024-07-26 11:26:36,124700.0,500,Buy,226685190
2024-07-26 11:26:36,124700.0,200,Buy,226685191
2024-07-26 11:26:38,124700.0,700,Buy,226685205
2024-07-26 11:26:44,124700.0,200,Buy,226685276
2024-07-26 11:27:18,124700.0,100,Buy,226685694
2024-07-26 11:27:30,124600.0,400,Sell,226685853
2024-07-26 11:27:37,124600.0,400,Sell,226685912
2024-07-26 11:27:37,124600.0,100,Sell,226685913
2024-07-26 11:27:41,124600.0,500,Sell,226685951
2024-07-26 11:27:42,124600.0,200,Sell,226685957
2024-07-26 11:28:06,124700.0,700,Buy,226686257
2024-07-26 11:28:19,124700.0,200,Buy,226686442
2024-07-26 11:28:24,124700.0,100,Buy,226686502
2024-07-26 11:28:29,124600.0,100,Sell,226686551
2024-07-26 11:28:30,124700.0,400,Buy,226686557
2024-07-26 11:28:48,124700.0,200,Buy,226686758
2024-07-26 11:28:50,124700.0,1000,Buy,226686905
2024-07-26 11:28:51,124700.0,100,Buy,226686910
2024-07-26 11:29:04,124700.0,200,Buy,226687105
2024-07-26 11:29:23,124700.0,100,Buy,226687374
2024-07-26 12:59:37,124700.0,100,Buy,226687708
2024-07-26 12:59:37,124700.0,300,Buy,226687707
2024-07-26 12:59:37,124600.0,200,Sell,226687705
2024-07-26 12:59:37,124600.0,100,Sell,226687706
2024-07-26 12:59:37,124600.0,100,Sell,226687703
2024-07-26 12:59:37,124600.0,400,Sell,226687701
2024-07-26 12:59:37,124600.0,100,Sell,226687704
2024-07-26 12:59:37,124600.0,100,Sell,226687702
2024-07-26 12:59:38,124700.0,100,Buy,226687845
2024-07-26 12:59:38,124700.0,100,Buy,226687846
2024-07-26 12:59:38,124700.0,2000,Buy,226687847
2024-07-26 12:59:38,124700.0,400,Buy,226687848
2024-07-26 12:59:39,124700.0,200,Buy,226688484
2024-07-26 12:59:40,124600.0,300,Sell,226688801
2024-07-26 12:59:40,124600.0,100,Sell,226688802
2024-07-26 12:59:40,124600.0,100,Sell,226688803
2024-07-26 12:59:42,124700.0,100,Buy,226689444
2024-07-26 12:59:42,124700.0,100,Buy,226689443
2024-07-26 12:59:42,124700.0,200,Buy,226689445
2024-07-26 12:59:42,124700.0,100,Buy,226689161
2024-07-26 12:59:42,124700.0,100,Buy,226689160
2024-07-26 12:59:42,124700.0,200,Buy,226689162
2024-07-26 12:59:43,124700.0,500,Buy,226689581
2024-07-26 12:59:43,124700.0,100,Buy,226689582
2024-07-26 12:59:43,124700.0,300,Buy,226689583
2024-07-26 12:59:43,124700.0,500,Buy,226689584
2024-07-26 12:59:43,124700.0,900,Buy,226689585
2024-07-26 12:59:43,124700.0,500,Buy,226689586
2024-07-26 12:59:43,124700.0,200,Buy,226689587
2024-07-26 12:59:44,124700.0,400,Buy,226689910
2024-07-26 12:59:44,124700.0,100,Buy,226689912
2024-07-26 12:59:45,124600.0,100,Sell,226690245
2024-07-26 12:59:45,124600.0,700,Sell,226690248
2024-07-26 12:59:45,124600.0,100,Sell,226690247
2024-07-26 12:59:45,124600.0,500,Sell,226690244
2024-07-26 12:59:45,124600.0,200,Sell,226690246
2024-07-26 12:59:45,124600.0,100,Sell,226690242
2024-07-26 12:59:45,124700.0,100,Buy,226690142
2024-07-26 12:59:45,124600.0,900,Sell,226690241
2024-07-26 12:59:45,124700.0,100,Buy,226690217
2024-07-26 12:59:45,124600.0,200,Sell,226690243
2024-07-26 12:59:46,124700.0,200,Buy,226690324
2024-07-26 12:59:47,124700.0,200,Buy,226690479
2024-07-26 12:59:47,124700.0,300,Buy,226690549
2024-07-26 12:59:48,124600.0,100,Sell,226690628
2024-07-26 12:59:48,124700.0,100,Buy,226690726
2024-07-26 12:59:50,124600.0,400,Sell,226691031
2024-07-26 12:59:50,124600.0,500,Sell,226691029
2024-07-26 12:59:50,124600.0,1000,Sell,226691028
2024-07-26 12:59:50,124600.0,1000,Sell,226691030
2024-07-26 12:59:50,124600.0,200,Sell,226691026
2024-07-26 12:59:50,124600.0,700,Sell,226691025
2024-07-26 12:59:50,124700.0,100,Buy,226691024
2024-07-26 12:59:50,124600.0,100,Sell,226691027
2024-07-26 12:59:51,124600.0,400,Sell,226691122
2024-07-26 12:59:51,124600.0,200,Sell,226691121
2024-07-26 12:59:51,124600.0,100,Sell,226691120
2024-07-26 12:59:51,124600.0,200,Sell,226691119
2024-07-26 12:59:51,124600.0,200,Sell,226691118
2024-07-26 12:59:51,124600.0,100,Sell,226691117
2024-07-26 12:59:51,124600.0,200,Sell,226691115
2024-07-26 12:59:51,124600.0,400,Sell,226691114
2024-07-26 12:59:51,124600.0,100,Sell,226691113
2024-07-26 12:59:51,124700.0,300,Buy,226691112
2024-07-26 12:59:51,124600.0,100,Sell,226691116
2024-07-26 12:59:52,124600.0,700,Sell,226691174
2024-07-26 12:59:52,124600.0,100,Sell,226691175
2024-07-26 12:59:52,124600.0,100,Sell,226691173
2024-07-26 12:59:52,124600.0,100,Buy,226691219
2024-07-26 12:59:52,124600.0,100,Sell,226691171
2024-07-26 12:59:52,124600.0,500,Sell,226691170
2024-07-26 12:59:52,124600.0,100,Sell,226691172
2024-07-26 12:59:52,124600.0,100,Sell,226691169
2024-07-26 12:59:53,124600.0,200,Buy,226691413
2024-07-26 12:59:53,124600.0,100,Buy,226691307
2024-07-26 12:59:53,124600.0,200,Buy,226691355
2024-07-26 12:59:54,124600.0,200,Buy,226691564
2024-07-26 12:59:57,124700.0,100,Buy,226691794
2024-07-26 12:59:59,124700.0,200,Buy,226691878
2024-07-26 13:00:01,124700.0,1000,Buy,226691885
2024-07-26 13:00:01,124700.0,400,Buy,226691886
2024-07-26 13:00:06,124700.0,100,Buy,226692154
2024-07-26 13:00:13,124600.0,200,Sell,226692315
2024-07-26 13:00:14,124600.0,400,Sell,226692344
2024-07-26 13:00:14,124600.0,100,Sell,226692348
2024-07-26 13:00:14,124600.0,100,Sell,226692349
