time,price,volume,match_type,id
2024-08-15 09:14:38,129100.0,16500,ATO/ATC,231691178
2024-08-15 09:14:40,129200.0,100,Sell,231691441
2024-08-15 09:16:03,129200.0,500,Sell,231692611
2024-08-15 09:16:03,129200.0,400,Sell,231692610
2024-08-15 09:16:03,129200.0,1500,Sell,231692612
2024-08-15 09:16:07,129200.0,1300,Sell,231692688
2024-08-15 09:16:24,129500.0,200,Buy,231692912
2024-08-15 09:16:24,129500.0,500,Sell,231692921
2024-08-15 09:16:24,129500.0,1000,Buy,231692916
2024-08-15 09:16:24,129500.0,200,Buy,231692911
2024-08-15 09:16:24,129500.0,100,Buy,231692914
2024-08-15 09:16:24,129500.0,100,Buy,231692915
2024-08-15 09:16:24,129500.0,500,Buy,231692913
2024-08-15 09:16:53,129500.0,100,Sell,231693329
2024-08-15 09:16:53,129500.0,400,Sell,231693327
2024-08-15 09:16:53,129500.0,400,Sell,231693328
2024-08-15 09:16:55,129500.0,100,Buy,231693351
2024-08-15 09:17:14,129400.0,500,Buy,231693785
2024-08-15 09:17:19,129400.0,100,Buy,231693908
2024-08-15 09:17:21,129300.0,100,Sell,231694013
2024-08-15 09:17:21,129300.0,200,Sell,231694015
2024-08-15 09:17:21,129200.0,1600,Sell,231694016
2024-08-15 09:17:22,129500.0,200,Buy,231694038
2024-08-15 09:17:22,129400.0,4500,Buy,231694035
2024-08-15 09:17:24,129500.0,1700,Sell,231694080
2024-08-15 09:17:29,129500.0,300,Sell,231694158
2024-08-15 09:17:46,129500.0,3300,Sell,231694586
2024-08-15 09:17:46,129500.0,900,Sell,231694587
2024-08-15 09:17:46,129500.0,300,Sell,231694588
2024-08-15 09:17:48,129500.0,900,Buy,231694619
2024-08-15 09:17:52,129500.0,100,Buy,231694670
2024-08-15 09:18:27,129500.0,100,Buy,231695291
2024-08-15 09:18:33,129300.0,100,Sell,231695374
2024-08-15 09:19:03,129300.0,200,Sell,231695937
2024-08-15 09:19:35,129300.0,300,Sell,231696514
2024-08-15 09:19:56,129200.0,600,Sell,231696908
2024-08-15 09:19:56,129200.0,100,Sell,231696915
2024-08-15 09:19:56,129200.0,400,Sell,231696914
2024-08-15 09:19:56,129200.0,300,Sell,231696913
2024-08-15 09:19:56,129300.0,100,Sell,231696907
2024-08-15 09:19:56,129200.0,100,Sell,231696911
2024-08-15 09:19:56,129200.0,100,Sell,231696910
2024-08-15 09:19:56,129200.0,100,Sell,231696909
2024-08-15 09:19:56,129200.0,100,Sell,231696912
2024-08-15 09:20:09,129300.0,100,Buy,231697222
2024-08-15 09:20:09,129200.0,100,Sell,231697224
2024-08-15 09:20:09,129200.0,100,Sell,231697225
2024-08-15 09:20:11,129200.0,200,Buy,231697266
2024-08-15 09:20:11,129200.0,300,Sell,231697257
2024-08-15 09:20:11,129200.0,1400,Sell,231697255
2024-08-15 09:20:11,129200.0,300,Sell,231697254
2024-08-15 09:20:11,129200.0,10000,Sell,231697256
2024-08-15 09:20:11,129200.0,100,Sell,231697251
2024-08-15 09:20:16,129300.0,1900,Sell,231697389
2024-08-15 09:20:23,129300.0,700,Sell,231697552
2024-08-15 09:20:34,129300.0,100,Sell,231697791
2024-08-15 09:20:34,129300.0,1400,Sell,231697789
2024-08-15 09:20:34,129300.0,300,Sell,231697790
2024-08-15 09:20:37,129300.0,100,Sell,231697836
2024-08-15 09:20:41,129300.0,200,Sell,231697889
2024-08-15 09:20:42,129300.0,100,Buy,231697913
2024-08-15 09:21:11,129300.0,100,Sell,231698475
2024-08-15 09:21:19,129300.0,200,Sell,231698637
2024-08-15 09:21:22,129300.0,1000,Sell,231698678
2024-08-15 09:21:38,129300.0,3600,Sell,231698973
2024-08-15 09:21:38,129300.0,100,Sell,231698974
2024-08-15 09:21:38,129300.0,200,Sell,231698975
2024-08-15 09:21:38,129300.0,100,Sell,231698976
2024-08-15 09:21:52,129400.0,100,Buy,231699245
2024-08-15 09:21:52,129300.0,300,Sell,231699250
2024-08-15 09:21:54,129300.0,100,Sell,231699280
2024-08-15 09:22:04,129300.0,200,Sell,231699432
2024-08-15 09:22:04,129300.0,400,Sell,231699431
2024-08-15 09:22:05,129300.0,100,Buy,231699454
2024-08-15 09:22:33,129200.0,2200,Sell,231699929
2024-08-15 09:22:33,129200.0,800,Sell,231699930
2024-08-15 09:22:33,129200.0,200,Sell,231699931
2024-08-15 09:22:33,129200.0,2800,Sell,231699932
2024-08-15 09:22:40,129200.0,200,Sell,231700047
2024-08-15 09:22:40,129200.0,1200,Sell,231700048
2024-08-15 09:22:42,129200.0,200,Buy,231700065
2024-08-15 09:22:46,129200.0,400,Buy,231700102
2024-08-15 09:22:50,129200.0,2400,Sell,231700136
2024-08-15 09:22:53,129200.0,200,Sell,231700178
2024-08-15 09:23:06,129200.0,100,Sell,231700348
2024-08-15 09:23:06,129200.0,100,Sell,231700357
2024-08-15 09:23:08,129200.0,200,Sell,231700387
2024-08-15 09:23:28,129200.0,100,Sell,231700736
2024-08-15 09:23:28,129200.0,300,Sell,231700737
2024-08-15 09:23:33,129300.0,100,Buy,231700805
2024-08-15 09:23:36,129200.0,100,Sell,231700842
2024-08-15 09:23:55,129200.0,9900,Sell,231701169
2024-08-15 09:23:55,129200.0,100,Sell,231701170
2024-08-15 09:24:01,129200.0,300,Sell,231701290
2024-08-15 09:24:01,129200.0,100,Sell,231701291
2024-08-15 09:24:05,129200.0,100,Sell,231701361
2024-08-15 09:24:06,129200.0,400,Sell,231701374
2024-08-15 09:24:29,129200.0,200,Sell,231701815
2024-08-15 09:24:47,129200.0,400,Sell,231702114
2024-08-15 09:24:49,129200.0,800,Sell,231702175
2024-08-15 09:24:49,129200.0,100,Sell,231702176
2024-08-15 09:24:49,129200.0,1000,Sell,231702177
2024-08-15 09:24:49,129200.0,100,Sell,231702178
2024-08-15 09:24:49,129200.0,2600,Sell,231702179
2024-08-15 09:24:52,129200.0,100,Sell,231702279
2024-08-15 09:25:06,129200.0,200,Sell,231702501
2024-08-15 09:25:12,129200.0,200,Sell,231702556
2024-08-15 09:25:12,129200.0,800,Sell,231702557
2024-08-15 09:25:29,129200.0,900,Sell,231702828
2024-08-15 09:25:29,129200.0,900,Sell,231702827
2024-08-15 09:25:29,129200.0,200,Sell,231702826
2024-08-15 09:25:55,129200.0,300,Sell,231703257
2024-08-15 09:26:02,129200.0,100,Sell,231703351
2024-08-15 09:26:02,129200.0,200,Buy,231703366
2024-08-15 09:26:02,129200.0,100,Sell,231703356
2024-08-15 09:26:02,129200.0,400,Sell,231703355
2024-08-15 09:26:02,129200.0,800,Sell,231703350
2024-08-15 09:26:02,129200.0,100,Sell,231703353
2024-08-15 09:26:02,129200.0,100,Sell,231703352
2024-08-15 09:26:02,129200.0,200,Sell,231703354
2024-08-15 09:26:04,129200.0,100,Sell,231703395
2024-08-15 09:26:09,129200.0,900,Buy,231703475
2024-08-15 09:26:12,129200.0,100,Sell,231703517
2024-08-15 09:26:40,129100.0,200,Sell,231703913
2024-08-15 09:26:50,129100.0,500,Sell,231704077
2024-08-15 09:26:52,129100.0,300,Sell,231704089
2024-08-15 09:27:26,129100.0,100,Sell,231704677
2024-08-15 09:27:26,129100.0,100,Sell,231704678
2024-08-15 09:27:26,129100.0,3300,Sell,231704679
2024-08-15 09:27:26,129100.0,100,Sell,231704680
2024-08-15 09:27:26,129100.0,4100,Sell,231704681
2024-08-15 09:27:26,129100.0,3100,Sell,231704676
2024-08-15 09:27:40,129100.0,2000,Sell,231704836
2024-08-15 09:27:51,129200.0,100,Buy,231704965
2024-08-15 09:28:01,129200.0,100,Sell,231705099
2024-08-15 09:28:01,129200.0,100,Sell,231705098
2024-08-15 09:28:08,129200.0,300,Buy,231705215
2024-08-15 09:28:19,129100.0,100,Sell,231705351
2024-08-15 09:28:50,129100.0,400,Sell,231705831
2024-08-15 09:28:52,129100.0,100,Sell,231705912
2024-08-15 09:28:52,129100.0,1000,Sell,231705911
2024-08-15 09:28:52,129100.0,200,Sell,231705910
2024-08-15 09:28:52,129100.0,300,Sell,231705909
2024-08-15 09:28:52,129100.0,400,Sell,231705908
2024-08-15 09:28:52,129100.0,100,Sell,231705907
2024-08-15 09:28:52,129100.0,2100,Sell,231705906
2024-08-15 09:28:52,129100.0,100,Sell,231705904
2024-08-15 09:28:52,129100.0,100,Sell,231705903
2024-08-15 09:28:52,129100.0,100,Sell,231705901
2024-08-15 09:28:52,129100.0,500,Sell,231705900
2024-08-15 09:28:52,129100.0,100,Sell,231705899
2024-08-15 09:28:52,129100.0,300,Sell,231705898
2024-08-15 09:28:52,129100.0,100,Sell,231705897
2024-08-15 09:28:52,129100.0,100,Sell,231705896
2024-08-15 09:28:52,129100.0,200,Sell,231705895
2024-08-15 09:28:52,129100.0,300,Sell,231705894
2024-08-15 09:28:52,129100.0,3400,Sell,231705893
2024-08-15 09:28:52,129100.0,100,Sell,231705902
2024-08-15 09:28:54,129100.0,400,Buy,231705918
2024-08-15 09:28:57,129100.0,200,Sell,231705956
2024-08-15 09:29:13,129100.0,1000,Sell,231706152
2024-08-15 09:29:13,129100.0,200,Sell,231706147
2024-08-15 09:29:41,129100.0,100,Sell,231706613
2024-08-15 09:29:41,129100.0,100,Sell,231706614
2024-08-15 09:29:41,129100.0,200,Sell,231706615
2024-08-15 09:29:41,129100.0,100,Sell,231706616
2024-08-15 09:29:41,129000.0,200,Sell,231706617
2024-08-15 09:29:42,129000.0,300,Sell,231706674
2024-08-15 09:29:42,129000.0,100,Sell,231706673
2024-08-15 09:29:42,129000.0,100,Sell,231706672
2024-08-15 09:29:42,129000.0,100,Sell,231706670
2024-08-15 09:29:42,129000.0,200,Sell,231706671
2024-08-15 09:29:42,129000.0,100,Sell,231706668
2024-08-15 09:29:42,129000.0,1300,Sell,231706667
2024-08-15 09:29:42,129000.0,500,Sell,231706666
2024-08-15 09:29:42,129000.0,100,Sell,231706665
2024-08-15 09:29:42,129000.0,100,Sell,231706669
2024-08-15 09:29:56,129100.0,800,Buy,231706883
2024-08-15 09:30:15,129200.0,200,Buy,231707163
2024-08-15 09:30:15,129200.0,100,Buy,231707164
2024-08-15 09:30:15,129200.0,100,Buy,231707165
2024-08-15 09:30:15,129200.0,100,Buy,231707166
2024-08-15 09:30:17,129100.0,100,Sell,231707243
2024-08-15 09:30:18,129200.0,100,Buy,231707267
2024-08-15 09:30:25,129100.0,100,Sell,231707381
2024-08-15 09:30:25,129100.0,600,Sell,231707382
2024-08-15 09:30:25,129100.0,1100,Sell,231707379
2024-08-15 09:30:25,129100.0,100,Sell,231707380
2024-08-15 09:30:34,129100.0,400,Sell,231707538
2024-08-15 09:30:34,129100.0,300,Sell,231707539
2024-08-15 09:30:36,129100.0,100,Buy,231707566
2024-08-15 09:30:44,129100.0,100,Buy,231707721
2024-08-15 09:30:44,129100.0,100,Buy,231707727
2024-08-15 09:30:55,129100.0,500,Sell,231707865
2024-08-15 09:30:55,129100.0,200,Sell,231707866
2024-08-15 09:31:21,129100.0,100,Sell,231708154
2024-08-15 09:31:36,129100.0,100,Sell,231708354
2024-08-15 09:31:43,129100.0,100,Buy,231708434
2024-08-15 09:32:24,129100.0,100,Buy,231709121
2024-08-15 09:32:48,129100.0,100,Buy,231709465
2024-08-15 09:33:17,129000.0,800,Sell,231709745
2024-08-15 09:33:17,129000.0,200,Sell,231709744
2024-08-15 09:33:19,129000.0,200,Sell,231709772
2024-08-15 09:33:19,129000.0,100,Sell,231709773
2024-08-15 09:33:19,129000.0,100,Sell,231709774
2024-08-15 09:33:19,129000.0,100,Sell,231709775
2024-08-15 09:33:19,129000.0,200,Sell,231709776
2024-08-15 09:33:38,129000.0,400,Sell,231709995
2024-08-15 09:33:38,129000.0,600,Sell,231709996
2024-08-15 09:33:47,129000.0,2400,Sell,231710132
2024-08-15 09:33:47,129000.0,1000,Sell,231710131
2024-08-15 09:33:47,129000.0,200,Sell,231710130
2024-08-15 09:33:47,129000.0,500,Sell,231710127
2024-08-15 09:33:47,129000.0,200,Sell,231710128
2024-08-15 09:33:47,129000.0,100,Sell,231710129
2024-08-15 09:33:47,129000.0,200,Sell,231710126
2024-08-15 09:33:47,129000.0,400,Sell,231710125
2024-08-15 09:33:50,129000.0,200,Sell,231710200
2024-08-15 09:33:52,129000.0,100,Sell,231710231
2024-08-15 09:33:52,129000.0,100,Sell,231710227
2024-08-15 09:33:55,129000.0,100,Sell,231710356
2024-08-15 09:33:55,129000.0,300,Sell,231710368
2024-08-15 09:33:55,129000.0,2200,Sell,231710354
2024-08-15 09:33:55,129000.0,200,Sell,231710365
2024-08-15 09:33:55,129000.0,100,Sell,231710364
2024-08-15 09:33:55,129000.0,100,Sell,231710363
2024-08-15 09:33:55,129000.0,200,Sell,231710367
2024-08-15 09:33:55,129000.0,100,Sell,231710361
2024-08-15 09:33:55,129000.0,100,Sell,231710360
2024-08-15 09:33:55,129000.0,100,Sell,231710359
2024-08-15 09:33:55,129000.0,500,Sell,231710358
2024-08-15 09:33:55,129000.0,100,Sell,231710357
2024-08-15 09:33:55,129000.0,800,Sell,231710362
2024-08-15 09:33:55,129000.0,100,Sell,231710366
2024-08-15 09:33:59,129000.0,700,Sell,231710419
2024-08-15 09:33:59,129000.0,1000,Sell,231710420
2024-08-15 09:33:59,129000.0,100,Sell,231710421
2024-08-15 09:33:59,129000.0,1000,Sell,231710422
2024-08-15 09:33:59,129000.0,500,Buy,231710432
2024-08-15 09:34:00,129000.0,100,Buy,231710438
2024-08-15 09:34:08,129000.0,100,Buy,231710600
2024-08-15 09:34:21,129000.0,100,Buy,231710812
2024-08-15 09:34:42,128900.0,500,Sell,231711079
2024-08-15 09:34:42,128900.0,100,Sell,231711078
2024-08-15 09:34:42,128900.0,400,Sell,231711077
2024-08-15 09:34:52,128900.0,200,Sell,231711298
2024-08-15 09:34:52,128900.0,500,Sell,231711297
2024-08-15 09:34:52,128900.0,200,Sell,231711294
2024-08-15 09:34:52,128900.0,100,Sell,231711295
2024-08-15 09:34:52,128900.0,100,Sell,231711296
2024-08-15 09:34:57,129000.0,100,Buy,231711390
2024-08-15 09:34:58,128900.0,200,Sell,231711412
2024-08-15 09:34:58,128900.0,100,Sell,231711413
2024-08-15 09:35:02,128900.0,100,Buy,231711482
2024-08-15 09:35:12,128900.0,100,Buy,231711638
2024-08-15 09:35:32,128800.0,300,Sell,231711963
2024-08-15 09:35:40,128800.0,200,Sell,231712093
2024-08-15 09:35:40,128800.0,1800,Sell,231712094
2024-08-15 09:35:50,128800.0,100,Sell,231712365
2024-08-15 09:35:58,128800.0,200,Sell,231712533
2024-08-15 09:36:01,128800.0,1000,Sell,231712638
2024-08-15 09:36:05,128800.0,1300,Sell,231712693
2024-08-15 09:36:05,128900.0,400,Buy,231712699
2024-08-15 09:36:07,128900.0,100,Buy,231712714
2024-08-15 09:36:07,128900.0,200,Buy,231712715
2024-08-15 09:36:07,128800.0,1000,Sell,231712723
2024-08-15 09:36:20,128800.0,2000,Sell,231712969
2024-08-15 09:36:24,128800.0,200,Sell,231713062
2024-08-15 09:36:29,128800.0,1500,Sell,231713172
2024-08-15 09:36:33,128800.0,500,Sell,231713235
2024-08-15 09:36:36,128900.0,100,Buy,231713277
2024-08-15 09:36:36,128900.0,600,Buy,231713267
2024-08-15 09:36:38,128800.0,400,Sell,231713331
2024-08-15 09:36:38,128800.0,100,Sell,231713330
2024-08-15 09:36:38,128800.0,200,Sell,231713329
2024-08-15 09:36:38,128800.0,200,Sell,231713328
2024-08-15 09:36:38,128800.0,300,Sell,231713327
2024-08-15 09:36:38,128800.0,100,Sell,231713324
2024-08-15 09:36:38,128800.0,200,Sell,231713326
2024-08-15 09:36:38,128800.0,200,Sell,231713322
2024-08-15 09:36:38,128800.0,200,Sell,231713321
2024-08-15 09:36:38,128800.0,100,Sell,231713320
2024-08-15 09:36:38,128800.0,100,Sell,231713319
2024-08-15 09:36:38,128800.0,100,Sell,231713318
2024-08-15 09:36:38,128800.0,300,Sell,231713317
2024-08-15 09:36:38,128800.0,100,Sell,231713300
2024-08-15 09:36:38,128800.0,100,Sell,231713323
2024-08-15 09:36:38,128800.0,400,Sell,231713325
2024-08-15 09:36:39,128800.0,100,Sell,231713332
2024-08-15 09:36:39,128800.0,300,Sell,231713333
2024-08-15 09:36:39,128800.0,100,Sell,231713334
2024-08-15 09:36:40,128800.0,500,Buy,231713363
2024-08-15 09:36:48,128800.0,100,Sell,231713514
2024-08-15 09:36:48,128800.0,100,Sell,231713513
2024-08-15 09:36:48,128800.0,200,Sell,231713512
2024-08-15 09:37:13,128800.0,100,Buy,231713941
2024-08-15 09:37:19,128800.0,100,Buy,231714051
2024-08-15 09:37:19,128800.0,100,Buy,231714052
2024-08-15 09:37:21,128800.0,100,Buy,231714070
2024-08-15 09:37:21,128800.0,700,Buy,231714071
2024-08-15 09:37:21,128900.0,300,Buy,231714072
2024-08-15 09:37:21,128900.0,1100,Buy,231714073
2024-08-15 09:37:23,128900.0,1000,Sell,231714108
2024-08-15 09:37:32,128900.0,1000,Sell,231714244
2024-08-15 09:37:46,128900.0,100,Sell,231714489
2024-08-15 09:37:47,128900.0,600,Sell,231714530
2024-08-15 09:37:52,129000.0,300,Buy,231714614
2024-08-15 09:37:52,128900.0,600,Sell,231714647
2024-08-15 09:37:53,128900.0,100,Sell,231714649
2024-08-15 09:37:54,128900.0,100,Sell,231714656
2024-08-15 09:37:54,128900.0,200,Sell,231714669
2024-08-15 09:37:58,128900.0,100,Sell,231714723
2024-08-15 09:37:58,128900.0,400,Sell,231714724
2024-08-15 09:38:12,128900.0,200,Sell,231714925
2024-08-15 09:38:19,128900.0,100,Sell,231715007
2024-08-15 09:38:19,128900.0,100,Sell,231715006
2024-08-15 09:38:19,128900.0,100,Sell,231715005
2024-08-15 09:38:19,128900.0,100,Sell,231715003
2024-08-15 09:38:19,128900.0,100,Sell,231715002
2024-08-15 09:38:19,128900.0,100,Sell,231715004
2024-08-15 09:38:19,128900.0,200,Sell,231715001
2024-08-15 09:38:30,128900.0,800,Sell,231715242
2024-08-15 09:38:35,129000.0,100,Buy,231715319
2024-08-15 09:38:38,128900.0,100,Sell,231715407
2024-08-15 09:38:38,128900.0,400,Sell,231715408
2024-08-15 09:38:46,129000.0,900,Buy,231715628
2024-08-15 09:38:46,129000.0,100,Buy,231715629
2024-08-15 09:38:46,129000.0,1600,Buy,231715630
2024-08-15 09:38:46,128900.0,600,Sell,231715631
2024-08-15 09:38:46,128900.0,1300,Sell,231715632
2024-08-15 09:39:12,128900.0,1700,Sell,231716099
2024-08-15 09:39:12,128900.0,200,Sell,231716100
2024-08-15 09:39:13,128900.0,200,Sell,231716120
2024-08-15 09:39:35,129000.0,200,Buy,231716604
2024-08-15 09:39:38,128900.0,600,Sell,231716654
2024-08-15 09:39:38,128900.0,100,Sell,231716655
2024-08-15 09:39:38,128900.0,100,Sell,231716656
2024-08-15 09:39:38,128900.0,1000,Sell,231716657
2024-08-15 09:39:38,128900.0,100,Sell,231716658
2024-08-15 09:39:38,128900.0,100,Sell,231716659
2024-08-15 09:39:38,128900.0,900,Sell,231716660
2024-08-15 09:39:45,128900.0,500,Sell,231716770
2024-08-15 09:39:45,128900.0,500,Sell,231716769
2024-08-15 09:39:45,128900.0,2000,Sell,231716768
2024-08-15 09:39:45,128900.0,100,Sell,231716767
2024-08-15 09:39:45,128900.0,400,Sell,231716765
2024-08-15 09:39:45,128900.0,100,Sell,231716766
2024-08-15 09:39:45,128900.0,200,Sell,231716764
2024-08-15 09:39:46,128900.0,200,Buy,231716781
2024-08-15 09:39:55,128900.0,500,Sell,231716952
2024-08-15 09:39:55,128900.0,100,Sell,231716953
2024-08-15 09:39:57,128900.0,100,Buy,231716992
2024-08-15 09:40:04,128900.0,200,Buy,231717132
2024-08-15 09:40:04,128900.0,2000,Buy,231717133
2024-08-15 09:40:04,128900.0,2000,Buy,231717134
2024-08-15 09:40:08,128900.0,800,Sell,231717238
2024-08-15 09:40:09,128900.0,800,Buy,231717248
2024-08-15 09:40:10,128900.0,300,Buy,231717260
2024-08-15 09:40:15,128900.0,3100,Buy,231717379
2024-08-15 09:40:24,128900.0,1900,Sell,231717526
2024-08-15 09:40:24,128900.0,100,Sell,231717527
2024-08-15 09:40:28,128900.0,300,Sell,231717603
2024-08-15 09:41:12,128900.0,200,Sell,231718419
2024-08-15 09:41:12,128900.0,1000,Sell,231718420
2024-08-15 09:41:12,128900.0,100,Sell,231718421
2024-08-15 09:41:12,128900.0,600,Sell,231718422
2024-08-15 09:41:16,128900.0,200,Sell,231718468
2024-08-15 09:41:16,128900.0,400,Sell,231718467
2024-08-15 09:41:16,128900.0,1400,Sell,231718466
2024-08-15 09:41:21,129000.0,2800,Buy,231718588
2024-08-15 09:41:21,129000.0,200,Buy,231718586
2024-08-15 09:41:21,129000.0,2000,Buy,231718587
2024-08-15 09:41:22,129000.0,1000,Buy,231718626
2024-08-15 09:41:24,129000.0,300,Buy,231718658
2024-08-15 09:41:24,129000.0,100,Buy,231718657
2024-08-15 09:41:24,129000.0,200,Buy,231718656
2024-08-15 09:41:24,129000.0,1000,Buy,231718654
2024-08-15 09:41:24,129000.0,800,Buy,231718652
2024-08-15 09:41:24,129000.0,300,Buy,231718655
2024-08-15 09:41:24,129000.0,400,Buy,231718650
2024-08-15 09:41:24,129000.0,100,Buy,231718649
2024-08-15 09:41:24,129000.0,5400,Buy,231718648
2024-08-15 09:41:24,129000.0,5000,Buy,231718647
2024-08-15 09:41:24,129000.0,1200,Buy,231718646
2024-08-15 09:41:24,129000.0,1000,Buy,231718651
2024-08-15 09:41:24,129000.0,100,Buy,231718653
2024-08-15 09:41:26,129000.0,1500,Sell,231718711
2024-08-15 09:41:26,129000.0,1000,Sell,231718719
2024-08-15 09:41:37,129000.0,700,Sell,231718918
2024-08-15 09:41:47,129000.0,800,Sell,231719185
2024-08-15 09:41:47,129000.0,900,Sell,231719183
2024-08-15 09:41:47,129000.0,200,Sell,231719184
2024-08-15 09:41:53,129000.0,400,Sell,231719277
2024-08-15 09:41:53,129000.0,1500,Sell,231719278
2024-08-15 09:42:08,129000.0,400,Sell,231719544
2024-08-15 09:42:08,129000.0,200,Sell,231719545
2024-08-15 09:42:11,129000.0,100,Sell,231719566
2024-08-15 09:42:11,129000.0,400,Sell,231719567
2024-08-15 09:42:24,129000.0,100,Sell,231719782
2024-08-15 09:42:24,129000.0,1900,Sell,231719783
2024-08-15 09:42:26,129000.0,100,Sell,231719826
2024-08-15 09:42:26,129000.0,900,Sell,231719827
2024-08-15 09:42:42,129000.0,300,Sell,231720099
2024-08-15 09:42:42,129000.0,300,Sell,231720100
2024-08-15 09:42:42,129000.0,1100,Sell,231720097
2024-08-15 09:42:42,129000.0,200,Sell,231720098
2024-08-15 09:43:03,129000.0,100,Sell,231720484
2024-08-15 09:43:03,129000.0,100,Sell,231720485
2024-08-15 09:43:03,129000.0,200,Sell,231720486
2024-08-15 09:43:03,129000.0,100,Sell,231720487
2024-08-15 09:43:03,129000.0,1400,Sell,231720488
2024-08-15 09:43:09,129000.0,500,Sell,231720608
2024-08-15 09:43:35,129100.0,100,Buy,231720982
2024-08-15 09:43:35,129100.0,100,Buy,231720990
2024-08-15 09:43:50,129000.0,700,Sell,231721177
2024-08-15 09:43:50,129000.0,1200,Sell,231721178
2024-08-15 09:43:58,129000.0,100,Sell,231721289
2024-08-15 09:44:12,129000.0,1800,Sell,231721478
2024-08-15 09:44:12,128900.0,1600,Sell,231721494
2024-08-15 09:44:12,128900.0,5200,Sell,231721493
2024-08-15 09:44:12,128900.0,300,Sell,231721492
2024-08-15 09:44:12,128900.0,100,Sell,231721491
2024-08-15 09:44:12,128900.0,500,Sell,231721490
2024-08-15 09:44:12,128900.0,100,Sell,231721489
2024-08-15 09:44:12,128900.0,100,Sell,231721488
2024-08-15 09:44:12,128900.0,100,Sell,231721487
2024-08-15 09:44:12,129000.0,1100,Sell,231721477
2024-08-15 09:44:12,129000.0,100,Sell,231721485
2024-08-15 09:44:12,129000.0,1500,Sell,231721484
2024-08-15 09:44:12,129000.0,1500,Sell,231721483
2024-08-15 09:44:12,129000.0,100,Sell,231721482
2024-08-15 09:44:12,129000.0,100,Sell,231721481
2024-08-15 09:44:12,129000.0,200,Sell,231721480
2024-08-15 09:44:12,129000.0,100,Sell,231721479
2024-08-15 09:44:12,128900.0,500,Sell,231721486
2024-08-15 09:44:15,129000.0,100,Buy,231721530
2024-08-15 09:44:19,129000.0,200,Buy,231721565
2024-08-15 09:44:19,129000.0,800,Buy,231721566
2024-08-15 09:44:19,129000.0,1000,Buy,231721567
2024-08-15 09:44:26,128900.0,500,Sell,231721690
2024-08-15 09:44:58,129000.0,2000,Buy,231722244
2024-08-15 09:45:05,129000.0,100,Buy,231722359
2024-08-15 09:45:39,129000.0,100,Buy,231722767
2024-08-15 09:45:44,128900.0,500,Sell,231722864
2024-08-15 09:46:08,128900.0,500,Sell,231723237
2024-08-15 09:46:51,128900.0,1700,Sell,231723924
2024-08-15 09:46:58,129000.0,300,Buy,231724040
2024-08-15 09:47:01,128900.0,400,Sell,231724093
2024-08-15 09:47:01,128900.0,100,Sell,231724094
2024-08-15 09:47:10,129000.0,2000,Buy,231724201
2024-08-15 09:47:24,128900.0,200,Sell,231724399
2024-08-15 09:47:42,128900.0,100,Sell,231724614
2024-08-15 09:48:15,128900.0,100,Sell,231725174
2024-08-15 09:48:19,128900.0,200,Sell,231725237
2024-08-15 09:48:19,128900.0,200,Sell,231725235
2024-08-15 09:48:19,128900.0,100,Sell,231725236
2024-08-15 09:48:46,128900.0,1300,Sell,231725727
2024-08-15 09:48:46,128900.0,1200,Sell,231725728
2024-08-15 09:48:54,128900.0,100,Sell,231725909
2024-08-15 09:49:00,128900.0,200,Sell,231726023
2024-08-15 09:49:00,128900.0,200,Sell,231726024
2024-08-15 09:49:00,128900.0,100,Sell,231726025
2024-08-15 09:49:00,128900.0,100,Sell,231726026
2024-08-15 09:49:00,128900.0,200,Sell,231726027
2024-08-15 09:49:00,128900.0,500,Sell,231726028
2024-08-15 09:49:11,128900.0,500,Sell,231726223
2024-08-15 09:49:17,128900.0,200,Sell,231726362
2024-08-15 09:49:17,128900.0,100,Sell,231726361
2024-08-15 09:49:37,128900.0,100,Sell,231726759
2024-08-15 09:49:37,128900.0,400,Sell,231726760
2024-08-15 09:49:50,128900.0,100,Sell,231727045
2024-08-15 09:49:50,128900.0,400,Sell,231727046
2024-08-15 09:49:58,128900.0,100,Sell,231727185
2024-08-15 09:49:58,128900.0,100,Sell,231727186
2024-08-15 09:49:58,128900.0,100,Sell,231727187
2024-08-15 09:49:58,128900.0,200,Sell,231727188
2024-08-15 09:50:29,129000.0,100,Buy,231727681
2024-08-15 09:50:50,129000.0,100,Buy,231728115
2024-08-15 09:50:53,128900.0,300,Sell,231728183
2024-08-15 09:50:53,128900.0,1800,Sell,231728180
2024-08-15 09:50:53,128900.0,300,Sell,231728181
2024-08-15 09:50:53,128900.0,100,Sell,231728182
2024-08-15 09:50:55,128900.0,500,Sell,231728261
2024-08-15 09:50:58,129000.0,200,Buy,231728299
2024-08-15 09:51:38,128900.0,700,Sell,231729091
2024-08-15 09:51:38,128900.0,1200,Sell,231729092
2024-08-15 09:51:42,129000.0,100,Buy,231729213
2024-08-15 09:51:59,129000.0,100,Buy,231729473
2024-08-15 09:52:11,128900.0,1000,Sell,231729730
2024-08-15 09:52:11,128900.0,200,Sell,231729729
2024-08-15 09:52:11,128900.0,100,Sell,231729732
2024-08-15 09:52:11,128900.0,100,Sell,231729727
2024-08-15 09:52:11,128900.0,300,Sell,231729726
2024-08-15 09:52:11,128900.0,100,Sell,231729728
2024-08-15 09:52:11,128900.0,100,Sell,231729731
2024-08-15 09:52:12,128900.0,500,Sell,231729777
2024-08-15 09:52:13,128900.0,400,Sell,231729782
2024-08-15 09:52:13,128900.0,600,Sell,231729783
2024-08-15 09:52:18,128900.0,400,Sell,231729830
2024-08-15 09:52:18,128900.0,600,Sell,231729831
2024-08-15 09:52:33,128900.0,100,Sell,231730039
2024-08-15 09:53:01,128900.0,100,Sell,231730434
2024-08-15 09:53:01,128800.0,200,Sell,231730437
2024-08-15 09:53:01,128800.0,100,Sell,231730436
2024-08-15 09:53:01,128900.0,500,Sell,231730435
2024-08-15 09:53:01,128900.0,100,Sell,231730433
2024-08-15 09:53:01,128900.0,100,Sell,231730431
2024-08-15 09:53:01,128900.0,1000,Sell,231730430
2024-08-15 09:53:01,128900.0,300,Sell,231730429
2024-08-15 09:53:01,128900.0,100,Sell,231730432
2024-08-15 09:53:14,128800.0,100,Sell,231730714
2024-08-15 09:53:30,128800.0,500,Sell,231730978
2024-08-15 09:54:27,128900.0,100,Buy,231731715
2024-08-15 09:54:33,128900.0,100,Buy,231731796
2024-08-15 09:54:35,128900.0,100,Buy,231731816
2024-08-15 09:54:47,128900.0,100,Buy,231732008
2024-08-15 09:54:48,128800.0,500,Sell,231732028
2024-08-15 09:54:52,128800.0,100,Sell,231732085
2024-08-15 09:54:52,128800.0,5000,Sell,231732086
2024-08-15 09:54:52,128800.0,100,Sell,231732087
2024-08-15 09:54:52,128800.0,700,Sell,231732088
2024-08-15 09:54:52,128800.0,1600,Sell,231732089
2024-08-15 09:54:52,128800.0,100,Sell,231732094
2024-08-15 09:54:52,128800.0,700,Sell,231732091
2024-08-15 09:54:52,128800.0,200,Sell,231732092
2024-08-15 09:54:52,128800.0,100,Sell,231732093
2024-08-15 09:54:52,128800.0,2300,Sell,231732084
2024-08-15 09:54:52,128800.0,200,Sell,231732090
2024-08-15 09:54:52,128800.0,100,Sell,231732083
2024-08-15 09:54:52,128800.0,5200,Sell,231732078
2024-08-15 09:54:52,128800.0,100,Sell,231732081
2024-08-15 09:54:52,128800.0,300,Sell,231732070
2024-08-15 09:54:52,128800.0,100,Sell,231732071
2024-08-15 09:54:52,128800.0,5000,Sell,231732072
2024-08-15 09:54:52,128800.0,300,Sell,231732073
2024-08-15 09:54:52,128800.0,200,Sell,231732074
2024-08-15 09:54:52,128800.0,100,Sell,231732082
2024-08-15 09:54:52,128800.0,200,Sell,231732076
2024-08-15 09:54:52,128800.0,500,Sell,231732080
2024-08-15 09:54:52,128800.0,4800,Sell,231732079
2024-08-15 09:54:52,128800.0,100,Sell,231732075
2024-08-15 09:54:52,128800.0,500,Sell,231732077
2024-08-15 09:54:52,128800.0,1700,Sell,231732069
2024-08-15 09:55:03,128700.0,100,Sell,231732290
2024-08-15 09:55:03,128700.0,500,Sell,231732291
2024-08-15 09:55:03,128700.0,100,Sell,231732292
2024-08-15 09:55:03,128700.0,100,Sell,231732294
2024-08-15 09:55:03,128700.0,1000,Sell,231732295
2024-08-15 09:55:03,128700.0,100,Sell,231732293
2024-08-15 09:55:04,128800.0,100,Buy,231732304
2024-08-15 09:55:06,128800.0,400,Buy,231732331
2024-08-15 09:55:06,128800.0,600,Buy,231732328
2024-08-15 09:55:06,128800.0,300,Buy,231732329
2024-08-15 09:55:06,128800.0,600,Buy,231732330
2024-08-15 09:55:11,128800.0,100,Sell,231732388
2024-08-15 09:55:11,128800.0,900,Sell,231732389
2024-08-15 09:55:23,128800.0,1900,Sell,231732643
2024-08-15 09:55:26,128900.0,400,Buy,231732700
2024-08-15 09:55:36,128800.0,5000,Sell,231732792
2024-08-15 09:55:36,128800.0,100,Sell,231732793
2024-08-15 09:55:38,128800.0,2100,Sell,231732811
2024-08-15 09:55:46,128800.0,500,Buy,231732930
2024-08-15 09:55:46,128800.0,900,Buy,231732944
2024-08-15 09:55:53,128800.0,100,Buy,231733035
2024-08-15 09:55:57,128800.0,2000,Buy,231733077
2024-08-15 09:56:01,128800.0,100,Buy,231733147
2024-08-15 09:56:04,128800.0,1000,Buy,231733191
2024-08-15 09:56:06,128800.0,100,Buy,231733206
2024-08-15 09:56:06,128700.0,500,Sell,231733207
2024-08-15 09:56:18,128800.0,100,Buy,231733353
2024-08-15 09:56:28,128800.0,100,Buy,231733469
2024-08-15 09:56:45,128700.0,100,Sell,231733689
2024-08-15 09:56:52,128700.0,500,Sell,231733831
2024-08-15 09:56:53,128800.0,400,Buy,231733842
2024-08-15 09:57:00,128700.0,500,Sell,231733933
2024-08-15 09:57:24,128700.0,500,Sell,231734375
2024-08-15 09:58:04,128700.0,100,Sell,231735058
2024-08-15 09:58:04,128700.0,1900,Sell,231735057
2024-08-15 09:58:05,128700.0,300,Sell,231735059
2024-08-15 09:58:08,128700.0,2500,Sell,231735130
2024-08-15 09:58:13,128700.0,1000,Sell,231735222
2024-08-15 09:58:21,128700.0,100,Sell,231735332
2024-08-15 09:58:30,128800.0,300,Buy,231735502
2024-08-15 09:58:41,128700.0,500,Sell,231735678
2024-08-15 09:59:09,128800.0,100,Buy,231736045
2024-08-15 09:59:42,128800.0,700,Buy,231736551
2024-08-15 09:59:42,128800.0,300,Buy,231736552
2024-08-15 09:59:48,128800.0,100,Buy,231736623
2024-08-15 09:59:59,128700.0,500,Sell,231736769
2024-08-15 10:00:03,128700.0,500,Sell,231736800
2024-08-15 10:00:03,128700.0,1700,Sell,231736801
2024-08-15 10:00:15,128700.0,100,Sell,231736974
2024-08-15 10:00:31,128700.0,100,Sell,231737135
2024-08-15 10:00:36,128700.0,500,Sell,231737226
2024-08-15 10:01:01,128700.0,500,Sell,231737515
2024-08-15 10:01:01,128700.0,100,Sell,231737514
2024-08-15 10:01:01,128700.0,100,Sell,231737513
2024-08-15 10:01:01,128700.0,100,Sell,231737512
2024-08-15 10:01:01,128700.0,100,Sell,231737511
2024-08-15 10:01:01,128700.0,100,Sell,231737510
2024-08-15 10:01:01,128700.0,1000,Sell,231737509
2024-08-15 10:01:01,128700.0,100,Sell,231737508
2024-08-15 10:01:01,128700.0,100,Sell,231737506
2024-08-15 10:01:01,128700.0,200,Sell,231737505
2024-08-15 10:01:01,128700.0,5100,Sell,231737504
2024-08-15 10:01:01,128700.0,4900,Sell,231737503
2024-08-15 10:01:01,128700.0,100,Sell,231737502
2024-08-15 10:01:01,128700.0,500,Sell,231737501
2024-08-15 10:01:01,128700.0,100,Sell,231737500
2024-08-15 10:01:01,128700.0,100,Sell,231737499
2024-08-15 10:01:01,128700.0,7600,Sell,231737498
2024-08-15 10:01:01,128700.0,200,Sell,231737507
2024-08-15 10:01:06,128700.0,300,Sell,231737608
2024-08-15 10:01:07,128700.0,1000,Sell,231737626
2024-08-15 10:01:07,128700.0,100,Sell,231737625
2024-08-15 10:01:07,128700.0,200,Sell,231737624
2024-08-15 10:01:17,128600.0,500,Sell,231737747
2024-08-15 10:01:26,128600.0,100,Sell,231737890
2024-08-15 10:01:26,128600.0,100,Sell,231737891
2024-08-15 10:01:26,128600.0,200,Sell,231737892
2024-08-15 10:01:26,128600.0,100,Sell,231737893
2024-08-15 10:01:26,128600.0,600,Sell,231737894
2024-08-15 10:01:32,128700.0,100,Buy,231737954
2024-08-15 10:01:43,128600.0,100,Sell,231738120
2024-08-15 10:01:43,128600.0,200,Sell,231738119
2024-08-15 10:01:43,128600.0,2300,Sell,231738121
2024-08-15 10:01:43,128700.0,300,Buy,231738106
2024-08-15 10:01:43,128600.0,400,Sell,231738118
2024-08-15 10:01:43,128700.0,1700,Buy,231738105
2024-08-15 10:02:26,128600.0,200,Sell,231738659
2024-08-15 10:02:35,128600.0,500,Sell,231738848
2024-08-15 10:02:58,128600.0,7000,Sell,231739170
2024-08-15 10:02:58,128600.0,200,Sell,231739171
2024-08-15 10:02:58,128600.0,100,Sell,231739172
2024-08-15 10:02:58,128600.0,500,Sell,231739173
2024-08-15 10:02:58,128600.0,100,Sell,231739174
2024-08-15 10:02:58,128600.0,100,Sell,231739175
2024-08-15 10:02:58,128600.0,2000,Sell,231739176
2024-08-15 10:03:04,128600.0,3200,Sell,231739390
2024-08-15 10:03:04,128600.0,1800,Sell,231739391
2024-08-15 10:03:05,128600.0,4000,Sell,231739416
2024-08-15 10:03:05,128600.0,100,Sell,231739415
2024-08-15 10:03:05,128600.0,100,Sell,231739414
2024-08-15 10:03:05,128600.0,2000,Sell,231739413
2024-08-15 10:03:05,128600.0,200,Sell,231739408
2024-08-15 10:03:05,128600.0,100,Sell,231739411
2024-08-15 10:03:05,128600.0,200,Sell,231739410
2024-08-15 10:03:05,128600.0,100,Sell,231739409
2024-08-15 10:03:05,128600.0,3000,Sell,231739407
2024-08-15 10:03:05,128600.0,200,Sell,231739412
2024-08-15 10:03:09,128600.0,5000,Sell,231739451
2024-08-15 10:03:15,128600.0,100,Sell,231739615
2024-08-15 10:03:16,128600.0,100,Sell,231739622
2024-08-15 10:03:16,128600.0,1000,Sell,231739620
2024-08-15 10:03:16,128600.0,500,Sell,231739621
2024-08-15 10:03:22,128600.0,400,Buy,231739791
2024-08-15 10:03:22,128600.0,100,Buy,231739792
2024-08-15 10:03:29,128500.0,100,Sell,231739886
2024-08-15 10:03:29,128500.0,100,Sell,231739887
2024-08-15 10:03:41,128500.0,200,Sell,231740092
2024-08-15 10:03:41,128500.0,500,Sell,231740090
2024-08-15 10:03:41,128500.0,700,Sell,231740089
2024-08-15 10:03:41,128500.0,800,Sell,231740091
2024-08-15 10:03:41,128500.0,200,Sell,231740087
2024-08-15 10:03:41,128500.0,100,Sell,231740086
2024-08-15 10:03:41,128500.0,400,Sell,231740085
2024-08-15 10:03:41,128500.0,100,Sell,231740088
2024-08-15 10:03:50,128500.0,300,Sell,231740232
2024-08-15 10:04:10,128500.0,500,Sell,231740611
2024-08-15 10:04:10,128500.0,100,Sell,231740612
2024-08-15 10:04:10,128500.0,100,Sell,231740613
2024-08-15 10:04:10,128500.0,100,Sell,231740614
2024-08-15 10:04:10,128500.0,200,Sell,231740615
2024-08-15 10:04:20,128500.0,100,Sell,231740755
2024-08-15 10:04:22,128600.0,500,Buy,231740775
2024-08-15 10:04:22,128600.0,700,Buy,231740773
2024-08-15 10:04:22,128600.0,500,Buy,231740774
2024-08-15 10:04:22,128600.0,3700,Buy,231740772
2024-08-15 10:04:26,128600.0,100,Sell,231740824
2024-08-15 10:04:29,128600.0,400,Sell,231740880
2024-08-15 10:04:33,128700.0,500,Buy,231740925
2024-08-15 10:04:33,128700.0,100,Buy,231740926
2024-08-15 10:04:33,128700.0,100,Buy,231740927
2024-08-15 10:04:33,128700.0,100,Buy,231740928
2024-08-15 10:04:39,128600.0,2000,Sell,231741006
2024-08-15 10:04:46,128700.0,100,Buy,231741284
2024-08-15 10:04:53,128700.0,500,Buy,231741360
2024-08-15 10:05:08,128700.0,500,Buy,231741638
2024-08-15 10:05:10,128600.0,500,Sell,231741713
2024-08-15 10:05:24,128600.0,300,Sell,231741958
2024-08-15 10:05:25,128700.0,1200,Buy,231741968
2024-08-15 10:05:25,128700.0,1100,Buy,231741969
2024-08-15 10:05:48,128700.0,200,Buy,231742532
2024-08-15 10:05:55,128600.0,1500,Sell,231742674
2024-08-15 10:06:01,128600.0,100,Sell,231742813
2024-08-15 10:06:12,128600.0,100,Sell,231742993
2024-08-15 10:06:18,128600.0,4500,Sell,231743099
2024-08-15 10:06:26,128600.0,100,Sell,231743230
2024-08-15 10:06:27,128600.0,500,Sell,231743253
2024-08-15 10:06:28,128600.0,400,Sell,231743271
2024-08-15 10:06:40,128600.0,1000,Sell,231743453
2024-08-15 10:06:50,128600.0,300,Sell,231743608
2024-08-15 10:07:00,128700.0,100,Buy,231743758
2024-08-15 10:07:38,128700.0,1000,Buy,231744602
2024-08-15 10:07:46,128600.0,500,Sell,231744846
2024-08-15 10:08:03,128600.0,100,Sell,231745230
2024-08-15 10:08:12,128600.0,100,Sell,231745347
2024-08-15 10:08:17,128600.0,3000,Sell,231745466
2024-08-15 10:08:34,128600.0,300,Sell,231745731
2024-08-15 10:08:41,128600.0,3700,Sell,231745837
2024-08-15 10:08:53,128600.0,100,Sell,231746032
2024-08-15 10:08:53,128600.0,7000,Sell,231746033
2024-08-15 10:08:53,128600.0,2900,Sell,231746034
2024-08-15 10:08:53,128600.0,500,Sell,231746035
2024-08-15 10:09:01,128600.0,100,Sell,231746150
2024-08-15 10:09:01,128600.0,500,Sell,231746151
2024-08-15 10:09:01,128600.0,100,Sell,231746149
2024-08-15 10:09:01,128600.0,100,Sell,231746153
2024-08-15 10:09:01,128600.0,100,Sell,231746152
2024-08-15 10:09:01,128600.0,300,Sell,231746148
2024-08-15 10:09:01,128600.0,1400,Sell,231746154
2024-08-15 10:09:01,128600.0,100,Sell,231746146
2024-08-15 10:09:01,128600.0,300,Sell,231746145
2024-08-15 10:09:01,128600.0,100,Sell,231746144
2024-08-15 10:09:01,128600.0,100,Sell,231746143
2024-08-15 10:09:01,128600.0,100,Sell,231746142
2024-08-15 10:09:01,128600.0,4800,Sell,231746141
2024-08-15 10:09:01,128600.0,100,Sell,231746147
2024-08-15 10:09:01,128600.0,1800,Sell,231746140
2024-08-15 10:09:04,128600.0,300,Sell,231746219
2024-08-15 10:09:04,128600.0,100,Sell,231746220
2024-08-15 10:09:06,128700.0,100,Buy,231746249
2024-08-15 10:09:06,128700.0,500,Buy,231746246
2024-08-15 10:09:06,128700.0,100,Buy,231746247
2024-08-15 10:09:06,128700.0,100,Buy,231746248
2024-08-15 10:09:07,128500.0,5200,Sell,231746276
2024-08-15 10:09:07,128500.0,100,Sell,231746275
2024-08-15 10:09:07,128500.0,100,Sell,231746274
2024-08-15 10:09:07,128500.0,100,Sell,231746273
2024-08-15 10:09:07,128500.0,500,Sell,231746272
2024-08-15 10:09:07,128500.0,2000,Sell,231746271
2024-08-15 10:09:07,128500.0,100,Sell,231746270
2024-08-15 10:09:07,128500.0,1000,Sell,231746269
2024-08-15 10:09:07,128500.0,2200,Sell,231746277
2024-08-15 10:09:07,128500.0,10000,Sell,231746267
2024-08-15 10:09:07,128500.0,100,Sell,231746266
2024-08-15 10:09:07,128500.0,100,Sell,231746265
2024-08-15 10:09:07,128500.0,100,Sell,231746264
2024-08-15 10:09:07,128500.0,2900,Sell,231746263
2024-08-15 10:09:07,128600.0,100,Sell,231746262
2024-08-15 10:09:07,128600.0,500,Sell,231746261
2024-08-15 10:09:07,128600.0,1700,Sell,231746260
2024-08-15 10:09:07,128500.0,300,Sell,231746268
2024-08-15 10:09:07,128600.0,2900,Sell,231746259
2024-08-15 10:09:10,128600.0,100,Sell,231746369
2024-08-15 10:09:12,128700.0,300,Buy,231746408
2024-08-15 10:09:12,128600.0,4900,Buy,231746407
2024-08-15 10:09:13,128700.0,4500,Buy,231746413
2024-08-15 10:09:13,128700.0,300,Buy,231746414
2024-08-15 10:09:28,128600.0,4200,Sell,231746623
2024-08-15 10:09:28,128600.0,100,Sell,231746622
2024-08-15 10:09:28,128600.0,100,Sell,231746620
2024-08-15 10:09:28,128600.0,500,Sell,231746619
2024-08-15 10:09:28,128600.0,100,Sell,231746621
2024-08-15 10:09:57,128600.0,700,Sell,231747031
2024-08-15 10:09:57,128600.0,4900,Sell,231747036
2024-08-15 10:09:57,128600.0,100,Sell,231747037
2024-08-15 10:09:57,128600.0,200,Sell,231747032
2024-08-15 10:10:03,128600.0,500,Buy,231747118
2024-08-15 10:10:08,128600.0,1500,Buy,231747165
2024-08-15 10:10:11,128600.0,500,Sell,231747213
2024-08-15 10:10:22,128600.0,500,Buy,231747363
2024-08-15 10:10:35,128600.0,1000,Buy,231747494
2024-08-15 10:10:35,128600.0,2000,Buy,231747492
2024-08-15 10:10:35,128600.0,400,Buy,231747493
2024-08-15 10:11:16,128600.0,1800,Sell,231748010
2024-08-15 10:11:16,128600.0,1200,Sell,231748011
2024-08-15 10:11:17,128600.0,3600,Sell,231748022
2024-08-15 10:11:17,128600.0,100,Sell,231748027
2024-08-15 10:11:17,128600.0,200,Sell,231748026
2024-08-15 10:11:17,128600.0,200,Sell,231748025
2024-08-15 10:11:17,128600.0,200,Sell,231748024
2024-08-15 10:11:17,128600.0,100,Sell,231748023
2024-08-15 10:11:21,128600.0,200,Buy,231748066
2024-08-15 10:11:31,128600.0,500,Buy,231748181
2024-08-15 10:11:34,128600.0,100,Buy,231748243
2024-08-15 10:11:35,128600.0,400,Buy,231748259
2024-08-15 10:11:39,128600.0,500,Sell,231748331
2024-08-15 10:12:44,128600.0,100,Sell,231749267
2024-08-15 10:12:57,128600.0,400,Sell,231749434
2024-08-15 10:13:00,128600.0,100,Sell,231749486
2024-08-15 10:13:00,128600.0,600,Sell,231749484
2024-08-15 10:13:00,128600.0,300,Sell,231749485
2024-08-15 10:13:07,128600.0,8000,Sell,231749614
2024-08-15 10:13:07,128600.0,200,Sell,231749616
2024-08-15 10:13:07,128600.0,100,Sell,231749617
2024-08-15 10:13:07,128600.0,200,Sell,231749618
2024-08-15 10:13:07,128600.0,100,Sell,231749619
2024-08-15 10:13:07,128600.0,500,Sell,231749620
2024-08-15 10:13:07,128600.0,500,Sell,231749621
2024-08-15 10:13:07,128600.0,400,Sell,231749613
2024-08-15 10:13:15,128600.0,400,Sell,231749719
2024-08-15 10:13:15,128600.0,100,Sell,231749718
2024-08-15 10:13:15,128600.0,1900,Sell,231749716
2024-08-15 10:13:15,128600.0,2600,Sell,231749717
2024-08-15 10:13:27,128600.0,600,Sell,231749864
2024-08-15 10:13:36,128700.0,200,Buy,231750105
2024-08-15 10:13:36,128700.0,3000,Buy,231750106
2024-08-15 10:13:36,128700.0,1100,Buy,231750107
2024-08-15 10:13:36,128700.0,700,Buy,231750104
2024-08-15 10:13:45,128600.0,100,Sell,231750188
2024-08-15 10:14:01,128700.0,1000,Buy,231750390
2024-08-15 10:14:04,128700.0,400,Buy,231750429
2024-08-15 10:14:04,128700.0,100,Buy,231750430
2024-08-15 10:14:14,128700.0,100,Buy,231750630
2024-08-15 10:14:15,128600.0,100,Sell,231750649
2024-08-15 10:14:15,128600.0,100,Sell,231750648
2024-08-15 10:14:15,128600.0,100,Sell,231750645
2024-08-15 10:14:15,128600.0,100,Sell,231750647
2024-08-15 10:14:15,128600.0,100,Sell,231750646
2024-08-15 10:14:45,128600.0,400,Sell,231751095
2024-08-15 10:14:45,128600.0,100,Sell,231751096
2024-08-15 10:14:45,128600.0,2000,Sell,231751097
2024-08-15 10:15:31,128600.0,1900,Sell,231751718
2024-08-15 10:15:32,128600.0,400,Sell,231751760
2024-08-15 10:15:42,128600.0,100,Sell,231751970
2024-08-15 10:15:42,128600.0,500,Sell,231751973
2024-08-15 10:15:42,128600.0,200,Sell,231751972
2024-08-15 10:15:42,128600.0,300,Sell,231751971
2024-08-15 10:15:42,128600.0,200,Sell,231751969
2024-08-15 10:15:42,128600.0,25000,Sell,231751967
2024-08-15 10:15:42,128600.0,1000,Sell,231751965
2024-08-15 10:15:42,128600.0,500,Sell,231751968
2024-08-15 10:15:42,128600.0,4700,Sell,231751966
2024-08-15 10:15:43,128600.0,100,Buy,231751977
2024-08-15 10:15:55,128600.0,600,Buy,231752193
2024-08-15 10:15:55,128600.0,1400,Buy,231752192
2024-08-15 10:15:57,128600.0,500,Buy,231752211
2024-08-15 10:16:01,128600.0,100,Buy,231752259
2024-08-15 10:16:11,128500.0,1200,Sell,231752510
2024-08-15 10:16:13,128500.0,500,Sell,231752542
2024-08-15 10:16:13,128600.0,200,Buy,231752536
2024-08-15 10:16:13,128500.0,1400,Sell,231752540
2024-08-15 10:16:13,128500.0,100,Sell,231752541
2024-08-15 10:16:30,128600.0,1100,Buy,231752808
2024-08-15 10:16:30,128600.0,900,Buy,231752809
2024-08-15 10:16:37,128600.0,800,Buy,231752921
2024-08-15 10:16:37,128600.0,100,Buy,231752922
2024-08-15 10:16:37,128600.0,1100,Buy,231752923
2024-08-15 10:16:37,128600.0,1300,Buy,231752924
2024-08-15 10:16:37,128600.0,700,Buy,231752925
2024-08-15 10:16:40,128600.0,400,Buy,231752997
2024-08-15 10:16:40,128600.0,2000,Buy,231752996
2024-08-15 10:16:40,128600.0,600,Buy,231752995
2024-08-15 10:16:50,128600.0,100,Buy,231753119
2024-08-15 10:16:50,128600.0,500,Buy,231753141
2024-08-15 10:16:51,128500.0,4500,Sell,231753170
2024-08-15 10:16:51,128500.0,300,Sell,231753171
2024-08-15 10:16:51,128500.0,200,Sell,231753172
2024-08-15 10:16:53,128600.0,100,Buy,231753201
2024-08-15 10:16:55,128500.0,500,Sell,231753226
2024-08-15 10:16:55,128600.0,500,Buy,231753228
2024-08-15 10:16:55,128500.0,200,Sell,231753227
2024-08-15 10:16:55,128500.0,100,Sell,231753225
2024-08-15 10:16:55,128500.0,100,Sell,231753223
2024-08-15 10:16:55,128500.0,100,Sell,231753221
2024-08-15 10:16:55,128500.0,500,Sell,231753224
2024-08-15 10:16:55,128500.0,500,Sell,231753222
2024-08-15 10:16:56,128600.0,100,Buy,231753233
2024-08-15 10:17:03,128600.0,300,Buy,231753342
2024-08-15 10:17:03,128600.0,700,Buy,231753343
2024-08-15 10:17:03,128600.0,500,Buy,231753344
2024-08-15 10:17:03,128600.0,500,Buy,231753345
2024-08-15 10:17:08,128600.0,100,Buy,231753444
2024-08-15 10:17:10,128600.0,100,Buy,231753460
2024-08-15 10:17:13,128600.0,100,Buy,231753508
2024-08-15 10:17:15,128600.0,100,Buy,231753535
2024-08-15 10:17:23,128600.0,100,Buy,231753638
2024-08-15 10:17:23,128600.0,400,Buy,231753639
2024-08-15 10:17:38,128600.0,2000,Buy,231753899
2024-08-15 10:17:38,128600.0,600,Buy,231753900
2024-08-15 10:17:39,128600.0,2400,Buy,231753902
2024-08-15 10:17:41,128600.0,200,Buy,231753938
2024-08-15 10:17:43,128600.0,100,Buy,231753963
2024-08-15 10:17:43,128600.0,100,Buy,231753964
2024-08-15 10:17:44,128600.0,200,Buy,231753992
2024-08-15 10:18:05,128600.0,200,Buy,231754317
2024-08-15 10:18:09,128600.0,100,Buy,231754402
2024-08-15 10:18:23,128600.0,600,Buy,231754586
2024-08-15 10:18:25,128500.0,500,Sell,231754608
2024-08-15 10:18:52,128600.0,200,Buy,231755014
2024-08-15 10:18:55,128600.0,200,Buy,231755119
2024-08-15 10:18:55,128600.0,300,Buy,231755120
2024-08-15 10:19:01,128600.0,700,Buy,231755217
2024-08-15 10:19:01,128600.0,300,Buy,231755218
2024-08-15 10:19:01,128600.0,100,Buy,231755219
2024-08-15 10:19:01,128600.0,1000,Buy,231755220
2024-08-15 10:19:01,128600.0,1900,Buy,231755223
2024-08-15 10:19:04,128600.0,100,Buy,231755302
2024-08-15 10:19:06,128600.0,100,Buy,231755341
2024-08-15 10:19:06,128600.0,200,Buy,231755342
2024-08-15 10:19:06,128600.0,100,Buy,231755361
2024-08-15 10:19:07,128600.0,200,Buy,231755368
2024-08-15 10:19:22,128600.0,100,Sell,231755625
2024-08-15 10:19:22,128600.0,100,Sell,231755626
2024-08-15 10:19:22,128600.0,300,Sell,231755624
2024-08-15 10:19:25,128600.0,100,Buy,231755752
2024-08-15 10:19:33,128600.0,1000,Buy,231755938
2024-08-15 10:19:40,128600.0,100,Buy,231756051
2024-08-15 10:19:40,128600.0,800,Buy,231756069
2024-08-15 10:19:51,128600.0,100,Buy,231756256
2024-08-15 10:19:58,128600.0,100,Buy,231756399
2024-08-15 10:20:01,128600.0,100,Buy,231756445
2024-08-15 10:20:13,128600.0,1000,Buy,231756785
2024-08-15 10:20:13,128600.0,1400,Buy,231756784
2024-08-15 10:20:13,128600.0,400,Buy,231756778
2024-08-15 10:20:13,128600.0,2200,Buy,231756777
2024-08-15 10:20:13,128600.0,100,Buy,231756779
2024-08-15 10:20:16,128600.0,100,Buy,231756831
2024-08-15 10:20:16,128600.0,100,Buy,231756832
2024-08-15 10:20:16,128600.0,200,Buy,231756833
2024-08-15 10:20:28,128600.0,100,Buy,231757155
2024-08-15 10:20:52,128600.0,500,Buy,231757657
2024-08-15 10:21:21,128600.0,100,Buy,231758485
2024-08-15 10:21:26,128500.0,500,Sell,231758595
2024-08-15 10:21:50,128500.0,100,Sell,231759065
2024-08-15 10:21:53,128500.0,900,Sell,231759142
2024-08-15 10:21:53,128500.0,100,Sell,231759141
2024-08-15 10:21:53,128500.0,1600,Sell,231759140
2024-08-15 10:21:53,128500.0,600,Sell,231759136
2024-08-15 10:21:53,128500.0,100,Sell,231759138
2024-08-15 10:21:53,128500.0,100,Sell,231759137
2024-08-15 10:21:53,128500.0,100,Sell,231759106
2024-08-15 10:21:53,128500.0,100,Sell,231759139
2024-08-15 10:22:09,128500.0,4500,Sell,231759453
2024-08-15 10:22:09,128500.0,200,Sell,231759452
2024-08-15 10:22:09,128500.0,200,Sell,231759451
2024-08-15 10:22:09,128500.0,200,Sell,231759450
2024-08-15 10:22:09,128500.0,600,Sell,231759448
2024-08-15 10:22:09,128500.0,100,Sell,231759447
2024-08-15 10:22:09,128500.0,9100,Sell,231759445
2024-08-15 10:22:09,128500.0,100,Sell,231759449
2024-08-15 10:22:09,128500.0,10000,Sell,231759446
2024-08-15 10:22:10,128500.0,400,Sell,231759468
2024-08-15 10:22:17,128500.0,2000,Sell,231759651
2024-08-15 10:22:18,128500.0,20000,Sell,231759675
2024-08-15 10:22:27,128500.0,4000,Sell,231759931
2024-08-15 10:22:35,128500.0,100,Sell,231760157
2024-08-15 10:22:35,128500.0,100,Sell,231760156
2024-08-15 10:22:35,128500.0,500,Sell,231760155
2024-08-15 10:22:35,128500.0,1000,Sell,231760154
2024-08-15 10:22:35,128500.0,200,Sell,231760158
2024-08-15 10:22:35,128500.0,100,Sell,231760152
2024-08-15 10:22:35,128500.0,100,Sell,231760151
2024-08-15 10:22:35,128500.0,100,Sell,231760150
2024-08-15 10:22:35,128500.0,700,Sell,231760153
2024-08-15 10:22:35,128500.0,7100,Sell,231760149
2024-08-15 10:22:38,128500.0,400,Sell,231760246
2024-08-15 10:22:41,128500.0,5000,Sell,231760470
2024-08-15 10:22:42,128500.0,200,Sell,231760494
2024-08-15 10:22:42,128500.0,500,Sell,231760495
2024-08-15 10:22:43,128500.0,700,Sell,231760512
2024-08-15 10:22:43,128500.0,100,Sell,231760513
2024-08-15 10:22:43,128500.0,500,Sell,231760541
2024-08-15 10:22:43,128500.0,500,Sell,231760515
2024-08-15 10:22:43,128500.0,100,Sell,231760540
2024-08-15 10:22:43,128500.0,1700,Sell,231760511
2024-08-15 10:22:43,128500.0,100,Sell,231760514
2024-08-15 10:22:43,128500.0,100,Sell,231760510
2024-08-15 10:22:43,128500.0,100,Sell,231760504
2024-08-15 10:22:43,128500.0,500,Sell,231760508
2024-08-15 10:22:43,128500.0,100,Sell,231760509
2024-08-15 10:22:43,128500.0,300,Sell,231760500
2024-08-15 10:22:43,128500.0,3400,Sell,231760501
2024-08-15 10:22:43,128500.0,100,Sell,231760502
2024-08-15 10:22:43,128500.0,100,Sell,231760503
2024-08-15 10:22:43,128500.0,1700,Sell,231760505
2024-08-15 10:22:43,128500.0,200,Sell,231760506
2024-08-15 10:22:43,128500.0,3000,Sell,231760507
2024-08-15 10:22:45,128500.0,100,Buy,231760588
2024-08-15 10:22:56,128500.0,300,Buy,231760858
2024-08-15 10:22:57,128500.0,600,Buy,231760879
2024-08-15 10:22:57,128500.0,3000,Buy,231760880
2024-08-15 10:22:57,128500.0,6400,Buy,231760881
2024-08-15 10:23:04,128500.0,2600,Buy,231761169
2024-08-15 10:23:04,128500.0,1000,Buy,231761170
2024-08-15 10:23:04,128500.0,1100,Buy,231761171
2024-08-15 10:23:04,128500.0,300,Buy,231761172
2024-08-15 10:23:07,128500.0,100,Buy,231761258
2024-08-15 10:23:07,128500.0,100,Buy,231761259
2024-08-15 10:23:08,128500.0,200,Buy,231761262
2024-08-15 10:23:11,128400.0,100,Sell,231761337
2024-08-15 10:23:11,128400.0,200,Sell,231761338
2024-08-15 10:23:11,128400.0,100,Sell,231761336
2024-08-15 10:23:15,128400.0,500,Sell,231761443
2024-08-15 10:23:18,128500.0,400,Buy,231761506
2024-08-15 10:23:18,128500.0,100,Buy,231761507
2024-08-15 10:23:33,128400.0,100,Sell,231761956
2024-08-15 10:23:33,128400.0,200,Sell,231761955
2024-08-15 10:23:33,128400.0,100,Sell,231761954
2024-08-15 10:23:33,128400.0,4800,Sell,231761953
2024-08-15 10:23:33,128400.0,5200,Sell,231761952
2024-08-15 10:23:33,128400.0,100,Sell,231761950
2024-08-15 10:23:33,128400.0,100,Sell,231761948
2024-08-15 10:23:33,128400.0,100,Sell,231761947
2024-08-15 10:23:33,128400.0,100,Sell,231761946
2024-08-15 10:23:33,128400.0,200,Sell,231761945
2024-08-15 10:23:33,128400.0,100,Sell,231761951
2024-08-15 10:23:33,128400.0,500,Sell,231761949
2024-08-15 10:23:34,128500.0,2000,Buy,231761964
2024-08-15 10:23:39,128500.0,200,Buy,231762094
2024-08-15 10:23:39,128500.0,300,Buy,231762095
2024-08-15 10:23:44,128500.0,600,Sell,231762171
2024-08-15 10:23:48,128500.0,100,Sell,231762283
2024-08-15 10:24:08,128500.0,300,Sell,231762782
2024-08-15 10:24:18,128500.0,1400,Sell,231762954
2024-08-15 10:24:18,128500.0,2600,Sell,231762955
2024-08-15 10:24:18,128500.0,1000,Sell,231762956
2024-08-15 10:24:31,128500.0,1400,Sell,231763261
2024-08-15 10:24:31,128500.0,300,Sell,231763262
2024-08-15 10:24:31,128500.0,100,Sell,231763263
2024-08-15 10:24:31,128500.0,200,Sell,231763264
2024-08-15 10:24:33,128500.0,200,Sell,231763293
2024-08-15 10:24:52,128500.0,100,Sell,231763718
2024-08-15 10:24:52,128500.0,300,Sell,231763719
2024-08-15 10:24:53,128500.0,100,Sell,231763725
2024-08-15 10:24:58,128500.0,500,Sell,231763866
2024-08-15 10:24:58,128500.0,600,Sell,231763865
2024-08-15 10:25:16,128500.0,2500,Buy,231764221
2024-08-15 10:25:16,128500.0,1400,Buy,231764222
2024-08-15 10:25:16,128500.0,200,Buy,231764223
2024-08-15 10:25:16,128500.0,900,Buy,231764224
2024-08-15 10:25:21,128500.0,100,Buy,231764330
2024-08-15 10:25:21,128500.0,200,Buy,231764331
2024-08-15 10:25:21,128500.0,100,Buy,231764332
2024-08-15 10:25:33,128500.0,100,Buy,231764629
2024-08-15 10:25:34,128500.0,400,Buy,231764657
2024-08-15 10:25:34,128500.0,1600,Buy,231764656
2024-08-15 10:25:34,128500.0,2000,Buy,231764653
2024-08-15 10:25:40,128500.0,300,Buy,231764760
2024-08-15 10:25:40,128500.0,100,Buy,231764761
2024-08-15 10:25:48,128500.0,1600,Buy,231764937
2024-08-15 10:25:48,128500.0,200,Buy,231764935
2024-08-15 10:25:48,128500.0,500,Buy,231764936
2024-08-15 10:25:50,128500.0,300,Sell,231764984
2024-08-15 10:25:50,128500.0,2400,Sell,231764985
2024-08-15 10:25:53,128500.0,100,Buy,231765025
2024-08-15 10:25:53,128500.0,100,Buy,231765026
2024-08-15 10:25:54,128500.0,200,Sell,231765041
2024-08-15 10:26:04,128400.0,100,Sell,231765229
2024-08-15 10:26:17,128400.0,200,Sell,231765547
2024-08-15 10:26:26,128500.0,500,Buy,231765773
2024-08-15 10:26:35,128400.0,3000,Sell,231766002
2024-08-15 10:26:39,128500.0,300,Buy,231766081
2024-08-15 10:26:39,128500.0,800,Buy,231766082
2024-08-15 10:26:39,128400.0,1000,Sell,231766083
2024-08-15 10:26:39,128500.0,300,Buy,231766080
2024-08-15 10:26:41,128500.0,100,Buy,231766164
2024-08-15 10:26:43,128500.0,400,Buy,231766244
2024-08-15 10:26:43,128500.0,100,Buy,231766245
2024-08-15 10:26:43,128500.0,1600,Buy,231766243
2024-08-15 10:26:43,128500.0,500,Buy,231766246
2024-08-15 10:26:43,128500.0,500,Buy,231766241
2024-08-15 10:26:43,128500.0,100,Buy,231766240
2024-08-15 10:26:43,128500.0,300,Buy,231766242
2024-08-15 10:26:43,128500.0,100,Buy,231766239
2024-08-15 10:27:02,128500.0,100,Sell,231766653
2024-08-15 10:27:38,128500.0,500,Sell,231767376
2024-08-15 10:27:43,128500.0,200,Sell,231767455
2024-08-15 10:27:49,128500.0,100,Sell,231767551
2024-08-15 10:27:50,128500.0,300,Sell,231767575
2024-08-15 10:28:12,128600.0,900,Buy,231768005
2024-08-15 10:28:12,128600.0,100,Buy,231768006
2024-08-15 10:28:16,128500.0,100,Sell,231768076
2024-08-15 10:28:38,128500.0,100,Sell,231768580
2024-08-15 10:28:38,128500.0,200,Sell,231768581
2024-08-15 10:28:40,128500.0,100,Sell,231768629
2024-08-15 10:28:40,128500.0,100,Sell,231768630
2024-08-15 10:28:48,128500.0,500,Sell,231768863
2024-08-15 10:29:09,128600.0,500,Buy,231769289
2024-08-15 10:29:17,128500.0,100,Sell,231769449
2024-08-15 10:29:18,128600.0,300,Buy,231769472
2024-08-15 10:29:18,128600.0,500,Buy,231769473
2024-08-15 10:29:18,128600.0,3000,Buy,231769474
2024-08-15 10:29:18,128600.0,1200,Buy,231769475
2024-08-15 10:29:19,128600.0,200,Buy,231769482
2024-08-15 10:29:19,128600.0,100,Buy,231769483
2024-08-15 10:29:26,128600.0,300,Buy,231769630
2024-08-15 10:29:26,128600.0,2000,Buy,231769618
2024-08-15 10:29:31,128600.0,1000,Buy,231769719
2024-08-15 10:29:32,128600.0,400,Buy,231769733
2024-08-15 10:29:32,128600.0,400,Buy,231769742
2024-08-15 10:29:32,128600.0,100,Buy,231769741
2024-08-15 10:29:32,128600.0,300,Buy,231769740
2024-08-15 10:29:32,128600.0,200,Buy,231769739
2024-08-15 10:29:32,128600.0,200,Buy,231769732
2024-08-15 10:29:32,128600.0,500,Buy,231769737
2024-08-15 10:29:32,128600.0,400,Buy,231769736
2024-08-15 10:29:32,128600.0,200,Buy,231769735
2024-08-15 10:29:32,128600.0,500,Buy,231769734
2024-08-15 10:29:32,128600.0,200,Buy,231769738
2024-08-15 10:29:41,128600.0,500,Sell,231769949
2024-08-15 10:29:48,128600.0,100,Sell,231770035
2024-08-15 10:29:48,128600.0,400,Sell,231770036
2024-08-15 10:29:50,128600.0,100,Sell,231770067
2024-08-15 10:29:50,128600.0,2900,Sell,231770068
2024-08-15 10:29:57,128600.0,2100,Sell,231770179
2024-08-15 10:29:57,128600.0,900,Sell,231770180
2024-08-15 10:30:03,128600.0,100,Sell,231770262
2024-08-15 10:30:09,128600.0,400,Sell,231770416
2024-08-15 10:30:09,128600.0,100,Sell,231770415
2024-08-15 10:30:09,128600.0,100,Sell,231770413
2024-08-15 10:30:09,128600.0,100,Sell,231770414
2024-08-15 10:30:09,128600.0,1500,Sell,231770411
2024-08-15 10:30:09,128600.0,1500,Sell,231770412
2024-08-15 10:30:09,128600.0,1000,Sell,231770410
2024-08-15 10:30:09,128600.0,1000,Sell,231770409
2024-08-15 10:30:09,128600.0,700,Sell,231770408
2024-08-15 10:30:14,128600.0,2000,Buy,231770501
2024-08-15 10:30:14,128600.0,1600,Buy,231770510
2024-08-15 10:31:00,128600.0,200,Sell,231771277
2024-08-15 10:31:06,128600.0,400,Sell,231771392
2024-08-15 10:31:43,128600.0,100,Sell,231771977
2024-08-15 10:31:51,128700.0,2700,Buy,231772125
2024-08-15 10:31:51,128700.0,2100,Buy,231772126
2024-08-15 10:31:51,128700.0,100,Buy,231772127
2024-08-15 10:31:51,128700.0,100,Buy,231772128
2024-08-15 10:32:01,128700.0,100,Buy,231772271
2024-08-15 10:32:05,128700.0,400,Buy,231772337
2024-08-15 10:32:05,128700.0,100,Buy,231772336
2024-08-15 10:32:09,128700.0,300,Buy,231772604
2024-08-15 10:32:09,128700.0,300,Buy,231772603
2024-08-15 10:32:24,128600.0,100,Sell,231772853
2024-08-15 10:32:24,128600.0,100,Sell,231772854
2024-08-15 10:32:24,128600.0,300,Sell,231772855
2024-08-15 10:33:08,128700.0,200,Buy,231773521
2024-08-15 10:33:41,128600.0,400,Sell,231774052
2024-08-15 10:33:42,128700.0,100,Buy,231774059
2024-08-15 10:34:22,128700.0,500,Sell,231774617
2024-08-15 10:34:22,128700.0,100,Sell,231774616
2024-08-15 10:34:52,128700.0,100,Sell,231775113
2024-08-15 10:34:59,128700.0,500,Sell,231775207
2024-08-15 10:35:20,128800.0,100,Buy,231775604
2024-08-15 10:35:40,128700.0,500,Sell,231775899
2024-08-15 10:35:40,128700.0,100,Sell,231775900
2024-08-15 10:35:40,128700.0,500,Sell,231775901
2024-08-15 10:35:40,128700.0,800,Sell,231775902
2024-08-15 10:35:40,128700.0,800,Sell,231775903
2024-08-15 10:35:40,128700.0,500,Sell,231775904
2024-08-15 10:35:40,128700.0,100,Sell,231775905
2024-08-15 10:35:40,128700.0,100,Buy,231775906
2024-08-15 10:35:40,128700.0,900,Sell,231775898
2024-08-15 10:35:58,128700.0,100,Buy,231776247
2024-08-15 10:36:04,128600.0,2500,Sell,231776308
2024-08-15 10:36:17,128600.0,400,Sell,231776497
2024-08-15 10:36:47,128600.0,500,Sell,231776902
2024-08-15 10:36:47,128600.0,500,Sell,231776903
2024-08-15 10:36:47,128600.0,500,Sell,231776904
2024-08-15 10:36:47,128600.0,100,Sell,231776905
2024-08-15 10:36:47,128600.0,1400,Sell,231776901
2024-08-15 10:37:01,128600.0,100,Sell,231777084
2024-08-15 10:37:01,128600.0,500,Sell,231777085
2024-08-15 10:37:01,128600.0,500,Sell,231777086
2024-08-15 10:37:01,128600.0,300,Sell,231777087
2024-08-15 10:37:01,128600.0,500,Sell,231777088
2024-08-15 10:37:01,128600.0,100,Sell,231777089
2024-08-15 10:37:01,128600.0,300,Sell,231777090
2024-08-15 10:37:35,128500.0,100,Sell,231777553
2024-08-15 10:37:35,128500.0,300,Sell,231777552
2024-08-15 10:37:37,128600.0,500,Buy,231777568
2024-08-15 10:37:41,128600.0,100,Buy,231777655
2024-08-15 10:38:03,128600.0,200,Buy,231777979
2024-08-15 10:38:19,128600.0,1000,Buy,231778176
2024-08-15 10:38:22,128600.0,500,Buy,231778226
2024-08-15 10:38:25,128600.0,300,Buy,231778295
2024-08-15 10:38:29,128600.0,400,Buy,231778365
2024-08-15 10:38:37,128600.0,200,Buy,231778466
2024-08-15 10:38:37,128600.0,200,Buy,231778467
2024-08-15 10:38:37,128600.0,100,Buy,231778468
2024-08-15 10:38:40,128600.0,700,Buy,231778488
2024-08-15 10:38:40,128600.0,500,Buy,231778489
2024-08-15 10:38:53,128600.0,500,Sell,231778659
2024-08-15 10:40:10,128600.0,100,Sell,231779515
2024-08-15 10:40:10,128600.0,300,Sell,231779514
2024-08-15 10:40:27,128700.0,600,Buy,231779759
2024-08-15 10:40:27,128700.0,1300,Buy,231779760
2024-08-15 10:40:50,128700.0,200,Buy,231780109
2024-08-15 10:40:52,128700.0,500,Buy,231780140
2024-08-15 10:41:14,128700.0,500,Buy,231780438
2024-08-15 10:41:28,128600.0,200,Sell,231780601
2024-08-15 10:41:28,128600.0,100,Sell,231780602
2024-08-15 10:41:28,128600.0,200,Sell,231780603
2024-08-15 10:41:31,128700.0,100,Buy,231780657
2024-08-15 10:41:31,128700.0,400,Buy,231780656
2024-08-15 10:41:31,128700.0,2500,Buy,231780652
2024-08-15 10:41:31,128700.0,1000,Buy,231780654
2024-08-15 10:41:31,128700.0,600,Buy,231780655
2024-08-15 10:41:31,128700.0,100,Buy,231780653
2024-08-15 10:41:56,128700.0,500,Sell,231781006
2024-08-15 10:42:46,128700.0,400,Sell,231781519
2024-08-15 10:42:55,128700.0,200,Sell,231781677
2024-08-15 10:43:27,128700.0,100,Sell,231782067
2024-08-15 10:43:54,128700.0,400,Sell,231782431
2024-08-15 10:43:54,128700.0,100,Sell,231782430
2024-08-15 10:43:54,128700.0,500,Sell,231782433
2024-08-15 10:43:54,128700.0,100,Sell,231782428
2024-08-15 10:43:54,128700.0,300,Sell,231782427
2024-08-15 10:43:54,128700.0,100,Sell,231782429
2024-08-15 10:43:54,128700.0,500,Sell,231782432
2024-08-15 10:44:04,128600.0,300,Sell,231782565
2024-08-15 10:44:04,128600.0,200,Sell,231782566
2024-08-15 10:44:08,128700.0,100,Buy,231782624
2024-08-15 10:44:16,128600.0,100,Sell,231782721
2024-08-15 10:44:16,128600.0,100,Sell,231782722
2024-08-15 10:44:16,128600.0,400,Sell,231782723
2024-08-15 10:44:16,128600.0,400,Sell,231782724
2024-08-15 10:44:24,128700.0,100,Buy,231782804
2024-08-15 10:44:38,128600.0,100,Sell,231782969
2024-08-15 10:44:38,128600.0,100,Sell,231782968
2024-08-15 10:45:09,128600.0,1000,Sell,231783385
2024-08-15 10:45:21,128600.0,400,Sell,231783535
2024-08-15 10:45:21,128600.0,200,Sell,231783484
2024-08-15 10:45:30,128700.0,100,Buy,231783651
2024-08-15 10:46:39,128600.0,400,Sell,231784591
2024-08-15 10:46:51,128600.0,100,Sell,231784697
2024-08-15 10:47:39,128700.0,300,Buy,231785266
2024-08-15 10:47:39,128600.0,2800,Sell,231785267
2024-08-15 10:47:39,128600.0,200,Sell,231785268
2024-08-15 10:47:39,128600.0,7000,Sell,231785269
2024-08-15 10:47:57,128600.0,500,Sell,231785444
2024-08-15 10:48:06,128600.0,100,Sell,231785518
2024-08-15 10:48:09,128600.0,2400,Sell,231785549
2024-08-15 10:48:29,128600.0,100,Sell,231785853
2024-08-15 10:48:29,128600.0,100,Sell,231785854
2024-08-15 10:48:29,128600.0,200,Sell,231785852
2024-08-15 10:49:15,128600.0,100,Sell,231786300
2024-08-15 10:49:15,128600.0,300,Sell,231786301
2024-08-15 10:49:43,128600.0,200,Sell,231786530
2024-08-15 10:49:44,128600.0,100,Sell,231786534
2024-08-15 10:49:53,128600.0,300,Sell,231786610
2024-08-15 10:50:16,128600.0,100,Sell,231786990
2024-08-15 10:50:26,128600.0,100,Sell,231787083
2024-08-15 10:50:26,128600.0,200,Sell,231787082
2024-08-15 10:50:26,128600.0,100,Sell,231787080
2024-08-15 10:50:26,128600.0,100,Sell,231787081
2024-08-15 10:50:26,128600.0,100,Sell,231787079
2024-08-15 10:50:33,128600.0,400,Sell,231787172
2024-08-15 10:50:33,128600.0,100,Sell,231787173
2024-08-15 10:50:37,128500.0,4400,Sell,231787226
2024-08-15 10:50:37,128500.0,300,Sell,231787225
2024-08-15 10:50:37,128500.0,100,Sell,231787224
2024-08-15 10:50:37,128500.0,300,Sell,231787223
2024-08-15 10:50:37,128500.0,100,Sell,231787222
2024-08-15 10:50:37,128500.0,2500,Sell,231787221
2024-08-15 10:50:37,128600.0,400,Sell,231787214
2024-08-15 10:50:37,128500.0,500,Sell,231787219
2024-08-15 10:50:37,128500.0,2400,Sell,231787218
2024-08-15 10:50:37,128600.0,100,Sell,231787217
2024-08-15 10:50:37,128600.0,100,Sell,231787216
2024-08-15 10:50:37,128600.0,3700,Sell,231787215
2024-08-15 10:50:37,128500.0,100,Sell,231787220
2024-08-15 10:51:31,128600.0,1000,Buy,231788003
2024-08-15 10:51:37,128500.0,2000,Sell,231788081
2024-08-15 10:51:50,128500.0,400,Sell,231788194
2024-08-15 10:52:19,128500.0,1000,Sell,231788581
2024-08-15 10:52:26,128500.0,1500,Sell,231788683
2024-08-15 10:52:30,128500.0,500,Sell,231788732
2024-08-15 10:52:30,128500.0,200,Sell,231788737
2024-08-15 10:52:30,128500.0,100,Sell,231788736
2024-08-15 10:52:30,128500.0,200,Sell,231788734
2024-08-15 10:52:30,128500.0,500,Sell,231788733
2024-08-15 10:52:30,128500.0,100,Sell,231788731
2024-08-15 10:52:30,128500.0,1100,Sell,231788735
2024-08-15 10:52:30,128500.0,300,Sell,231788729
2024-08-15 10:52:30,128500.0,100,Sell,231788728
2024-08-15 10:52:30,128500.0,100,Sell,231788727
2024-08-15 10:52:30,128500.0,700,Sell,231788724
2024-08-15 10:52:30,128500.0,200,Sell,231788726
2024-08-15 10:52:30,128500.0,500,Sell,231788725
2024-08-15 10:52:30,128500.0,500,Sell,231788730
2024-08-15 10:53:02,128500.0,200,Sell,231789243
2024-08-15 10:53:02,128500.0,100,Sell,231789242
2024-08-15 10:53:02,128500.0,100,Sell,231789244
2024-08-15 10:53:02,128500.0,500,Sell,231789240
2024-08-15 10:53:02,128500.0,4000,Sell,231789239
2024-08-15 10:53:02,128500.0,100,Sell,231789238
2024-08-15 10:53:02,128500.0,100,Sell,231789241
2024-08-15 10:53:08,128500.0,100,Sell,231789355
2024-08-15 10:53:08,128500.0,100,Sell,231789356
2024-08-15 10:53:08,128500.0,100,Sell,231789357
2024-08-15 10:53:08,128500.0,200,Sell,231789358
2024-08-15 10:54:26,128500.0,300,Sell,231790342
2024-08-15 10:54:26,128500.0,100,Sell,231790343
2024-08-15 10:54:33,128500.0,100,Sell,231790463
2024-08-15 10:54:46,128500.0,200,Sell,231790585
2024-08-15 10:54:59,128500.0,400,Sell,231790749
2024-08-15 10:54:59,128500.0,500,Sell,231790748
2024-08-15 10:54:59,128500.0,500,Sell,231790746
2024-08-15 10:54:59,128500.0,100,Sell,231790745
2024-08-15 10:54:59,128500.0,100,Sell,231790747
2024-08-15 10:54:59,128500.0,1600,Sell,231790743
2024-08-15 10:54:59,128500.0,100,Sell,231790742
2024-08-15 10:54:59,128500.0,100,Sell,231790741
2024-08-15 10:54:59,128500.0,100,Sell,231790740
2024-08-15 10:54:59,128500.0,100,Sell,231790744
2024-08-15 10:55:19,128500.0,100,Sell,231791173
2024-08-15 10:55:42,128500.0,300,Sell,231791414
2024-08-15 10:55:44,128500.0,300,Sell,231791447
2024-08-15 10:55:44,128500.0,100,Sell,231791448
2024-08-15 10:55:45,128500.0,200,Sell,231791455
2024-08-15 10:55:45,128500.0,200,Sell,231791456
2024-08-15 10:55:45,128500.0,400,Sell,231791457
2024-08-15 10:55:45,128500.0,200,Sell,231791458
2024-08-15 10:56:10,128500.0,100,Sell,231791799
2024-08-15 10:56:53,128500.0,500,Sell,231792554
2024-08-15 10:56:53,128500.0,500,Sell,231792555
2024-08-15 10:56:53,128500.0,100,Sell,231792556
2024-08-15 10:56:53,128500.0,100,Sell,231792557
2024-08-15 10:56:53,128500.0,700,Sell,231792553
2024-08-15 10:56:57,128500.0,500,Sell,231792607
2024-08-15 10:56:57,128500.0,100,Sell,231792608
2024-08-15 10:56:57,128500.0,100,Sell,231792609
2024-08-15 10:57:01,128400.0,400,Sell,231792652
2024-08-15 10:57:14,128400.0,100,Sell,231792797
2024-08-15 10:57:14,128400.0,100,Sell,231792796
2024-08-15 10:57:14,128400.0,100,Sell,231792795
2024-08-15 10:57:14,128400.0,100,Sell,231792791
2024-08-15 10:57:14,128400.0,100,Sell,231792793
2024-08-15 10:57:14,128400.0,200,Sell,231792792
2024-08-15 10:57:14,128400.0,200,Sell,231792790
2024-08-15 10:57:14,128400.0,100,Sell,231792794
2024-08-15 10:57:27,128500.0,100,Sell,231792988
2024-08-15 10:57:27,128400.0,400,Sell,231792989
2024-08-15 10:57:27,128400.0,500,Sell,231792990
2024-08-15 10:57:27,128400.0,500,Sell,231792991
2024-08-15 10:57:27,128400.0,500,Sell,231792992
2024-08-15 10:57:41,128400.0,1500,Sell,231793224
2024-08-15 10:58:19,128500.0,400,Sell,231793751
2024-08-15 10:58:20,128500.0,200,Sell,231793755
2024-08-15 10:58:35,128500.0,100,Sell,231793983
2024-08-15 10:59:09,128500.0,100,Sell,231794607
2024-08-15 10:59:09,128500.0,200,Sell,231794609
2024-08-15 10:59:09,128500.0,200,Sell,231794610
2024-08-15 10:59:09,128500.0,100,Sell,231794611
2024-08-15 10:59:09,128500.0,100,Sell,231794612
2024-08-15 10:59:09,128500.0,100,Sell,231794613
2024-08-15 10:59:22,128500.0,200,Buy,231794821
2024-08-15 10:59:22,128500.0,100,Buy,231794822
2024-08-15 10:59:32,128400.0,1300,Sell,231794985
2024-08-15 10:59:32,128500.0,200,Sell,231794984
2024-08-15 10:59:35,128400.0,1500,Sell,231795043
2024-08-15 10:59:38,128400.0,500,Sell,231795071
2024-08-15 11:00:01,128500.0,100,Buy,231795436
2024-08-15 11:00:04,128500.0,100,Buy,231795480
2024-08-15 11:00:16,128500.0,300,Sell,231795630
2024-08-15 11:00:30,128500.0,200,Sell,231795767
2024-08-15 11:00:30,128500.0,100,Sell,231795768
2024-08-15 11:00:59,128400.0,1000,Sell,231796165
2024-08-15 11:00:59,128400.0,100,Sell,231796168
2024-08-15 11:00:59,128400.0,100,Sell,231796169
2024-08-15 11:00:59,128400.0,500,Sell,231796170
2024-08-15 11:00:59,128400.0,200,Sell,231796171
2024-08-15 11:00:59,128400.0,500,Sell,231796173
2024-08-15 11:00:59,128400.0,5000,Sell,231796164
2024-08-15 11:00:59,128400.0,100,Sell,231796174
2024-08-15 11:00:59,128400.0,100,Sell,231796175
2024-08-15 11:00:59,128400.0,1000,Sell,231796176
2024-08-15 11:00:59,128400.0,100,Sell,231796177
2024-08-15 11:00:59,128400.0,100,Sell,231796178
2024-08-15 11:00:59,128400.0,100,Sell,231796172
2024-08-15 11:00:59,128400.0,200,Sell,231796163
2024-08-15 11:00:59,128400.0,100,Sell,231796167
2024-08-15 11:00:59,128400.0,100,Sell,231796161
2024-08-15 11:00:59,128400.0,19700,Sell,231796147
2024-08-15 11:00:59,128400.0,100,Sell,231796148
2024-08-15 11:00:59,128400.0,200,Sell,231796162
2024-08-15 11:00:59,128400.0,100,Sell,231796150
2024-08-15 11:00:59,128400.0,100,Sell,231796151
2024-08-15 11:00:59,128400.0,3000,Sell,231796152
2024-08-15 11:00:59,128400.0,100,Sell,231796153
2024-08-15 11:00:59,128400.0,3200,Sell,231796149
2024-08-15 11:00:59,128400.0,200,Sell,231796155
2024-08-15 11:00:59,128400.0,100,Sell,231796154
2024-08-15 11:00:59,128400.0,600,Sell,231796160
2024-08-15 11:00:59,128400.0,500,Sell,231796159
2024-08-15 11:00:59,128400.0,100,Sell,231796166
2024-08-15 11:00:59,128400.0,100,Sell,231796158
2024-08-15 11:00:59,128400.0,100,Sell,231796157
2024-08-15 11:00:59,128400.0,100,Sell,231796156
2024-08-15 11:01:07,128400.0,500,Buy,231796286
2024-08-15 11:01:10,128400.0,100,Buy,231796316
2024-08-15 11:01:55,128400.0,100,Buy,231796991
2024-08-15 11:02:10,128300.0,200,Sell,231797232
2024-08-15 11:02:13,128300.0,300,Sell,231797290
2024-08-15 11:02:13,128300.0,100,Sell,231797291
2024-08-15 11:02:13,128300.0,4600,Sell,231797292
2024-08-15 11:02:21,128400.0,1700,Buy,231797462
2024-08-15 11:02:49,128400.0,500,Buy,231797847
2024-08-15 11:02:52,128400.0,500,Buy,231797881
2024-08-15 11:02:53,128400.0,100,Buy,231797883
2024-08-15 11:03:17,128400.0,100,Buy,231798473
2024-08-15 11:03:27,128300.0,200,Sell,231798671
2024-08-15 11:03:27,128300.0,100,Sell,231798681
2024-08-15 11:03:27,128300.0,300,Sell,231798680
2024-08-15 11:03:27,128300.0,500,Sell,231798679
2024-08-15 11:03:27,128300.0,200,Sell,231798678
2024-08-15 11:03:27,128300.0,200,Sell,231798677
2024-08-15 11:03:27,128300.0,400,Sell,231798670
2024-08-15 11:03:27,128300.0,300,Sell,231798675
2024-08-15 11:03:27,128300.0,100,Sell,231798674
2024-08-15 11:03:27,128300.0,100,Sell,231798673
2024-08-15 11:03:27,128300.0,100,Sell,231798672
2024-08-15 11:03:27,128300.0,100,Sell,231798676
2024-08-15 11:03:30,128300.0,100,Buy,231798737
2024-08-15 11:03:37,128300.0,800,Buy,231798972
2024-08-15 11:03:53,128300.0,200,Buy,231799215
2024-08-15 11:04:09,128200.0,100,Sell,231799453
2024-08-15 11:04:19,128300.0,100,Buy,231799551
2024-08-15 11:04:19,128300.0,100,Buy,231799552
2024-08-15 11:04:29,128300.0,500,Buy,231799657
2024-08-15 11:04:32,128300.0,100,Buy,231799702
2024-08-15 11:04:38,128300.0,400,Buy,231799809
2024-08-15 11:04:38,128300.0,100,Buy,231799810
2024-08-15 11:04:48,128300.0,300,Buy,231800034
2024-08-15 11:04:51,128300.0,600,Buy,231800088
2024-08-15 11:04:51,128300.0,100,Buy,231800086
2024-08-15 11:04:51,128300.0,100,Buy,231800087
2024-08-15 11:04:52,128300.0,100,Buy,231800120
2024-08-15 11:05:05,128200.0,100,Sell,231800472
2024-08-15 11:05:14,128200.0,100,Sell,231800618
2024-08-15 11:05:22,128300.0,1700,Buy,231800784
2024-08-15 11:05:28,128300.0,1000,Buy,231800872
2024-08-15 11:05:28,128300.0,1000,Buy,231800873
2024-08-15 11:05:32,128300.0,100,Buy,231800928
2024-08-15 11:05:39,128300.0,600,Buy,231801033
2024-08-15 11:05:39,128300.0,2600,Buy,231801034
2024-08-15 11:05:41,128300.0,2500,Buy,231801051
2024-08-15 11:06:00,128300.0,100,Sell,231801297
2024-08-15 11:06:33,128300.0,400,Sell,231801754
2024-08-15 11:06:33,128300.0,100,Sell,231801755
2024-08-15 11:06:39,128300.0,300,Sell,231801822
2024-08-15 11:06:43,128300.0,100,Sell,231801890
2024-08-15 11:06:44,128300.0,500,Sell,231801898
2024-08-15 11:06:48,128300.0,300,Sell,231801947
2024-08-15 11:06:56,128300.0,100,Sell,231802049
2024-08-15 11:06:56,128300.0,100,Sell,231802077
2024-08-15 11:07:02,128300.0,100,Sell,231802156
2024-08-15 11:07:11,128300.0,800,Sell,231802325
2024-08-15 11:07:11,128300.0,800,Sell,231802324
2024-08-15 11:07:11,128300.0,500,Sell,231802323
2024-08-15 11:07:11,128300.0,100,Sell,231802321
2024-08-15 11:07:11,128300.0,200,Sell,231802320
2024-08-15 11:07:11,128300.0,400,Sell,231802318
2024-08-15 11:07:11,128300.0,100,Sell,231802322
2024-08-15 11:07:11,128300.0,100,Sell,231802319
2024-08-15 11:07:27,128300.0,100,Sell,231802541
2024-08-15 11:07:52,128300.0,200,Sell,231802863
2024-08-15 11:07:52,128300.0,100,Sell,231802858
2024-08-15 11:08:11,128300.0,200,Sell,231803151
2024-08-15 11:08:12,128400.0,200,Buy,231803201
2024-08-15 11:08:13,128300.0,100,Sell,231803212
2024-08-15 11:08:13,128300.0,100,Sell,231803213
2024-08-15 11:08:22,128400.0,2000,Buy,231803404
2024-08-15 11:08:26,128300.0,100,Sell,231803487
2024-08-15 11:08:26,128300.0,500,Sell,231803484
2024-08-15 11:08:26,128300.0,500,Sell,231803486
2024-08-15 11:08:26,128300.0,200,Sell,231803482
2024-08-15 11:08:26,128300.0,100,Sell,231803481
2024-08-15 11:08:26,128300.0,500,Sell,231803483
2024-08-15 11:08:26,128300.0,100,Sell,231803485
2024-08-15 11:08:39,128300.0,100,Sell,231803632
2024-08-15 11:08:48,128300.0,100,Sell,231803707
2024-08-15 11:09:43,128300.0,100,Sell,231804503
2024-08-15 11:10:39,128300.0,100,Sell,231805361
2024-08-15 11:10:56,128300.0,300,Sell,231805545
2024-08-15 11:11:35,128300.0,100,Sell,231805950
2024-08-15 11:11:45,128300.0,100,Sell,231806086
2024-08-15 11:12:04,128400.0,200,Buy,231806379
2024-08-15 11:12:28,128400.0,300,Buy,231806662
2024-08-15 11:12:31,128300.0,100,Sell,231806706
2024-08-15 11:12:44,128400.0,1800,Buy,231807014
2024-08-15 11:12:53,128400.0,500,Buy,231807114
2024-08-15 11:12:56,128400.0,100,Buy,231807174
2024-08-15 11:13:03,128400.0,1000,Buy,231807296
2024-08-15 11:13:04,128400.0,2600,Buy,231807330
2024-08-15 11:13:05,128400.0,100,Buy,231807331
2024-08-15 11:13:05,128400.0,100,Buy,231807332
2024-08-15 11:13:05,128400.0,300,Buy,231807333
2024-08-15 11:13:05,128400.0,100,Buy,231807334
2024-08-15 11:13:05,128400.0,1800,Buy,231807335
2024-08-15 11:13:07,128400.0,100,Buy,231807368
2024-08-15 11:13:09,128400.0,200,Buy,231807449
2024-08-15 11:13:09,128400.0,100,Buy,231807451
2024-08-15 11:13:09,128400.0,100,Buy,231807448
2024-08-15 11:13:10,128400.0,1000,Buy,231807458
2024-08-15 11:13:13,128400.0,1700,Buy,231807497
2024-08-15 11:13:13,128400.0,400,Buy,231807498
2024-08-15 11:13:14,128400.0,1600,Buy,231807511
2024-08-15 11:13:14,128400.0,300,Sell,231807520
2024-08-15 11:13:15,128300.0,100,Sell,231807537
2024-08-15 11:13:17,128400.0,1000,Buy,231807550
2024-08-15 11:13:18,128400.0,100,Buy,231807565
2024-08-15 11:13:18,128400.0,100,Buy,231807563
2024-08-15 11:13:18,128400.0,200,Buy,231807564
2024-08-15 11:13:21,128400.0,100,Buy,231807597
2024-08-15 11:13:23,128400.0,200,Buy,231807626
2024-08-15 11:13:27,128400.0,100,Sell,231807694
2024-08-15 11:13:49,128400.0,200,Sell,231807971
2024-08-15 11:13:49,128400.0,500,Sell,231807972
2024-08-15 11:13:49,128400.0,500,Sell,231807973
2024-08-15 11:13:49,128400.0,1000,Sell,231807974
2024-08-15 11:13:49,128400.0,1000,Sell,231807975
2024-08-15 11:13:49,128400.0,500,Sell,231807976
2024-08-15 11:13:49,128400.0,200,Sell,231807977
2024-08-15 11:13:49,128400.0,1000,Sell,231807978
2024-08-15 11:14:01,128400.0,500,Sell,231808241
2024-08-15 11:14:23,128400.0,100,Sell,231808533
2024-08-15 11:14:23,128500.0,100,Buy,231808532
2024-08-15 11:14:24,128400.0,400,Sell,231808546
2024-08-15 11:14:24,128400.0,3700,Sell,231808547
2024-08-15 11:14:24,128400.0,400,Sell,231808548
2024-08-15 11:14:52,128400.0,100,Sell,231809001
2024-08-15 11:15:04,128400.0,300,Sell,231809134
2024-08-15 11:15:19,128400.0,100,Sell,231809278
2024-08-15 11:15:39,128400.0,100,Sell,231809564
2024-08-15 11:15:39,128400.0,100,Sell,231809565
2024-08-15 11:15:39,128400.0,900,Sell,231809566
2024-08-15 11:15:56,128400.0,400,Sell,231809837
2024-08-15 11:15:56,128400.0,500,Sell,231809836
2024-08-15 11:15:56,128400.0,100,Sell,231809835
2024-08-15 11:15:58,128400.0,300,Sell,231809853
2024-08-15 11:16:15,128400.0,100,Sell,231810096
2024-08-15 11:16:45,128400.0,200,Sell,231810766
2024-08-15 11:16:45,128400.0,300,Sell,231810767
2024-08-15 11:16:59,128500.0,300,Buy,231811006
2024-08-15 11:16:59,128500.0,500,Buy,231811007
2024-08-15 11:16:59,128500.0,2800,Buy,231811008
2024-08-15 11:17:11,128400.0,100,Sell,231811150
2024-08-15 11:17:13,128400.0,300,Sell,231811168
2024-08-15 11:17:27,128400.0,100,Sell,231811886
2024-08-15 11:17:27,128400.0,100,Sell,231811885
2024-08-15 11:17:27,128400.0,1000,Sell,231811883
2024-08-15 11:17:27,128400.0,300,Sell,231811882
2024-08-15 11:17:27,128400.0,100,Sell,231811884
2024-08-15 11:17:31,128500.0,1200,Buy,231812056
2024-08-15 11:17:31,128500.0,1500,Buy,231812057
2024-08-15 11:17:39,128500.0,2500,Buy,231812318
2024-08-15 11:17:39,128500.0,600,Buy,231812319
2024-08-15 11:17:39,128500.0,900,Buy,231812320
2024-08-15 11:17:39,128500.0,2000,Buy,231812321
2024-08-15 11:17:47,128500.0,100,Buy,231812534
2024-08-15 11:17:51,128500.0,100,Buy,231812572
2024-08-15 11:17:53,128500.0,200,Buy,231812593
2024-08-15 11:17:53,128500.0,800,Buy,231812592
2024-08-15 11:17:54,128500.0,900,Buy,231812597
2024-08-15 11:17:54,128500.0,100,Buy,231812598
2024-08-15 11:17:57,128500.0,100,Buy,231812645
2024-08-15 11:17:57,128500.0,100,Buy,231812646
2024-08-15 11:17:57,128500.0,100,Buy,231812647
2024-08-15 11:17:57,128500.0,500,Buy,231812648
2024-08-15 11:18:07,128500.0,100,Sell,231812818
2024-08-15 11:18:13,128500.0,900,Sell,231812890
2024-08-15 11:18:13,128500.0,2600,Sell,231812891
2024-08-15 11:18:13,128500.0,1500,Sell,231812892
2024-08-15 11:18:36,128500.0,200,Sell,231813288
2024-08-15 11:18:47,128500.0,1800,Sell,231813617
2024-08-15 11:18:47,128500.0,500,Sell,231813616
2024-08-15 11:18:47,128500.0,700,Sell,231813614
2024-08-15 11:18:47,128500.0,2000,Sell,231813615
2024-08-15 11:19:03,128500.0,100,Sell,231813907
2024-08-15 11:19:11,128500.0,100,Sell,231814023
2024-08-15 11:19:11,128500.0,500,Sell,231814024
2024-08-15 11:19:11,128500.0,100,Sell,231814025
2024-08-15 11:19:11,128500.0,3100,Sell,231814026
2024-08-15 11:19:11,128500.0,400,Sell,231814027
2024-08-15 11:19:11,128500.0,800,Sell,231814028
2024-08-15 11:19:22,128500.0,100,Sell,231814289
2024-08-15 11:19:31,128600.0,900,Buy,231814407
2024-08-15 11:19:54,128500.0,100,Sell,231814871
2024-08-15 11:19:59,128500.0,100,Sell,231815053
2024-08-15 11:20:07,128500.0,400,Sell,231815143
2024-08-15 11:20:27,128500.0,300,Sell,231815568
2024-08-15 11:20:38,128500.0,1900,Sell,231815776
2024-08-15 11:20:38,128500.0,1000,Sell,231815777
2024-08-15 11:20:38,128500.0,100,Sell,231815778
2024-08-15 11:20:51,128500.0,200,Sell,231815937
2024-08-15 11:20:55,128500.0,100,Sell,231816055
2024-08-15 11:21:04,128500.0,3300,Sell,231816279
2024-08-15 11:21:04,128500.0,300,Sell,231816280
2024-08-15 11:21:16,128600.0,800,Buy,231816624
2024-08-15 11:21:30,128600.0,100,Buy,231816856
2024-08-15 11:21:41,128500.0,200,Sell,231817074
2024-08-15 11:21:41,128500.0,200,Sell,231817075
2024-08-15 11:21:43,128600.0,400,Buy,231817104
2024-08-15 11:21:52,128500.0,100,Sell,231817290
2024-08-15 11:22:30,128500.0,100,Sell,231818095
2024-08-15 11:22:47,128600.0,200,Buy,231818427
2024-08-15 11:22:48,128500.0,100,Sell,231818496
2024-08-15 11:22:53,128600.0,600,Buy,231818642
2024-08-15 11:22:53,128600.0,1100,Buy,231818643
2024-08-15 11:22:53,128600.0,1700,Buy,231818647
2024-08-15 11:22:58,128600.0,500,Buy,231818732
2024-08-15 11:22:58,128600.0,100,Buy,231818733
2024-08-15 11:22:58,128600.0,1200,Buy,231818730
2024-08-15 11:22:58,128600.0,200,Buy,231818731
2024-08-15 11:23:13,128600.0,200,Buy,231819006
2024-08-15 11:23:13,128600.0,100,Buy,231819005
2024-08-15 11:23:19,128600.0,300,Buy,231819095
2024-08-15 11:23:41,128600.0,1500,Buy,231819437
2024-08-15 11:23:44,128500.0,100,Sell,231819499
2024-08-15 11:24:05,128500.0,200,Sell,231819869
2024-08-15 11:24:05,128500.0,200,Sell,231819870
2024-08-15 11:24:08,128600.0,1700,Buy,231819957
2024-08-15 11:24:08,128500.0,300,Sell,231819941
2024-08-15 11:24:08,128500.0,100,Sell,231819940
2024-08-15 11:24:08,128500.0,100,Sell,231819939
2024-08-15 11:24:08,128500.0,500,Sell,231819938
2024-08-15 11:24:08,128500.0,1000,Sell,231819937
2024-08-15 11:24:08,128500.0,100,Sell,231819936
2024-08-15 11:24:08,128500.0,1000,Sell,231819933
2024-08-15 11:24:08,128500.0,1000,Sell,231819934
2024-08-15 11:24:08,128500.0,100,Sell,231819931
2024-08-15 11:24:08,128500.0,500,Sell,231819930
2024-08-15 11:24:08,128500.0,500,Sell,231819929
2024-08-15 11:24:08,128500.0,300,Sell,231819928
2024-08-15 11:24:08,128500.0,500,Sell,231819935
2024-08-15 11:24:08,128500.0,1000,Sell,231819932
2024-08-15 11:24:13,128500.0,500,Sell,231820297
2024-08-15 11:24:13,128500.0,500,Sell,231820296
2024-08-15 11:24:17,128500.0,100,Sell,231820397
2024-08-15 11:24:21,128500.0,1000,Sell,231820479
2024-08-15 11:24:40,128500.0,100,Sell,231820902
2024-08-15 11:24:40,128500.0,100,Sell,231820905
2024-08-15 11:24:47,128500.0,200,Sell,231821009
2024-08-15 11:24:57,128500.0,100,Sell,231821333
2024-08-15 11:24:57,128500.0,100,Sell,231821334
2024-08-15 11:25:31,128500.0,100,Buy,231821951
2024-08-15 11:25:32,128500.0,100,Buy,231821963
2024-08-15 11:25:33,128500.0,100,Buy,231821979
2024-08-15 11:25:37,128500.0,100,Sell,231822036
2024-08-15 11:25:40,128500.0,500,Sell,231822098
2024-08-15 11:25:49,128500.0,200,Buy,231822275
2024-08-15 11:25:50,128500.0,100,Buy,231822312
2024-08-15 11:26:25,128400.0,200,Sell,231822805
2024-08-15 11:26:33,128400.0,100,Sell,231822911
2024-08-15 11:26:56,128500.0,1700,Buy,231823307
2024-08-15 11:27:03,128500.0,2600,Buy,231823536
2024-08-15 11:27:03,128500.0,2400,Buy,231823540
2024-08-15 11:27:06,128500.0,100,Buy,231823706
2024-08-15 11:27:07,128500.0,100,Buy,231823718
2024-08-15 11:27:07,128500.0,100,Buy,231823719
2024-08-15 11:27:07,128500.0,200,Buy,231823721
2024-08-15 11:27:07,128500.0,300,Buy,231823722
2024-08-15 11:27:07,128500.0,100,Buy,231823723
2024-08-15 11:27:11,128500.0,500,Buy,231823782
2024-08-15 11:27:11,128500.0,200,Buy,231823783
2024-08-15 11:27:11,128500.0,200,Buy,231823785
2024-08-15 11:27:11,128500.0,100,Buy,231823784
2024-08-15 11:27:18,128500.0,100,Buy,231823911
2024-08-15 11:27:22,128500.0,200,Buy,231823966
2024-08-15 11:27:28,128500.0,300,Sell,231824102
2024-08-15 11:27:28,128500.0,400,Sell,231824103
2024-08-15 11:27:30,128400.0,100,Sell,231824217
2024-08-15 11:27:30,128500.0,200,Buy,231824219
2024-08-15 11:27:35,128500.0,100,Buy,231824286
2024-08-15 11:28:07,128500.0,1500,Buy,231824725
2024-08-15 11:28:07,128500.0,1500,Buy,231824726
2024-08-15 11:28:11,128500.0,100,Buy,231824800
2024-08-15 11:28:18,128500.0,500,Buy,231824926
2024-08-15 11:28:31,128500.0,100,Buy,231825144
2024-08-15 11:29:07,128500.0,200,Buy,231825915
2024-08-15 11:29:07,128500.0,300,Buy,231825914
2024-08-15 11:29:10,128400.0,100,Sell,231825946
2024-08-15 11:29:10,128400.0,100,Sell,231825947
2024-08-15 11:29:10,128400.0,100,Sell,231825948
2024-08-15 11:29:10,128400.0,1000,Sell,231825949
2024-08-15 11:29:10,128400.0,3700,Sell,231825950
2024-08-15 11:29:20,128400.0,1000,Sell,231826100
2024-08-15 12:59:38,128400.0,200,Sell,231826856
2024-08-15 12:59:39,128400.0,7800,Sell,231827431
2024-08-15 12:59:39,128400.0,100,Sell,231827430
2024-08-15 12:59:39,128400.0,500,Sell,231827429
2024-08-15 12:59:39,128400.0,500,Sell,231827428
2024-08-15 12:59:39,128400.0,100,Sell,231827425
2024-08-15 12:59:39,128400.0,500,Sell,231827426
2024-08-15 12:59:39,128400.0,100,Sell,231827424
2024-08-15 12:59:39,128500.0,100,Buy,231827234
2024-08-15 12:59:39,128400.0,500,Sell,231827427
2024-08-15 12:59:40,128400.0,400,Sell,231827769
2024-08-15 12:59:40,128400.0,100,Sell,231827996
2024-08-15 12:59:40,128400.0,300,Sell,231828111
2024-08-15 12:59:41,128400.0,200,Sell,231828454
2024-08-15 12:59:44,128400.0,200,Sell,231829166
2024-08-15 12:59:44,128600.0,800,Buy,231829109
2024-08-15 12:59:44,128600.0,1300,Buy,231829108
2024-08-15 12:59:44,128500.0,100,Buy,231829107
2024-08-15 12:59:44,128500.0,100,Buy,231829104
2024-08-15 12:59:44,128500.0,2000,Buy,231829105
2024-08-15 12:59:44,128500.0,600,Buy,231829103
2024-08-15 12:59:44,128500.0,100,Buy,231829012
2024-08-15 12:59:44,128500.0,100,Buy,231829106
2024-08-15 12:59:45,128500.0,200,Buy,231829366
2024-08-15 12:59:46,128600.0,300,Buy,231829637
2024-08-15 12:59:46,128500.0,100,Buy,231829596
2024-08-15 12:59:46,128500.0,600,Buy,231829597
2024-08-15 12:59:46,128500.0,200,Buy,231829594
2024-08-15 12:59:46,128500.0,800,Buy,231829593
2024-08-15 12:59:46,128500.0,1600,Buy,231829592
2024-08-15 12:59:46,128500.0,500,Buy,231829595
2024-08-15 12:59:47,128500.0,200,Sell,231829706
2024-08-15 12:59:47,128400.0,300,Sell,231829773
2024-08-15 12:59:48,128400.0,200,Sell,231829885
2024-08-15 12:59:49,128500.0,200,Sell,231830015
2024-08-15 12:59:52,128500.0,400,Sell,231830437
2024-08-15 12:59:52,128500.0,100,Sell,231830438
2024-08-15 12:59:52,128500.0,300,Sell,231830439
2024-08-15 12:59:52,128400.0,3700,Sell,231830440
2024-08-15 12:59:55,128500.0,100,Sell,231830724
2024-08-15 12:59:55,128400.0,200,Sell,231830725
2024-08-15 12:59:57,128400.0,1000,Sell,231830806
2024-08-15 13:00:00,128400.0,1700,Sell,231830998
2024-08-15 13:00:00,128500.0,300,Sell,231830997
2024-08-15 13:00:07,128400.0,1000,Sell,231831310
2024-08-15 13:00:09,128400.0,7900,Sell,231831355
2024-08-15 13:00:09,128400.0,100,Sell,231831356
2024-08-15 13:00:09,128400.0,400,Sell,231831357
2024-08-15 13:00:37,128500.0,100,Sell,231832363
2024-08-15 13:00:52,128500.0,1600,Sell,231832810
2024-08-15 13:00:52,128500.0,1200,Sell,231832811
2024-08-15 13:01:08,128500.0,100,Sell,231833294
2024-08-15 13:01:22,128600.0,1900,Buy,231833658
2024-08-15 13:01:22,128600.0,800,Buy,231833657
2024-08-15 13:01:22,128600.0,900,Buy,231833654
2024-08-15 13:01:22,128600.0,2000,Buy,231833655
2024-08-15 13:01:22,128600.0,400,Buy,231833656
2024-08-15 13:01:23,128500.0,100,Sell,231833708
2024-08-15 13:01:32,128500.0,400,Sell,231833941
2024-08-15 13:01:38,128500.0,100,Sell,231834087
2024-08-15 13:01:43,128600.0,600,Buy,231834239
2024-08-15 13:01:43,128600.0,700,Buy,231834240
2024-08-15 13:01:43,128600.0,200,Buy,231834241
2024-08-15 13:01:43,128600.0,200,Buy,231834242
2024-08-15 13:01:43,128600.0,200,Buy,231834243
2024-08-15 13:01:44,128500.0,900,Sell,231834375
2024-08-15 13:01:56,128600.0,100,Buy,231834712
2024-08-15 13:01:56,128600.0,600,Buy,231834713
2024-08-15 13:02:10,128600.0,100,Sell,231835103
2024-08-15 13:02:10,128600.0,100,Sell,231835104
2024-08-15 13:02:15,128600.0,100,Sell,231835230
2024-08-15 13:02:18,128600.0,300,Sell,231835310
2024-08-15 13:02:30,128600.0,1000,Sell,231835697
2024-08-15 13:02:37,128600.0,2000,Sell,231835850
2024-08-15 13:02:40,128600.0,100,Sell,231835925
2024-08-15 13:02:41,128600.0,100,Sell,231835986
2024-08-15 13:02:55,128600.0,100,Sell,231836412
2024-08-15 13:02:55,128600.0,5100,Sell,231836413
2024-08-15 13:02:55,128600.0,500,Sell,231836410
2024-08-15 13:02:55,128600.0,100,Sell,231836411
2024-08-15 13:02:55,128600.0,500,Sell,231836409
2024-08-15 13:03:03,128600.0,400,Buy,231836643
2024-08-15 13:03:08,128500.0,100,Sell,231836747
2024-08-15 13:03:30,128500.0,400,Sell,231837312
2024-08-15 13:03:33,128500.0,300,Sell,231837415
2024-08-15 13:03:37,128500.0,100,Sell,231837506
2024-08-15 13:03:40,128500.0,100,Sell,231837600
2024-08-15 13:04:02,128600.0,200,Buy,231838229
2024-08-15 13:04:11,128500.0,100,Sell,231838399
2024-08-15 13:04:16,128500.0,400,Sell,231838501
2024-08-15 13:04:23,128500.0,300,Sell,231838775
2024-08-15 13:04:27,128600.0,3000,Buy,231838848
2024-08-15 13:04:33,128600.0,100,Buy,231839014
2024-08-15 13:04:42,128600.0,100,Sell,231839247
2024-08-15 13:04:45,128600.0,600,Sell,231839342
2024-08-15 13:04:46,128600.0,200,Sell,231839351
2024-08-15 13:04:54,128600.0,500,Sell,231839584
2024-08-15 13:05:09,128600.0,2300,Sell,231840328
2024-08-15 13:05:13,128600.0,100,Sell,231840394
2024-08-15 13:05:25,128600.0,300,Sell,231840767
2024-08-15 13:05:25,128600.0,100,Sell,231840825
2024-08-15 13:05:35,128600.0,800,Sell,231841250
2024-08-15 13:05:35,128600.0,200,Sell,231841251
2024-08-15 13:05:41,128600.0,300,Sell,231841472
2024-08-15 13:05:42,128600.0,200,Sell,231841487
2024-08-15 13:05:44,128600.0,100,Sell,231841595
2024-08-15 13:05:49,128600.0,200,Sell,231841739
2024-08-15 13:05:53,128600.0,100,Sell,231841960
2024-08-15 13:05:53,128600.0,200,Sell,231841961
2024-08-15 13:05:53,128600.0,100,Sell,231841956
2024-08-15 13:05:58,128600.0,800,Sell,231842178
2024-08-15 13:05:58,128600.0,100,Sell,231842179
2024-08-15 13:05:58,128600.0,100,Sell,231842180
2024-08-15 13:06:11,128600.0,900,Sell,231842604
2024-08-15 13:06:11,128600.0,100,Sell,231842605
2024-08-15 13:06:16,128600.0,100,Sell,231842780
2024-08-15 13:06:28,128600.0,100,Sell,231843126
2024-08-15 13:06:28,128600.0,100,Sell,231843120
2024-08-15 13:06:36,128600.0,100,Sell,231843312
2024-08-15 13:06:36,128600.0,500,Sell,231843313
2024-08-15 13:06:36,128600.0,100,Sell,231843314
2024-08-15 13:06:36,128600.0,500,Sell,231843315
2024-08-15 13:06:36,128600.0,1000,Sell,231843316
2024-08-15 13:06:36,128600.0,400,Sell,231843317
2024-08-15 13:06:36,128600.0,1000,Sell,231843318
2024-08-15 13:06:36,128600.0,1000,Sell,231843319
2024-08-15 13:06:36,128500.0,500,Sell,231843320
2024-08-15 13:06:36,128500.0,500,Sell,231843321
2024-08-15 13:06:36,128600.0,100,Sell,231843311
2024-08-15 13:06:47,128500.0,100,Sell,231843531
2024-08-15 13:07:04,128500.0,5100,Sell,231843948
2024-08-15 13:07:04,128500.0,800,Sell,231843956
2024-08-15 13:07:04,128500.0,5100,Sell,231843955
2024-08-15 13:07:04,128500.0,3000,Sell,231843954
2024-08-15 13:07:04,128500.0,200,Sell,231843953
2024-08-15 13:07:04,128500.0,300,Sell,231843947
2024-08-15 13:07:04,128500.0,200,Sell,231843951
2024-08-15 13:07:04,128500.0,5100,Sell,231843950
2024-08-15 13:07:04,128500.0,100,Sell,231843949
2024-08-15 13:07:04,128500.0,12100,Sell,231843952
2024-08-15 13:07:14,128500.0,100,Sell,231844184
2024-08-15 13:07:18,128500.0,100,Sell,231844281
2024-08-15 13:07:48,128500.0,100,Sell,231845052
2024-08-15 13:07:49,128500.0,700,Sell,231845061
2024-08-15 13:07:53,128500.0,100,Sell,231845163
2024-08-15 13:07:53,128500.0,700,Sell,231845165
2024-08-15 13:07:53,128500.0,200,Sell,231845162
2024-08-15 13:07:53,128500.0,1000,Sell,231845164
2024-08-15 13:08:03,128500.0,100,Sell,231845521
2024-08-15 13:08:16,128500.0,100,Sell,231845877
2024-08-15 13:08:41,128500.0,600,Sell,231846701
2024-08-15 13:08:47,128500.0,100,Sell,231846857
2024-08-15 13:09:00,128500.0,700,Sell,231847185
2024-08-15 13:09:07,128500.0,400,Sell,231847385
2024-08-15 13:09:10,128500.0,2000,Sell,231847492
2024-08-15 13:09:19,128500.0,200,Sell,231847680
2024-08-15 13:09:20,128500.0,100,Sell,231847769
2024-08-15 13:09:23,128500.0,100,Sell,231847823
2024-08-15 13:09:23,128500.0,200,Sell,231847824
2024-08-15 13:09:23,128500.0,200,Sell,231847825
2024-08-15 13:09:29,128500.0,100,Sell,231847966
2024-08-15 13:09:40,128500.0,900,Sell,231848288
2024-08-15 13:09:40,128500.0,2600,Sell,231848287
2024-08-15 13:09:40,128500.0,100,Sell,231848285
2024-08-15 13:09:40,128500.0,200,Sell,231848284
2024-08-15 13:09:40,128500.0,100,Sell,231848286
2024-08-15 13:09:40,128500.0,100,Sell,231848282
2024-08-15 13:09:40,128500.0,600,Sell,231848281
2024-08-15 13:09:40,128500.0,100,Sell,231848280
2024-08-15 13:09:40,128500.0,200,Sell,231848279
2024-08-15 13:09:40,128500.0,100,Sell,231848283
2024-08-15 13:09:50,128500.0,100,Sell,231848572
2024-08-15 13:10:11,128500.0,1400,Sell,231849134
2024-08-15 13:10:11,128500.0,100,Sell,231849135
2024-08-15 13:10:23,128500.0,100,Sell,231849469
2024-08-15 13:10:23,128500.0,100,Sell,231849463
2024-08-15 13:10:23,128500.0,500,Sell,231849466
2024-08-15 13:10:23,128500.0,200,Sell,231849465
2024-08-15 13:10:23,128500.0,100,Sell,231849464
2024-08-15 13:10:23,128500.0,100,Sell,231849462
2024-08-15 13:10:23,128500.0,1500,Sell,231849468
2024-08-15 13:10:23,128500.0,100,Sell,231849460
2024-08-15 13:10:23,128500.0,5100,Sell,231849461
2024-08-15 13:10:23,128500.0,4900,Sell,231849455
2024-08-15 13:10:23,128500.0,1000,Sell,231849456
2024-08-15 13:10:23,128500.0,1500,Sell,231849467
2024-08-15 13:10:23,128500.0,500,Sell,231849457
2024-08-15 13:10:23,128500.0,100,Sell,231849458
2024-08-15 13:10:23,128500.0,200,Sell,231849459
2024-08-15 13:10:29,128500.0,100,Buy,231849612
2024-08-15 13:10:29,128500.0,300,Buy,231849613
2024-08-15 13:10:34,128500.0,1900,Buy,231849706
2024-08-15 13:10:38,128500.0,100,Buy,231849815
2024-08-15 13:10:43,128500.0,700,Buy,231849949
2024-08-15 13:10:44,128400.0,1400,Sell,231849992
2024-08-15 13:10:44,128400.0,2600,Sell,231849991
2024-08-15 13:10:44,128400.0,200,Sell,231849990
2024-08-15 13:10:44,128400.0,100,Sell,231849989
2024-08-15 13:10:44,128400.0,2000,Sell,231849987
2024-08-15 13:10:44,128400.0,100,Sell,231849986
2024-08-15 13:10:44,128400.0,200,Sell,231849985
2024-08-15 13:10:44,128400.0,100,Sell,231849984
2024-08-15 13:10:44,128400.0,100,Sell,231849988
2024-08-15 13:10:44,128400.0,400,Sell,231849982
2024-08-15 13:10:44,128400.0,100,Sell,231849981
2024-08-15 13:10:44,128400.0,100,Sell,231849980
2024-08-15 13:10:44,128400.0,1000,Sell,231849979
2024-08-15 13:10:44,128400.0,100,Sell,231849974
2024-08-15 13:10:44,128400.0,500,Sell,231849978
2024-08-15 13:10:44,128400.0,200,Sell,231849977
2024-08-15 13:10:44,128400.0,1000,Sell,231849976
2024-08-15 13:10:44,128400.0,300,Sell,231849975
2024-08-15 13:10:44,128400.0,700,Sell,231849983
2024-08-15 13:10:47,128500.0,1900,Buy,231850136
2024-08-15 13:10:54,128400.0,100,Sell,231850383
2024-08-15 13:10:54,128400.0,100,Sell,231850389
2024-08-15 13:11:07,128500.0,1900,Buy,231850766
2024-08-15 13:11:21,128400.0,100,Sell,231851187
2024-08-15 13:11:24,128400.0,100,Sell,231851348
2024-08-15 13:11:24,128400.0,1200,Sell,231851349
2024-08-15 13:11:24,128400.0,700,Sell,231851347
2024-08-15 13:11:25,128400.0,100,Sell,231851359
2024-08-15 13:11:27,128400.0,200,Sell,231851444
2024-08-15 13:11:30,128400.0,500,Sell,231851497
2024-08-15 13:11:38,128400.0,100,Sell,231851773
2024-08-15 13:11:38,128400.0,500,Sell,231851772
2024-08-15 13:11:38,128400.0,100,Sell,231851768
2024-08-15 13:11:38,128400.0,100,Sell,231851770
2024-08-15 13:11:38,128400.0,100,Sell,231851769
2024-08-15 13:11:38,128400.0,200,Sell,231851767
2024-08-15 13:11:38,128400.0,100,Sell,231851771
2024-08-15 13:11:38,128400.0,2400,Sell,231851765
2024-08-15 13:11:38,128400.0,2600,Sell,231851764
2024-08-15 13:11:38,128400.0,100,Sell,231851763
2024-08-15 13:11:38,128400.0,200,Sell,231851762
2024-08-15 13:11:38,128400.0,100,Sell,231851761
2024-08-15 13:11:38,128400.0,2400,Sell,231851760
2024-08-15 13:11:38,128400.0,600,Sell,231851759
2024-08-15 13:11:38,128400.0,100,Sell,231851766
2024-08-15 13:11:53,128400.0,100,Buy,231852152
2024-08-15 13:11:54,128300.0,100,Sell,231852164
2024-08-15 13:11:55,128400.0,200,Buy,231852188
2024-08-15 13:11:56,128400.0,200,Buy,231852205
2024-08-15 13:11:57,128400.0,500,Buy,231852220
2024-08-15 13:11:58,128400.0,200,Buy,231852248
2024-08-15 13:12:05,128400.0,2000,Buy,231852574
2024-08-15 13:12:06,128400.0,200,Buy,231852593
2024-08-15 13:12:09,128400.0,4800,Buy,231852704
2024-08-15 13:12:09,128400.0,4900,Buy,231852701
2024-08-15 13:12:09,128400.0,300,Buy,231852702
2024-08-15 13:12:10,128300.0,200,Sell,231852728
2024-08-15 13:12:10,128300.0,200,Sell,231852729
2024-08-15 13:12:10,128300.0,200,Sell,231852730
2024-08-15 13:12:19,128300.0,200,Sell,231852956
2024-08-15 13:12:22,128400.0,500,Buy,231853020
2024-08-15 13:12:24,128300.0,100,Sell,231853072
2024-08-15 13:12:37,128300.0,300,Sell,231853563
2024-08-15 13:12:37,128300.0,300,Sell,231853561
2024-08-15 13:12:37,128300.0,1000,Sell,231853558
2024-08-15 13:12:37,128300.0,100,Sell,231853560
2024-08-15 13:12:37,128300.0,100,Sell,231853559
2024-08-15 13:12:37,128300.0,500,Sell,231853557
2024-08-15 13:12:37,128400.0,200,Buy,231853552
2024-08-15 13:12:37,128300.0,200,Sell,231853555
2024-08-15 13:12:37,128300.0,500,Sell,231853554
2024-08-15 13:12:37,128400.0,400,Buy,231853553
2024-08-15 13:12:37,128400.0,1800,Buy,231853551
2024-08-15 13:12:37,128400.0,2600,Buy,231853550
2024-08-15 13:12:37,128300.0,200,Sell,231853556
2024-08-15 13:12:38,128400.0,100,Buy,231853591
2024-08-15 13:12:38,128400.0,100,Buy,231853592
2024-08-15 13:12:40,128400.0,900,Buy,231853680
2024-08-15 13:12:40,128400.0,1300,Buy,231853681
2024-08-15 13:12:51,128400.0,100,Sell,231853919
2024-08-15 13:12:58,128400.0,500,Sell,231854068
2024-08-15 13:12:58,128400.0,100,Sell,231854067
2024-08-15 13:12:58,128400.0,2800,Sell,231854064
2024-08-15 13:12:58,128400.0,100,Sell,231854065
2024-08-15 13:12:58,128400.0,200,Sell,231854066
2024-08-15 13:12:59,128400.0,1000,Buy,231854080
2024-08-15 13:13:01,128400.0,100,Buy,231854131
2024-08-15 13:13:06,128400.0,100,Buy,231854277
2024-08-15 13:13:07,128400.0,5500,Buy,231854296
2024-08-15 13:13:07,128400.0,500,Buy,231854303
2024-08-15 13:13:10,128400.0,1400,Buy,231854377
2024-08-15 13:13:10,128400.0,600,Buy,231854378
2024-08-15 13:13:10,128400.0,800,Buy,231854375
2024-08-15 13:13:10,128400.0,400,Buy,231854376
2024-08-15 13:13:17,128400.0,100,Sell,231854514
2024-08-15 13:13:25,128400.0,100,Sell,231854689
2024-08-15 13:13:37,128400.0,300,Sell,231854935
2024-08-15 13:13:43,128400.0,1000,Sell,231855116
2024-08-15 13:13:55,128400.0,100,Sell,231855404
2024-08-15 13:14:02,128400.0,200,Sell,231855520
2024-08-15 13:14:02,128400.0,400,Sell,231855521
2024-08-15 13:14:02,128400.0,2400,Sell,231855522
2024-08-15 13:14:02,128400.0,300,Sell,231855527
2024-08-15 13:14:18,128400.0,100,Sell,231855926
2024-08-15 13:14:26,128400.0,100,Sell,231856130
2024-08-15 13:14:39,128500.0,600,Buy,231856383
2024-08-15 13:14:43,128500.0,100,Buy,231856478
2024-08-15 13:14:53,128500.0,500,Buy,231856711
2024-08-15 13:14:53,128400.0,100,Sell,231856712
2024-08-15 13:14:57,128500.0,100,Buy,231856826
2024-08-15 13:15:02,128500.0,1900,Buy,231856956
2024-08-15 13:15:02,128400.0,100,Sell,231856990
2024-08-15 13:15:06,128500.0,1200,Buy,231857083
2024-08-15 13:15:06,128500.0,300,Buy,231857084
2024-08-15 13:15:06,128500.0,200,Buy,231857085
2024-08-15 13:15:06,128500.0,300,Buy,231857086
2024-08-15 13:15:10,128500.0,100,Buy,231857195
2024-08-15 13:15:10,128500.0,1300,Buy,231857201
2024-08-15 13:15:10,128500.0,1800,Buy,231857200
2024-08-15 13:15:10,128500.0,2000,Buy,231857198
2024-08-15 13:15:10,128500.0,200,Buy,231857197
2024-08-15 13:15:10,128500.0,1200,Buy,231857194
2024-08-15 13:15:10,128500.0,100,Buy,231857190
2024-08-15 13:15:10,128500.0,100,Buy,231857192
2024-08-15 13:15:10,128500.0,100,Buy,231857191
2024-08-15 13:15:10,128500.0,15500,Buy,231857183
2024-08-15 13:15:10,128500.0,1300,Buy,231857189
2024-08-15 13:15:10,128500.0,6200,Buy,231857188
2024-08-15 13:15:10,128500.0,200,Buy,231857187
2024-08-15 13:15:10,128500.0,100,Buy,231857193
2024-08-15 13:15:22,128500.0,100,Buy,231857541
2024-08-15 13:15:23,128600.0,100,Buy,231857607
2024-08-15 13:15:23,128500.0,200,Buy,231857606
2024-08-15 13:15:23,128500.0,200,Buy,231857605
2024-08-15 13:15:23,128500.0,900,Buy,231857603
2024-08-15 13:15:23,128500.0,500,Buy,231857604
2024-08-15 13:15:24,128400.0,100,Sell,231857656
2024-08-15 13:15:55,128500.0,100,Sell,231858619
2024-08-15 13:16:28,128500.0,100,Sell,231859518
2024-08-15 13:16:34,128500.0,100,Sell,231859718
2024-08-15 13:16:34,128500.0,100,Sell,231859714
2024-08-15 13:16:34,128500.0,500,Sell,231859716
2024-08-15 13:16:34,128500.0,100,Sell,231859713
2024-08-15 13:16:34,128500.0,500,Sell,231859717
2024-08-15 13:16:34,128500.0,100,Sell,231859711
2024-08-15 13:16:34,128500.0,100,Sell,231859712
2024-08-15 13:16:34,128500.0,800,Sell,231859708
2024-08-15 13:16:34,128500.0,300,Sell,231859715
2024-08-15 13:16:34,128500.0,500,Sell,231859710
2024-08-15 13:16:34,128500.0,800,Sell,231859709
2024-08-15 13:16:35,128500.0,500,Buy,231859746
2024-08-15 13:16:36,128500.0,500,Buy,231859770
2024-08-15 13:16:37,128500.0,500,Buy,231859806
2024-08-15 13:16:38,128500.0,100,Buy,231859825
2024-08-15 13:16:41,128500.0,100,Buy,231859880
2024-08-15 13:16:41,128500.0,500,Buy,231859886
2024-08-15 13:16:46,128500.0,900,Buy,231860015
2024-08-15 13:16:54,128600.0,800,Buy,231860214
2024-08-15 13:16:59,128500.0,100,Sell,231860339
2024-08-15 13:17:02,128600.0,2000,Buy,231860396
2024-08-15 13:17:02,128600.0,500,Buy,231860395
2024-08-15 13:17:02,128600.0,100,Buy,231860394
2024-08-15 13:17:02,128600.0,1000,Buy,231860391
2024-08-15 13:17:02,128600.0,300,Buy,231860392
2024-08-15 13:17:02,128600.0,1400,Buy,231860389
2024-08-15 13:17:02,128600.0,200,Buy,231860393
2024-08-15 13:17:02,128600.0,1000,Buy,231860390
2024-08-15 13:17:28,128600.0,200,Sell,231860979
2024-08-15 13:17:30,128600.0,100,Sell,231861028
2024-08-15 13:17:48,128600.0,100,Sell,231861340
2024-08-15 13:17:50,128700.0,100,Buy,231861368
2024-08-15 13:17:56,128700.0,100,Buy,231861522
2024-08-15 13:17:56,128700.0,400,Buy,231861521
2024-08-15 13:18:00,128700.0,100,Buy,231861606
2024-08-15 13:18:02,128600.0,100,Sell,231861725
2024-08-15 13:18:11,128700.0,100,Buy,231861874
2024-08-15 13:18:11,128700.0,1800,Buy,231861873
2024-08-15 13:18:11,128700.0,200,Buy,231861883
2024-08-15 13:18:11,128700.0,200,Buy,231861882
2024-08-15 13:18:11,128700.0,200,Buy,231861881
2024-08-15 13:18:11,128700.0,100,Buy,231861880
2024-08-15 13:18:11,128800.0,900,Buy,231861885
2024-08-15 13:18:11,128700.0,200,Buy,231861878
2024-08-15 13:18:11,128700.0,200,Buy,231861879
2024-08-15 13:18:11,128700.0,100,Buy,231861875
2024-08-15 13:18:11,128700.0,2000,Buy,231861884
2024-08-15 13:18:11,128700.0,1000,Buy,231861876
2024-08-15 13:18:11,128700.0,3000,Buy,231861877
2024-08-15 13:18:22,128800.0,500,Buy,231862153
2024-08-15 13:18:33,128700.0,100,Sell,231862363
2024-08-15 13:19:01,128800.0,3000,Buy,231862973
2024-08-15 13:19:06,128700.0,100,Sell,231863061
2024-08-15 13:19:14,128800.0,200,Buy,231863249
2024-08-15 13:19:29,128800.0,100,Buy,231863578
2024-08-15 13:19:38,128700.0,100,Sell,231863776
2024-08-15 13:20:05,128700.0,100,Sell,231864347
2024-08-15 13:20:27,128800.0,100,Buy,231864768
2024-08-15 13:20:27,128800.0,500,Buy,231864767
2024-08-15 13:20:27,128800.0,100,Buy,231864766
2024-08-15 13:20:27,128800.0,300,Buy,231864765
2024-08-15 13:20:27,128800.0,400,Buy,231864763
2024-08-15 13:20:27,128800.0,100,Buy,231864764
2024-08-15 13:20:27,128800.0,500,Buy,231864762
2024-08-15 13:20:33,128700.0,100,Sell,231864894
2024-08-15 13:20:43,128800.0,100,Buy,231865149
2024-08-15 13:20:43,128800.0,900,Buy,231865148
2024-08-15 13:20:44,128800.0,100,Buy,231865152
2024-08-15 13:20:44,128800.0,300,Buy,231865153
2024-08-15 13:20:44,128800.0,100,Buy,231865154
2024-08-15 13:20:44,128800.0,100,Buy,231865155
2024-08-15 13:20:44,128800.0,200,Buy,231865156
2024-08-15 13:20:44,128800.0,200,Buy,231865157
2024-08-15 13:20:57,128700.0,100,Sell,231865399
2024-08-15 13:20:57,128800.0,500,Buy,231865403
2024-08-15 13:20:57,128800.0,1000,Buy,231865404
