time,price,volume,match_type,id
2024-08-23 09:14:36,133700.0,36900,ATO/ATC,234118904
2024-08-23 09:14:38,133700.0,100,Buy,234119141
2024-08-23 09:14:46,133700.0,400,Buy,234119278
2024-08-23 09:14:50,133700.0,100,Buy,234119324
2024-08-23 09:14:56,133500.0,1800,Sell,234119402
2024-08-23 09:14:56,133500.0,100,Sell,234119401
2024-08-23 09:15:18,133600.0,2900,Sell,234119769
2024-08-23 09:15:18,133600.0,2100,Sell,234119768
2024-08-23 09:15:19,133600.0,500,Sell,234119789
2024-08-23 09:15:19,133500.0,200,Sell,234119791
2024-08-23 09:15:19,133600.0,500,Sell,234119788
2024-08-23 09:15:19,133500.0,700,Sell,234119790
2024-08-23 09:15:32,133500.0,700,Sell,234120030
2024-08-23 09:15:41,133500.0,100,Sell,234120283
2024-08-23 09:15:41,133500.0,2000,Sell,234120284
2024-08-23 09:15:41,133500.0,200,Sell,234120285
2024-08-23 09:15:41,133500.0,100,Sell,234120286
2024-08-23 09:15:41,133500.0,400,Sell,234120287
2024-08-23 09:15:41,133500.0,100,Sell,234120288
2024-08-23 09:15:43,133500.0,1000,Buy,234120331
2024-08-23 09:15:52,133300.0,100,Sell,234120542
2024-08-23 09:15:54,133300.0,1700,Buy,234120592
2024-08-23 09:15:54,133300.0,200,Buy,234120597
2024-08-23 09:15:57,133300.0,100,Sell,234120679
2024-08-23 09:16:00,133300.0,900,Sell,234120766
2024-08-23 09:16:01,133400.0,100,Buy,234120813
2024-08-23 09:16:01,133300.0,1700,Sell,234120797
2024-08-23 09:16:03,133300.0,400,Sell,234120848
2024-08-23 09:16:04,133300.0,600,Buy,234120863
2024-08-23 09:16:08,133300.0,400,Sell,234120978
2024-08-23 09:16:18,133200.0,4600,Sell,234121285
2024-08-23 09:16:19,133200.0,4000,Sell,234121306
2024-08-23 09:16:20,133200.0,1400,Sell,234121327
2024-08-23 09:16:20,133200.0,200,Sell,234121328
2024-08-23 09:16:32,133100.0,100,Sell,234121600
2024-08-23 09:16:33,133000.0,200,Sell,234121610
2024-08-23 09:16:33,133000.0,100,Sell,234121611
2024-08-23 09:16:33,133100.0,200,Buy,234121619
2024-08-23 09:16:34,133000.0,200,Sell,234121633
2024-08-23 09:16:34,133000.0,100,Sell,234121632
2024-08-23 09:16:34,133000.0,100,Sell,234121630
2024-08-23 09:16:34,133000.0,500,Sell,234121631
2024-08-23 09:16:34,133000.0,100,Sell,234121629
2024-08-23 09:16:39,133000.0,800,Sell,234121765
2024-08-23 09:16:39,133000.0,500,Sell,234121766
2024-08-23 09:16:39,133000.0,100,Sell,234121767
2024-08-23 09:16:39,133000.0,100,Sell,234121768
2024-08-23 09:16:39,133000.0,500,Sell,234121769
2024-08-23 09:16:42,133000.0,1700,Sell,234121824
2024-08-23 09:16:42,133000.0,2900,Sell,234121825
2024-08-23 09:16:42,133000.0,400,Sell,234121826
2024-08-23 09:16:42,133000.0,1000,Sell,234121827
2024-08-23 09:16:43,133000.0,500,Sell,234121866
2024-08-23 09:16:52,132900.0,100,Buy,234122090
2024-08-23 09:16:58,132900.0,100,Buy,234122215
2024-08-23 09:17:11,132800.0,900,Sell,234122481
2024-08-23 09:17:11,132800.0,500,Sell,234122479
2024-08-23 09:17:11,132800.0,100,Sell,234122480
2024-08-23 09:17:12,132800.0,100,Sell,234122494
2024-08-23 09:17:24,132800.0,500,Sell,234122930
2024-08-23 09:17:24,132800.0,400,Sell,234122931
2024-08-23 09:17:33,132800.0,500,Sell,234123186
2024-08-23 09:17:34,132800.0,100,Sell,234123205
2024-08-23 09:17:37,132900.0,100,Buy,234123261
2024-08-23 09:17:44,132900.0,100,Buy,234123449
2024-08-23 09:17:44,132900.0,5700,Buy,234123448
2024-08-23 09:17:49,132900.0,200,Buy,234123580
2024-08-23 09:17:49,132900.0,100,Buy,234123581
2024-08-23 09:17:52,133000.0,100,Buy,234123695
2024-08-23 09:17:53,132900.0,500,Sell,234123722
2024-08-23 09:17:54,132900.0,200,Sell,234123767
2024-08-23 09:17:54,132800.0,700,Sell,234123768
2024-08-23 09:17:54,132800.0,700,Sell,234123769
2024-08-23 09:17:59,132800.0,100,Sell,234123896
2024-08-23 09:18:08,132800.0,100,Sell,234124195
2024-08-23 09:18:08,132800.0,100,Sell,234124191
2024-08-23 09:18:17,132900.0,100,Sell,234124498
2024-08-23 09:18:17,132900.0,100,Sell,234124499
2024-08-23 09:18:33,132800.0,200,Sell,234124856
2024-08-23 09:18:41,132800.0,100,Sell,234125053
2024-08-23 09:18:47,132800.0,900,Sell,234125271
2024-08-23 09:18:49,132800.0,600,Sell,234125330
2024-08-23 09:19:02,132900.0,100,Buy,234125646
2024-08-23 09:19:03,132800.0,100,Sell,234125710
2024-08-23 09:19:03,132800.0,400,Sell,234125711
2024-08-23 09:19:03,132800.0,500,Sell,234125712
2024-08-23 09:19:03,132800.0,500,Sell,234125713
2024-08-23 09:19:03,132800.0,100,Sell,234125714
2024-08-23 09:19:03,132800.0,100,Sell,234125715
2024-08-23 09:19:03,132800.0,100,Sell,234125716
2024-08-23 09:19:03,132800.0,100,Sell,234125717
2024-08-23 09:19:03,132800.0,100,Sell,234125718
2024-08-23 09:19:06,132800.0,100,Sell,234125767
2024-08-23 09:19:14,132800.0,300,Sell,234125973
2024-08-23 09:19:18,132800.0,100,Sell,234126102
2024-08-23 09:19:40,132800.0,300,Sell,234126654
2024-08-23 09:19:40,132800.0,100,Sell,234126655
2024-08-23 09:19:40,132800.0,300,Sell,234126656
2024-08-23 09:19:40,132800.0,900,Sell,234126657
2024-08-23 09:19:40,132800.0,200,Sell,234126658
2024-08-23 09:19:40,132800.0,100,Sell,234126659
2024-08-23 09:19:40,132800.0,100,Sell,234126660
2024-08-23 09:19:40,132800.0,500,Sell,234126661
2024-08-23 09:19:40,132700.0,100,Sell,234126662
2024-08-23 09:19:40,132700.0,400,Sell,234126663
2024-08-23 09:19:42,132800.0,700,Buy,234126689
2024-08-23 09:19:47,132800.0,800,Sell,234126775
2024-08-23 09:19:47,132800.0,1500,Sell,234126776
2024-08-23 09:19:51,132800.0,800,Sell,234126859
2024-08-23 09:19:51,132800.0,200,Sell,234126858
2024-08-23 09:20:09,132900.0,1000,Buy,234127330
2024-08-23 09:20:10,132800.0,900,Sell,234127361
2024-08-23 09:20:11,132800.0,900,Sell,234127385
2024-08-23 09:20:13,132800.0,100,Sell,234127414
2024-08-23 09:20:20,132900.0,500,Buy,234127621
2024-08-23 09:20:24,132800.0,200,Sell,234127698
2024-08-23 09:20:30,132800.0,400,Sell,234127819
2024-08-23 09:20:30,132800.0,500,Sell,234127820
2024-08-23 09:20:30,132800.0,100,Buy,234127832
2024-08-23 09:20:30,132800.0,100,Sell,234127822
2024-08-23 09:20:30,132800.0,100,Sell,234127823
2024-08-23 09:20:30,132800.0,100,Sell,234127824
2024-08-23 09:20:30,132800.0,200,Sell,234127825
2024-08-23 09:20:30,132800.0,100,Sell,234127826
2024-08-23 09:20:30,132800.0,100,Sell,234127827
2024-08-23 09:20:30,132800.0,200,Sell,234127821
2024-08-23 09:20:31,132800.0,200,Buy,234127851
2024-08-23 09:20:37,132800.0,700,Buy,234127992
2024-08-23 09:20:39,132800.0,100,Buy,234128047
2024-08-23 09:20:40,132800.0,1100,Buy,234128088
2024-08-23 09:20:40,132800.0,100,Buy,234128089
2024-08-23 09:20:51,132800.0,100,Sell,234128339
2024-08-23 09:20:58,132800.0,400,Sell,234128556
2024-08-23 09:20:58,132800.0,200,Sell,234128557
2024-08-23 09:20:58,132900.0,1300,Buy,234128560
2024-08-23 09:20:58,132900.0,300,Buy,234128561
2024-08-23 09:20:58,132900.0,100,Buy,234128562
2024-08-23 09:20:58,132900.0,100,Buy,234128563
2024-08-23 09:20:58,132900.0,3000,Buy,234128564
2024-08-23 09:20:58,132900.0,100,Buy,234128565
2024-08-23 09:20:58,132900.0,100,Buy,234128566
2024-08-23 09:21:11,133000.0,100,Buy,234128897
2024-08-23 09:21:11,133000.0,1900,Buy,234128890
2024-08-23 09:21:11,133000.0,5600,Buy,234128896
2024-08-23 09:21:11,133000.0,900,Buy,234128891
2024-08-23 09:21:11,133000.0,400,Buy,234128887
2024-08-23 09:21:11,133000.0,100,Buy,234128889
2024-08-23 09:21:11,133000.0,1000,Buy,234128888
2024-08-23 09:21:15,132900.0,200,Sell,234129045
2024-08-23 09:21:19,133000.0,600,Buy,234129136
2024-08-23 09:21:19,133000.0,300,Buy,234129135
2024-08-23 09:21:20,133000.0,100,Sell,234129162
2024-08-23 09:21:22,132900.0,200,Sell,234129211
2024-08-23 09:21:28,133000.0,1000,Sell,234129360
2024-08-23 09:21:28,132900.0,2000,Sell,234129361
2024-08-23 09:21:36,133000.0,200,Sell,234129553
2024-08-23 09:21:36,132900.0,700,Sell,234129554
2024-08-23 09:21:41,133100.0,500,Buy,234129695
2024-08-23 09:21:41,132900.0,100,Sell,234129701
2024-08-23 09:21:54,132900.0,500,Sell,234130064
2024-08-23 09:21:55,132900.0,1000,Sell,234130068
2024-08-23 09:22:04,133000.0,100,Buy,234130270
2024-08-23 09:22:12,133000.0,100,Buy,234130475
2024-08-23 09:22:15,133000.0,200,Sell,234130534
2024-08-23 09:22:21,133000.0,1300,Sell,234130674
2024-08-23 09:22:25,133000.0,100,Sell,234130743
2024-08-23 09:22:28,133000.0,100,Sell,234130823
2024-08-23 09:22:31,133100.0,300,Buy,234130909
2024-08-23 09:22:32,133100.0,200,Buy,234130929
2024-08-23 09:22:32,133100.0,300,Buy,234130930
2024-08-23 09:22:39,133100.0,100,Buy,234131144
2024-08-23 09:22:47,133100.0,300,Buy,234131340
2024-08-23 09:22:49,133100.0,400,Sell,234131428
2024-08-23 09:22:59,133100.0,800,Sell,234131634
2024-08-23 09:23:10,133200.0,2000,Buy,234131920
2024-08-23 09:23:10,133200.0,300,Buy,234131921
2024-08-23 09:23:13,133200.0,200,Buy,234131995
2024-08-23 09:23:13,133200.0,500,Buy,234131996
2024-08-23 09:23:13,133200.0,100,Sell,234132007
2024-08-23 09:23:17,133100.0,400,Sell,234132106
2024-08-23 09:23:35,133100.0,200,Sell,234132508
2024-08-23 09:23:35,133100.0,1000,Sell,234132506
2024-08-23 09:23:35,133100.0,100,Sell,234132505
2024-08-23 09:23:35,133100.0,100,Sell,234132507
2024-08-23 09:23:46,133100.0,1000,Sell,234132770
2024-08-23 09:23:53,133100.0,500,Buy,234133020
2024-08-23 09:23:55,133000.0,100,Sell,234133048
2024-08-23 09:23:55,133000.0,400,Sell,234133049
2024-08-23 09:23:58,133000.0,100,Sell,234133126
2024-08-23 09:24:00,133100.0,100,Buy,234133161
2024-08-23 09:24:14,133100.0,100,Buy,234133559
2024-08-23 09:24:47,133100.0,10000,Buy,234134248
2024-08-23 09:25:00,133100.0,500,Buy,234134565
2024-08-23 09:25:01,133100.0,600,Buy,234134587
2024-08-23 09:25:01,133100.0,400,Buy,234134585
2024-08-23 09:25:01,133100.0,1100,Buy,234134584
2024-08-23 09:25:01,133100.0,100,Buy,234134586
2024-08-23 09:25:01,133100.0,100,Buy,234134577
2024-08-23 09:25:01,133100.0,3000,Buy,234134576
2024-08-23 09:25:01,133100.0,800,Buy,234134575
2024-08-23 09:25:01,133100.0,2900,Buy,234134583
2024-08-23 09:25:09,133100.0,1100,Buy,234134812
2024-08-23 09:25:11,133100.0,700,Sell,234134860
2024-08-23 09:25:11,133100.0,200,Sell,234134873
2024-08-23 09:25:14,133100.0,1000,Buy,234134941
2024-08-23 09:25:16,133100.0,100,Buy,234135001
2024-08-23 09:25:16,133100.0,100,Buy,234134997
2024-08-23 09:25:22,133100.0,500,Buy,234135127
2024-08-23 09:25:23,133000.0,100,Sell,234135151
2024-08-23 09:25:32,133000.0,100,Sell,234135400
2024-08-23 09:25:49,133000.0,100,Sell,234135827
2024-08-23 09:25:51,133100.0,100,Buy,234135878
2024-08-23 09:25:51,133100.0,900,Buy,234135879
2024-08-23 09:26:01,133100.0,500,Buy,234136239
2024-08-23 09:26:11,133100.0,100,Buy,234136540
2024-08-23 09:26:11,133100.0,1500,Buy,234136538
2024-08-23 09:26:11,133100.0,3600,Buy,234136537
2024-08-23 09:26:11,133100.0,8500,Buy,234136539
2024-08-23 09:26:12,133100.0,1300,Buy,234136542
2024-08-23 09:26:18,133100.0,200,Buy,234136708
2024-08-23 09:26:21,133100.0,100,Buy,234136758
2024-08-23 09:26:22,133100.0,100,Buy,234136776
2024-08-23 09:26:31,133100.0,1300,Buy,234137033
2024-08-23 09:26:32,133100.0,400,Buy,234137074
2024-08-23 09:26:32,133100.0,500,Buy,234137075
2024-08-23 09:26:32,133100.0,2100,Buy,234137076
2024-08-23 09:26:33,133000.0,1000,Sell,234137089
2024-08-23 09:26:38,133100.0,900,Buy,234137210
2024-08-23 09:26:39,133100.0,1000,Sell,234137225
2024-08-23 09:26:55,133200.0,100,Buy,234137661
2024-08-23 09:26:57,133100.0,100,Sell,234137692
2024-08-23 09:26:57,133100.0,100,Sell,234137693
2024-08-23 09:26:57,133100.0,5000,Sell,234137694
2024-08-23 09:27:01,133100.0,100,Buy,234137852
2024-08-23 09:27:04,133100.0,100,Buy,234137919
2024-08-23 09:27:06,133100.0,600,Buy,234138040
2024-08-23 09:27:07,133100.0,100,Buy,234138066
2024-08-23 09:27:13,133100.0,400,Buy,234138230
2024-08-23 09:27:13,133100.0,1000,Buy,234138231
2024-08-23 09:27:13,133100.0,100,Buy,234138232
2024-08-23 09:27:32,133200.0,300,Buy,234138799
2024-08-23 09:27:32,133200.0,500,Buy,234138800
2024-08-23 09:27:32,133200.0,800,Buy,234138801
2024-08-23 09:27:41,133200.0,200,Buy,234139084
2024-08-23 09:27:44,133200.0,700,Buy,234139194
2024-08-23 09:27:44,133200.0,100,Buy,234139195
2024-08-23 09:27:44,133200.0,1700,Buy,234139196
2024-08-23 09:27:44,133200.0,100,Buy,234139197
2024-08-23 09:28:02,133300.0,100,Buy,234139734
2024-08-23 09:28:13,133300.0,200,Buy,234140045
2024-08-23 09:28:13,133300.0,100,Buy,234140044
2024-08-23 09:28:13,133300.0,500,Buy,234140042
2024-08-23 09:28:13,133300.0,100,Buy,234140041
2024-08-23 09:28:13,133300.0,100,Buy,234140043
2024-08-23 09:28:13,133300.0,1900,Buy,234140040
2024-08-23 09:28:23,133300.0,200,Sell,234140325
2024-08-23 09:28:27,133400.0,900,Buy,234140405
2024-08-23 09:28:27,133400.0,1700,Buy,234140406
2024-08-23 09:28:27,133400.0,100,Buy,234140407
2024-08-23 09:28:27,133400.0,100,Buy,234140408
2024-08-23 09:28:27,133400.0,1700,Buy,234140409
2024-08-23 09:28:29,133400.0,200,Sell,234140466
2024-08-23 09:28:29,133300.0,100,Sell,234140467
2024-08-23 09:28:29,133300.0,4700,Buy,234140494
2024-08-23 09:28:29,133400.0,300,Sell,234140460
2024-08-23 09:28:37,133300.0,300,Sell,234140712
2024-08-23 09:28:37,133300.0,200,Sell,234140713
2024-08-23 09:28:41,133300.0,100,Buy,234140817
2024-08-23 09:28:46,133300.0,300,Sell,234140966
2024-08-23 09:28:54,133300.0,100,Buy,234141248
2024-08-23 09:28:54,133300.0,4900,Buy,234141249
2024-08-23 09:29:05,133300.0,3400,Buy,234141638
2024-08-23 09:29:05,133300.0,900,Buy,234141639
2024-08-23 09:29:05,133300.0,4500,Buy,234141651
2024-08-23 09:29:05,133300.0,1000,Buy,234141652
2024-08-23 09:29:05,133300.0,100,Buy,234141653
2024-08-23 09:29:11,133300.0,100,Sell,234141831
2024-08-23 09:29:11,133300.0,100,Sell,234141832
2024-08-23 09:29:16,133300.0,300,Buy,234141936
2024-08-23 09:29:16,133300.0,100,Buy,234141940
2024-08-23 09:29:16,133300.0,100,Buy,234141941
2024-08-23 09:29:19,133400.0,500,Buy,234142005
2024-08-23 09:29:19,133400.0,1700,Buy,234142006
2024-08-23 09:29:19,133400.0,800,Buy,234142007
2024-08-23 09:29:19,133300.0,2500,Sell,234142018
2024-08-23 09:29:41,133300.0,100,Buy,234142741
2024-08-23 09:29:44,133300.0,1000,Buy,234142907
2024-08-23 09:29:45,133200.0,200,Sell,234142916
2024-08-23 09:29:46,133300.0,1100,Buy,234142951
2024-08-23 09:29:46,133300.0,1600,Buy,234142950
2024-08-23 09:29:55,133300.0,900,Buy,234143230
2024-08-23 09:29:59,133300.0,100,Buy,234143354
2024-08-23 09:29:59,133300.0,100,Buy,234143352
2024-08-23 09:29:59,133300.0,500,Buy,234143353
2024-08-23 09:30:04,133300.0,1700,Buy,234143526
2024-08-23 09:30:04,133300.0,600,Buy,234143527
2024-08-23 09:30:05,133300.0,1600,Buy,234143539
2024-08-23 09:30:06,133300.0,600,Sell,234143561
2024-08-23 09:30:13,133300.0,100,Sell,234143789
2024-08-23 09:30:18,133300.0,100,Sell,234143927
2024-08-23 09:30:20,133300.0,200,Sell,234143969
2024-08-23 09:30:23,133400.0,100,Buy,234144047
2024-08-23 09:30:23,133400.0,100,Buy,234144048
2024-08-23 09:30:23,133400.0,200,Buy,234144049
2024-08-23 09:30:23,133400.0,200,Buy,234144050
2024-08-23 09:30:23,133400.0,300,Buy,234144051
2024-08-23 09:30:23,133400.0,1600,Buy,234144052
2024-08-23 09:30:32,133500.0,700,Buy,234144281
2024-08-23 09:30:32,133500.0,200,Buy,234144280
2024-08-23 09:30:32,133500.0,100,Buy,234144279
2024-08-23 09:30:41,133500.0,500,Buy,234144608
2024-08-23 09:30:49,133500.0,200,Buy,234144820
2024-08-23 09:31:09,133500.0,200,Buy,234145470
2024-08-23 09:31:09,133500.0,100,Buy,234145471
2024-08-23 09:31:09,133500.0,100,Buy,234145472
2024-08-23 09:31:09,133500.0,100,Buy,234145473
2024-08-23 09:31:09,133500.0,100,Buy,234145474
2024-08-23 09:31:09,133500.0,100,Buy,234145475
2024-08-23 09:31:09,133500.0,1000,Buy,234145476
2024-08-23 09:31:09,133500.0,300,Buy,234145477
2024-08-23 09:31:09,133500.0,100,Buy,234145478
2024-08-23 09:31:15,133500.0,1000,Sell,234145627
2024-08-23 09:31:20,133500.0,100,Sell,234145742
2024-08-23 09:31:23,133500.0,100,Sell,234145789
2024-08-23 09:31:24,133500.0,300,Sell,234145831
2024-08-23 09:31:25,133500.0,100,Sell,234145842
2024-08-23 09:31:35,133600.0,200,Buy,234146135
2024-08-23 09:31:35,133600.0,300,Buy,234146136
2024-08-23 09:31:35,133600.0,900,Buy,234146137
2024-08-23 09:31:35,133600.0,100,Buy,234146138
2024-08-23 09:31:41,133500.0,100,Sell,234146311
2024-08-23 09:31:43,133600.0,400,Buy,234146422
2024-08-23 09:31:44,133600.0,1200,Sell,234146437
2024-08-23 09:32:31,133600.0,100,Buy,234147701
2024-08-23 09:32:31,133600.0,500,Buy,234147702
2024-08-23 09:32:31,133600.0,200,Buy,234147703
2024-08-23 09:32:37,133600.0,200,Buy,234147818
2024-08-23 09:32:39,133600.0,300,Buy,234147870
2024-08-23 09:32:39,133600.0,100,Buy,234147871
2024-08-23 09:32:39,133600.0,100,Buy,234147872
2024-08-23 09:32:40,133500.0,100,Sell,234147895
2024-08-23 09:32:54,133600.0,200,Buy,234148214
2024-08-23 09:32:54,133600.0,100,Buy,234148213
2024-08-23 09:33:12,133600.0,300,Buy,234148645
2024-08-23 09:33:13,133600.0,24300,Sell,234148663
2024-08-23 09:33:20,133600.0,100,Sell,234148838
2024-08-23 09:33:24,133700.0,100,Buy,234148907
2024-08-23 09:33:24,133700.0,300,Buy,234148908
2024-08-23 09:33:24,133700.0,200,Buy,234148909
2024-08-23 09:33:24,133700.0,500,Buy,234148910
2024-08-23 09:33:24,133700.0,900,Buy,234148911
2024-08-23 09:33:24,133600.0,18800,Sell,234148914
2024-08-23 09:33:29,133600.0,100,Buy,234149081
2024-08-23 09:34:23,133500.0,100,Sell,234150241
2024-08-23 09:34:47,133500.0,100,Sell,234151093
2024-08-23 09:34:48,133500.0,100,Sell,234151157
2024-08-23 09:34:48,133500.0,2200,Sell,234151159
2024-08-23 09:34:48,133500.0,200,Sell,234151158
2024-08-23 09:34:48,133500.0,100,Sell,234151156
2024-08-23 09:34:48,133500.0,100,Sell,234151155
2024-08-23 09:34:58,133500.0,500,Buy,234151375
2024-08-23 09:35:07,133400.0,4400,Sell,234151639
2024-08-23 09:35:07,133400.0,100,Sell,234151640
2024-08-23 09:35:07,133400.0,100,Sell,234151641
2024-08-23 09:35:07,133400.0,400,Sell,234151642
2024-08-23 09:35:14,133400.0,100,Sell,234151820
2024-08-23 09:35:25,133400.0,600,Sell,234152060
2024-08-23 09:35:31,133400.0,100,Sell,234152168
2024-08-23 09:35:40,133400.0,400,Sell,234152339
2024-08-23 09:35:40,133400.0,400,Sell,234152340
2024-08-23 09:35:40,133400.0,400,Sell,234152341
2024-08-23 09:35:46,133300.0,100,Sell,234152473
2024-08-23 09:35:46,133300.0,200,Sell,234152472
2024-08-23 09:35:46,133300.0,100,Sell,234152471
2024-08-23 09:35:46,133300.0,100,Sell,234152469
2024-08-23 09:35:46,133300.0,100,Sell,234152468
2024-08-23 09:35:46,133300.0,100,Sell,234152470
2024-08-23 09:35:51,133300.0,100,Buy,234152572
2024-08-23 09:35:58,133200.0,100,Sell,234152727
2024-08-23 09:36:08,133200.0,100,Sell,234153086
2024-08-23 09:36:08,133200.0,100,Sell,234153085
2024-08-23 09:36:08,133200.0,200,Sell,234153083
2024-08-23 09:36:08,133200.0,100,Sell,234153082
2024-08-23 09:36:08,133200.0,200,Sell,234153084
2024-08-23 09:36:09,133200.0,100,Buy,234153097
2024-08-23 09:36:13,133200.0,700,Buy,234153254
2024-08-23 09:36:22,133100.0,200,Sell,234153461
2024-08-23 09:36:22,133200.0,500,Buy,234153468
2024-08-23 09:36:25,133100.0,200,Sell,234153535
2024-08-23 09:36:25,133100.0,100,Sell,234153534
2024-08-23 09:36:25,133100.0,500,Sell,234153533
2024-08-23 09:36:25,133100.0,200,Sell,234153532
2024-08-23 09:36:25,133100.0,100,Sell,234153530
2024-08-23 09:36:25,133200.0,500,Sell,234153528
2024-08-23 09:36:25,133100.0,100,Sell,234153531
2024-08-23 09:36:25,133100.0,300,Sell,234153529
2024-08-23 09:36:27,133100.0,100,Sell,234153594
2024-08-23 09:36:33,133100.0,300,Sell,234153767
2024-08-23 09:36:43,133100.0,200,Sell,234153979
2024-08-23 09:36:43,133100.0,2000,Sell,234153980
2024-08-23 09:36:43,133100.0,1000,Sell,234153981
2024-08-23 09:36:43,133100.0,100,Sell,234153984
2024-08-23 09:36:43,133100.0,500,Sell,234153983
2024-08-23 09:36:47,133100.0,400,Buy,234154148
2024-08-23 09:36:50,133100.0,100,Sell,234154197
2024-08-23 09:37:04,133000.0,100,Sell,234154543
2024-08-23 09:37:07,133100.0,100,Buy,234154651
2024-08-23 09:37:10,133100.0,100,Buy,234154727
2024-08-23 09:37:10,133100.0,100,Buy,234154728
2024-08-23 09:37:12,133100.0,100,Buy,234154751
2024-08-23 09:37:16,133100.0,100,Sell,234154852
2024-08-23 09:37:18,133000.0,100,Sell,234154952
2024-08-23 09:37:19,133000.0,1100,Sell,234154989
2024-08-23 09:37:19,133000.0,1900,Sell,234154990
2024-08-23 09:37:19,133000.0,400,Sell,234155019
2024-08-23 09:37:22,133100.0,100,Buy,234155087
2024-08-23 09:37:28,133100.0,100,Buy,234155218
2024-08-23 09:37:28,133000.0,200,Sell,234155223
2024-08-23 09:37:39,133100.0,1400,Buy,234155500
2024-08-23 09:37:39,133100.0,200,Buy,234155501
2024-08-23 09:37:46,133200.0,400,Buy,234155650
2024-08-23 09:37:48,133200.0,100,Buy,234155691
2024-08-23 09:38:01,133100.0,300,Sell,234155985
2024-08-23 09:38:02,133100.0,200,Sell,234156015
2024-08-23 09:38:02,133100.0,400,Sell,234156016
2024-08-23 09:38:08,133200.0,100,Buy,234156167
2024-08-23 09:38:08,133200.0,100,Buy,234156168
2024-08-23 09:38:16,133200.0,1000,Buy,234156351
2024-08-23 09:38:16,133200.0,100,Buy,234156344
2024-08-23 09:38:19,133200.0,1000,Sell,234156424
2024-08-23 09:38:24,133200.0,200,Sell,234156514
2024-08-23 09:38:33,133200.0,100,Sell,234156694
2024-08-23 09:38:34,133300.0,1000,Buy,234156739
2024-08-23 09:38:34,133300.0,100,Buy,234156740
2024-08-23 09:38:34,133300.0,100,Buy,234156741
2024-08-23 09:38:34,133300.0,1700,Buy,234156742
2024-08-23 09:38:34,133300.0,300,Buy,234156743
2024-08-23 09:38:34,133300.0,200,Buy,234156738
2024-08-23 09:38:38,133200.0,700,Sell,234156813
2024-08-23 09:38:38,133200.0,800,Sell,234156814
2024-08-23 09:38:38,133100.0,500,Sell,234156815
2024-08-23 09:39:06,133100.0,1200,Sell,234157317
2024-08-23 09:39:16,133100.0,100,Sell,234157570
2024-08-23 09:39:17,133400.0,400,Buy,234157582
2024-08-23 09:39:46,133400.0,1500,Buy,234158108
2024-08-23 09:39:46,133400.0,100,Buy,234158109
2024-08-23 09:39:46,133400.0,500,Buy,234158095
2024-08-23 09:39:46,133400.0,1500,Buy,234158096
2024-08-23 09:39:53,133400.0,100,Sell,234158213
2024-08-23 09:39:55,133400.0,1900,Sell,234158238
2024-08-23 09:40:13,133100.0,500,Sell,234158536
2024-08-23 09:40:13,133100.0,100,Sell,234158535
2024-08-23 09:40:13,133100.0,500,Sell,234158537
2024-08-23 09:40:13,133100.0,1000,Sell,234158533
2024-08-23 09:40:13,133100.0,200,Sell,234158525
2024-08-23 09:40:13,133100.0,500,Sell,234158534
2024-08-23 09:40:23,133100.0,100,Sell,234158718
2024-08-23 09:40:29,133100.0,1000,Sell,234158854
2024-08-23 09:40:51,133300.0,2300,Buy,234159283
2024-08-23 09:41:06,133200.0,300,Sell,234159781
2024-08-23 09:41:06,133100.0,600,Sell,234159782
2024-08-23 09:41:08,133100.0,100,Sell,234159820
2024-08-23 09:41:31,133100.0,100,Sell,234160184
2024-08-23 09:41:38,133300.0,500,Buy,234160344
2024-08-23 09:41:40,133300.0,100,Buy,234160373
2024-08-23 09:41:40,133300.0,100,Buy,234160366
2024-08-23 09:42:57,133200.0,100,Buy,234161753
2024-08-23 09:43:36,133200.0,100,Buy,234162373
2024-08-23 09:43:36,133200.0,100,Buy,234162374
2024-08-23 09:43:36,133200.0,100,Buy,234162375
2024-08-23 09:43:45,133200.0,100,Sell,234162618
2024-08-23 09:43:45,133300.0,100,Buy,234162624
2024-08-23 09:43:50,133200.0,100,Sell,234162733
2024-08-23 09:43:56,133200.0,100,Buy,234162795
2024-08-23 09:44:01,133200.0,100,Sell,234162924
2024-08-23 09:44:10,133200.0,100,Buy,234163060
2024-08-23 09:44:10,133200.0,100,Buy,234163061
2024-08-23 09:44:24,133200.0,100,Buy,234163287
2024-08-23 09:44:47,133300.0,400,Buy,234163755
2024-08-23 09:45:15,133300.0,500,Buy,234164272
2024-08-23 09:45:16,133100.0,100,Sell,234164297
2024-08-23 09:45:25,133300.0,300,Buy,234164446
2024-08-23 09:45:25,133300.0,300,Buy,234164445
2024-08-23 09:45:35,133300.0,2000,Buy,234164660
2024-08-23 09:45:36,133100.0,400,Sell,234164664
2024-08-23 09:45:43,133300.0,300,Buy,234164811
2024-08-23 09:45:51,133300.0,300,Buy,234164926
2024-08-23 09:46:20,133300.0,100,Buy,234165322
2024-08-23 09:46:20,133300.0,100,Buy,234165321
2024-08-23 09:46:20,133300.0,200,Buy,234165320
2024-08-23 09:46:20,133300.0,300,Buy,234165319
2024-08-23 09:46:20,133300.0,1700,Buy,234165318
2024-08-23 09:46:20,133300.0,100,Buy,234165317
2024-08-23 09:46:20,133300.0,900,Buy,234165316
2024-08-23 09:46:20,133300.0,1000,Buy,234165310
2024-08-23 09:46:20,133300.0,300,Buy,234165315
2024-08-23 09:46:20,133300.0,100,Buy,234165308
2024-08-23 09:46:20,133300.0,100,Buy,234165309
2024-08-23 09:46:20,133300.0,1100,Buy,234165300
2024-08-23 09:46:20,133300.0,200,Buy,234165301
2024-08-23 09:46:20,133300.0,100,Buy,234165302
2024-08-23 09:46:20,133300.0,100,Buy,234165303
2024-08-23 09:46:20,133300.0,200,Buy,234165311
2024-08-23 09:46:20,133300.0,100,Buy,234165305
2024-08-23 09:46:20,133300.0,200,Buy,234165306
2024-08-23 09:46:20,133300.0,1000,Buy,234165307
2024-08-23 09:46:20,133300.0,100,Buy,234165304
2024-08-23 09:46:21,133200.0,1600,Sell,234165341
2024-08-23 09:46:22,133200.0,100,Sell,234165372
2024-08-23 09:46:22,133200.0,200,Sell,234165373
2024-08-23 09:46:34,133200.0,200,Sell,234165581
2024-08-23 09:46:43,133200.0,2000,Sell,234165763
2024-08-23 09:46:45,133200.0,400,Sell,234165803
2024-08-23 09:46:51,133200.0,100,Sell,234165861
2024-08-23 09:46:51,133200.0,400,Sell,234165862
2024-08-23 09:46:51,133200.0,100,Sell,234165863
2024-08-23 09:46:52,133100.0,100,Sell,234165886
2024-08-23 09:46:55,133200.0,100,Buy,234165972
2024-08-23 09:47:44,133100.0,100,Sell,234166840
2024-08-23 09:47:51,133200.0,100,Buy,234166968
2024-08-23 09:47:55,133100.0,100,Sell,234167042
2024-08-23 09:47:57,133200.0,1700,Buy,234167064
2024-08-23 09:47:57,133200.0,2900,Buy,234167065
2024-08-23 09:47:57,133200.0,400,Buy,234167067
2024-08-23 09:47:58,133100.0,800,Sell,234167077
2024-08-23 09:47:58,133100.0,100,Sell,234167078
2024-08-23 09:47:58,133100.0,100,Sell,234167079
2024-08-23 09:47:59,133100.0,100,Sell,234167097
2024-08-23 09:47:59,133100.0,100,Sell,234167098
2024-08-23 09:48:14,133200.0,100,Buy,234167448
2024-08-23 09:48:14,133200.0,100,Buy,234167447
2024-08-23 09:48:14,133200.0,200,Buy,234167446
2024-08-23 09:48:14,133200.0,2500,Buy,234167445
2024-08-23 09:48:14,133200.0,1700,Buy,234167444
2024-08-23 09:48:14,133100.0,100,Sell,234167437
2024-08-23 09:48:15,133100.0,800,Sell,234167480
2024-08-23 09:48:15,133200.0,400,Buy,234167452
2024-08-23 09:48:15,133100.0,100,Sell,234167478
2024-08-23 09:48:15,133100.0,100,Sell,234167479
2024-08-23 09:48:17,133100.0,200,Sell,234167494
2024-08-23 09:48:20,133100.0,900,Sell,234167554
2024-08-23 09:48:22,133100.0,100,Sell,234167568
2024-08-23 09:48:30,133100.0,100,Sell,234167712
2024-08-23 09:48:45,133200.0,600,Buy,234167979
2024-08-23 09:48:45,133200.0,100,Buy,234167980
2024-08-23 09:48:45,133200.0,200,Buy,234167981
2024-08-23 09:48:46,133200.0,100,Sell,234167990
2024-08-23 09:49:27,133200.0,100,Buy,234168632
2024-08-23 09:49:27,133200.0,100,Buy,234168633
2024-08-23 09:49:27,133100.0,100,Sell,234168643
2024-08-23 09:49:43,133100.0,700,Sell,234168897
2024-08-23 09:49:43,133100.0,100,Sell,234168896
2024-08-23 09:49:43,133100.0,200,Sell,234168895
2024-08-23 09:49:45,133100.0,200,Sell,234168921
2024-08-23 09:49:53,133100.0,100,Sell,234169144
2024-08-23 09:49:54,133100.0,100,Sell,234169161
2024-08-23 09:49:54,133100.0,200,Sell,234169162
2024-08-23 09:49:54,133100.0,100,Sell,234169163
2024-08-23 09:49:54,133100.0,100,Sell,234169164
2024-08-23 09:49:54,133100.0,1000,Sell,234169165
2024-08-23 09:49:54,133100.0,100,Sell,234169166
2024-08-23 09:49:54,133100.0,100,Sell,234169167
2024-08-23 09:49:54,133100.0,1000,Sell,234169168
2024-08-23 09:49:54,133100.0,100,Sell,234169169
2024-08-23 09:49:54,133100.0,700,Sell,234169170
2024-08-23 09:49:56,133100.0,100,Sell,234169209
2024-08-23 09:49:56,133100.0,700,Sell,234169196
2024-08-23 09:50:02,133200.0,500,Buy,234169294
2024-08-23 09:50:03,133100.0,100,Sell,234169315
2024-08-23 09:50:28,133100.0,100,Sell,234169792
2024-08-23 09:50:29,133100.0,100,Sell,234169805
2024-08-23 09:50:36,133200.0,100,Buy,234169914
2024-08-23 09:50:41,133100.0,100,Sell,234170001
2024-08-23 09:50:41,133100.0,1300,Sell,234170002
2024-08-23 09:50:41,133100.0,1000,Sell,234170003
2024-08-23 09:50:41,133100.0,1000,Sell,234170004
2024-08-23 09:50:41,133100.0,1000,Sell,234170005
2024-08-23 09:50:41,133100.0,100,Sell,234170006
2024-08-23 09:50:41,133100.0,200,Sell,234170000
2024-08-23 09:50:43,133000.0,900,Sell,234170033
2024-08-23 09:50:44,133000.0,100,Sell,234170055
2024-08-23 09:50:56,133100.0,200,Buy,234170236
2024-08-23 09:50:56,133100.0,1700,Buy,234170234
2024-08-23 09:50:56,133100.0,800,Buy,234170235
2024-08-23 09:50:58,133100.0,500,Sell,234170292
2024-08-23 09:50:59,133100.0,100,Sell,234170315
2024-08-23 09:51:04,133100.0,100,Sell,234170395
2024-08-23 09:51:36,133100.0,100,Sell,234170899
2024-08-23 09:51:43,133100.0,100,Sell,234171010
2024-08-23 09:51:46,133100.0,500,Sell,234171032
2024-08-23 09:51:46,133100.0,100,Sell,234171042
2024-08-23 09:51:53,133100.0,400,Sell,234171149
2024-08-23 09:51:53,133100.0,100,Sell,234171150
2024-08-23 09:51:53,133100.0,2900,Sell,234171148
2024-08-23 09:51:53,133100.0,1700,Sell,234171147
2024-08-23 09:51:53,133100.0,200,Sell,234171146
2024-08-23 09:51:53,133100.0,400,Sell,234171145
2024-08-23 09:51:53,133100.0,400,Sell,234171144
2024-08-23 09:51:54,133000.0,1200,Sell,234171168
2024-08-23 09:51:55,133000.0,200,Sell,234171172
2024-08-23 09:52:01,133000.0,1000,Sell,234171251
2024-08-23 09:52:02,133000.0,100,Sell,234171277
2024-08-23 09:52:03,133000.0,200,Sell,234171290
2024-08-23 09:52:24,133000.0,200,Sell,234171684
2024-08-23 09:52:24,133000.0,500,Sell,234171685
2024-08-23 09:52:24,133000.0,800,Sell,234171686
2024-08-23 09:52:24,133000.0,100,Sell,234171687
2024-08-23 09:52:24,133000.0,100,Sell,234171688
2024-08-23 09:52:24,133000.0,5000,Sell,234171692
2024-08-23 09:52:24,133000.0,200,Sell,234171690
2024-08-23 09:52:24,133000.0,4000,Sell,234171691
2024-08-23 09:52:24,133000.0,100,Sell,234171683
2024-08-23 09:52:24,133000.0,500,Sell,234171693
2024-08-23 09:52:24,133000.0,1000,Sell,234171689
2024-08-23 09:52:24,133000.0,100,Sell,234171682
2024-08-23 09:52:24,133000.0,200,Sell,234171673
2024-08-23 09:52:24,133000.0,500,Sell,234171680
2024-08-23 09:52:24,133000.0,200,Sell,234171681
2024-08-23 09:52:24,133000.0,3800,Sell,234171668
2024-08-23 09:52:24,133000.0,200,Sell,234171669
2024-08-23 09:52:24,133000.0,100,Sell,234171670
2024-08-23 09:52:24,133000.0,100,Sell,234171672
2024-08-23 09:52:24,133000.0,500,Sell,234171671
2024-08-23 09:52:24,133000.0,100,Sell,234171675
2024-08-23 09:52:24,133000.0,100,Sell,234171676
2024-08-23 09:52:24,133000.0,100,Sell,234171677
2024-08-23 09:52:24,133000.0,100,Sell,234171678
2024-08-23 09:52:24,133000.0,100,Sell,234171679
2024-08-23 09:52:24,133000.0,200,Sell,234171674
2024-08-23 09:52:25,133000.0,2200,Sell,234171739
2024-08-23 09:52:25,133000.0,100,Sell,234171743
2024-08-23 09:52:25,133000.0,100,Sell,234171740
2024-08-23 09:52:25,133000.0,100,Sell,234171741
2024-08-23 09:52:25,133000.0,100,Sell,234171742
2024-08-23 09:52:25,133000.0,200,Sell,234171744
2024-08-23 09:52:25,133000.0,1000,Sell,234171750
2024-08-23 09:52:25,133000.0,200,Sell,234171746
2024-08-23 09:52:25,133000.0,100,Sell,234171747
2024-08-23 09:52:25,133000.0,100,Sell,234171748
2024-08-23 09:52:25,133000.0,2000,Sell,234171749
2024-08-23 09:52:25,133000.0,100,Sell,234171751
2024-08-23 09:52:25,133000.0,200,Sell,234171738
2024-08-23 09:52:25,133000.0,100,Sell,234171745
2024-08-23 09:52:25,133000.0,1200,Sell,234171737
2024-08-23 09:52:25,133000.0,200,Sell,234171720
2024-08-23 09:52:25,133000.0,1000,Sell,234171723
2024-08-23 09:52:25,133000.0,100,Sell,234171736
2024-08-23 09:52:25,133000.0,3000,Sell,234171708
2024-08-23 09:52:25,133000.0,100,Sell,234171709
2024-08-23 09:52:25,133000.0,500,Sell,234171710
2024-08-23 09:52:25,133000.0,100,Sell,234171711
2024-08-23 09:52:25,133000.0,100,Sell,234171712
2024-08-23 09:52:25,133000.0,200,Sell,234171713
2024-08-23 09:52:25,133000.0,100,Sell,234171719
2024-08-23 09:52:25,133000.0,100,Sell,234171715
2024-08-23 09:52:25,133000.0,100,Sell,234171721
2024-08-23 09:52:25,133000.0,100,Sell,234171714
2024-08-23 09:52:25,133000.0,100,Sell,234171722
2024-08-23 09:52:25,133000.0,100,Sell,234171717
2024-08-23 09:52:25,133000.0,100,Sell,234171716
2024-08-23 09:52:25,133000.0,100,Sell,234171718
2024-08-23 09:52:31,133000.0,1700,Buy,234171877
2024-08-23 09:52:31,133000.0,500,Buy,234171878
2024-08-23 09:52:31,133000.0,2400,Buy,234171879
2024-08-23 09:52:32,133000.0,400,Buy,234171880
2024-08-23 09:52:37,133000.0,100,Buy,234171955
2024-08-23 09:52:38,133000.0,100,Buy,234171966
2024-08-23 09:52:41,133000.0,100,Buy,234172001
2024-08-23 09:52:44,133000.0,800,Buy,234172059
2024-08-23 09:52:44,133000.0,900,Buy,234172060
2024-08-23 09:52:44,133000.0,100,Buy,234172061
2024-08-23 09:52:44,133000.0,100,Buy,234172062
2024-08-23 09:52:44,133000.0,2900,Buy,234172058
2024-08-23 09:52:46,133000.0,200,Sell,234172085
2024-08-23 09:52:50,133000.0,800,Buy,234172139
2024-08-23 09:52:50,133000.0,100,Sell,234172145
2024-08-23 09:52:53,133000.0,200,Sell,234172184
2024-08-23 09:52:59,133000.0,200,Sell,234172286
2024-08-23 09:52:59,133000.0,300,Sell,234172290
2024-08-23 09:53:11,133000.0,900,Sell,234172503
2024-08-23 09:53:12,133000.0,100,Sell,234172525
2024-08-23 09:53:15,133000.0,100,Sell,234172566
2024-08-23 09:53:18,133000.0,1000,Sell,234172620
2024-08-23 09:53:19,133000.0,200,Sell,234172630
2024-08-23 09:53:20,133100.0,100,Buy,234172643
2024-08-23 09:53:49,133100.0,800,Buy,234173253
2024-08-23 09:53:49,133100.0,500,Buy,234173254
2024-08-23 09:53:49,133100.0,3000,Buy,234173255
2024-08-23 09:53:50,133000.0,900,Sell,234173273
2024-08-23 09:53:51,133000.0,100,Sell,234173292
2024-08-23 09:54:19,133100.0,100,Buy,234173790
2024-08-23 09:54:36,133000.0,1600,Sell,234174156
2024-08-23 09:54:36,133000.0,1300,Sell,234174157
2024-08-23 09:54:36,133000.0,600,Sell,234174161
2024-08-23 09:54:38,133000.0,100,Sell,234174171
2024-08-23 09:54:41,133000.0,100,Sell,234174224
2024-08-23 09:54:45,133000.0,200,Sell,234174341
2024-08-23 09:54:57,133000.0,100,Sell,234174618
2024-08-23 09:55:10,133000.0,100,Sell,234174903
2024-08-23 09:55:23,133000.0,100,Sell,234175094
2024-08-23 09:55:33,133100.0,200,Buy,234175314
2024-08-23 09:55:39,133100.0,200,Buy,234175406
2024-08-23 09:55:48,133000.0,100,Sell,234175543
2024-08-23 09:56:05,133000.0,100,Sell,234175818
2024-08-23 09:56:15,133100.0,1700,Buy,234175951
2024-08-23 09:56:15,133100.0,100,Buy,234175956
2024-08-23 09:56:15,133100.0,300,Buy,234175955
2024-08-23 09:56:15,133100.0,300,Buy,234175954
2024-08-23 09:56:15,133100.0,800,Buy,234175952
2024-08-23 09:56:15,133100.0,200,Buy,234175950
2024-08-23 09:56:15,133100.0,100,Buy,234175948
2024-08-23 09:56:15,133100.0,1500,Buy,234175945
2024-08-23 09:56:15,133100.0,2800,Buy,234175949
2024-08-23 09:56:15,133100.0,100,Buy,234175947
2024-08-23 09:56:15,133100.0,100,Buy,234175946
2024-08-23 09:56:16,133000.0,400,Sell,234175968
2024-08-23 09:56:16,133000.0,100,Sell,234175969
2024-08-23 09:56:16,133000.0,100,Sell,234175970
2024-08-23 09:56:16,133000.0,200,Sell,234175971
2024-08-23 09:56:16,133000.0,100,Sell,234175972
2024-08-23 09:56:16,133000.0,100,Sell,234175973
2024-08-23 09:56:16,133000.0,500,Sell,234175974
2024-08-23 09:56:16,133000.0,100,Sell,234175967
2024-08-23 09:56:17,133000.0,300,Sell,234176008
2024-08-23 09:56:25,133000.0,300,Sell,234176162
2024-08-23 09:56:38,133000.0,1000,Sell,234176420
2024-08-23 09:56:40,133000.0,200,Sell,234176438
2024-08-23 09:56:40,133000.0,100,Sell,234176441
2024-08-23 09:56:43,133000.0,100,Sell,234176501
2024-08-23 09:57:02,133000.0,100,Sell,234176969
2024-08-23 09:57:02,133000.0,500,Sell,234176968
2024-08-23 09:57:04,133000.0,100,Sell,234177022
2024-08-23 09:57:12,133000.0,100,Sell,234177189
2024-08-23 09:57:14,133000.0,3700,Sell,234177214
2024-08-23 09:57:14,133000.0,100,Sell,234177215
2024-08-23 09:57:14,133000.0,100,Sell,234177216
2024-08-23 09:57:14,133000.0,100,Sell,234177217
2024-08-23 09:57:14,133000.0,3000,Sell,234177218
2024-08-23 09:57:14,133000.0,1000,Sell,234177219
2024-08-23 09:57:14,133000.0,100,Sell,234177220
2024-08-23 09:57:14,133000.0,100,Sell,234177221
2024-08-23 09:57:14,133000.0,1800,Sell,234177222
2024-08-23 09:57:16,133000.0,2100,Sell,234177241
2024-08-23 09:57:17,133000.0,400,Sell,234177265
2024-08-23 09:58:03,133000.0,100,Sell,234178183
2024-08-23 09:58:05,133000.0,500,Sell,234178212
2024-08-23 09:58:07,133000.0,100,Sell,234178244
2024-08-23 09:58:17,133000.0,100,Sell,234178418
2024-08-23 09:58:18,133000.0,1500,Sell,234178434
2024-08-23 09:58:19,133000.0,100,Sell,234178458
2024-08-23 09:58:20,133000.0,300,Sell,234178464
2024-08-23 09:58:24,133000.0,500,Sell,234178544
2024-08-23 09:58:25,133000.0,100,Sell,234178547
2024-08-23 09:58:26,133000.0,100,Sell,234178587
2024-08-23 09:58:26,133000.0,100,Sell,234178586
2024-08-23 09:58:26,133000.0,500,Sell,234178585
2024-08-23 09:58:26,133000.0,100,Sell,234178588
2024-08-23 09:58:26,133000.0,100,Sell,234178583
2024-08-23 09:58:26,133000.0,300,Sell,234178582
2024-08-23 09:58:26,133000.0,100,Sell,234178581
2024-08-23 09:58:26,133000.0,2400,Sell,234178580
2024-08-23 09:58:26,133000.0,100,Sell,234178584
2024-08-23 09:58:28,133000.0,100,Buy,234178608
2024-08-23 09:58:53,133000.0,200,Buy,234179151
2024-08-23 09:59:09,133000.0,100,Buy,234179424
2024-08-23 09:59:17,133000.0,100,Buy,234179634
2024-08-23 09:59:22,133000.0,300,Buy,234179779
2024-08-23 09:59:22,133000.0,100,Buy,234179778
2024-08-23 09:59:22,133000.0,1700,Buy,234179773
2024-08-23 09:59:22,133000.0,1000,Buy,234179768
2024-08-23 09:59:22,133000.0,2900,Buy,234179774
2024-08-23 09:59:39,133000.0,100,Buy,234180337
2024-08-23 09:59:45,133000.0,100,Buy,234180430
2024-08-23 09:59:49,132900.0,100,Sell,234180525
2024-08-23 09:59:50,133000.0,200,Buy,234180563
2024-08-23 09:59:50,133000.0,300,Buy,234180562
2024-08-23 09:59:50,133000.0,300,Buy,234180564
2024-08-23 09:59:50,132900.0,100,Sell,234180560
2024-08-23 09:59:50,133000.0,200,Buy,234180561
2024-08-23 09:59:50,132900.0,1000,Sell,234180535
2024-08-23 09:59:58,132900.0,1700,Sell,234180775
2024-08-23 10:00:02,132900.0,300,Sell,234180886
2024-08-23 10:00:02,132900.0,400,Sell,234180885
2024-08-23 10:00:02,132900.0,300,Sell,234180884
2024-08-23 10:00:02,132900.0,100,Sell,234180883
2024-08-23 10:00:02,132900.0,1000,Sell,234180882
2024-08-23 10:00:02,132900.0,100,Sell,234180881
2024-08-23 10:00:02,132900.0,100,Sell,234180880
2024-08-23 10:00:02,132900.0,100,Sell,234180879
2024-08-23 10:00:02,132900.0,800,Sell,234180869
2024-08-23 10:00:02,132900.0,200,Sell,234180877
2024-08-23 10:00:02,132900.0,200,Sell,234180876
2024-08-23 10:00:02,132900.0,100,Sell,234180875
2024-08-23 10:00:02,132900.0,100,Sell,234180874
2024-08-23 10:00:02,132900.0,3000,Sell,234180873
2024-08-23 10:00:02,132900.0,1000,Sell,234180872
2024-08-23 10:00:02,132900.0,100,Sell,234180871
2024-08-23 10:00:02,132900.0,200,Sell,234180870
2024-08-23 10:00:02,132900.0,5000,Sell,234180878
2024-08-23 10:00:07,132900.0,400,Sell,234181025
2024-08-23 10:00:07,132900.0,200,Sell,234181026
2024-08-23 10:00:07,132900.0,100,Sell,234181027
2024-08-23 10:00:19,132900.0,400,Sell,234181260
2024-08-23 10:00:19,132900.0,2900,Sell,234181259
2024-08-23 10:00:19,132900.0,400,Sell,234181256
2024-08-23 10:00:19,132900.0,700,Sell,234181257
2024-08-23 10:00:19,132900.0,1700,Sell,234181258
2024-08-23 10:00:37,132800.0,100,Sell,234181666
2024-08-23 10:00:37,132800.0,100,Sell,234181667
2024-08-23 10:00:37,132800.0,100,Sell,234181668
2024-08-23 10:00:37,132800.0,100,Sell,234181669
2024-08-23 10:00:37,132800.0,2200,Sell,234181671
2024-08-23 10:00:37,132800.0,100,Sell,234181670
2024-08-23 10:00:37,132800.0,100,Sell,234181672
2024-08-23 10:00:37,132800.0,100,Sell,234181680
2024-08-23 10:00:37,132800.0,100,Sell,234181674
2024-08-23 10:00:37,132800.0,300,Sell,234181675
2024-08-23 10:00:37,132800.0,200,Sell,234181676
2024-08-23 10:00:37,132800.0,500,Sell,234181677
2024-08-23 10:00:37,132800.0,100,Sell,234181678
2024-08-23 10:00:37,132800.0,100,Sell,234181679
2024-08-23 10:00:37,132800.0,100,Sell,234181665
2024-08-23 10:00:37,132900.0,300,Buy,234181681
2024-08-23 10:00:37,132800.0,200,Sell,234181673
2024-08-23 10:00:37,132800.0,100,Sell,234181664
2024-08-23 10:00:37,132800.0,700,Sell,234181657
2024-08-23 10:00:37,132800.0,200,Sell,234181662
2024-08-23 10:00:37,132900.0,2300,Buy,234181645
2024-08-23 10:00:37,132900.0,1400,Buy,234181646
2024-08-23 10:00:37,132800.0,200,Sell,234181647
2024-08-23 10:00:37,132800.0,100,Sell,234181648
2024-08-23 10:00:37,132800.0,1000,Sell,234181649
2024-08-23 10:00:37,132800.0,1000,Sell,234181650
2024-08-23 10:00:37,132800.0,200,Sell,234181663
2024-08-23 10:00:37,132800.0,100,Sell,234181652
2024-08-23 10:00:37,132800.0,500,Sell,234181651
2024-08-23 10:00:37,132800.0,100,Sell,234181654
2024-08-23 10:00:37,132800.0,500,Sell,234181655
2024-08-23 10:00:37,132800.0,300,Sell,234181656
2024-08-23 10:00:37,132800.0,500,Sell,234181658
2024-08-23 10:00:37,132800.0,100,Sell,234181659
2024-08-23 10:00:37,132800.0,200,Sell,234181660
2024-08-23 10:00:37,132800.0,200,Sell,234181661
2024-08-23 10:00:37,132800.0,500,Sell,234181653
2024-08-23 10:00:42,132800.0,400,Sell,234181758
2024-08-23 10:00:42,132800.0,100,Sell,234181759
2024-08-23 10:00:43,132900.0,1900,Buy,234181789
2024-08-23 10:00:54,132800.0,100,Sell,234182065
2024-08-23 10:01:00,132800.0,1000,Sell,234182202
2024-08-23 10:01:00,132800.0,100,Sell,234182200
2024-08-23 10:01:00,132800.0,2300,Sell,234182201
2024-08-23 10:01:10,132800.0,200,Sell,234182421
2024-08-23 10:01:15,132800.0,200,Sell,234182484
2024-08-23 10:01:15,132800.0,300,Sell,234182485
2024-08-23 10:01:15,132800.0,100,Sell,234182500
2024-08-23 10:01:15,132800.0,100,Sell,234182501
2024-08-23 10:01:15,132800.0,100,Sell,234182502
2024-08-23 10:01:15,132800.0,700,Sell,234182503
2024-08-23 10:01:19,132800.0,100,Sell,234182567
2024-08-23 10:01:24,132800.0,100,Sell,234182654
2024-08-23 10:01:29,132800.0,600,Sell,234182820
2024-08-23 10:01:29,132800.0,100,Sell,234182818
2024-08-23 10:01:29,132800.0,2300,Sell,234182819
2024-08-23 10:01:41,132800.0,100,Sell,234183084
2024-08-23 10:01:41,132800.0,100,Sell,234183088
2024-08-23 10:02:00,132900.0,100,Buy,234183521
2024-08-23 10:02:03,132800.0,600,Sell,234183607
2024-08-23 10:02:03,132800.0,300,Sell,234183608
2024-08-23 10:02:03,132800.0,100,Sell,234183609
2024-08-23 10:02:07,132800.0,200,Sell,234183661
2024-08-23 10:02:12,132800.0,100,Sell,234183909
2024-08-23 10:02:17,132800.0,100,Buy,234184122
2024-08-23 10:02:35,132800.0,300,Buy,234184609
2024-08-23 10:02:41,132800.0,100,Buy,234184780
2024-08-23 10:02:47,132800.0,2900,Buy,234184926
2024-08-23 10:02:47,132800.0,1300,Buy,234184925
2024-08-23 10:02:47,132800.0,400,Buy,234184924
2024-08-23 10:02:48,132800.0,400,Buy,234184932
2024-08-23 10:02:54,132800.0,300,Buy,234185095
2024-08-23 10:02:54,132800.0,200,Buy,234185096
2024-08-23 10:02:54,132800.0,500,Buy,234185097
2024-08-23 10:03:04,132500.0,100,Sell,234185382
2024-08-23 10:03:04,132500.0,1000,Sell,234185381
2024-08-23 10:03:04,132500.0,100,Sell,234185380
2024-08-23 10:03:04,132500.0,100,Sell,234185379
2024-08-23 10:03:04,132500.0,100,Sell,234185378
2024-08-23 10:03:04,132500.0,1500,Sell,234185377
2024-08-23 10:03:04,132500.0,100,Sell,234185376
2024-08-23 10:03:04,132500.0,200,Sell,234185375
2024-08-23 10:03:04,132500.0,200,Sell,234185374
2024-08-23 10:03:04,132500.0,100,Sell,234185372
2024-08-23 10:03:04,132500.0,500,Sell,234185383
2024-08-23 10:03:04,132500.0,100,Sell,234185371
2024-08-23 10:03:04,132500.0,100,Sell,234185370
2024-08-23 10:03:04,132500.0,100,Sell,234185369
2024-08-23 10:03:04,132500.0,100,Sell,234185368
2024-08-23 10:03:04,132500.0,100,Sell,234185367
2024-08-23 10:03:04,132500.0,100,Sell,234185366
2024-08-23 10:03:04,132600.0,500,Sell,234185365
2024-08-23 10:03:04,132500.0,100,Sell,234185373
2024-08-23 10:03:04,132500.0,100,Sell,234185384
2024-08-23 10:03:04,132500.0,400,Sell,234185400
2024-08-23 10:03:04,132500.0,100,Sell,234185386
2024-08-23 10:03:04,132500.0,100,Sell,234185405
2024-08-23 10:03:04,132500.0,100,Sell,234185404
2024-08-23 10:03:04,132500.0,100,Sell,234185403
2024-08-23 10:03:04,132500.0,100,Sell,234185402
2024-08-23 10:03:04,132500.0,500,Sell,234185401
2024-08-23 10:03:04,132600.0,500,Sell,234185364
2024-08-23 10:03:04,132500.0,2000,Sell,234185399
2024-08-23 10:03:04,132500.0,200,Sell,234185398
2024-08-23 10:03:04,132500.0,1500,Sell,234185397
2024-08-23 10:03:04,132500.0,400,Sell,234185396
2024-08-23 10:03:04,132500.0,200,Sell,234185395
2024-08-23 10:03:04,132500.0,200,Sell,234185394
2024-08-23 10:03:04,132500.0,100,Sell,234185393
2024-08-23 10:03:04,132500.0,100,Sell,234185392
2024-08-23 10:03:04,132500.0,500,Sell,234185391
2024-08-23 10:03:04,132500.0,500,Sell,234185390
2024-08-23 10:03:04,132500.0,100,Sell,234185389
2024-08-23 10:03:04,132500.0,100,Sell,234185388
2024-08-23 10:03:04,132500.0,100,Sell,234185387
2024-08-23 10:03:04,132500.0,200,Sell,234185385
2024-08-23 10:03:04,132600.0,2000,Sell,234185363
2024-08-23 10:03:04,132600.0,100,Sell,234185359
2024-08-23 10:03:04,132600.0,100,Sell,234185361
2024-08-23 10:03:04,132700.0,100,Sell,234185337
2024-08-23 10:03:04,132700.0,500,Sell,234185336
2024-08-23 10:03:04,132700.0,100,Sell,234185335
2024-08-23 10:03:04,132700.0,100,Sell,234185334
2024-08-23 10:03:04,132700.0,100,Sell,234185333
2024-08-23 10:03:04,132700.0,100,Sell,234185332
2024-08-23 10:03:04,132700.0,100,Sell,234185331
2024-08-23 10:03:04,132700.0,500,Sell,234185330
2024-08-23 10:03:04,132700.0,100,Sell,234185329
2024-08-23 10:03:04,132600.0,1000,Sell,234185362
2024-08-23 10:03:04,132700.0,100,Sell,234185327
2024-08-23 10:03:04,132700.0,200,Sell,234185326
2024-08-23 10:03:04,132700.0,100,Sell,234185325
2024-08-23 10:03:04,132700.0,100,Sell,234185324
2024-08-23 10:03:04,132700.0,1000,Sell,234185323
2024-08-23 10:03:04,132700.0,200,Sell,234185322
2024-08-23 10:03:04,132700.0,100,Sell,234185321
2024-08-23 10:03:04,132700.0,100,Sell,234185320
2024-08-23 10:03:04,132800.0,3000,Buy,234185319
2024-08-23 10:03:04,132700.0,100,Sell,234185338
2024-08-23 10:03:04,132700.0,100,Sell,234185339
2024-08-23 10:03:04,132700.0,100,Sell,234185328
2024-08-23 10:03:04,132700.0,500,Sell,234185341
2024-08-23 10:03:04,132600.0,100,Sell,234185358
2024-08-23 10:03:04,132600.0,200,Sell,234185357
2024-08-23 10:03:04,132600.0,100,Sell,234185356
2024-08-23 10:03:04,132600.0,200,Sell,234185355
2024-08-23 10:03:04,132600.0,100,Sell,234185354
2024-08-23 10:03:04,132600.0,200,Sell,234185353
2024-08-23 10:03:04,132600.0,100,Sell,234185352
2024-08-23 10:03:04,132600.0,400,Sell,234185351
2024-08-23 10:03:04,132600.0,2900,Sell,234185350
2024-08-23 10:03:04,132600.0,1700,Sell,234185349
2024-08-23 10:03:04,132600.0,1000,Sell,234185348
2024-08-23 10:03:04,132700.0,200,Sell,234185347
2024-08-23 10:03:04,132700.0,400,Sell,234185346
2024-08-23 10:03:04,132700.0,2900,Sell,234185345
2024-08-23 10:03:04,132700.0,1700,Sell,234185344
2024-08-23 10:03:04,132700.0,300,Sell,234185343
2024-08-23 10:03:04,132700.0,2200,Sell,234185342
2024-08-23 10:03:04,132600.0,100,Sell,234185360
2024-08-23 10:03:04,132700.0,100,Sell,234185340
2024-08-23 10:03:05,132500.0,200,Buy,234185427
2024-08-23 10:03:05,132500.0,100,Buy,234185425
2024-08-23 10:03:05,132500.0,100,Buy,234185426
2024-08-23 10:03:15,132500.0,500,Buy,234185696
2024-08-23 10:03:17,132500.0,100,Buy,234185724
2024-08-23 10:03:20,132500.0,100,Buy,234185888
2024-08-23 10:03:29,132500.0,100,Buy,234186222
2024-08-23 10:03:45,132500.0,2900,Buy,234186587
2024-08-23 10:03:45,132500.0,300,Buy,234186588
2024-08-23 10:03:45,132500.0,800,Buy,234186589
2024-08-23 10:03:46,132500.0,200,Buy,234186605
2024-08-23 10:03:50,132800.0,100,Buy,234186706
2024-08-23 10:03:51,132500.0,400,Sell,234186746
2024-08-23 10:03:51,132500.0,300,Sell,234186745
2024-08-23 10:03:55,132600.0,100,Sell,234186840
2024-08-23 10:04:11,132600.0,100,Sell,234187300
2024-08-23 10:04:13,132600.0,100,Sell,234187360
2024-08-23 10:04:18,132600.0,100,Sell,234187442
2024-08-23 10:04:27,132500.0,4000,Sell,234187659
2024-08-23 10:04:27,132500.0,100,Sell,234187658
2024-08-23 10:04:27,132500.0,200,Sell,234187657
2024-08-23 10:04:27,132500.0,100,Sell,234187656
2024-08-23 10:04:27,132500.0,600,Sell,234187655
2024-08-23 10:04:27,132600.0,100,Sell,234187654
2024-08-23 10:04:27,132600.0,2300,Sell,234187651
2024-08-23 10:04:27,132600.0,1400,Sell,234187652
2024-08-23 10:04:27,132600.0,600,Sell,234187647
2024-08-23 10:04:27,132600.0,100,Sell,234187648
2024-08-23 10:04:27,132600.0,300,Sell,234187653
2024-08-23 10:04:27,132600.0,100,Sell,234187650
2024-08-23 10:04:27,132600.0,100,Sell,234187649
2024-08-23 10:04:31,132500.0,100,Sell,234187748
2024-08-23 10:04:45,132500.0,200,Sell,234188066
2024-08-23 10:04:46,132800.0,100,Buy,234188079
2024-08-23 10:04:46,132800.0,100,Buy,234188080
2024-08-23 10:04:46,132800.0,100,Buy,234188081
2024-08-23 10:04:46,132800.0,100,Buy,234188082
2024-08-23 10:04:46,132800.0,400,Buy,234188083
2024-08-23 10:04:54,132800.0,200,Sell,234188215
2024-08-23 10:05:21,132800.0,100,Buy,234189028
2024-08-23 10:05:21,132800.0,200,Buy,234189029
2024-08-23 10:05:27,132800.0,100,Buy,234189172
2024-08-23 10:05:51,132800.0,100,Buy,234189587
2024-08-23 10:05:56,132700.0,100,Buy,234189694
2024-08-23 10:05:58,132700.0,100,Buy,234189739
2024-08-23 10:06:13,132700.0,100,Buy,234190008
2024-08-23 10:06:13,132700.0,100,Buy,234190006
2024-08-23 10:06:13,132700.0,100,Buy,234190007
2024-08-23 10:06:13,132700.0,1700,Buy,234190005
2024-08-23 10:06:28,132700.0,2600,Sell,234190356
2024-08-23 10:06:28,132700.0,400,Sell,234190357
2024-08-23 10:06:30,132700.0,200,Buy,234190400
2024-08-23 10:06:34,132700.0,1700,Buy,234190473
2024-08-23 10:06:34,132700.0,1100,Buy,234190474
2024-08-23 10:06:52,132700.0,1800,Sell,234190828
2024-08-23 10:06:52,132700.0,400,Sell,234190829
2024-08-23 10:06:52,132700.0,100,Sell,234190830
2024-08-23 10:06:54,132700.0,500,Buy,234190896
2024-08-23 10:06:58,132700.0,1000,Buy,234190996
2024-08-23 10:07:03,132700.0,200,Buy,234191108
2024-08-23 10:07:05,132700.0,2000,Buy,234191157
2024-08-23 10:07:17,132700.0,100,Sell,234191408
2024-08-23 10:07:38,132700.0,100,Sell,234191815
2024-08-23 10:07:41,132700.0,100,Sell,234191892
2024-08-23 10:07:41,132700.0,100,Sell,234191893
2024-08-23 10:07:41,132700.0,300,Sell,234191894
2024-08-23 10:07:41,132700.0,100,Sell,234191895
2024-08-23 10:07:41,132700.0,2400,Sell,234191896
2024-08-23 10:07:47,132700.0,100,Buy,234192006
2024-08-23 10:08:19,132700.0,500,Buy,234192792
2024-08-23 10:08:29,132700.0,100,Buy,234193004
2024-08-23 10:08:39,132700.0,500,Buy,234193293
2024-08-23 10:08:45,132600.0,200,Sell,234193406
2024-08-23 10:08:45,132600.0,1500,Sell,234193407
2024-08-23 10:08:59,132700.0,1100,Buy,234193703
2024-08-23 10:08:59,132700.0,200,Buy,234193702
2024-08-23 10:08:59,132700.0,100,Buy,234193701
2024-08-23 10:08:59,132700.0,1000,Buy,234193700
2024-08-23 10:08:59,132700.0,100,Buy,234193699
2024-08-23 10:08:59,132700.0,600,Buy,234193697
2024-08-23 10:08:59,132700.0,400,Buy,234193696
2024-08-23 10:08:59,132700.0,100,Buy,234193695
2024-08-23 10:08:59,132700.0,300,Buy,234193694
2024-08-23 10:08:59,132700.0,1800,Buy,234193693
2024-08-23 10:08:59,132700.0,300,Buy,234193698
2024-08-23 10:09:07,132700.0,100,Buy,234193854
2024-08-23 10:09:28,132700.0,100,Buy,234194269
2024-08-23 10:09:31,132600.0,200,Sell,234194325
2024-08-23 10:09:31,132600.0,200,Sell,234194326
2024-08-23 10:09:48,132600.0,100,Sell,234194769
2024-08-23 10:09:59,132700.0,100,Buy,234194966
2024-08-23 10:09:59,132700.0,800,Buy,234194965
2024-08-23 10:09:59,132700.0,500,Buy,234194964
2024-08-23 10:09:59,132700.0,100,Buy,234194963
2024-08-23 10:09:59,132700.0,100,Buy,234194961
2024-08-23 10:09:59,132700.0,6000,Buy,234194960
2024-08-23 10:09:59,132700.0,700,Buy,234194957
2024-08-23 10:09:59,132700.0,1100,Buy,234194962
2024-08-23 10:09:59,132700.0,100,Buy,234194959
2024-08-23 10:09:59,132700.0,100,Buy,234194958
2024-08-23 10:10:01,132700.0,200,Sell,234194995
2024-08-23 10:10:03,132700.0,200,Sell,234195024
2024-08-23 10:10:12,132700.0,100,Buy,234195201
2024-08-23 10:10:27,132700.0,500,Buy,234195648
2024-08-23 10:10:28,132700.0,100,Buy,234195676
2024-08-23 10:10:33,132700.0,200,Buy,234195859
2024-08-23 10:10:43,132700.0,200,Buy,234196067
2024-08-23 10:10:57,132600.0,1500,Sell,234196469
2024-08-23 10:11:15,132600.0,1000,Sell,234196926
2024-08-23 10:11:16,132700.0,100,Buy,234196955
2024-08-23 10:11:16,132700.0,100,Buy,234196950
2024-08-23 10:11:16,132700.0,100,Buy,234196948
2024-08-23 10:11:16,132700.0,100,Buy,234196949
2024-08-23 10:11:16,132700.0,2400,Buy,234196944
2024-08-23 10:11:16,132700.0,3300,Buy,234196943
2024-08-23 10:11:16,132700.0,700,Buy,234196942
2024-08-23 10:11:16,132700.0,300,Buy,234196947
2024-08-23 10:11:27,132700.0,100,Buy,234197233
2024-08-23 10:11:27,132700.0,900,Buy,234197234
2024-08-23 10:11:29,132700.0,5100,Buy,234197270
2024-08-23 10:11:29,132700.0,400,Buy,234197271
2024-08-23 10:11:29,132700.0,100,Buy,234197272
2024-08-23 10:11:46,132700.0,100,Sell,234197561
2024-08-23 10:11:49,132700.0,1000,Sell,234197607
2024-08-23 10:11:53,132700.0,100,Sell,234197737
2024-08-23 10:12:03,132700.0,200,Sell,234198076
2024-08-23 10:12:04,132700.0,200,Sell,234198098
2024-08-23 10:12:15,132700.0,400,Sell,234198359
2024-08-23 10:12:19,132700.0,100,Sell,234198493
2024-08-23 10:12:20,132800.0,100,Buy,234198540
2024-08-23 10:12:30,132700.0,100,Sell,234198851
2024-08-23 10:12:30,132700.0,1000,Buy,234198871
2024-08-23 10:12:30,132700.0,500,Sell,234198856
2024-08-23 10:12:30,132700.0,1000,Sell,234198855
2024-08-23 10:12:30,132700.0,2300,Sell,234198846
2024-08-23 10:12:30,132700.0,1700,Sell,234198853
2024-08-23 10:12:30,132700.0,100,Sell,234198852
2024-08-23 10:12:30,132700.0,1700,Sell,234198854
2024-08-23 10:12:42,132700.0,700,Buy,234199171
2024-08-23 10:12:42,132700.0,100,Buy,234199172
2024-08-23 10:13:10,132600.0,100,Sell,234199997
2024-08-23 10:13:10,132600.0,400,Sell,234199998
2024-08-23 10:13:25,132700.0,100,Buy,234200288
2024-08-23 10:13:28,132600.0,400,Sell,234200354
2024-08-23 10:13:28,132700.0,9800,Buy,234200341
2024-08-23 10:13:28,132700.0,200,Buy,234200342
2024-08-23 10:13:28,132600.0,100,Sell,234200353
2024-08-23 10:13:30,132600.0,600,Sell,234200395
2024-08-23 10:13:30,132600.0,6400,Sell,234200396
2024-08-23 10:13:35,132600.0,600,Sell,234200507
2024-08-23 10:13:35,132600.0,100,Sell,234200527
2024-08-23 10:13:37,132700.0,100,Buy,234200591
2024-08-23 10:13:43,132700.0,1900,Buy,234200729
2024-08-23 10:13:43,132700.0,100,Buy,234200730
2024-08-23 10:13:50,132700.0,400,Buy,234200976
2024-08-23 10:14:04,132700.0,500,Buy,234201190
2024-08-23 10:14:08,132700.0,500,Buy,234201257
2024-08-23 10:14:19,132700.0,500,Buy,234201557
2024-08-23 10:14:19,132700.0,1000,Buy,234201558
2024-08-23 10:14:22,132700.0,700,Buy,234201600
2024-08-23 10:14:25,132700.0,100,Buy,234201635
2024-08-23 10:14:30,132700.0,100,Buy,234201754
2024-08-23 10:14:34,132700.0,1000,Buy,234201863
2024-08-23 10:14:34,132700.0,400,Buy,234201865
2024-08-23 10:14:34,132700.0,100,Buy,234201861
2024-08-23 10:14:34,132700.0,100,Buy,234201862
2024-08-23 10:14:34,132700.0,200,Buy,234201864
2024-08-23 10:14:34,132700.0,2200,Buy,234201860
2024-08-23 10:14:36,132700.0,100,Buy,234201894
2024-08-23 10:14:36,132700.0,800,Sell,234201897
2024-08-23 10:14:53,132700.0,100,Sell,234202276
2024-08-23 10:14:58,132700.0,100,Sell,234202380
2024-08-23 10:15:07,132700.0,100,Sell,234202592
2024-08-23 10:15:14,132700.0,900,Sell,234202687
2024-08-23 10:15:26,132700.0,100,Sell,234202955
2024-08-23 10:15:34,132800.0,100,Buy,234203139
2024-08-23 10:15:48,132800.0,100,Buy,234203574
2024-08-23 10:16:09,132700.0,1000,Sell,234204167
2024-08-23 10:16:10,132800.0,1000,Buy,234204176
2024-08-23 10:16:12,132800.0,2800,Buy,234204203
2024-08-23 10:16:12,132800.0,7200,Buy,234204204
2024-08-23 10:16:18,132800.0,2800,Buy,234204329
2024-08-23 10:16:18,132800.0,100,Buy,234204330
2024-08-23 10:16:30,132700.0,100,Sell,234204636
2024-08-23 10:16:34,132800.0,700,Buy,234204731
2024-08-23 10:16:35,132700.0,100,Sell,234204740
2024-08-23 10:16:37,132700.0,400,Sell,234204758
2024-08-23 10:16:37,132700.0,400,Sell,234204759
2024-08-23 10:16:38,132800.0,100,Buy,234204786
2024-08-23 10:16:41,132800.0,200,Buy,234204855
2024-08-23 10:16:41,132800.0,100,Buy,234204856
2024-08-23 10:16:41,132800.0,200,Buy,234204857
2024-08-23 10:16:41,132800.0,100,Buy,234204858
2024-08-23 10:16:41,132800.0,200,Buy,234204859
2024-08-23 10:16:41,132800.0,100,Buy,234204860
2024-08-23 10:16:41,132800.0,1000,Buy,234204861
2024-08-23 10:16:42,132800.0,400,Sell,234204880
2024-08-23 10:16:59,132800.0,100,Sell,234205271
2024-08-23 10:17:09,132900.0,100,Buy,234205485
2024-08-23 10:17:09,132900.0,100,Buy,234205482
2024-08-23 10:17:09,132900.0,1000,Buy,234205481
2024-08-23 10:17:09,132900.0,500,Buy,234205484
2024-08-23 10:17:09,132900.0,100,Buy,234205479
2024-08-23 10:17:09,132900.0,200,Buy,234205480
2024-08-23 10:17:09,132900.0,900,Buy,234205476
2024-08-23 10:17:09,132900.0,100,Buy,234205483
2024-08-23 10:17:09,132900.0,3400,Buy,234205477
2024-08-23 10:17:09,132900.0,3600,Buy,234205478
2024-08-23 10:17:15,132800.0,100,Sell,234205592
2024-08-23 10:17:16,132900.0,100,Buy,234205608
2024-08-23 10:17:19,132900.0,100,Buy,234205689
2024-08-23 10:17:22,132900.0,100,Sell,234205729
2024-08-23 10:17:42,133000.0,100,Buy,234206023
2024-08-23 10:17:51,133000.0,500,Buy,234206128
2024-08-23 10:17:55,132900.0,100,Sell,234206202
2024-08-23 10:18:11,132900.0,1000,Sell,234206522
2024-08-23 10:18:11,132900.0,1000,Sell,234206519
2024-08-23 10:18:11,132900.0,500,Sell,234206520
2024-08-23 10:18:11,132900.0,100,Sell,234206521
2024-08-23 10:18:19,132900.0,2300,Buy,234206662
2024-08-23 10:18:19,132900.0,1100,Buy,234206663
2024-08-23 10:18:19,132900.0,200,Buy,234206664
2024-08-23 10:18:29,132900.0,100,Sell,234206808
2024-08-23 10:18:29,132900.0,100,Sell,234206807
2024-08-23 10:18:33,132900.0,100,Sell,234206864
2024-08-23 10:18:36,132900.0,100,Sell,234206961
2024-08-23 10:18:47,133000.0,100,Buy,234207159
2024-08-23 10:18:47,132900.0,1000,Sell,234207183
2024-08-23 10:18:49,132900.0,100,Sell,234207210
2024-08-23 10:18:55,132900.0,100,Sell,234207307
2024-08-23 10:18:55,132900.0,300,Sell,234207308
2024-08-23 10:19:06,132900.0,400,Buy,234207500
2024-08-23 10:19:09,132900.0,2500,Buy,234207553
2024-08-23 10:19:16,132800.0,100,Sell,234207649
2024-08-23 10:19:18,132900.0,500,Buy,234207709
2024-08-23 10:19:26,132900.0,100,Buy,234207904
2024-08-23 10:19:31,132900.0,100,Buy,234207994
2024-08-23 10:19:41,132900.0,200,Buy,234208145
2024-08-23 10:19:51,132900.0,100,Buy,234208330
2024-08-23 10:19:56,132800.0,100,Sell,234208373
2024-08-23 10:20:05,132900.0,300,Buy,234208520
2024-08-23 10:20:06,132900.0,100,Sell,234208527
2024-08-23 10:20:06,132900.0,100,Buy,234208526
2024-08-23 10:20:06,132900.0,1700,Buy,234208525
2024-08-23 10:20:13,132900.0,600,Sell,234208629
2024-08-23 10:20:13,132900.0,4200,Sell,234208630
2024-08-23 10:20:13,132900.0,600,Sell,234208631
2024-08-23 10:20:13,132900.0,600,Sell,234208632
2024-08-23 10:20:14,132900.0,100,Sell,234208654
2024-08-23 10:20:24,132900.0,900,Sell,234208810
2024-08-23 10:20:24,132900.0,100,Sell,234208811
2024-08-23 10:20:36,132900.0,100,Sell,234209045
2024-08-23 10:20:44,132900.0,100,Sell,234209207
2024-08-23 10:20:47,132900.0,200,Sell,234209288
2024-08-23 10:20:56,133000.0,100,Buy,234209471
2024-08-23 10:21:16,132900.0,100,Sell,234209988
2024-08-23 10:21:25,133000.0,300,Buy,234210141
2024-08-23 10:21:36,132900.0,100,Sell,234210387
2024-08-23 10:21:36,132900.0,2800,Sell,234210385
2024-08-23 10:21:36,132900.0,100,Sell,234210386
2024-08-23 10:21:36,132900.0,400,Sell,234210383
2024-08-23 10:21:36,132900.0,1700,Sell,234210384
2024-08-23 10:21:36,132900.0,700,Sell,234210382
2024-08-23 10:21:38,132900.0,200,Buy,234210414
2024-08-23 10:21:43,132900.0,1700,Buy,234210530
2024-08-23 10:21:44,132900.0,1700,Buy,234210591
2024-08-23 10:21:45,132900.0,600,Buy,234210637
2024-08-23 10:21:45,132900.0,100,Buy,234210640
2024-08-23 10:21:45,132900.0,600,Buy,234210641
2024-08-23 10:21:51,132900.0,100,Sell,234210809
2024-08-23 10:21:56,132900.0,100,Sell,234210898
2024-08-23 10:22:01,133000.0,100,Buy,234210977
2024-08-23 10:22:06,133000.0,200,Buy,234211062
2024-08-23 10:22:31,133000.0,100,Buy,234211542
2024-08-23 10:22:36,132900.0,100,Sell,234211607
2024-08-23 10:22:57,132900.0,100,Sell,234211981
2024-08-23 10:22:58,132900.0,100,Sell,234211994
2024-08-23 10:23:05,133000.0,100,Buy,234212126
2024-08-23 10:23:16,132900.0,100,Sell,234212271
2024-08-23 10:23:25,132900.0,800,Sell,234212398
2024-08-23 10:23:25,132900.0,200,Sell,234212399
2024-08-23 10:23:30,133000.0,100,Buy,234212484
2024-08-23 10:23:30,133000.0,500,Buy,234212485
2024-08-23 10:23:30,133000.0,400,Buy,234212486
2024-08-23 10:23:45,133000.0,100,Buy,234212772
2024-08-23 10:23:48,133000.0,100,Buy,234212838
2024-08-23 10:23:56,132900.0,100,Sell,234212946
2024-08-23 10:24:05,132900.0,100,Sell,234213125
2024-08-23 10:24:10,133000.0,100,Buy,234213197
2024-08-23 10:24:14,132900.0,500,Sell,234213294
2024-08-23 10:24:26,132900.0,300,Sell,234213442
2024-08-23 10:24:36,132900.0,100,Sell,234213616
2024-08-23 10:24:47,132900.0,100,Sell,234213739
2024-08-23 10:25:13,132900.0,100,Sell,234214170
2024-08-23 10:25:15,133000.0,100,Buy,234214189
2024-08-23 10:25:17,132900.0,100,Sell,234214206
2024-08-23 10:25:45,132900.0,500,Sell,234214805
2024-08-23 10:25:45,132900.0,500,Sell,234214804
2024-08-23 10:25:53,133000.0,400,Buy,234214925
2024-08-23 10:25:53,133000.0,100,Buy,234214926
2024-08-23 10:25:53,133000.0,200,Buy,234214927
2024-08-23 10:25:53,133000.0,200,Buy,234214928
2024-08-23 10:25:53,133000.0,300,Buy,234214929
2024-08-23 10:25:53,133000.0,2700,Buy,234214930
2024-08-23 10:25:53,133000.0,100,Buy,234214931
2024-08-23 10:25:53,133000.0,600,Buy,234214932
2024-08-23 10:25:57,132900.0,100,Sell,234215012
2024-08-23 10:25:59,133000.0,100,Buy,234215126
2024-08-23 10:25:59,133000.0,100,Buy,234215127
2024-08-23 10:25:59,133000.0,100,Buy,234215128
2024-08-23 10:25:59,133000.0,100,Buy,234215125
2024-08-23 10:25:59,133000.0,500,Buy,234215130
2024-08-23 10:25:59,133000.0,600,Buy,234215131
2024-08-23 10:25:59,133000.0,500,Buy,234215132
2024-08-23 10:25:59,133000.0,100,Buy,234215129
2024-08-23 10:25:59,133000.0,3600,Buy,234215124
2024-08-23 10:25:59,133000.0,800,Buy,234215116
2024-08-23 10:25:59,133000.0,100,Buy,234215122
2024-08-23 10:25:59,133000.0,900,Buy,234215123
2024-08-23 10:25:59,133000.0,600,Buy,234215114
2024-08-23 10:25:59,133000.0,600,Buy,234215117
2024-08-23 10:25:59,133000.0,800,Buy,234215115
2024-08-23 10:25:59,133000.0,1500,Buy,234215119
2024-08-23 10:25:59,133000.0,200,Buy,234215120
2024-08-23 10:25:59,133000.0,200,Buy,234215121
2024-08-23 10:25:59,133000.0,1900,Buy,234215118
2024-08-23 10:26:00,133000.0,500,Buy,234215133
2024-08-23 10:26:00,133000.0,1000,Buy,234215134
2024-08-23 10:26:00,133000.0,400,Buy,234215135
2024-08-23 10:26:00,133000.0,200,Buy,234215136
2024-08-23 10:26:00,133000.0,200,Buy,234215137
2024-08-23 10:26:00,133000.0,1000,Buy,234215138
2024-08-23 10:26:00,133000.0,200,Buy,234215139
2024-08-23 10:26:00,133000.0,100,Buy,234215140
2024-08-23 10:26:00,133000.0,1500,Buy,234215141
2024-08-23 10:26:00,133000.0,100,Buy,234215142
2024-08-23 10:26:00,133000.0,500,Buy,234215143
2024-08-23 10:26:11,133000.0,100,Buy,234215388
2024-08-23 10:26:16,133000.0,1000,Buy,234215538
2024-08-23 10:26:16,133000.0,400,Buy,234215536
2024-08-23 10:26:16,133000.0,200,Buy,234215537
2024-08-23 10:26:19,133100.0,100,Buy,234215612
2024-08-23 10:26:36,133100.0,100,Buy,234216067
2024-08-23 10:26:37,133000.0,100,Sell,234216075
2024-08-23 10:26:43,133000.0,100,Sell,234216404
2024-08-23 10:26:43,133100.0,1700,Buy,234216413
2024-08-23 10:26:44,133100.0,1700,Buy,234216445
2024-08-23 10:26:45,133100.0,1400,Buy,234216539
2024-08-23 10:26:45,133100.0,100,Buy,234216540
2024-08-23 10:26:45,133100.0,200,Buy,234216541
2024-08-23 10:26:51,133100.0,4000,Buy,234216682
2024-08-23 10:26:56,133100.0,2800,Buy,234216886
2024-08-23 10:26:56,133100.0,100,Buy,234216885
2024-08-23 10:26:56,133100.0,100,Buy,234216884
2024-08-23 10:26:56,133100.0,100,Buy,234216883
2024-08-23 10:26:56,133100.0,200,Buy,234216880
2024-08-23 10:26:56,133100.0,100,Buy,234216881
2024-08-23 10:26:56,133100.0,200,Buy,234216882
2024-08-23 10:26:56,133100.0,5800,Buy,234216877
2024-08-23 10:26:56,133100.0,500,Buy,234216878
2024-08-23 10:26:56,133100.0,100,Buy,234216879
2024-08-23 10:26:57,133100.0,1100,Buy,234216918
2024-08-23 10:27:06,133100.0,2000,Buy,234217134
2024-08-23 10:27:06,133100.0,1000,Buy,234217159
2024-08-23 10:27:08,133100.0,100,Buy,234217207
2024-08-23 10:27:10,133100.0,200,Sell,234217244
2024-08-23 10:27:17,133100.0,100,Sell,234217459
2024-08-23 10:27:24,133200.0,100,Buy,234217680
2024-08-23 10:27:44,133200.0,100,Buy,234218249
2024-08-23 10:27:57,133100.0,100,Sell,234218548
2024-08-23 10:28:01,133200.0,100,Buy,234218620
2024-08-23 10:28:12,133200.0,100,Buy,234218872
2024-08-23 10:28:14,133200.0,300,Buy,234218907
2024-08-23 10:28:14,133200.0,100,Buy,234218908
2024-08-23 10:28:14,133200.0,100,Buy,234218909
2024-08-23 10:28:18,133100.0,100,Sell,234219034
2024-08-23 10:28:18,133100.0,100,Sell,234219035
2024-08-23 10:28:18,133100.0,800,Sell,234219036
2024-08-23 10:28:20,133100.0,900,Sell,234219090
2024-08-23 10:28:29,133100.0,100,Buy,234219309
2024-08-23 10:28:37,133000.0,100,Sell,234219465
2024-08-23 10:28:45,133100.0,400,Buy,234219603
2024-08-23 10:29:03,133100.0,1200,Buy,234219938
2024-08-23 10:29:03,133100.0,100,Buy,234219937
2024-08-23 10:29:05,133000.0,300,Sell,234220004
2024-08-23 10:29:05,133000.0,1400,Sell,234220005
2024-08-23 10:29:13,133100.0,500,Buy,234220118
2024-08-23 10:29:17,133000.0,100,Sell,234220195
2024-08-23 10:29:23,133100.0,500,Buy,234220329
2024-08-23 10:29:34,133100.0,100,Buy,234220509
2024-08-23 10:29:44,133100.0,100,Buy,234220699
2024-08-23 10:29:49,133100.0,100,Buy,234220815
2024-08-23 10:29:57,133100.0,500,Buy,234220971
2024-08-23 10:29:57,133000.0,100,Sell,234220973
2024-08-23 10:30:02,133100.0,1000,Buy,234221095
2024-08-23 10:30:21,133100.0,1400,Buy,234221480
2024-08-23 10:30:21,133100.0,900,Buy,234221484
2024-08-23 10:30:21,133100.0,1700,Buy,234221485
2024-08-23 10:30:21,133100.0,400,Buy,234221483
2024-08-23 10:30:22,133100.0,100,Buy,234221488
2024-08-23 10:30:22,133100.0,100,Buy,234221489
2024-08-23 10:30:22,133100.0,100,Buy,234221490
2024-08-23 10:30:23,133100.0,300,Sell,234221529
2024-08-23 10:30:27,133100.0,100,Buy,234221574
2024-08-23 10:30:32,133100.0,600,Buy,234221671
2024-08-23 10:30:37,133100.0,400,Sell,234221792
2024-08-23 10:30:37,133100.0,400,Sell,234221793
2024-08-23 10:30:37,133100.0,2800,Sell,234221794
2024-08-23 10:30:37,133100.0,400,Sell,234221795
2024-08-23 10:30:37,133100.0,100,Sell,234221791
2024-08-23 10:30:39,133200.0,100,Buy,234221812
2024-08-23 10:30:57,133200.0,100,Buy,234222137
2024-08-23 10:31:13,133200.0,100,Buy,234222514
2024-08-23 10:31:13,133200.0,200,Buy,234222515
2024-08-23 10:31:13,133200.0,200,Buy,234222516
2024-08-23 10:31:17,133100.0,100,Sell,234222594
2024-08-23 10:31:40,133200.0,100,Buy,234223053
2024-08-23 10:31:40,133200.0,100,Buy,234223052
2024-08-23 10:31:40,133200.0,100,Buy,234223051
2024-08-23 10:31:40,133200.0,100,Buy,234223050
2024-08-23 10:31:40,133200.0,100,Buy,234223046
2024-08-23 10:31:40,133200.0,1000,Buy,234223048
2024-08-23 10:31:40,133200.0,2300,Buy,234223049
2024-08-23 10:31:40,133200.0,200,Buy,234223044
2024-08-23 10:31:40,133200.0,100,Buy,234223047
2024-08-23 10:31:40,133200.0,100,Buy,234223045
2024-08-23 10:31:44,133300.0,100,Buy,234223094
2024-08-23 10:31:45,133200.0,400,Sell,234223128
2024-08-23 10:31:49,133200.0,400,Sell,234223199
2024-08-23 10:31:49,133200.0,3600,Sell,234223200
2024-08-23 10:31:56,133200.0,100,Sell,234223351
2024-08-23 10:31:58,133200.0,100,Sell,234223375
2024-08-23 10:32:01,133200.0,200,Sell,234223430
2024-08-23 10:32:04,133200.0,1700,Sell,234223494
2024-08-23 10:32:04,133200.0,1000,Sell,234223492
2024-08-23 10:32:04,133200.0,100,Sell,234223493
2024-08-23 10:32:04,133200.0,1700,Sell,234223495
2024-08-23 10:32:05,133300.0,2400,Buy,234223508
2024-08-23 10:32:05,133200.0,500,Buy,234223504
2024-08-23 10:32:05,133300.0,100,Buy,234223507
2024-08-23 10:32:38,133200.0,100,Sell,234223998
2024-08-23 10:32:42,133200.0,1000,Sell,234224091
2024-08-23 10:32:43,133200.0,1900,Sell,234224113
2024-08-23 10:32:43,133200.0,1000,Sell,234224114
2024-08-23 10:32:47,133200.0,100,Sell,234224171
2024-08-23 10:32:48,133300.0,100,Buy,234224198
2024-08-23 10:33:15,133300.0,400,Buy,234224609
2024-08-23 10:33:18,133200.0,100,Sell,234224663
2024-08-23 10:33:46,133200.0,100,Sell,234225063
2024-08-23 10:33:46,133200.0,1200,Sell,234225062
2024-08-23 10:33:46,133200.0,800,Sell,234225061
2024-08-23 10:33:53,133200.0,100,Buy,234225164
2024-08-23 10:33:58,133100.0,100,Sell,234225257
2024-08-23 10:34:02,133200.0,500,Buy,234225336
2024-08-23 10:34:09,133200.0,1000,Buy,234225444
2024-08-23 10:34:34,133200.0,1000,Buy,234225753
2024-08-23 10:34:38,133100.0,100,Sell,234225792
2024-08-23 10:34:56,133200.0,300,Buy,234226019
2024-08-23 10:34:56,133200.0,100,Buy,234226020
2024-08-23 10:34:56,133200.0,100,Buy,234226021
2024-08-23 10:34:58,133200.0,100,Buy,234226082
2024-08-23 10:35:04,133200.0,400,Buy,234226170
2024-08-23 10:35:04,133200.0,100,Buy,234226169
2024-08-23 10:35:18,133100.0,100,Sell,234226366
2024-08-23 10:35:42,133100.0,100,Sell,234226700
2024-08-23 10:35:45,133100.0,400,Sell,234226756
2024-08-23 10:35:58,133100.0,100,Sell,234226970
2024-08-23 10:36:03,133200.0,100,Buy,234227056
2024-08-23 10:36:39,133100.0,100,Sell,234227651
2024-08-23 10:36:44,133200.0,2000,Buy,234227718
2024-08-23 10:36:45,133100.0,4800,Sell,234227745
2024-08-23 10:36:45,133100.0,200,Sell,234227744
2024-08-23 10:36:49,133200.0,1500,Buy,234227836
2024-08-23 10:36:49,133200.0,100,Buy,234227837
2024-08-23 10:36:49,133200.0,400,Buy,234227838
2024-08-23 10:36:50,133100.0,5200,Sell,234227846
2024-08-23 10:36:50,133100.0,1100,Sell,234227847
2024-08-23 10:36:50,133100.0,400,Sell,234227848
2024-08-23 10:36:50,133100.0,1700,Sell,234227849
2024-08-23 10:36:50,133100.0,1600,Sell,234227850
2024-08-23 10:36:54,133000.0,100,Sell,234227974
2024-08-23 10:36:54,133000.0,500,Sell,234227975
2024-08-23 10:36:54,133000.0,100,Sell,234227976
2024-08-23 10:36:54,133000.0,200,Sell,234227980
2024-08-23 10:36:54,133000.0,300,Sell,234227978
2024-08-23 10:36:54,133000.0,10000,Sell,234227979
2024-08-23 10:36:54,133000.0,1000,Sell,234227973
2024-08-23 10:36:54,133000.0,1100,Sell,234227977
2024-08-23 10:36:54,133000.0,100,Sell,234227972
2024-08-23 10:36:54,133000.0,100,Sell,234227969
2024-08-23 10:36:54,133000.0,100,Sell,234227970
2024-08-23 10:36:54,133000.0,19500,Sell,234227968
2024-08-23 10:36:54,133000.0,100,Sell,234227967
2024-08-23 10:36:54,133000.0,8400,Sell,234227966
2024-08-23 10:36:54,133100.0,100,Sell,234227965
2024-08-23 10:36:54,133100.0,200,Sell,234227964
2024-08-23 10:36:54,133100.0,2000,Sell,234227963
2024-08-23 10:36:54,133100.0,1200,Sell,234227962
2024-08-23 10:36:54,133000.0,500,Sell,234227971
2024-08-23 10:37:08,133000.0,100,Buy,234228158
2024-08-23 10:37:13,133000.0,200,Buy,234228251
2024-08-23 10:37:18,132900.0,100,Sell,234228323
2024-08-23 10:37:20,133000.0,700,Buy,234228367
2024-08-23 10:37:45,133000.0,100,Buy,234228757
2024-08-23 10:37:59,132900.0,100,Sell,234228950
2024-08-23 10:38:02,133000.0,100,Buy,234228985
2024-08-23 10:38:14,133000.0,100,Buy,234229134
2024-08-23 10:38:16,133000.0,200,Buy,234229177
2024-08-23 10:38:30,133000.0,100,Buy,234229414
2024-08-23 10:38:39,132900.0,100,Sell,234229545
2024-08-23 10:38:43,133000.0,4300,Buy,234229583
2024-08-23 10:38:58,132900.0,600,Sell,234229802
2024-08-23 10:39:01,133000.0,2000,Buy,234229850
2024-08-23 10:39:19,133000.0,100,Buy,234230082
2024-08-23 10:39:19,132900.0,100,Sell,234230085
2024-08-23 10:39:19,133000.0,2000,Buy,234230093
2024-08-23 10:39:22,133000.0,200,Buy,234230128
2024-08-23 10:39:22,133000.0,100,Buy,234230127
2024-08-23 10:39:22,133000.0,100,Buy,234230126
2024-08-23 10:39:22,133000.0,100,Buy,234230125
2024-08-23 10:39:22,133000.0,200,Buy,234230124
2024-08-23 10:39:22,133000.0,100,Buy,234230123
2024-08-23 10:39:22,133000.0,1000,Buy,234230121
2024-08-23 10:39:22,133000.0,100,Buy,234230120
2024-08-23 10:39:22,133000.0,5400,Buy,234230111
2024-08-23 10:39:22,133000.0,9000,Buy,234230112
2024-08-23 10:39:22,133000.0,100,Buy,234230122
2024-08-23 10:39:22,133000.0,300,Buy,234230119
2024-08-23 10:39:22,133000.0,100,Buy,234230113
2024-08-23 10:39:40,133000.0,1000,Sell,234230321
2024-08-23 10:39:47,133000.0,100,Sell,234230432
2024-08-23 10:39:57,133000.0,100,Sell,234230522
2024-08-23 10:39:59,133000.0,100,Sell,234230540
2024-08-23 10:40:10,133000.0,200,Sell,234230707
2024-08-23 10:40:23,133000.0,100,Sell,234230945
2024-08-23 10:40:24,133000.0,100,Sell,234230950
2024-08-23 10:40:24,133100.0,100,Buy,234230954
2024-08-23 10:40:35,133100.0,100,Buy,234231141
2024-08-23 10:40:39,133000.0,100,Sell,234231220
2024-08-23 10:40:46,133000.0,6400,Sell,234231351
2024-08-23 10:40:46,133000.0,1000,Sell,234231350
2024-08-23 10:40:46,133000.0,9000,Sell,234231349
2024-08-23 10:40:46,133000.0,1400,Sell,234231346
2024-08-23 10:40:46,133000.0,200,Sell,234231348
2024-08-23 10:40:46,133000.0,2000,Sell,234231347
2024-08-23 10:40:54,133000.0,100,Sell,234231506
2024-08-23 10:41:02,133000.0,3500,Sell,234231631
2024-08-23 10:41:02,133000.0,100,Sell,234231632
2024-08-23 10:41:02,133000.0,500,Sell,234231633
2024-08-23 10:41:02,133000.0,1900,Sell,234231634
2024-08-23 10:41:02,133000.0,3200,Sell,234231635
2024-08-23 10:41:02,133000.0,1400,Sell,234231636
2024-08-23 10:41:11,133000.0,2700,Buy,234231728
2024-08-23 10:41:11,133000.0,4500,Buy,234231729
2024-08-23 10:41:11,133000.0,2100,Buy,234231730
2024-08-23 10:41:11,133000.0,100,Buy,234231731
2024-08-23 10:41:19,133000.0,100,Sell,234231831
2024-08-23 10:41:29,133100.0,100,Buy,234231959
2024-08-23 10:41:30,133000.0,200,Sell,234231962
2024-08-23 10:41:34,133100.0,1400,Buy,234232013
2024-08-23 10:41:53,133100.0,100,Buy,234232242
2024-08-23 10:41:59,133000.0,100,Sell,234232309
2024-08-23 10:42:01,133000.0,100,Sell,234232323
2024-08-23 10:42:05,133000.0,100,Sell,234232383
2024-08-23 10:42:09,133000.0,100,Sell,234232422
2024-08-23 10:42:09,133000.0,600,Sell,234232423
2024-08-23 10:42:09,133000.0,1300,Sell,234232424
2024-08-23 10:42:29,133000.0,100,Sell,234232703
2024-08-23 10:42:29,133000.0,100,Sell,234232702
2024-08-23 10:42:29,133000.0,2000,Sell,234232701
2024-08-23 10:42:29,133000.0,100,Sell,234232704
2024-08-23 10:42:29,133000.0,3600,Sell,234232699
2024-08-23 10:42:29,133000.0,2100,Sell,234232698
2024-08-23 10:42:29,133000.0,400,Sell,234232697
2024-08-23 10:42:29,133000.0,100,Sell,234232700
2024-08-23 10:42:32,133000.0,100,Buy,234232730
2024-08-23 10:42:34,133000.0,100,Buy,234232788
2024-08-23 10:42:39,132900.0,100,Sell,234232847
2024-08-23 10:42:40,133000.0,2000,Buy,234232864
2024-08-23 10:42:45,133000.0,1500,Buy,234232930
2024-08-23 10:42:46,133000.0,200,Sell,234232948
2024-08-23 10:42:49,133000.0,100,Sell,234232997
2024-08-23 10:42:49,133000.0,200,Sell,234232993
2024-08-23 10:42:49,133000.0,100,Sell,234232996
2024-08-23 10:42:54,132900.0,100,Sell,234233033
2024-08-23 10:43:06,132900.0,400,Sell,234233164
2024-08-23 10:43:08,132900.0,100,Sell,234233244
2024-08-23 10:43:08,133000.0,100,Buy,234233247
2024-08-23 10:43:15,133000.0,2000,Buy,234233347
2024-08-23 10:43:20,132900.0,100,Sell,234233379
2024-08-23 10:43:30,132900.0,100,Sell,234233533
2024-08-23 10:43:39,133000.0,100,Buy,234233654
2024-08-23 10:43:54,133000.0,400,Buy,234233865
2024-08-23 10:44:00,132900.0,100,Sell,234233902
2024-08-23 10:44:07,133000.0,100,Buy,234234005
2024-08-23 10:44:10,133000.0,100,Buy,234234048
2024-08-23 10:44:11,133000.0,7000,Buy,234234060
2024-08-23 10:44:11,133000.0,200,Buy,234234061
2024-08-23 10:44:11,133000.0,200,Buy,234234062
2024-08-23 10:44:11,133000.0,200,Buy,234234063
2024-08-23 10:44:11,133000.0,300,Buy,234234064
2024-08-23 10:44:15,133000.0,100,Sell,234234120
2024-08-23 10:44:19,133000.0,1000,Sell,234234185
2024-08-23 10:44:23,133000.0,600,Sell,234234229
2024-08-23 10:44:26,133000.0,400,Sell,234234263
2024-08-23 10:44:40,132900.0,100,Sell,234234424
2024-08-23 10:44:45,133000.0,100,Buy,234234472
2024-08-23 10:44:48,133000.0,7800,Buy,234234505
2024-08-23 10:44:48,133000.0,400,Buy,234234504
2024-08-23 10:44:48,133000.0,100,Buy,234234503
2024-08-23 10:44:48,133000.0,1500,Buy,234234501
2024-08-23 10:44:48,133000.0,200,Buy,234234502
2024-08-23 10:44:58,133000.0,2200,Buy,234234618
2024-08-23 10:44:58,133000.0,100,Buy,234234619
2024-08-23 10:44:58,133000.0,200,Buy,234234620
2024-08-23 10:44:58,133000.0,100,Buy,234234621
2024-08-23 10:44:58,133000.0,100,Buy,234234622
2024-08-23 10:45:03,133000.0,100,Sell,234234661
2024-08-23 10:45:06,133000.0,400,Sell,234234713
2024-08-23 10:45:08,133000.0,100,Sell,234234743
2024-08-23 10:45:10,133000.0,6700,Sell,234234757
2024-08-23 10:45:10,133000.0,300,Sell,234234758
2024-08-23 10:45:20,132900.0,100,Sell,234234932
2024-08-23 10:45:23,132900.0,100,Sell,234234969
2024-08-23 10:45:23,133000.0,100,Buy,234234970
2024-08-23 10:45:26,133000.0,2900,Buy,234235002
2024-08-23 10:45:33,133000.0,800,Sell,234235114
2024-08-23 10:45:33,133000.0,1200,Sell,234235113
2024-08-23 10:45:40,133000.0,100,Sell,234235224
2024-08-23 10:45:50,133100.0,100,Buy,234235368
2024-08-23 10:45:58,133100.0,400,Buy,234235477
2024-08-23 10:46:00,133000.0,100,Sell,234235498
2024-08-23 10:46:08,133000.0,800,Sell,234235587
2024-08-23 10:46:17,133100.0,100,Buy,234235727
2024-08-23 10:46:20,133000.0,100,Sell,234235762
2024-08-23 10:46:20,133000.0,400,Sell,234235763
2024-08-23 10:46:30,133000.0,100,Sell,234235906
2024-08-23 10:46:30,133000.0,200,Sell,234235905
2024-08-23 10:46:30,133000.0,2000,Sell,234235907
2024-08-23 10:46:30,133000.0,100,Sell,234235903
2024-08-23 10:46:30,133000.0,600,Sell,234235902
2024-08-23 10:46:30,133000.0,2000,Sell,234235901
2024-08-23 10:46:30,133000.0,2000,Sell,234235904
2024-08-23 10:46:40,132900.0,100,Sell,234235992
2024-08-23 10:46:45,133000.0,100,Buy,234236044
2024-08-23 10:46:55,133000.0,100,Buy,234236126
2024-08-23 10:47:18,132900.0,100,Sell,234236984
2024-08-23 10:47:21,132900.0,100,Sell,234237001
2024-08-23 10:47:37,132900.0,100,Sell,234237193
2024-08-23 10:48:00,132900.0,100,Sell,234237627
2024-08-23 10:48:01,133000.0,100,Buy,234237629
2024-08-23 10:48:40,132900.0,100,Sell,234238169
2024-08-23 10:48:44,132900.0,100,Sell,234238201
2024-08-23 10:48:57,132900.0,200,Sell,234238350
2024-08-23 10:48:57,132900.0,500,Sell,234238351
2024-08-23 10:48:57,132900.0,100,Sell,234238352
2024-08-23 10:48:57,132900.0,200,Sell,234238353
2024-08-23 10:49:04,132900.0,100,Sell,234238438
2024-08-23 10:49:04,132900.0,700,Sell,234238439
2024-08-23 10:49:04,132900.0,200,Sell,234238436
2024-08-23 10:49:04,132900.0,200,Sell,234238437
2024-08-23 10:49:04,132900.0,300,Sell,234238435
2024-08-23 10:49:06,133000.0,100,Buy,234238457
2024-08-23 10:49:20,132900.0,100,Sell,234238661
2024-08-23 10:49:43,132900.0,300,Sell,234238974
2024-08-23 10:49:43,132900.0,300,Sell,234238983
2024-08-23 10:49:44,132900.0,100,Sell,234238993
2024-08-23 10:49:46,133000.0,2600,Buy,234239024
2024-08-23 10:49:46,133000.0,100,Buy,234239025
2024-08-23 10:49:46,133000.0,300,Buy,234239026
2024-08-23 10:49:54,133000.0,3000,Buy,234239107
2024-08-23 10:50:02,132900.0,100,Sell,234239189
2024-08-23 10:50:09,132900.0,200,Sell,234239275
2024-08-23 10:50:12,133000.0,100,Buy,234239303
2024-08-23 10:50:32,133000.0,200,Buy,234239520
2024-08-23 10:50:32,133000.0,200,Buy,234239519
2024-08-23 10:50:32,133000.0,100,Buy,234239518
2024-08-23 10:50:32,133000.0,200,Buy,234239517
2024-08-23 10:50:32,133000.0,200,Buy,234239516
2024-08-23 10:50:32,133000.0,100,Buy,234239515
2024-08-23 10:50:32,133000.0,1000,Buy,234239512
2024-08-23 10:50:32,133000.0,500,Buy,234239513
2024-08-23 10:50:32,133000.0,1900,Buy,234239510
2024-08-23 10:50:32,133000.0,4600,Buy,234239509
2024-08-23 10:50:32,133000.0,7700,Buy,234239508
2024-08-23 10:50:32,133000.0,200,Buy,234239514
2024-08-23 10:50:32,133000.0,100,Buy,234239511
2024-08-23 10:50:37,133000.0,100,Buy,234239578
2024-08-23 10:50:41,133000.0,100,Sell,234239622
2024-08-23 10:50:53,133000.0,100,Sell,234239828
2024-08-23 10:50:57,133000.0,300,Sell,234239873
2024-08-23 10:50:59,133000.0,100,Sell,234239888
2024-08-23 10:51:16,133000.0,1000,Sell,234240090
2024-08-23 10:51:17,133100.0,100,Buy,234240116
2024-08-23 10:51:20,133000.0,2000,Sell,234240138
2024-08-23 10:51:20,133000.0,100,Sell,234240137
2024-08-23 10:51:20,133000.0,700,Sell,234240136
2024-08-23 10:51:21,132900.0,100,Sell,234240143
2024-08-23 10:51:30,133000.0,100,Buy,234240225
2024-08-23 10:52:03,132900.0,100,Sell,234240758
2024-08-23 10:52:06,132900.0,100,Sell,234240801
2024-08-23 10:52:21,132900.0,400,Sell,234241009
2024-08-23 10:52:23,133000.0,100,Buy,234241022
2024-08-23 10:52:37,133000.0,2700,Buy,234241221
2024-08-23 10:52:37,133000.0,4300,Buy,234241222
2024-08-23 10:52:37,133000.0,100,Buy,234241224
2024-08-23 10:52:37,133000.0,100,Buy,234241225
2024-08-23 10:52:37,133000.0,200,Buy,234241226
2024-08-23 10:52:37,133000.0,1800,Buy,234241227
2024-08-23 10:52:37,133000.0,200,Buy,234241230
2024-08-23 10:52:37,133000.0,100,Buy,234241231
2024-08-23 10:52:37,133000.0,100,Buy,234241223
2024-08-23 10:52:41,133000.0,100,Sell,234241299
2024-08-23 10:52:51,133000.0,100,Sell,234241394
2024-08-23 10:52:53,133000.0,1800,Sell,234241400
2024-08-23 10:52:53,133000.0,200,Sell,234241399
2024-08-23 10:52:55,133000.0,200,Sell,234241430
2024-08-23 10:53:13,133000.0,100,Sell,234241636
2024-08-23 10:53:21,133000.0,100,Sell,234241712
2024-08-23 10:53:29,133100.0,100,Buy,234241799
2024-08-23 10:54:01,133000.0,7800,Sell,234242175
2024-08-23 10:54:01,133000.0,1700,Sell,234242176
2024-08-23 10:54:01,133000.0,400,Sell,234242177
2024-08-23 10:54:02,133000.0,100,Sell,234242184
2024-08-23 10:54:21,133000.0,100,Sell,234242374
2024-08-23 10:54:25,133000.0,100,Sell,234242412
2024-08-23 10:54:30,133000.0,200,Sell,234242479
2024-08-23 10:54:34,133100.0,100,Buy,234242533
2024-08-23 10:54:41,133000.0,100,Sell,234242620
2024-08-23 10:54:53,133100.0,1100,Buy,234242770
2024-08-23 10:54:53,133100.0,1600,Buy,234242772
2024-08-23 10:54:53,133100.0,100,Buy,234242771
2024-08-23 10:54:53,133100.0,100,Buy,234242769
2024-08-23 10:54:53,133100.0,100,Buy,234242768
2024-08-23 10:54:58,133100.0,3000,Buy,234242833
2024-08-23 10:55:09,133100.0,3000,Buy,234243014
2024-08-23 10:55:13,133100.0,2400,Buy,234243065
2024-08-23 10:55:13,133100.0,600,Buy,234243066
2024-08-23 10:55:22,133000.0,100,Sell,234243199
2024-08-23 10:55:25,133100.0,100,Buy,234243226
2024-08-23 10:55:41,133100.0,100,Buy,234243417
2024-08-23 10:56:02,133000.0,100,Sell,234243689
2024-08-23 10:56:05,133100.0,100,Buy,234243730
2024-08-23 10:56:23,133000.0,300,Sell,234243948
2024-08-23 10:56:35,133000.0,100,Sell,234244099
2024-08-23 10:56:40,133000.0,400,Sell,234244152
2024-08-23 10:56:40,133000.0,2000,Sell,234244153
2024-08-23 10:56:40,133000.0,2600,Sell,234244154
2024-08-23 10:56:42,133000.0,100,Sell,234244167
2024-08-23 10:56:45,133100.0,100,Buy,234244209
2024-08-23 10:57:22,133000.0,100,Sell,234244694
2024-08-23 10:57:32,133000.0,100,Sell,234244835
2024-08-23 10:57:42,133000.0,100,Sell,234244976
2024-08-23 10:57:51,133100.0,100,Buy,234245099
2024-08-23 10:58:02,133000.0,100,Sell,234245221
2024-08-23 10:58:14,133000.0,1000,Sell,234245459
2024-08-23 10:58:21,133000.0,200,Sell,234245560
2024-08-23 10:58:31,133000.0,400,Sell,234245790
2024-08-23 10:58:35,133000.0,200,Sell,234245832
2024-08-23 10:58:39,133000.0,100,Sell,234245871
2024-08-23 10:58:39,133000.0,100,Sell,234245872
2024-08-23 10:58:39,133000.0,800,Sell,234245873
2024-08-23 10:58:39,133000.0,200,Sell,234245874
2024-08-23 10:58:42,133000.0,100,Sell,234245905
2024-08-23 10:58:49,133000.0,100,Sell,234245993
2024-08-23 10:58:50,133000.0,100,Sell,234246007
2024-08-23 10:58:57,133100.0,100,Buy,234246097
2024-08-23 10:59:22,133000.0,100,Sell,234246434
2024-08-23 10:59:45,133000.0,100,Sell,234246688
2024-08-23 10:59:57,133000.0,100,Sell,234246805
2024-08-23 11:00:02,133000.0,100,Sell,234246865
2024-08-23 11:00:03,133100.0,100,Buy,234246873
2024-08-23 11:00:44,133000.0,100,Sell,234247462
2024-08-23 11:01:04,133000.0,100,Sell,234247895
2024-08-23 11:01:08,133000.0,100,Sell,234247927
2024-08-23 11:01:09,133100.0,100,Buy,234247936
2024-08-23 11:01:23,133000.0,100,Sell,234248079
2024-08-23 11:01:29,133000.0,900,Sell,234248160
2024-08-23 11:01:29,133000.0,500,Sell,234248161
2024-08-23 11:01:29,133000.0,1200,Sell,234248162
2024-08-23 11:01:39,133000.0,300,Sell,234248286
2024-08-23 11:01:57,133000.0,100,Sell,234248500
2024-08-23 11:02:02,133000.0,100,Sell,234248562
2024-08-23 11:02:11,133000.0,100,Sell,234248668
2024-08-23 11:02:13,133000.0,100,Sell,234248690
2024-08-23 11:02:14,133100.0,100,Buy,234248705
2024-08-23 11:02:29,133000.0,400,Sell,234248849
2024-08-23 11:02:30,133000.0,1000,Sell,234248870
2024-08-23 11:02:43,133000.0,100,Sell,234249000
2024-08-23 11:02:52,133000.0,1000,Sell,234249112
2024-08-23 11:02:53,133000.0,100,Sell,234249128
2024-08-23 11:03:18,133000.0,100,Sell,234249537
2024-08-23 11:03:20,133100.0,100,Buy,234249571
2024-08-23 11:03:23,133000.0,100,Sell,234249588
2024-08-23 11:03:34,133000.0,400,Sell,234249761
2024-08-23 11:03:34,133000.0,1200,Sell,234249762
2024-08-23 11:03:46,133000.0,100,Sell,234249898
2024-08-23 11:03:53,133000.0,100,Sell,234250014
2024-08-23 11:03:57,133000.0,800,Sell,234250041
2024-08-23 11:03:57,133000.0,100,Sell,234250042
2024-08-23 11:03:57,133000.0,2000,Sell,234250044
2024-08-23 11:03:57,133000.0,500,Sell,234250045
2024-08-23 11:03:57,133000.0,200,Sell,234250043
2024-08-23 11:03:59,133000.0,100,Sell,234250109
2024-08-23 11:03:59,133000.0,100,Sell,234250110
2024-08-23 11:03:59,133000.0,100,Sell,234250111
2024-08-23 11:03:59,133000.0,500,Sell,234250112
2024-08-23 11:04:03,133000.0,100,Sell,234250177
2024-08-23 11:04:07,133000.0,100,Sell,234250301
2024-08-23 11:04:08,133000.0,200,Sell,234250303
2024-08-23 11:04:15,133000.0,1500,Sell,234250358
2024-08-23 11:04:16,133000.0,500,Sell,234250383
2024-08-23 11:04:26,133000.0,100,Sell,234250517
2024-08-23 11:04:26,133100.0,100,Buy,234250523
2024-08-23 11:04:43,133000.0,100,Sell,234250890
2024-08-23 11:04:55,133000.0,1500,Sell,234250973
2024-08-23 11:04:56,133000.0,500,Sell,234250986
2024-08-23 11:05:07,133000.0,2500,Sell,234251105
2024-08-23 11:05:12,133000.0,1000,Sell,234251166
2024-08-23 11:05:13,133000.0,1000,Sell,234251180
2024-08-23 11:05:20,133000.0,100,Sell,234251275
2024-08-23 11:05:23,133000.0,100,Sell,234251298
2024-08-23 11:05:23,133000.0,100,Sell,234251312
2024-08-23 11:05:32,133100.0,100,Buy,234251421
2024-08-23 11:05:35,133000.0,100,Sell,234251504
2024-08-23 11:05:35,133000.0,1000,Sell,234251505
2024-08-23 11:05:35,133000.0,100,Sell,234251502
2024-08-23 11:05:35,133000.0,200,Sell,234251503
2024-08-23 11:05:35,133000.0,100,Sell,234251501
2024-08-23 11:05:48,133000.0,300,Sell,234251691
2024-08-23 11:06:03,133000.0,100,Sell,234251891
2024-08-23 11:06:15,133000.0,1500,Sell,234252024
2024-08-23 11:06:15,133000.0,100,Sell,234252033
2024-08-23 11:06:15,133000.0,2400,Sell,234252032
2024-08-23 11:06:15,133000.0,1000,Sell,234252034
2024-08-23 11:06:15,133000.0,1900,Sell,234252030
2024-08-23 11:06:15,133000.0,1200,Sell,234252029
2024-08-23 11:06:15,133000.0,600,Sell,234252031
2024-08-23 11:06:28,133000.0,800,Buy,234252383
2024-08-23 11:06:28,133000.0,100,Buy,234252384
2024-08-23 11:06:34,133000.0,300,Sell,234252453
2024-08-23 11:06:39,133100.0,100,Buy,234252549
2024-08-23 11:06:39,133000.0,100,Sell,234252567
2024-08-23 11:06:40,133000.0,100,Sell,234252573
2024-08-23 11:06:43,133000.0,100,Sell,234252647
2024-08-23 11:06:47,133000.0,500,Sell,234252684
2024-08-23 11:06:53,133000.0,100,Sell,234252773
2024-08-23 11:06:55,133000.0,600,Sell,234252814
2024-08-23 11:06:55,133000.0,900,Sell,234252815
2024-08-23 11:07:24,133000.0,100,Sell,234253572
2024-08-23 11:07:31,133000.0,1000,Sell,234253765
2024-08-23 11:07:35,133000.0,1500,Sell,234253850
2024-08-23 11:07:38,133000.0,500,Sell,234253878
2024-08-23 11:07:45,133100.0,100,Buy,234253958
2024-08-23 11:08:04,133000.0,100,Sell,234254219
2024-08-23 11:08:09,133000.0,400,Sell,234254287
2024-08-23 11:08:09,133000.0,2100,Sell,234254288
2024-08-23 11:08:09,133000.0,1700,Sell,234254290
2024-08-23 11:08:09,133000.0,100,Sell,234254291
2024-08-23 11:08:09,133000.0,700,Sell,234254289
2024-08-23 11:08:10,133000.0,400,Sell,234254317
2024-08-23 11:08:10,133000.0,1700,Sell,234254318
2024-08-23 11:08:28,133000.0,600,Buy,234254730
2024-08-23 11:08:33,133000.0,2600,Buy,234254813
2024-08-23 11:08:44,132900.0,100,Sell,234255048
2024-08-23 11:08:48,133000.0,1000,Buy,234255119
2024-08-23 11:08:51,133000.0,100,Buy,234255176
2024-08-23 11:09:03,132900.0,100,Sell,234255361
2024-08-23 11:09:05,132900.0,1800,Sell,234255435
2024-08-23 11:09:12,132900.0,200,Sell,234255569
2024-08-23 11:09:21,132900.0,200,Sell,234255728
2024-08-23 11:09:24,132900.0,100,Sell,234255768
2024-08-23 11:09:48,132900.0,100,Sell,234256221
2024-08-23 11:09:50,132900.0,1000,Sell,234256252
2024-08-23 11:09:58,133000.0,100,Buy,234256419
2024-08-23 11:10:04,132900.0,100,Sell,234256506
2024-08-23 11:10:11,132900.0,200,Sell,234256585
2024-08-23 11:10:16,132900.0,1700,Sell,234256741
2024-08-23 11:10:16,132900.0,1700,Sell,234256740
2024-08-23 11:10:16,132900.0,700,Sell,234256739
2024-08-23 11:10:16,132900.0,2100,Sell,234256738
2024-08-23 11:10:16,132900.0,4500,Sell,234256737
2024-08-23 11:10:16,132900.0,2700,Sell,234256736
2024-08-23 11:10:16,132900.0,1000,Sell,234256735
2024-08-23 11:10:16,132900.0,500,Sell,234256729
2024-08-23 11:10:16,132900.0,300,Sell,234256733
2024-08-23 11:10:16,132900.0,100,Sell,234256732
2024-08-23 11:10:16,132900.0,1000,Sell,234256731
2024-08-23 11:10:16,132900.0,200,Sell,234256730
2024-08-23 11:10:16,132900.0,3600,Sell,234256726
2024-08-23 11:10:16,132900.0,100,Sell,234256728
2024-08-23 11:10:16,132900.0,500,Sell,234256727
2024-08-23 11:10:16,132900.0,100,Sell,234256734
2024-08-23 11:10:44,132800.0,100,Sell,234257166
2024-08-23 11:10:49,132800.0,2500,Sell,234257239
2024-08-23 11:10:50,132800.0,22000,Sell,234257273
2024-08-23 11:10:50,132900.0,100,Buy,234257286
2024-08-23 11:10:54,132800.0,4500,Sell,234257332
2024-08-23 11:10:57,132800.0,300,Sell,234257375
2024-08-23 11:11:01,132800.0,500,Sell,234257469
2024-08-23 11:11:01,132800.0,100,Sell,234257468
2024-08-23 11:11:01,132800.0,100,Sell,234257467
2024-08-23 11:11:01,132800.0,200,Sell,234257466
2024-08-23 11:11:01,132800.0,1000,Sell,234257465
2024-08-23 11:11:01,132800.0,100,Sell,234257461
2024-08-23 11:11:01,132800.0,300,Sell,234257464
2024-08-23 11:11:01,132800.0,500,Sell,234257463
2024-08-23 11:11:01,132800.0,200,Sell,234257462
2024-08-23 11:11:01,132800.0,1500,Sell,234257471
2024-08-23 11:11:01,132800.0,500,Sell,234257460
2024-08-23 11:11:01,132800.0,600,Sell,234257454
2024-08-23 11:11:01,132800.0,500,Sell,234257458
2024-08-23 11:11:01,132800.0,200,Sell,234257457
2024-08-23 11:11:01,132800.0,100,Sell,234257456
2024-08-23 11:11:01,132800.0,100,Sell,234257455
2024-08-23 11:11:01,132800.0,1000,Sell,234257453
2024-08-23 11:11:01,132800.0,100,Sell,234257452
2024-08-23 11:11:01,132800.0,100,Sell,234257451
2024-08-23 11:11:01,132800.0,500,Sell,234257450
2024-08-23 11:11:01,132800.0,100,Sell,234257449
2024-08-23 11:11:01,132800.0,600,Sell,234257448
2024-08-23 11:11:01,132800.0,700,Sell,234257459
2024-08-23 11:11:03,132800.0,100,Buy,234257497
2024-08-23 11:11:08,132800.0,300,Buy,234257581
2024-08-23 11:11:13,132800.0,100,Buy,234257662
2024-08-23 11:11:13,132800.0,400,Buy,234257663
2024-08-23 11:11:13,132800.0,500,Buy,234257660
2024-08-23 11:11:13,132800.0,600,Buy,234257659
2024-08-23 11:11:13,132800.0,100,Buy,234257661
2024-08-23 11:11:14,132800.0,2700,Buy,234257671
2024-08-23 11:11:14,132800.0,800,Buy,234257672
2024-08-23 11:11:15,132800.0,800,Sell,234257704
2024-08-23 11:11:15,132800.0,100,Sell,234257705
2024-08-23 11:11:18,132700.0,300,Sell,234257769
2024-08-23 11:11:18,132700.0,1500,Sell,234257770
2024-08-23 11:11:18,132700.0,500,Sell,234257767
2024-08-23 11:11:18,132700.0,200,Sell,234257768
2024-08-23 11:11:24,132700.0,100,Sell,234257865
2024-08-23 11:11:29,132700.0,300,Sell,234257964
2024-08-23 11:11:34,132700.0,100,Sell,234258028
2024-08-23 11:11:42,132600.0,100,Sell,234258201
2024-08-23 11:11:42,132600.0,100,Sell,234258204
2024-08-23 11:11:42,132600.0,500,Sell,234258203
2024-08-23 11:11:42,132600.0,100,Sell,234258202
2024-08-23 11:11:42,132600.0,100,Sell,234258200
2024-08-23 11:11:42,132600.0,100,Sell,234258194
2024-08-23 11:11:42,132600.0,1000,Sell,234258198
2024-08-23 11:11:42,132600.0,100,Sell,234258197
2024-08-23 11:11:42,132600.0,1000,Sell,234258196
2024-08-23 11:11:42,132600.0,100,Sell,234258195
2024-08-23 11:11:42,132500.0,5100,Sell,234258205
2024-08-23 11:11:42,132600.0,100,Sell,234258193
2024-08-23 11:11:42,132600.0,1000,Sell,234258199
2024-08-23 11:11:42,132500.0,100,Sell,234258206
2024-08-23 11:11:42,132500.0,200,Sell,234258212
2024-08-23 11:11:42,132500.0,100,Sell,234258208
2024-08-23 11:11:42,132500.0,400,Sell,234258209
2024-08-23 11:11:42,132500.0,100,Sell,234258210
2024-08-23 11:11:42,132500.0,500,Sell,234258211
2024-08-23 11:11:42,132500.0,100,Sell,234258213
2024-08-23 11:11:42,132500.0,1000,Sell,234258214
2024-08-23 11:11:42,132500.0,200,Sell,234258215
2024-08-23 11:11:42,132500.0,100,Sell,234258216
2024-08-23 11:11:42,132500.0,1000,Sell,234258217
2024-08-23 11:11:42,132500.0,100,Sell,234258218
2024-08-23 11:11:42,132500.0,100,Sell,234258219
2024-08-23 11:11:42,132500.0,300,Sell,234258220
2024-08-23 11:11:42,132500.0,3200,Sell,234258221
2024-08-23 11:11:42,132600.0,100,Sell,234258192
2024-08-23 11:11:42,132500.0,1000,Sell,234258207
2024-08-23 11:11:42,132600.0,800,Sell,234258191
2024-08-23 11:11:42,132600.0,100,Sell,234258176
2024-08-23 11:11:42,132600.0,30000,Sell,234258189
2024-08-23 11:11:42,132700.0,3000,Sell,234258158
2024-08-23 11:11:42,132700.0,300,Sell,234258159
2024-08-23 11:11:42,132600.0,500,Sell,234258190
2024-08-23 11:11:42,132700.0,1000,Sell,234258161
2024-08-23 11:11:42,132700.0,300,Sell,234258162
2024-08-23 11:11:42,132700.0,200,Sell,234258163
2024-08-23 11:11:42,132700.0,100,Sell,234258164
2024-08-23 11:11:42,132700.0,100,Sell,234258165
2024-08-23 11:11:42,132700.0,1000,Sell,234258166
2024-08-23 11:11:42,132700.0,1000,Sell,234258167
2024-08-23 11:11:42,132700.0,2500,Sell,234258168
2024-08-23 11:11:42,132700.0,100,Sell,234258169
2024-08-23 11:11:42,132700.0,200,Sell,234258170
2024-08-23 11:11:42,132700.0,100,Sell,234258171
2024-08-23 11:11:42,132700.0,30000,Sell,234258160
2024-08-23 11:11:42,132700.0,100,Sell,234258174
2024-08-23 11:11:42,132700.0,500,Sell,234258172
2024-08-23 11:11:42,132600.0,2000,Sell,234258188
2024-08-23 11:11:42,132600.0,200,Sell,234258186
2024-08-23 11:11:42,132600.0,100,Sell,234258185
2024-08-23 11:11:42,132600.0,100,Sell,234258184
2024-08-23 11:11:42,132600.0,100,Sell,234258183
2024-08-23 11:11:42,132600.0,100,Sell,234258187
2024-08-23 11:11:42,132600.0,600,Sell,234258181
2024-08-23 11:11:42,132600.0,3000,Sell,234258180
2024-08-23 11:11:42,132600.0,100,Sell,234258179
2024-08-23 11:11:42,132600.0,200,Sell,234258178
2024-08-23 11:11:42,132600.0,100,Sell,234258177
2024-08-23 11:11:42,132600.0,200,Sell,234258182
2024-08-23 11:11:42,132700.0,100,Sell,234258175
2024-08-23 11:11:43,132500.0,1000,Sell,234258258
2024-08-23 11:11:43,132500.0,300,Sell,234258257
2024-08-23 11:11:43,132500.0,100,Sell,234258256
2024-08-23 11:11:43,132500.0,300,Sell,234258255
2024-08-23 11:11:43,132500.0,2500,Sell,234258252
2024-08-23 11:11:43,132500.0,200,Sell,234258253
2024-08-23 11:11:43,132500.0,100,Sell,234258251
2024-08-23 11:11:43,132500.0,200,Sell,234258250
2024-08-23 11:11:43,132500.0,100,Sell,234258259
2024-08-23 11:11:43,132500.0,500,Sell,234258254
2024-08-23 11:11:43,132500.0,1000,Sell,234258260
2024-08-23 11:11:43,132500.0,300,Sell,234258267
2024-08-23 11:11:43,132500.0,300,Sell,234258261
2024-08-23 11:11:43,132500.0,400,Sell,234258262
2024-08-23 11:11:43,132500.0,100,Sell,234258263
2024-08-23 11:11:43,132500.0,500,Sell,234258264
2024-08-23 11:11:43,132500.0,100,Sell,234258265
2024-08-23 11:11:43,132500.0,100,Sell,234258266
2024-08-23 11:11:43,132500.0,500,Sell,234258268
2024-08-23 11:11:43,132500.0,100,Sell,234258269
2024-08-23 11:11:43,132500.0,8000,Sell,234258270
2024-08-23 11:11:43,132500.0,200,Sell,234258271
2024-08-23 11:11:43,132500.0,200,Buy,234258285
2024-08-23 11:11:43,132500.0,2000,Sell,234258249
2024-08-23 11:11:43,132500.0,700,Sell,234258248
2024-08-23 11:11:43,132500.0,100,Sell,234258234
2024-08-23 11:11:43,132500.0,100,Sell,234258246
2024-08-23 11:11:43,132500.0,500,Sell,234258222
2024-08-23 11:11:43,132500.0,500,Sell,234258223
2024-08-23 11:11:43,132500.0,100,Sell,234258224
2024-08-23 11:11:43,132500.0,1000,Sell,234258225
2024-08-23 11:11:43,132500.0,3100,Sell,234258226
2024-08-23 11:11:43,132500.0,100,Sell,234258227
2024-08-23 11:11:43,132500.0,2000,Sell,234258228
2024-08-23 11:11:43,132500.0,100,Sell,234258229
2024-08-23 11:11:43,132500.0,100,Sell,234258230
2024-08-23 11:11:43,132500.0,500,Sell,234258231
2024-08-23 11:11:43,132500.0,500,Sell,234258232
2024-08-23 11:11:43,132500.0,500,Sell,234258247
2024-08-23 11:11:43,132500.0,100,Sell,234258235
2024-08-23 11:11:43,132500.0,1100,Sell,234258245
2024-08-23 11:11:43,132500.0,500,Sell,234258244
2024-08-23 11:11:43,132500.0,100,Sell,234258243
2024-08-23 11:11:43,132500.0,1000,Sell,234258242
2024-08-23 11:11:43,132500.0,200,Sell,234258241
2024-08-23 11:11:43,132500.0,100,Sell,234258233
2024-08-23 11:11:43,132500.0,100,Sell,234258239
2024-08-23 11:11:43,132500.0,300,Sell,234258238
2024-08-23 11:11:43,132500.0,100,Sell,234258237
2024-08-23 11:11:43,132500.0,100,Sell,234258236
2024-08-23 11:11:43,132500.0,100,Sell,234258240
2024-08-23 11:11:47,132500.0,100,Buy,234258325
2024-08-23 11:11:54,132500.0,5000,Buy,234258430
2024-08-23 11:11:58,132500.0,2000,Buy,234258484
2024-08-23 11:12:07,132500.0,1600,Buy,234258604
2024-08-23 11:12:07,132500.0,2700,Buy,234258605
2024-08-23 11:12:07,132500.0,1300,Buy,234258602
2024-08-23 11:12:07,132500.0,400,Buy,234258603
2024-08-23 11:12:09,132500.0,100,Buy,234258628
2024-08-23 11:12:15,132500.0,1000,Buy,234258721
2024-08-23 11:12:16,132500.0,200,Buy,234258723
2024-08-23 11:12:18,132500.0,100,Buy,234258754
2024-08-23 11:12:18,132500.0,400,Buy,234258755
2024-08-23 11:12:21,132500.0,100,Buy,234258794
2024-08-23 11:12:22,132500.0,100,Buy,234258812
2024-08-23 11:12:23,132500.0,300,Buy,234258850
2024-08-23 11:12:25,132500.0,200,Buy,234258866
2024-08-23 11:12:25,132500.0,100,Buy,234258865
2024-08-23 11:12:25,132500.0,100,Buy,234258864
2024-08-23 11:12:49,132500.0,500,Sell,234259407
2024-08-23 11:12:52,132600.0,1000,Buy,234259483
2024-08-23 11:12:52,132600.0,2300,Buy,234259477
2024-08-23 11:12:52,132600.0,1300,Buy,234259478
2024-08-23 11:12:52,132600.0,400,Buy,234259482
2024-08-23 11:13:05,132600.0,100,Sell,234259741
2024-08-23 11:13:08,132600.0,100,Sell,234259802
2024-08-23 11:13:16,132800.0,100,Buy,234259907
2024-08-23 11:13:24,132600.0,200,Sell,234260103
2024-08-23 11:14:05,132600.0,100,Sell,234260990
2024-08-23 11:14:22,132800.0,100,Buy,234261339
2024-08-23 11:14:36,132800.0,100,Buy,234261676
2024-08-23 11:14:45,132600.0,100,Sell,234261823
2024-08-23 11:14:56,132600.0,200,Sell,234262217
2024-08-23 11:14:57,132600.0,800,Sell,234262228
2024-08-23 11:14:57,132600.0,200,Sell,234262227
2024-08-23 11:15:24,132600.0,300,Sell,234262753
2024-08-23 11:15:25,132600.0,100,Sell,234262775
2024-08-23 11:15:28,132700.0,100,Buy,234262902
2024-08-23 11:15:35,132600.0,400,Sell,234263024
2024-08-23 11:15:35,132600.0,100,Sell,234263075
2024-08-23 11:15:35,132600.0,100,Sell,234263076
2024-08-23 11:15:38,132600.0,100,Sell,234263116
2024-08-23 11:15:55,132600.0,400,Sell,234263498
2024-08-23 11:16:05,132600.0,100,Sell,234263801
2024-08-23 11:16:15,132600.0,400,Sell,234264353
2024-08-23 11:16:15,132600.0,100,Sell,234264358
2024-08-23 11:16:35,132700.0,100,Buy,234264825
2024-08-23 11:16:35,132600.0,400,Sell,234264826
2024-08-23 11:16:45,132600.0,100,Sell,234265017
2024-08-23 11:16:45,132600.0,100,Sell,234265018
2024-08-23 11:16:48,132600.0,1000,Sell,234265143
2024-08-23 11:16:55,132600.0,300,Sell,234265395
2024-08-23 11:16:55,132600.0,100,Sell,234265394
2024-08-23 11:17:15,132600.0,100,Sell,234265798
2024-08-23 11:17:15,132600.0,100,Sell,234265799
2024-08-23 11:17:15,132600.0,200,Sell,234265797
2024-08-23 11:17:25,132600.0,100,Sell,234266005
2024-08-23 11:17:35,132600.0,400,Sell,234266239
2024-08-23 11:17:41,132700.0,100,Buy,234266332
2024-08-23 11:17:55,132600.0,400,Sell,234266614
2024-08-23 11:17:58,132700.0,100,Buy,234266670
2024-08-23 11:17:58,132700.0,400,Buy,234266671
2024-08-23 11:18:00,132700.0,400,Buy,234266738
2024-08-23 11:18:01,132700.0,100,Buy,234266769
2024-08-23 11:18:01,132700.0,500,Buy,234266766
2024-08-23 11:18:01,132700.0,300,Buy,234266767
2024-08-23 11:18:01,132700.0,100,Buy,234266768
2024-08-23 11:18:05,132700.0,100,Sell,234266939
2024-08-23 11:18:15,132700.0,200,Sell,234267078
