time,price,volume,match_type,id
2024-08-01 09:14:38,129600.0,128100,ATO/ATC,227892770
2024-08-01 09:14:41,129600.0,400,Sell,227892945
2024-08-01 09:14:41,129600.0,1000,Sell,227892944
2024-08-01 09:14:41,129600.0,1000,Sell,227892940
2024-08-01 09:14:41,129600.0,200,Sell,227892942
2024-08-01 09:14:41,129600.0,1000,Sell,227892943
2024-08-01 09:14:41,129600.0,1000,Sell,227892941
2024-08-01 09:14:42,129700.0,2100,Buy,227893096
2024-08-01 09:14:42,129700.0,500,Buy,227893095
2024-08-01 09:14:42,129600.0,100,Sell,227893092
2024-08-01 09:14:42,129700.0,300,Buy,227893093
2024-08-01 09:14:42,129700.0,100,Buy,227893094
2024-08-01 09:14:44,129700.0,1000,Buy,227893189
2024-08-01 09:14:46,129600.0,100,Sell,227893235
2024-08-01 09:14:51,129700.0,500,Buy,227893306
2024-08-01 09:14:51,129600.0,5000,Sell,227893308
2024-08-01 09:14:51,129700.0,500,Buy,227893305
2024-08-01 09:14:51,129700.0,2400,Buy,227893307
2024-08-01 09:14:54,129600.0,300,Sell,227893362
2024-08-01 09:14:54,129600.0,100,Sell,227893372
2024-08-01 09:14:57,129600.0,1000,Sell,227893414
2024-08-01 09:14:59,129700.0,1300,Buy,227893427
2024-08-01 09:15:00,129600.0,1000,Sell,227893434
2024-08-01 09:15:02,129600.0,100,Buy,227893473
2024-08-01 09:15:05,129500.0,100,Sell,227893506
2024-08-01 09:15:05,129500.0,100,Sell,227893507
2024-08-01 09:15:05,129100.0,200,Sell,227893508
2024-08-01 09:15:05,129600.0,200,Buy,227893519
2024-08-01 09:15:05,129600.0,300,Buy,227893520
2024-08-01 09:15:06,129100.0,1000,Sell,227893538
2024-08-01 09:15:13,129600.0,800,Buy,227893662
2024-08-01 09:15:13,129600.0,200,Buy,227893661
2024-08-01 09:15:13,129500.0,500,Buy,227893660
2024-08-01 09:15:30,129100.0,200,Sell,227893980
2024-08-01 09:15:33,129200.0,900,Sell,227894038
2024-08-01 09:15:34,129500.0,200,Buy,227894071
2024-08-01 09:15:39,129200.0,100,Sell,227894147
2024-08-01 09:15:39,129200.0,100,Sell,227894148
2024-08-01 09:15:39,129200.0,600,Sell,227894149
2024-08-01 09:15:39,129200.0,800,Sell,227894150
2024-08-01 09:15:39,129500.0,100,Buy,227894158
2024-08-01 09:15:39,129500.0,400,Buy,227894159
2024-08-01 09:15:39,129500.0,100,Buy,227894160
2024-08-01 09:15:39,129500.0,400,Buy,227894161
2024-08-01 09:15:39,129600.0,1500,Buy,227894162
2024-08-01 09:15:43,129200.0,500,Sell,227894226
2024-08-01 09:15:43,129200.0,100,Sell,227894224
2024-08-01 09:15:45,129200.0,100,Buy,227894274
2024-08-01 09:15:45,129200.0,600,Buy,227894275
2024-08-01 09:15:47,129200.0,400,Sell,227894320
2024-08-01 09:15:55,129300.0,100,Sell,227894464
2024-08-01 09:15:55,129200.0,900,Sell,227894465
2024-08-01 09:15:55,129200.0,1000,Sell,227894466
2024-08-01 09:15:59,129500.0,1000,Buy,227894555
2024-08-01 09:15:59,129200.0,1000,Sell,227894556
2024-08-01 09:15:59,129200.0,100,Sell,227894568
2024-08-01 09:16:00,129200.0,100,Sell,227894581
2024-08-01 09:16:07,129200.0,600,Sell,227894713
2024-08-01 09:16:07,129200.0,500,Sell,227894716
2024-08-01 09:16:07,129200.0,200,Sell,227894717
2024-08-01 09:16:10,129300.0,100,Sell,227894795
2024-08-01 09:16:13,129300.0,2000,Sell,227894844
2024-08-01 09:16:14,129300.0,300,Sell,227894862
2024-08-01 09:16:15,129300.0,100,Sell,227894880
2024-08-01 09:16:16,129400.0,100,Buy,227894893
2024-08-01 09:16:16,129300.0,100,Sell,227894894
2024-08-01 09:16:20,129300.0,400,Sell,227894973
2024-08-01 09:16:23,129400.0,300,Buy,227895048
2024-08-01 09:16:23,129300.0,1300,Sell,227895053
2024-08-01 09:16:25,129300.0,1000,Sell,227895084
2024-08-01 09:16:31,129300.0,400,Sell,227895217
2024-08-01 09:16:32,129300.0,800,Sell,227895239
2024-08-01 09:16:35,129300.0,1000,Sell,227895288
2024-08-01 09:16:35,129300.0,100,Sell,227895298
2024-08-01 09:16:35,129300.0,300,Sell,227895299
2024-08-01 09:16:37,129300.0,600,Sell,227895327
2024-08-01 09:16:40,129300.0,1000,Sell,227895388
2024-08-01 09:16:42,129300.0,1300,Sell,227895431
2024-08-01 09:16:42,129300.0,300,Sell,227895414
2024-08-01 09:16:44,129300.0,100,Sell,227895473
2024-08-01 09:16:44,129300.0,100,Sell,227895471
2024-08-01 09:16:44,129300.0,300,Sell,227895472
2024-08-01 09:16:45,129300.0,100,Sell,227895483
2024-08-01 09:16:45,129300.0,200,Sell,227895484
2024-08-01 09:16:46,129300.0,100,Sell,227895504
2024-08-01 09:16:46,129300.0,100,Sell,227895505
2024-08-01 09:16:46,129300.0,100,Sell,227895508
2024-08-01 09:16:47,129300.0,1500,Sell,227895512
2024-08-01 09:16:47,129300.0,200,Sell,227895513
2024-08-01 09:16:47,129300.0,100,Sell,227895514
2024-08-01 09:16:50,129200.0,400,Sell,227895573
2024-08-01 09:16:52,129200.0,900,Sell,227895654
2024-08-01 09:16:54,129300.0,1700,Buy,227895678
2024-08-01 09:16:54,129300.0,100,Buy,227895679
2024-08-01 09:16:54,129300.0,200,Buy,227895676
2024-08-01 09:16:54,129300.0,500,Buy,227895677
2024-08-01 09:16:54,129200.0,400,Sell,227895666
2024-08-01 09:16:55,129300.0,1200,Sell,227895696
2024-08-01 09:16:56,129300.0,1000,Sell,227895703
2024-08-01 09:16:57,129300.0,1500,Sell,227895725
2024-08-01 09:16:59,129300.0,1000,Sell,227895764
2024-08-01 09:16:59,129300.0,3000,Sell,227895769
2024-08-01 09:17:04,129300.0,6600,Sell,227895886
2024-08-01 09:17:04,129300.0,100,Sell,227895888
2024-08-01 09:17:04,129300.0,200,Sell,227895887
2024-08-01 09:17:06,129300.0,500,Buy,227895933
2024-08-01 09:17:09,129300.0,2600,Buy,227895973
2024-08-01 09:17:09,129300.0,1400,Buy,227895974
2024-08-01 09:17:11,129300.0,300,Buy,227896007
2024-08-01 09:17:11,129300.0,100,Buy,227896025
2024-08-01 09:17:16,129200.0,1100,Sell,227896152
2024-08-01 09:17:17,129200.0,300,Sell,227896171
2024-08-01 09:17:17,129200.0,100,Sell,227896172
2024-08-01 09:17:19,129200.0,300,Sell,227896198
2024-08-01 09:17:19,129200.0,100,Sell,227896199
2024-08-01 09:17:19,129200.0,100,Sell,227896200
2024-08-01 09:17:19,129200.0,100,Sell,227896201
2024-08-01 09:17:19,129200.0,200,Sell,227896202
2024-08-01 09:17:19,129200.0,1000,Sell,227896216
2024-08-01 09:17:22,129200.0,200,Sell,227896276
2024-08-01 09:17:22,129200.0,1300,Sell,227896273
2024-08-01 09:17:22,129200.0,300,Sell,227896274
2024-08-01 09:17:25,129200.0,100,Sell,227896328
2024-08-01 09:17:26,129200.0,100,Sell,227896338
2024-08-01 09:17:27,129200.0,400,Sell,227896359
2024-08-01 09:17:29,129200.0,800,Sell,227896400
2024-08-01 09:17:31,129200.0,1800,Sell,227896445
2024-08-01 09:17:32,129200.0,500,Sell,227896462
2024-08-01 09:17:32,129200.0,200,Sell,227896461
2024-08-01 09:17:32,129200.0,200,Sell,227896459
2024-08-01 09:17:32,129200.0,300,Sell,227896458
2024-08-01 09:17:32,129200.0,600,Sell,227896460
2024-08-01 09:17:36,129100.0,800,Sell,227896549
2024-08-01 09:17:36,129100.0,400,Sell,227896556
2024-08-01 09:17:38,129200.0,100,Buy,227896597
2024-08-01 09:17:38,129200.0,3000,Buy,227896598
2024-08-01 09:17:38,129200.0,3600,Buy,227896599
2024-08-01 09:17:38,129200.0,500,Buy,227896600
2024-08-01 09:17:38,129200.0,300,Buy,227896601
2024-08-01 09:17:38,129300.0,9300,Buy,227896602
2024-08-01 09:17:40,129100.0,1400,Sell,227896678
2024-08-01 09:17:40,129100.0,600,Sell,227896679
2024-08-01 09:17:41,129100.0,600,Sell,227896701
2024-08-01 09:17:46,129100.0,300,Sell,227896824
2024-08-01 09:17:46,129100.0,100,Sell,227896823
2024-08-01 09:17:46,129100.0,500,Sell,227896821
2024-08-01 09:17:46,129100.0,100,Sell,227896822
2024-08-01 09:17:46,129100.0,300,Sell,227896792
2024-08-01 09:17:48,129100.0,200,Sell,227896877
2024-08-01 09:17:52,129000.0,400,Sell,227896937
2024-08-01 09:17:53,129200.0,300,Buy,227896957
2024-08-01 09:17:57,129200.0,100,Buy,227897089
2024-08-01 09:17:57,129200.0,100,Buy,227897090
2024-08-01 09:18:06,129000.0,100,Sell,227897282
2024-08-01 09:18:06,129000.0,200,Sell,227897301
2024-08-01 09:18:07,129000.0,900,Sell,227897319
2024-08-01 09:18:12,129100.0,100,Buy,227897412
2024-08-01 09:18:13,129000.0,100,Sell,227897452
2024-08-01 09:18:13,129000.0,400,Sell,227897426
2024-08-01 09:18:13,129000.0,400,Sell,227897454
2024-08-01 09:18:13,129000.0,600,Sell,227897424
2024-08-01 09:18:13,129000.0,200,Sell,227897425
2024-08-01 09:18:13,129000.0,400,Sell,227897453
2024-08-01 09:18:13,129100.0,100,Sell,227897423
2024-08-01 09:18:18,129000.0,1200,Sell,227897528
2024-08-01 09:18:21,129000.0,500,Sell,227897576
2024-08-01 09:18:22,129000.0,100,Sell,227897601
2024-08-01 09:18:26,129000.0,100,Sell,227897712
2024-08-01 09:18:27,129000.0,100,Sell,227897746
2024-08-01 09:18:27,129000.0,100,Sell,227897747
2024-08-01 09:18:28,129000.0,100,Sell,227897766
2024-08-01 09:18:30,129000.0,900,Sell,227897815
2024-08-01 09:18:32,129000.0,100,Sell,227897865
2024-08-01 09:18:34,129000.0,400,Sell,227897969
2024-08-01 09:18:36,129000.0,300,Sell,227898001
2024-08-01 09:18:36,129000.0,200,Sell,227897988
2024-08-01 09:18:36,129000.0,1200,Sell,227898000
2024-08-01 09:18:39,128700.0,300,Sell,227898086
2024-08-01 09:18:39,128900.0,100,Sell,227898084
2024-08-01 09:18:39,128900.0,100,Sell,227898085
2024-08-01 09:18:43,128700.0,600,Sell,227898211
2024-08-01 09:18:51,128700.0,100,Sell,227898402
2024-08-01 09:18:51,128700.0,1000,Sell,227898431
2024-08-01 09:19:07,128800.0,100,Sell,227898780
2024-08-01 09:19:07,128700.0,800,Sell,227898781
2024-08-01 09:19:07,128700.0,200,Sell,227898782
2024-08-01 09:19:08,128800.0,400,Sell,227898796
2024-08-01 09:19:11,128800.0,2100,Sell,227898909
2024-08-01 09:19:19,128800.0,100,Buy,227899080
2024-08-01 09:19:19,128800.0,300,Buy,227899081
2024-08-01 09:19:21,128800.0,500,Sell,227899147
2024-08-01 09:19:25,128800.0,300,Sell,227899238
2024-08-01 09:19:25,128800.0,1000,Sell,227899239
2024-08-01 09:19:25,128800.0,2500,Sell,227899240
2024-08-01 09:19:30,128900.0,100,Buy,227899315
2024-08-01 09:19:39,128900.0,3500,Buy,227899604
2024-08-01 09:19:39,128900.0,500,Buy,227899603
2024-08-01 09:19:39,128800.0,3000,Buy,227899602
2024-08-01 09:19:40,128700.0,800,Sell,227899608
2024-08-01 09:19:40,128900.0,100,Buy,227899624
2024-08-01 09:19:47,128800.0,100,Sell,227899747
2024-08-01 09:19:54,128700.0,100,Sell,227899916
2024-08-01 09:20:00,128700.0,1000,Sell,227900074
2024-08-01 09:20:03,128700.0,700,Sell,227900142
2024-08-01 09:20:10,128700.0,200,Sell,227900319
2024-08-01 09:20:15,128700.0,400,Sell,227900406
2024-08-01 09:20:23,128700.0,4000,Sell,227900544
2024-08-01 09:20:24,128700.0,2600,Sell,227900562
2024-08-01 09:20:24,128700.0,1100,Sell,227900563
2024-08-01 09:20:27,128700.0,900,Sell,227900694
2024-08-01 09:20:27,128700.0,100,Sell,227900695
2024-08-01 09:20:28,128700.0,1000,Sell,227900701
2024-08-01 09:20:28,128700.0,400,Sell,227900699
2024-08-01 09:20:28,128700.0,700,Sell,227900700
2024-08-01 09:20:37,128700.0,100,Buy,227900892
2024-08-01 09:20:38,128700.0,800,Buy,227900899
2024-08-01 09:20:38,128700.0,1000,Sell,227900907
2024-08-01 09:20:39,128700.0,100,Sell,227900929
2024-08-01 09:20:40,128700.0,100,Sell,227900940
2024-08-01 09:20:43,128600.0,100,Sell,227900991
2024-08-01 09:20:43,128600.0,100,Sell,227900992
2024-08-01 09:20:43,128600.0,100,Sell,227900993
2024-08-01 09:20:43,128600.0,100,Sell,227900994
2024-08-01 09:20:43,128600.0,300,Sell,227900996
2024-08-01 09:20:43,128600.0,100,Sell,227900995
2024-08-01 09:20:48,128600.0,500,Sell,227901088
2024-08-01 09:20:48,128600.0,400,Sell,227901089
2024-08-01 09:20:48,128600.0,100,Sell,227901090
2024-08-01 09:20:48,128600.0,100,Sell,227901091
2024-08-01 09:20:48,128600.0,300,Sell,227901098
2024-08-01 09:20:51,128600.0,500,Sell,227901149
2024-08-01 09:20:51,128600.0,100,Sell,227901148
2024-08-01 09:20:51,128600.0,900,Sell,227901147
2024-08-01 09:20:53,128600.0,900,Sell,227901191
2024-08-01 09:21:09,128600.0,600,Sell,227901613
2024-08-01 09:21:09,128600.0,1400,Sell,227901614
2024-08-01 09:21:18,128700.0,1000,Buy,227901789
2024-08-01 09:21:24,128600.0,100,Sell,227901900
2024-08-01 09:21:31,128600.0,200,Sell,227902050
2024-08-01 09:21:33,128600.0,2300,Sell,227902094
2024-08-01 09:21:33,128600.0,200,Sell,227902095
2024-08-01 09:21:33,128600.0,1300,Sell,227902096
2024-08-01 09:21:33,128600.0,300,Sell,227902097
2024-08-01 09:21:33,128600.0,400,Sell,227902098
2024-08-01 09:21:33,128600.0,1000,Sell,227902099
2024-08-01 09:21:33,128600.0,300,Sell,227902100
2024-08-01 09:21:33,128600.0,100,Sell,227902101
2024-08-01 09:21:42,128500.0,500,Sell,227902318
2024-08-01 09:21:42,128500.0,600,Sell,227902319
2024-08-01 09:21:44,128500.0,500,Sell,227902380
2024-08-01 09:21:44,128500.0,300,Sell,227902381
2024-08-01 09:21:48,128500.0,1000,Sell,227902473
2024-08-01 09:21:48,128600.0,100,Buy,227902484
2024-08-01 09:21:48,128600.0,900,Buy,227902485
2024-08-01 09:21:52,128500.0,100,Sell,227902554
2024-08-01 09:21:56,128500.0,400,Sell,227902668
2024-08-01 09:21:59,128600.0,500,Buy,227902751
2024-08-01 09:22:24,128500.0,100,Sell,227903403
2024-08-01 09:22:29,128500.0,100,Sell,227903488
2024-08-01 09:22:29,128500.0,300,Sell,227903489
2024-08-01 09:22:39,128600.0,200,Buy,227903804
2024-08-01 09:22:39,128600.0,100,Buy,227903800
2024-08-01 09:22:39,128600.0,1300,Buy,227903801
2024-08-01 09:22:39,128600.0,100,Buy,227903802
2024-08-01 09:22:39,128600.0,1000,Buy,227903803
2024-08-01 09:22:43,128500.0,400,Sell,227903881
2024-08-01 09:22:43,128500.0,600,Sell,227903891
2024-08-01 09:22:44,128500.0,100,Sell,227903935
2024-08-01 09:22:45,128500.0,100,Sell,227903941
2024-08-01 09:22:49,128500.0,800,Sell,227904029
2024-08-01 09:22:50,128500.0,500,Sell,227904047
2024-08-01 09:22:50,128500.0,100,Sell,227904048
2024-08-01 09:23:01,128400.0,100,Sell,227904357
2024-08-01 09:23:01,128400.0,100,Sell,227904358
2024-08-01 09:23:03,128400.0,100,Sell,227904394
2024-08-01 09:23:03,128400.0,300,Sell,227904395
2024-08-01 09:23:04,128400.0,700,Sell,227904426
2024-08-01 09:23:08,128400.0,1000,Sell,227904515
2024-08-01 09:23:08,128400.0,500,Sell,227904524
2024-08-01 09:23:10,128400.0,100,Sell,227904546
2024-08-01 09:23:13,128400.0,100,Sell,227904607
2024-08-01 09:23:17,128300.0,300,Sell,227904680
2024-08-01 09:23:17,128300.0,100,Sell,227904679
2024-08-01 09:23:29,128200.0,900,Sell,227904979
2024-08-01 09:23:35,128200.0,2200,Sell,227905113
2024-08-01 09:23:35,128200.0,1800,Sell,227905115
2024-08-01 09:23:35,128200.0,900,Sell,227905110
2024-08-01 09:23:35,128200.0,1000,Sell,227905114
2024-08-01 09:23:36,128300.0,1000,Buy,227905162
2024-08-01 09:23:37,128200.0,100,Sell,227905171
2024-08-01 09:23:40,128200.0,100,Sell,227905286
2024-08-01 09:23:40,128200.0,500,Sell,227905290
2024-08-01 09:23:45,128200.0,2000,Buy,227905472
2024-08-01 09:23:46,128100.0,100,Sell,227905482
2024-08-01 09:23:48,128100.0,500,Sell,227905535
2024-08-01 09:23:48,128100.0,100,Sell,227905536
2024-08-01 09:23:53,128100.0,800,Sell,227905653
2024-08-01 09:23:53,128200.0,100,Buy,227905654
2024-08-01 09:23:56,128100.0,100,Sell,227905740
2024-08-01 09:23:58,128200.0,100,Buy,227905783
2024-08-01 09:24:01,128100.0,100,Sell,227905872
2024-08-01 09:24:05,128100.0,500,Sell,227905970
2024-08-01 09:24:05,128200.0,100,Buy,227905968
2024-08-01 09:24:07,128100.0,900,Sell,227906064
2024-08-01 09:24:08,128200.0,600,Buy,227906091
2024-08-01 09:24:08,128200.0,1000,Buy,227906090
2024-08-01 09:24:08,128200.0,100,Buy,227906089
2024-08-01 09:24:08,128200.0,200,Buy,227906092
2024-08-01 09:24:08,128200.0,1000,Buy,227906087
2024-08-01 09:24:08,128200.0,700,Buy,227906086
2024-08-01 09:24:08,128100.0,3000,Sell,227906080
2024-08-01 09:24:08,128200.0,100,Buy,227906088
2024-08-01 09:24:10,128200.0,400,Sell,227906129
2024-08-01 09:24:10,128200.0,1800,Sell,227906137
2024-08-01 09:24:16,128300.0,2000,Buy,227906257
2024-08-01 09:24:18,128200.0,100,Sell,227906282
2024-08-01 09:24:18,128300.0,2000,Buy,227906290
2024-08-01 09:24:19,128300.0,2000,Buy,227906304
2024-08-01 09:24:19,128300.0,400,Buy,227906303
2024-08-01 09:24:19,128300.0,100,Buy,227906301
2024-08-01 09:24:19,128300.0,500,Buy,227906300
2024-08-01 09:24:19,128300.0,400,Buy,227906302
2024-08-01 09:24:22,128400.0,100,Buy,227906391
2024-08-01 09:24:23,128300.0,200,Sell,227906414
2024-08-01 09:24:29,128300.0,1000,Sell,227906541
2024-08-01 09:24:29,128400.0,100,Buy,227906567
2024-08-01 09:24:30,128300.0,400,Sell,227906575
2024-08-01 09:24:30,128300.0,100,Sell,227906576
2024-08-01 09:24:31,128300.0,200,Sell,227906608
2024-08-01 09:24:32,128300.0,200,Sell,227906625
2024-08-01 09:24:32,128300.0,1700,Sell,227906623
2024-08-01 09:24:32,128300.0,100,Sell,227906624
2024-08-01 09:24:34,128300.0,300,Sell,227906658
2024-08-01 09:24:36,128300.0,500,Sell,227906713
2024-08-01 09:24:38,128300.0,600,Sell,227906740
2024-08-01 09:24:42,128400.0,100,Buy,227906865
2024-08-01 09:24:49,128400.0,100,Buy,227907051
2024-08-01 09:24:49,128400.0,400,Buy,227907050
2024-08-01 09:24:49,128400.0,800,Buy,227907047
2024-08-01 09:24:49,128400.0,100,Buy,227907048
2024-08-01 09:24:49,128400.0,200,Buy,227907049
2024-08-01 09:24:51,128400.0,600,Sell,227907084
2024-08-01 09:24:52,128400.0,400,Sell,227907108
2024-08-01 09:24:56,128400.0,900,Sell,227907181
2024-08-01 09:24:56,128400.0,900,Sell,227907182
2024-08-01 09:24:59,128400.0,200,Sell,227907236
2024-08-01 09:25:16,128500.0,500,Buy,227907734
2024-08-01 09:25:21,128400.0,100,Sell,227907924
2024-08-01 09:25:21,128400.0,200,Sell,227907925
2024-08-01 09:25:22,128400.0,1000,Sell,227907961
2024-08-01 09:25:26,128400.0,500,Sell,227908072
2024-08-01 09:25:26,128400.0,100,Sell,227908070
2024-08-01 09:25:26,128400.0,800,Sell,227908069
2024-08-01 09:25:26,128400.0,100,Sell,227908071
2024-08-01 09:25:29,128400.0,500,Buy,227908179
2024-08-01 09:25:34,128400.0,1500,Sell,227908314
2024-08-01 09:25:34,128400.0,100,Sell,227908315
2024-08-01 09:25:39,128300.0,400,Sell,227908449
2024-08-01 09:25:39,128300.0,2000,Sell,227908450
2024-08-01 09:25:39,128300.0,2000,Sell,227908451
2024-08-01 09:25:39,128300.0,600,Sell,227908452
2024-08-01 09:25:39,128400.0,300,Buy,227908454
2024-08-01 09:25:39,128400.0,400,Buy,227908453
2024-08-01 09:25:45,128500.0,100,Buy,227908594
2024-08-01 09:25:46,128400.0,1000,Sell,227908611
2024-08-01 09:25:48,128400.0,300,Sell,227908661
2024-08-01 09:25:50,128300.0,900,Sell,227908700
2024-08-01 09:25:53,128300.0,500,Sell,227908761
2024-08-01 09:25:53,128300.0,100,Sell,227908762
2024-08-01 09:25:55,128400.0,1000,Sell,227908874
2024-08-01 09:25:55,128400.0,400,Buy,227908869
2024-08-01 09:25:55,128400.0,700,Buy,227908868
2024-08-01 09:26:01,128400.0,1000,Sell,227909092
2024-08-01 09:26:01,128400.0,500,Sell,227909105
2024-08-01 09:26:03,128400.0,100,Buy,227909152
2024-08-01 09:26:08,128400.0,1000,Buy,227909286
2024-08-01 09:26:09,128400.0,400,Buy,227909320
2024-08-01 09:26:09,128400.0,800,Buy,227909321
2024-08-01 09:26:09,128400.0,500,Buy,227909322
2024-08-01 09:26:10,128400.0,300,Sell,227909331
2024-08-01 09:26:16,128300.0,200,Sell,227909466
2024-08-01 09:26:16,128300.0,100,Sell,227909467
2024-08-01 09:26:16,128300.0,100,Sell,227909468
2024-08-01 09:26:21,128300.0,2000,Sell,227909575
2024-08-01 09:26:23,128300.0,400,Sell,227909622
2024-08-01 09:26:24,128300.0,2000,Sell,227909704
2024-08-01 09:26:27,128300.0,100,Sell,227909743
2024-08-01 09:26:27,128300.0,100,Sell,227909739
2024-08-01 09:26:27,128300.0,400,Sell,227909742
2024-08-01 09:26:31,128300.0,500,Buy,227909868
2024-08-01 09:26:33,128300.0,100,Sell,227909885
2024-08-01 09:26:37,128300.0,100,Sell,227909948
2024-08-01 09:26:37,128300.0,1000,Sell,227909955
2024-08-01 09:26:43,128300.0,300,Sell,227910097
2024-08-01 09:26:43,128300.0,700,Sell,227910098
2024-08-01 09:26:46,128300.0,200,Sell,227910150
2024-08-01 09:26:56,128300.0,600,Sell,227910339
2024-08-01 09:26:58,128300.0,400,Sell,227910380
2024-08-01 09:26:58,128300.0,100,Sell,227910420
2024-08-01 09:26:58,128300.0,100,Sell,227910421
2024-08-01 09:26:59,128300.0,300,Sell,227910447
2024-08-01 09:26:59,128300.0,200,Sell,227910448
2024-08-01 09:27:01,128300.0,600,Sell,227910480
2024-08-01 09:27:05,128300.0,800,Sell,227910590
2024-08-01 09:27:10,128300.0,1000,Sell,227910689
2024-08-01 09:27:18,128300.0,600,Sell,227910943
2024-08-01 09:27:19,128300.0,400,Sell,227910955
2024-08-01 09:27:21,128300.0,600,Sell,227911018
2024-08-01 09:27:22,128300.0,1500,Sell,227911033
2024-08-01 09:27:25,128300.0,200,Sell,227911084
2024-08-01 09:27:26,128300.0,1000,Sell,227911105
2024-08-01 09:27:31,128300.0,400,Sell,227911192
2024-08-01 09:27:37,128300.0,100,Sell,227911443
2024-08-01 09:27:37,128300.0,200,Sell,227911444
2024-08-01 09:27:37,128300.0,600,Sell,227911445
2024-08-01 09:27:39,128300.0,1000,Sell,227911492
2024-08-01 09:27:39,128300.0,400,Sell,227911507
2024-08-01 09:27:39,128300.0,100,Sell,227911508
2024-08-01 09:28:00,128200.0,600,Sell,227912076
2024-08-01 09:28:02,128200.0,800,Sell,227912177
2024-08-01 09:28:02,128200.0,100,Sell,227912176
2024-08-01 09:28:02,128200.0,100,Sell,227912175
2024-08-01 09:28:04,128200.0,1700,Sell,227912213
2024-08-01 09:28:04,128200.0,200,Sell,227912214
2024-08-01 09:28:04,128200.0,100,Sell,227912215
2024-08-01 09:28:05,128200.0,300,Buy,227912234
2024-08-01 09:28:07,128100.0,900,Sell,227912261
2024-08-01 09:28:16,128200.0,100,Buy,227912463
2024-08-01 09:28:16,128200.0,1000,Buy,227912464
2024-08-01 09:28:16,128300.0,2400,Buy,227912465
2024-08-01 09:28:19,128100.0,500,Sell,227912514
2024-08-01 09:28:24,128100.0,200,Sell,227912615
2024-08-01 09:28:24,128100.0,100,Sell,227912614
2024-08-01 09:28:24,128100.0,1000,Sell,227912613
2024-08-01 09:28:24,128100.0,200,Sell,227912616
2024-08-01 09:28:24,128100.0,200,Sell,227912611
2024-08-01 09:28:24,128100.0,200,Sell,227912610
2024-08-01 09:28:24,128100.0,400,Sell,227912609
2024-08-01 09:28:24,128100.0,100,Sell,227912612
2024-08-01 09:28:27,128100.0,500,Sell,227912745
2024-08-01 09:28:27,128100.0,100,Sell,227912746
2024-08-01 09:28:27,128100.0,1400,Sell,227912747
2024-08-01 09:28:29,128100.0,600,Sell,227912801
2024-08-01 09:28:29,128100.0,400,Sell,227912802
2024-08-01 09:28:32,128100.0,2100,Sell,227912845
2024-08-01 09:28:57,128000.0,100,Sell,227913499
2024-08-01 09:28:59,128000.0,300,Sell,227913598
2024-08-01 09:28:59,128000.0,200,Sell,227913597
2024-08-01 09:28:59,128000.0,100,Sell,227913596
2024-08-01 09:28:59,128000.0,1000,Sell,227913595
2024-08-01 09:28:59,128000.0,100,Sell,227913594
2024-08-01 09:28:59,128000.0,300,Sell,227913593
2024-08-01 09:28:59,128000.0,100,Sell,227913592
2024-08-01 09:28:59,128000.0,100,Sell,227913591
2024-08-01 09:28:59,128000.0,5000,Sell,227913590
2024-08-01 09:28:59,128000.0,100,Sell,227913589
2024-08-01 09:28:59,128000.0,100,Sell,227913588
2024-08-01 09:28:59,128000.0,100,Sell,227913587
2024-08-01 09:28:59,128000.0,1700,Sell,227913586
2024-08-01 09:28:59,128000.0,100,Sell,227913585
2024-08-01 09:28:59,128000.0,100,Sell,227913584
2024-08-01 09:28:59,128000.0,100,Sell,227913583
2024-08-01 09:28:59,128000.0,300,Sell,227913582
2024-08-01 09:28:59,128000.0,100,Sell,227913581
2024-08-01 09:28:59,128000.0,100,Sell,227913580
2024-08-01 09:29:00,128000.0,1700,Sell,227913625
2024-08-01 09:29:00,128000.0,200,Sell,227913626
2024-08-01 09:29:00,128000.0,100,Sell,227913627
2024-08-01 09:29:00,128000.0,200,Sell,227913628
2024-08-01 09:29:00,128000.0,200,Sell,227913629
2024-08-01 09:29:00,128000.0,200,Sell,227913630
2024-08-01 09:29:00,128000.0,400,Sell,227913631
2024-08-01 09:29:01,128100.0,100,Buy,227913657
2024-08-01 09:29:04,128000.0,500,Sell,227913718
2024-08-01 09:29:04,128000.0,200,Sell,227913719
2024-08-01 09:29:04,128000.0,100,Sell,227913720
2024-08-01 09:29:04,128000.0,600,Sell,227913716
2024-08-01 09:29:13,127900.0,800,Sell,227913916
2024-08-01 09:29:14,127900.0,100,Sell,227913938
2024-08-01 09:29:22,127900.0,10000,Sell,227914127
2024-08-01 09:29:23,127900.0,1000,Sell,227914151
2024-08-01 09:29:28,128000.0,100,Buy,227914301
2024-08-01 09:29:35,127900.0,100,Sell,227914440
2024-08-01 09:29:35,127900.0,100,Sell,227914441
2024-08-01 09:29:35,127900.0,100,Sell,227914442
2024-08-01 09:29:39,128000.0,200,Buy,227914545
2024-08-01 09:29:39,128000.0,2000,Buy,227914546
2024-08-01 09:29:39,128000.0,100,Buy,227914543
2024-08-01 09:29:39,128000.0,300,Buy,227914544
2024-08-01 09:29:39,128000.0,100,Buy,227914539
2024-08-01 09:29:39,128000.0,200,Buy,227914540
2024-08-01 09:29:39,128000.0,400,Buy,227914542
2024-08-01 09:29:39,128000.0,1600,Buy,227914541
2024-08-01 09:29:43,128000.0,100,Sell,227914651
2024-08-01 09:29:45,128000.0,100,Buy,227914708
2024-08-01 09:29:45,128000.0,400,Buy,227914709
2024-08-01 09:29:45,128000.0,100,Buy,227914710
2024-08-01 09:29:49,128000.0,100,Sell,227914846
2024-08-01 09:29:50,128000.0,300,Sell,227914886
2024-08-01 09:29:55,128000.0,100,Buy,227915033
2024-08-01 09:29:55,128000.0,300,Buy,227915034
2024-08-01 09:30:06,127900.0,600,Sell,227915339
2024-08-01 09:30:14,127900.0,200,Sell,227915513
2024-08-01 09:30:16,127900.0,800,Sell,227915600
2024-08-01 09:30:17,127900.0,200,Sell,227915635
2024-08-01 09:30:17,127900.0,200,Sell,227915612
2024-08-01 09:30:17,127900.0,100,Sell,227915610
2024-08-01 09:30:17,127900.0,400,Sell,227915609
2024-08-01 09:30:17,127900.0,200,Sell,227915611
2024-08-01 09:30:19,127900.0,100,Sell,227915684
2024-08-01 09:30:23,127900.0,200,Buy,227915752
2024-08-01 09:30:28,127900.0,100,Buy,227915859
2024-08-01 09:30:28,127900.0,300,Buy,227915860
2024-08-01 09:30:28,127900.0,100,Buy,227915861
2024-08-01 09:30:29,127900.0,400,Buy,227915885
2024-08-01 09:30:38,127900.0,1000,Sell,227916116
2024-08-01 09:30:40,127900.0,200,Sell,227916205
2024-08-01 09:30:43,127900.0,1000,Sell,227916292
2024-08-01 09:30:51,127900.0,500,Sell,227916503
2024-08-01 09:30:51,127900.0,1000,Sell,227916511
2024-08-01 09:30:52,127900.0,400,Sell,227916513
2024-08-01 09:30:57,127900.0,100,Sell,227916635
2024-08-01 09:30:58,127900.0,400,Sell,227916683
2024-08-01 09:30:58,127900.0,100,Sell,227916684
2024-08-01 09:31:00,127900.0,300,Sell,227916739
2024-08-01 09:31:04,127900.0,600,Sell,227916811
2024-08-01 09:31:04,127900.0,200,Sell,227916812
2024-08-01 09:31:10,127900.0,600,Sell,227916917
2024-08-01 09:31:11,127900.0,1000,Sell,227916920
2024-08-01 09:31:15,127900.0,2300,Sell,227916998
2024-08-01 09:31:16,127900.0,1000,Sell,227917021
2024-08-01 09:31:19,127900.0,1000,Sell,227917073
2024-08-01 09:31:19,127900.0,200,Sell,227917074
2024-08-01 09:31:20,127900.0,800,Sell,227917116
2024-08-01 09:31:21,128000.0,100,Buy,227917135
2024-08-01 09:31:28,127900.0,100,Sell,227917276
2024-08-01 09:31:32,127900.0,1000,Sell,227917364
2024-08-01 09:31:38,127900.0,200,Sell,227917495
2024-08-01 09:31:38,127900.0,300,Sell,227917491
2024-08-01 09:31:38,127900.0,400,Sell,227917489
2024-08-01 09:31:38,127900.0,200,Sell,227917490
2024-08-01 09:31:41,127900.0,200,Sell,227917551
2024-08-01 09:31:47,127900.0,2000,Sell,227917661
2024-08-01 09:31:48,127900.0,300,Sell,227917720
2024-08-01 09:31:48,127900.0,200,Sell,227917721
2024-08-01 09:31:52,128000.0,600,Buy,227917832
2024-08-01 09:31:52,128000.0,700,Buy,227917833
2024-08-01 09:31:53,127900.0,200,Sell,227917871
2024-08-01 09:31:53,127900.0,4800,Sell,227917872
2024-08-01 09:31:59,127900.0,200,Sell,227917998
2024-08-01 09:32:01,127900.0,200,Buy,227918064
2024-08-01 09:32:04,127900.0,300,Sell,227918120
2024-08-01 09:32:04,127900.0,200,Sell,227918137
2024-08-01 09:32:04,127900.0,500,Sell,227918138
2024-08-01 09:32:04,127900.0,1000,Sell,227918156
2024-08-01 09:32:06,127800.0,500,Sell,227918206
2024-08-01 09:32:06,127800.0,1500,Sell,227918207
2024-08-01 09:32:06,127800.0,100,Sell,227918205
2024-08-01 09:32:06,127900.0,300,Sell,227918201
2024-08-01 09:32:06,127800.0,400,Sell,227918203
2024-08-01 09:32:06,127800.0,300,Sell,227918204
2024-08-01 09:32:06,127900.0,5800,Sell,227918200
2024-08-01 09:32:06,127800.0,100,Sell,227918202
2024-08-01 09:32:10,127900.0,1600,Sell,227918314
2024-08-01 09:32:16,127900.0,600,Sell,227918458
2024-08-01 09:32:22,128000.0,100,Buy,227918583
2024-08-01 09:32:23,127900.0,300,Sell,227918619
2024-08-01 09:32:28,127900.0,100,Buy,227918806
2024-08-01 09:32:28,127900.0,500,Buy,227918804
2024-08-01 09:32:28,127900.0,400,Buy,227918805
2024-08-01 09:32:38,127900.0,100,Buy,227919079
2024-08-01 09:33:08,127900.0,300,Buy,227920059
2024-08-01 09:33:10,127800.0,500,Sell,227920116
2024-08-01 09:33:10,127800.0,500,Sell,227920117
2024-08-01 09:33:21,127800.0,100,Sell,227920468
2024-08-01 09:33:22,127800.0,600,Sell,227920493
2024-08-01 09:33:23,127800.0,400,Sell,227920542
2024-08-01 09:33:25,127800.0,1000,Sell,227920589
2024-08-01 09:33:28,127800.0,800,Sell,227920669
2024-08-01 09:33:33,127900.0,400,Buy,227920791
2024-08-01 09:33:33,127900.0,700,Buy,227920792
2024-08-01 09:33:33,127900.0,100,Buy,227920789
2024-08-01 09:33:33,127900.0,1000,Buy,227920790
2024-08-01 09:33:33,127900.0,2800,Buy,227920788
2024-08-01 09:33:36,127800.0,200,Sell,227920853
2024-08-01 09:33:36,127800.0,6600,Sell,227920850
2024-08-01 09:33:36,127800.0,3000,Sell,227920851
2024-08-01 09:33:36,127800.0,100,Sell,227920852
2024-08-01 09:33:37,127800.0,100,Buy,227920866
2024-08-01 09:33:37,127900.0,100,Buy,227920867
2024-08-01 09:33:41,127900.0,200,Buy,227920947
2024-08-01 09:33:42,127900.0,1000,Buy,227920949
2024-08-01 09:33:47,127800.0,100,Sell,227921099
2024-08-01 09:33:48,127800.0,300,Buy,227921110
2024-08-01 09:33:52,127800.0,100,Buy,227921193
2024-08-01 09:33:52,127800.0,100,Buy,227921194
2024-08-01 09:33:55,127800.0,900,Buy,227921267
2024-08-01 09:33:55,127800.0,100,Buy,227921268
2024-08-01 09:33:58,127800.0,1000,Sell,227921343
2024-08-01 09:34:05,127800.0,200,Sell,227921518
2024-08-01 09:34:06,127800.0,100,Sell,227921548
2024-08-01 09:34:09,127800.0,500,Sell,227921613
2024-08-01 09:34:13,127800.0,200,Sell,227921698
2024-08-01 09:34:13,127800.0,200,Sell,227921697
2024-08-01 09:34:19,127800.0,900,Sell,227921793
2024-08-01 09:34:20,127800.0,900,Sell,227921819
2024-08-01 09:34:20,127800.0,100,Sell,227921820
2024-08-01 09:34:25,127800.0,600,Sell,227921942
2024-08-01 09:34:31,127800.0,100,Sell,227922092
2024-08-01 09:34:31,127800.0,900,Sell,227922093
2024-08-01 09:34:31,127900.0,900,Buy,227922111
2024-08-01 09:34:31,127900.0,300,Buy,227922112
2024-08-01 09:34:31,127900.0,400,Buy,227922113
2024-08-01 09:34:31,127900.0,500,Buy,227922114
2024-08-01 09:34:33,127900.0,800,Sell,227922203
2024-08-01 09:34:33,127900.0,600,Buy,227922188
2024-08-01 09:34:33,127900.0,100,Buy,227922187
2024-08-01 09:34:33,127900.0,700,Buy,227922186
2024-08-01 09:34:33,127900.0,2000,Buy,227922184
2024-08-01 09:34:33,127900.0,1000,Buy,227922183
2024-08-01 09:34:33,127900.0,500,Buy,227922182
2024-08-01 09:34:33,127900.0,200,Buy,227922185
2024-08-01 09:34:34,127900.0,2100,Sell,227922216
2024-08-01 09:34:34,127800.0,7500,Sell,227922217
2024-08-01 09:34:36,127800.0,100,Buy,227922299
2024-08-01 09:34:40,127800.0,300,Buy,227922409
2024-08-01 09:34:45,127800.0,700,Sell,227922558
2024-08-01 09:34:45,127800.0,300,Sell,227922559
2024-08-01 09:34:46,127800.0,300,Sell,227922583
2024-08-01 09:34:46,127800.0,700,Sell,227922584
2024-08-01 09:34:47,127800.0,300,Sell,227922632
2024-08-01 09:34:47,127800.0,100,Sell,227922633
2024-08-01 09:34:48,128000.0,1100,Buy,227922647
2024-08-01 09:34:48,128000.0,900,Buy,227922645
2024-08-01 09:34:48,127800.0,1000,Sell,227922640
2024-08-01 09:34:48,128000.0,100,Buy,227922646
2024-08-01 09:35:06,127900.0,500,Buy,227923054
2024-08-01 09:35:06,127900.0,1600,Buy,227923053
2024-08-01 09:35:13,127900.0,500,Buy,227923236
2024-08-01 09:35:13,127900.0,1000,Buy,227923237
2024-08-01 09:35:16,127900.0,1200,Sell,227923293
2024-08-01 09:35:21,127900.0,400,Sell,227923421
2024-08-01 09:35:25,127900.0,2000,Sell,227923559
2024-08-01 09:35:28,127900.0,600,Sell,227923631
2024-08-01 09:35:34,127900.0,800,Sell,227923759
2024-08-01 09:35:34,127900.0,100,Sell,227923763
2024-08-01 09:35:38,127900.0,900,Sell,227923859
2024-08-01 09:35:43,127900.0,2000,Sell,227923951
2024-08-01 09:35:44,127900.0,500,Sell,227923966
2024-08-01 09:35:44,127900.0,500,Sell,227923967
2024-08-01 09:35:50,127900.0,1000,Sell,227924088
2024-08-01 09:35:54,127900.0,400,Sell,227924176
2024-08-01 09:35:59,128000.0,500,Buy,227924302
2024-08-01 09:36:07,127900.0,600,Sell,227924474
2024-08-01 09:36:07,127900.0,300,Sell,227924475
2024-08-01 09:36:09,127900.0,200,Sell,227924517
2024-08-01 09:36:10,128000.0,8400,Buy,227924548
2024-08-01 09:36:10,128000.0,1000,Buy,227924549
2024-08-01 09:36:10,128000.0,3000,Buy,227924550
2024-08-01 09:36:10,128000.0,400,Buy,227924551
2024-08-01 09:36:10,128000.0,100,Buy,227924552
2024-08-01 09:36:10,128000.0,400,Buy,227924553
2024-08-01 09:36:10,128000.0,100,Buy,227924554
2024-08-01 09:36:10,128000.0,1500,Buy,227924555
2024-08-01 09:36:10,128000.0,100,Buy,227924556
2024-08-01 09:36:10,128000.0,400,Buy,227924557
2024-08-01 09:36:10,128000.0,100,Buy,227924558
2024-08-01 09:36:10,128000.0,2200,Buy,227924559
2024-08-01 09:36:14,128000.0,2000,Buy,227924662
2024-08-01 09:36:19,128000.0,5000,Buy,227924787
2024-08-01 09:36:27,127900.0,8500,Sell,227924930
2024-08-01 09:36:27,127900.0,1000,Sell,227924931
2024-08-01 09:36:27,127900.0,500,Sell,227924932
2024-08-01 09:36:28,127900.0,400,Sell,227924974
2024-08-01 09:36:28,127900.0,4100,Sell,227924983
2024-08-01 09:36:28,127900.0,200,Sell,227924984
2024-08-01 09:36:30,127800.0,600,Sell,227925036
2024-08-01 09:36:32,127800.0,100,Sell,227925092
2024-08-01 09:36:32,127800.0,400,Sell,227925091
2024-08-01 09:36:32,127800.0,100,Sell,227925089
2024-08-01 09:36:32,127800.0,300,Sell,227925088
2024-08-01 09:36:32,127800.0,100,Sell,227925090
2024-08-01 09:36:36,127800.0,800,Sell,227925190
2024-08-01 09:36:53,127800.0,200,Buy,227925574
2024-08-01 09:36:53,127800.0,900,Sell,227925567
2024-08-01 09:36:53,127800.0,5000,Sell,227925566
2024-08-01 09:36:53,127800.0,1000,Sell,227925563
2024-08-01 09:36:53,127800.0,200,Sell,227925564
2024-08-01 09:36:53,127800.0,100,Sell,227925562
2024-08-01 09:36:53,127800.0,100,Sell,227925561
2024-08-01 09:36:53,127800.0,1000,Sell,227925565
2024-08-01 09:36:55,127800.0,100,Buy,227925619
2024-08-01 09:36:59,127800.0,1400,Buy,227925697
2024-08-01 09:36:59,127800.0,900,Sell,227925707
2024-08-01 09:37:01,127800.0,400,Sell,227925735
2024-08-01 09:37:06,127800.0,700,Sell,227925829
2024-08-01 09:37:12,127800.0,500,Sell,227925982
2024-08-01 09:37:12,127900.0,3300,Buy,227925983
2024-08-01 09:37:16,127800.0,600,Sell,227926051
2024-08-01 09:37:26,127800.0,400,Sell,227926285
2024-08-01 09:37:26,127800.0,600,Sell,227926286
2024-08-01 09:37:30,127900.0,500,Buy,227926357
2024-08-01 09:37:31,127800.0,200,Sell,227926389
2024-08-01 09:37:31,127800.0,400,Sell,227926388
2024-08-01 09:37:34,127800.0,400,Sell,227926436
2024-08-01 09:37:39,127800.0,2000,Sell,227926506
2024-08-01 09:37:40,127800.0,900,Sell,227926548
2024-08-01 09:37:42,127800.0,1000,Sell,227926572
2024-08-01 09:37:53,127800.0,1000,Sell,227926801
2024-08-01 09:38:01,127800.0,1000,Sell,227927003
2024-08-01 09:38:07,127800.0,400,Sell,227927171
2024-08-01 09:38:11,127800.0,2000,Sell,227927259
2024-08-01 09:38:19,127800.0,900,Sell,227927512
2024-08-01 09:38:31,127800.0,200,Sell,227927766
2024-08-01 09:38:31,127800.0,1900,Sell,227927767
2024-08-01 09:38:31,127800.0,100,Sell,227927768
2024-08-01 09:38:31,127800.0,500,Sell,227927769
2024-08-01 09:38:31,127800.0,200,Sell,227927770
2024-08-01 09:38:31,127800.0,100,Sell,227927771
2024-08-01 09:38:31,127800.0,800,Sell,227927772
2024-08-01 09:38:33,127800.0,1000,Sell,227927876
2024-08-01 09:38:35,127800.0,600,Sell,227927927
2024-08-01 09:38:37,127800.0,200,Sell,227927973
2024-08-01 09:38:42,127800.0,400,Sell,227928071
2024-08-01 09:38:43,127900.0,100,Buy,227928099
2024-08-01 09:38:43,127800.0,700,Sell,227928100
2024-08-01 09:38:44,127800.0,1300,Sell,227928114
2024-08-01 09:38:44,127800.0,100,Sell,227928115
2024-08-01 09:38:44,127800.0,100,Sell,227928116
2024-08-01 09:38:44,127800.0,100,Sell,227928117
2024-08-01 09:38:44,127800.0,300,Sell,227928118
2024-08-01 09:38:44,127800.0,300,Sell,227928119
2024-08-01 09:38:44,127800.0,700,Sell,227928120
2024-08-01 09:38:46,127700.0,800,Sell,227928150
2024-08-01 09:38:46,127700.0,1000,Sell,227928195
2024-08-01 09:39:11,127700.0,1000,Sell,227928716
2024-08-01 09:39:13,127700.0,1000,Sell,227928753
2024-08-01 09:39:14,127700.0,400,Sell,227928786
2024-08-01 09:39:34,127700.0,200,Sell,227929205
2024-08-01 09:39:38,127700.0,600,Sell,227929275
2024-08-01 09:39:40,127800.0,100,Buy,227929306
2024-08-01 09:39:41,127700.0,100,Sell,227929331
2024-08-01 09:39:42,127700.0,100,Sell,227929394
2024-08-01 09:39:42,127700.0,100,Sell,227929395
2024-08-01 09:39:42,127700.0,100,Sell,227929396
2024-08-01 09:39:49,127700.0,400,Sell,227929565
2024-08-01 09:39:49,127800.0,100,Buy,227929566
2024-08-01 09:39:49,127700.0,600,Sell,227929588
2024-08-01 09:39:49,127700.0,300,Sell,227929589
2024-08-01 09:40:01,127700.0,200,Sell,227929777
2024-08-01 09:40:01,127700.0,1000,Sell,227929776
2024-08-01 09:40:01,127700.0,300,Sell,227929779
2024-08-01 09:40:01,127700.0,2000,Sell,227929774
2024-08-01 09:40:01,127700.0,100,Sell,227929775
2024-08-01 09:40:01,127700.0,200,Sell,227929778
2024-08-01 09:40:01,127700.0,200,Sell,227929773
2024-08-01 09:40:06,127700.0,700,Sell,227929910
2024-08-01 09:40:06,127700.0,200,Sell,227929911
2024-08-01 09:40:09,127800.0,100,Buy,227929944
2024-08-01 09:40:19,127800.0,200,Buy,227930151
2024-08-01 09:40:25,127700.0,800,Sell,227930264
2024-08-01 09:40:25,127700.0,200,Sell,227930265
2024-08-01 09:40:32,127700.0,200,Sell,227930395
2024-08-01 09:40:34,127700.0,300,Sell,227930415
2024-08-01 09:40:34,127700.0,700,Sell,227930416
2024-08-01 09:40:43,127700.0,600,Sell,227930623
2024-08-01 09:40:47,127700.0,100,Sell,227930673
2024-08-01 09:40:52,127700.0,1000,Sell,227930761
2024-08-01 09:40:53,127800.0,500,Buy,227930772
2024-08-01 09:40:53,127800.0,400,Buy,227930773
2024-08-01 09:40:53,127800.0,300,Buy,227930771
2024-08-01 09:40:53,127800.0,300,Buy,227930769
2024-08-01 09:40:53,127800.0,100,Buy,227930770
2024-08-01 09:40:53,127800.0,400,Buy,227930768
2024-08-01 09:40:55,127700.0,900,Sell,227930810
2024-08-01 09:40:55,127700.0,1200,Sell,227930812
2024-08-01 09:40:56,127700.0,400,Sell,227930820
2024-08-01 09:40:59,127800.0,600,Buy,227930875
2024-08-01 09:40:59,127800.0,100,Buy,227930876
2024-08-01 09:40:59,127800.0,100,Buy,227930877
2024-08-01 09:40:59,127800.0,100,Buy,227930878
2024-08-01 09:40:59,127800.0,9100,Buy,227930879
2024-08-01 09:41:00,127800.0,200,Buy,227930899
2024-08-01 09:41:04,127800.0,1000,Buy,227931011
2024-08-01 09:41:07,127800.0,300,Buy,227931062
2024-08-01 09:41:09,127800.0,100,Buy,227931116
2024-08-01 09:41:09,127800.0,400,Buy,227931117
2024-08-01 09:41:16,127800.0,900,Buy,227931258
2024-08-01 09:41:16,127800.0,100,Buy,227931256
2024-08-01 09:41:16,127800.0,200,Buy,227931257
2024-08-01 09:41:18,127700.0,800,Sell,227931298
2024-08-01 09:41:18,127700.0,200,Sell,227931299
2024-08-01 09:41:20,127800.0,100,Buy,227931345
2024-08-01 09:41:27,127800.0,100,Sell,227931495
2024-08-01 09:41:40,127800.0,100,Buy,227931786
2024-08-01 09:41:45,127700.0,600,Sell,227931868
2024-08-01 09:41:54,127800.0,100,Buy,227932011
2024-08-01 09:42:00,127700.0,800,Sell,227932134
2024-08-01 09:42:00,127800.0,600,Buy,227932122
2024-08-01 09:42:00,127800.0,100,Buy,227932123
2024-08-01 09:42:00,127800.0,300,Buy,227932124
2024-08-01 09:42:03,127700.0,400,Sell,227932188
2024-08-01 09:42:09,127700.0,100,Sell,227932279
2024-08-01 09:42:19,127800.0,200,Buy,227932460
2024-08-01 09:42:19,127800.0,1000,Buy,227932459
2024-08-01 09:42:19,127800.0,1000,Buy,227932458
2024-08-01 09:42:19,127800.0,500,Buy,227932457
2024-08-01 09:42:19,127800.0,200,Buy,227932455
2024-08-01 09:42:19,127800.0,3000,Buy,227932456
2024-08-01 09:42:19,127800.0,100,Buy,227932454
2024-08-01 09:42:32,127800.0,100,Buy,227932811
2024-08-01 09:42:32,127800.0,900,Buy,227932825
2024-08-01 09:42:37,127800.0,100,Sell,227932875
2024-08-01 09:42:37,127800.0,300,Buy,227932889
2024-08-01 09:42:47,127800.0,200,Sell,227933059
2024-08-01 09:42:47,127800.0,700,Sell,227933060
2024-08-01 09:42:50,127800.0,600,Sell,227933113
2024-08-01 09:42:58,127800.0,200,Sell,227933265
2024-08-01 09:43:01,127800.0,300,Sell,227933311
2024-08-01 09:43:05,127800.0,200,Sell,227933353
2024-08-01 09:43:05,127800.0,500,Sell,227933354
2024-08-01 09:43:05,127800.0,200,Sell,227933355
2024-08-01 09:43:05,127800.0,800,Sell,227933363
2024-08-01 09:43:10,127700.0,900,Sell,227933435
2024-08-01 09:43:12,127800.0,400,Buy,227933459
2024-08-01 09:43:13,127800.0,200,Sell,227933484
2024-08-01 09:43:47,127700.0,2000,Sell,227934205
2024-08-01 09:43:47,127700.0,100,Sell,227934206
2024-08-01 09:43:48,127700.0,1000,Sell,227934246
2024-08-01 09:43:48,127700.0,5000,Sell,227934245
2024-08-01 09:43:48,127700.0,5000,Sell,227934244
2024-08-01 09:43:48,127700.0,100,Sell,227934243
2024-08-01 09:43:48,127700.0,100,Sell,227934236
2024-08-01 09:43:48,127700.0,5000,Sell,227934242
2024-08-01 09:43:48,127700.0,500,Sell,227934241
2024-08-01 09:43:48,127700.0,100,Sell,227934240
2024-08-01 09:43:48,127700.0,1000,Sell,227934239
2024-08-01 09:43:48,127700.0,5000,Sell,227934238
2024-08-01 09:43:48,127700.0,1100,Sell,227934237
2024-08-01 09:43:48,127700.0,100,Sell,227934235
2024-08-01 09:43:48,127700.0,5000,Sell,227934227
2024-08-01 09:43:48,127700.0,100,Sell,227934233
2024-08-01 09:43:48,127700.0,500,Sell,227934234
2024-08-01 09:43:48,127700.0,900,Sell,227934221
2024-08-01 09:43:48,127700.0,200,Sell,227934222
2024-08-01 09:43:48,127700.0,200,Sell,227934223
2024-08-01 09:43:48,127700.0,100,Sell,227934224
2024-08-01 09:43:48,127700.0,400,Sell,227934226
2024-08-01 09:43:48,127700.0,100,Sell,227934225
2024-08-01 09:43:48,127700.0,100,Sell,227934228
2024-08-01 09:43:48,127700.0,100,Sell,227934231
2024-08-01 09:43:48,127700.0,100,Sell,227934232
2024-08-01 09:43:48,127700.0,100,Sell,227934229
2024-08-01 09:43:48,127700.0,200,Sell,227934230
2024-08-01 09:43:50,127600.0,500,Sell,227934270
2024-08-01 09:44:00,127800.0,900,Buy,227934480
2024-08-01 09:44:04,127600.0,200,Sell,227934582
2024-08-01 09:44:08,127700.0,100,Sell,227934866
2024-08-01 09:44:08,127600.0,800,Sell,227934867
2024-08-01 09:44:11,127700.0,900,Sell,227934896
2024-08-01 09:44:14,127700.0,100,Sell,227934952
2024-08-01 09:44:16,127700.0,400,Sell,227934988
2024-08-01 09:44:37,127700.0,100,Sell,227935490
2024-08-01 09:44:38,127700.0,1000,Sell,227935503
2024-08-01 09:44:39,127700.0,600,Sell,227935526
2024-08-01 09:44:43,127700.0,500,Sell,227935580
2024-08-01 09:44:50,127700.0,400,Sell,227935723
2024-08-01 09:44:50,127700.0,600,Sell,227935716
2024-08-01 09:45:01,127700.0,400,Sell,227935898
2024-08-01 09:45:01,127700.0,5000,Sell,227935899
2024-08-01 09:45:01,127700.0,4600,Sell,227935900
2024-08-01 09:45:02,127700.0,400,Sell,227935922
2024-08-01 09:45:02,127700.0,500,Sell,227935923
2024-08-01 09:45:02,127700.0,100,Sell,227935924
2024-08-01 09:45:03,127700.0,100,Sell,227935952
2024-08-01 09:45:12,127700.0,300,Sell,227936121
2024-08-01 09:45:16,127700.0,500,Sell,227936214
2024-08-01 09:45:16,127700.0,300,Sell,227936215
2024-08-01 09:45:23,127700.0,300,Sell,227936344
2024-08-01 09:45:24,127700.0,3900,Sell,227936366
2024-08-01 09:45:24,127700.0,3700,Sell,227936365
2024-08-01 09:45:24,127700.0,2400,Sell,227936364
2024-08-01 09:45:27,127700.0,100,Sell,227936416
2024-08-01 09:45:27,127700.0,1100,Sell,227936410
2024-08-01 09:45:27,127700.0,500,Sell,227936411
2024-08-01 09:45:29,127700.0,500,Sell,227936439
2024-08-01 09:45:29,127700.0,400,Sell,227936440
2024-08-01 09:45:35,127700.0,500,Sell,227936582
2024-08-01 09:45:40,127700.0,600,Sell,227936668
2024-08-01 09:45:40,127700.0,100,Sell,227936671
2024-08-01 09:45:42,127700.0,3400,Sell,227936704
2024-08-01 09:45:42,127700.0,2700,Sell,227936705
2024-08-01 09:45:52,127700.0,600,Sell,227936894
2024-08-01 09:45:55,127700.0,1000,Sell,227936950
2024-08-01 09:45:57,127700.0,400,Sell,227937006
2024-08-01 09:45:57,127700.0,200,Sell,227937002
2024-08-01 09:46:09,127700.0,300,Sell,227937326
2024-08-01 09:46:18,127700.0,800,Sell,227937581
2024-08-01 09:46:23,127700.0,500,Sell,227937654
2024-08-01 09:46:23,127700.0,500,Sell,227937655
2024-08-01 09:46:31,127700.0,400,Sell,227937885
2024-08-01 09:46:50,127700.0,100,Sell,227938276
2024-08-01 09:46:50,127700.0,800,Sell,227938277
2024-08-01 09:46:56,127700.0,100,Sell,227938441
2024-08-01 09:46:57,127700.0,600,Sell,227938452
2024-08-01 09:46:59,127800.0,4600,Buy,227938499
2024-08-01 09:46:59,127800.0,300,Buy,227938498
2024-08-01 09:46:59,127800.0,1000,Buy,227938497
2024-08-01 09:46:59,127800.0,100,Buy,227938496
2024-08-01 09:46:59,127800.0,400,Buy,227938490
2024-08-01 09:46:59,127800.0,1000,Buy,227938487
2024-08-01 09:46:59,127800.0,1300,Buy,227938495
2024-08-01 09:46:59,127800.0,1000,Buy,227938489
2024-08-01 09:46:59,127800.0,300,Buy,227938488
2024-08-01 09:47:03,127800.0,400,Buy,227938612
2024-08-01 09:47:03,127800.0,100,Buy,227938613
2024-08-01 09:47:12,127800.0,400,Buy,227938744
2024-08-01 09:47:15,127800.0,1000,Sell,227938788
2024-08-01 09:47:20,127800.0,900,Sell,227938853
2024-08-01 09:47:20,127900.0,500,Buy,227938855
2024-08-01 09:47:38,127900.0,100,Buy,227939087
2024-08-01 09:47:40,127900.0,1800,Buy,227939116
2024-08-01 09:47:55,127800.0,100,Sell,227939384
2024-08-01 09:48:00,127800.0,600,Sell,227939467
2024-08-01 09:48:10,127900.0,100,Buy,227939679
2024-08-01 09:48:10,127900.0,3000,Buy,227939678
2024-08-01 09:48:10,127900.0,200,Buy,227939677
2024-08-01 09:48:10,127800.0,900,Sell,227939662
2024-08-01 09:48:10,127900.0,600,Buy,227939676
2024-08-01 09:48:16,127800.0,700,Sell,227939794
2024-08-01 09:48:25,127900.0,300,Buy,227939958
2024-08-01 09:48:25,127800.0,800,Sell,227939960
2024-08-01 09:48:28,127900.0,200,Buy,227939995
2024-08-01 09:48:34,127800.0,2000,Sell,227940107
2024-08-01 09:48:36,127800.0,1000,Sell,227940180
2024-08-01 09:48:42,127800.0,100,Sell,227940273
2024-08-01 09:48:45,127800.0,400,Sell,227940302
2024-08-01 09:48:47,127900.0,100,Buy,227940334
2024-08-01 09:48:50,127800.0,700,Sell,227940455
2024-08-01 09:48:52,127800.0,200,Sell,227940505
2024-08-01 09:49:01,127800.0,600,Sell,227940747
2024-08-01 09:49:03,127800.0,100,Sell,227940775
2024-08-01 09:49:03,127800.0,800,Sell,227940776
2024-08-01 09:49:03,127800.0,100,Sell,227940774
2024-08-01 09:49:18,127800.0,400,Sell,227941115
2024-08-01 09:49:22,127800.0,100,Sell,227941190
2024-08-01 09:49:27,127800.0,800,Sell,227941357
2024-08-01 09:49:29,127800.0,900,Sell,227941410
2024-08-01 09:49:32,127900.0,700,Buy,227941445
2024-08-01 09:49:32,127900.0,300,Buy,227941446
2024-08-01 09:49:42,127800.0,200,Sell,227941635
2024-08-01 09:49:45,127800.0,100,Sell,227941693
2024-08-01 09:49:45,127800.0,200,Sell,227941694
2024-08-01 09:49:45,127800.0,500,Sell,227941695
2024-08-01 09:49:45,127800.0,300,Sell,227941696
2024-08-01 09:49:52,127800.0,400,Sell,227941841
2024-08-01 09:49:57,127800.0,300,Sell,227941933
2024-08-01 09:49:57,127800.0,300,Sell,227941930
2024-08-01 09:49:57,127800.0,300,Sell,227941931
2024-08-01 09:49:57,127800.0,100,Sell,227941932
2024-08-01 09:49:59,127800.0,400,Sell,227941969
2024-08-01 09:50:04,127800.0,600,Sell,227942060
2024-08-01 09:50:04,127800.0,500,Sell,227942061
2024-08-01 09:50:05,127800.0,200,Sell,227942068
2024-08-01 09:50:05,127800.0,500,Sell,227942069
2024-08-01 09:50:14,127800.0,1200,Sell,227942190
2024-08-01 09:50:18,127900.0,100,Buy,227942254
2024-08-01 09:50:18,127900.0,3000,Buy,227942255
2024-08-01 09:50:18,127900.0,5000,Buy,227942256
2024-08-01 09:50:18,127900.0,1900,Buy,227942257
2024-08-01 09:50:24,127900.0,200,Buy,227942338
2024-08-01 09:50:24,127900.0,1000,Buy,227942339
2024-08-01 09:50:24,127900.0,500,Buy,227942335
2024-08-01 09:50:24,127900.0,2600,Buy,227942337
2024-08-01 09:50:25,127900.0,400,Sell,227942358
2024-08-01 09:50:28,127900.0,800,Sell,227942386
2024-08-01 09:50:38,127900.0,4000,Sell,227942548
2024-08-01 09:50:44,127900.0,300,Sell,227942654
2024-08-01 09:50:46,127900.0,100,Sell,227942709
2024-08-01 09:50:50,128000.0,100,Buy,227942776
2024-08-01 09:50:50,127900.0,900,Sell,227942777
2024-08-01 09:50:55,127900.0,1000,Sell,227942872
2024-08-01 09:50:57,128000.0,200,Buy,227942897
2024-08-01 09:51:05,127900.0,600,Sell,227943058
2024-08-01 09:51:17,127900.0,1000,Sell,227943235
2024-08-01 09:51:29,127900.0,100,Sell,227943458
2024-08-01 09:51:29,127900.0,700,Sell,227943459
2024-08-01 09:51:32,127900.0,400,Sell,227943529
2024-08-01 09:51:36,127900.0,600,Sell,227943606
2024-08-01 09:51:36,127900.0,200,Sell,227943605
2024-08-01 09:51:36,127900.0,1000,Sell,227943604
2024-08-01 09:51:36,127900.0,100,Sell,227943601
2024-08-01 09:51:36,127900.0,5000,Sell,227943600
2024-08-01 09:51:36,127900.0,1900,Sell,227943599
2024-08-01 09:51:36,127900.0,100,Sell,227943602
2024-08-01 09:51:36,127900.0,600,Sell,227943603
2024-08-01 09:51:44,127900.0,100,Sell,227943819
2024-08-01 09:51:47,127900.0,900,Buy,227943854
2024-08-01 09:51:54,128000.0,100,Buy,227943953
2024-08-01 09:52:02,127900.0,100,Sell,227944095
2024-08-01 09:52:06,127900.0,400,Sell,227944189
2024-08-01 09:52:07,127900.0,600,Sell,227944195
2024-08-01 09:52:10,127900.0,900,Sell,227944268
2024-08-01 09:52:12,128000.0,200,Buy,227944308
2024-08-01 09:52:20,128000.0,200,Buy,227944476
2024-08-01 09:52:30,127900.0,800,Sell,227944755
2024-08-01 09:52:33,127900.0,400,Sell,227944825
2024-08-01 09:52:37,128000.0,100,Buy,227944876
2024-08-01 09:52:39,127900.0,1000,Sell,227944888
2024-08-01 09:52:39,127900.0,100,Sell,227944890
2024-08-01 09:52:40,128000.0,100,Buy,227944896
2024-08-01 09:52:40,127900.0,400,Sell,227944897
2024-08-01 09:53:05,127900.0,1000,Sell,227945426
2024-08-01 09:53:10,127900.0,200,Sell,227945547
2024-08-01 09:53:11,128000.0,2000,Buy,227945572
2024-08-01 09:53:12,127900.0,600,Sell,227945587
2024-08-01 09:53:13,127900.0,400,Sell,227945609
2024-08-01 09:53:21,127900.0,700,Sell,227945736
2024-08-01 09:53:22,128000.0,11400,Buy,227945750
2024-08-01 09:53:22,128000.0,100,Buy,227945749
2024-08-01 09:53:22,128000.0,1000,Buy,227945748
2024-08-01 09:53:22,128000.0,4500,Buy,227945746
2024-08-01 09:53:22,128000.0,2000,Buy,227945747
2024-08-01 09:53:23,128000.0,3000,Buy,227945791
2024-08-01 09:53:24,128000.0,200,Buy,227945819
2024-08-01 09:53:24,128000.0,600,Buy,227945818
2024-08-01 09:53:24,128000.0,100,Buy,227945810
2024-08-01 09:53:24,128000.0,100,Buy,227945816
2024-08-01 09:53:24,128000.0,400,Buy,227945815
2024-08-01 09:53:24,128000.0,900,Buy,227945813
2024-08-01 09:53:24,128000.0,200,Buy,227945812
2024-08-01 09:53:24,128000.0,200,Buy,227945811
2024-08-01 09:53:24,128000.0,500,Buy,227945809
2024-08-01 09:53:24,128000.0,100,Buy,227945817
2024-08-01 09:53:24,128000.0,1000,Buy,227945807
2024-08-01 09:53:24,128000.0,400,Buy,227945808
2024-08-01 09:53:24,128000.0,35600,Buy,227945799
2024-08-01 09:53:24,128000.0,400,Buy,227945800
2024-08-01 09:53:24,128000.0,200,Buy,227945801
2024-08-01 09:53:24,128000.0,200,Buy,227945802
2024-08-01 09:53:24,128000.0,100,Buy,227945814
2024-08-01 09:53:24,128000.0,100,Buy,227945803
2024-08-01 09:53:24,128000.0,300,Buy,227945804
2024-08-01 09:53:24,128000.0,100,Buy,227945805
2024-08-01 09:53:24,128000.0,100,Buy,227945806
2024-08-01 09:53:28,128000.0,100,Sell,227945891
2024-08-01 09:53:30,128100.0,400,Buy,227945921
2024-08-01 09:53:30,128100.0,900,Buy,227945922
2024-08-01 09:53:30,128100.0,1300,Buy,227945923
2024-08-01 09:53:30,128100.0,100,Buy,227945924
2024-08-01 09:53:30,128100.0,300,Buy,227945925
2024-08-01 09:53:30,128100.0,100,Sell,227945975
2024-08-01 09:53:32,128100.0,900,Sell,227946009
2024-08-01 09:53:32,128100.0,900,Sell,227946017
2024-08-01 09:53:41,128200.0,1100,Buy,227946221
2024-08-01 09:53:41,128200.0,3000,Buy,227946220
2024-08-01 09:53:41,128200.0,200,Buy,227946219
2024-08-01 09:53:41,128200.0,300,Buy,227946218
2024-08-01 09:53:41,128200.0,100,Buy,227946190
2024-08-01 09:53:41,128200.0,200,Buy,227946189
2024-08-01 09:53:41,128200.0,100,Buy,227946188
2024-08-01 09:53:42,128100.0,1200,Sell,227946287
2024-08-01 09:53:44,128200.0,1000,Buy,227946302
2024-08-01 09:53:46,128200.0,400,Sell,227946370
2024-08-01 09:53:55,128300.0,500,Buy,227946569
2024-08-01 09:53:57,128300.0,200,Buy,227946603
2024-08-01 09:53:59,128300.0,500,Buy,227946657
2024-08-01 09:53:59,128300.0,1000,Buy,227946658
2024-08-01 09:54:00,128300.0,7400,Sell,227946669
2024-08-01 09:54:01,128400.0,200,Buy,227946728
2024-08-01 09:54:01,128400.0,300,Buy,227946729
2024-08-01 09:54:02,128300.0,300,Sell,227946750
2024-08-01 09:54:10,128300.0,5000,Sell,227946954
2024-08-01 09:54:11,128300.0,900,Sell,227946962
2024-08-01 09:54:12,128200.0,600,Sell,227946996
2024-08-01 09:54:13,128200.0,5000,Sell,227947004
2024-08-01 09:54:13,128200.0,500,Sell,227947005
2024-08-01 09:54:13,128200.0,200,Sell,227947006
2024-08-01 09:54:14,128100.0,2000,Sell,227947022
2024-08-01 09:54:14,128100.0,100,Sell,227947023
2024-08-01 09:54:14,128000.0,2900,Sell,227947024
2024-08-01 09:54:16,128100.0,100,Sell,227947068
2024-08-01 09:54:18,128400.0,100,Buy,227947102
2024-08-01 09:54:19,128000.0,5000,Sell,227947111
2024-08-01 09:54:19,128000.0,5200,Sell,227947108
2024-08-01 09:54:19,128000.0,9000,Sell,227947109
2024-08-01 09:54:19,128000.0,100,Sell,227947110
2024-08-01 09:54:24,127900.0,500,Sell,227947256
2024-08-01 09:54:24,127900.0,500,Sell,227947255
2024-08-01 09:54:24,127900.0,100,Sell,227947254
2024-08-01 09:54:24,127900.0,5000,Sell,227947253
2024-08-01 09:54:24,127900.0,1500,Sell,227947250
2024-08-01 09:54:24,127900.0,5000,Sell,227947251
2024-08-01 09:54:24,128000.0,3900,Buy,227947248
2024-08-01 09:54:24,128000.0,400,Buy,227947247
2024-08-01 09:54:24,128000.0,700,Buy,227947246
2024-08-01 09:54:24,127900.0,200,Sell,227947252
2024-08-01 09:54:33,127900.0,800,Buy,227947471
2024-08-01 09:54:35,128000.0,1100,Buy,227947503
2024-08-01 09:54:35,128000.0,1000,Buy,227947504
2024-08-01 09:54:35,128000.0,5000,Buy,227947505
2024-08-01 09:54:35,128000.0,2900,Sell,227947514
2024-08-01 09:54:35,127900.0,100,Sell,227947515
2024-08-01 09:54:38,127900.0,800,Sell,227947544
2024-08-01 09:54:40,128000.0,100,Sell,227947630
2024-08-01 09:54:43,128000.0,100,Buy,227947679
2024-08-01 09:54:47,128000.0,2000,Buy,227947780
2024-08-01 09:54:47,128000.0,4800,Buy,227947779
2024-08-01 09:54:47,128000.0,100,Buy,227947781
2024-08-01 09:54:51,128000.0,900,Sell,227947895
2024-08-01 09:54:53,128000.0,400,Sell,227947940
2024-08-01 09:54:54,128000.0,100,Sell,227947958
2024-08-01 09:54:54,128000.0,400,Sell,227947945
2024-08-01 09:54:54,128000.0,1400,Sell,227947956
2024-08-01 09:54:54,128000.0,500,Sell,227947957
2024-08-01 09:54:57,128000.0,4900,Sell,227948035
2024-08-01 09:54:57,128000.0,5000,Sell,227948010
2024-08-01 09:55:03,128100.0,1000,Buy,227948206
2024-08-01 09:55:07,128000.0,9000,Sell,227948288
2024-08-01 09:55:10,128000.0,500,Sell,227948354
2024-08-01 09:55:11,128000.0,500,Sell,227948398
2024-08-01 09:55:11,128000.0,500,Sell,227948399
2024-08-01 09:55:14,128000.0,500,Sell,227948454
2024-08-01 09:55:17,127900.0,600,Sell,227948518
2024-08-01 09:55:18,127900.0,1000,Sell,227948559
2024-08-01 09:55:22,128000.0,4500,Buy,227948631
2024-08-01 09:55:22,128000.0,5000,Buy,227948632
2024-08-01 09:55:22,128000.0,100,Buy,227948633
2024-08-01 09:55:25,128000.0,400,Sell,227948728
2024-08-01 09:55:25,128000.0,600,Sell,227948729
2024-08-01 09:55:26,128000.0,1400,Sell,227948735
2024-08-01 09:55:28,128000.0,2000,Buy,227948820
2024-08-01 09:55:28,128000.0,400,Buy,227948821
2024-08-01 09:55:28,128000.0,3600,Buy,227948819
2024-08-01 09:55:29,128000.0,4000,Sell,227948825
2024-08-01 09:55:34,128000.0,1000,Buy,227948983
2024-08-01 09:55:36,128000.0,3000,Sell,227949025
2024-08-01 09:55:38,128000.0,800,Sell,227949069
2024-08-01 09:55:38,128000.0,1200,Sell,227949073
2024-08-01 09:55:39,128000.0,4000,Sell,227949121
2024-08-01 09:55:39,128000.0,1000,Sell,227949122
2024-08-01 09:55:43,128000.0,2000,Sell,227949214
2024-08-01 09:55:46,128000.0,1000,Sell,227949318
2024-08-01 09:55:46,128000.0,2000,Sell,227949322
2024-08-01 09:55:46,128000.0,2000,Sell,227949341
2024-08-01 09:55:46,128000.0,1000,Sell,227949342
2024-08-01 09:55:47,128000.0,100,Sell,227949372
2024-08-01 09:55:49,128000.0,8900,Sell,227949424
2024-08-01 09:55:49,128000.0,500,Sell,227949425
2024-08-01 09:55:53,128000.0,200,Buy,227949515
2024-08-01 09:55:54,128000.0,400,Buy,227949553
2024-08-01 09:55:55,128000.0,1000,Sell,227949565
2024-08-01 09:55:56,128000.0,2100,Sell,227949608
2024-08-01 09:55:56,128000.0,500,Buy,227949632
2024-08-01 09:55:57,128000.0,300,Buy,227949658
2024-08-01 09:55:57,128000.0,1100,Buy,227949663
2024-08-01 09:55:57,128000.0,2000,Buy,227949665
2024-08-01 09:55:57,128000.0,100,Buy,227949666
2024-08-01 09:55:58,128000.0,6800,Sell,227949699
2024-08-01 09:55:58,128000.0,2000,Sell,227949700
2024-08-01 09:56:00,128000.0,2000,Buy,227949762
2024-08-01 09:56:04,128000.0,100,Buy,227949922
2024-08-01 09:56:10,128000.0,20000,Buy,227950118
2024-08-01 09:56:12,128000.0,200,Buy,227950139
2024-08-01 09:56:13,128000.0,10000,Buy,227950154
2024-08-01 09:56:14,128000.0,400,Buy,227950202
2024-08-01 09:56:14,128000.0,700,Buy,227950203
2024-08-01 09:56:14,128000.0,8900,Buy,227950201
2024-08-01 09:56:17,128000.0,200,Buy,227950247
2024-08-01 09:56:17,128000.0,100,Buy,227950248
2024-08-01 09:56:18,128000.0,300,Sell,227950268
2024-08-01 09:56:23,128000.0,600,Sell,227950440
2024-08-01 09:56:26,128000.0,1000,Sell,227950500
2024-08-01 09:56:26,128000.0,100,Sell,227950563
2024-08-01 09:56:28,128000.0,100,Sell,227950608
2024-08-01 09:56:34,128000.0,100,Sell,227950817
2024-08-01 09:56:34,128000.0,400,Sell,227950831
2024-08-01 09:56:35,128000.0,400,Sell,227950840
2024-08-01 09:56:36,128000.0,1000,Sell,227950875
2024-08-01 09:56:36,128000.0,900,Sell,227950874
2024-08-01 09:56:36,128000.0,5000,Sell,227950871
2024-08-01 09:56:36,128000.0,3400,Sell,227950872
2024-08-01 09:56:36,128000.0,10000,Sell,227950873
2024-08-01 09:56:36,128000.0,6700,Sell,227950870
2024-08-01 09:56:40,127900.0,900,Sell,227950998
2024-08-01 09:56:44,128000.0,300,Buy,227951145
2024-08-01 09:56:44,128000.0,1000,Buy,227951146
2024-08-01 09:56:44,128000.0,2000,Buy,227951147
2024-08-01 09:56:44,128000.0,5000,Buy,227951148
2024-08-01 09:56:46,128000.0,300,Sell,227951187
2024-08-01 09:56:47,128000.0,200,Sell,227951266
2024-08-01 09:57:00,128000.0,1200,Sell,227951774
2024-08-01 09:57:00,128000.0,800,Sell,227951775
2024-08-01 09:57:03,128000.0,1000,Sell,227951883
2024-08-01 09:57:04,128000.0,100,Sell,227951917
2024-08-01 09:57:05,128000.0,1000,Sell,227951949
2024-08-01 09:57:07,128000.0,400,Sell,227951984
2024-08-01 09:57:11,128000.0,200,Sell,227952064
2024-08-01 09:57:11,128100.0,600,Buy,227952066
2024-08-01 09:57:14,128000.0,5700,Sell,227952222
2024-08-01 09:57:22,128000.0,100,Sell,227952524
2024-08-01 09:57:22,128000.0,100,Sell,227952525
2024-08-01 09:57:22,128000.0,800,Sell,227952523
2024-08-01 09:57:26,128000.0,200,Sell,227952653
2024-08-01 09:57:26,128000.0,800,Sell,227952654
2024-08-01 09:57:29,128000.0,600,Sell,227952738
2024-08-01 09:57:32,128000.0,900,Sell,227952842
2024-08-01 09:57:41,128000.0,300,Sell,227953197
2024-08-01 09:57:43,128100.0,100,Buy,227953241
2024-08-01 09:57:46,128000.0,800,Sell,227953371
2024-08-01 09:57:48,128000.0,600,Sell,227953494
2024-08-01 09:57:56,128000.0,100,Sell,227953720
2024-08-01 09:57:58,128000.0,100,Sell,227953802
2024-08-01 09:57:58,128000.0,100,Sell,227953803
2024-08-01 09:57:58,128000.0,1700,Sell,227953800
2024-08-01 09:57:58,128000.0,1100,Sell,227953801
2024-08-01 09:58:05,128000.0,1000,Buy,227954028
2024-08-01 09:58:05,128000.0,2000,Buy,227954027
2024-08-01 09:58:14,128000.0,400,Sell,227954220
2024-08-01 09:58:19,128000.0,200,Sell,227954379
2024-08-01 09:58:23,128000.0,2000,Sell,227954485
2024-08-01 09:58:24,128000.0,3500,Sell,227954510
2024-08-01 09:58:24,128000.0,100,Sell,227954516
2024-08-01 09:58:26,128000.0,800,Sell,227954552
2024-08-01 09:58:26,128000.0,200,Sell,227954553
2024-08-01 09:58:27,128000.0,1800,Sell,227954618
2024-08-01 09:58:27,128000.0,500,Sell,227954619
2024-08-01 09:58:27,128000.0,100,Sell,227954620
2024-08-01 09:58:30,127900.0,100,Sell,227954839
2024-08-01 09:58:30,127900.0,500,Sell,227954840
2024-08-01 09:58:37,128000.0,100,Buy,227955075
2024-08-01 09:58:48,127900.0,800,Sell,227955504
2024-08-01 09:58:49,127900.0,400,Sell,227955566
2024-08-01 09:58:54,127900.0,900,Sell,227955798
2024-08-01 09:59:09,127900.0,1000,Sell,227956290
2024-08-01 09:59:20,127900.0,1000,Sell,227956640
2024-08-01 09:59:23,127900.0,400,Sell,227956810
2024-08-01 09:59:33,127900.0,200,Sell,227957240
2024-08-01 09:59:33,127900.0,300,Sell,227957241
2024-08-01 09:59:33,127900.0,100,Sell,227957242
2024-08-01 09:59:38,127900.0,100,Sell,227957373
2024-08-01 09:59:47,127900.0,1000,Sell,227957761
2024-08-01 09:59:50,127900.0,200,Sell,227958028
2024-08-01 09:59:51,127900.0,800,Sell,227958050
2024-08-01 09:59:56,127900.0,400,Sell,227958214
2024-08-01 10:00:10,127900.0,200,Sell,227958645
2024-08-01 10:00:10,127900.0,100,Sell,227958639
2024-08-01 10:00:13,127900.0,900,Sell,227958765
2024-08-01 10:00:18,128000.0,100,Buy,227958897
2024-08-01 10:00:20,127900.0,600,Sell,227958956
2024-08-01 10:00:21,127900.0,300,Sell,227958986
2024-08-01 10:00:25,128000.0,400,Buy,227959146
2024-08-01 10:00:25,128000.0,600,Buy,227959147
2024-08-01 10:00:25,128000.0,400,Buy,227959148
2024-08-01 10:00:25,128000.0,300,Buy,227959149
2024-08-01 10:00:25,128000.0,100,Buy,227959150
2024-08-01 10:00:25,128000.0,100,Buy,227959151
2024-08-01 10:00:25,128000.0,100,Buy,227959152
2024-08-01 10:00:32,127900.0,100,Sell,227959413
2024-08-01 10:00:36,127900.0,600,Sell,227959540
2024-08-01 10:00:41,127900.0,1000,Sell,227959672
2024-08-01 10:00:48,128000.0,100,Buy,227959973
2024-08-01 10:00:56,127900.0,800,Sell,227960224
2024-08-01 10:00:59,128000.0,100,Buy,227960294
2024-08-01 10:01:16,128000.0,400,Buy,227961026
2024-08-01 10:01:19,127900.0,200,Sell,227961147
2024-08-01 10:01:20,128000.0,800,Buy,227961167
2024-08-01 10:01:24,128000.0,1000,Buy,227961342
2024-08-01 10:01:24,128000.0,100,Buy,227961337
2024-08-01 10:01:24,128000.0,400,Buy,227961340
2024-08-01 10:01:24,128000.0,100,Buy,227961339
2024-08-01 10:01:24,128000.0,1000,Buy,227961338
2024-08-01 10:01:24,128000.0,500,Buy,227961336
2024-08-01 10:01:24,128000.0,500,Buy,227961341
2024-08-01 10:01:24,128000.0,200,Buy,227961334
2024-08-01 10:01:24,128000.0,500,Buy,227961328
2024-08-01 10:01:24,128000.0,2000,Buy,227961329
2024-08-01 10:01:24,128000.0,800,Buy,227961330
2024-08-01 10:01:24,128000.0,100,Buy,227961335
2024-08-01 10:01:24,128000.0,500,Buy,227961332
2024-08-01 10:01:24,128000.0,400,Buy,227961333
2024-08-01 10:01:24,128000.0,100,Buy,227961331
2024-08-01 10:01:26,128000.0,100,Sell,227961380
2024-08-01 10:01:26,128000.0,200,Sell,227961387
2024-08-01 10:01:32,128000.0,100,Sell,227961629
2024-08-01 10:01:32,128000.0,200,Sell,227961612
2024-08-01 10:01:33,128000.0,900,Sell,227961695
2024-08-01 10:01:36,128000.0,300,Sell,227961898
2024-08-01 10:01:38,127900.0,600,Sell,227961988
2024-08-01 10:02:00,127900.0,800,Sell,227962792
2024-08-01 10:02:01,127900.0,1000,Sell,227962836
2024-08-01 10:02:05,127900.0,100,Sell,227963000
2024-08-01 10:02:09,127900.0,400,Sell,227963209
2024-08-01 10:02:28,127900.0,1000,Sell,227963957
2024-08-01 10:02:36,127900.0,100,Sell,227964263
2024-08-01 10:02:41,127900.0,300,Sell,227964442
2024-08-01 10:02:42,127900.0,600,Sell,227964463
2024-08-01 10:02:43,127900.0,400,Sell,227964489
2024-08-01 10:02:47,127900.0,200,Sell,227964606
2024-08-01 10:02:47,127900.0,2600,Sell,227964612
2024-08-01 10:02:53,127900.0,200,Sell,227965042
2024-08-01 10:02:53,127900.0,100,Sell,227965043
2024-08-01 10:02:53,127900.0,100,Sell,227965044
2024-08-01 10:02:54,127900.0,900,Sell,227965064
2024-08-01 10:02:58,127900.0,1000,Sell,227965158
2024-08-01 10:03:03,127900.0,200,Sell,227965411
2024-08-01 10:03:03,127900.0,200,Sell,227965412
2024-08-01 10:03:03,127900.0,400,Sell,227965413
2024-08-01 10:03:09,127900.0,500,Sell,227965743
2024-08-01 10:03:10,128000.0,100,Buy,227965812
2024-08-01 10:03:23,127900.0,300,Sell,227966462
2024-08-01 10:03:28,127900.0,4300,Sell,227966618
2024-08-01 10:03:28,127900.0,700,Sell,227966619
2024-08-01 10:03:28,127900.0,800,Sell,227966604
2024-08-01 10:03:28,127900.0,700,Sell,227966605
2024-08-01 10:03:32,127900.0,300,Sell,227966722
2024-08-01 10:03:42,127900.0,600,Sell,227967251
2024-08-01 10:03:44,127900.0,500,Sell,227967336
2024-08-01 10:03:44,127900.0,100,Sell,227967337
2024-08-01 10:03:47,127900.0,200,Sell,227967436
2024-08-01 10:03:47,127900.0,300,Sell,227967437
2024-08-01 10:03:48,127900.0,1000,Sell,227967463
2024-08-01 10:03:50,127900.0,400,Sell,227967655
2024-08-01 10:03:55,127900.0,400,Sell,227967919
2024-08-01 10:03:55,127900.0,1000,Sell,227967920
2024-08-01 10:03:55,127900.0,2100,Sell,227967921
2024-08-01 10:03:55,127900.0,100,Sell,227967922
2024-08-01 10:04:02,127900.0,9900,Sell,227968183
2024-08-01 10:04:02,127900.0,100,Sell,227968184
2024-08-01 10:04:05,128000.0,700,Buy,227968323
2024-08-01 10:04:07,127900.0,800,Sell,227968442
2024-08-01 10:04:08,127900.0,1000,Sell,227968471
2024-08-01 10:04:15,127900.0,200,Sell,227968893
2024-08-01 10:04:15,127900.0,100,Sell,227968894
2024-08-01 10:04:15,127900.0,700,Sell,227968895
2024-08-01 10:04:21,127900.0,300,Sell,227969245
2024-08-01 10:04:21,127900.0,9700,Sell,227969246
2024-08-01 10:04:23,127900.0,100,Sell,227969291
2024-08-01 10:04:24,127900.0,200,Sell,227969356
2024-08-01 10:04:28,127800.0,100,Sell,227969531
2024-08-01 10:04:28,127800.0,100,Sell,227969532
2024-08-01 10:04:28,127800.0,100,Sell,227969533
2024-08-01 10:04:28,127800.0,200,Sell,227969534
2024-08-01 10:04:30,127800.0,100,Sell,227969601
2024-08-01 10:04:42,127800.0,100,Sell,227970088
2024-08-01 10:04:42,127800.0,200,Sell,227970089
2024-08-01 10:04:42,127800.0,100,Sell,227970086
2024-08-01 10:04:42,127800.0,500,Sell,227970087
2024-08-01 10:04:43,127900.0,200,Buy,227970138
2024-08-01 10:04:43,127900.0,7000,Buy,227970139
2024-08-01 10:04:46,127900.0,600,Sell,227970247
2024-08-01 10:04:53,127900.0,1000,Sell,227970568
2024-08-01 10:04:57,127900.0,300,Sell,227970721
2024-08-01 10:04:58,127900.0,400,Sell,227970739
2024-08-01 10:05:03,127900.0,300,Sell,227971034
2024-08-01 10:05:07,127900.0,200,Sell,227971155
2024-08-01 10:05:07,127900.0,800,Sell,227971156
2024-08-01 10:05:08,127900.0,500,Sell,227971197
2024-08-01 10:05:08,127900.0,800,Sell,227971224
2024-08-01 10:05:09,127900.0,1000,Sell,227971278
2024-08-01 10:05:15,127900.0,3000,Sell,227971498
2024-08-01 10:05:28,127900.0,200,Sell,227972154
2024-08-01 10:05:30,127900.0,400,Sell,227972273
2024-08-01 10:05:30,127900.0,300,Sell,227972248
2024-08-01 10:05:30,128000.0,100,Buy,227972255
2024-08-01 10:05:33,127900.0,5100,Sell,227972317
2024-08-01 10:05:33,127900.0,500,Sell,227972318
2024-08-01 10:05:33,127900.0,2100,Sell,227972319
2024-08-01 10:05:37,127900.0,100,Buy,227972585
2024-08-01 10:05:45,127800.0,300,Sell,227972998
2024-08-01 10:05:47,127800.0,300,Sell,227973070
2024-08-01 10:05:47,127800.0,200,Sell,227973068
2024-08-01 10:05:47,127800.0,100,Sell,227973069
2024-08-01 10:05:56,127800.0,100,Sell,227973649
2024-08-01 10:05:57,127900.0,1000,Buy,227973685
2024-08-01 10:06:04,127800.0,100,Sell,227973905
2024-08-01 10:06:04,127800.0,400,Sell,227973942
2024-08-01 10:06:11,127800.0,800,Sell,227974234
2024-08-01 10:06:25,127800.0,300,Sell,227974848
2024-08-01 10:06:29,127800.0,1000,Sell,227974982
2024-08-01 10:06:30,127800.0,600,Sell,227975015
2024-08-01 10:06:34,127800.0,5000,Sell,227975194
2024-08-01 10:06:38,127800.0,100,Sell,227975271
2024-08-01 10:06:38,127800.0,400,Sell,227975268
2024-08-01 10:06:43,127800.0,1000,Sell,227975458
2024-08-01 10:06:44,127800.0,1000,Sell,227975485
2024-08-01 10:06:53,127800.0,600,Sell,227975751
2024-08-01 10:06:55,127800.0,1000,Sell,227975867
2024-08-01 10:06:57,127800.0,100,Sell,227975961
2024-08-01 10:06:57,127800.0,6900,Sell,227975946
2024-08-01 10:06:59,127800.0,1000,Sell,227976025
2024-08-01 10:07:00,127800.0,3300,Sell,227976049
2024-08-01 10:07:00,127800.0,500,Sell,227976050
2024-08-01 10:07:00,127800.0,200,Sell,227976051
2024-08-01 10:07:01,127800.0,2100,Sell,227976156
2024-08-01 10:07:01,127800.0,2100,Sell,227976157
2024-08-01 10:07:01,127800.0,100,Sell,227976158
2024-08-01 10:07:01,127800.0,700,Sell,227976159
2024-08-01 10:07:04,127800.0,200,Sell,227976228
2024-08-01 10:07:08,127800.0,1000,Sell,227976371
2024-08-01 10:07:11,127800.0,200,Sell,227976464
2024-08-01 10:07:11,127800.0,700,Sell,227976465
2024-08-01 10:07:12,127800.0,400,Sell,227976482
2024-08-01 10:07:13,127800.0,300,Sell,227976551
2024-08-01 10:07:16,127800.0,4200,Sell,227976623
2024-08-01 10:07:16,127800.0,100,Sell,227976624
2024-08-01 10:07:16,127800.0,700,Sell,227976619
2024-08-01 10:07:21,127800.0,300,Sell,227976850
2024-08-01 10:07:22,127800.0,900,Sell,227976867
2024-08-01 10:07:32,127800.0,800,Sell,227977211
2024-08-01 10:07:32,127800.0,1200,Sell,227977212
2024-08-01 10:07:32,127800.0,900,Sell,227977228
2024-08-01 10:07:45,127800.0,100,Buy,227977640
2024-08-01 10:07:45,127800.0,400,Buy,227977641
2024-08-01 10:07:47,127800.0,600,Sell,227977717
2024-08-01 10:07:49,127800.0,1000,Sell,227977805
2024-08-01 10:07:52,127800.0,300,Sell,227977906
2024-08-01 10:07:55,127800.0,300,Sell,227978004
2024-08-01 10:07:55,127800.0,100,Sell,227978003
2024-08-01 10:07:55,127800.0,4600,Sell,227978002
2024-08-01 10:07:58,127800.0,600,Sell,227978077
2024-08-01 10:08:05,127800.0,300,Sell,227978300
2024-08-01 10:08:05,127800.0,100,Sell,227978299
2024-08-01 10:08:16,127700.0,800,Sell,227978735
2024-08-01 10:08:19,127700.0,400,Sell,227978826
2024-08-01 10:08:19,127800.0,500,Buy,227978845
2024-08-01 10:08:38,127800.0,1100,Buy,227979352
2024-08-01 10:08:38,127800.0,400,Buy,227979353
2024-08-01 10:08:41,127800.0,500,Buy,227979443
2024-08-01 10:08:41,127800.0,100,Buy,227979444
2024-08-01 10:08:41,127800.0,200,Buy,227979445
2024-08-01 10:08:41,127800.0,1000,Buy,227979446
2024-08-01 10:08:41,127800.0,500,Buy,227979447
2024-08-01 10:08:43,127800.0,900,Sell,227979510
2024-08-01 10:08:47,127800.0,100,Sell,227979669
2024-08-01 10:08:47,127800.0,100,Sell,227979668
2024-08-01 10:08:47,127800.0,1800,Sell,227979667
2024-08-01 10:08:52,127800.0,400,Sell,227979824
2024-08-01 10:08:53,127800.0,5000,Sell,227979834
2024-08-01 10:09:01,127800.0,600,Sell,227980072
2024-08-01 10:09:10,127800.0,300,Sell,227980376
2024-08-01 10:09:10,127800.0,700,Sell,227980377
2024-08-01 10:09:16,127800.0,1400,Sell,227980537
2024-08-01 10:09:16,127800.0,1600,Sell,227980538
2024-08-01 10:09:17,127800.0,100,Sell,227980586
2024-08-01 10:09:20,127800.0,900,Sell,227980683
2024-08-01 10:09:20,127800.0,7400,Sell,227980704
2024-08-01 10:09:20,127800.0,100,Sell,227980705
2024-08-01 10:09:20,127800.0,400,Sell,227980706
2024-08-01 10:09:24,127800.0,100,Sell,227980825
2024-08-01 10:09:25,127800.0,100,Sell,227980844
2024-08-01 10:09:25,127800.0,100,Sell,227980843
2024-08-01 10:09:25,127800.0,200,Sell,227980842
2024-08-01 10:09:25,127800.0,600,Sell,227980840
2024-08-01 10:09:25,127800.0,1900,Sell,227980841
2024-08-01 10:09:25,127800.0,1500,Sell,227980839
2024-08-01 10:09:30,127800.0,200,Buy,227980952
2024-08-01 10:09:37,127700.0,200,Sell,227981176
2024-08-01 10:09:43,127800.0,300,Buy,227981315
2024-08-01 10:09:43,127800.0,1700,Buy,227981316
2024-08-01 10:09:43,127800.0,500,Buy,227981317
2024-08-01 10:09:43,127800.0,200,Buy,227981318
2024-08-01 10:09:43,127800.0,1000,Buy,227981319
2024-08-01 10:09:43,127800.0,100,Buy,227981320
2024-08-01 10:09:43,127800.0,100,Buy,227981321
2024-08-01 10:09:46,127800.0,1100,Sell,227981443
2024-08-01 10:09:46,127700.0,400,Sell,227981444
2024-08-01 10:09:57,127700.0,100,Sell,227981723
2024-08-01 10:09:59,127700.0,400,Sell,227981798
2024-08-01 10:10:02,127700.0,600,Sell,227981843
2024-08-01 10:10:03,127700.0,900,Sell,227981869
2024-08-01 10:10:04,127700.0,100,Sell,227981872
2024-08-01 10:10:06,127800.0,100,Sell,227981911
2024-08-01 10:10:09,127800.0,1000,Sell,227981983
2024-08-01 10:10:12,127800.0,200,Sell,227982084
2024-08-01 10:10:12,127800.0,200,Buy,227982093
2024-08-01 10:10:17,127800.0,100,Sell,227982209
2024-08-01 10:10:18,127800.0,1000,Sell,227982246
2024-08-01 10:10:18,127800.0,2700,Sell,227982244
2024-08-01 10:10:18,127800.0,200,Sell,227982245
2024-08-01 10:10:26,127700.0,800,Sell,227982427
2024-08-01 10:10:31,127700.0,300,Sell,227982536
2024-08-01 10:10:31,127700.0,200,Sell,227982537
2024-08-01 10:10:31,127700.0,500,Sell,227982538
2024-08-01 10:10:32,127700.0,300,Sell,227982572
2024-08-01 10:10:37,127700.0,200,Sell,227982688
2024-08-01 10:10:37,127700.0,100,Sell,227982698
2024-08-01 10:10:38,127700.0,600,Sell,227982733
2024-08-01 10:10:38,127700.0,400,Sell,227982734
2024-08-01 10:10:38,127700.0,400,Sell,227982735
2024-08-01 10:10:38,127700.0,600,Sell,227982736
2024-08-01 10:10:38,127700.0,800,Sell,227982737
2024-08-01 10:10:38,127700.0,300,Sell,227982741
2024-08-01 10:10:38,127700.0,100,Sell,227982739
2024-08-01 10:10:38,127700.0,200,Sell,227982740
2024-08-01 10:10:38,127700.0,100,Sell,227982732
2024-08-01 10:10:38,127700.0,200,Sell,227982742
2024-08-01 10:10:38,127700.0,200,Sell,227982738
2024-08-01 10:10:38,127700.0,1000,Sell,227982731
2024-08-01 10:10:38,127800.0,4900,Sell,227982719
2024-08-01 10:10:38,127700.0,100,Sell,227982729
2024-08-01 10:10:38,127700.0,200,Sell,227982730
2024-08-01 10:10:38,127700.0,100,Sell,227982721
2024-08-01 10:10:38,127700.0,100,Sell,227982722
2024-08-01 10:10:38,127700.0,1000,Sell,227982723
2024-08-01 10:10:38,127700.0,900,Sell,227982720
2024-08-01 10:10:38,127700.0,500,Sell,227982725
2024-08-01 10:10:38,127700.0,1000,Sell,227982726
2024-08-01 10:10:38,127700.0,5000,Sell,227982727
2024-08-01 10:10:38,127700.0,600,Sell,227982728
2024-08-01 10:10:38,127700.0,200,Sell,227982724
2024-08-01 10:10:38,127800.0,100,Buy,227982708
2024-08-01 10:10:43,127800.0,300,Buy,227982934
2024-08-01 10:10:57,127700.0,200,Sell,227983207
2024-08-01 10:11:03,127700.0,600,Sell,227983328
2024-08-01 10:11:06,127700.0,400,Sell,227983406
2024-08-01 10:11:10,127700.0,100,Sell,227983462
2024-08-01 10:11:17,127700.0,100,Sell,227983657
2024-08-01 10:11:17,127700.0,100,Sell,227983658
2024-08-01 10:11:23,127700.0,100,Sell,227983767
2024-08-01 10:11:23,127700.0,200,Sell,227983765
2024-08-01 10:11:23,127700.0,100,Sell,227983764
2024-08-01 10:11:23,127700.0,500,Sell,227983766
2024-08-01 10:11:25,127700.0,200,Sell,227983810
2024-08-01 10:11:25,127700.0,600,Sell,227983818
2024-08-01 10:11:25,127700.0,100,Sell,227983817
2024-08-01 10:11:25,127700.0,200,Sell,227983815
2024-08-01 10:11:25,127700.0,700,Sell,227983809
2024-08-01 10:11:25,127700.0,100,Sell,227983813
2024-08-01 10:11:25,127700.0,100,Sell,227983812
2024-08-01 10:11:25,127700.0,100,Sell,227983811
2024-08-01 10:11:25,127700.0,100,Sell,227983814
2024-08-01 10:11:28,127700.0,300,Sell,227983870
2024-08-01 10:11:29,127600.0,200,Sell,227983918
2024-08-01 10:11:29,127600.0,100,Sell,227983917
2024-08-01 10:11:29,127600.0,200,Sell,227983915
2024-08-01 10:11:29,127600.0,100,Sell,227983914
2024-08-01 10:11:29,127600.0,200,Sell,227983916
2024-08-01 10:11:29,127600.0,100,Sell,227983913
2024-08-01 10:11:29,127600.0,200,Sell,227983911
2024-08-01 10:11:29,127700.0,200,Sell,227983910
2024-08-01 10:11:29,127700.0,100,Sell,227983909
2024-08-01 10:11:29,127700.0,1000,Sell,227983908
2024-08-01 10:11:29,127700.0,100,Sell,227983907
2024-08-01 10:11:29,127600.0,500,Sell,227983912
2024-08-01 10:11:30,127600.0,100,Sell,227983936
2024-08-01 10:11:30,127600.0,100,Sell,227983935
2024-08-01 10:11:30,127600.0,100,Sell,227983933
2024-08-01 10:11:30,127600.0,100,Sell,227983932
2024-08-01 10:11:30,127600.0,300,Sell,227983931
2024-08-01 10:11:30,127600.0,100,Sell,227983934
2024-08-01 10:11:38,127700.0,200,Sell,227984127
2024-08-01 10:11:39,127700.0,400,Sell,227984172
2024-08-01 10:11:51,127700.0,1000,Sell,227984507
2024-08-01 10:11:51,127700.0,100,Sell,227984527
2024-08-01 10:11:58,127700.0,200,Sell,227984746
2024-08-01 10:12:07,127700.0,600,Sell,227984971
2024-08-01 10:12:11,127700.0,4500,Sell,227985061
2024-08-01 10:12:14,127700.0,400,Sell,227985120
2024-08-01 10:12:18,127700.0,200,Sell,227985197
2024-08-01 10:12:21,127700.0,1000,Sell,227985250
2024-08-01 10:12:21,127700.0,1000,Sell,227985265
2024-08-01 10:12:31,127700.0,400,Sell,227985445
2024-08-01 10:12:31,127700.0,400,Sell,227985446
2024-08-01 10:12:38,127700.0,200,Sell,227985592
2024-08-01 10:12:45,127700.0,900,Sell,227985681
2024-08-01 10:12:46,127700.0,400,Sell,227985716
2024-08-01 10:12:58,127700.0,200,Sell,227985939
2024-08-01 10:13:04,127700.0,100,Sell,227986014
2024-08-01 10:13:05,127700.0,100,Sell,227986030
2024-08-01 10:13:11,127700.0,1000,Sell,227986124
2024-08-01 10:13:12,127700.0,600,Sell,227986127
2024-08-01 10:13:18,127700.0,200,Sell,227986229
2024-08-01 10:13:20,127700.0,400,Sell,227986270
2024-08-01 10:13:26,127700.0,100,Sell,227986382
2024-08-01 10:13:30,127700.0,300,Sell,227986441
2024-08-01 10:13:33,127700.0,800,Sell,227986468
2024-08-01 10:13:37,127700.0,1000,Sell,227986562
2024-08-01 10:13:39,127700.0,200,Sell,227986617
2024-08-01 10:13:54,127700.0,400,Sell,227986887
2024-08-01 10:13:59,127700.0,200,Sell,227986966
2024-08-01 10:14:01,127700.0,800,Sell,227987001
2024-08-01 10:14:02,127700.0,100,Sell,227987016
2024-08-01 10:14:04,127700.0,900,Sell,227987057
2024-08-01 10:14:08,127800.0,100,Buy,227987100
2024-08-01 10:14:15,127700.0,600,Sell,227987210
2024-08-01 10:14:19,127700.0,200,Sell,227987272
2024-08-01 10:14:28,127700.0,400,Sell,227987408
2024-08-01 10:14:31,127700.0,1000,Sell,227987494
2024-08-01 10:14:36,127700.0,800,Sell,227987566
2024-08-01 10:14:39,127700.0,200,Sell,227987601
2024-08-01 10:14:59,127700.0,1000,Sell,227987978
2024-08-01 10:14:59,127700.0,200,Sell,227987997
2024-08-01 10:15:01,127800.0,200,Buy,227988028
2024-08-01 10:15:01,127700.0,400,Sell,227988031
2024-08-01 10:15:17,127700.0,8300,Sell,227988320
2024-08-01 10:15:17,127700.0,100,Sell,227988321
2024-08-01 10:15:17,127700.0,100,Sell,227988322
2024-08-01 10:15:17,127700.0,1000,Sell,227988323
2024-08-01 10:15:17,127700.0,500,Sell,227988324
2024-08-01 10:15:20,127700.0,100,Sell,227988361
2024-08-01 10:15:20,127700.0,400,Sell,227988362
2024-08-01 10:15:20,127700.0,100,Sell,227988363
2024-08-01 10:15:24,127700.0,200,Sell,227988448
2024-08-01 10:15:25,127800.0,100,Buy,227988462
2024-08-01 10:15:30,127700.0,400,Sell,227988545
2024-08-01 10:15:30,127700.0,100,Sell,227988542
2024-08-01 10:15:30,127700.0,600,Sell,227988543
2024-08-01 10:15:30,127700.0,200,Sell,227988544
2024-08-01 10:15:31,127700.0,100,Sell,227988567
2024-08-01 10:15:35,127700.0,300,Sell,227988633
2024-08-01 10:15:35,127700.0,100,Sell,227988634
2024-08-01 10:15:40,127700.0,300,Sell,227988745
2024-08-01 10:15:40,127700.0,200,Sell,227988746
2024-08-01 10:15:40,127700.0,100,Sell,227988747
2024-08-01 10:15:40,127700.0,100,Sell,227988748
2024-08-01 10:15:40,127700.0,100,Sell,227988749
2024-08-01 10:15:40,127700.0,200,Sell,227988750
2024-08-01 10:15:52,127700.0,100,Sell,227988945
2024-08-01 10:15:52,127700.0,100,Sell,227988944
2024-08-01 10:15:52,127700.0,500,Sell,227988946
2024-08-01 10:15:52,127700.0,300,Sell,227988942
2024-08-01 10:15:52,127700.0,1000,Sell,227988933
2024-08-01 10:15:52,127700.0,200,Sell,227988943
2024-08-01 10:16:00,127700.0,200,Sell,227989082
2024-08-01 10:16:04,127700.0,200,Sell,227989134
2024-08-01 10:16:07,127700.0,400,Sell,227989189
2024-08-01 10:16:12,127700.0,1800,Sell,227989246
2024-08-01 10:16:16,127700.0,1000,Sell,227989296
2024-08-01 10:16:18,127700.0,900,Sell,227989340
2024-08-01 10:16:18,127700.0,100,Sell,227989341
2024-08-01 10:16:20,127700.0,200,Sell,227989371
2024-08-01 10:16:21,127700.0,500,Sell,227989390
2024-08-01 10:16:21,127700.0,100,Sell,227989391
2024-08-01 10:16:40,127700.0,100,Buy,227989794
2024-08-01 10:16:40,127700.0,100,Sell,227989792
2024-08-01 10:16:40,127700.0,100,Sell,227989791
2024-08-01 10:16:40,127700.0,100,Sell,227989790
2024-08-01 10:16:40,127700.0,500,Sell,227989789
2024-08-01 10:16:40,127700.0,100,Sell,227989786
2024-08-01 10:16:40,127700.0,500,Sell,227989788
2024-08-01 10:16:40,127700.0,100,Sell,227989785
2024-08-01 10:16:40,127700.0,200,Sell,227989781
2024-08-01 10:16:40,127700.0,1000,Sell,227989783
2024-08-01 10:16:40,127700.0,100,Sell,227989782
2024-08-01 10:16:40,127700.0,300,Sell,227989780
2024-08-01 10:16:40,127700.0,200,Sell,227989779
2024-08-01 10:16:40,127700.0,500,Sell,227989773
2024-08-01 10:16:40,127700.0,100,Sell,227989772
2024-08-01 10:16:40,127700.0,200,Sell,227989771
2024-08-01 10:16:40,127700.0,100,Sell,227989784
2024-08-01 10:16:54,127700.0,500,Buy,227990022
2024-08-01 10:17:00,127600.0,100,Sell,227990107
2024-08-01 10:17:00,127600.0,100,Sell,227990108
2024-08-01 10:17:12,127600.0,400,Sell,227990418
2024-08-01 10:17:12,127600.0,100,Sell,227990417
2024-08-01 10:17:12,127600.0,100,Sell,227990415
2024-08-01 10:17:12,127600.0,200,Sell,227990414
2024-08-01 10:17:12,127600.0,100,Sell,227990416
2024-08-01 10:17:12,127600.0,100,Sell,227990413
2024-08-01 10:17:16,127600.0,400,Sell,227990484
2024-08-01 10:17:20,127600.0,200,Sell,227990584
2024-08-01 10:17:20,127600.0,100,Sell,227990577
2024-08-01 10:17:23,127700.0,400,Buy,227990638
2024-08-01 10:17:23,127700.0,400,Buy,227990640
2024-08-01 10:17:23,127700.0,200,Buy,227990637
2024-08-01 10:17:23,127700.0,100,Buy,227990639
2024-08-01 10:17:27,127600.0,600,Sell,227990767
2024-08-01 10:17:40,127600.0,300,Sell,227990984
2024-08-01 10:17:40,127600.0,500,Sell,227990985
2024-08-01 10:17:40,127600.0,100,Sell,227990986
2024-08-01 10:17:40,127600.0,100,Sell,227990987
2024-08-01 10:17:40,127600.0,200,Sell,227991007
2024-08-01 10:17:43,127600.0,800,Sell,227991057
2024-08-01 10:17:48,127600.0,200,Sell,227991158
2024-08-01 10:17:48,127600.0,200,Sell,227991159
2024-08-01 10:17:57,127600.0,100,Sell,227991340
2024-08-01 10:18:01,127600.0,200,Sell,227991423
2024-08-01 10:18:07,127600.0,900,Sell,227991557
2024-08-01 10:18:14,127600.0,800,Sell,227991719
2024-08-01 10:18:16,127600.0,4000,Sell,227991784
2024-08-01 10:18:21,127600.0,200,Sell,227991895
2024-08-01 10:18:22,127600.0,400,Sell,227991931
2024-08-01 10:18:26,127600.0,900,Sell,227992051
2024-08-01 10:18:30,127600.0,600,Sell,227992085
2024-08-01 10:18:32,127600.0,1000,Sell,227992132
2024-08-01 10:18:41,127600.0,200,Sell,227992223
2024-08-01 10:18:44,127600.0,500,Sell,227992283
2024-08-01 10:18:44,127600.0,100,Sell,227992284
2024-08-01 10:18:44,127600.0,100,Sell,227992285
2024-08-01 10:18:44,127600.0,100,Sell,227992286
2024-08-01 10:18:45,127600.0,800,Sell,227992305
2024-08-01 10:18:45,127600.0,100,Sell,227992304
2024-08-01 10:18:45,127600.0,100,Sell,227992303
2024-08-01 10:18:45,127600.0,100,Sell,227992302
2024-08-01 10:18:45,127600.0,100,Sell,227992300
2024-08-01 10:18:45,127600.0,200,Sell,227992298
2024-08-01 10:18:45,127600.0,500,Sell,227992301
2024-08-01 10:18:45,127600.0,100,Sell,227992299
2024-08-01 10:18:48,127600.0,200,Sell,227992340
2024-08-01 10:18:56,127600.0,400,Sell,227992520
2024-08-01 10:18:56,127600.0,100,Sell,227992522
2024-08-01 10:19:02,127600.0,1000,Sell,227992651
2024-08-01 10:19:02,127600.0,200,Sell,227992652
2024-08-01 10:19:04,127600.0,200,Sell,227992674
2024-08-01 10:19:11,127600.0,100,Sell,227992804
2024-08-01 10:19:21,127600.0,200,Sell,227993017
2024-08-01 10:19:27,127600.0,200,Sell,227993094
2024-08-01 10:19:27,127600.0,100,Sell,227993095
2024-08-01 10:19:34,127500.0,100,Sell,227993274
2024-08-01 10:19:36,127500.0,200,Sell,227993304
2024-08-01 10:19:36,127500.0,100,Sell,227993303
2024-08-01 10:19:36,127500.0,100,Sell,227993300
2024-08-01 10:19:36,127500.0,100,Sell,227993302
2024-08-01 10:19:36,127500.0,100,Sell,227993301
2024-08-01 10:19:41,127500.0,200,Sell,227993385
2024-08-01 10:19:46,127500.0,400,Sell,227993471
2024-08-01 10:19:48,127500.0,200,Sell,227993536
2024-08-01 10:19:48,127500.0,300,Sell,227993537
2024-08-01 10:19:49,127500.0,800,Sell,227993540
2024-08-01 10:19:53,127500.0,1000,Sell,227993663
2024-08-01 10:20:02,127500.0,200,Sell,227993862
2024-08-01 10:20:02,127500.0,400,Sell,227993879
2024-08-01 10:20:17,127500.0,300,Sell,227994147
2024-08-01 10:20:17,127500.0,200,Sell,227994148
2024-08-01 10:20:21,127500.0,300,Sell,227994245
2024-08-01 10:20:21,127500.0,100,Sell,227994246
2024-08-01 10:20:21,127500.0,100,Sell,227994244
2024-08-01 10:20:21,127500.0,100,Sell,227994242
2024-08-01 10:20:21,127500.0,100,Sell,227994243
2024-08-01 10:20:21,127500.0,300,Sell,227994241
2024-08-01 10:20:22,127500.0,100,Sell,227994266
2024-08-01 10:20:22,127500.0,100,Sell,227994267
2024-08-01 10:20:24,127500.0,100,Sell,227994327
2024-08-01 10:20:28,127500.0,200,Sell,227994363
2024-08-01 10:20:28,127500.0,100,Sell,227994399
2024-08-01 10:20:36,127500.0,200,Sell,227994592
2024-08-01 10:20:36,127500.0,100,Sell,227994593
2024-08-01 10:20:36,127500.0,100,Sell,227994594
2024-08-01 10:20:39,127500.0,100,Sell,227994645
2024-08-01 10:20:41,127500.0,300,Sell,227994688
2024-08-01 10:20:41,127500.0,200,Sell,227994689
2024-08-01 10:20:41,127500.0,100,Sell,227994690
2024-08-01 10:20:42,127600.0,400,Buy,227994733
2024-08-01 10:20:42,127600.0,100,Buy,227994732
2024-08-01 10:20:42,127600.0,400,Buy,227994731
2024-08-01 10:20:42,127500.0,100,Sell,227994729
2024-08-01 10:20:42,127500.0,100,Sell,227994728
2024-08-01 10:20:42,127600.0,600,Buy,227994730
2024-08-01 10:20:44,127600.0,300,Sell,227994774
2024-08-01 10:20:46,127600.0,900,Sell,227994797
2024-08-01 10:20:48,127600.0,200,Sell,227994860
2024-08-01 10:20:50,127600.0,800,Sell,227994886
2024-08-01 10:20:51,127600.0,300,Sell,227994896
2024-08-01 10:21:01,127600.0,3000,Sell,227995100
2024-08-01 10:21:02,127600.0,200,Sell,227995186
2024-08-01 10:21:05,127600.0,500,Sell,227995240
2024-08-01 10:21:09,127600.0,300,Sell,227995337
2024-08-01 10:21:09,127600.0,400,Sell,227995338
2024-08-01 10:21:12,127600.0,1000,Sell,227995386
2024-08-01 10:21:13,127600.0,400,Sell,227995396
2024-08-01 10:21:13,127600.0,600,Sell,227995395
2024-08-01 10:21:22,127600.0,100,Buy,227995536
2024-08-01 10:21:22,127500.0,100,Sell,227995519
2024-08-01 10:21:22,127500.0,100,Sell,227995520
2024-08-01 10:21:24,127600.0,100,Sell,227995575
2024-08-01 10:21:31,127600.0,100,Sell,227995746
2024-08-01 10:21:31,127600.0,500,Sell,227995747
2024-08-01 10:21:31,127600.0,2400,Sell,227995748
2024-08-01 10:21:37,127600.0,100,Sell,227995846
2024-08-01 10:21:40,127600.0,1000,Sell,227995883
2024-08-01 10:21:42,127600.0,200,Sell,227995945
2024-08-01 10:21:43,127600.0,400,Sell,227995975
2024-08-01 10:21:46,127600.0,600,Sell,227996182
2024-08-01 10:21:50,127600.0,800,Sell,227996253
2024-08-01 10:21:58,127700.0,100,Buy,227996422
2024-08-01 10:22:03,127600.0,200,Sell,227996487
2024-08-01 10:22:04,127700.0,100,Buy,227996504
2024-08-01 10:22:04,127600.0,200,Sell,227996499
2024-08-01 10:22:13,127600.0,100,Sell,227996719
2024-08-01 10:22:13,127600.0,400,Sell,227996720
2024-08-01 10:22:13,127600.0,100,Sell,227996718
2024-08-01 10:22:18,127600.0,100,Buy,227996840
2024-08-01 10:22:19,127500.0,100,Sell,227996856
2024-08-01 10:22:19,127500.0,100,Sell,227996857
2024-08-01 10:22:19,127500.0,100,Sell,227996858
2024-08-01 10:22:19,127500.0,100,Sell,227996859
2024-08-01 10:22:19,127500.0,200,Sell,227996860
2024-08-01 10:22:19,127500.0,200,Sell,227996861
2024-08-01 10:22:19,127500.0,200,Sell,227996862
2024-08-01 10:22:20,127600.0,100,Buy,227996882
2024-08-01 10:22:23,127500.0,200,Sell,227996931
2024-08-01 10:22:28,127600.0,300,Buy,227997013
2024-08-01 10:22:28,127600.0,200,Buy,227997014
2024-08-01 10:22:43,127500.0,100,Sell,227997347
2024-08-01 10:22:43,127500.0,100,Sell,227997346
2024-08-01 10:22:44,127700.0,300,Buy,227997374
2024-08-01 10:22:44,127700.0,500,Buy,227997373
2024-08-01 10:22:44,127700.0,1200,Buy,227997372
2024-08-01 10:22:44,127600.0,1100,Buy,227997367
2024-08-01 10:22:44,127700.0,300,Buy,227997370
2024-08-01 10:22:44,127600.0,100,Buy,227997368
2024-08-01 10:22:44,127700.0,500,Buy,227997371
2024-08-01 10:22:44,127600.0,1000,Buy,227997369
2024-08-01 10:22:50,127500.0,100,Sell,227997526
2024-08-01 10:22:50,127500.0,100,Sell,227997527
2024-08-01 10:22:50,127500.0,100,Sell,227997528
2024-08-01 10:22:50,127500.0,500,Sell,227997529
2024-08-01 10:22:51,127500.0,100,Sell,227997537
2024-08-01 10:22:52,127600.0,200,Sell,227997567
2024-08-01 10:22:52,127500.0,400,Sell,227997568
2024-08-01 10:23:00,127500.0,500,Sell,227997714
2024-08-01 10:23:00,127500.0,200,Sell,227997715
2024-08-01 10:23:00,127500.0,100,Sell,227997716
2024-08-01 10:23:00,127500.0,100,Sell,227997717
2024-08-01 10:23:00,127500.0,100,Sell,227997718
2024-08-01 10:23:03,127500.0,200,Sell,227997791
2024-08-01 10:23:23,127500.0,200,Sell,227998267
2024-08-01 10:23:24,127500.0,400,Sell,227998276
2024-08-01 10:23:25,127600.0,200,Buy,227998338
2024-08-01 10:23:43,127500.0,100,Sell,227998658
2024-08-01 10:23:43,127500.0,100,Sell,227998659
2024-08-01 10:23:46,127500.0,100,Sell,227998705
2024-08-01 10:23:54,127500.0,100,Sell,227998824
2024-08-01 10:23:54,127500.0,100,Sell,227998825
2024-08-01 10:23:54,127500.0,200,Sell,227998826
2024-08-01 10:23:54,127500.0,100,Sell,227998827
2024-08-01 10:23:54,127500.0,100,Sell,227998828
2024-08-01 10:23:55,127500.0,600,Sell,227998837
2024-08-01 10:23:55,127500.0,800,Sell,227998838
2024-08-01 10:23:55,127500.0,100,Sell,227998835
2024-08-01 10:23:55,127500.0,200,Sell,227998836
2024-08-01 10:23:55,127500.0,100,Sell,227998834
2024-08-01 10:23:57,127500.0,400,Sell,227998917
2024-08-01 10:23:58,127500.0,100,Sell,227998931
2024-08-01 10:23:58,127500.0,700,Sell,227998932
2024-08-01 10:23:58,127500.0,100,Sell,227998933
2024-08-01 10:23:58,127500.0,1600,Sell,227998934
2024-08-01 10:23:58,127500.0,200,Sell,227998930
2024-08-01 10:24:04,127500.0,200,Sell,227999001
2024-08-01 10:24:04,127500.0,100,Sell,227999012
2024-08-01 10:24:05,127500.0,200,Sell,227999029
2024-08-01 10:24:05,127500.0,200,Sell,227999030
2024-08-01 10:24:05,127500.0,100,Sell,227999031
2024-08-01 10:24:05,127500.0,100,Sell,227999032
2024-08-01 10:24:06,127500.0,300,Sell,227999068
2024-08-01 10:24:08,127500.0,200,Sell,227999102
2024-08-01 10:24:08,127500.0,100,Sell,227999103
2024-08-01 10:24:08,127500.0,100,Sell,227999100
2024-08-01 10:24:08,127500.0,500,Sell,227999101
2024-08-01 10:24:18,127500.0,200,Sell,227999284
2024-08-01 10:24:21,127500.0,300,Sell,227999338
2024-08-01 10:24:21,127500.0,400,Sell,227999363
2024-08-01 10:24:21,127500.0,500,Sell,227999364
2024-08-01 10:24:24,127400.0,200,Sell,227999390
2024-08-01 10:24:31,127400.0,100,Sell,227999508
2024-08-01 10:24:31,127400.0,100,Sell,227999509
2024-08-01 10:24:31,127400.0,100,Sell,227999510
2024-08-01 10:24:31,127400.0,100,Sell,227999511
2024-08-01 10:24:32,127500.0,100,Buy,227999524
2024-08-01 10:24:32,127500.0,100,Buy,227999525
2024-08-01 10:24:43,127400.0,100,Sell,227999764
2024-08-01 10:24:44,127400.0,200,Sell,227999776
2024-08-01 10:24:49,127400.0,800,Sell,227999832
2024-08-01 10:24:49,127400.0,100,Sell,227999831
2024-08-01 10:24:53,127500.0,500,Buy,227999919
2024-08-01 10:24:57,127400.0,400,Sell,227999991
2024-08-01 10:24:57,127400.0,200,Sell,227999988
2024-08-01 10:24:57,127400.0,600,Sell,227999989
2024-08-01 10:24:59,127400.0,200,Buy,228000033
2024-08-01 10:25:04,127300.0,200,Sell,228000163
2024-08-01 10:25:04,127300.0,100,Sell,228000162
2024-08-01 10:25:05,127300.0,100,Sell,228000184
2024-08-01 10:25:05,127300.0,300,Sell,228000185
2024-08-01 10:25:15,127300.0,200,Sell,228000423
2024-08-01 10:25:15,127300.0,200,Sell,228000424
2024-08-01 10:25:15,127300.0,200,Sell,228000425
2024-08-01 10:25:15,127300.0,100,Sell,228000426
2024-08-01 10:25:15,127300.0,300,Sell,228000427
2024-08-01 10:25:18,127300.0,100,Sell,228000503
2024-08-01 10:25:24,127300.0,200,Sell,228000645
2024-08-01 10:25:29,127300.0,700,Sell,228000766
2024-08-01 10:25:29,127300.0,100,Sell,228000765
2024-08-01 10:25:29,127300.0,1000,Sell,228000763
2024-08-01 10:25:29,127300.0,1400,Sell,228000762
2024-08-01 10:25:29,127300.0,100,Sell,228000764
2024-08-01 10:25:37,127300.0,400,Sell,228000919
2024-08-01 10:25:41,127300.0,600,Sell,228000970
2024-08-01 10:25:41,127300.0,100,Sell,228000974
2024-08-01 10:25:41,127300.0,300,Sell,228000995
2024-08-01 10:25:41,127300.0,200,Sell,228000996
2024-08-01 10:25:41,127300.0,200,Sell,228000997
2024-08-01 10:25:41,127300.0,100,Sell,228000998
2024-08-01 10:25:41,127300.0,200,Sell,228000999
2024-08-01 10:25:44,127300.0,100,Sell,228001071
2024-08-01 10:25:44,127300.0,100,Sell,228001072
2024-08-01 10:25:52,127300.0,700,Sell,228001236
2024-08-01 10:25:55,127300.0,200,Sell,228001320
2024-08-01 10:25:59,127300.0,100,Sell,228001433
2024-08-01 10:25:59,127300.0,500,Sell,228001434
2024-08-01 10:26:02,127300.0,100,Sell,228001532
2024-08-01 10:26:02,127300.0,100,Sell,228001529
2024-08-01 10:26:02,127300.0,500,Sell,228001530
2024-08-01 10:26:02,127300.0,200,Sell,228001531
2024-08-01 10:26:04,127300.0,100,Sell,228001587
2024-08-01 10:26:04,127300.0,100,Sell,228001588
2024-08-01 10:26:09,127300.0,100,Sell,228001692
2024-08-01 10:26:09,127300.0,100,Sell,228001693
2024-08-01 10:26:09,127300.0,700,Sell,228001694
2024-08-01 10:26:10,127300.0,100,Sell,228001706
2024-08-01 10:26:11,127300.0,400,Sell,228001793
2024-08-01 10:26:14,127300.0,1000,Sell,228001838
2024-08-01 10:26:14,127200.0,3800,Sell,228001839
2024-08-01 10:26:14,127300.0,100,Buy,228001864
2024-08-01 10:26:15,127400.0,100,Buy,228001894
2024-08-01 10:26:21,127300.0,500,Sell,228002129
2024-08-01 10:26:24,127400.0,100,Buy,228002184
2024-08-01 10:26:26,127400.0,100,Buy,228002279
2024-08-01 10:26:31,127300.0,200,Sell,228002368
2024-08-01 10:26:34,127400.0,100,Buy,228002438
2024-08-01 10:26:38,127300.0,100,Sell,228002476
2024-08-01 10:26:45,127300.0,200,Sell,228002576
2024-08-01 10:26:46,127300.0,400,Sell,228002596
2024-08-01 10:27:01,127300.0,600,Sell,228002950
2024-08-01 10:27:02,127300.0,800,Sell,228002952
2024-08-01 10:27:03,127300.0,1000,Sell,228002971
2024-08-01 10:27:04,127300.0,100,Sell,228002989
2024-08-01 10:27:05,127300.0,200,Sell,228003010
2024-08-01 10:27:12,127300.0,500,Sell,228003127
2024-08-01 10:27:18,127300.0,400,Sell,228003276
2024-08-01 10:27:21,127300.0,500,Sell,228003321
2024-08-01 10:27:25,127300.0,200,Sell,228003419
2024-08-01 10:27:29,127300.0,900,Sell,228003499
2024-08-01 10:27:31,127300.0,100,Sell,228003524
2024-08-01 10:27:44,127300.0,100,Sell,228003759
2024-08-01 10:27:45,127300.0,200,Sell,228003780
2024-08-01 10:27:47,127300.0,3000,Sell,228003802
2024-08-01 10:27:52,127300.0,100,Sell,228003949
2024-08-01 10:27:52,127300.0,200,Sell,228003950
2024-08-01 10:27:52,127300.0,100,Sell,228003948
2024-08-01 10:27:55,127300.0,800,Sell,228004032
2024-08-01 10:27:55,127300.0,200,Sell,228004033
2024-08-01 10:28:01,127300.0,300,Sell,228004160
2024-08-01 10:28:01,127300.0,100,Sell,228004161
2024-08-01 10:28:01,127300.0,1700,Sell,228004162
2024-08-01 10:28:02,127300.0,800,Sell,228004200
2024-08-01 10:28:06,127300.0,200,Sell,228004332
2024-08-01 10:28:07,127300.0,600,Sell,228004366
2024-08-01 10:28:12,127300.0,100,Sell,228004496
2024-08-01 10:28:20,127300.0,700,Sell,228004647
2024-08-01 10:28:22,127300.0,1000,Sell,228004667
2024-08-01 10:28:23,127300.0,100,Sell,228004689
2024-08-01 10:28:23,127300.0,1200,Sell,228004688
2024-08-01 10:28:25,127300.0,400,Sell,228004720
2024-08-01 10:28:26,127300.0,1700,Sell,228004722
2024-08-01 10:28:26,127300.0,200,Sell,228004723
2024-08-01 10:28:26,127300.0,100,Sell,228004721
2024-08-01 10:28:27,127300.0,100,Sell,228004779
2024-08-01 10:28:27,127300.0,200,Sell,228004780
2024-08-01 10:28:29,127300.0,100,Sell,228004813
2024-08-01 10:28:29,127300.0,100,Sell,228004814
2024-08-01 10:28:29,127300.0,300,Sell,228004815
2024-08-01 10:28:44,127300.0,200,Sell,228005186
2024-08-01 10:28:46,127300.0,200,Sell,228005260
2024-08-01 10:28:47,127300.0,100,Sell,228005318
2024-08-01 10:28:49,127300.0,1000,Sell,228005363
2024-08-01 10:28:58,127300.0,100,Sell,228005484
2024-08-01 10:28:59,127400.0,100,Buy,228005503
2024-08-01 10:28:59,127300.0,400,Sell,228005506
2024-08-01 10:28:59,127400.0,100,Buy,228005502
2024-08-01 10:28:59,127400.0,100,Buy,228005500
2024-08-01 10:28:59,127400.0,100,Buy,228005501
2024-08-01 10:29:03,127400.0,900,Buy,228005581
2024-08-01 10:29:03,127400.0,100,Buy,228005582
2024-08-01 10:29:03,127400.0,100,Buy,228005583
2024-08-01 10:29:06,127300.0,800,Sell,228005692
2024-08-01 10:29:06,127300.0,200,Sell,228005698
2024-08-01 10:29:06,127400.0,200,Buy,228005701
2024-08-01 10:29:11,127300.0,600,Sell,228005798
2024-08-01 10:29:16,127400.0,600,Buy,228005904
2024-08-01 10:29:16,127400.0,100,Buy,228005905
2024-08-01 10:29:17,127400.0,900,Sell,228005915
2024-08-01 10:29:22,127400.0,100,Sell,228006021
2024-08-01 10:29:22,127400.0,300,Sell,228006025
2024-08-01 10:29:22,127300.0,200,Sell,228006026
2024-08-01 10:29:26,127300.0,200,Sell,228006123
2024-08-01 10:29:32,127300.0,400,Sell,228006260
2024-08-01 10:29:44,127300.0,600,Sell,228006494
2024-08-01 10:29:44,127300.0,300,Sell,228006492
2024-08-01 10:29:44,127300.0,100,Sell,228006493
2024-08-01 10:29:46,127300.0,200,Sell,228006566
2024-08-01 10:29:54,127300.0,300,Sell,228006727
2024-08-01 10:30:00,127300.0,3900,Sell,228006871
2024-08-01 10:30:00,127300.0,500,Sell,228006872
2024-08-01 10:30:00,127300.0,1600,Sell,228006873
2024-08-01 10:30:02,127300.0,100,Sell,228006939
2024-08-01 10:30:07,127300.0,500,Sell,228007039
2024-08-01 10:30:07,127300.0,200,Sell,228007038
2024-08-01 10:30:07,127300.0,100,Sell,228007037
2024-08-01 10:30:07,127300.0,100,Sell,228007036
2024-08-01 10:30:07,127300.0,100,Sell,228007031
2024-08-01 10:30:07,127300.0,100,Sell,228007030
2024-08-01 10:30:07,127300.0,700,Sell,228007029
2024-08-01 10:30:07,127300.0,100,Sell,228007026
2024-08-01 10:30:07,127300.0,2000,Sell,228007027
2024-08-01 10:30:07,127300.0,100,Sell,228007028
2024-08-01 10:30:07,127300.0,400,Sell,228007018
2024-08-01 10:30:07,127300.0,200,Sell,228007019
2024-08-01 10:30:07,127300.0,500,Sell,228007025
2024-08-01 10:30:07,127300.0,300,Sell,228007023
2024-08-01 10:30:07,127300.0,100,Sell,228007024
2024-08-01 10:30:07,127300.0,300,Sell,228007022
2024-08-01 10:30:10,127300.0,200,Buy,228007082
2024-08-01 10:30:13,127200.0,600,Sell,228007129
2024-08-01 10:30:23,127200.0,2800,Sell,228007418
2024-08-01 10:30:29,127200.0,200,Sell,228007625
2024-08-01 10:30:35,127200.0,100,Sell,228007756
2024-08-01 10:30:36,127200.0,400,Sell,228007771
2024-08-01 10:30:36,127200.0,200,Sell,228007772
2024-08-01 10:30:36,127200.0,100,Sell,228007773
2024-08-01 10:30:36,127200.0,100,Sell,228007774
2024-08-01 10:30:36,127200.0,100,Sell,228007775
2024-08-01 10:30:39,127200.0,300,Sell,228007924
2024-08-01 10:30:39,127200.0,100,Sell,228007925
2024-08-01 10:30:41,127200.0,400,Sell,228007955
2024-08-01 10:30:41,127200.0,100,Sell,228007956
2024-08-01 10:30:46,127200.0,200,Sell,228008346
2024-08-01 10:30:46,127200.0,200,Sell,228008347
2024-08-01 10:30:46,127200.0,100,Sell,228008348
2024-08-01 10:30:47,127200.0,100,Sell,228008364
2024-08-01 10:30:47,127200.0,100,Sell,228008365
2024-08-01 10:30:52,127200.0,200,Sell,228008469
2024-08-01 10:30:52,127200.0,100,Sell,228008470
2024-08-01 10:30:52,127200.0,100,Sell,228008471
2024-08-01 10:30:54,127200.0,100,Sell,228008508
2024-08-01 10:30:54,127200.0,100,Sell,228008509
2024-08-01 10:30:54,127200.0,200,Sell,228008506
2024-08-01 10:30:54,127200.0,100,Sell,228008507
2024-08-01 10:30:57,127300.0,100,Buy,228008590
2024-08-01 10:31:07,127200.0,100,Sell,228008770
2024-08-01 10:31:07,127100.0,100,Sell,228008771
2024-08-01 10:31:12,127200.0,900,Sell,228008853
2024-08-01 10:31:13,127200.0,800,Sell,228008865
2024-08-01 10:31:13,127200.0,400,Sell,228008875
2024-08-01 10:31:13,127200.0,2200,Sell,228008880
2024-08-01 10:31:15,127200.0,600,Sell,228008916
2024-08-01 10:31:17,127200.0,100,Sell,228009034
2024-08-01 10:31:25,127100.0,200,Sell,228009252
2024-08-01 10:31:25,127100.0,1800,Sell,228009253
2024-08-01 10:31:27,127100.0,2000,Sell,228009290
2024-08-01 10:31:28,127100.0,200,Sell,228009306
2024-08-01 10:31:30,127200.0,2000,Buy,228009339
2024-08-01 10:31:30,127100.0,1000,Sell,228009337
2024-08-01 10:31:30,127100.0,1200,Sell,228009338
2024-08-01 10:31:31,127100.0,1000,Sell,228009352
2024-08-01 10:31:32,127100.0,1000,Sell,228009367
2024-08-01 10:31:42,127100.0,1000,Sell,228009778
2024-08-01 10:31:44,127100.0,300,Sell,228009836
2024-08-01 10:31:46,127200.0,1000,Buy,228009869
2024-08-01 10:31:47,127100.0,200,Sell,228009880
2024-08-01 10:31:47,127100.0,1000,Sell,228009879
2024-08-01 10:31:47,127100.0,200,Sell,228009877
2024-08-01 10:31:47,127100.0,1000,Sell,228009876
2024-08-01 10:31:47,127100.0,500,Sell,228009875
2024-08-01 10:31:47,127100.0,100,Sell,228009878
2024-08-01 10:31:48,127100.0,100,Sell,228009905
2024-08-01 10:31:48,127100.0,100,Sell,228009906
2024-08-01 10:31:51,127100.0,200,Sell,228010142
2024-08-01 10:31:51,127100.0,1000,Sell,228010141
2024-08-01 10:31:51,127100.0,100,Sell,228010140
2024-08-01 10:31:51,127100.0,100,Sell,228010138
2024-08-01 10:31:51,127100.0,200,Sell,228010139
2024-08-01 10:31:51,127100.0,100,Sell,228010137
2024-08-01 10:31:56,127100.0,100,Sell,228010323
2024-08-01 10:31:57,127100.0,900,Sell,228010339
2024-08-01 10:32:03,127100.0,200,Sell,228010549
2024-08-01 10:32:03,127100.0,400,Sell,228010569
2024-08-01 10:32:04,127100.0,100,Sell,228010599
2024-08-01 10:32:04,127100.0,300,Sell,228010600
2024-08-01 10:32:04,127100.0,200,Sell,228010601
2024-08-01 10:32:04,127100.0,2000,Sell,228010602
2024-08-01 10:32:04,127100.0,1000,Sell,228010603
2024-08-01 10:32:04,127100.0,200,Sell,228010604
