time,price,volume,match_type,id
2024-07-17 09:14:40,134000.0,139300,ATO/ATC,223363785
2024-07-17 09:14:42,134000.0,500,Buy,223363935
2024-07-17 09:14:49,134000.0,200,Buy,223364181
2024-07-17 09:14:49,134000.0,2700,Buy,223364187
2024-07-17 09:14:49,134000.0,4800,Buy,223364186
2024-07-17 09:14:49,134000.0,200,Buy,223364185
2024-07-17 09:14:49,134000.0,6600,Buy,223364180
2024-07-17 09:14:49,134000.0,5000,Buy,223364183
2024-07-17 09:14:49,134000.0,400,Buy,223364184
2024-07-17 09:14:49,134000.0,100,Buy,223364182
2024-07-17 09:14:50,134000.0,100,Buy,223364210
2024-07-17 09:14:50,134000.0,500,Buy,223364207
2024-07-17 09:14:50,134000.0,6000,Buy,223364208
2024-07-17 09:14:50,134000.0,200,Buy,223364209
2024-07-17 09:14:53,134000.0,100,Sell,223364257
2024-07-17 09:14:57,134000.0,10000,Sell,223364305
2024-07-17 09:15:06,134000.0,1200,Sell,223364444
2024-07-17 09:15:07,134000.0,200,Sell,223364458
2024-07-17 09:15:07,134000.0,1900,Sell,223364456
2024-07-17 09:15:07,134000.0,100,Sell,223364457
2024-07-17 09:15:08,134000.0,200,Buy,223364485
2024-07-17 09:15:14,134000.0,100,Buy,223364616
2024-07-17 09:15:16,134000.0,500,Buy,223364643
2024-07-17 09:15:22,133900.0,100,Sell,223364760
2024-07-17 09:15:25,133900.0,100,Buy,223364808
2024-07-17 09:15:29,133900.0,100,Buy,223364878
2024-07-17 09:15:37,133800.0,400,Sell,223365058
2024-07-17 09:15:39,133900.0,500,Buy,223365106
2024-07-17 09:15:43,133900.0,200,Sell,223365182
2024-07-17 09:15:43,133900.0,2000,Buy,223365170
2024-07-17 09:15:43,133900.0,200,Buy,223365168
2024-07-17 09:15:46,133900.0,500,Sell,223365240
2024-07-17 09:15:47,133900.0,100,Sell,223365264
2024-07-17 09:15:47,133900.0,1000,Sell,223365265
2024-07-17 09:15:52,133900.0,500,Sell,223365394
2024-07-17 09:15:57,133900.0,400,Sell,223365532
2024-07-17 09:15:59,133900.0,3100,Sell,223365576
2024-07-17 09:15:59,133900.0,2500,Sell,223365577
2024-07-17 09:15:59,133800.0,400,Sell,223365578
2024-07-17 09:15:59,133800.0,100,Sell,223365579
2024-07-17 09:15:59,133800.0,3900,Sell,223365580
2024-07-17 09:16:05,133900.0,500,Buy,223365740
2024-07-17 09:16:10,134000.0,100,Buy,223365873
2024-07-17 09:16:13,134000.0,600,Buy,223365931
2024-07-17 09:16:17,133900.0,400,Sell,223366059
2024-07-17 09:16:20,133900.0,1900,Sell,223366139
2024-07-17 09:16:23,134000.0,300,Buy,223366214
2024-07-17 09:16:33,134000.0,100,Buy,223366484
2024-07-17 09:16:37,133900.0,400,Sell,223366612
2024-07-17 09:16:54,133900.0,200,Sell,223367092
2024-07-17 09:16:57,133900.0,400,Sell,223367154
2024-07-17 09:17:08,133900.0,1500,Sell,223367446
2024-07-17 09:17:17,133900.0,5000,Sell,223367703
2024-07-17 09:17:17,133900.0,400,Sell,223367723
2024-07-17 09:17:20,133900.0,1000,Sell,223367790
2024-07-17 09:17:21,134000.0,100,Buy,223367866
2024-07-17 09:17:32,133900.0,100,Sell,223368112
2024-07-17 09:17:32,133900.0,1000,Sell,223368111
2024-07-17 09:17:32,133900.0,2000,Sell,223368108
2024-07-17 09:17:32,133900.0,100,Sell,223368109
2024-07-17 09:17:32,133900.0,100,Sell,223368110
2024-07-17 09:17:32,133900.0,1000,Sell,223368107
2024-07-17 09:17:38,133800.0,400,Sell,223368220
2024-07-17 09:17:38,133900.0,100,Buy,223368226
2024-07-17 09:17:40,133900.0,100,Buy,223368277
2024-07-17 09:17:43,133900.0,100,Buy,223368365
2024-07-17 09:17:58,133800.0,400,Sell,223368902
2024-07-17 09:18:08,133900.0,100,Buy,223369174
2024-07-17 09:18:17,133800.0,400,Sell,223369440
2024-07-17 09:18:37,133800.0,400,Sell,223369911
2024-07-17 09:18:40,133900.0,300,Buy,223370008
2024-07-17 09:18:40,133900.0,500,Buy,223370014
2024-07-17 09:18:40,133900.0,400,Buy,223370013
2024-07-17 09:18:40,133900.0,300,Buy,223370007
2024-07-17 09:18:40,133900.0,100,Buy,223370011
2024-07-17 09:18:40,133900.0,400,Buy,223370012
2024-07-17 09:18:45,133800.0,3000,Sell,223370175
2024-07-17 09:18:46,133900.0,300,Buy,223370192
2024-07-17 09:18:54,133900.0,1100,Buy,223370386
2024-07-17 09:18:57,133800.0,6100,Sell,223370496
2024-07-17 09:18:58,133800.0,400,Sell,223370510
2024-07-17 09:19:08,133800.0,200,Sell,223370781
2024-07-17 09:19:08,133800.0,4000,Sell,223370780
2024-07-17 09:19:08,133800.0,1000,Sell,223370777
2024-07-17 09:19:08,133800.0,2000,Sell,223370779
2024-07-17 09:19:08,133800.0,100,Sell,223370775
2024-07-17 09:19:08,133800.0,100,Sell,223370774
2024-07-17 09:19:08,133800.0,5000,Sell,223370773
2024-07-17 09:19:08,133800.0,100,Sell,223370776
2024-07-17 09:19:08,133800.0,200,Sell,223370778
2024-07-17 09:19:18,133700.0,400,Sell,223371026
2024-07-17 09:19:24,133700.0,1000,Sell,223371174
2024-07-17 09:19:25,133800.0,100,Buy,223371217
2024-07-17 09:19:27,133700.0,1400,Sell,223371268
2024-07-17 09:19:28,133700.0,600,Sell,223371292
2024-07-17 09:19:28,133700.0,100,Sell,223371293
2024-07-17 09:19:28,133700.0,300,Sell,223371294
2024-07-17 09:19:38,133700.0,400,Sell,223371592
2024-07-17 09:19:42,133700.0,100,Sell,223371700
2024-07-17 09:19:45,133700.0,300,Sell,223371780
2024-07-17 09:19:45,133700.0,4600,Sell,223371781
2024-07-17 09:19:45,133700.0,100,Sell,223371779
2024-07-17 09:19:53,133800.0,100,Buy,223372023
2024-07-17 09:19:53,133700.0,400,Sell,223372028
2024-07-17 09:19:53,133700.0,100,Sell,223372029
2024-07-17 09:19:54,133700.0,100,Sell,223372053
2024-07-17 09:19:54,133700.0,200,Sell,223372054
2024-07-17 09:19:58,133600.0,100,Sell,223372162
2024-07-17 09:19:58,133600.0,300,Sell,223372163
2024-07-17 09:20:14,133600.0,100,Sell,223372579
2024-07-17 09:20:14,133600.0,200,Sell,223372583
2024-07-17 09:20:18,133600.0,400,Sell,223372655
2024-07-17 09:20:19,133600.0,100,Sell,223372695
2024-07-17 09:20:29,133600.0,500,Sell,223373032
2024-07-17 09:20:38,133600.0,400,Sell,223373291
2024-07-17 09:20:52,133700.0,5000,Buy,223373754
2024-07-17 09:20:55,133600.0,2000,Sell,223373821
2024-07-17 09:20:56,133700.0,500,Buy,223373870
2024-07-17 09:20:59,133700.0,400,Sell,223373949
2024-07-17 09:21:16,133700.0,100,Sell,223374520
2024-07-17 09:21:16,133700.0,400,Sell,223374521
2024-07-17 09:21:16,133700.0,100,Sell,223374522
2024-07-17 09:21:19,133600.0,400,Sell,223374592
2024-07-17 09:21:20,133600.0,5000,Sell,223374653
2024-07-17 09:21:20,133700.0,100,Buy,223374654
2024-07-17 09:21:25,133700.0,900,Buy,223374816
2024-07-17 09:21:25,133700.0,100,Sell,223374819
2024-07-17 09:21:38,133600.0,400,Sell,223375222
2024-07-17 09:21:57,133700.0,100,Buy,223375865
2024-07-17 09:21:59,133600.0,400,Sell,223375918
2024-07-17 09:22:11,133600.0,200,Sell,223376261
2024-07-17 09:22:13,133700.0,100,Buy,223376313
2024-07-17 09:22:19,133600.0,400,Sell,223376489
2024-07-17 09:22:21,133600.0,1500,Sell,223376536
2024-07-17 09:22:29,133600.0,7700,Sell,223376836
2024-07-17 09:22:29,133600.0,100,Sell,223376837
2024-07-17 09:22:29,133600.0,200,Sell,223376838
2024-07-17 09:22:29,133600.0,500,Sell,223376839
2024-07-17 09:22:29,133600.0,1000,Sell,223376840
2024-07-17 09:22:29,133600.0,500,Sell,223376841
2024-07-17 09:22:31,133700.0,100,Buy,223376915
2024-07-17 09:22:32,133700.0,100,Buy,223376975
2024-07-17 09:22:32,133700.0,3000,Buy,223376973
2024-07-17 09:22:32,133700.0,1000,Buy,223376974
2024-07-17 09:22:35,133700.0,5000,Sell,223377063
2024-07-17 09:22:39,133700.0,400,Sell,223377198
2024-07-17 09:22:48,133800.0,100,Buy,223377464
2024-07-17 09:22:53,133800.0,800,Buy,223377617
2024-07-17 09:22:56,133700.0,5000,Sell,223377723
2024-07-17 09:22:57,133800.0,200,Buy,223377732
2024-07-17 09:22:59,133700.0,400,Sell,223377789
2024-07-17 09:23:00,133800.0,100,Buy,223377813
2024-07-17 09:23:08,133800.0,200,Buy,223378018
2024-07-17 09:23:08,133800.0,100,Buy,223378019
2024-07-17 09:23:12,133800.0,500,Sell,223378136
2024-07-17 09:23:13,133900.0,100,Buy,223378160
2024-07-17 09:23:19,133800.0,400,Sell,223378501
2024-07-17 09:23:22,133800.0,700,Sell,223378575
2024-07-17 09:23:34,133900.0,100,Buy,223378878
2024-07-17 09:23:39,133800.0,100,Sell,223378999
2024-07-17 09:23:39,133800.0,300,Sell,223379000
2024-07-17 09:23:46,133800.0,800,Sell,223379164
2024-07-17 09:23:46,133800.0,2000,Sell,223379165
2024-07-17 09:23:46,133800.0,200,Sell,223379166
2024-07-17 09:23:51,133800.0,100,Buy,223379295
2024-07-17 09:23:54,133800.0,1900,Buy,223379362
2024-07-17 09:23:54,133800.0,100,Buy,223379363
2024-07-17 09:23:59,133700.0,400,Sell,223379497
2024-07-17 09:24:16,133700.0,1700,Sell,223379995
2024-07-17 09:24:20,133700.0,400,Sell,223380129
2024-07-17 09:24:21,133800.0,100,Buy,223380165
2024-07-17 09:24:24,133700.0,100,Sell,223380257
2024-07-17 09:24:29,133700.0,100,Sell,223380543
2024-07-17 09:24:29,133700.0,300,Sell,223380542
2024-07-17 09:24:29,133700.0,200,Sell,223380540
2024-07-17 09:24:29,133700.0,12500,Sell,223380539
2024-07-17 09:24:29,133700.0,100,Sell,223380541
2024-07-17 09:24:40,133600.0,400,Sell,223380847
2024-07-17 09:24:48,133600.0,100,Sell,223381089
2024-07-17 09:24:48,133600.0,100,Sell,223381090
2024-07-17 09:24:49,133600.0,900,Sell,223381126
2024-07-17 09:24:49,133600.0,100,Sell,223381125
2024-07-17 09:24:49,133600.0,100,Sell,223381124
2024-07-17 09:24:49,133600.0,200,Sell,223381123
2024-07-17 09:24:49,133600.0,100,Sell,223381121
2024-07-17 09:24:49,133600.0,100,Sell,223381122
2024-07-17 09:24:49,133600.0,100,Sell,223381120
2024-07-17 09:24:49,133600.0,500,Sell,223381116
2024-07-17 09:24:49,133600.0,300,Sell,223381118
2024-07-17 09:24:49,133600.0,100,Sell,223381112
2024-07-17 09:24:49,133600.0,100,Sell,223381113
2024-07-17 09:24:49,133600.0,100,Sell,223381119
2024-07-17 09:24:49,133600.0,100,Sell,223381115
2024-07-17 09:24:49,133600.0,100,Sell,223381117
2024-07-17 09:24:49,133600.0,100,Sell,223381114
2024-07-17 09:24:56,133700.0,100,Buy,223381268
2024-07-17 09:25:00,133600.0,400,Sell,223381394
2024-07-17 09:25:01,133700.0,1700,Buy,223381488
2024-07-17 09:25:17,133800.0,100,Buy,223381919
2024-07-17 09:25:19,133700.0,900,Sell,223381993
2024-07-17 09:25:20,133700.0,400,Sell,223382010
2024-07-17 09:25:34,133700.0,300,Sell,223382400
2024-07-17 09:25:40,133700.0,400,Sell,223382624
2024-07-17 09:25:47,133800.0,100,Buy,223382872
2024-07-17 09:25:47,133700.0,1000,Sell,223382873
2024-07-17 09:25:54,133800.0,2000,Buy,223383030
2024-07-17 09:26:00,133700.0,400,Sell,223383243
2024-07-17 09:26:03,133800.0,1000,Buy,223383314
2024-07-17 09:26:03,133800.0,1000,Buy,223383315
2024-07-17 09:26:03,133800.0,900,Buy,223383316
2024-07-17 09:26:03,133800.0,100,Buy,223383317
2024-07-17 09:26:03,133800.0,500,Buy,223383318
2024-07-17 09:26:03,133800.0,500,Buy,223383319
2024-07-17 09:26:08,133800.0,600,Sell,223383464
2024-07-17 09:26:15,133800.0,4400,Sell,223383627
2024-07-17 09:26:16,133800.0,100,Buy,223383645
2024-07-17 09:26:17,133700.0,400,Sell,223383670
2024-07-17 09:26:20,133700.0,400,Sell,223383713
2024-07-17 09:26:26,133800.0,1500,Buy,223383872
2024-07-17 09:26:38,133900.0,100,Buy,223384155
2024-07-17 09:26:40,133800.0,1000,Sell,223384178
2024-07-17 09:26:40,133800.0,400,Sell,223384184
2024-07-17 09:26:43,133800.0,800,Sell,223384317
2024-07-17 09:26:53,133800.0,200,Buy,223384617
2024-07-17 09:26:58,133800.0,5000,Sell,223384739
2024-07-17 09:27:00,133900.0,100,Buy,223384785
2024-07-17 09:27:00,133800.0,400,Sell,223384802
2024-07-17 09:27:01,133800.0,300,Sell,223384837
2024-07-17 09:27:02,133800.0,2000,Sell,223384860
2024-07-17 09:27:08,133900.0,700,Buy,223384995
2024-07-17 09:27:08,133900.0,300,Buy,223384997
2024-07-17 09:27:08,133900.0,1000,Buy,223384996
2024-07-17 09:27:08,133900.0,100,Buy,223384994
2024-07-17 09:27:08,133900.0,1400,Buy,223384988
2024-07-17 09:27:08,133900.0,100,Buy,223384992
2024-07-17 09:27:08,133900.0,100,Buy,223384991
2024-07-17 09:27:08,133900.0,100,Buy,223384990
2024-07-17 09:27:08,133900.0,1000,Buy,223384989
2024-07-17 09:27:08,133900.0,100,Buy,223384993
2024-07-17 09:27:10,133900.0,100,Sell,223385066
2024-07-17 09:27:18,133900.0,100,Sell,223385271
2024-07-17 09:27:19,133900.0,500,Sell,223385315
2024-07-17 09:27:21,133900.0,400,Sell,223385352
2024-07-17 09:27:32,133900.0,600,Sell,223385654
2024-07-17 09:27:34,134000.0,100,Buy,223385691
2024-07-17 09:27:41,133900.0,400,Sell,223385890
2024-07-17 09:27:44,133900.0,700,Sell,223385989
2024-07-17 09:27:53,134000.0,100,Buy,223386342
2024-07-17 09:27:58,133900.0,200,Sell,223386457
2024-07-17 09:28:01,133900.0,400,Sell,223386578
2024-07-17 09:28:05,134000.0,5000,Buy,223386714
2024-07-17 09:28:10,134000.0,100,Buy,223386842
2024-07-17 09:28:19,133900.0,100,Sell,223387081
2024-07-17 09:28:21,133900.0,400,Sell,223387108
2024-07-17 09:28:31,134000.0,100,Buy,223387408
2024-07-17 09:28:35,133900.0,1100,Sell,223387520
2024-07-17 09:28:35,133900.0,100,Sell,223387521
2024-07-17 09:28:35,133900.0,1800,Sell,223387522
2024-07-17 09:28:39,134000.0,5400,Buy,223387637
2024-07-17 09:28:39,134000.0,4600,Buy,223387638
2024-07-17 09:28:40,134000.0,500,Buy,223387660
2024-07-17 09:28:41,133900.0,100,Sell,223387768
2024-07-17 09:28:41,133900.0,400,Sell,223387754
2024-07-17 09:28:54,134000.0,100,Buy,223388175
2024-07-17 09:28:59,134000.0,100,Buy,223388323
2024-07-17 09:28:59,134000.0,100,Buy,223388322
2024-07-17 09:28:59,134000.0,200,Buy,223388321
2024-07-17 09:28:59,134000.0,100,Buy,223388320
2024-07-17 09:28:59,134000.0,100,Buy,223388319
2024-07-17 09:28:59,134000.0,100,Buy,223388318
2024-07-17 09:28:59,134000.0,1000,Buy,223388317
2024-07-17 09:28:59,134000.0,500,Buy,223388316
2024-07-17 09:28:59,134000.0,100,Buy,223388315
2024-07-17 09:28:59,134000.0,100,Buy,223388314
2024-07-17 09:28:59,134000.0,100,Buy,223388311
2024-07-17 09:28:59,134000.0,100,Buy,223388312
2024-07-17 09:28:59,134000.0,300,Buy,223388313
2024-07-17 09:28:59,134000.0,100,Buy,223388280
2024-07-17 09:28:59,134000.0,9700,Buy,223388303
2024-07-17 09:28:59,134000.0,500,Buy,223388304
2024-07-17 09:28:59,134000.0,1000,Buy,223388305
2024-07-17 09:28:59,134000.0,500,Buy,223388310
2024-07-17 09:28:59,134000.0,1000,Buy,223388307
2024-07-17 09:28:59,134000.0,200,Buy,223388308
2024-07-17 09:28:59,134000.0,100,Buy,223388309
2024-07-17 09:28:59,134000.0,100,Buy,223388306
2024-07-17 09:29:00,134000.0,400,Buy,223388332
2024-07-17 09:29:00,134000.0,100,Buy,223388330
2024-07-17 09:29:00,134000.0,700,Buy,223388331
2024-07-17 09:29:00,134000.0,1500,Buy,223388327
2024-07-17 09:29:00,134000.0,100,Buy,223388326
2024-07-17 09:29:00,134000.0,1000,Buy,223388329
2024-07-17 09:29:00,134000.0,200,Buy,223388328
2024-07-17 09:29:01,133900.0,400,Sell,223388366
2024-07-17 09:29:08,134000.0,200,Buy,223388605
2024-07-17 09:29:08,134000.0,200,Buy,223388606
2024-07-17 09:29:08,134000.0,200,Buy,223388607
2024-07-17 09:29:08,134000.0,400,Buy,223388608
2024-07-17 09:29:18,134000.0,400,Buy,223388923
2024-07-17 09:29:21,133900.0,400,Sell,223388972
2024-07-17 09:29:25,134000.0,200,Buy,223389077
2024-07-17 09:29:40,133900.0,3800,Sell,223389502
2024-07-17 09:29:41,133900.0,400,Sell,223389537
2024-07-17 09:29:51,134000.0,500,Buy,223389775
2024-07-17 09:29:51,134100.0,2900,Buy,223389781
2024-07-17 09:29:51,134000.0,100,Buy,223389780
2024-07-17 09:29:51,134000.0,500,Buy,223389779
2024-07-17 09:29:51,134000.0,400,Buy,223389774
2024-07-17 09:29:51,134000.0,200,Buy,223389777
2024-07-17 09:29:51,134000.0,100,Buy,223389776
2024-07-17 09:29:51,134000.0,300,Buy,223389778
2024-07-17 09:29:57,134100.0,3700,Buy,223389909
2024-07-17 09:29:57,134100.0,100,Buy,223389910
2024-07-17 09:29:57,134100.0,3000,Buy,223389911
2024-07-17 09:29:57,134100.0,3200,Buy,223389912
2024-07-17 09:30:01,133900.0,400,Sell,223390052
2024-07-17 09:30:16,134000.0,100,Buy,223390366
2024-07-17 09:30:21,134000.0,400,Sell,223390472
2024-07-17 09:30:41,134000.0,400,Sell,223390942
2024-07-17 09:30:48,134000.0,500,Sell,223391089
2024-07-17 09:30:48,134000.0,400,Sell,223391090
2024-07-17 09:30:48,134000.0,2000,Sell,223391091
2024-07-17 09:30:48,134000.0,200,Sell,223391092
2024-07-17 09:30:48,134000.0,2600,Sell,223391088
2024-07-17 09:30:56,134000.0,100,Buy,223391319
2024-07-17 09:31:01,134000.0,3500,Buy,223391379
2024-07-17 09:31:02,133900.0,400,Sell,223391404
2024-07-17 09:31:18,134000.0,300,Buy,223391800
2024-07-17 09:31:22,133900.0,400,Sell,223391900
2024-07-17 09:31:24,133900.0,800,Sell,223391970
2024-07-17 09:31:29,134000.0,100,Buy,223392070
2024-07-17 09:31:29,134000.0,400,Buy,223392069
2024-07-17 09:31:36,134000.0,100,Buy,223392206
2024-07-17 09:31:36,133900.0,200,Sell,223392209
2024-07-17 09:31:38,133900.0,4000,Sell,223392242
2024-07-17 09:31:42,133900.0,400,Sell,223392318
2024-07-17 09:31:50,134000.0,200,Buy,223392538
2024-07-17 09:32:02,133900.0,400,Sell,223392853
2024-07-17 09:32:22,133900.0,400,Sell,223393287
2024-07-17 09:32:41,133900.0,200,Sell,223393725
2024-07-17 09:32:42,133900.0,400,Sell,223393751
2024-07-17 09:32:48,133900.0,500,Sell,223393867
2024-07-17 09:32:55,133900.0,200,Sell,223394078
2024-07-17 09:33:01,134000.0,200,Buy,223394283
2024-07-17 09:33:02,133900.0,400,Sell,223394309
2024-07-17 09:33:16,133900.0,4000,Sell,223394635
2024-07-17 09:33:16,134000.0,100,Buy,223394634
2024-07-17 09:33:22,133900.0,400,Sell,223394821
2024-07-17 09:33:32,133900.0,500,Sell,223395093
2024-07-17 09:33:32,133900.0,100,Sell,223395094
2024-07-17 09:33:32,133900.0,200,Sell,223395095
2024-07-17 09:33:32,133900.0,200,Sell,223395096
2024-07-17 09:33:38,134000.0,400,Buy,223395275
2024-07-17 09:33:43,133900.0,400,Sell,223395418
2024-07-17 09:33:53,133900.0,3000,Sell,223395742
2024-07-17 09:33:59,133900.0,200,Sell,223395883
2024-07-17 09:34:03,133900.0,400,Sell,223395977
2024-07-17 09:34:09,133900.0,200,Sell,223396150
2024-07-17 09:34:09,133900.0,400,Sell,223396149
2024-07-17 09:34:09,133900.0,100,Sell,223396148
2024-07-17 09:34:10,133900.0,300,Sell,223396171
2024-07-17 09:34:14,133900.0,100,Sell,223396246
2024-07-17 09:34:17,133900.0,100,Sell,223396309
2024-07-17 09:34:23,133900.0,300,Sell,223396467
2024-07-17 09:34:23,133900.0,400,Sell,223396449
2024-07-17 09:34:33,133900.0,500,Sell,223396748
2024-07-17 09:34:33,133900.0,100,Sell,223396749
2024-07-17 09:34:37,133900.0,300,Sell,223396843
2024-07-17 09:34:42,133900.0,1000,Sell,223396920
2024-07-17 09:34:43,133900.0,400,Sell,223396986
2024-07-17 09:34:50,133900.0,500,Sell,223397152
2024-07-17 09:34:50,133900.0,1000,Sell,223397153
2024-07-17 09:34:50,133900.0,500,Sell,223397154
2024-07-17 09:34:50,133900.0,100,Sell,223397155
2024-07-17 09:34:52,133900.0,2000,Buy,223397189
2024-07-17 09:35:00,133800.0,100,Sell,223397344
2024-07-17 09:35:03,133800.0,400,Sell,223397397
2024-07-17 09:35:12,133800.0,100,Sell,223397611
2024-07-17 09:35:12,133800.0,100,Sell,223397612
2024-07-17 09:35:12,133800.0,600,Sell,223397613
2024-07-17 09:35:23,133800.0,400,Sell,223397823
2024-07-17 09:35:34,133800.0,100,Sell,223398114
2024-07-17 09:35:42,133800.0,100,Sell,223398328
2024-07-17 09:35:43,133800.0,400,Sell,223398364
2024-07-17 09:35:55,133800.0,300,Sell,223398649
2024-07-17 09:35:56,133800.0,500,Sell,223398668
2024-07-17 09:36:03,133800.0,400,Sell,223398851
2024-07-17 09:36:07,133900.0,100,Buy,223399027
2024-07-17 09:36:16,133900.0,200,Buy,223399247
2024-07-17 09:36:24,133800.0,200,Sell,223399418
2024-07-17 09:36:24,133800.0,200,Sell,223399417
2024-07-17 09:36:44,133900.0,300,Buy,223399908
2024-07-17 09:36:44,133800.0,400,Sell,223399881
2024-07-17 09:36:54,133800.0,1000,Sell,223400138
2024-07-17 09:36:54,133800.0,1800,Sell,223400139
2024-07-17 09:36:54,133800.0,500,Sell,223400140
2024-07-17 09:37:04,133800.0,400,Sell,223400377
2024-07-17 09:37:15,133800.0,100,Sell,223400658
2024-07-17 09:37:23,133800.0,2000,Sell,223400850
2024-07-17 09:37:24,133800.0,400,Sell,223400888
2024-07-17 09:37:25,133900.0,300,Buy,223400967
2024-07-17 09:37:31,133800.0,500,Sell,223401114
2024-07-17 09:37:44,133800.0,100,Sell,223401464
2024-07-17 09:37:44,133800.0,300,Sell,223401463
2024-07-17 09:37:45,133800.0,200,Sell,223401479
2024-07-17 09:37:48,133800.0,3900,Sell,223401535
2024-07-17 09:37:48,133800.0,100,Sell,223401536
2024-07-17 09:37:57,133800.0,1000,Sell,223401842
2024-07-17 09:38:04,133800.0,400,Sell,223402002
2024-07-17 09:38:20,133800.0,100,Sell,223402389
2024-07-17 09:38:24,133800.0,400,Sell,223402511
2024-07-17 09:38:35,133800.0,100,Sell,223402867
2024-07-17 09:38:35,133800.0,400,Sell,223402868
2024-07-17 09:38:37,133800.0,200,Sell,223402942
2024-07-17 09:38:44,133800.0,400,Sell,223403149
2024-07-17 09:38:48,133800.0,100,Sell,223403244
2024-07-17 09:39:05,133800.0,400,Sell,223403712
2024-07-17 09:39:18,133800.0,1000,Sell,223404033
2024-07-17 09:39:25,133800.0,400,Sell,223404225
2024-07-17 09:39:43,133800.0,400,Sell,223404610
2024-07-17 09:39:45,133800.0,400,Sell,223404644
2024-07-17 09:39:53,133900.0,100,Buy,223404807
2024-07-17 09:40:05,133800.0,400,Sell,223405083
2024-07-17 09:40:06,133800.0,100,Sell,223405145
2024-07-17 09:40:25,133800.0,400,Sell,223405712
2024-07-17 09:40:37,133800.0,4200,Sell,223406004
2024-07-17 09:40:37,133800.0,1000,Sell,223406003
2024-07-17 09:40:37,133800.0,100,Sell,223406002
2024-07-17 09:40:37,133800.0,100,Sell,223406005
2024-07-17 09:40:37,133800.0,4200,Sell,223406000
2024-07-17 09:40:37,133800.0,100,Sell,223405999
2024-07-17 09:40:37,133800.0,100,Sell,223405998
2024-07-17 09:40:37,133800.0,200,Sell,223406001
2024-07-17 09:40:45,133800.0,400,Sell,223406184
2024-07-17 09:40:47,133800.0,1000,Sell,223406230
2024-07-17 09:40:47,133800.0,200,Sell,223406231
2024-07-17 09:41:05,133800.0,400,Sell,223406587
2024-07-17 09:41:05,133800.0,100,Sell,223406619
2024-07-17 09:41:20,133800.0,200,Sell,223406901
2024-07-17 09:41:24,133800.0,100,Sell,223406981
2024-07-17 09:41:24,133800.0,900,Sell,223406980
2024-07-17 09:41:25,133800.0,400,Sell,223407002
2024-07-17 09:41:45,133800.0,400,Sell,223407535
2024-07-17 09:41:53,133800.0,100,Sell,223407722
2024-07-17 09:41:53,133800.0,1000,Sell,223407721
2024-07-17 09:41:53,133800.0,100,Sell,223407720
2024-07-17 09:41:53,133800.0,1000,Sell,223407718
2024-07-17 09:41:53,133800.0,1000,Sell,223407717
2024-07-17 09:41:53,133800.0,4100,Sell,223407716
2024-07-17 09:41:53,133800.0,1000,Sell,223407719
2024-07-17 09:41:54,133800.0,700,Buy,223407769
2024-07-17 09:41:54,133800.0,100,Sell,223407778
2024-07-17 09:42:06,133800.0,400,Sell,223408041
2024-07-17 09:42:24,133800.0,200,Sell,223408529
2024-07-17 09:42:26,133800.0,400,Sell,223408563
2024-07-17 09:42:33,133800.0,600,Sell,223408740
2024-07-17 09:42:38,133800.0,1000,Sell,223408919
2024-07-17 09:42:42,133800.0,100,Sell,223409032
2024-07-17 09:42:46,133800.0,400,Sell,223409206
2024-07-17 09:42:55,133800.0,100,Sell,223409450
2024-07-17 09:42:59,133800.0,100,Sell,223409535
2024-07-17 09:42:59,133800.0,200,Sell,223409533
2024-07-17 09:42:59,133800.0,200,Sell,223409534
2024-07-17 09:43:06,133700.0,100,Sell,223409676
2024-07-17 09:43:06,133700.0,300,Sell,223409677
2024-07-17 09:43:20,133800.0,100,Buy,223409986
2024-07-17 09:43:26,133700.0,400,Sell,223410130
2024-07-17 09:43:42,133700.0,1000,Sell,223410524
2024-07-17 09:43:46,133700.0,300,Sell,223410621
2024-07-17 09:43:46,133700.0,100,Sell,223410622
2024-07-17 09:44:05,133700.0,100,Sell,223411072
2024-07-17 09:44:07,133700.0,400,Sell,223411106
2024-07-17 09:44:10,133700.0,100,Sell,223411192
2024-07-17 09:44:10,133700.0,4000,Sell,223411194
2024-07-17 09:44:10,133700.0,400,Sell,223411190
2024-07-17 09:44:10,133700.0,100,Sell,223411191
2024-07-17 09:44:10,133700.0,4000,Sell,223411193
2024-07-17 09:44:10,133700.0,1400,Sell,223411189
2024-07-17 09:44:17,133800.0,100,Buy,223411350
2024-07-17 09:44:26,133700.0,200,Sell,223411530
2024-07-17 09:44:26,133700.0,200,Sell,223411529
2024-07-17 09:44:33,133700.0,1000,Sell,223411727
2024-07-17 09:44:38,133700.0,100,Sell,223411891
2024-07-17 09:44:46,133700.0,400,Sell,223412187
2024-07-17 09:44:55,133700.0,300,Sell,223412403
2024-07-17 09:44:55,133700.0,100,Sell,223412404
2024-07-17 09:45:00,133700.0,200,Buy,223412538
2024-07-17 09:45:03,133700.0,1500,Buy,223412637
2024-07-17 09:45:04,133700.0,700,Buy,223412643
2024-07-17 09:45:07,133600.0,400,Sell,223412733
2024-07-17 09:45:27,133600.0,400,Sell,223413263
2024-07-17 09:45:31,133700.0,200,Buy,223413314
2024-07-17 09:45:47,133600.0,300,Sell,223413699
2024-07-17 09:45:47,133600.0,300,Sell,223413697
2024-07-17 09:45:47,133600.0,2000,Sell,223413698
2024-07-17 09:45:47,133600.0,800,Sell,223413695
2024-07-17 09:45:47,133600.0,200,Sell,223413693
2024-07-17 09:45:47,133600.0,200,Sell,223413692
2024-07-17 09:45:47,133600.0,100,Sell,223413696
2024-07-17 09:45:50,133600.0,300,Buy,223413764
2024-07-17 09:46:07,133500.0,100,Sell,223414231
2024-07-17 09:46:07,133500.0,100,Sell,223414232
2024-07-17 09:46:07,133500.0,200,Sell,223414233
2024-07-17 09:46:22,133500.0,100,Sell,223414680
2024-07-17 09:46:22,133500.0,100,Sell,223414681
2024-07-17 09:46:24,133500.0,100,Sell,223414807
2024-07-17 09:46:27,133500.0,300,Sell,223414901
2024-07-17 09:46:27,133500.0,100,Sell,223414902
2024-07-17 09:46:28,133500.0,1200,Sell,223414942
2024-07-17 09:46:28,133500.0,300,Sell,223414941
2024-07-17 09:46:28,133500.0,100,Sell,223414940
2024-07-17 09:46:28,133500.0,100,Sell,223414937
2024-07-17 09:46:28,133500.0,1000,Sell,223414938
2024-07-17 09:46:28,133500.0,1000,Sell,223414939
2024-07-17 09:46:28,133500.0,100,Sell,223414936
2024-07-17 09:46:28,133500.0,200,Sell,223414935
2024-07-17 09:46:38,133500.0,800,Sell,223415226
2024-07-17 09:46:47,133400.0,100,Sell,223415485
2024-07-17 09:46:47,133400.0,100,Sell,223415486
2024-07-17 09:46:47,133400.0,200,Sell,223415487
2024-07-17 09:47:04,133400.0,2000,Sell,223416114
2024-07-17 09:47:06,133400.0,500,Sell,223416164
2024-07-17 09:47:07,133400.0,400,Sell,223416189
2024-07-17 09:47:10,133400.0,100,Sell,223416261
2024-07-17 09:47:11,133400.0,800,Sell,223416269
2024-07-17 09:47:13,133400.0,1400,Sell,223416420
2024-07-17 09:47:13,133400.0,100,Sell,223416419
2024-07-17 09:47:16,133400.0,1000,Sell,223416529
2024-07-17 09:47:17,133400.0,1800,Sell,223416542
2024-07-17 09:47:17,133400.0,200,Sell,223416543
2024-07-17 09:47:27,133300.0,400,Sell,223416911
2024-07-17 09:47:36,133300.0,1600,Sell,223417160
2024-07-17 09:47:36,133300.0,100,Sell,223417161
2024-07-17 09:47:36,133300.0,1200,Sell,223417162
2024-07-17 09:47:36,133300.0,100,Sell,223417163
2024-07-17 09:47:36,133300.0,300,Sell,223417164
2024-07-17 09:47:39,133200.0,3200,Sell,223417275
2024-07-17 09:47:47,133200.0,400,Sell,223417491
2024-07-17 09:47:58,133200.0,2000,Sell,223418011
2024-07-17 09:47:59,133200.0,400,Sell,223418052
2024-07-17 09:47:59,133200.0,400,Sell,223418049
2024-07-17 09:47:59,133200.0,100,Sell,223418050
2024-07-17 09:47:59,133200.0,100,Sell,223418051
2024-07-17 09:48:08,133200.0,300,Sell,223418308
2024-07-17 09:48:08,133200.0,100,Sell,223418309
2024-07-17 09:48:08,133200.0,300,Sell,223418307
2024-07-17 09:48:09,133300.0,100,Buy,223418351
2024-07-17 09:48:13,133000.0,1900,Sell,223418465
2024-07-17 09:48:13,133000.0,100,Sell,223418464
2024-07-17 09:48:13,133000.0,100,Sell,223418463
2024-07-17 09:48:13,133000.0,100,Sell,223418462
2024-07-17 09:48:13,133000.0,100,Sell,223418461
2024-07-17 09:48:13,133000.0,100,Sell,223418460
2024-07-17 09:48:13,133000.0,100,Sell,223418459
2024-07-17 09:48:13,133000.0,100,Sell,223418458
2024-07-17 09:48:13,133000.0,500,Sell,223418456
2024-07-17 09:48:13,133000.0,100,Sell,223418455
2024-07-17 09:48:13,133100.0,1000,Sell,223418454
2024-07-17 09:48:13,133100.0,5000,Sell,223418453
2024-07-17 09:48:13,133100.0,200,Sell,223418452
2024-07-17 09:48:13,133100.0,200,Sell,223418451
2024-07-17 09:48:13,133200.0,300,Sell,223418450
2024-07-17 09:48:13,133000.0,100,Sell,223418457
2024-07-17 09:48:17,133000.0,100,Sell,223418603
2024-07-17 09:48:19,133200.0,1000,Sell,223418656
2024-07-17 09:48:19,133200.0,500,Sell,223418657
2024-07-17 09:48:26,133200.0,100,Buy,223418948
2024-07-17 09:48:28,133000.0,400,Sell,223418978
2024-07-17 09:48:29,133200.0,100,Buy,223419047
2024-07-17 09:48:38,133100.0,4000,Sell,223419505
2024-07-17 09:48:38,133200.0,300,Buy,223419579
2024-07-17 09:48:38,133200.0,6300,Buy,223419580
2024-07-17 09:48:38,133200.0,800,Buy,223419581
2024-07-17 09:48:48,133200.0,400,Sell,223420025
2024-07-17 09:48:55,133200.0,1600,Sell,223420430
2024-07-17 09:49:00,133300.0,1500,Buy,223420572
2024-07-17 09:49:01,133200.0,5000,Sell,223420599
2024-07-17 09:49:01,133300.0,100,Buy,223420675
2024-07-17 09:49:08,133300.0,400,Sell,223420862
2024-07-17 09:49:24,133400.0,100,Buy,223421462
2024-07-17 09:49:28,133300.0,500,Sell,223421570
2024-07-17 09:49:28,133300.0,100,Sell,223421569
2024-07-17 09:49:28,133300.0,400,Sell,223421561
2024-07-17 09:49:31,133300.0,100,Sell,223421650
2024-07-17 09:49:47,133400.0,100,Buy,223422218
2024-07-17 09:49:48,133300.0,200,Sell,223422293
2024-07-17 09:49:48,133300.0,200,Sell,223422294
2024-07-17 09:50:05,133400.0,100,Buy,223422738
2024-07-17 09:50:08,133300.0,400,Sell,223422878
2024-07-17 09:50:24,133400.0,100,Buy,223423563
2024-07-17 09:50:26,133400.0,1000,Buy,223423601
2024-07-17 09:50:29,133300.0,400,Sell,223423699
2024-07-17 09:50:36,133400.0,1000,Buy,223423951
2024-07-17 09:50:41,133300.0,2200,Sell,223424156
2024-07-17 09:50:41,133300.0,500,Sell,223424155
2024-07-17 09:50:41,133300.0,2200,Sell,223424153
2024-07-17 09:50:41,133300.0,100,Sell,223424154
2024-07-17 09:50:49,133300.0,400,Sell,223424351
2024-07-17 09:50:50,133400.0,1900,Buy,223424396
2024-07-17 09:50:50,133400.0,1100,Buy,223424397
2024-07-17 09:51:00,133400.0,200,Buy,223424687
2024-07-17 09:51:09,133300.0,400,Sell,223424952
2024-07-17 09:51:13,133400.0,100,Buy,223425128
2024-07-17 09:51:29,133300.0,400,Sell,223425575
2024-07-17 09:51:30,133300.0,1000,Sell,223425659
2024-07-17 09:51:32,133300.0,1000,Sell,223425697
2024-07-17 09:51:38,133300.0,100,Sell,223425846
2024-07-17 09:51:39,133400.0,2800,Buy,223425854
2024-07-17 09:51:39,133400.0,2200,Buy,223425855
2024-07-17 09:51:42,133400.0,1200,Buy,223425956
2024-07-17 09:51:47,133400.0,500,Buy,223426146
2024-07-17 09:51:49,133300.0,400,Sell,223426206
2024-07-17 09:51:56,133300.0,100,Sell,223426485
2024-07-17 09:52:06,133400.0,100,Buy,223426952
2024-07-17 09:52:09,133300.0,2100,Sell,223427134
2024-07-17 09:52:09,133300.0,400,Sell,223427172
2024-07-17 09:52:09,133300.0,4200,Sell,223427173
2024-07-17 09:52:12,133300.0,2100,Sell,223427342
2024-07-17 09:52:13,133300.0,4200,Sell,223427382
2024-07-17 09:52:13,133300.0,200,Sell,223427440
2024-07-17 09:52:14,133300.0,4200,Sell,223427486
2024-07-17 09:52:25,133300.0,2000,Sell,223427955
2024-07-17 09:52:29,133300.0,100,Sell,223428155
2024-07-17 09:52:29,133300.0,400,Sell,223428156
2024-07-17 09:52:33,133300.0,1000,Sell,223428313
2024-07-17 09:52:35,133300.0,500,Sell,223428365
2024-07-17 09:52:42,133300.0,300,Sell,223428677
2024-07-17 09:52:47,133400.0,500,Buy,223428969
2024-07-17 09:52:47,133400.0,1000,Buy,223428968
2024-07-17 09:52:47,133400.0,1000,Buy,223428967
2024-07-17 09:52:47,133400.0,300,Buy,223428963
2024-07-17 09:52:47,133400.0,200,Buy,223428965
2024-07-17 09:52:47,133400.0,1500,Buy,223428964
2024-07-17 09:52:47,133400.0,100,Buy,223428966
2024-07-17 09:52:49,133400.0,400,Sell,223429058
2024-07-17 09:53:02,133300.0,2300,Sell,223430023
2024-07-17 09:53:02,133300.0,100,Sell,223430022
2024-07-17 09:53:02,133300.0,100,Sell,223430024
2024-07-17 09:53:02,133300.0,3000,Sell,223430020
2024-07-17 09:53:02,133300.0,2300,Sell,223430019
2024-07-17 09:53:02,133300.0,100,Sell,223430021
2024-07-17 09:53:09,133200.0,400,Sell,223430222
2024-07-17 09:53:22,133200.0,10000,Sell,223430649
2024-07-17 09:53:29,133200.0,400,Sell,223430959
2024-07-17 09:53:33,133200.0,100,Sell,223431073
2024-07-17 09:53:35,133200.0,3000,Sell,223431252
2024-07-17 09:53:37,133200.0,600,Sell,223431300
2024-07-17 09:53:41,133300.0,600,Buy,223431464
2024-07-17 09:53:41,133200.0,100,Sell,223431480
2024-07-17 09:53:49,133200.0,500,Sell,223431802
2024-07-17 09:53:50,133200.0,100,Sell,223431811
2024-07-17 09:53:50,133200.0,400,Sell,223431812
2024-07-17 09:53:56,133300.0,5000,Buy,223432034
2024-07-17 09:54:07,133300.0,600,Buy,223432424
2024-07-17 09:54:08,133200.0,100,Sell,223432473
2024-07-17 09:54:10,133200.0,400,Sell,223432545
2024-07-17 09:54:30,133200.0,400,Sell,223433214
2024-07-17 09:54:30,133200.0,500,Sell,223433194
2024-07-17 09:54:34,133200.0,2000,Sell,223433386
2024-07-17 09:54:36,133200.0,500,Sell,223433433
2024-07-17 09:54:36,133300.0,100,Buy,223433439
2024-07-17 09:54:50,133200.0,200,Sell,223434028
2024-07-17 09:54:50,133200.0,200,Sell,223434029
2024-07-17 09:55:09,133200.0,500,Sell,223434703
2024-07-17 09:55:09,133200.0,500,Sell,223434704
2024-07-17 09:55:10,133200.0,400,Sell,223434754
2024-07-17 09:55:22,133200.0,100,Sell,223435265
2024-07-17 09:55:24,133200.0,500,Sell,223435308
2024-07-17 09:55:30,133200.0,500,Sell,223435489
2024-07-17 09:55:30,133200.0,400,Sell,223435490
2024-07-17 09:55:32,133200.0,100,Sell,223435534
2024-07-17 09:55:39,133300.0,100,Buy,223435801
2024-07-17 09:55:46,133300.0,400,Buy,223435968
2024-07-17 09:55:50,133200.0,400,Sell,223436134
2024-07-17 09:55:52,133300.0,500,Buy,223436170
2024-07-17 09:56:06,133200.0,300,Sell,223436733
2024-07-17 09:56:06,133200.0,200,Sell,223436732
2024-07-17 09:56:06,133200.0,100,Sell,223436731
2024-07-17 09:56:06,133200.0,1600,Sell,223436722
2024-07-17 09:56:06,133200.0,100,Sell,223436721
2024-07-17 09:56:06,133200.0,100,Sell,223436724
2024-07-17 09:56:06,133200.0,400,Sell,223436719
2024-07-17 09:56:06,133200.0,100,Sell,223436720
2024-07-17 09:56:06,133200.0,100,Sell,223436715
2024-07-17 09:56:06,133200.0,800,Sell,223436716
2024-07-17 09:56:06,133200.0,100,Sell,223436723
2024-07-17 09:56:06,133200.0,100,Sell,223436718
2024-07-17 09:56:06,133200.0,200,Sell,223436717
2024-07-17 09:56:10,133200.0,400,Sell,223436880
2024-07-17 09:56:11,133200.0,300,Sell,223436915
2024-07-17 09:56:18,133100.0,500,Sell,223437145
2024-07-17 09:56:29,133100.0,1200,Sell,223437675
2024-07-17 09:56:31,133100.0,400,Sell,223437768
2024-07-17 09:56:32,133200.0,500,Buy,223437828
2024-07-17 09:56:48,133200.0,100,Buy,223438414
2024-07-17 09:56:50,133200.0,200,Buy,223438453
2024-07-17 09:56:50,133100.0,400,Sell,223438500
2024-07-17 09:56:50,133200.0,100,Buy,223438450
2024-07-17 09:56:50,133200.0,4200,Buy,223438452
2024-07-17 09:56:50,133200.0,500,Buy,223438451
2024-07-17 09:56:54,133200.0,200,Buy,223438638
2024-07-17 09:56:58,133200.0,300,Buy,223438786
2024-07-17 09:57:01,133200.0,100,Buy,223438943
2024-07-17 09:57:08,133100.0,600,Sell,223439352
2024-07-17 09:57:11,133100.0,400,Sell,223439496
2024-07-17 09:57:22,133100.0,100,Sell,223440018
2024-07-17 09:57:31,133100.0,100,Sell,223440477
2024-07-17 09:57:32,133100.0,100,Sell,223440526
2024-07-17 09:57:32,133100.0,200,Sell,223440527
2024-07-17 09:57:32,133100.0,100,Sell,223440528
2024-07-17 09:57:42,133100.0,700,Sell,223440976
2024-07-17 09:57:42,133100.0,100,Sell,223440974
2024-07-17 09:57:42,133100.0,100,Sell,223440973
2024-07-17 09:57:42,133100.0,100,Sell,223440975
2024-07-17 09:57:49,133100.0,100,Sell,223441338
2024-07-17 09:57:49,133100.0,100,Sell,223441339
2024-07-17 09:57:49,133100.0,100,Sell,223441340
2024-07-17 09:57:49,133100.0,1000,Sell,223441341
2024-07-17 09:57:49,133100.0,200,Sell,223441342
2024-07-17 09:57:49,133100.0,2400,Sell,223441337
2024-07-17 09:57:50,133100.0,900,Sell,223441379
2024-07-17 09:57:50,133100.0,100,Sell,223441381
2024-07-17 09:57:50,133100.0,600,Sell,223441382
2024-07-17 09:57:50,133100.0,200,Sell,223441383
2024-07-17 09:57:50,133000.0,2300,Sell,223441384
2024-07-17 09:57:50,133100.0,100,Sell,223441380
2024-07-17 09:57:51,133000.0,400,Sell,223441515
2024-07-17 09:57:56,133000.0,4200,Sell,223441746
2024-07-17 09:58:04,133200.0,100,Buy,223442259
2024-07-17 09:58:10,133000.0,4200,Sell,223442641
2024-07-17 09:58:11,133000.0,400,Sell,223442691
2024-07-17 09:58:12,133000.0,500,Sell,223442703
2024-07-17 09:58:16,133000.0,200,Sell,223442906
2024-07-17 09:58:18,133000.0,400,Sell,223443014
2024-07-17 09:58:18,133000.0,300,Sell,223443015
2024-07-17 09:58:18,133000.0,3500,Sell,223443016
2024-07-17 09:58:27,133000.0,500,Sell,223443574
2024-07-17 09:58:27,133000.0,100,Sell,223443573
2024-07-17 09:58:27,133000.0,100,Sell,223443572
2024-07-17 09:58:27,133000.0,200,Sell,223443571
2024-07-17 09:58:27,133000.0,100,Sell,223443570
2024-07-17 09:58:27,133000.0,1000,Sell,223443568
2024-07-17 09:58:27,133000.0,500,Sell,223443567
2024-07-17 09:58:27,133000.0,300,Sell,223443565
2024-07-17 09:58:27,133000.0,5000,Sell,223443564
2024-07-17 09:58:27,133000.0,5000,Sell,223443575
2024-07-17 09:58:27,133000.0,500,Sell,223443569
2024-07-17 09:58:27,133000.0,100,Sell,223443576
2024-07-17 09:58:27,133000.0,100,Sell,223443588
2024-07-17 09:58:27,133000.0,100,Sell,223443578
2024-07-17 09:58:27,133000.0,100,Sell,223443579
2024-07-17 09:58:27,133000.0,100,Sell,223443580
2024-07-17 09:58:27,133000.0,200,Sell,223443581
2024-07-17 09:58:27,133000.0,100,Sell,223443582
2024-07-17 09:58:27,133000.0,100,Sell,223443583
2024-07-17 09:58:27,133000.0,5000,Sell,223443584
2024-07-17 09:58:27,133000.0,100,Sell,223443585
2024-07-17 09:58:27,133000.0,500,Sell,223443586
2024-07-17 09:58:27,133000.0,200,Sell,223443587
2024-07-17 09:58:27,133000.0,700,Sell,223443563
2024-07-17 09:58:27,133000.0,700,Sell,223443589
2024-07-17 09:58:27,133000.0,100,Sell,223443577
2024-07-17 09:58:27,133000.0,100,Sell,223443562
2024-07-17 09:58:27,133000.0,1000,Sell,223443566
2024-07-17 09:58:27,133000.0,200,Sell,223443560
2024-07-17 09:58:27,133000.0,6000,Sell,223443531
2024-07-17 09:58:27,133000.0,500,Sell,223443532
2024-07-17 09:58:27,133000.0,2000,Sell,223443533
2024-07-17 09:58:27,133000.0,200,Sell,223443534
2024-07-17 09:58:27,133000.0,300,Sell,223443535
2024-07-17 09:58:27,133000.0,1000,Sell,223443536
2024-07-17 09:58:27,133000.0,100,Sell,223443537
2024-07-17 09:58:27,133000.0,100,Sell,223443538
2024-07-17 09:58:27,133000.0,100,Sell,223443539
2024-07-17 09:58:27,133000.0,4800,Sell,223443540
2024-07-17 09:58:27,133000.0,200,Sell,223443541
2024-07-17 09:58:27,133000.0,500,Sell,223443542
2024-07-17 09:58:27,133000.0,5000,Sell,223443561
2024-07-17 09:58:27,133000.0,700,Sell,223443543
2024-07-17 09:58:27,133000.0,1000,Sell,223443545
2024-07-17 09:58:27,133000.0,500,Sell,223443556
2024-07-17 09:58:27,133000.0,300,Sell,223443555
2024-07-17 09:58:27,133000.0,100,Sell,223443554
2024-07-17 09:58:27,133000.0,1500,Sell,223443530
2024-07-17 09:58:27,133000.0,100,Sell,223443544
2024-07-17 09:58:27,133000.0,1000,Sell,223443552
2024-07-17 09:58:27,133000.0,100,Sell,223443553
2024-07-17 09:58:27,133000.0,500,Sell,223443550
2024-07-17 09:58:27,133000.0,200,Sell,223443549
2024-07-17 09:58:27,133000.0,4600,Sell,223443548
2024-07-17 09:58:27,133000.0,400,Sell,223443547
2024-07-17 09:58:27,133000.0,5000,Sell,223443546
2024-07-17 09:58:27,133000.0,400,Sell,223443551
2024-07-17 09:58:31,133000.0,300,Sell,223443998
2024-07-17 09:58:31,133000.0,100,Sell,223443999
2024-07-17 09:58:35,133000.0,100,Sell,223444132
2024-07-17 09:58:35,133000.0,100,Sell,223444125
2024-07-17 09:58:35,133000.0,100,Sell,223444130
2024-07-17 09:58:35,133000.0,100,Sell,223444131
2024-07-17 09:58:37,133100.0,100,Buy,223444323
2024-07-17 09:58:44,133000.0,100,Sell,223444691
2024-07-17 09:58:44,132900.0,100,Sell,223444692
2024-07-17 09:58:51,132900.0,300,Sell,223445018
2024-07-17 09:58:51,132900.0,100,Sell,223445017
2024-07-17 09:58:51,132900.0,300,Sell,223445016
2024-07-17 09:58:51,132900.0,400,Sell,223445015
2024-07-17 09:58:51,132900.0,400,Sell,223445019
2024-07-17 09:58:51,132900.0,100,Sell,223445013
2024-07-17 09:58:51,132900.0,100,Sell,223445012
2024-07-17 09:58:51,132900.0,100,Sell,223445011
2024-07-17 09:58:51,132900.0,900,Sell,223445010
2024-07-17 09:58:51,132900.0,100,Sell,223445014
2024-07-17 09:59:06,132900.0,300,Sell,223445800
2024-07-17 09:59:06,132900.0,200,Sell,223445801
2024-07-17 09:59:06,132900.0,4200,Sell,223445874
2024-07-17 09:59:11,132900.0,200,Sell,223446162
2024-07-17 09:59:12,132900.0,400,Sell,223446221
2024-07-17 09:59:18,132900.0,5000,Sell,223446503
2024-07-17 09:59:25,133000.0,100,Buy,223446835
2024-07-17 09:59:26,132900.0,1000,Sell,223446905
2024-07-17 09:59:26,132900.0,100,Sell,223446906
2024-07-17 09:59:29,132900.0,500,Buy,223447121
2024-07-17 09:59:31,132900.0,100,Buy,223447212
2024-07-17 09:59:32,132800.0,200,Sell,223447286
2024-07-17 09:59:32,132800.0,1000,Sell,223447285
2024-07-17 09:59:32,132800.0,300,Sell,223447287
2024-07-17 09:59:32,132800.0,100,Sell,223447283
2024-07-17 09:59:32,132800.0,400,Sell,223447277
2024-07-17 09:59:32,132800.0,1000,Sell,223447284
2024-07-17 09:59:32,132800.0,600,Sell,223447282
2024-07-17 09:59:37,132800.0,300,Sell,223447545
2024-07-17 09:59:40,132800.0,100,Sell,223447824
2024-07-17 09:59:52,132800.0,400,Sell,223448346
2024-07-17 09:59:55,132900.0,4000,Buy,223448563
2024-07-17 10:00:00,132800.0,500,Sell,223448808
2024-07-17 10:00:06,132800.0,100,Sell,223449101
2024-07-17 10:00:12,132800.0,400,Sell,223449472
2024-07-17 10:00:20,132800.0,400,Sell,223449849
2024-07-17 10:00:30,132800.0,100,Sell,223450271
2024-07-17 10:00:32,132800.0,400,Sell,223450396
2024-07-17 10:00:32,132800.0,100,Sell,223450390
2024-07-17 10:00:39,132800.0,400,Sell,223450774
2024-07-17 10:00:44,132800.0,500,Sell,223450952
2024-07-17 10:00:45,132800.0,200,Sell,223451002
2024-07-17 10:00:45,132800.0,100,Sell,223451001
2024-07-17 10:00:45,132800.0,200,Sell,223451000
2024-07-17 10:00:45,132800.0,100,Sell,223450999
2024-07-17 10:00:45,132800.0,500,Sell,223450998
2024-07-17 10:00:45,132800.0,100,Sell,223450992
2024-07-17 10:00:45,132800.0,100,Sell,223450996
2024-07-17 10:00:45,132800.0,200,Sell,223450995
2024-07-17 10:00:45,132800.0,100,Sell,223450994
2024-07-17 10:00:45,132800.0,100,Sell,223450993
2024-07-17 10:00:45,132800.0,500,Sell,223450997
2024-07-17 10:00:45,132800.0,1000,Sell,223450991
2024-07-17 10:00:46,132800.0,200,Sell,223451055
2024-07-17 10:00:52,132800.0,400,Sell,223451298
2024-07-17 10:00:52,132800.0,100,Sell,223451302
2024-07-17 10:00:54,132800.0,100,Sell,223451380
2024-07-17 10:00:54,132800.0,400,Sell,223451381
2024-07-17 10:00:57,132800.0,100,Sell,223451527
2024-07-17 10:00:57,132800.0,200,Sell,223451528
2024-07-17 10:00:57,132800.0,100,Sell,223451535
2024-07-17 10:00:57,132800.0,200,Sell,223451536
2024-07-17 10:00:57,132800.0,200,Sell,223451537
2024-07-17 10:00:57,132800.0,600,Sell,223451538
2024-07-17 10:00:57,132800.0,200,Sell,223451539
2024-07-17 10:00:57,132800.0,100,Sell,223451540
2024-07-17 10:00:59,132800.0,500,Buy,223451627
2024-07-17 10:01:01,132800.0,100,Buy,223451718
2024-07-17 10:01:01,132800.0,100,Buy,223451719
2024-07-17 10:01:10,132800.0,300,Buy,223452191
2024-07-17 10:01:12,132700.0,400,Sell,223452314
2024-07-17 10:01:18,132800.0,300,Buy,223452575
2024-07-17 10:01:20,132800.0,100,Buy,223452635
2024-07-17 10:01:22,132700.0,200,Sell,223452678
2024-07-17 10:01:25,132800.0,300,Buy,223452843
2024-07-17 10:01:32,132700.0,400,Sell,223453187
2024-07-17 10:01:32,132700.0,100,Sell,223453197
2024-07-17 10:01:33,132800.0,300,Buy,223453214
2024-07-17 10:01:33,132800.0,600,Buy,223453215
2024-07-17 10:01:33,132800.0,300,Buy,223453216
2024-07-17 10:01:33,132800.0,3800,Buy,223453217
2024-07-17 10:01:37,132800.0,200,Buy,223453430
2024-07-17 10:01:39,132700.0,200,Sell,223453504
2024-07-17 10:01:39,132700.0,900,Sell,223453503
2024-07-17 10:01:39,132800.0,300,Sell,223453502
2024-07-17 10:01:39,132800.0,300,Sell,223453500
2024-07-17 10:01:39,132800.0,300,Sell,223453501
2024-07-17 10:01:48,132800.0,500,Sell,223453886
2024-07-17 10:01:52,132800.0,100,Sell,223454032
2024-07-17 10:01:53,132800.0,400,Sell,223454053
2024-07-17 10:01:58,132800.0,200,Sell,223454322
2024-07-17 10:01:59,132900.0,100,Buy,223454349
2024-07-17 10:02:08,132900.0,100,Buy,223454718
2024-07-17 10:02:08,132800.0,100,Sell,223454725
2024-07-17 10:02:12,132800.0,300,Sell,223454969
2024-07-17 10:02:12,132800.0,100,Sell,223454968
2024-07-17 10:02:27,132800.0,100,Sell,223455547
2024-07-17 10:02:27,132800.0,500,Sell,223455548
2024-07-17 10:02:30,132800.0,400,Sell,223455658
2024-07-17 10:02:32,132800.0,200,Sell,223455740
2024-07-17 10:02:33,132800.0,400,Sell,223455755
2024-07-17 10:02:42,132800.0,400,Sell,223456039
2024-07-17 10:02:42,132800.0,100,Sell,223456038
2024-07-17 10:02:47,132800.0,200,Sell,223456182
2024-07-17 10:02:47,132800.0,100,Sell,223456181
2024-07-17 10:02:53,132800.0,400,Sell,223456374
2024-07-17 10:02:54,132800.0,1000,Sell,223456424
2024-07-17 10:03:04,132700.0,1000,Sell,223456739
2024-07-17 10:03:04,132700.0,100,Sell,223456740
2024-07-17 10:03:04,132700.0,100,Sell,223456741
2024-07-17 10:03:04,132700.0,1000,Sell,223456742
2024-07-17 10:03:04,132700.0,1000,Sell,223456743
2024-07-17 10:03:04,132700.0,100,Sell,223456744
2024-07-17 10:03:04,132700.0,1000,Sell,223456745
2024-07-17 10:03:04,132700.0,1400,Sell,223456746
2024-07-17 10:03:04,132700.0,500,Sell,223456747
2024-07-17 10:03:04,132700.0,100,Sell,223456748
2024-07-17 10:03:04,132700.0,5000,Sell,223456749
2024-07-17 10:03:04,132700.0,2000,Sell,223456750
2024-07-17 10:03:04,132700.0,1000,Sell,223456751
2024-07-17 10:03:04,132700.0,1000,Sell,223456738
2024-07-17 10:03:04,132700.0,1000,Sell,223456737
2024-07-17 10:03:04,132700.0,200,Sell,223456728
2024-07-17 10:03:04,132700.0,100,Sell,223456735
2024-07-17 10:03:04,132800.0,3400,Sell,223456721
2024-07-17 10:03:04,132800.0,100,Sell,223456722
2024-07-17 10:03:04,132800.0,100,Sell,223456723
2024-07-17 10:03:04,132800.0,1000,Sell,223456724
2024-07-17 10:03:04,132700.0,1000,Sell,223456736
2024-07-17 10:03:04,132800.0,500,Sell,223456726
2024-07-17 10:03:04,132800.0,200,Sell,223456725
2024-07-17 10:03:04,132700.0,5000,Sell,223456729
2024-07-17 10:03:04,132700.0,100,Sell,223456730
2024-07-17 10:03:04,132700.0,500,Sell,223456731
2024-07-17 10:03:04,132700.0,300,Sell,223456732
2024-07-17 10:03:04,132700.0,600,Sell,223456733
2024-07-17 10:03:04,132700.0,100,Sell,223456734
2024-07-17 10:03:04,132700.0,500,Sell,223456727
2024-07-17 10:03:13,132600.0,300,Sell,223457085
2024-07-17 10:03:13,132600.0,100,Sell,223457086
2024-07-17 10:03:20,132600.0,1300,Sell,223457385
2024-07-17 10:03:20,132600.0,200,Sell,223457384
2024-07-17 10:03:20,132600.0,200,Sell,223457383
2024-07-17 10:03:20,132600.0,200,Sell,223457382
2024-07-17 10:03:20,132600.0,100,Sell,223457380
2024-07-17 10:03:20,132600.0,100,Sell,223457381
2024-07-17 10:03:20,132600.0,100,Sell,223457377
2024-07-17 10:03:20,132600.0,200,Sell,223457379
2024-07-17 10:03:20,132600.0,100,Sell,223457378
2024-07-17 10:03:29,132700.0,10000,Buy,223457879
2024-07-17 10:03:33,132600.0,200,Sell,223458030
2024-07-17 10:03:33,132800.0,100,Sell,223458029
2024-07-17 10:03:33,132600.0,100,Sell,223458031
2024-07-17 10:03:35,132800.0,100,Sell,223458096
2024-07-17 10:03:36,132800.0,500,Sell,223458128
2024-07-17 10:03:39,132900.0,200,Buy,223458273
2024-07-17 10:03:53,132600.0,100,Sell,223459124
2024-07-17 10:03:53,132600.0,300,Sell,223459125
2024-07-17 10:03:55,132700.0,400,Buy,223459226
2024-07-17 10:03:55,132900.0,600,Buy,223459227
2024-07-17 10:03:55,132900.0,500,Buy,223459228
2024-07-17 10:03:55,132900.0,500,Buy,223459229
2024-07-17 10:03:55,132900.0,200,Buy,223459230
2024-07-17 10:04:00,132900.0,500,Sell,223459397
2024-07-17 10:04:02,132900.0,400,Sell,223459513
2024-07-17 10:04:02,132900.0,1100,Sell,223459492
2024-07-17 10:04:06,132600.0,100,Sell,223459751
2024-07-17 10:04:13,132900.0,300,Buy,223459972
2024-07-17 10:04:13,132800.0,400,Sell,223459975
2024-07-17 10:04:21,132900.0,1300,Buy,223460382
2024-07-17 10:04:21,132900.0,700,Buy,223460383
2024-07-17 10:04:33,132900.0,500,Buy,223460858
2024-07-17 10:04:33,132800.0,400,Sell,223460899
2024-07-17 10:04:40,132800.0,200,Sell,223461104
2024-07-17 10:04:40,132800.0,100,Sell,223461105
2024-07-17 10:04:46,132800.0,200,Sell,223461402
2024-07-17 10:04:53,132800.0,400,Sell,223461720
2024-07-17 10:05:01,132800.0,100,Sell,223461952
2024-07-17 10:05:02,132900.0,1000,Buy,223461988
2024-07-17 10:05:07,132900.0,100,Buy,223462252
2024-07-17 10:05:08,132900.0,100,Buy,223462265
2024-07-17 10:05:12,132900.0,200,Buy,223462449
2024-07-17 10:05:12,132900.0,300,Buy,223462448
2024-07-17 10:05:13,132800.0,100,Sell,223462512
2024-07-17 10:05:13,132800.0,400,Sell,223462536
2024-07-17 10:05:18,132800.0,500,Sell,223462780
2024-07-17 10:05:22,132800.0,200,Sell,223462939
2024-07-17 10:05:22,132800.0,1700,Sell,223462940
2024-07-17 10:05:34,132800.0,300,Sell,223463291
2024-07-17 10:05:34,132800.0,100,Sell,223463292
2024-07-17 10:05:37,132800.0,400,Sell,223463414
2024-07-17 10:05:37,132800.0,1600,Sell,223463415
2024-07-17 10:05:38,132800.0,3300,Sell,223463443
2024-07-17 10:05:38,132800.0,100,Sell,223463442
2024-07-17 10:05:38,132800.0,100,Sell,223463440
2024-07-17 10:05:38,132800.0,400,Sell,223463424
2024-07-17 10:05:38,132800.0,100,Sell,223463441
2024-07-17 10:05:48,132800.0,100,Sell,223463788
2024-07-17 10:05:50,133300.0,1800,Buy,223463842
2024-07-17 10:05:50,133300.0,500,Buy,223463841
2024-07-17 10:05:50,133200.0,300,Buy,223463840
2024-07-17 10:05:50,133200.0,400,Buy,223463839
2024-07-17 10:05:50,133200.0,1000,Buy,223463838
2024-07-17 10:05:50,133200.0,500,Buy,223463837
2024-07-17 10:05:50,133200.0,100,Buy,223463836
2024-07-17 10:05:50,133200.0,200,Buy,223463835
2024-07-17 10:05:50,133100.0,200,Buy,223463833
2024-07-17 10:05:50,133100.0,100,Buy,223463834
2024-07-17 10:05:50,133100.0,900,Buy,223463832
2024-07-17 10:05:50,133000.0,600,Buy,223463827
2024-07-17 10:05:50,133000.0,100,Buy,223463830
2024-07-17 10:05:50,133000.0,100,Buy,223463831
2024-07-17 10:05:50,132900.0,300,Buy,223463819
2024-07-17 10:05:50,132900.0,500,Buy,223463820
2024-07-17 10:05:50,132900.0,500,Buy,223463821
2024-07-17 10:05:50,132900.0,500,Buy,223463822
2024-07-17 10:05:50,133000.0,2000,Buy,223463826
2024-07-17 10:05:50,133000.0,2000,Buy,223463824
2024-07-17 10:05:50,133000.0,1000,Buy,223463828
2024-07-17 10:05:50,133000.0,200,Buy,223463829
2024-07-17 10:05:50,133000.0,200,Buy,223463825
2024-07-17 10:05:50,133000.0,1000,Buy,223463823
2024-07-17 10:05:54,132800.0,400,Sell,223464014
2024-07-17 10:05:55,132800.0,400,Sell,223464040
2024-07-17 10:05:55,132800.0,200,Sell,223464041
2024-07-17 10:05:55,132800.0,400,Sell,223464042
2024-07-17 10:06:14,132900.0,200,Sell,223464757
2024-07-17 10:06:14,132800.0,200,Sell,223464758
2024-07-17 10:06:34,132800.0,400,Sell,223465665
2024-07-17 10:06:36,133000.0,100,Buy,223465744
2024-07-17 10:06:44,133000.0,100,Sell,223466107
2024-07-17 10:06:54,132800.0,400,Sell,223466480
2024-07-17 10:07:14,132900.0,400,Sell,223467151
2024-07-17 10:07:34,133100.0,400,Sell,223467798
2024-07-17 10:07:41,133100.0,500,Sell,223467985
2024-07-17 10:07:49,133000.0,100,Sell,223468225
2024-07-17 10:07:49,133000.0,100,Sell,223468224
2024-07-17 10:07:49,133100.0,100,Sell,223468223
2024-07-17 10:07:51,133000.0,100,Sell,223468292
2024-07-17 10:07:54,133000.0,400,Sell,223468406
2024-07-17 10:07:57,133000.0,100,Sell,223468481
2024-07-17 10:08:14,133000.0,400,Sell,223469090
2024-07-17 10:08:22,133000.0,100,Sell,223469280
2024-07-17 10:08:22,133000.0,1900,Sell,223469281
2024-07-17 10:08:26,133000.0,100,Sell,223469370
2024-07-17 10:08:32,133000.0,100,Sell,223469524
2024-07-17 10:08:32,133000.0,900,Sell,223469525
2024-07-17 10:08:35,133000.0,100,Sell,223469578
2024-07-17 10:08:35,133000.0,300,Sell,223469579
2024-07-17 10:08:35,133000.0,500,Sell,223469589
2024-07-17 10:08:37,133000.0,200,Sell,223469666
2024-07-17 10:08:37,133000.0,100,Sell,223469667
2024-07-17 10:08:54,133000.0,100,Buy,223470075
2024-07-17 10:08:54,133000.0,100,Buy,223470069
2024-07-17 10:08:55,132900.0,400,Sell,223470100
2024-07-17 10:08:57,132900.0,100,Sell,223470178
2024-07-17 10:09:03,133000.0,100,Buy,223470344
2024-07-17 10:09:05,133000.0,100,Buy,223470416
2024-07-17 10:09:12,133000.0,1000,Sell,223470609
2024-07-17 10:09:12,133000.0,700,Sell,223470624
2024-07-17 10:09:14,132900.0,1800,Sell,223470693
2024-07-17 10:09:14,133000.0,200,Sell,223470692
2024-07-17 10:09:15,132900.0,100,Sell,223470737
2024-07-17 10:09:15,132900.0,300,Sell,223470736
2024-07-17 10:09:16,133000.0,100,Sell,223470771
2024-07-17 10:09:21,133200.0,100,Buy,223470942
2024-07-17 10:09:28,133000.0,200,Sell,223471130
2024-07-17 10:09:29,133000.0,200,Sell,223471174
2024-07-17 10:09:35,132900.0,400,Sell,223471314
2024-07-17 10:09:39,133000.0,300,Buy,223471385
2024-07-17 10:09:48,132900.0,200,Sell,223471599
2024-07-17 10:09:55,133000.0,100,Buy,223471759
2024-07-17 10:09:55,133000.0,100,Sell,223471765
2024-07-17 10:09:55,132900.0,300,Sell,223471766
2024-07-17 10:10:15,132900.0,400,Sell,223472270
2024-07-17 10:10:19,132900.0,100,Sell,223472390
2024-07-17 10:10:19,132900.0,100,Sell,223472389
2024-07-17 10:10:19,132900.0,100,Sell,223472388
2024-07-17 10:10:19,132900.0,3000,Sell,223472385
2024-07-17 10:10:19,132900.0,100,Sell,223472386
2024-07-17 10:10:19,132900.0,100,Sell,223472387
2024-07-17 10:10:19,132900.0,700,Sell,223472384
2024-07-17 10:10:23,132900.0,200,Sell,223472496
2024-07-17 10:10:23,132900.0,300,Sell,223472497
2024-07-17 10:10:24,132900.0,700,Sell,223472521
2024-07-17 10:10:32,132900.0,300,Sell,223472696
2024-07-17 10:10:32,132900.0,200,Buy,223472691
2024-07-17 10:10:35,132900.0,400,Sell,223472809
2024-07-17 10:10:45,132900.0,200,Sell,223473018
2024-07-17 10:10:56,132900.0,400,Sell,223473295
2024-07-17 10:11:01,132900.0,400,Sell,223473419
2024-07-17 10:11:01,132900.0,100,Sell,223473420
2024-07-17 10:11:07,132900.0,200,Buy,223473587
2024-07-17 10:11:16,132800.0,400,Sell,223473806
2024-07-17 10:11:17,132800.0,200,Sell,223473840
2024-07-17 10:11:17,132800.0,100,Sell,223473841
2024-07-17 10:11:17,132800.0,200,Sell,223473842
2024-07-17 10:11:36,132800.0,300,Sell,223474288
2024-07-17 10:11:36,132800.0,100,Sell,223474289
2024-07-17 10:11:46,132800.0,1500,Sell,223474489
2024-07-17 10:11:46,132800.0,500,Sell,223474490
2024-07-17 10:11:46,132800.0,100,Sell,223474495
2024-07-17 10:11:46,132800.0,300,Sell,223474496
2024-07-17 10:11:46,132800.0,1500,Sell,223474497
2024-07-17 10:11:46,132800.0,200,Sell,223474503
2024-07-17 10:11:46,132800.0,2000,Sell,223474499
2024-07-17 10:11:46,132800.0,2000,Sell,223474501
2024-07-17 10:11:46,132800.0,100,Sell,223474502
2024-07-17 10:11:46,132800.0,800,Sell,223474488
2024-07-17 10:11:46,132800.0,200,Sell,223474498
2024-07-17 10:11:46,132800.0,100,Sell,223474487
2024-07-17 10:11:46,132800.0,700,Sell,223474500
2024-07-17 10:11:46,132800.0,100,Sell,223474485
2024-07-17 10:11:46,132800.0,1500,Sell,223474475
2024-07-17 10:11:46,132800.0,200,Sell,223474476
2024-07-17 10:11:46,132800.0,2000,Sell,223474477
2024-07-17 10:11:46,132800.0,400,Sell,223474474
2024-07-17 10:11:46,132800.0,300,Sell,223474478
2024-07-17 10:11:46,132800.0,100,Sell,223474486
2024-07-17 10:11:46,132800.0,1000,Sell,223474480
2024-07-17 10:11:46,132800.0,200,Sell,223474481
2024-07-17 10:11:46,132800.0,1000,Sell,223474482
2024-07-17 10:11:46,132800.0,100,Sell,223474483
2024-07-17 10:11:46,132800.0,100,Sell,223474484
2024-07-17 10:11:46,132800.0,2000,Sell,223474479
2024-07-17 10:11:56,132800.0,100,Sell,223474799
2024-07-17 10:11:56,132800.0,100,Sell,223474800
2024-07-17 10:11:56,132800.0,200,Sell,223474801
2024-07-17 10:12:11,132800.0,100,Sell,223475221
2024-07-17 10:12:11,132800.0,100,Sell,223475222
2024-07-17 10:12:11,132800.0,100,Sell,223475218
2024-07-17 10:12:11,132800.0,100,Sell,223475220
2024-07-17 10:12:11,132800.0,100,Sell,223475219
2024-07-17 10:12:16,132800.0,400,Sell,223475334
2024-07-17 10:12:17,132800.0,100,Sell,223475344
2024-07-17 10:12:21,132800.0,300,Sell,223475483
2024-07-17 10:12:21,132800.0,100,Sell,223475484
2024-07-17 10:12:21,132800.0,2000,Sell,223475485
2024-07-17 10:12:21,132800.0,1300,Sell,223475486
2024-07-17 10:12:30,132700.0,100,Sell,223475825
2024-07-17 10:12:30,132700.0,400,Sell,223475826
2024-07-17 10:12:31,132700.0,100,Sell,223475885
2024-07-17 10:12:33,132700.0,600,Sell,223475935
2024-07-17 10:12:36,132700.0,400,Sell,223476058
2024-07-17 10:12:39,132700.0,100,Sell,223476098
2024-07-17 10:12:52,132800.0,1000,Buy,223476407
2024-07-17 10:12:56,132700.0,400,Sell,223476581
2024-07-17 10:12:59,132700.0,500,Sell,223476658
2024-07-17 10:13:05,132700.0,500,Sell,223476952
2024-07-17 10:13:06,132700.0,500,Sell,223476994
2024-07-17 10:13:16,132700.0,400,Sell,223477325
2024-07-17 10:13:25,132700.0,1100,Sell,223477676
2024-07-17 10:13:25,132700.0,100,Sell,223477677
2024-07-17 10:13:25,132700.0,100,Sell,223477678
2024-07-17 10:13:25,132700.0,2000,Sell,223477679
2024-07-17 10:13:25,132700.0,1000,Sell,223477680
2024-07-17 10:13:25,132700.0,100,Sell,223477681
2024-07-17 10:13:25,132700.0,100,Sell,223477682
2024-07-17 10:13:25,132700.0,100,Sell,223477683
2024-07-17 10:13:25,132700.0,1400,Sell,223477684
2024-07-17 10:13:27,132800.0,500,Buy,223477732
2024-07-17 10:13:29,132800.0,100,Buy,223477877
2024-07-17 10:13:37,132700.0,400,Sell,223478216
2024-07-17 10:13:38,132800.0,200,Buy,223478244
2024-07-17 10:13:51,132800.0,100,Buy,223478871
2024-07-17 10:13:57,132700.0,400,Sell,223479136
2024-07-17 10:13:59,132700.0,100,Sell,223479215
2024-07-17 10:13:59,132700.0,300,Sell,223479216
2024-07-17 10:13:59,132700.0,100,Sell,223479217
2024-07-17 10:14:17,132700.0,100,Sell,223479935
2024-07-17 10:14:17,132700.0,300,Sell,223479936
2024-07-17 10:14:22,132700.0,200,Sell,223480089
2024-07-17 10:14:22,132700.0,600,Sell,223480090
2024-07-17 10:14:29,132800.0,200,Buy,223480363
2024-07-17 10:14:30,132700.0,200,Sell,223480412
2024-07-17 10:14:37,132700.0,400,Sell,223480838
2024-07-17 10:14:39,132700.0,3000,Sell,223480940
2024-07-17 10:14:39,132700.0,1000,Sell,223480939
2024-07-17 10:14:39,132700.0,1000,Sell,223480941
2024-07-17 10:14:39,132700.0,100,Sell,223480936
2024-07-17 10:14:39,132700.0,100,Sell,223480937
2024-07-17 10:14:39,132700.0,800,Sell,223480935
2024-07-17 10:14:46,132700.0,100,Sell,223481194
2024-07-17 10:14:46,132700.0,300,Sell,223481195
2024-07-17 10:14:53,132700.0,500,Sell,223481615
2024-07-17 10:14:55,132700.0,100,Sell,223481667
2024-07-17 10:14:55,132700.0,500,Sell,223481668
2024-07-17 10:14:55,132700.0,100,Sell,223481665
2024-07-17 10:14:55,132700.0,200,Sell,223481664
2024-07-17 10:14:55,132700.0,100,Sell,223481666
2024-07-17 10:14:57,132700.0,400,Sell,223481808
2024-07-17 10:15:06,132700.0,100,Sell,223482658
2024-07-17 10:15:06,132700.0,100,Sell,223482659
2024-07-17 10:15:06,132700.0,100,Sell,223482660
2024-07-17 10:15:06,132700.0,500,Sell,223482661
2024-07-17 10:15:06,132700.0,100,Sell,223482662
2024-07-17 10:15:07,132700.0,100,Buy,223482721
2024-07-17 10:15:08,132700.0,500,Buy,223482804
2024-07-17 10:15:11,132700.0,900,Sell,223483007
2024-07-17 10:15:11,132700.0,700,Sell,223483005
2024-07-17 10:15:14,132700.0,100,Sell,223483244
2024-07-17 10:15:14,132600.0,600,Sell,223483245
2024-07-17 10:15:14,132600.0,100,Sell,223483246
2024-07-17 10:15:17,132600.0,100,Sell,223483442
2024-07-17 10:15:17,132600.0,300,Sell,223483443
2024-07-17 10:15:24,132500.0,1000,Sell,223484026
2024-07-17 10:15:24,132500.0,100,Sell,223484025
2024-07-17 10:15:24,132500.0,100,Sell,223484024
2024-07-17 10:15:24,132500.0,1000,Sell,223484023
2024-07-17 10:15:24,132500.0,100,Sell,223484022
2024-07-17 10:15:24,132500.0,500,Sell,223484021
2024-07-17 10:15:24,132600.0,2000,Sell,223484018
2024-07-17 10:15:24,132500.0,1000,Sell,223484019
2024-07-17 10:15:24,132500.0,600,Sell,223484027
2024-07-17 10:15:24,132600.0,100,Sell,223484017
2024-07-17 10:15:24,132600.0,100,Sell,223484016
2024-07-17 10:15:24,132600.0,100,Sell,223484015
2024-07-17 10:15:24,132500.0,100,Sell,223484020
2024-07-17 10:15:24,132500.0,1000,Sell,223484028
2024-07-17 10:15:24,132500.0,300,Sell,223484041
2024-07-17 10:15:24,132500.0,100,Sell,223484030
2024-07-17 10:15:24,132500.0,100,Sell,223484031
2024-07-17 10:15:24,132500.0,300,Sell,223484032
2024-07-17 10:15:24,132500.0,100,Sell,223484033
2024-07-17 10:15:24,132500.0,100,Sell,223484034
2024-07-17 10:15:24,132500.0,100,Sell,223484035
2024-07-17 10:15:24,132500.0,100,Sell,223484036
2024-07-17 10:15:24,132500.0,100,Sell,223484037
2024-07-17 10:15:24,132500.0,100,Sell,223484038
2024-07-17 10:15:24,132500.0,100,Sell,223484039
2024-07-17 10:15:24,132500.0,1000,Sell,223484040
2024-07-17 10:15:24,132600.0,100,Sell,223484014
2024-07-17 10:15:24,132500.0,100,Sell,223484042
2024-07-17 10:15:24,132500.0,1200,Sell,223484043
2024-07-17 10:15:24,132500.0,1500,Sell,223484029
2024-07-17 10:15:24,132600.0,100,Sell,223484013
2024-07-17 10:15:24,132600.0,100,Sell,223484011
2024-07-17 10:15:24,132600.0,200,Sell,223483981
2024-07-17 10:15:24,132700.0,500,Sell,223483977
2024-07-17 10:15:24,132600.0,4700,Sell,223483978
2024-07-17 10:15:24,132600.0,100,Sell,223483979
2024-07-17 10:15:24,132600.0,500,Sell,223483980
2024-07-17 10:15:24,132600.0,100,Sell,223484012
2024-07-17 10:15:24,132600.0,1000,Sell,223483982
2024-07-17 10:15:24,132600.0,2000,Sell,223483983
2024-07-17 10:15:24,132600.0,100,Sell,223483984
2024-07-17 10:15:24,132600.0,1000,Sell,223483985
2024-07-17 10:15:24,132600.0,200,Sell,223483991
2024-07-17 10:15:24,132600.0,200,Sell,223483992
2024-07-17 10:15:24,132600.0,100,Sell,223483993
2024-07-17 10:15:24,132600.0,100,Sell,223483994
2024-07-17 10:15:24,132600.0,100,Sell,223483995
2024-07-17 10:15:24,132600.0,5000,Sell,223483990
2024-07-17 10:15:24,132600.0,100,Sell,223483997
2024-07-17 10:15:24,132600.0,100,Sell,223484010
2024-07-17 10:15:24,132600.0,100,Sell,223483996
2024-07-17 10:15:24,132600.0,500,Sell,223484008
2024-07-17 10:15:24,132600.0,100,Sell,223484007
2024-07-17 10:15:24,132600.0,100,Sell,223484006
2024-07-17 10:15:24,132600.0,5000,Sell,223484005
2024-07-17 10:15:24,132600.0,100,Sell,223484004
2024-07-17 10:15:24,132600.0,3000,Sell,223484009
2024-07-17 10:15:24,132600.0,100,Sell,223484002
2024-07-17 10:15:24,132600.0,500,Sell,223483998
2024-07-17 10:15:24,132600.0,200,Sell,223484001
2024-07-17 10:15:24,132600.0,200,Sell,223484000
2024-07-17 10:15:24,132600.0,300,Sell,223483999
2024-07-17 10:15:24,132600.0,300,Sell,223484003
2024-07-17 10:15:29,132800.0,100,Buy,223484355
2024-07-17 10:15:30,132500.0,300,Sell,223484365
2024-07-17 10:15:40,132600.0,100,Sell,223484945
2024-07-17 10:15:42,132600.0,500,Sell,223485056
2024-07-17 10:15:46,132600.0,400,Sell,223485336
2024-07-17 10:15:47,132500.0,500,Sell,223485441
2024-07-17 10:15:47,132600.0,1000,Buy,223485440
2024-07-17 10:15:53,132600.0,100,Buy,223485915
2024-07-17 10:16:04,132500.0,100,Sell,223486785
2024-07-17 10:16:04,132500.0,100,Sell,223486786
2024-07-17 10:16:04,132500.0,300,Sell,223486787
2024-07-17 10:16:04,132500.0,100,Sell,223486789
2024-07-17 10:16:04,132500.0,500,Sell,223486790
2024-07-17 10:16:04,132500.0,1000,Sell,223486784
2024-07-17 10:16:04,132500.0,100,Sell,223486792
2024-07-17 10:16:04,132500.0,200,Sell,223486793
2024-07-17 10:16:04,132500.0,300,Sell,223486794
2024-07-17 10:16:04,132500.0,100,Sell,223486795
2024-07-17 10:16:04,132500.0,200,Sell,223486796
2024-07-17 10:16:04,132500.0,200,Sell,223486797
2024-07-17 10:16:04,132500.0,100,Sell,223486791
2024-07-17 10:16:04,132500.0,1000,Sell,223486783
2024-07-17 10:16:04,132500.0,100,Sell,223486788
2024-07-17 10:16:04,132500.0,200,Sell,223486781
2024-07-17 10:16:04,132500.0,5000,Sell,223486768
2024-07-17 10:16:04,132500.0,100,Sell,223486769
2024-07-17 10:16:04,132500.0,5000,Sell,223486770
2024-07-17 10:16:04,132500.0,100,Sell,223486771
2024-07-17 10:16:04,132500.0,2000,Sell,223486772
2024-07-17 10:16:04,132500.0,100,Sell,223486773
2024-07-17 10:16:04,132500.0,200,Sell,223486782
2024-07-17 10:16:04,132500.0,100,Sell,223486775
2024-07-17 10:16:04,132500.0,300,Sell,223486776
2024-07-17 10:16:04,132500.0,100,Sell,223486777
2024-07-17 10:16:04,132500.0,300,Sell,223486778
2024-07-17 10:16:04,132500.0,100,Sell,223486779
2024-07-17 10:16:04,132500.0,100,Sell,223486780
2024-07-17 10:16:04,132500.0,100,Sell,223486774
2024-07-17 10:16:05,132500.0,500,Sell,223486809
2024-07-17 10:16:05,132500.0,100,Sell,223486808
2024-07-17 10:16:05,132500.0,200,Sell,223486807
2024-07-17 10:16:05,132500.0,500,Sell,223486805
2024-07-17 10:16:05,132500.0,100,Sell,223486804
2024-07-17 10:16:05,132500.0,200,Sell,223486803
2024-07-17 10:16:05,132500.0,200,Sell,223486806
2024-07-17 10:16:07,132500.0,200,Sell,223487002
2024-07-17 10:16:07,132500.0,100,Sell,223487004
2024-07-17 10:16:07,132500.0,300,Sell,223487003
2024-07-17 10:16:07,132500.0,100,Sell,223487001
2024-07-17 10:16:07,132500.0,2900,Sell,223487005
2024-07-17 10:16:07,132500.0,100,Sell,223486999
2024-07-17 10:16:07,132500.0,1000,Sell,223486998
2024-07-17 10:16:07,132500.0,100,Sell,223486997
2024-07-17 10:16:07,132500.0,100,Sell,223487000
2024-07-17 10:16:07,132500.0,100,Sell,223486996
2024-07-17 10:16:12,132500.0,100,Sell,223487535
2024-07-17 10:16:12,132500.0,200,Sell,223487536
2024-07-17 10:16:13,132500.0,200,Sell,223487631
2024-07-17 10:16:13,132500.0,500,Sell,223487630
2024-07-17 10:16:13,132500.0,300,Sell,223487629
2024-07-17 10:16:14,132500.0,2800,Sell,223487822
2024-07-17 10:16:14,132500.0,100,Sell,223487830
2024-07-17 10:16:14,132500.0,100,Sell,223487828
2024-07-17 10:16:14,132500.0,100,Sell,223487827
2024-07-17 10:16:14,132500.0,100,Sell,223487829
2024-07-17 10:16:14,132500.0,100,Sell,223487825
2024-07-17 10:16:14,132500.0,100,Sell,223487826
2024-07-17 10:16:14,132500.0,100,Sell,223487824
2024-07-17 10:16:14,132500.0,200,Sell,223487823
2024-07-17 10:16:15,132500.0,1300,Buy,223488065
2024-07-17 10:16:21,132500.0,300,Buy,223488396
2024-07-17 10:16:26,132500.0,100,Buy,223488951
2024-07-17 10:16:26,132500.0,100,Buy,223488733
2024-07-17 10:16:31,132500.0,400,Buy,223489289
2024-07-17 10:16:31,132400.0,100,Sell,223489290
2024-07-17 10:16:32,132500.0,4000,Buy,223489321
2024-07-17 10:16:32,132500.0,500,Buy,223489322
2024-07-17 10:16:32,132500.0,500,Buy,223489332
2024-07-17 10:16:32,132500.0,100,Buy,223489314
2024-07-17 10:16:41,132400.0,100,Sell,223490095
2024-07-17 10:16:41,132400.0,100,Sell,223490096
2024-07-17 10:16:41,132400.0,100,Sell,223490097
2024-07-17 10:16:41,132400.0,200,Sell,223490098
2024-07-17 10:16:48,132400.0,100,Sell,223490845
2024-07-17 10:16:59,132400.0,100,Sell,223491886
2024-07-17 10:17:03,132400.0,200,Sell,223492163
2024-07-17 10:17:03,132400.0,100,Sell,223492164
2024-07-17 10:17:03,132400.0,300,Sell,223492165
2024-07-17 10:17:03,132400.0,100,Sell,223492199
2024-07-17 10:17:03,132400.0,900,Sell,223492162
2024-07-17 10:17:16,132400.0,100,Sell,223493189
2024-07-17 10:17:16,132400.0,1000,Sell,223493219
2024-07-17 10:17:16,132400.0,1000,Sell,223493220
2024-07-17 10:17:19,132400.0,200,Sell,223493472
2024-07-17 10:17:24,132400.0,100,Sell,223493840
2024-07-17 10:17:27,132400.0,700,Sell,223494079
2024-07-17 10:17:27,132400.0,100,Sell,223494080
2024-07-17 10:17:27,132400.0,100,Sell,223494081
2024-07-17 10:17:27,132400.0,100,Sell,223494082
2024-07-17 10:17:32,132500.0,100,Buy,223494601
2024-07-17 10:17:32,132400.0,300,Sell,223494573
2024-07-17 10:17:32,132400.0,100,Sell,223494574
2024-07-17 10:17:32,132400.0,100,Sell,223494575
2024-07-17 10:17:34,132400.0,100,Sell,223494726
2024-07-17 10:17:34,132400.0,900,Sell,223494727
2024-07-17 10:17:35,132400.0,500,Sell,223494877
2024-07-17 10:17:37,132400.0,200,Sell,223495019
2024-07-17 10:17:39,132400.0,100,Sell,223495224
2024-07-17 10:17:47,132400.0,300,Sell,223496130
2024-07-17 10:17:51,132400.0,100,Sell,223496368
2024-07-17 10:17:52,132400.0,1000,Sell,223496448
2024-07-17 10:17:52,132400.0,100,Sell,223496447
2024-07-17 10:17:52,132400.0,100,Buy,223496449
2024-07-17 10:17:52,132400.0,1000,Sell,223496445
2024-07-17 10:17:52,132400.0,100,Sell,223496444
2024-07-17 10:17:52,132400.0,700,Sell,223496446
2024-07-17 10:17:57,132400.0,100,Buy,223497015
2024-07-17 10:17:58,132400.0,400,Buy,223497065
2024-07-17 10:18:00,132400.0,200,Buy,223497155
2024-07-17 10:18:03,132400.0,100,Buy,223497464
2024-07-17 10:18:04,132400.0,600,Buy,223497552
2024-07-17 10:18:04,132400.0,100,Buy,223497563
2024-07-17 10:18:10,132400.0,500,Buy,223498014
2024-07-17 10:18:10,132400.0,500,Buy,223498015
2024-07-17 10:18:11,132400.0,300,Buy,223498164
2024-07-17 10:18:28,132400.0,200,Buy,223500064
2024-07-17 10:18:29,132300.0,500,Sell,223500321
2024-07-17 10:18:31,132400.0,200,Buy,223500552
2024-07-17 10:18:31,132400.0,300,Buy,223500553
2024-07-17 10:18:39,132400.0,200,Buy,223501318
2024-07-17 10:18:40,132400.0,1000,Buy,223501355
2024-07-17 10:18:40,132400.0,200,Buy,223501356
2024-07-17 10:18:40,132400.0,3000,Buy,223501357
2024-07-17 10:18:40,132400.0,500,Buy,223501358
2024-07-17 10:18:40,132400.0,600,Buy,223501359
2024-07-17 10:18:40,132400.0,500,Buy,223501354
2024-07-17 10:18:46,132400.0,500,Sell,223501880
2024-07-17 10:18:46,132400.0,500,Sell,223501881
2024-07-17 10:18:51,132400.0,100,Sell,223502293
2024-07-17 10:18:54,132400.0,300,Sell,223502602
2024-07-17 10:18:54,132400.0,100,Sell,223502603
2024-07-17 10:18:54,132400.0,100,Sell,223502604
2024-07-17 10:18:54,132400.0,100,Sell,223502605
2024-07-17 10:18:55,132400.0,900,Buy,223502686
2024-07-17 10:19:01,132500.0,500,Buy,223503254
2024-07-17 10:19:01,132500.0,100,Buy,223503255
2024-07-17 10:19:01,132500.0,500,Buy,223503252
2024-07-17 10:19:01,132500.0,1000,Buy,223503253
2024-07-17 10:19:01,132500.0,900,Buy,223503251
2024-07-17 10:19:07,132400.0,100,Sell,223503761
2024-07-17 10:19:10,132500.0,200,Buy,223503997
2024-07-17 10:19:24,132500.0,100,Buy,223505165
2024-07-17 10:19:37,132400.0,100,Sell,223506126
2024-07-17 10:19:42,132400.0,1000,Sell,223506587
2024-07-17 10:19:44,132500.0,100,Buy,223506712
2024-07-17 10:19:45,132500.0,100,Buy,223506763
2024-07-17 10:19:45,132500.0,200,Buy,223506764
2024-07-17 10:19:47,132500.0,100,Buy,223506914
2024-07-17 10:19:49,132500.0,500,Buy,223507092
2024-07-17 10:19:49,132500.0,500,Buy,223507093
2024-07-17 10:19:49,132500.0,500,Buy,223507094
2024-07-17 10:19:51,132400.0,1800,Sell,223507179
2024-07-17 10:19:54,132500.0,300,Sell,223507377
2024-07-17 10:19:55,132500.0,300,Sell,223507438
2024-07-17 10:20:08,132500.0,400,Sell,223508511
2024-07-17 10:20:08,132500.0,100,Sell,223508512
2024-07-17 10:20:14,132500.0,1000,Sell,223509056
2024-07-17 10:20:19,132500.0,200,Sell,223509408
2024-07-17 10:20:27,132500.0,100,Sell,223510056
2024-07-17 10:20:27,132500.0,100,Sell,223509999
2024-07-17 10:20:32,132500.0,200,Sell,223510467
2024-07-17 10:20:32,132500.0,4200,Sell,223510468
2024-07-17 10:20:32,132500.0,1000,Sell,223510469
2024-07-17 10:20:32,132500.0,500,Sell,223510470
2024-07-17 10:20:32,132500.0,500,Sell,223510471
2024-07-17 10:20:32,132500.0,4200,Sell,223510472
2024-07-17 10:20:43,132500.0,100,Buy,223511308
2024-07-17 10:20:44,132500.0,100,Buy,223511454
2024-07-17 10:20:54,132500.0,300,Buy,223512187
2024-07-17 10:21:19,132400.0,400,Sell,223513914
2024-07-17 10:21:19,132400.0,100,Sell,223513913
2024-07-17 10:21:21,132500.0,200,Buy,223514066
2024-07-17 10:21:23,132500.0,200,Buy,223514183
2024-07-17 10:21:29,132400.0,1000,Sell,223514580
2024-07-17 10:21:31,132400.0,500,Sell,223514722
2024-07-17 10:21:40,132400.0,100,Sell,223515402
2024-07-17 10:21:41,132400.0,500,Sell,223515425
2024-07-17 10:21:45,132500.0,600,Buy,223515756
2024-07-17 10:22:08,132500.0,4200,Buy,223517576
2024-07-17 10:22:10,132400.0,100,Sell,223517751
2024-07-17 10:22:14,132500.0,1000,Buy,223518072
2024-07-17 10:22:19,132400.0,800,Sell,223518549
2024-07-17 10:22:20,132500.0,6300,Buy,223518596
2024-07-17 10:22:25,132400.0,500,Sell,223519012
2024-07-17 10:22:27,132500.0,1000,Buy,223519070
2024-07-17 10:22:32,132500.0,2000,Buy,223519395
2024-07-17 10:22:33,132500.0,3400,Buy,223519445
2024-07-17 10:22:33,132500.0,100,Buy,223519446
2024-07-17 10:22:33,132500.0,500,Buy,223519447
2024-07-17 10:22:33,132500.0,200,Buy,223519448
2024-07-17 10:22:38,132400.0,1100,Sell,223519739
2024-07-17 10:22:38,132400.0,100,Sell,223519740
2024-07-17 10:22:38,132400.0,500,Sell,223519741
2024-07-17 10:22:38,132400.0,2300,Sell,223519742
2024-07-17 10:22:41,132500.0,100,Buy,223519998
2024-07-17 10:22:50,132500.0,100,Buy,223520694
2024-07-17 10:22:50,132500.0,100,Buy,223520703
2024-07-17 10:22:51,132400.0,200,Sell,223520726
2024-07-17 10:22:54,132500.0,1700,Buy,223520969
2024-07-17 10:22:55,132500.0,200,Buy,223521039
2024-07-17 10:22:58,132500.0,100,Buy,223521184
2024-07-17 10:22:58,132500.0,500,Buy,223521183
2024-07-17 10:22:58,132500.0,500,Buy,223521182
2024-07-17 10:22:58,132500.0,200,Buy,223521181
2024-07-17 10:22:58,132500.0,2600,Buy,223521176
2024-07-17 10:22:58,132500.0,100,Buy,223521179
2024-07-17 10:22:58,132500.0,100,Buy,223521177
2024-07-17 10:22:58,132500.0,100,Buy,223521180
2024-07-17 10:22:58,132500.0,1000,Buy,223521178
2024-07-17 10:23:07,132500.0,1500,Sell,223521962
2024-07-17 10:23:09,132600.0,1000,Buy,223522119
2024-07-17 10:23:11,132500.0,900,Sell,223522199
2024-07-17 10:23:11,132600.0,500,Buy,223522221
2024-07-17 10:23:11,132600.0,100,Buy,223522222
2024-07-17 10:23:16,132700.0,4200,Buy,223522640
2024-07-17 10:23:17,132700.0,400,Buy,223522700
2024-07-17 10:23:17,132700.0,800,Buy,223522699
2024-07-17 10:23:19,132700.0,500,Sell,223522814
2024-07-17 10:23:23,132700.0,500,Sell,223523148
2024-07-17 10:23:30,132800.0,2000,Buy,223523667
2024-07-17 10:23:39,132700.0,400,Sell,223524294
2024-07-17 10:23:40,132800.0,5500,Buy,223524346
2024-07-17 10:23:40,132800.0,100,Buy,223524347
2024-07-17 10:23:40,132800.0,100,Buy,223524348
2024-07-17 10:23:40,132800.0,2000,Buy,223524349
2024-07-17 10:23:40,132800.0,500,Buy,223524350
2024-07-17 10:23:40,132800.0,200,Sell,223524351
2024-07-17 10:23:41,132800.0,300,Sell,223524460
2024-07-17 10:23:49,132900.0,200,Buy,223525003
2024-07-17 10:23:57,132800.0,300,Sell,223525480
2024-07-17 10:23:57,132800.0,400,Sell,223525481
2024-07-17 10:23:59,132800.0,400,Sell,223525667
2024-07-17 10:24:01,132800.0,100,Sell,223525744
2024-07-17 10:24:09,132900.0,200,Buy,223526227
2024-07-17 10:24:17,132900.0,600,Buy,223526661
2024-07-17 10:24:17,132900.0,200,Buy,223526662
2024-07-17 10:24:17,132900.0,200,Buy,223526663
2024-07-17 10:24:18,132900.0,200,Buy,223526715
2024-07-17 10:24:18,132900.0,200,Buy,223526716
2024-07-17 10:24:18,132900.0,600,Buy,223526717
2024-07-17 10:24:19,133000.0,600,Buy,223526753
2024-07-17 10:24:19,132800.0,400,Sell,223526751
2024-07-17 10:24:19,132900.0,400,Buy,223526752
2024-07-17 10:24:25,132900.0,100,Buy,223527074
2024-07-17 10:24:39,132900.0,400,Sell,223527740
2024-07-17 10:24:51,132900.0,200,Sell,223528273
2024-07-17 10:25:00,132900.0,400,Sell,223528632
2024-07-17 10:25:03,132900.0,1000,Sell,223528767
2024-07-17 10:25:11,132900.0,300,Sell,223529067
2024-07-17 10:25:11,132900.0,100,Sell,223529068
2024-07-17 10:25:20,132900.0,400,Sell,223529473
2024-07-17 10:25:22,132900.0,800,Sell,223529565
2024-07-17 10:25:22,132900.0,200,Sell,223529550
2024-07-17 10:25:22,132900.0,100,Sell,223529563
2024-07-17 10:25:22,132900.0,100,Sell,223529564
2024-07-17 10:25:25,132900.0,500,Sell,223529668
2024-07-17 10:25:31,133000.0,300,Buy,223529948
2024-07-17 10:25:40,132900.0,400,Sell,223530331
2024-07-17 10:26:00,132900.0,100,Sell,223531089
2024-07-17 10:26:00,132900.0,300,Sell,223531088
2024-07-17 10:26:02,132900.0,400,Sell,223531279
2024-07-17 10:26:03,132900.0,100,Sell,223531326
2024-07-17 10:26:18,132900.0,400,Sell,223531882
2024-07-17 10:26:18,132900.0,100,Sell,223531883
2024-07-17 10:26:18,133000.0,100,Buy,223531872
2024-07-17 10:26:20,132900.0,200,Sell,223531992
2024-07-17 10:26:20,132800.0,200,Sell,223531993
2024-07-17 10:26:32,132800.0,400,Sell,223532428
2024-07-17 10:26:40,132800.0,400,Sell,223532654
2024-07-17 10:26:41,132800.0,500,Sell,223532716
2024-07-17 10:27:00,132800.0,400,Sell,223533341
2024-07-17 10:27:02,132800.0,300,Sell,223533420
2024-07-17 10:27:03,132900.0,1100,Buy,223533463
2024-07-17 10:27:12,132800.0,500,Sell,223533786
2024-07-17 10:27:14,132900.0,100,Buy,223533869
2024-07-17 10:27:21,132800.0,400,Sell,223534071
2024-07-17 10:27:23,132900.0,300,Buy,223534185
2024-07-17 10:27:33,132900.0,200,Buy,223534491
2024-07-17 10:27:41,132800.0,400,Sell,223534762
2024-07-17 10:27:45,132800.0,200,Sell,223534902
2024-07-17 10:27:46,132800.0,500,Sell,223534933
2024-07-17 10:27:49,132800.0,5400,Sell,223535014
2024-07-17 10:27:49,132800.0,1500,Sell,223535015
2024-07-17 10:28:01,132800.0,400,Sell,223535501
2024-07-17 10:28:06,132800.0,100,Sell,223535661
2024-07-17 10:28:06,132800.0,200,Sell,223535660
2024-07-17 10:28:06,132800.0,100,Sell,223535658
2024-07-17 10:28:06,132800.0,100,Sell,223535659
2024-07-17 10:28:10,132800.0,100,Sell,223535781
2024-07-17 10:28:10,132800.0,200,Sell,223535782
2024-07-17 10:28:21,132800.0,400,Sell,223536030
2024-07-17 10:28:24,132800.0,500,Sell,223536134
2024-07-17 10:28:41,132800.0,100,Sell,223536663
2024-07-17 10:28:41,132800.0,300,Sell,223536664
2024-07-17 10:29:00,132800.0,500,Sell,223537247
2024-07-17 10:29:01,132800.0,200,Sell,223537260
2024-07-17 10:29:01,132800.0,200,Sell,223537261
2024-07-17 10:29:02,132800.0,2800,Sell,223537289
2024-07-17 10:29:02,132800.0,200,Sell,223537290
2024-07-17 10:29:15,132800.0,100,Sell,223537645
2024-07-17 10:29:15,132800.0,1800,Sell,223537644
2024-07-17 10:29:21,132700.0,400,Sell,223537817
2024-07-17 10:29:35,132700.0,100,Sell,223538193
2024-07-17 10:29:36,132800.0,100,Buy,223538222
2024-07-17 10:29:41,132700.0,400,Sell,223538379
2024-07-17 10:29:54,132700.0,500,Sell,223538725
2024-07-17 10:30:00,132700.0,1400,Sell,223538889
2024-07-17 10:30:01,132800.0,1000,Buy,223538920
2024-07-17 10:30:01,132700.0,400,Sell,223538929
2024-07-17 10:30:03,132700.0,1000,Sell,223538958
2024-07-17 10:30:14,132700.0,1000,Sell,223539330
2024-07-17 10:30:15,132700.0,100,Sell,223539362
2024-07-17 10:30:22,132700.0,400,Sell,223539602
2024-07-17 10:30:31,132700.0,600,Sell,223539838
2024-07-17 10:30:33,132800.0,500,Buy,223539884
2024-07-17 10:30:42,132800.0,600,Buy,223540196
2024-07-17 10:30:42,132700.0,400,Sell,223540183
2024-07-17 10:30:49,132700.0,500,Sell,223540309
2024-07-17 10:30:59,132700.0,100,Sell,223540634
2024-07-17 10:31:02,132700.0,400,Sell,223540725
2024-07-17 10:31:06,132700.0,200,Sell,223540843
2024-07-17 10:31:19,132700.0,100,Sell,223541152
2024-07-17 10:31:22,132700.0,400,Sell,223541248
2024-07-17 10:31:33,132800.0,1000,Buy,223541573
2024-07-17 10:31:42,132800.0,3000,Buy,223541808
2024-07-17 10:31:42,132700.0,200,Sell,223541809
2024-07-17 10:31:42,132700.0,200,Sell,223541810
2024-07-17 10:31:43,132700.0,500,Sell,223541823
2024-07-17 10:31:53,132900.0,6800,Buy,223542180
2024-07-17 10:31:53,132900.0,5000,Buy,223542181
2024-07-17 10:31:53,132800.0,500,Buy,223542178
2024-07-17 10:31:53,132800.0,2100,Buy,223542177
2024-07-17 10:31:53,132900.0,100,Buy,223542179
2024-07-17 10:32:03,132900.0,400,Sell,223542497
2024-07-17 10:32:17,132900.0,200,Sell,223542868
2024-07-17 10:32:23,132900.0,400,Sell,223543075
2024-07-17 10:32:24,133000.0,1000,Buy,223543132
2024-07-17 10:32:24,133000.0,500,Buy,223543133
2024-07-17 10:32:24,133000.0,500,Buy,223543134
2024-07-17 10:32:43,132900.0,400,Sell,223543578
2024-07-17 10:32:50,133000.0,1000,Buy,223543769
2024-07-17 10:32:56,133000.0,300,Buy,223543917
2024-07-17 10:32:56,133000.0,200,Buy,223543924
2024-07-17 10:32:56,133000.0,400,Buy,223543919
2024-07-17 10:32:56,133000.0,400,Buy,223543918
2024-07-17 10:32:56,133000.0,100,Buy,223543916
2024-07-17 10:32:56,133000.0,2000,Buy,223543912
2024-07-17 10:32:56,133000.0,500,Buy,223543914
2024-07-17 10:32:56,133000.0,1000,Buy,223543915
2024-07-17 10:32:56,133000.0,500,Buy,223543909
2024-07-17 10:32:56,133000.0,1700,Buy,223543911
2024-07-17 10:32:56,133000.0,400,Buy,223543913
2024-07-17 10:32:56,133000.0,500,Buy,223543910
2024-07-17 10:33:02,132900.0,3000,Sell,223544169
2024-07-17 10:33:02,133000.0,300,Buy,223544172
2024-07-17 10:33:02,133000.0,100,Buy,223544173
2024-07-17 10:33:03,133000.0,400,Sell,223544180
2024-07-17 10:33:03,133000.0,100,Sell,223544181
2024-07-17 10:33:07,133000.0,900,Sell,223544322
2024-07-17 10:33:07,133000.0,100,Sell,223544321
2024-07-17 10:33:23,132900.0,400,Sell,223544843
2024-07-17 10:33:28,133000.0,100,Buy,223544933
2024-07-17 10:33:36,133000.0,100,Buy,223545208
2024-07-17 10:33:41,133000.0,500,Buy,223545356
2024-07-17 10:33:43,132900.0,200,Sell,223545442
2024-07-17 10:33:43,132900.0,100,Sell,223545443
2024-07-17 10:33:43,132800.0,100,Sell,223545444
2024-07-17 10:33:44,133000.0,4400,Buy,223545505
2024-07-17 10:33:44,133000.0,500,Buy,223545506
2024-07-17 10:34:01,133000.0,2000,Sell,223546013
2024-07-17 10:34:03,133000.0,400,Sell,223546059
2024-07-17 10:34:17,133100.0,800,Buy,223546482
2024-07-17 10:34:17,133100.0,200,Buy,223546481
2024-07-17 10:34:23,133000.0,400,Sell,223546801
2024-07-17 10:34:26,133000.0,100,Sell,223546864
2024-07-17 10:34:44,133000.0,400,Sell,223547324
2024-07-17 10:34:48,133000.0,100,Sell,223547460
2024-07-17 10:34:49,133100.0,1000,Buy,223547486
2024-07-17 10:35:04,133000.0,400,Sell,223548002
2024-07-17 10:35:06,133000.0,10000,Sell,223548067
2024-07-17 10:35:07,133000.0,100,Sell,223548074
2024-07-17 10:35:07,133000.0,100,Sell,223548075
2024-07-17 10:35:07,133000.0,300,Sell,223548076
2024-07-17 10:35:07,133000.0,1300,Sell,223548073
2024-07-17 10:35:21,133000.0,100,Buy,223548540
2024-07-17 10:35:23,133000.0,2000,Buy,223548622
2024-07-17 10:35:24,133000.0,400,Sell,223548650
2024-07-17 10:35:27,133000.0,1000,Sell,223548774
2024-07-17 10:35:30,133000.0,100,Sell,223548895
2024-07-17 10:35:38,133000.0,2500,Sell,223549112
2024-07-17 10:35:38,133000.0,6500,Sell,223549110
2024-07-17 10:35:38,133000.0,1000,Sell,223549111
2024-07-17 10:35:39,133000.0,1000,Sell,223549147
2024-07-17 10:35:44,133000.0,400,Sell,223549282
2024-07-17 10:35:45,133000.0,500,Sell,223549337
2024-07-17 10:36:01,133000.0,200,Sell,223549764
2024-07-17 10:36:02,133000.0,3000,Sell,223549787
2024-07-17 10:36:04,133000.0,100,Sell,223549822
2024-07-17 10:36:04,133000.0,400,Sell,223549833
2024-07-17 10:36:06,133100.0,200,Buy,223549906
2024-07-17 10:36:06,133100.0,100,Buy,223549907
2024-07-17 10:36:06,133100.0,100,Buy,223549908
2024-07-17 10:36:24,133100.0,100,Buy,223550359
2024-07-17 10:36:24,133100.0,200,Buy,223550358
2024-07-17 10:36:24,133100.0,100,Buy,223550356
2024-07-17 10:36:24,133100.0,2000,Buy,223550357
2024-07-17 10:36:24,133000.0,400,Sell,223550355
2024-07-17 10:36:31,133100.0,400,Buy,223550552
2024-07-17 10:36:31,133100.0,200,Buy,223550553
2024-07-17 10:36:40,133000.0,300,Sell,223550808
2024-07-17 10:36:43,133000.0,1200,Sell,223550919
2024-07-17 10:36:43,133000.0,100,Sell,223550920
2024-07-17 10:36:43,133000.0,100,Sell,223550921
2024-07-17 10:36:43,133000.0,2000,Sell,223550922
2024-07-17 10:36:43,133000.0,10000,Sell,223550923
2024-07-17 10:36:43,133000.0,1600,Sell,223550924
2024-07-17 10:36:44,133000.0,400,Sell,223550960
2024-07-17 10:37:05,133000.0,100,Sell,223551599
2024-07-17 10:37:05,133000.0,300,Sell,223551598
2024-07-17 10:37:11,133000.0,1000,Sell,223551842
2024-07-17 10:37:13,133000.0,9000,Buy,223551896
2024-07-17 10:37:21,133000.0,10000,Sell,223552106
2024-07-17 10:37:23,133000.0,1000,Sell,223552151
2024-07-17 10:37:25,132900.0,400,Sell,223552211
2024-07-17 10:37:33,132900.0,200,Sell,223552420
2024-07-17 10:37:33,132900.0,300,Sell,223552421
2024-07-17 10:37:45,132900.0,400,Sell,223552699
2024-07-17 10:37:51,132900.0,19300,Sell,223552873
2024-07-17 10:37:51,132900.0,100,Sell,223552874
2024-07-17 10:37:54,132900.0,600,Buy,223552972
2024-07-17 10:37:54,132900.0,1400,Buy,223552973
2024-07-17 10:37:57,132800.0,1000,Sell,223553047
2024-07-17 10:37:59,132900.0,200,Buy,223553093
2024-07-17 10:38:02,132900.0,400,Buy,223553174
2024-07-17 10:38:05,132900.0,400,Sell,223553284
2024-07-17 10:38:05,132900.0,500,Sell,223553296
2024-07-17 10:38:13,132800.0,300,Sell,223553741
2024-07-17 10:38:13,132900.0,18700,Sell,223553739
2024-07-17 10:38:13,132900.0,1000,Sell,223553740
2024-07-17 10:38:25,132900.0,400,Sell,223554044
2024-07-17 10:38:26,132900.0,10500,Sell,223554054
2024-07-17 10:38:28,132900.0,500,Sell,223554091
2024-07-17 10:38:33,132900.0,100,Sell,223554305
2024-07-17 10:38:34,132900.0,500,Sell,223554355
2024-07-17 10:38:38,132900.0,3000,Sell,223554536
2024-07-17 10:38:38,132900.0,5900,Sell,223554537
2024-07-17 10:38:38,132900.0,100,Sell,223554546
2024-07-17 10:38:42,132900.0,500,Sell,223554671
2024-07-17 10:38:45,132900.0,400,Sell,223554787
2024-07-17 10:38:51,132900.0,500,Sell,223554979
2024-07-17 10:39:06,132900.0,400,Sell,223555517
2024-07-17 10:39:20,132900.0,100,Sell,223555979
2024-07-17 10:39:21,132900.0,500,Sell,223556001
2024-07-17 10:39:26,132900.0,400,Sell,223556133
2024-07-17 10:39:38,132900.0,4000,Sell,223556547
2024-07-17 10:39:46,132900.0,400,Sell,223556774
2024-07-17 10:39:52,132900.0,5000,Sell,223556932
2024-07-17 10:39:58,132900.0,100,Sell,223557093
2024-07-17 10:40:06,132900.0,400,Sell,223557557
2024-07-17 10:40:14,132900.0,200,Sell,223558027
2024-07-17 10:40:14,132900.0,1300,Sell,223558025
2024-07-17 10:40:14,132900.0,500,Sell,223558026
2024-07-17 10:40:16,132900.0,500,Sell,223558114
2024-07-17 10:40:19,133000.0,200,Buy,223558319
2024-07-17 10:40:19,133000.0,500,Buy,223558320
2024-07-17 10:40:19,133000.0,100,Buy,223558321
2024-07-17 10:40:19,133000.0,200,Buy,223558322
2024-07-17 10:40:26,132900.0,400,Sell,223558532
2024-07-17 10:40:32,133000.0,9300,Buy,223558688
2024-07-17 10:40:32,133000.0,1000,Buy,223558689
2024-07-17 10:40:32,133000.0,100,Buy,223558690
2024-07-17 10:40:32,133000.0,100,Buy,223558691
2024-07-17 10:40:32,133000.0,5000,Buy,223558692
2024-07-17 10:40:32,133000.0,500,Buy,223558693
2024-07-17 10:40:45,133000.0,1000,Sell,223559188
2024-07-17 10:40:46,133000.0,400,Sell,223559263
2024-07-17 10:40:48,133000.0,200,Sell,223559310
2024-07-17 10:40:59,133000.0,100,Sell,223559816
2024-07-17 10:41:07,133000.0,400,Sell,223560245
2024-07-17 10:41:11,133000.0,100,Sell,223560441
2024-07-17 10:41:14,133000.0,1000,Sell,223560584
2024-07-17 10:41:19,133000.0,600,Sell,223560708
2024-07-17 10:41:27,133000.0,200,Sell,223560968
2024-07-17 10:41:27,133000.0,200,Sell,223560969
2024-07-17 10:41:29,133000.0,400,Sell,223561099
2024-07-17 10:41:31,133000.0,400,Sell,223561198
2024-07-17 10:41:31,133000.0,100,Sell,223561199
2024-07-17 10:41:31,133000.0,500,Sell,223561200
2024-07-17 10:41:38,133000.0,500,Sell,223561409
2024-07-17 10:41:47,132900.0,400,Sell,223561745
2024-07-17 10:41:55,132900.0,500,Sell,223561975
2024-07-17 10:42:04,132900.0,600,Sell,223562376
2024-07-17 10:42:07,132900.0,400,Sell,223562515
2024-07-17 10:42:14,132900.0,500,Sell,223562932
2024-07-17 10:42:27,132900.0,7000,Sell,223563591
2024-07-17 10:42:27,132900.0,400,Sell,223563557
2024-07-17 10:42:47,132900.0,400,Sell,223564376
2024-07-17 10:43:07,132900.0,1800,Sell,223565217
2024-07-17 10:43:08,132900.0,400,Sell,223565267
2024-07-17 10:43:08,132900.0,500,Sell,223565272
2024-07-17 10:43:21,132900.0,200,Sell,223565797
2024-07-17 10:43:24,132900.0,1000,Sell,223565904
2024-07-17 10:43:28,132900.0,400,Sell,223566036
2024-07-17 10:43:28,132900.0,3500,Sell,223566039
2024-07-17 10:43:34,132900.0,400,Sell,223566271
2024-07-17 10:43:34,132900.0,1000,Sell,223566270
2024-07-17 10:43:34,132900.0,100,Sell,223566269
2024-07-17 10:43:34,132900.0,15000,Sell,223566268
2024-07-17 10:43:34,132900.0,100,Sell,223566267
2024-07-17 10:43:34,132900.0,100,Sell,223566265
2024-07-17 10:43:34,132900.0,100,Sell,223566264
2024-07-17 10:43:34,132900.0,900,Sell,223566263
2024-07-17 10:43:34,132900.0,100,Sell,223566266
2024-07-17 10:43:35,132900.0,100,Buy,223566303
2024-07-17 10:43:47,132900.0,500,Buy,223566671
2024-07-17 10:43:48,132800.0,400,Sell,223566693
2024-07-17 10:43:52,132900.0,1600,Buy,223566848
2024-07-17 10:43:52,132900.0,1000,Buy,223566849
2024-07-17 10:43:53,132900.0,100,Sell,223566855
2024-07-17 10:44:01,132900.0,300,Sell,223567165
2024-07-17 10:44:02,132900.0,7000,Sell,223567194
2024-07-17 10:44:08,132800.0,400,Sell,223567435
2024-07-17 10:44:11,132900.0,200,Buy,223567506
2024-07-17 10:44:16,132900.0,500,Buy,223567639
2024-07-17 10:44:16,132900.0,2800,Buy,223567638
2024-07-17 10:44:17,132900.0,3100,Sell,223567664
2024-07-17 10:44:20,132900.0,8600,Sell,223567764
2024-07-17 10:44:21,132900.0,1000,Buy,223567823
2024-07-17 10:44:25,132900.0,400,Buy,223568043
2024-07-17 10:44:25,132900.0,600,Sell,223568046
2024-07-17 10:44:25,132800.0,400,Sell,223568047
2024-07-17 10:44:28,132800.0,400,Sell,223568122
2024-07-17 10:44:31,132900.0,500,Buy,223568226
2024-07-17 10:44:33,132900.0,500,Sell,223568270
2024-07-17 10:44:33,132800.0,1100,Sell,223568271
2024-07-17 10:44:35,132900.0,10000,Buy,223568333
2024-07-17 10:44:39,133000.0,100,Buy,223568524
2024-07-17 10:44:39,133000.0,200,Buy,223568523
2024-07-17 10:44:41,132900.0,2000,Sell,223568615
2024-07-17 10:44:42,132900.0,2000,Sell,223568652
2024-07-17 10:44:45,132900.0,5000,Sell,223568744
2024-07-17 10:44:47,132900.0,100,Sell,223568795
2024-07-17 10:44:48,132900.0,900,Sell,223568823
2024-07-17 10:44:48,132900.0,100,Sell,223568824
2024-07-17 10:44:48,132900.0,400,Sell,223568828
2024-07-17 10:44:56,132900.0,500,Sell,223569021
2024-07-17 10:45:09,132900.0,400,Sell,223569546
2024-07-17 10:45:09,132900.0,1000,Sell,223569563
2024-07-17 10:45:17,133000.0,4200,Buy,223570033
2024-07-17 10:45:28,132900.0,200,Sell,223570567
2024-07-17 10:45:29,132900.0,400,Sell,223570578
2024-07-17 10:45:49,132900.0,400,Sell,223571352
2024-07-17 10:45:50,132900.0,500,Sell,223571417
2024-07-17 10:45:56,132900.0,2500,Sell,223571603
2024-07-17 10:46:02,133000.0,10800,Buy,223571816
2024-07-17 10:46:02,133000.0,600,Buy,223571817
2024-07-17 10:46:02,133000.0,2000,Buy,223571818
2024-07-17 10:46:02,133000.0,100,Buy,223571819
2024-07-17 10:46:02,133000.0,3000,Buy,223571820
2024-07-17 10:46:02,133000.0,2000,Buy,223571821
2024-07-17 10:46:02,133000.0,100,Buy,223571822
2024-07-17 10:46:02,133000.0,100,Buy,223571823
2024-07-17 10:46:02,133000.0,100,Buy,223571824
2024-07-17 10:46:02,133000.0,1200,Buy,223571825
2024-07-17 10:46:09,132900.0,400,Sell,223572071
2024-07-17 10:46:22,133000.0,500,Buy,223572426
2024-07-17 10:46:22,133000.0,100,Buy,223572427
2024-07-17 10:46:22,133000.0,5000,Buy,223572428
2024-07-17 10:46:22,133000.0,800,Buy,223572425
2024-07-17 10:46:23,133000.0,7000,Sell,223572501
2024-07-17 10:46:29,133000.0,400,Sell,223572771
2024-07-17 10:46:35,133000.0,1200,Sell,223572964
2024-07-17 10:46:35,133000.0,4200,Sell,223572965
2024-07-17 10:46:38,133000.0,9600,Buy,223573040
2024-07-17 10:46:38,133000.0,400,Buy,223573041
2024-07-17 10:46:49,132900.0,400,Sell,223573547
2024-07-17 10:47:02,133000.0,5000,Buy,223573900
2024-07-17 10:47:02,133000.0,500,Buy,223573899
2024-07-17 10:47:02,133000.0,200,Buy,223573897
2024-07-17 10:47:02,133000.0,1000,Buy,223573898
2024-07-17 10:47:05,133100.0,300,Buy,223574029
2024-07-17 10:47:05,133100.0,1800,Buy,223574030
2024-07-17 10:47:06,133000.0,2000,Sell,223574137
2024-07-17 10:47:09,133000.0,400,Sell,223574241
2024-07-17 10:47:30,133000.0,400,Sell,223574846
2024-07-17 10:47:32,133100.0,200,Buy,223574907
2024-07-17 10:47:32,133100.0,300,Buy,223574908
2024-07-17 10:47:32,133100.0,300,Buy,223574909
2024-07-17 10:47:33,133100.0,200,Buy,223574949
2024-07-17 10:47:36,133100.0,100,Buy,223575161
2024-07-17 10:47:50,133000.0,400,Sell,223575475
2024-07-17 10:47:50,133100.0,200,Buy,223575501
2024-07-17 10:47:52,133100.0,1000,Buy,223575560
2024-07-17 10:47:54,133000.0,100,Sell,223575651
2024-07-17 10:47:55,133100.0,100,Buy,223575692
2024-07-17 10:48:01,133100.0,1000,Buy,223575879
2024-07-17 10:48:10,133000.0,400,Sell,223576124
2024-07-17 10:48:13,133100.0,100,Buy,223576188
2024-07-17 10:48:15,133000.0,9600,Sell,223576235
2024-07-17 10:48:15,133000.0,400,Sell,223576236
2024-07-17 10:48:29,133000.0,300,Sell,223576765
2024-07-17 10:48:29,133000.0,500,Sell,223576766
2024-07-17 10:48:29,133000.0,2000,Sell,223576767
2024-07-17 10:48:29,133000.0,100,Sell,223576768
2024-07-17 10:48:29,133000.0,10000,Sell,223576769
2024-07-17 10:48:29,133000.0,7100,Buy,223576772
2024-07-17 10:48:30,133000.0,400,Sell,223576795
2024-07-17 10:48:31,133100.0,100,Buy,223576807
2024-07-17 10:48:33,133000.0,200,Sell,223576835
2024-07-17 10:48:36,133000.0,1000,Sell,223576934
2024-07-17 10:48:38,133000.0,300,Sell,223576982
2024-07-17 10:48:38,133000.0,700,Sell,223576983
2024-07-17 10:48:50,133000.0,500,Sell,223577378
2024-07-17 10:48:50,133000.0,400,Sell,223577379
2024-07-17 10:48:51,133000.0,500,Sell,223577402
2024-07-17 10:48:55,133100.0,1000,Buy,223577518
2024-07-17 10:49:10,133000.0,400,Sell,223577881
2024-07-17 10:49:19,133000.0,700,Sell,223578149
2024-07-17 10:49:24,133000.0,4400,Sell,223578299
2024-07-17 10:49:27,133100.0,1000,Buy,223578395
2024-07-17 10:49:27,133100.0,300,Buy,223578401
2024-07-17 10:49:27,133100.0,500,Buy,223578400
2024-07-17 10:49:27,133100.0,100,Buy,223578399
2024-07-17 10:49:27,133100.0,100,Buy,223578394
2024-07-17 10:49:27,133100.0,1000,Buy,223578397
2024-07-17 10:49:27,133100.0,200,Buy,223578396
2024-07-17 10:49:27,133100.0,1000,Buy,223578398
2024-07-17 10:49:31,133100.0,400,Sell,223578540
2024-07-17 10:49:33,133100.0,2000,Sell,223578590
2024-07-17 10:49:33,133100.0,1700,Sell,223578597
2024-07-17 10:49:36,133000.0,500,Sell,223578687
2024-07-17 10:49:36,133000.0,100,Sell,223578686
2024-07-17 10:49:36,133000.0,100,Sell,223578684
2024-07-17 10:49:36,133000.0,300,Sell,223578685
2024-07-17 10:49:36,133000.0,1000,Sell,223578681
2024-07-17 10:49:36,133000.0,2400,Sell,223578680
2024-07-17 10:49:36,133000.0,1000,Sell,223578683
2024-07-17 10:49:36,133000.0,1000,Sell,223578682
2024-07-17 10:49:51,132900.0,400,Sell,223579151
2024-07-17 10:50:11,132900.0,200,Sell,223579781
2024-07-17 10:50:11,132900.0,100,Sell,223579782
2024-07-17 10:50:11,132900.0,100,Sell,223579783
2024-07-17 10:50:31,132900.0,400,Sell,223580305
2024-07-17 10:50:49,132900.0,500,Sell,223580755
2024-07-17 10:50:51,132900.0,400,Sell,223580796
2024-07-17 10:51:11,132900.0,400,Sell,223581279
2024-07-17 10:51:32,132900.0,400,Sell,223581967
2024-07-17 10:51:37,132900.0,1000,Sell,223582120
2024-07-17 10:51:39,133000.0,500,Buy,223582174
2024-07-17 10:51:43,132900.0,500,Sell,223582264
2024-07-17 10:51:52,132900.0,400,Sell,223582489
2024-07-17 10:52:12,132900.0,400,Sell,223583081
2024-07-17 10:52:19,132900.0,500,Sell,223583238
2024-07-17 10:52:20,133000.0,1000,Buy,223583275
2024-07-17 10:52:32,132900.0,400,Sell,223583589
2024-07-17 10:52:37,132900.0,500,Sell,223583716
2024-07-17 10:52:52,132900.0,400,Sell,223584118
2024-07-17 10:52:58,133000.0,200,Buy,223584238
2024-07-17 10:53:12,132900.0,400,Sell,223584597
2024-07-17 10:53:27,133000.0,1000,Buy,223584908
2024-07-17 10:53:31,132900.0,500,Sell,223585012
2024-07-17 10:53:32,132900.0,400,Sell,223585039
2024-07-17 10:53:39,132900.0,300,Sell,223585190
2024-07-17 10:53:48,132900.0,1100,Sell,223585385
2024-07-17 10:53:48,132900.0,100,Sell,223585386
2024-07-17 10:53:48,132900.0,400,Sell,223585387
2024-07-17 10:53:48,132900.0,100,Sell,223585388
2024-07-17 10:53:48,132900.0,3000,Sell,223585389
2024-07-17 10:53:48,132900.0,100,Sell,223585390
2024-07-17 10:53:48,132900.0,1200,Sell,223585391
2024-07-17 10:53:50,132900.0,100,Sell,223585460
2024-07-17 10:53:50,132900.0,100,Sell,223585459
2024-07-17 10:53:50,132900.0,1000,Sell,223585458
2024-07-17 10:53:50,132900.0,1000,Sell,223585456
2024-07-17 10:53:50,132900.0,100,Sell,223585455
2024-07-17 10:53:50,132900.0,800,Sell,223585453
2024-07-17 10:53:50,132900.0,100,Sell,223585457
2024-07-17 10:53:50,132900.0,100,Sell,223585454
2024-07-17 10:53:53,132900.0,100,Sell,223585537
2024-07-17 10:53:53,132900.0,100,Sell,223585538
2024-07-17 10:53:53,132800.0,200,Sell,223585539
2024-07-17 10:54:13,132900.0,400,Sell,223585952
2024-07-17 10:54:25,132900.0,500,Sell,223586221
2024-07-17 10:54:33,132900.0,300,Sell,223586385
2024-07-17 10:54:33,132900.0,100,Sell,223586384
2024-07-17 10:54:42,132900.0,200,Sell,223586613
2024-07-17 10:54:52,133000.0,100,Buy,223586912
2024-07-17 10:54:53,132900.0,400,Sell,223586948
2024-07-17 10:54:58,132900.0,1100,Sell,223587113
2024-07-17 10:54:58,132900.0,100,Sell,223587114
2024-07-17 10:55:01,132900.0,300,Sell,223587194
2024-07-17 10:55:10,132900.0,500,Sell,223587561
2024-07-17 10:55:10,133000.0,100,Buy,223587564
2024-07-17 10:55:13,132900.0,400,Sell,223587648
2024-07-17 10:55:19,132900.0,500,Sell,223587804
2024-07-17 10:55:25,133000.0,200,Buy,223587955
2024-07-17 10:55:33,132900.0,400,Sell,223588269
2024-07-17 10:55:41,133000.0,100,Buy,223588510
2024-07-17 10:55:44,132900.0,100,Sell,223588566
2024-07-17 10:55:54,132900.0,400,Sell,223588815
2024-07-17 10:55:58,132900.0,100,Sell,223588968
2024-07-17 10:56:06,132900.0,1000,Sell,223589265
2024-07-17 10:56:10,133000.0,15000,Buy,223589383
2024-07-17 10:56:10,133000.0,200,Buy,223589387
2024-07-17 10:56:10,133000.0,100,Buy,223589386
2024-07-17 10:56:10,133000.0,500,Buy,223589385
2024-07-17 10:56:10,133000.0,1000,Buy,223589384
2024-07-17 10:56:10,133000.0,100,Buy,223589382
2024-07-17 10:56:10,133000.0,4400,Buy,223589375
2024-07-17 10:56:10,133000.0,100,Buy,223589380
2024-07-17 10:56:10,133000.0,100,Buy,223589379
2024-07-17 10:56:10,133000.0,900,Buy,223589378
2024-07-17 10:56:10,133000.0,3000,Buy,223589377
2024-07-17 10:56:10,133000.0,3000,Buy,223589376
2024-07-17 10:56:10,133000.0,3000,Buy,223589381
2024-07-17 10:56:14,133000.0,400,Sell,223589498
2024-07-17 10:56:34,133000.0,400,Sell,223590069
2024-07-17 10:56:38,133000.0,4000,Sell,223590214
2024-07-17 10:56:47,133000.0,1000,Sell,223590536
2024-07-17 10:56:54,133000.0,400,Sell,223590768
2024-07-17 10:57:14,133000.0,400,Sell,223591447
2024-07-17 10:57:17,133000.0,500,Sell,223591498
2024-07-17 10:57:31,133100.0,200,Buy,223591951
2024-07-17 10:57:31,133100.0,800,Buy,223591952
2024-07-17 10:57:33,133000.0,200,Sell,223592039
2024-07-17 10:57:34,133000.0,400,Sell,223592085
2024-07-17 10:57:35,133100.0,700,Buy,223592133
2024-07-17 10:57:50,133100.0,1500,Buy,223592798
2024-07-17 10:57:50,133100.0,500,Buy,223592799
2024-07-17 10:57:55,133100.0,100,Buy,223592966
2024-07-17 10:57:55,133000.0,400,Sell,223592965
2024-07-17 10:58:00,133100.0,500,Buy,223593188
2024-07-17 10:58:00,133100.0,2900,Buy,223593186
2024-07-17 10:58:00,133100.0,100,Buy,223593187
2024-07-17 10:58:15,133100.0,400,Sell,223593766
2024-07-17 10:58:18,133100.0,900,Sell,223594023
2024-07-17 10:58:28,133100.0,1000,Sell,223594388
2024-07-17 10:58:28,133100.0,200,Sell,223594386
2024-07-17 10:58:28,133100.0,300,Sell,223594387
2024-07-17 10:58:32,133200.0,100,Buy,223594521
2024-07-17 10:58:35,133100.0,400,Sell,223594605
2024-07-17 10:58:41,133100.0,1200,Sell,223594812
2024-07-17 10:58:43,133200.0,100,Buy,223594936
2024-07-17 10:58:54,133200.0,100,Buy,223595427
2024-07-17 10:58:54,133200.0,1900,Buy,223595428
2024-07-17 10:58:55,133100.0,100,Sell,223595443
2024-07-17 10:58:55,133100.0,300,Sell,223595444
2024-07-17 10:59:08,133200.0,1900,Buy,223595854
2024-07-17 10:59:15,133100.0,500,Sell,223596089
2024-07-17 10:59:15,133100.0,400,Sell,223596088
2024-07-17 10:59:32,133100.0,100,Sell,223596719
2024-07-17 10:59:35,133100.0,2900,Sell,223596831
2024-07-17 10:59:35,133100.0,500,Sell,223596832
2024-07-17 10:59:35,133100.0,100,Sell,223596833
2024-07-17 10:59:35,133100.0,500,Sell,223596834
2024-07-17 10:59:35,133100.0,200,Sell,223596835
2024-07-17 10:59:36,133100.0,300,Sell,223596890
2024-07-17 10:59:36,133000.0,100,Sell,223596891
2024-07-17 10:59:55,133000.0,400,Sell,223597581
2024-07-17 10:59:57,133000.0,4200,Sell,223597710
2024-07-17 11:00:09,133000.0,500,Sell,223598155
2024-07-17 11:00:16,133000.0,400,Sell,223598344
2024-07-17 11:00:20,133000.0,500,Sell,223598477
2024-07-17 11:00:28,133100.0,500,Sell,223598756
2024-07-17 11:00:36,133000.0,400,Sell,223599008
2024-07-17 11:00:37,133000.0,500,Sell,223599033
2024-07-17 11:00:42,133000.0,2100,Sell,223599362
2024-07-17 11:00:42,133000.0,500,Sell,223599363
2024-07-17 11:00:47,133000.0,100,Sell,223599525
2024-07-17 11:00:47,133000.0,1000,Sell,223599541
2024-07-17 11:00:56,133000.0,400,Sell,223599804
2024-07-17 11:01:03,133000.0,500,Sell,223600003
2024-07-17 11:01:16,133000.0,400,Sell,223600396
2024-07-17 11:01:36,133000.0,400,Sell,223601282
2024-07-17 11:01:56,133000.0,400,Sell,223601789
2024-07-17 11:01:58,133000.0,500,Sell,223601827
2024-07-17 11:02:00,133100.0,1000,Buy,223601899
2024-07-17 11:02:08,133100.0,100,Buy,223602096
2024-07-17 11:02:11,133100.0,900,Buy,223602190
2024-07-17 11:02:11,133100.0,100,Buy,223602191
2024-07-17 11:02:17,133000.0,400,Sell,223602393
2024-07-17 11:02:23,133100.0,100,Buy,223602598
2024-07-17 11:02:25,133000.0,500,Sell,223602667
2024-07-17 11:02:34,133100.0,300,Buy,223603033
2024-07-17 11:02:34,133100.0,700,Buy,223603034
2024-07-17 11:02:37,133000.0,400,Sell,223603135
2024-07-17 11:02:48,133000.0,400,Sell,223603664
2024-07-17 11:02:48,133000.0,5900,Sell,223603663
2024-07-17 11:02:57,133000.0,400,Sell,223604251
2024-07-17 11:03:03,133000.0,1000,Sell,223604449
2024-07-17 11:03:15,133100.0,2000,Buy,223604825
2024-07-17 11:03:17,133000.0,400,Sell,223604904
2024-07-17 11:03:22,133000.0,500,Sell,223605127
2024-07-17 11:03:23,133000.0,500,Sell,223605191
2024-07-17 11:03:29,133000.0,1200,Sell,223605466
2024-07-17 11:03:32,133000.0,500,Sell,223605601
2024-07-17 11:03:37,133000.0,100,Sell,223605780
2024-07-17 11:03:37,133000.0,100,Sell,223605781
2024-07-17 11:03:37,133000.0,100,Sell,223605782
2024-07-17 11:03:37,133000.0,100,Sell,223605783
2024-07-17 11:03:41,133000.0,400,Sell,223606011
2024-07-17 11:03:41,133000.0,100,Sell,223606012
2024-07-17 11:03:45,133000.0,100,Sell,223606164
2024-07-17 11:03:45,133000.0,900,Sell,223606165
