time,price,volume,match_type,id
2024-08-30 09:14:57,133500.0,14700,ATO/ATC,235893479
2024-08-30 09:15:53,133500.0,100,Buy,235894300
2024-08-30 09:15:54,133500.0,100,Buy,235894310
2024-08-30 09:15:56,133500.0,100,Buy,235894367
2024-08-30 09:15:56,133500.0,1300,Buy,235894365
2024-08-30 09:15:56,133500.0,600,Buy,235894366
2024-08-30 09:16:07,133500.0,800,Buy,235894524
2024-08-30 09:16:07,133500.0,700,Buy,235894525
2024-08-30 09:16:16,133500.0,1300,Buy,235894856
2024-08-30 09:16:30,133000.0,1000,Sell,235895068
2024-08-30 09:16:30,133000.0,300,Sell,235895067
2024-08-30 09:16:30,133100.0,300,Sell,235895066
2024-08-30 09:16:30,133300.0,100,Sell,235895065
2024-08-30 09:16:30,133300.0,200,Sell,235895064
2024-08-30 09:16:30,133000.0,100,Sell,235895070
2024-08-30 09:16:30,133400.0,700,Sell,235895062
2024-08-30 09:16:30,133400.0,100,Sell,235895061
2024-08-30 09:16:30,133500.0,300,Sell,235895060
2024-08-30 09:16:30,133500.0,100,Sell,235895059
2024-08-30 09:16:30,133500.0,1600,Sell,235895058
2024-08-30 09:16:30,133300.0,200,Sell,235895063
2024-08-30 09:18:31,133200.0,100,Sell,235896729
2024-08-30 09:18:31,133200.0,100,Sell,235896730
2024-08-30 09:18:32,133200.0,200,Sell,235896741
2024-08-30 09:20:20,133300.0,400,Sell,235898552
2024-08-30 09:20:20,133300.0,100,Sell,235898551
2024-08-30 09:20:35,133500.0,1000,Buy,235898782
2024-08-30 09:20:35,133500.0,100,Buy,235898783
2024-08-30 09:20:35,133500.0,100,Buy,235898784
2024-08-30 09:20:35,133500.0,3800,Buy,235898785
2024-08-30 09:20:42,133500.0,3600,Buy,235898872
2024-08-30 09:20:42,133500.0,500,Buy,235898873
2024-08-30 09:20:42,133500.0,500,Buy,235898874
2024-08-30 09:20:57,133600.0,200,Buy,235899055
2024-08-30 09:20:57,133600.0,100,Buy,235899057
2024-08-30 09:20:57,133600.0,100,Buy,235899053
2024-08-30 09:20:57,133600.0,100,Buy,235899054
2024-08-30 09:20:57,133600.0,800,Buy,235899056
2024-08-30 09:20:57,133600.0,100,Buy,235899052
2024-08-30 09:21:12,133700.0,100,Buy,235899228
2024-08-30 09:21:44,133700.0,200,Buy,235899646
2024-08-30 09:21:44,133700.0,100,Buy,235899658
2024-08-30 09:21:44,133700.0,200,Buy,235899659
2024-08-30 09:21:44,133700.0,800,Buy,235899660
2024-08-30 09:21:44,133700.0,200,Buy,235899661
2024-08-30 09:21:44,133700.0,100,Buy,235899662
2024-08-30 09:21:44,133700.0,4400,Buy,235899663
2024-08-30 09:21:49,133700.0,100,Buy,235899833
2024-08-30 09:21:57,133700.0,1900,Buy,235899954
2024-08-30 09:21:59,133700.0,100,Buy,235899997
2024-08-30 09:21:59,133700.0,2900,Buy,235900002
2024-08-30 09:22:02,133700.0,100,Buy,235900039
2024-08-30 09:22:02,133700.0,1000,Buy,235900038
2024-08-30 09:22:02,133700.0,100,Buy,235900037
2024-08-30 09:22:02,133700.0,4600,Buy,235900036
2024-08-30 09:22:07,133700.0,100,Sell,235900138
2024-08-30 09:22:13,133800.0,100,Buy,235900246
2024-08-30 09:22:13,133800.0,100,Buy,235900247
2024-08-30 09:22:13,133800.0,100,Buy,235900248
2024-08-30 09:22:13,133800.0,100,Buy,235900249
2024-08-30 09:22:13,133800.0,100,Buy,235900250
2024-08-30 09:22:13,133800.0,100,Buy,235900245
2024-08-30 09:22:13,133800.0,100,Buy,235900251
2024-08-30 09:22:14,133800.0,100,Buy,235900256
2024-08-30 09:22:14,133800.0,100,Buy,235900257
2024-08-30 09:22:14,133800.0,100,Buy,235900258
2024-08-30 09:22:14,133800.0,100,Buy,235900259
2024-08-30 09:22:14,133800.0,100,Buy,235900260
2024-08-30 09:22:30,133800.0,100,Buy,235900678
2024-08-30 09:22:43,133800.0,100,Buy,235900907
2024-08-30 09:22:47,133800.0,200,Buy,235900981
2024-08-30 09:22:48,133800.0,600,Buy,235900993
2024-08-30 09:22:48,133800.0,100,Buy,235900991
2024-08-30 09:22:57,133900.0,100,Buy,235901138
2024-08-30 09:23:03,133900.0,100,Buy,235901250
2024-08-30 09:23:03,133900.0,1400,Buy,235901251
2024-08-30 09:23:03,133900.0,1000,Buy,235901252
2024-08-30 09:23:03,133900.0,100,Buy,235901253
2024-08-30 09:23:03,133900.0,400,Buy,235901254
2024-08-30 09:23:04,133900.0,100,Buy,235901270
2024-08-30 09:23:04,133900.0,500,Buy,235901274
2024-08-30 09:23:04,133900.0,200,Buy,235901275
2024-08-30 09:23:10,134000.0,2800,Buy,235901403
2024-08-30 09:23:10,134000.0,500,Buy,235901404
2024-08-30 09:23:10,134000.0,100,Buy,235901405
2024-08-30 09:23:10,134000.0,100,Buy,235901406
2024-08-30 09:23:10,134000.0,200,Buy,235901411
2024-08-30 09:23:10,134000.0,800,Buy,235901408
2024-08-30 09:23:10,134000.0,100,Buy,235901409
2024-08-30 09:23:10,134000.0,100,Buy,235901410
2024-08-30 09:23:10,134000.0,200,Buy,235901402
2024-08-30 09:23:10,134000.0,1000,Buy,235901407
2024-08-30 09:23:10,134000.0,300,Buy,235901401
2024-08-30 09:23:10,134000.0,500,Buy,235901398
2024-08-30 09:23:10,134000.0,100,Buy,235901399
2024-08-30 09:23:10,134000.0,100,Buy,235901388
2024-08-30 09:23:10,134000.0,500,Buy,235901389
2024-08-30 09:23:10,134000.0,100,Buy,235901390
2024-08-30 09:23:10,134000.0,200,Buy,235901400
2024-08-30 09:23:10,134000.0,100,Buy,235901392
2024-08-30 09:23:10,134000.0,1300,Buy,235901391
2024-08-30 09:23:10,134000.0,100,Buy,235901394
2024-08-30 09:23:10,134000.0,100,Buy,235901395
2024-08-30 09:23:10,134000.0,500,Buy,235901396
2024-08-30 09:23:10,134000.0,100,Buy,235901397
2024-08-30 09:23:10,134000.0,100,Buy,235901393
2024-08-30 09:23:14,134000.0,200,Buy,235901491
2024-08-30 09:23:14,134000.0,900,Buy,235901495
2024-08-30 09:23:14,134000.0,100,Buy,235901494
2024-08-30 09:23:14,134000.0,900,Buy,235901493
2024-08-30 09:23:14,134000.0,100,Buy,235901492
2024-08-30 09:23:14,134000.0,500,Buy,235901490
2024-08-30 09:23:14,134000.0,1000,Buy,235901484
2024-08-30 09:23:14,134000.0,500,Buy,235901488
2024-08-30 09:23:14,134000.0,500,Buy,235901487
2024-08-30 09:23:14,134000.0,200,Buy,235901486
2024-08-30 09:23:14,134000.0,100,Buy,235901485
2024-08-30 09:23:14,134000.0,4800,Buy,235901483
2024-08-30 09:23:14,134000.0,200,Buy,235901489
2024-08-30 09:23:16,134000.0,100,Buy,235901523
2024-08-30 09:23:19,134000.0,1000,Buy,235901564
2024-08-30 09:23:20,134000.0,200,Buy,235901580
2024-08-30 09:23:20,134000.0,800,Buy,235901585
2024-08-30 09:23:20,134000.0,5000,Buy,235901586
2024-08-30 09:23:23,134000.0,5000,Buy,235901632
2024-08-30 09:23:25,134200.0,700,Buy,235901677
2024-08-30 09:23:25,134200.0,100,Buy,235901676
2024-08-30 09:23:25,134200.0,300,Buy,235901675
2024-08-30 09:23:25,134100.0,100,Buy,235901673
2024-08-30 09:23:25,134100.0,100,Buy,235901672
2024-08-30 09:23:25,134100.0,500,Buy,235901671
2024-08-30 09:23:25,134100.0,1100,Buy,235901670
2024-08-30 09:23:25,134100.0,100,Buy,235901674
2024-08-30 09:23:26,134000.0,100,Sell,235901723
2024-08-30 09:23:34,134000.0,500,Sell,235901926
2024-08-30 09:23:39,134100.0,100,Buy,235902012
2024-08-30 09:23:39,134100.0,600,Buy,235902013
2024-08-30 09:23:40,134100.0,400,Buy,235902027
2024-08-30 09:23:49,134200.0,200,Buy,235902190
2024-08-30 09:23:49,134200.0,100,Buy,235902192
2024-08-30 09:23:49,134200.0,100,Buy,235902191
2024-08-30 09:23:49,134200.0,100,Buy,235902189
2024-08-30 09:23:49,134200.0,1300,Buy,235902183
2024-08-30 09:23:49,134200.0,200,Buy,235902187
2024-08-30 09:23:49,134200.0,200,Buy,235902184
2024-08-30 09:23:49,134200.0,100,Buy,235902188
2024-08-30 09:23:49,134200.0,500,Buy,235902186
2024-08-30 09:23:49,134200.0,200,Buy,235902185
2024-08-30 09:23:54,134200.0,100,Buy,235902259
2024-08-30 09:24:01,134200.0,100,Buy,235902422
2024-08-30 09:24:01,134200.0,100,Buy,235902427
2024-08-30 09:24:01,134300.0,400,Buy,235902428
2024-08-30 09:24:03,134200.0,100,Buy,235902456
2024-08-30 09:24:16,134200.0,700,Buy,235902727
2024-08-30 09:24:16,134200.0,400,Buy,235902728
2024-08-30 09:24:16,134200.0,100,Buy,235902729
2024-08-30 09:24:22,134300.0,100,Buy,235902879
2024-08-30 09:24:22,134300.0,2900,Buy,235902886
2024-08-30 09:24:32,134300.0,100,Buy,235903115
2024-08-30 09:24:32,134300.0,500,Buy,235903112
2024-08-30 09:24:32,134300.0,500,Buy,235903114
2024-08-30 09:24:32,134300.0,100,Buy,235903110
2024-08-30 09:24:32,134300.0,600,Buy,235903109
2024-08-30 09:24:32,134300.0,100,Buy,235903111
2024-08-30 09:24:32,134300.0,100,Buy,235903113
2024-08-30 09:24:36,134300.0,100,Buy,235903198
2024-08-30 09:24:36,134300.0,200,Buy,235903199
2024-08-30 09:24:36,134400.0,100,Buy,235903200
2024-08-30 09:24:36,134400.0,600,Buy,235903201
2024-08-30 09:24:42,134300.0,100,Sell,235903316
2024-08-30 09:24:43,134400.0,400,Buy,235903345
2024-08-30 09:24:43,134400.0,100,Buy,235903346
2024-08-30 09:24:43,134400.0,500,Buy,235903347
2024-08-30 09:24:46,134400.0,100,Buy,235903411
2024-08-30 09:25:09,134400.0,400,Buy,235903863
2024-08-30 09:25:09,134400.0,200,Buy,235903864
2024-08-30 09:25:11,134400.0,300,Buy,235903913
2024-08-30 09:25:11,134400.0,200,Buy,235903912
2024-08-30 09:25:11,134400.0,300,Buy,235903910
2024-08-30 09:25:11,134400.0,200,Buy,235903911
2024-08-30 09:25:18,134400.0,100,Buy,235904065
2024-08-30 09:25:23,134400.0,2000,Buy,235904138
2024-08-30 09:25:26,134300.0,100,Sell,235904182
2024-08-30 09:25:30,134400.0,200,Buy,235904243
2024-08-30 09:25:45,134300.0,100,Sell,235904567
2024-08-30 09:25:48,134300.0,1000,Sell,235904639
2024-08-30 09:25:50,134300.0,1600,Sell,235904673
2024-08-30 09:25:50,134300.0,400,Sell,235904672
2024-08-30 09:26:15,134200.0,1200,Buy,235905092
2024-08-30 09:26:15,134200.0,200,Buy,235905093
2024-08-30 09:26:15,134300.0,600,Buy,235905094
2024-08-30 09:26:17,134300.0,200,Buy,235905124
2024-08-30 09:26:34,134200.0,100,Buy,235905347
2024-08-30 09:26:34,134200.0,2900,Buy,235905352
2024-08-30 09:26:36,134200.0,100,Sell,235905408
2024-08-30 09:26:36,134300.0,4200,Buy,235905388
2024-08-30 09:26:36,134200.0,100,Buy,235905380
2024-08-30 09:26:36,134200.0,1900,Buy,235905381
2024-08-30 09:26:36,134200.0,500,Buy,235905382
2024-08-30 09:26:42,134200.0,200,Sell,235905452
2024-08-30 09:26:45,134200.0,100,Sell,235905515
2024-08-30 09:26:47,134300.0,100,Buy,235905542
2024-08-30 09:27:01,134300.0,100,Buy,235905789
2024-08-30 09:27:01,134200.0,100,Sell,235905791
2024-08-30 09:27:01,134200.0,400,Sell,235905792
2024-08-30 09:27:12,134200.0,600,Sell,235905973
2024-08-30 09:27:12,134200.0,600,Sell,235905974
2024-08-30 09:27:13,134200.0,100,Sell,235905994
2024-08-30 09:27:14,134200.0,100,Sell,235906001
2024-08-30 09:27:17,134300.0,100,Buy,235906040
2024-08-30 09:27:20,134200.0,300,Sell,235906086
2024-08-30 09:27:25,134200.0,500,Sell,235906182
2024-08-30 09:27:29,134300.0,200,Buy,235906241
2024-08-30 09:27:34,134200.0,100,Sell,235906327
2024-08-30 09:27:37,134200.0,300,Sell,235906365
2024-08-30 09:27:37,134200.0,100,Sell,235906366
2024-08-30 09:27:37,134200.0,600,Sell,235906367
2024-08-30 09:27:38,134300.0,2500,Buy,235906390
2024-08-30 09:27:38,134300.0,500,Buy,235906391
2024-08-30 09:27:39,134200.0,500,Sell,235906399
2024-08-30 09:27:41,134200.0,1000,Sell,235906450
2024-08-30 09:27:41,134200.0,100,Sell,235906451
2024-08-30 09:27:48,134200.0,100,Sell,235906571
2024-08-30 09:27:51,134200.0,600,Sell,235906629
2024-08-30 09:27:51,134200.0,400,Sell,235906630
2024-08-30 09:27:52,134300.0,100,Buy,235906701
2024-08-30 09:27:54,134200.0,200,Sell,235906766
2024-08-30 09:27:54,134300.0,100,Buy,235906736
2024-08-30 09:28:00,134200.0,100,Sell,235906863
2024-08-30 09:28:02,134200.0,100,Sell,235906897
2024-08-30 09:28:05,134200.0,400,Sell,235906978
2024-08-30 09:28:07,134300.0,100,Buy,235907033
2024-08-30 09:28:07,134200.0,200,Sell,235907039
2024-08-30 09:28:10,134200.0,3600,Sell,235907068
2024-08-30 09:28:10,134200.0,2000,Sell,235907069
2024-08-30 09:28:14,134200.0,100,Buy,235907142
2024-08-30 09:28:31,134200.0,100,Buy,235907406
2024-08-30 09:28:49,134200.0,2000,Buy,235907725
2024-08-30 09:29:01,134200.0,100,Buy,235907915
2024-08-30 09:29:03,134100.0,300,Sell,235907943
2024-08-30 09:29:03,134200.0,500,Buy,235907945
2024-08-30 09:29:11,134200.0,500,Buy,235908070
2024-08-30 09:29:11,134200.0,500,Buy,235908069
2024-08-30 09:29:11,134200.0,200,Buy,235908068
2024-08-30 09:29:11,134200.0,100,Buy,235908064
2024-08-30 09:29:11,134200.0,100,Buy,235908066
2024-08-30 09:29:11,134200.0,100,Buy,235908065
2024-08-30 09:29:11,134200.0,900,Buy,235908063
2024-08-30 09:29:11,134200.0,600,Buy,235908067
2024-08-30 09:29:17,134200.0,3000,Buy,235908172
2024-08-30 09:29:22,134200.0,100,Buy,235908309
2024-08-30 09:29:22,134200.0,100,Buy,235908310
2024-08-30 09:29:22,134200.0,200,Buy,235908311
2024-08-30 09:29:22,134200.0,500,Buy,235908312
2024-08-30 09:29:22,134200.0,100,Buy,235908313
2024-08-30 09:29:22,134200.0,100,Buy,235908314
2024-08-30 09:29:22,134200.0,200,Buy,235908315
2024-08-30 09:29:23,134200.0,100,Sell,235908335
2024-08-30 09:29:34,134200.0,100,Sell,235908599
2024-08-30 09:29:35,134200.0,300,Sell,235908604
2024-08-30 09:29:36,134200.0,300,Sell,235908648
2024-08-30 09:29:37,134200.0,100,Sell,235908669
2024-08-30 09:29:40,134200.0,100,Sell,235908715
2024-08-30 09:29:45,134200.0,600,Sell,235908792
2024-08-30 09:29:45,134200.0,400,Sell,235908793
2024-08-30 09:29:47,134200.0,100,Sell,235908848
2024-08-30 09:29:49,134200.0,1000,Sell,235908894
2024-08-30 09:29:50,134200.0,500,Sell,235908899
2024-08-30 09:29:52,134200.0,100,Buy,235908932
2024-08-30 09:29:53,134200.0,400,Buy,235908936
2024-08-30 09:30:03,134200.0,2000,Sell,235909103
2024-08-30 09:30:04,134200.0,500,Sell,235909120
2024-08-30 09:30:07,134200.0,100,Buy,235909189
2024-08-30 09:30:10,134200.0,2600,Buy,235909224
2024-08-30 09:30:10,134200.0,100,Buy,235909219
2024-08-30 09:30:10,134200.0,300,Buy,235909223
2024-08-30 09:30:12,134200.0,2400,Buy,235909250
2024-08-30 09:30:12,134200.0,100,Buy,235909246
2024-08-30 09:30:12,134200.0,500,Buy,235909249
2024-08-30 09:30:20,134200.0,200,Buy,235909378
2024-08-30 09:30:20,134200.0,100,Buy,235909376
2024-08-30 09:30:20,134200.0,2700,Buy,235909377
2024-08-30 09:30:22,134200.0,1000,Buy,235909406
2024-08-30 09:30:33,134200.0,1800,Buy,235909601
2024-08-30 09:30:33,134200.0,200,Buy,235909602
2024-08-30 09:30:36,134200.0,800,Buy,235909638
2024-08-30 09:30:36,134200.0,200,Buy,235909639
2024-08-30 09:30:37,134200.0,100,Buy,235909698
2024-08-30 09:30:37,134200.0,1800,Buy,235909697
2024-08-30 09:30:37,134200.0,100,Buy,235909692
2024-08-30 09:30:37,134200.0,100,Buy,235909691
2024-08-30 09:30:37,134200.0,100,Buy,235909690
2024-08-30 09:30:37,134200.0,100,Buy,235909689
2024-08-30 09:30:37,134200.0,100,Buy,235909688
2024-08-30 09:30:37,134200.0,100,Buy,235909687
2024-08-30 09:30:37,134200.0,100,Buy,235909686
2024-08-30 09:30:37,134200.0,100,Buy,235909681
2024-08-30 09:30:37,134200.0,100,Buy,235909669
2024-08-30 09:30:37,134200.0,100,Buy,235909668
2024-08-30 09:30:37,134200.0,100,Buy,235909667
2024-08-30 09:30:37,134200.0,100,Buy,235909666
2024-08-30 09:30:37,134200.0,100,Buy,235909665
2024-08-30 09:30:37,134200.0,100,Buy,235909664
2024-08-30 09:30:37,134200.0,100,Buy,235909683
2024-08-30 09:30:37,134200.0,100,Buy,235909682
2024-08-30 09:30:38,134200.0,500,Sell,235909704
2024-08-30 09:30:41,134200.0,200,Sell,235909742
2024-08-30 09:30:41,134200.0,2600,Sell,235909737
2024-08-30 09:30:41,134200.0,2000,Sell,235909738
2024-08-30 09:30:41,134200.0,400,Sell,235909739
2024-08-30 09:30:49,134200.0,500,Sell,235909919
2024-08-30 09:30:50,134200.0,100,Sell,235909947
2024-08-30 09:30:54,134200.0,800,Sell,235909997
2024-08-30 09:30:54,134200.0,2000,Sell,235909998
2024-08-30 09:31:24,134200.0,2000,Buy,235910481
2024-08-30 09:31:51,134100.0,100,Sell,235911100
2024-08-30 09:31:53,134200.0,100,Buy,235911125
2024-08-30 09:31:53,134200.0,200,Buy,235911124
2024-08-30 09:31:53,134200.0,400,Buy,235911126
2024-08-30 09:31:53,134200.0,2000,Buy,235911122
2024-08-30 09:31:53,134200.0,5200,Buy,235911121
2024-08-30 09:31:53,134200.0,600,Buy,235911123
2024-08-30 09:31:58,134200.0,100,Buy,235911193
2024-08-30 09:31:58,134200.0,200,Buy,235911194
2024-08-30 09:31:58,134200.0,500,Buy,235911195
2024-08-30 09:31:58,134200.0,1000,Buy,235911196
2024-08-30 09:31:58,134200.0,200,Buy,235911197
2024-08-30 09:32:16,134200.0,500,Buy,235911657
2024-08-30 09:32:16,134200.0,200,Buy,235911658
2024-08-30 09:32:16,134200.0,100,Buy,235911656
2024-08-30 09:32:16,134200.0,100,Buy,235911652
2024-08-30 09:32:16,134200.0,100,Buy,235911654
2024-08-30 09:32:16,134200.0,700,Buy,235911653
2024-08-30 09:32:16,134200.0,300,Buy,235911655
2024-08-30 09:32:17,134200.0,800,Buy,235911702
2024-08-30 09:32:17,134200.0,400,Buy,235911703
2024-08-30 09:32:18,134200.0,100,Sell,235911758
2024-08-30 09:32:27,134200.0,1200,Sell,235911930
2024-08-30 09:32:27,134200.0,300,Sell,235911931
2024-08-30 09:32:32,134200.0,200,Buy,235912005
2024-08-30 09:32:36,134200.0,100,Buy,235912078
2024-08-30 09:32:37,134200.0,200,Buy,235912093
2024-08-30 09:32:37,134200.0,1000,Buy,235912094
2024-08-30 09:32:37,134200.0,200,Buy,235912091
2024-08-30 09:32:37,134200.0,1000,Buy,235912092
2024-08-30 09:32:38,134200.0,500,Sell,235912122
2024-08-30 09:32:56,134200.0,400,Buy,235912534
2024-08-30 09:32:56,134200.0,400,Buy,235912531
2024-08-30 09:32:56,134200.0,100,Buy,235912532
2024-08-30 09:32:56,134200.0,100,Buy,235912533
2024-08-30 09:33:07,134200.0,1900,Buy,235912750
2024-08-30 09:33:21,134100.0,1000,Sell,235913226
2024-08-30 09:33:34,134100.0,100,Sell,235913514
2024-08-30 09:33:35,134200.0,100,Buy,235913539
2024-08-30 09:33:44,134200.0,500,Buy,235913672
2024-08-30 09:33:59,134200.0,2000,Buy,235914006
2024-08-30 09:33:59,134100.0,800,Sell,235914005
2024-08-30 09:33:59,134100.0,100,Sell,235914004
2024-08-30 09:33:59,134100.0,1000,Sell,235914003
2024-08-30 09:33:59,134100.0,100,Sell,235914002
2024-08-30 09:34:16,134100.0,2900,Sell,235914466
2024-08-30 09:34:16,134100.0,100,Sell,235914465
2024-08-30 09:34:16,134100.0,200,Sell,235914464
2024-08-30 09:34:16,134100.0,2900,Sell,235914463
2024-08-30 09:34:16,134100.0,100,Sell,235914462
2024-08-30 09:34:16,134100.0,2900,Sell,235914458
2024-08-30 09:34:16,134100.0,100,Sell,235914460
2024-08-30 09:34:16,134100.0,500,Sell,235914459
2024-08-30 09:34:16,134100.0,100,Sell,235914457
2024-08-30 09:34:16,134100.0,100,Sell,235914461
2024-08-30 09:34:16,134100.0,2100,Sell,235914456
2024-08-30 09:34:31,134000.0,200,Sell,235914854
2024-08-30 09:34:31,134000.0,800,Sell,235914855
2024-08-30 09:34:39,134000.0,100,Sell,235915023
2024-08-30 09:34:48,134000.0,2000,Sell,235915157
2024-08-30 09:34:54,134000.0,1100,Sell,235915281
2024-08-30 09:34:54,134000.0,2900,Sell,235915280
2024-08-30 09:35:00,134000.0,400,Sell,235915437
2024-08-30 09:35:00,134000.0,200,Sell,235915442
2024-08-30 09:35:04,134000.0,100,Sell,235915558
2024-08-30 09:35:06,134000.0,3200,Sell,235915584
2024-08-30 09:35:06,134000.0,1800,Sell,235915585
2024-08-30 09:35:06,134000.0,300,Sell,235915586
2024-08-30 09:35:06,134000.0,100,Sell,235915587
2024-08-30 09:35:06,134000.0,100,Sell,235915588
2024-08-30 09:35:06,134000.0,2000,Sell,235915589
2024-08-30 09:35:06,134000.0,500,Sell,235915590
2024-08-30 09:35:06,134000.0,500,Sell,235915591
2024-08-30 09:35:16,134000.0,100,Buy,235915842
2024-08-30 09:35:17,134000.0,1400,Buy,235915857
2024-08-30 09:35:17,134000.0,1000,Buy,235915858
2024-08-30 09:35:17,134000.0,500,Buy,235915859
2024-08-30 09:35:27,134000.0,100,Buy,235916087
2024-08-30 09:35:35,134000.0,900,Buy,235916220
2024-08-30 09:35:35,134000.0,100,Buy,235916219
2024-08-30 09:35:38,133900.0,100,Sell,235916288
2024-08-30 09:35:44,133900.0,500,Sell,235916488
2024-08-30 09:35:50,134000.0,700,Buy,235916603
2024-08-30 09:35:54,134000.0,100,Buy,235916686
2024-08-30 09:36:32,134000.0,800,Buy,235917470
2024-08-30 09:36:32,134000.0,7500,Buy,235917471
2024-08-30 09:36:32,134000.0,100,Buy,235917472
2024-08-30 09:36:32,134000.0,20000,Buy,235917473
2024-08-30 09:36:32,134000.0,1600,Buy,235917474
2024-08-30 09:36:34,134000.0,600,Buy,235917502
2024-08-30 09:36:34,134000.0,100,Buy,235917503
2024-08-30 09:36:34,134000.0,100,Buy,235917504
2024-08-30 09:36:34,134000.0,1000,Buy,235917505
2024-08-30 09:36:34,134000.0,100,Buy,235917506
2024-08-30 09:36:47,134000.0,100,Sell,235917748
2024-08-30 09:37:00,134000.0,100,Buy,235917984
2024-08-30 09:37:26,134000.0,200,Sell,235918420
2024-08-30 09:37:29,134100.0,100,Buy,235918459
2024-08-30 09:37:43,134100.0,900,Buy,235918762
2024-08-30 09:37:43,134100.0,100,Buy,235918759
2024-08-30 09:37:43,134100.0,500,Buy,235918760
2024-08-30 09:37:43,134100.0,100,Buy,235918761
2024-08-30 09:38:06,134100.0,100,Buy,235919154
2024-08-30 09:38:06,134100.0,100,Buy,235919155
2024-08-30 09:38:09,134000.0,1800,Sell,235919232
2024-08-30 09:38:09,134000.0,5000,Sell,235919233
2024-08-30 09:38:09,134000.0,1000,Sell,235919234
2024-08-30 09:38:09,134100.0,300,Buy,235919238
2024-08-30 09:38:09,134100.0,100,Buy,235919239
2024-08-30 09:38:17,134100.0,100,Buy,235919353
2024-08-30 09:38:29,134100.0,100,Sell,235919569
2024-08-30 09:38:37,134100.0,1000,Sell,235919723
2024-08-30 09:38:39,134100.0,800,Sell,235919739
2024-08-30 09:38:40,133900.0,400,Sell,235919773
2024-08-30 09:38:40,133900.0,100,Sell,235919772
2024-08-30 09:38:40,133900.0,2000,Sell,235919770
2024-08-30 09:38:40,133900.0,100,Sell,235919769
2024-08-30 09:38:40,133900.0,1000,Sell,235919771
2024-08-30 09:38:40,134000.0,400,Sell,235919768
2024-08-30 09:38:44,134100.0,100,Buy,235919867
2024-08-30 09:38:54,133900.0,100,Sell,235920013
2024-08-30 09:39:10,133900.0,100,Sell,235920490
2024-08-30 09:39:11,134000.0,100,Buy,235920496
2024-08-30 09:39:11,134000.0,900,Buy,235920497
2024-08-30 09:39:18,134000.0,100,Buy,235920578
2024-08-30 09:39:43,134000.0,100,Sell,235920977
2024-08-30 09:39:47,134100.0,100,Buy,235921027
2024-08-30 09:40:00,134100.0,1200,Buy,235921248
2024-08-30 09:40:00,134100.0,800,Buy,235921247
2024-08-30 09:40:13,134100.0,1000,Buy,235921469
2024-08-30 09:40:15,134100.0,4000,Buy,235921546
2024-08-30 09:40:17,134000.0,300,Sell,235921560
2024-08-30 09:40:32,134100.0,100,Buy,235921773
2024-08-30 09:40:32,134100.0,100,Buy,235921772
2024-08-30 09:40:39,134100.0,200,Buy,235921867
2024-08-30 09:40:46,134100.0,100,Buy,235921956
2024-08-30 09:40:51,134100.0,2000,Buy,235922041
2024-08-30 09:41:04,134000.0,300,Sell,235922236
2024-08-30 09:41:25,134000.0,100,Sell,235922584
2024-08-30 09:41:25,134000.0,100,Sell,235922585
2024-08-30 09:41:32,134000.0,100,Sell,235922706
2024-08-30 09:41:32,134000.0,100,Sell,235922707
2024-08-30 09:41:32,134000.0,900,Sell,235922708
2024-08-30 09:41:46,134000.0,2000,Sell,235923064
2024-08-30 09:41:46,134000.0,500,Sell,235923065
2024-08-30 09:41:57,134000.0,1000,Sell,235923320
2024-08-30 09:42:00,134000.0,100,Sell,235923451
2024-08-30 09:42:02,134000.0,100,Sell,235923475
2024-08-30 09:42:04,134000.0,100,Sell,235923567
2024-08-30 09:42:07,134000.0,1500,Sell,235923625
2024-08-30 09:42:09,134000.0,300,Sell,235923646
2024-08-30 09:42:19,134100.0,1000,Buy,235923834
2024-08-30 09:42:29,134000.0,1400,Sell,235924059
2024-08-30 09:42:29,134000.0,100,Sell,235924060
2024-08-30 09:42:29,134000.0,100,Sell,235924061
2024-08-30 09:42:29,134000.0,1800,Sell,235924062
2024-08-30 09:42:45,134000.0,500,Sell,235924368
2024-08-30 09:42:59,134000.0,600,Sell,235924664
2024-08-30 09:42:59,134000.0,400,Sell,235924665
2024-08-30 09:43:09,134100.0,100,Buy,235924833
2024-08-30 09:43:11,134000.0,100,Sell,235924872
2024-08-30 09:43:18,134000.0,3000,Sell,235925070
2024-08-30 09:43:18,134000.0,500,Sell,235925069
2024-08-30 09:43:18,134000.0,1500,Sell,235925068
2024-08-30 09:43:22,134100.0,100,Buy,235925269
2024-08-30 09:43:22,134000.0,100,Sell,235925267
2024-08-30 09:43:22,134100.0,100,Buy,235925268
2024-08-30 09:43:24,134000.0,2500,Sell,235925306
2024-08-30 09:43:28,134100.0,3000,Buy,235925372
2024-08-30 09:43:28,134100.0,1500,Buy,235925373
2024-08-30 09:43:28,134100.0,100,Buy,235925374
2024-08-30 09:43:28,134100.0,100,Buy,235925375
2024-08-30 09:43:28,134100.0,300,Buy,235925376
2024-08-30 09:43:30,134100.0,300,Buy,235925433
2024-08-30 09:43:34,134100.0,700,Buy,235925520
2024-08-30 09:43:34,134100.0,100,Buy,235925519
2024-08-30 09:43:34,134100.0,100,Buy,235925518
2024-08-30 09:43:34,134100.0,1400,Buy,235925517
2024-08-30 09:43:34,134100.0,100,Buy,235925516
2024-08-30 09:43:34,134100.0,200,Buy,235925515
2024-08-30 09:43:34,134100.0,300,Buy,235925514
2024-08-30 09:43:34,134100.0,100,Buy,235925512
2024-08-30 09:43:34,134100.0,200,Buy,235925511
2024-08-30 09:43:34,134100.0,100,Buy,235925510
2024-08-30 09:43:34,134100.0,900,Buy,235925509
2024-08-30 09:43:34,134100.0,18700,Buy,235925508
2024-08-30 09:43:34,134100.0,700,Buy,235925505
2024-08-30 09:43:34,134100.0,400,Buy,235925513
2024-08-30 09:43:39,134100.0,200,Buy,235925581
2024-08-30 09:43:45,134000.0,400,Sell,235925687
2024-08-30 09:43:53,134100.0,100,Buy,235925885
2024-08-30 09:43:53,134100.0,300,Buy,235925886
2024-08-30 09:43:53,134100.0,100,Buy,235925887
2024-08-30 09:43:53,134100.0,100,Buy,235925888
2024-08-30 09:43:53,134100.0,100,Buy,235925889
2024-08-30 09:43:53,134100.0,100,Buy,235925890
2024-08-30 09:44:11,134100.0,200,Sell,235926253
2024-08-30 09:44:14,134200.0,5100,Buy,235926398
2024-08-30 09:44:14,134100.0,200,Sell,235926357
2024-08-30 09:44:18,134200.0,2000,Buy,235926536
2024-08-30 09:44:19,134100.0,200,Sell,235926641
2024-08-30 09:44:21,134200.0,100,Buy,235926648
2024-08-30 09:44:30,134200.0,5100,Buy,235926838
2024-08-30 09:44:46,134100.0,100,Sell,235927209
2024-08-30 09:44:54,134200.0,700,Buy,235927383
2024-08-30 09:45:02,134200.0,200,Buy,235927597
2024-08-30 09:45:07,134200.0,4100,Buy,235927706
2024-08-30 09:45:07,134200.0,100,Buy,235927707
2024-08-30 09:45:07,134200.0,300,Buy,235927708
2024-08-30 09:45:07,134200.0,100,Buy,235927709
2024-08-30 09:45:07,134200.0,500,Buy,235927710
2024-08-30 09:45:09,134200.0,400,Buy,235927768
2024-08-30 09:45:09,134200.0,1500,Buy,235927766
2024-08-30 09:45:09,134200.0,100,Buy,235927767
2024-08-30 09:45:12,134200.0,100,Buy,235927873
2024-08-30 09:45:12,134200.0,7600,Buy,235927889
2024-08-30 09:45:12,134200.0,300,Buy,235927888
2024-08-30 09:45:12,134200.0,5000,Buy,235927887
2024-08-30 09:45:12,134200.0,600,Buy,235927886
2024-08-30 09:45:12,134200.0,400,Buy,235927885
2024-08-30 09:45:12,134200.0,300,Buy,235927884
2024-08-30 09:45:12,134200.0,400,Buy,235927883
2024-08-30 09:45:12,134200.0,200,Buy,235927878
2024-08-30 09:45:12,134200.0,400,Buy,235927877
2024-08-30 09:45:12,134200.0,100,Buy,235927876
2024-08-30 09:45:12,134200.0,100,Buy,235927875
2024-08-30 09:45:12,134200.0,1000,Buy,235927874
2024-08-30 09:45:12,134200.0,1000,Buy,235927872
2024-08-30 09:45:12,134200.0,100,Buy,235927858
2024-08-30 09:45:12,134200.0,2000,Buy,235927870
2024-08-30 09:45:12,134200.0,200,Buy,235927857
2024-08-30 09:45:12,134200.0,100,Buy,235927856
2024-08-30 09:45:12,134200.0,500,Buy,235927859
2024-08-30 09:45:12,134200.0,1000,Buy,235927860
2024-08-30 09:45:12,134200.0,500,Buy,235927861
2024-08-30 09:45:12,134200.0,300,Buy,235927862
2024-08-30 09:45:12,134200.0,200,Buy,235927871
2024-08-30 09:45:12,134200.0,100,Buy,235927864
2024-08-30 09:45:12,134200.0,200,Buy,235927869
2024-08-30 09:45:12,134200.0,200,Buy,235927868
2024-08-30 09:45:12,134200.0,100,Buy,235927863
2024-08-30 09:45:12,134200.0,1500,Buy,235927866
2024-08-30 09:45:12,134200.0,1000,Buy,235927865
2024-08-30 09:45:12,134200.0,500,Buy,235927867
2024-08-30 09:45:13,134100.0,1200,Sell,235927909
2024-08-30 09:45:13,134100.0,1400,Sell,235927910
2024-08-30 09:45:19,134200.0,2400,Buy,235928041
2024-08-30 09:45:19,134200.0,100,Buy,235928042
2024-08-30 09:45:19,134200.0,100,Buy,235928043
2024-08-30 09:45:19,134200.0,100,Buy,235928044
2024-08-30 09:45:19,134200.0,100,Buy,235928045
2024-08-30 09:45:21,134200.0,200,Sell,235928090
2024-08-30 09:45:23,134200.0,100,Sell,235928119
2024-08-30 09:45:25,134200.0,500,Sell,235928144
2024-08-30 09:45:25,134200.0,1000,Sell,235928143
2024-08-30 09:45:25,134200.0,1800,Sell,235928142
2024-08-30 09:45:25,134200.0,100,Sell,235928140
2024-08-30 09:45:30,134200.0,100,Buy,235928217
2024-08-30 09:45:30,134200.0,100,Buy,235928218
2024-08-30 09:45:39,134200.0,1500,Buy,235928423
2024-08-30 09:45:39,134200.0,100,Buy,235928424
2024-08-30 09:45:39,134200.0,2500,Buy,235928425
2024-08-30 09:45:48,134300.0,100,Buy,235928634
2024-08-30 09:46:00,134300.0,100,Buy,235928946
2024-08-30 09:46:00,134300.0,400,Buy,235928947
2024-08-30 09:46:01,134300.0,100,Buy,235928961
2024-08-30 09:46:01,134300.0,100,Buy,235928960
2024-08-30 09:46:01,134300.0,200,Buy,235928959
2024-08-30 09:46:01,134300.0,500,Buy,235928955
2024-08-30 09:46:01,134300.0,100,Buy,235928957
2024-08-30 09:46:01,134300.0,200,Buy,235928956
2024-08-30 09:46:01,134300.0,100,Buy,235928954
2024-08-30 09:46:01,134300.0,700,Buy,235928958
2024-08-30 09:46:09,134300.0,100,Buy,235929147
2024-08-30 09:46:14,134300.0,400,Buy,235929247
2024-08-30 09:46:14,134300.0,2000,Buy,235929248
2024-08-30 09:46:14,134300.0,100,Buy,235929249
2024-08-30 09:46:14,134300.0,300,Buy,235929255
2024-08-30 09:46:14,134300.0,900,Buy,235929257
2024-08-30 09:46:14,134300.0,100,Buy,235929258
2024-08-30 09:46:14,134300.0,100,Buy,235929260
2024-08-30 09:46:14,134300.0,500,Buy,235929261
2024-08-30 09:46:14,134300.0,1000,Buy,235929262
2024-08-30 09:46:14,134300.0,500,Buy,235929263
2024-08-30 09:46:14,134300.0,200,Buy,235929264
2024-08-30 09:46:14,134300.0,100,Buy,235929265
2024-08-30 09:46:14,134300.0,2900,Buy,235929266
2024-08-30 09:46:14,134300.0,100,Buy,235929246
2024-08-30 09:46:14,134300.0,1000,Buy,235929259
2024-08-30 09:46:14,134300.0,1000,Buy,235929245
2024-08-30 09:46:14,134300.0,1800,Buy,235929256
2024-08-30 09:46:14,134300.0,100,Buy,235929243
2024-08-30 09:46:14,134300.0,200,Buy,235929244
2024-08-30 09:46:14,134300.0,900,Buy,235929227
2024-08-30 09:46:14,134300.0,100,Buy,235929228
2024-08-30 09:46:14,134300.0,100,Buy,235929229
2024-08-30 09:46:14,134300.0,3000,Buy,235929230
2024-08-30 09:46:14,134300.0,1200,Buy,235929231
2024-08-30 09:46:14,134300.0,1000,Buy,235929232
2024-08-30 09:46:14,134300.0,1000,Buy,235929233
2024-08-30 09:46:14,134300.0,100,Buy,235929234
2024-08-30 09:46:14,134300.0,100,Buy,235929250
2024-08-30 09:46:14,134300.0,100,Buy,235929236
2024-08-30 09:46:14,134300.0,500,Buy,235929241
2024-08-30 09:46:14,134300.0,100,Buy,235929240
2024-08-30 09:46:14,134300.0,100,Buy,235929239
2024-08-30 09:46:14,134300.0,100,Buy,235929242
2024-08-30 09:46:14,134300.0,100,Buy,235929238
2024-08-30 09:46:14,134300.0,100,Buy,235929237
2024-08-30 09:46:14,134300.0,100,Buy,235929235
2024-08-30 09:46:23,134300.0,5000,Buy,235929479
2024-08-30 09:46:25,134300.0,4500,Buy,235929540
2024-08-30 09:46:31,134300.0,5000,Buy,235929635
2024-08-30 09:46:32,134300.0,1000,Buy,235929695
2024-08-30 09:46:32,134300.0,2100,Buy,235929686
2024-08-30 09:46:32,134300.0,200,Buy,235929687
2024-08-30 09:46:32,134300.0,10000,Buy,235929688
2024-08-30 09:46:32,134300.0,200,Buy,235929689
2024-08-30 09:46:32,134300.0,200,Buy,235929690
2024-08-30 09:46:32,134300.0,1000,Buy,235929692
2024-08-30 09:46:32,134300.0,500,Buy,235929693
2024-08-30 09:46:32,134300.0,100,Buy,235929694
2024-08-30 09:46:32,134300.0,500,Buy,235929685
2024-08-30 09:46:42,134300.0,1000,Sell,235929874
2024-08-30 09:46:42,134300.0,100,Sell,235929863
2024-08-30 09:46:47,134300.0,300,Sell,235930021
2024-08-30 09:46:48,134300.0,200,Sell,235930032
2024-08-30 09:46:49,134400.0,400,Buy,235930044
2024-08-30 09:46:51,134400.0,100,Buy,235930108
2024-08-30 09:46:52,134400.0,2000,Buy,235930149
2024-08-30 09:46:55,134400.0,500,Buy,235930180
2024-08-30 09:46:57,134300.0,600,Sell,235930213
2024-08-30 09:47:09,134400.0,1000,Buy,235930641
2024-08-30 09:47:14,134300.0,100,Sell,235930738
2024-08-30 09:47:14,134300.0,500,Sell,235930739
2024-08-30 09:47:38,134400.0,1800,Buy,235931222
2024-08-30 09:47:38,134400.0,200,Buy,235931221
2024-08-30 09:47:38,134400.0,300,Buy,235931220
2024-08-30 09:47:38,134400.0,100,Buy,235931218
2024-08-30 09:47:38,134400.0,100,Buy,235931217
2024-08-30 09:47:38,134400.0,500,Buy,235931219
2024-08-30 09:47:38,134400.0,500,Buy,235931215
2024-08-30 09:47:38,134400.0,100,Buy,235931214
2024-08-30 09:47:38,134400.0,1000,Buy,235931213
2024-08-30 09:47:38,134400.0,100,Buy,235931212
2024-08-30 09:47:38,134400.0,200,Buy,235931211
2024-08-30 09:47:38,134300.0,400,Sell,235931206
2024-08-30 09:47:38,134400.0,100,Buy,235931216
2024-08-30 09:47:40,134300.0,1000,Sell,235931272
2024-08-30 09:47:40,134300.0,1000,Sell,235931273
2024-08-30 09:47:41,134300.0,3000,Sell,235931309
2024-08-30 09:47:45,134300.0,500,Sell,235931373
2024-08-30 09:47:46,134300.0,600,Sell,235931396
2024-08-30 09:47:46,134300.0,400,Sell,235931397
2024-08-30 09:47:52,134300.0,100,Sell,235931513
2024-08-30 09:47:52,134300.0,1900,Sell,235931514
2024-08-30 09:48:02,134300.0,1500,Sell,235931804
2024-08-30 09:48:18,134300.0,300,Sell,235932180
2024-08-30 09:48:18,134300.0,1700,Sell,235932179
2024-08-30 09:48:21,134300.0,100,Sell,235932208
2024-08-30 09:48:21,134300.0,2400,Sell,235932218
2024-08-30 09:48:21,134300.0,100,Sell,235932217
2024-08-30 09:48:21,134300.0,600,Sell,235932215
2024-08-30 09:48:21,134300.0,1900,Sell,235932216
2024-08-30 09:48:29,134300.0,500,Sell,235932442
2024-08-30 09:48:29,134400.0,100,Buy,235932441
2024-08-30 09:48:35,134300.0,100,Sell,235932596
2024-08-30 09:48:35,134300.0,100,Sell,235932597
2024-08-30 09:48:35,134300.0,2900,Sell,235932598
2024-08-30 09:48:35,134300.0,100,Sell,235932599
2024-08-30 09:48:35,134300.0,2900,Sell,235932600
2024-08-30 09:48:35,134300.0,500,Sell,235932601
2024-08-30 09:48:35,134300.0,100,Sell,235932595
2024-08-30 09:48:36,134300.0,1900,Buy,235932607
2024-08-30 09:48:40,134300.0,500,Buy,235932715
2024-08-30 09:48:40,134300.0,600,Buy,235932716
2024-08-30 09:48:40,134300.0,1300,Buy,235932713
2024-08-30 09:48:40,134300.0,100,Buy,235932699
2024-08-30 09:48:40,134300.0,500,Buy,235932714
2024-08-30 09:48:43,134300.0,1800,Buy,235932783
2024-08-30 09:48:43,134300.0,1000,Buy,235932784
2024-08-30 09:48:43,134300.0,100,Buy,235932782
2024-08-30 09:48:54,134300.0,100,Sell,235933035
2024-08-30 09:49:00,134300.0,100,Sell,235933143
2024-08-30 09:49:00,134300.0,900,Sell,235933144
2024-08-30 09:49:02,134300.0,1000,Sell,235933166
2024-08-30 09:49:02,134400.0,500,Buy,235933167
2024-08-30 09:49:11,134300.0,1000,Sell,235933430
2024-08-30 09:49:15,134300.0,100,Sell,235933695
2024-08-30 09:49:21,134400.0,100,Buy,235933814
2024-08-30 09:49:21,134300.0,500,Sell,235933827
2024-08-30 09:49:24,134300.0,200,Sell,235933889
2024-08-30 09:49:41,134300.0,500,Sell,235934398
2024-08-30 09:49:45,134400.0,100,Buy,235934517
2024-08-30 09:49:47,134300.0,1000,Sell,235934548
2024-08-30 09:49:47,134300.0,3900,Sell,235934545
2024-08-30 09:49:47,134300.0,100,Sell,235934546
2024-08-30 09:49:47,134300.0,200,Sell,235934547
2024-08-30 09:49:54,134300.0,100,Buy,235934794
2024-08-30 09:50:22,134300.0,4700,Buy,235935674
2024-08-30 09:50:22,134300.0,300,Buy,235935675
2024-08-30 09:50:23,134300.0,100,Buy,235935696
2024-08-30 09:50:23,134300.0,600,Buy,235935702
2024-08-30 09:50:23,134300.0,2300,Buy,235935703
2024-08-30 09:50:28,134300.0,100,Buy,235935921
2024-08-30 09:50:28,134300.0,100,Buy,235935922
2024-08-30 09:50:40,134300.0,400,Buy,235936317
2024-08-30 09:50:46,134300.0,100,Buy,235936483
2024-08-30 09:50:48,134300.0,600,Sell,235936529
2024-08-30 09:50:48,134300.0,400,Sell,235936528
2024-08-30 09:50:51,134300.0,400,Sell,235936589
2024-08-30 09:50:52,134300.0,800,Sell,235936654
2024-08-30 09:50:53,134300.0,200,Buy,235936680
2024-08-30 09:51:03,134300.0,1000,Sell,235937005
2024-08-30 09:51:04,134300.0,100,Sell,235937075
2024-08-30 09:51:06,134300.0,100,Sell,235937103
2024-08-30 09:51:11,134300.0,100,Sell,235937303
2024-08-30 09:51:13,134400.0,100,Buy,235937329
2024-08-30 09:51:24,134300.0,100,Sell,235937676
2024-08-30 09:51:28,134400.0,100,Buy,235937843
2024-08-30 09:51:38,134300.0,600,Sell,235938163
2024-08-30 09:51:42,134300.0,100,Sell,235938297
2024-08-30 09:51:51,134300.0,100,Sell,235938602
2024-08-30 09:51:57,134300.0,100,Sell,235938815
2024-08-30 09:52:06,134300.0,100,Sell,235939184
2024-08-30 09:52:08,134300.0,100,Sell,235939240
2024-08-30 09:52:08,134300.0,100,Sell,235939241
2024-08-30 09:52:08,134300.0,300,Sell,235939242
2024-08-30 09:52:14,134300.0,1000,Sell,235939418
2024-08-30 09:52:14,134300.0,100,Sell,235939419
2024-08-30 09:52:14,134300.0,100,Sell,235939431
2024-08-30 09:52:20,134300.0,100,Sell,235939530
2024-08-30 09:52:21,134300.0,1300,Sell,235939544
2024-08-30 09:52:21,134300.0,4000,Sell,235939545
2024-08-30 09:52:21,134300.0,500,Sell,235939546
2024-08-30 09:52:21,134300.0,2700,Sell,235939547
2024-08-30 09:52:21,134300.0,100,Sell,235939548
2024-08-30 09:52:21,134300.0,400,Sell,235939549
2024-08-30 09:52:23,134300.0,2500,Sell,235939635
2024-08-30 09:52:31,134300.0,400,Buy,235939823
2024-08-30 09:52:31,134300.0,100,Buy,235939824
2024-08-30 09:52:31,134300.0,100,Buy,235939825
2024-08-30 09:52:31,134300.0,100,Buy,235939826
2024-08-30 09:52:31,134300.0,100,Buy,235939814
2024-08-30 09:52:34,134300.0,1000,Sell,235939882
2024-08-30 09:52:39,134300.0,100,Sell,235940046
2024-08-30 09:52:41,134400.0,500,Buy,235940069
2024-08-30 09:52:47,134400.0,1300,Buy,235940224
2024-08-30 09:52:48,134400.0,100,Buy,235940269
2024-08-30 09:52:57,134400.0,100,Buy,235940527
2024-08-30 09:52:57,134400.0,100,Buy,235940528
2024-08-30 09:53:04,134300.0,200,Sell,235940714
2024-08-30 09:53:07,134300.0,2900,Sell,235940781
2024-08-30 09:53:07,134300.0,2700,Sell,235940782
2024-08-30 09:53:07,134300.0,900,Sell,235940779
2024-08-30 09:53:07,134300.0,100,Sell,235940780
2024-08-30 09:53:09,134200.0,100,Sell,235940809
2024-08-30 09:53:43,134200.0,100,Sell,235941773
2024-08-30 09:53:49,134200.0,100,Sell,235941967
2024-08-30 09:53:50,134200.0,200,Sell,235942001
2024-08-30 09:53:55,134200.0,100,Sell,235942090
2024-08-30 09:54:02,134200.0,2600,Sell,235942223
2024-08-30 09:54:02,134300.0,3000,Buy,235942212
2024-08-30 09:54:02,134200.0,400,Sell,235942222
2024-08-30 09:54:04,134300.0,400,Buy,235942298
2024-08-30 09:54:04,134300.0,2600,Buy,235942299
2024-08-30 09:54:13,134300.0,400,Buy,235942458
2024-08-30 09:54:13,134300.0,14600,Buy,235942459
2024-08-30 09:54:18,134300.0,300,Buy,235942552
2024-08-30 09:54:18,134300.0,200,Buy,235942551
2024-08-30 09:54:18,134300.0,100,Buy,235942550
2024-08-30 09:54:18,134300.0,100,Buy,235942548
2024-08-30 09:54:18,134300.0,1000,Buy,235942547
2024-08-30 09:54:18,134300.0,900,Buy,235942546
2024-08-30 09:54:18,134300.0,100,Buy,235942549
2024-08-30 09:54:29,134300.0,200,Buy,235942767
2024-08-30 09:54:45,134300.0,100,Buy,235943123
2024-08-30 09:54:45,134300.0,200,Buy,235943124
2024-08-30 09:54:45,134300.0,200,Buy,235943125
2024-08-30 09:54:49,134300.0,500,Sell,235943188
2024-08-30 09:54:50,134300.0,1000,Sell,235943201
2024-08-30 09:54:51,134300.0,100,Sell,235943225
2024-08-30 09:54:56,134300.0,3000,Sell,235943323
2024-08-30 09:54:58,134300.0,100,Buy,235943361
2024-08-30 09:55:09,134300.0,2700,Buy,235943593
2024-08-30 09:56:00,134300.0,2700,Buy,235944721
2024-08-30 09:56:08,134300.0,100,Buy,235944846
2024-08-30 09:56:08,134300.0,100,Buy,235944845
2024-08-30 09:56:51,134300.0,200,Buy,235945814
2024-08-30 09:56:51,134300.0,1300,Buy,235945811
2024-08-30 09:56:51,134300.0,1000,Buy,235945812
2024-08-30 09:56:51,134300.0,200,Buy,235945813
2024-08-30 09:56:53,134200.0,2400,Sell,235945835
2024-08-30 09:56:53,134200.0,100,Sell,235945836
2024-08-30 09:56:53,134200.0,2900,Sell,235945837
2024-08-30 09:56:53,134200.0,4600,Sell,235945838
2024-08-30 09:57:06,134200.0,400,Sell,235946053
2024-08-30 09:57:08,134200.0,100,Sell,235946096
2024-08-30 09:57:08,134200.0,100,Sell,235946097
2024-08-30 09:57:08,134200.0,200,Sell,235946098
2024-08-30 09:57:17,134200.0,1000,Sell,235946257
2024-08-30 09:57:19,134200.0,1000,Sell,235946291
2024-08-30 09:57:25,134200.0,100,Sell,235946426
2024-08-30 09:57:39,134200.0,900,Sell,235946667
2024-08-30 09:57:39,134200.0,400,Sell,235946666
2024-08-30 09:57:40,134200.0,100,Sell,235946696
2024-08-30 09:57:40,134200.0,2700,Sell,235946697
2024-08-30 09:57:40,134200.0,500,Sell,235946695
2024-08-30 09:58:06,134200.0,100,Sell,235947228
2024-08-30 09:58:06,134300.0,100,Buy,235947230
2024-08-30 09:58:23,134200.0,100,Sell,235947464
2024-08-30 09:58:23,134200.0,100,Sell,235947465
2024-08-30 09:58:23,134200.0,100,Sell,235947466
2024-08-30 09:58:23,134200.0,700,Sell,235947467
2024-08-30 09:58:35,134200.0,2100,Sell,235947718
2024-08-30 09:58:48,134200.0,100,Sell,235947994
2024-08-30 09:58:48,134200.0,100,Sell,235947995
2024-08-30 09:58:48,134200.0,300,Sell,235947996
2024-08-30 09:58:55,134200.0,200,Sell,235948101
2024-08-30 09:59:03,134200.0,100,Sell,235948241
2024-08-30 09:59:05,134200.0,1000,Sell,235948292
2024-08-30 09:59:10,134200.0,100,Sell,235948395
2024-08-30 09:59:11,134200.0,200,Sell,235948412
2024-08-30 09:59:20,134200.0,1000,Sell,235948568
2024-08-30 09:59:20,134200.0,100,Sell,235948569
2024-08-30 09:59:20,134200.0,1400,Sell,235948570
2024-08-30 09:59:20,134200.0,100,Sell,235948580
2024-08-30 09:59:22,134200.0,100,Sell,235948609
2024-08-30 09:59:24,134200.0,200,Sell,235948639
2024-08-30 09:59:30,134200.0,100,Sell,235948740
2024-08-30 09:59:34,134200.0,500,Sell,235948854
2024-08-30 09:59:35,134200.0,100,Sell,235948858
2024-08-30 09:59:41,134200.0,500,Sell,235949012
2024-08-30 09:59:46,134200.0,1000,Sell,235949081
2024-08-30 10:00:00,134200.0,1000,Sell,235949307
2024-08-30 10:00:00,134200.0,100,Sell,235949312
2024-08-30 10:00:01,134200.0,100,Sell,235949349
2024-08-30 10:00:03,134200.0,1000,Sell,235949406
2024-08-30 10:00:04,134200.0,200,Sell,235949506
2024-08-30 10:00:10,134200.0,200,Sell,235949619
2024-08-30 10:00:23,134300.0,100,Buy,235949832
2024-08-30 10:00:23,134300.0,100,Buy,235949833
2024-08-30 10:00:23,134300.0,100,Buy,235949834
2024-08-30 10:00:23,134300.0,100,Buy,235949835
2024-08-30 10:00:23,134300.0,100,Buy,235949836
2024-08-30 10:00:23,134300.0,100,Buy,235949837
2024-08-30 10:00:23,134300.0,100,Buy,235949838
2024-08-30 10:01:07,134300.0,500,Buy,235950734
2024-08-30 10:01:07,134300.0,100,Buy,235950736
2024-08-30 10:01:07,134300.0,2700,Buy,235950738
2024-08-30 10:01:19,134200.0,100,Sell,235950922
2024-08-30 10:01:19,134200.0,1400,Sell,235950917
2024-08-30 10:01:19,134200.0,2900,Sell,235950916
2024-08-30 10:01:19,134200.0,100,Sell,235950915
2024-08-30 10:01:19,134200.0,1200,Sell,235950913
2024-08-30 10:01:19,134200.0,5100,Sell,235950914
2024-08-30 10:01:30,134200.0,200,Sell,235951177
2024-08-30 10:01:33,134200.0,300,Sell,235951226
2024-08-30 10:01:35,134200.0,100,Sell,235951257
2024-08-30 10:02:12,134200.0,100,Sell,235952134
2024-08-30 10:02:14,134300.0,100,Buy,235952156
2024-08-30 10:02:19,134300.0,5100,Buy,235952296
2024-08-30 10:02:31,134300.0,100,Buy,235952484
2024-08-30 10:02:31,134300.0,100,Buy,235952494
2024-08-30 10:02:49,134300.0,100,Buy,235952893
2024-08-30 10:02:49,134300.0,2700,Buy,235952896
2024-08-30 10:03:05,134300.0,100,Buy,235953230
2024-08-30 10:03:40,134300.0,300,Buy,235953954
2024-08-30 10:03:40,134300.0,600,Buy,235953953
2024-08-30 10:03:40,134300.0,100,Buy,235953952
2024-08-30 10:03:40,134300.0,300,Buy,235953950
2024-08-30 10:03:40,134300.0,600,Buy,235953949
2024-08-30 10:03:40,134300.0,500,Buy,235953948
2024-08-30 10:03:40,134300.0,300,Buy,235953951
2024-08-30 10:03:48,134300.0,1000,Buy,235954119
2024-08-30 10:04:17,134200.0,500,Sell,235954620
2024-08-30 10:04:17,134200.0,100,Sell,235954621
2024-08-30 10:04:17,134200.0,2700,Sell,235954622
2024-08-30 10:04:17,134200.0,2000,Sell,235954623
2024-08-30 10:04:17,134200.0,2700,Sell,235954624
2024-08-30 10:04:17,134200.0,300,Sell,235954625
2024-08-30 10:04:17,134200.0,500,Sell,235954626
2024-08-30 10:04:17,134200.0,100,Sell,235954627
2024-08-30 10:04:45,134200.0,100,Sell,235955266
2024-08-30 10:04:58,134300.0,100,Buy,235955505
2024-08-30 10:05:11,134300.0,3700,Buy,235955731
2024-08-30 10:05:16,134200.0,2000,Sell,235955839
2024-08-30 10:05:28,134200.0,300,Sell,235955987
2024-08-30 10:05:28,134200.0,3900,Sell,235955989
2024-08-30 10:05:28,134200.0,800,Sell,235955986
2024-08-30 10:05:30,134200.0,100,Sell,235956046
2024-08-30 10:05:35,134300.0,4900,Buy,235956113
2024-08-30 10:05:35,134300.0,100,Buy,235956114
2024-08-30 10:05:36,134200.0,100,Sell,235956142
2024-08-30 10:05:38,134300.0,1000,Buy,235956172
2024-08-30 10:05:38,134300.0,100,Buy,235956173
2024-08-30 10:05:38,134300.0,100,Buy,235956174
2024-08-30 10:05:38,134300.0,3800,Buy,235956175
2024-08-30 10:05:42,134200.0,200,Sell,235956292
2024-08-30 10:05:46,134300.0,100,Buy,235956366
2024-08-30 10:05:46,134300.0,100,Buy,235956368
2024-08-30 10:05:46,134300.0,100,Buy,235956369
2024-08-30 10:05:46,134300.0,10000,Buy,235956373
2024-08-30 10:05:46,134300.0,200,Buy,235956370
2024-08-30 10:05:46,134300.0,500,Buy,235956371
2024-08-30 10:05:46,134300.0,1000,Buy,235956372
2024-08-30 10:05:46,134300.0,800,Buy,235956367
2024-08-30 10:05:46,134300.0,1000,Buy,235956374
2024-08-30 10:05:46,134300.0,100,Buy,235956381
2024-08-30 10:05:46,134300.0,100,Buy,235956377
2024-08-30 10:05:46,134300.0,5000,Buy,235956378
2024-08-30 10:05:46,134300.0,2500,Buy,235956379
2024-08-30 10:05:46,134300.0,3200,Buy,235956380
2024-08-30 10:05:46,134300.0,400,Buy,235956382
2024-08-30 10:05:46,134300.0,1000,Buy,235956383
2024-08-30 10:05:46,134300.0,2000,Buy,235956384
2024-08-30 10:05:46,134300.0,3400,Buy,235956385
2024-08-30 10:05:46,134300.0,500,Buy,235956376
2024-08-30 10:05:46,134300.0,100,Buy,235956365
2024-08-30 10:05:46,134300.0,200,Buy,235956361
2024-08-30 10:05:46,134300.0,500,Buy,235956363
2024-08-30 10:05:46,134300.0,1500,Buy,235956343
2024-08-30 10:05:46,134300.0,4700,Buy,235956344
2024-08-30 10:05:46,134300.0,400,Buy,235956345
2024-08-30 10:05:46,134300.0,100,Buy,235956346
2024-08-30 10:05:46,134300.0,500,Buy,235956347
2024-08-30 10:05:46,134300.0,1000,Buy,235956348
2024-08-30 10:05:46,134300.0,100,Buy,235956349
2024-08-30 10:05:46,134300.0,800,Buy,235956350
2024-08-30 10:05:46,134300.0,100,Buy,235956351
2024-08-30 10:05:46,134300.0,100,Buy,235956364
2024-08-30 10:05:46,134300.0,100,Buy,235956353
2024-08-30 10:05:46,134300.0,10000,Buy,235956362
2024-08-30 10:05:46,134300.0,100,Buy,235956360
2024-08-30 10:05:46,134300.0,5000,Buy,235956359
2024-08-30 10:05:46,134300.0,300,Buy,235956352
2024-08-30 10:05:46,134300.0,200,Buy,235956357
2024-08-30 10:05:46,134300.0,1900,Buy,235956355
2024-08-30 10:05:46,134300.0,200,Buy,235956354
2024-08-30 10:05:46,134300.0,100,Buy,235956358
2024-08-30 10:05:49,134200.0,200,Sell,235956444
2024-08-30 10:05:53,134200.0,100,Sell,235956497
2024-08-30 10:05:55,134200.0,500,Sell,235956516
2024-08-30 10:06:10,134300.0,200,Buy,235956814
2024-08-30 10:06:10,134300.0,1000,Buy,235956807
2024-08-30 10:06:10,134300.0,100,Buy,235956808
2024-08-30 10:06:10,134300.0,600,Buy,235956809
2024-08-30 10:06:10,134300.0,500,Buy,235956810
2024-08-30 10:06:10,134300.0,100,Buy,235956811
2024-08-30 10:06:10,134300.0,1000,Buy,235956812
2024-08-30 10:06:10,134300.0,500,Buy,235956813
2024-08-30 10:06:11,134200.0,100,Sell,235956847
2024-08-30 10:06:11,134200.0,2900,Sell,235956848
2024-08-30 10:06:20,134300.0,100,Buy,235956974
2024-08-30 10:06:35,134300.0,500,Buy,235957184
2024-08-30 10:06:41,134300.0,300,Buy,235957280
2024-08-30 10:06:42,134200.0,2300,Sell,235957297
2024-08-30 10:06:42,134300.0,9200,Buy,235957290
2024-08-30 10:06:42,134300.0,100,Buy,235957289
2024-08-30 10:06:42,134300.0,300,Buy,235957288
2024-08-30 10:06:42,134300.0,100,Buy,235957283
2024-08-30 10:06:42,134300.0,1000,Buy,235957286
2024-08-30 10:06:42,134300.0,100,Buy,235957285
2024-08-30 10:06:42,134300.0,200,Buy,235957284
2024-08-30 10:06:42,134300.0,200,Buy,235957287
2024-08-30 10:06:42,134300.0,900,Buy,235957282
2024-08-30 10:06:52,134300.0,1400,Buy,235957444
2024-08-30 10:06:54,134300.0,2900,Buy,235957596
2024-08-30 10:06:54,134300.0,100,Buy,235957598
2024-08-30 10:06:55,134300.0,2900,Buy,235957613
2024-08-30 10:06:55,134300.0,100,Buy,235957617
2024-08-30 10:06:55,134300.0,2900,Buy,235957618
2024-08-30 10:06:55,134300.0,100,Buy,235957620
2024-08-30 10:06:55,134300.0,100,Buy,235957619
2024-08-30 10:06:56,134300.0,1100,Buy,235957628
2024-08-30 10:06:56,134300.0,300,Buy,235957621
2024-08-30 10:06:56,134300.0,100,Buy,235957622
2024-08-30 10:06:56,134300.0,600,Buy,235957623
2024-08-30 10:06:56,134300.0,100,Buy,235957624
2024-08-30 10:06:56,134300.0,500,Buy,235957625
2024-08-30 10:06:56,134300.0,100,Buy,235957626
2024-08-30 10:06:56,134300.0,100,Buy,235957627
2024-08-30 10:06:58,134300.0,5000,Buy,235957662
2024-08-30 10:07:05,134300.0,2600,Buy,235957747
2024-08-30 10:07:10,134400.0,300,Buy,235957842
2024-08-30 10:07:10,134400.0,1000,Buy,235957841
2024-08-30 10:07:10,134400.0,500,Buy,235957840
2024-08-30 10:07:10,134300.0,1300,Buy,235957835
2024-08-30 10:07:10,134400.0,500,Buy,235957838
2024-08-30 10:07:10,134400.0,100,Buy,235957837
2024-08-30 10:07:10,134300.0,800,Buy,235957836
2024-08-30 10:07:10,134400.0,200,Buy,235957839
2024-08-30 10:07:17,134300.0,200,Buy,235957977
2024-08-30 10:07:27,134300.0,500,Buy,235958123
2024-08-30 10:07:56,134300.0,300,Buy,235958589
2024-08-30 10:07:56,134300.0,500,Buy,235958590
2024-08-30 10:07:56,134300.0,600,Buy,235958591
2024-08-30 10:07:56,134300.0,100,Buy,235958592
2024-08-30 10:07:56,134300.0,1100,Buy,235958593
2024-08-30 10:08:16,134300.0,100,Buy,235958873
2024-08-30 10:08:29,134300.0,100,Buy,235959092
2024-08-30 10:08:29,134300.0,100,Buy,235959093
2024-08-30 10:08:29,134300.0,200,Buy,235959090
2024-08-30 10:08:29,134300.0,8600,Buy,235959091
2024-08-30 10:08:36,134200.0,400,Sell,235959182
2024-08-30 10:08:36,134200.0,100,Sell,235959183
2024-08-30 10:08:39,134300.0,500,Buy,235959242
2024-08-30 10:08:47,134300.0,1500,Buy,235959393
2024-08-30 10:08:47,134300.0,100,Buy,235959394
2024-08-30 10:08:47,134300.0,400,Buy,235959395
2024-08-30 10:08:47,134300.0,100,Buy,235959396
2024-08-30 10:08:47,134300.0,100,Buy,235959397
2024-08-30 10:08:53,134400.0,100,Buy,235959459
2024-08-30 10:08:53,134400.0,100,Buy,235959458
2024-08-30 10:08:58,134300.0,100,Sell,235959513
2024-08-30 10:09:12,134300.0,100,Sell,235959795
2024-08-30 10:09:13,134300.0,100,Sell,235959799
2024-08-30 10:09:14,134300.0,100,Sell,235959801
2024-08-30 10:09:14,134300.0,100,Sell,235959802
2024-08-30 10:09:20,134300.0,100,Sell,235959896
2024-08-30 10:09:26,134300.0,5000,Sell,235959983
2024-08-30 10:09:28,134300.0,100,Sell,235960012
2024-08-30 10:09:34,134300.0,200,Sell,235960068
2024-08-30 10:09:37,134300.0,500,Sell,235960137
2024-08-30 10:09:37,134300.0,1000,Sell,235960138
2024-08-30 10:09:42,134300.0,200,Sell,235960215
2024-08-30 10:09:45,134300.0,100,Sell,235960286
2024-08-30 10:10:06,134300.0,100,Sell,235960581
2024-08-30 10:10:18,134400.0,100,Buy,235960777
2024-08-30 10:10:18,134400.0,100,Buy,235960778
2024-08-30 10:10:24,134300.0,200,Sell,235960875
2024-08-30 10:10:34,134300.0,500,Sell,235961052
2024-08-30 10:10:44,134300.0,800,Sell,235961200
2024-08-30 10:10:50,134300.0,100,Sell,235961322
2024-08-30 10:10:51,134300.0,500,Sell,235961362
2024-08-30 10:10:53,134300.0,300,Sell,235961392
2024-08-30 10:10:53,134300.0,100,Sell,235961393
2024-08-30 10:10:53,134300.0,600,Sell,235961394
2024-08-30 10:11:04,134400.0,100,Buy,235961517
2024-08-30 10:11:12,134400.0,100,Buy,235961665
2024-08-30 10:11:20,134400.0,100,Buy,235961762
2024-08-30 10:11:20,134400.0,100,Buy,235961763
2024-08-30 10:11:21,134400.0,300,Buy,235961773
2024-08-30 10:11:21,134400.0,100,Buy,235961772
2024-08-30 10:11:21,134400.0,600,Buy,235961774
2024-08-30 10:11:21,134400.0,300,Buy,235961770
2024-08-30 10:11:21,134400.0,400,Buy,235961769
2024-08-30 10:11:21,134400.0,800,Buy,235961771
2024-08-30 10:11:21,134400.0,100,Buy,235961768
2024-08-30 10:11:34,134400.0,1000,Buy,235961966
2024-08-30 10:11:34,134400.0,200,Buy,235961965
2024-08-30 10:11:34,134400.0,100,Buy,235961964
2024-08-30 10:11:34,134400.0,200,Buy,235961963
2024-08-30 10:11:34,134400.0,300,Buy,235961957
2024-08-30 10:11:34,134400.0,1000,Buy,235961961
2024-08-30 10:11:34,134400.0,1000,Buy,235961958
2024-08-30 10:11:34,134400.0,1000,Buy,235961962
2024-08-30 10:11:34,134400.0,100,Buy,235961960
2024-08-30 10:11:34,134400.0,100,Buy,235961959
2024-08-30 10:11:40,134400.0,500,Buy,235962027
2024-08-30 10:11:40,134400.0,600,Buy,235962026
2024-08-30 10:11:40,134400.0,100,Buy,235962044
2024-08-30 10:11:40,134400.0,100,Buy,235962043
2024-08-30 10:11:40,134400.0,200,Buy,235962042
2024-08-30 10:11:40,134400.0,100,Buy,235962041
2024-08-30 10:11:40,134400.0,200,Buy,235962040
2024-08-30 10:11:40,134400.0,100,Buy,235962038
2024-08-30 10:11:40,134400.0,100,Buy,235962037
2024-08-30 10:11:40,134400.0,1000,Buy,235962039
2024-08-30 10:11:40,134400.0,200,Buy,235962035
2024-08-30 10:11:40,134400.0,400,Buy,235962034
2024-08-30 10:11:40,134400.0,500,Buy,235962033
2024-08-30 10:11:40,134400.0,100,Buy,235962032
2024-08-30 10:11:40,134400.0,100,Buy,235962031
2024-08-30 10:11:40,134400.0,300,Buy,235962030
2024-08-30 10:11:40,134400.0,200,Buy,235962029
2024-08-30 10:11:40,134400.0,100,Buy,235962028
2024-08-30 10:11:40,134400.0,100,Buy,235962036
2024-08-30 10:11:50,134400.0,100,Buy,235962193
2024-08-30 10:11:54,134400.0,2900,Buy,235962245
2024-08-30 10:11:54,134400.0,1600,Buy,235962249
2024-08-30 10:11:54,134400.0,100,Buy,235962248
2024-08-30 10:11:54,134400.0,1200,Buy,235962247
2024-08-30 10:11:54,134400.0,100,Buy,235962246
2024-08-30 10:11:54,134400.0,800,Buy,235962242
2024-08-30 10:11:54,134400.0,100,Buy,235962241
2024-08-30 10:11:54,134400.0,100,Buy,235962239
2024-08-30 10:11:54,134400.0,100,Buy,235962238
2024-08-30 10:11:54,134400.0,100,Buy,235962237
2024-08-30 10:11:54,134400.0,1000,Buy,235962236
2024-08-30 10:11:54,134400.0,100,Buy,235962235
2024-08-30 10:11:54,134400.0,200,Buy,235962234
2024-08-30 10:11:54,134400.0,300,Buy,235962233
2024-08-30 10:11:54,134400.0,100,Buy,235962240
2024-08-30 10:11:55,134400.0,100,Buy,235962264
2024-08-30 10:11:55,134400.0,1500,Buy,235962271
2024-08-30 10:11:55,134400.0,200,Buy,235962270
2024-08-30 10:11:55,134400.0,100,Buy,235962269
2024-08-30 10:11:55,134400.0,100,Buy,235962268
2024-08-30 10:11:55,134400.0,200,Buy,235962267
2024-08-30 10:11:55,134400.0,200,Buy,235962266
2024-08-30 10:11:55,134400.0,400,Buy,235962262
2024-08-30 10:11:55,134400.0,200,Buy,235962263
2024-08-30 10:11:55,134400.0,100,Buy,235962261
2024-08-30 10:11:55,134400.0,100,Buy,235962260
2024-08-30 10:11:55,134400.0,1400,Buy,235962259
2024-08-30 10:11:55,134400.0,100,Buy,235962258
2024-08-30 10:11:55,134400.0,2900,Buy,235962253
2024-08-30 10:11:55,134400.0,300,Buy,235962265
2024-08-30 10:11:56,134400.0,100,Buy,235962288
2024-08-30 10:11:56,134400.0,600,Buy,235962289
2024-08-30 10:11:56,134400.0,100,Buy,235962287
2024-08-30 10:11:56,134400.0,2900,Buy,235962305
2024-08-30 10:11:56,134400.0,100,Buy,235962298
2024-08-30 10:11:56,134400.0,100,Buy,235962286
2024-08-30 10:11:56,134400.0,200,Buy,235962281
2024-08-30 10:11:56,134400.0,200,Buy,235962284
2024-08-30 10:11:56,134400.0,2900,Buy,235962279
2024-08-30 10:11:56,134400.0,500,Buy,235962280
2024-08-30 10:11:56,134400.0,500,Buy,235962285
2024-08-30 10:11:56,134400.0,600,Buy,235962282
2024-08-30 10:11:56,134400.0,500,Buy,235962283
2024-08-30 10:11:56,134400.0,100,Buy,235962278
2024-08-30 10:11:57,134400.0,500,Buy,235962333
2024-08-30 10:11:57,134400.0,100,Buy,235962319
2024-08-30 10:11:57,134400.0,1000,Buy,235962317
2024-08-30 10:11:57,134400.0,1700,Buy,235962320
2024-08-30 10:11:57,134400.0,100,Buy,235962313
2024-08-30 10:11:57,134400.0,100,Buy,235962312
2024-08-30 10:11:57,134400.0,100,Buy,235962310
2024-08-30 10:11:57,134400.0,100,Buy,235962316
2024-08-30 10:11:57,134400.0,100,Buy,235962318
2024-08-30 10:12:03,134400.0,500,Buy,235962375
2024-08-30 10:12:08,134400.0,500,Buy,235962452
2024-08-30 10:12:09,134400.0,1000,Buy,235962472
2024-08-30 10:12:09,134400.0,1000,Buy,235962473
2024-08-30 10:12:11,134400.0,2900,Buy,235962548
2024-08-30 10:12:12,134400.0,2600,Buy,235962567
2024-08-30 10:12:12,134400.0,100,Buy,235962552
2024-08-30 10:12:12,134400.0,2300,Buy,235962564
2024-08-30 10:12:13,134400.0,1600,Buy,235962580
2024-08-30 10:12:15,134400.0,600,Buy,235962618
2024-08-30 10:12:17,134400.0,900,Buy,235962650
2024-08-30 10:12:18,134400.0,900,Buy,235962676
2024-08-30 10:12:18,134400.0,100,Buy,235962677
2024-08-30 10:12:18,134400.0,500,Buy,235962678
2024-08-30 10:12:18,134400.0,100,Buy,235962679
2024-08-30 10:12:18,134400.0,5000,Buy,235962680
2024-08-30 10:12:18,134400.0,1200,Buy,235962681
2024-08-30 10:12:18,134400.0,300,Buy,235962682
2024-08-30 10:12:18,134400.0,100,Buy,235962683
2024-08-30 10:12:18,134400.0,400,Buy,235962684
2024-08-30 10:12:18,134400.0,100,Buy,235962685
2024-08-30 10:12:18,134400.0,500,Buy,235962687
2024-08-30 10:12:18,134400.0,200,Buy,235962688
2024-08-30 10:12:18,134400.0,500,Buy,235962689
2024-08-30 10:12:18,134400.0,500,Buy,235962690
2024-08-30 10:12:18,134400.0,200,Buy,235962691
2024-08-30 10:12:18,134400.0,900,Buy,235962692
2024-08-30 10:12:18,134400.0,300,Buy,235962693
2024-08-30 10:12:18,134400.0,500,Buy,235962694
2024-08-30 10:12:18,134400.0,700,Buy,235962675
2024-08-30 10:12:18,134400.0,100,Buy,235962686
2024-08-30 10:12:18,134400.0,500,Buy,235962674
2024-08-30 10:12:18,134400.0,300,Buy,235962695
2024-08-30 10:12:18,134400.0,800,Buy,235962672
2024-08-30 10:12:18,134400.0,3800,Buy,235962651
2024-08-30 10:12:18,134400.0,700,Buy,235962673
2024-08-30 10:12:18,134400.0,100,Buy,235962652
2024-08-30 10:12:18,134400.0,100,Buy,235962653
2024-08-30 10:12:18,134400.0,100,Buy,235962654
2024-08-30 10:12:18,134400.0,700,Buy,235962655
2024-08-30 10:12:18,134400.0,200,Buy,235962656
2024-08-30 10:12:18,134400.0,100,Buy,235962657
2024-08-30 10:12:18,134400.0,100,Buy,235962658
2024-08-30 10:12:18,134400.0,100,Buy,235962660
2024-08-30 10:12:18,134400.0,100,Buy,235962659
2024-08-30 10:12:18,134400.0,100,Buy,235962662
2024-08-30 10:12:18,134400.0,5000,Buy,235962663
2024-08-30 10:12:18,134400.0,5000,Buy,235962664
2024-08-30 10:12:18,134400.0,100,Buy,235962665
2024-08-30 10:12:18,134400.0,100,Buy,235962666
2024-08-30 10:12:18,134400.0,100,Buy,235962667
2024-08-30 10:12:18,134400.0,1000,Buy,235962668
2024-08-30 10:12:18,134400.0,100,Buy,235962669
2024-08-30 10:12:18,134400.0,100,Buy,235962670
2024-08-30 10:12:18,134400.0,100,Buy,235962671
2024-08-30 10:12:18,134400.0,300,Buy,235962661
2024-08-30 10:12:19,134400.0,5000,Buy,235962732
2024-08-30 10:12:19,134400.0,300,Buy,235962735
2024-08-30 10:12:19,134400.0,100,Buy,235962734
2024-08-30 10:12:19,134400.0,3600,Buy,235962733
2024-08-30 10:12:19,134400.0,100,Buy,235962731
2024-08-30 10:12:19,134400.0,100,Buy,235962716
2024-08-30 10:12:19,134400.0,100,Buy,235962729
2024-08-30 10:12:19,134400.0,100,Buy,235962726
2024-08-30 10:12:19,134400.0,100,Buy,235962730
2024-08-30 10:12:19,134400.0,100,Buy,235962728
2024-08-30 10:12:19,134400.0,500,Buy,235962727
2024-08-30 10:12:22,134300.0,500,Sell,235962774
2024-08-30 10:12:22,134300.0,500,Sell,235962773
2024-08-30 10:12:23,134400.0,200,Buy,235962795
2024-08-30 10:12:23,134400.0,100,Buy,235962796
2024-08-30 10:12:23,134400.0,100,Buy,235962797
2024-08-30 10:12:23,134400.0,500,Buy,235962798
2024-08-30 10:12:23,134400.0,100,Buy,235962799
2024-08-30 10:12:25,134400.0,100,Buy,235962814
2024-08-30 10:12:26,134400.0,800,Buy,235962840
2024-08-30 10:12:26,134400.0,100,Buy,235962839
2024-08-30 10:12:26,134400.0,100,Buy,235962838
2024-08-30 10:12:29,134400.0,6000,Buy,235962889
2024-08-30 10:12:29,134400.0,300,Buy,235962894
2024-08-30 10:12:29,134400.0,200,Buy,235962895
2024-08-30 10:12:32,134400.0,400,Buy,235962953
2024-08-30 10:12:32,134400.0,100,Buy,235962954
2024-08-30 10:12:33,134400.0,100,Buy,235962970
2024-08-30 10:12:36,134400.0,100,Sell,235963036
2024-08-30 10:12:37,134500.0,200,Buy,235963051
2024-08-30 10:12:37,134500.0,300,Buy,235963050
2024-08-30 10:13:02,134500.0,100,Buy,235963461
2024-08-30 10:13:03,134500.0,300,Buy,235963487
2024-08-30 10:13:03,134500.0,600,Buy,235963488
2024-08-30 10:13:03,134500.0,100,Buy,235963489
2024-08-30 10:13:03,134500.0,100,Buy,235963490
2024-08-30 10:13:03,134500.0,100,Buy,235963491
2024-08-30 10:13:03,134500.0,100,Buy,235963492
2024-08-30 10:13:03,134500.0,100,Buy,235963493
2024-08-30 10:13:03,134500.0,100,Buy,235963494
2024-08-30 10:13:03,134500.0,600,Buy,235963495
2024-08-30 10:13:03,134500.0,500,Buy,235963486
2024-08-30 10:13:04,134500.0,500,Buy,235963506
2024-08-30 10:13:11,134500.0,2600,Buy,235963603
2024-08-30 10:13:42,134400.0,100,Sell,235964150
2024-08-30 10:13:45,134500.0,100,Buy,235964195
2024-08-30 10:13:48,134500.0,1900,Buy,235964266
2024-08-30 10:13:54,134500.0,2600,Buy,235964374
2024-08-30 10:13:56,134400.0,100,Sell,235964399
2024-08-30 10:13:58,134500.0,1200,Buy,235964419
2024-08-30 10:14:07,134500.0,100,Buy,235964628
2024-08-30 10:14:08,134400.0,500,Sell,235964646
2024-08-30 10:14:09,134400.0,100,Sell,235964658
2024-08-30 10:14:11,134400.0,600,Sell,235964708
2024-08-30 10:14:18,134400.0,1000,Sell,235964826
2024-08-30 10:14:21,134400.0,100,Sell,235964860
2024-08-30 10:14:27,134500.0,100,Buy,235964982
2024-08-30 10:14:45,134500.0,2600,Buy,235965229
2024-08-30 10:14:49,134400.0,100,Sell,235965284
2024-08-30 10:15:10,134500.0,100,Buy,235965520
2024-08-30 10:15:16,134500.0,100,Buy,235965581
2024-08-30 10:15:16,134500.0,100,Buy,235965582
2024-08-30 10:15:16,134500.0,100,Buy,235965583
2024-08-30 10:15:16,134500.0,100,Buy,235965584
2024-08-30 10:15:16,134500.0,100,Buy,235965585
2024-08-30 10:15:16,134500.0,100,Buy,235965586
2024-08-30 10:15:23,134500.0,500,Buy,235965707
2024-08-30 10:15:36,134500.0,2600,Buy,235966003
2024-08-30 10:15:54,134500.0,100,Buy,235966312
2024-08-30 10:16:01,134400.0,1000,Sell,235966399
2024-08-30 10:16:11,134400.0,500,Sell,235966521
2024-08-30 10:16:12,134500.0,100,Buy,235966530
2024-08-30 10:16:13,134500.0,2000,Buy,235966547
2024-08-30 10:16:22,134500.0,100,Buy,235966670
2024-08-30 10:16:22,134400.0,2000,Sell,235966672
2024-08-30 10:16:30,134400.0,5000,Sell,235966797
2024-08-30 10:16:30,134400.0,1500,Sell,235966798
2024-08-30 10:16:30,134400.0,500,Sell,235966795
2024-08-30 10:16:30,134400.0,5700,Sell,235966794
2024-08-30 10:16:30,134400.0,300,Sell,235966796
2024-08-30 10:16:33,134500.0,500,Buy,235966829
2024-08-30 10:16:37,134500.0,100,Buy,235966888
2024-08-30 10:16:37,134400.0,1500,Sell,235966896
2024-08-30 10:16:37,134400.0,200,Sell,235966897
2024-08-30 10:16:37,134400.0,100,Sell,235966898
2024-08-30 10:16:46,134400.0,100,Sell,235967021
2024-08-30 10:16:46,134500.0,1000,Buy,235967037
2024-08-30 10:16:46,134500.0,100,Buy,235967038
2024-08-30 10:17:08,134400.0,300,Sell,235967332
2024-08-30 10:17:08,134400.0,1100,Sell,235967333
2024-08-30 10:17:08,134500.0,100,Buy,235967331
2024-08-30 10:17:08,134500.0,100,Buy,235967330
2024-08-30 10:17:19,134500.0,100,Buy,235967542
2024-08-30 10:17:20,134400.0,100,Sell,235967574
2024-08-30 10:17:22,134400.0,100,Sell,235967590
2024-08-30 10:17:28,134400.0,800,Sell,235967678
2024-08-30 10:17:28,134400.0,200,Sell,235967679
2024-08-30 10:17:29,134500.0,100,Buy,235967699
2024-08-30 10:17:29,134500.0,100,Buy,235967698
2024-08-30 10:17:38,134400.0,100,Sell,235967840
2024-08-30 10:17:38,134400.0,800,Sell,235967842
2024-08-30 10:17:38,134400.0,100,Sell,235967841
2024-08-30 10:17:54,134400.0,1800,Sell,235968110
2024-08-30 10:17:54,134400.0,100,Sell,235968111
2024-08-30 10:17:54,134400.0,100,Sell,235968112
2024-08-30 10:17:55,134400.0,200,Sell,235968137
2024-08-30 10:18:02,134400.0,100,Sell,235968213
2024-08-30 10:18:02,134500.0,100,Buy,235968220
2024-08-30 10:18:08,134400.0,200,Sell,235968301
2024-08-30 10:18:23,134400.0,1000,Sell,235968435
2024-08-30 10:18:28,134400.0,100,Sell,235968494
2024-08-30 10:18:34,134400.0,100,Sell,235968623
2024-08-30 10:18:36,134400.0,800,Sell,235968657
2024-08-30 10:18:36,134400.0,800,Sell,235968658
2024-08-30 10:18:36,134400.0,200,Sell,235968659
2024-08-30 10:18:36,134400.0,200,Sell,235968660
2024-08-30 10:18:42,134500.0,100,Buy,235968766
2024-08-30 10:18:46,134500.0,100,Buy,235968832
2024-08-30 10:18:51,134500.0,300,Buy,235968909
2024-08-30 10:18:51,134500.0,100,Buy,235968908
2024-08-30 10:18:51,134500.0,100,Buy,235968907
2024-08-30 10:18:51,134500.0,100,Buy,235968903
2024-08-30 10:18:51,134500.0,2000,Buy,235968905
2024-08-30 10:18:51,134500.0,100,Buy,235968904
2024-08-30 10:18:51,134500.0,2100,Buy,235968902
2024-08-30 10:18:51,134500.0,300,Buy,235968906
2024-08-30 10:19:01,134500.0,900,Buy,235969137
2024-08-30 10:19:01,134500.0,100,Buy,235969136
2024-08-30 10:19:01,134500.0,200,Buy,235969135
2024-08-30 10:19:01,134500.0,400,Buy,235969133
2024-08-30 10:19:01,134500.0,700,Buy,235969131
2024-08-30 10:19:01,134500.0,100,Buy,235969134
2024-08-30 10:19:01,134500.0,200,Buy,235969132
2024-08-30 10:19:20,134500.0,100,Buy,235969398
2024-08-30 10:19:23,134400.0,800,Sell,235969467
2024-08-30 10:19:23,134400.0,2600,Sell,235969468
2024-08-30 10:19:23,134400.0,2000,Sell,235969469
2024-08-30 10:19:23,134400.0,400,Sell,235969470
2024-08-30 10:19:27,134500.0,100,Buy,235969508
2024-08-30 10:19:27,134500.0,100,Buy,235969509
2024-08-30 10:19:28,134500.0,100,Buy,235969520
2024-08-30 10:19:30,134400.0,100,Sell,235969541
2024-08-30 10:19:34,134400.0,400,Sell,235969587
2024-08-30 10:19:44,134400.0,600,Buy,235969703
2024-08-30 10:19:45,134400.0,500,Buy,235969715
2024-08-30 10:20:09,134400.0,100,Buy,235970052
2024-08-30 10:20:12,134400.0,100,Buy,235970093
2024-08-30 10:20:14,134400.0,100,Buy,235970122
2024-08-30 10:20:14,134400.0,100,Buy,235970123
2024-08-30 10:20:28,134400.0,900,Buy,235970290
2024-08-30 10:20:28,134400.0,1200,Buy,235970291
2024-08-30 10:20:28,134400.0,1000,Buy,235970292
2024-08-30 10:20:28,134400.0,100,Buy,235970293
2024-08-30 10:20:28,134400.0,100,Buy,235970294
2024-08-30 10:20:32,134400.0,600,Sell,235970359
2024-08-30 10:20:39,134400.0,1500,Sell,235970480
2024-08-30 10:20:41,134400.0,1000,Sell,235970513
2024-08-30 10:20:43,134400.0,400,Sell,235970534
2024-08-30 10:20:43,134400.0,100,Sell,235970535
2024-08-30 10:20:54,134400.0,100,Buy,235970814
2024-08-30 10:21:20,134400.0,5000,Buy,235971251
2024-08-30 10:21:20,134400.0,100,Buy,235971250
2024-08-30 10:21:20,134400.0,300,Buy,235971252
2024-08-30 10:21:20,134400.0,300,Buy,235971248
2024-08-30 10:21:20,134400.0,100,Buy,235971247
2024-08-30 10:21:20,134400.0,600,Buy,235971249
2024-08-30 10:21:22,134400.0,300,Sell,235971272
2024-08-30 10:21:25,134400.0,100,Buy,235971301
2024-08-30 10:21:39,134400.0,100,Buy,235971522
2024-08-30 10:21:39,134400.0,100,Buy,235971523
2024-08-30 10:21:57,134400.0,100,Buy,235971817
2024-08-30 10:22:02,134400.0,1500,Buy,235971901
2024-08-30 10:22:02,134400.0,100,Buy,235971900
2024-08-30 10:22:02,134400.0,300,Buy,235971899
2024-08-30 10:22:02,134400.0,500,Buy,235971896
2024-08-30 10:22:02,134400.0,200,Buy,235971897
2024-08-30 10:22:02,134400.0,300,Buy,235971895
2024-08-30 10:22:02,134400.0,100,Buy,235971898
2024-08-30 10:22:11,134400.0,500,Sell,235972005
2024-08-30 10:22:11,134400.0,600,Sell,235972004
2024-08-30 10:22:11,134400.0,500,Buy,235971999
2024-08-30 10:22:11,134400.0,200,Buy,235971997
2024-08-30 10:22:11,134400.0,200,Buy,235971996
2024-08-30 10:22:11,134400.0,3500,Buy,235971995
2024-08-30 10:22:11,134400.0,1000,Buy,235971998
2024-08-30 10:22:17,134400.0,100,Sell,235972091
2024-08-30 10:22:29,134400.0,100,Sell,235972240
2024-08-30 10:22:29,134400.0,4500,Sell,235972241
2024-08-30 10:22:29,134400.0,400,Sell,235972242
2024-08-30 10:22:29,134500.0,100,Buy,235972248
2024-08-30 10:22:30,134400.0,200,Sell,235972254
2024-08-30 10:22:31,134400.0,400,Sell,235972262
2024-08-30 10:22:56,134400.0,500,Sell,235972538
2024-08-30 10:22:58,134400.0,200,Sell,235972552
2024-08-30 10:23:00,134500.0,100,Buy,235972588
2024-08-30 10:23:03,134500.0,100,Buy,235972691
2024-08-30 10:23:03,134500.0,500,Buy,235972690
2024-08-30 10:23:03,134500.0,5000,Buy,235972687
2024-08-30 10:23:03,134500.0,100,Buy,235972688
2024-08-30 10:23:03,134500.0,200,Buy,235972689
2024-08-30 10:23:03,134500.0,800,Buy,235972686
2024-08-30 10:23:16,134400.0,100,Sell,235972904
2024-08-30 10:23:26,134400.0,500,Sell,235973035
2024-08-30 10:23:28,134400.0,100,Sell,235973060
2024-08-30 10:23:32,134500.0,100,Buy,235973121
2024-08-30 10:23:35,134500.0,200,Buy,235973216
2024-08-30 10:23:35,134500.0,200,Buy,235973215
2024-08-30 10:23:35,134500.0,200,Buy,235973214
2024-08-30 10:23:35,134500.0,1000,Buy,235973213
2024-08-30 10:23:35,134500.0,900,Buy,235973217
2024-08-30 10:23:35,134500.0,700,Buy,235973211
2024-08-30 10:23:35,134500.0,200,Buy,235973210
2024-08-30 10:23:35,134500.0,400,Buy,235973209
2024-08-30 10:23:35,134500.0,200,Buy,235973208
2024-08-30 10:23:35,134500.0,100,Buy,235973212
2024-08-30 10:23:35,134500.0,1000,Buy,235973207
2024-08-30 10:23:37,134400.0,600,Sell,235973245
2024-08-30 10:23:37,134400.0,400,Sell,235973246
2024-08-30 10:23:38,134500.0,100,Buy,235973253
2024-08-30 10:23:40,134400.0,200,Sell,235973292
2024-08-30 10:23:50,134400.0,100,Sell,235973452
2024-08-30 10:23:54,134400.0,100,Sell,235973494
2024-08-30 10:24:04,134500.0,100,Buy,235973647
2024-08-30 10:24:05,134400.0,1000,Sell,235973672
2024-08-30 10:24:06,134400.0,300,Sell,235973678
2024-08-30 10:24:12,134500.0,100,Buy,235973754
2024-08-30 10:24:12,134400.0,500,Sell,235973757
2024-08-30 10:24:22,134400.0,1000,Sell,235973867
2024-08-30 10:24:34,134500.0,100,Buy,235974042
2024-08-30 10:24:37,134400.0,300,Sell,235974066
2024-08-30 10:24:38,134400.0,200,Sell,235974080
2024-08-30 10:24:38,134400.0,1100,Sell,235974079
2024-08-30 10:24:54,134500.0,300,Buy,235974339
2024-08-30 10:24:55,134400.0,300,Sell,235974372
2024-08-30 10:25:06,134500.0,100,Buy,235974459
2024-08-30 10:25:07,134500.0,100,Buy,235974478
2024-08-30 10:25:18,134500.0,300,Buy,235974587
2024-08-30 10:25:18,134500.0,500,Buy,235974585
2024-08-30 10:25:18,134500.0,100,Buy,235974584
2024-08-30 10:25:18,134500.0,100,Buy,235974583
2024-08-30 10:25:18,134500.0,700,Buy,235974586
2024-08-30 10:25:18,134500.0,200,Buy,235974581
2024-08-30 10:25:18,134500.0,100,Buy,235974580
2024-08-30 10:25:18,134500.0,100,Buy,235974579
2024-08-30 10:25:18,134500.0,100,Buy,235974578
2024-08-30 10:25:18,134500.0,2400,Buy,235974577
2024-08-30 10:25:18,134500.0,500,Buy,235974582
2024-08-30 10:25:23,134400.0,500,Sell,235974701
2024-08-30 10:25:34,134500.0,100,Buy,235974832
2024-08-30 10:25:38,134500.0,5000,Buy,235974881
2024-08-30 10:25:38,134500.0,1500,Buy,235974880
2024-08-30 10:25:38,134500.0,100,Buy,235974878
2024-08-30 10:25:38,134500.0,100,Buy,235974877
2024-08-30 10:25:38,134500.0,100,Buy,235974876
2024-08-30 10:25:38,134500.0,100,Buy,235974879
2024-08-30 10:25:40,134500.0,3000,Buy,235974903
2024-08-30 10:25:42,134400.0,1000,Sell,235974923
2024-08-30 10:25:43,134500.0,1900,Buy,235974930
2024-08-30 10:25:43,134500.0,400,Buy,235974929
2024-08-30 10:25:43,134500.0,200,Buy,235974928
2024-08-30 10:25:43,134500.0,400,Buy,235974927
2024-08-30 10:25:43,134500.0,100,Buy,235974925
2024-08-30 10:25:43,134500.0,100,Buy,235974926
2024-08-30 10:25:43,134500.0,2000,Buy,235974924
2024-08-30 10:25:46,134500.0,100,Buy,235974999
2024-08-30 10:25:51,134500.0,1600,Buy,235975065
2024-08-30 10:25:54,134500.0,1400,Buy,235975099
2024-08-30 10:25:54,134500.0,300,Buy,235975100
2024-08-30 10:25:56,134500.0,700,Buy,235975195
2024-08-30 10:25:56,134500.0,300,Buy,235975196
2024-08-30 10:25:58,134500.0,200,Buy,235975217
2024-08-30 10:25:58,134400.0,100,Sell,235975234
2024-08-30 10:25:59,134500.0,1000,Buy,235975267
2024-08-30 10:25:59,134500.0,100,Buy,235975268
2024-08-30 10:25:59,134500.0,100,Buy,235975284
2024-08-30 10:25:59,134500.0,500,Buy,235975285
2024-08-30 10:25:59,134500.0,100,Buy,235975286
2024-08-30 10:25:59,134500.0,300,Buy,235975287
2024-08-30 10:25:59,134500.0,100,Buy,235975288
2024-08-30 10:25:59,134500.0,100,Buy,235975292
2024-08-30 10:25:59,134500.0,200,Buy,235975290
2024-08-30 10:25:59,134500.0,100,Buy,235975291
2024-08-30 10:25:59,134500.0,200,Buy,235975266
2024-08-30 10:25:59,134500.0,100,Buy,235975293
2024-08-30 10:25:59,134500.0,300,Buy,235975294
2024-08-30 10:25:59,134500.0,1000,Buy,235975295
2024-08-30 10:25:59,134500.0,1000,Buy,235975296
2024-08-30 10:25:59,134500.0,100,Buy,235975289
2024-08-30 10:25:59,134500.0,2000,Buy,235975265
2024-08-30 10:25:59,134500.0,100,Buy,235975283
2024-08-30 10:25:59,134500.0,600,Buy,235975263
2024-08-30 10:25:59,134500.0,200,Buy,235975264
2024-08-30 10:25:59,134500.0,200,Buy,235975244
2024-08-30 10:25:59,134500.0,1000,Buy,235975245
2024-08-30 10:25:59,134500.0,1000,Buy,235975246
2024-08-30 10:25:59,134500.0,300,Buy,235975247
2024-08-30 10:25:59,134500.0,100,Buy,235975248
2024-08-30 10:25:59,134500.0,400,Buy,235975249
2024-08-30 10:25:59,134500.0,200,Buy,235975250
2024-08-30 10:25:59,134500.0,1500,Buy,235975243
2024-08-30 10:25:59,134500.0,200,Buy,235975256
2024-08-30 10:25:59,134500.0,500,Buy,235975251
2024-08-30 10:25:59,134500.0,500,Buy,235975262
2024-08-30 10:25:59,134500.0,100,Buy,235975261
2024-08-30 10:25:59,134500.0,1000,Buy,235975282
2024-08-30 10:25:59,134500.0,100,Buy,235975259
2024-08-30 10:25:59,134500.0,500,Buy,235975258
2024-08-30 10:25:59,134500.0,200,Buy,235975257
2024-08-30 10:25:59,134500.0,500,Buy,235975260
2024-08-30 10:26:01,134500.0,500,Buy,235975362
2024-08-30 10:26:03,134500.0,100,Buy,235975371
2024-08-30 10:26:03,134500.0,400,Buy,235975372
2024-08-30 10:26:05,134500.0,300,Buy,235975397
2024-08-30 10:26:07,134500.0,2400,Buy,235975415
2024-08-30 10:26:08,134500.0,100,Buy,235975429
2024-08-30 10:26:08,134500.0,100,Buy,235975430
2024-08-30 10:26:10,134400.0,100,Sell,235975440
2024-08-30 10:26:20,134500.0,1700,Buy,235975601
2024-08-30 10:26:27,134400.0,500,Sell,235975707
2024-08-30 10:26:28,134500.0,100,Buy,235975751
2024-08-30 10:26:28,134500.0,300,Buy,235975745
2024-08-30 10:26:28,134500.0,100,Buy,235975744
2024-08-30 10:26:28,134500.0,100,Buy,235975743
2024-08-30 10:26:28,134500.0,500,Buy,235975742
2024-08-30 10:26:28,134500.0,300,Buy,235975741
2024-08-30 10:26:28,134500.0,500,Buy,235975740
2024-08-30 10:26:28,134500.0,100,Buy,235975738
2024-08-30 10:26:28,134500.0,100,Buy,235975737
2024-08-30 10:26:28,134500.0,400,Buy,235975731
2024-08-30 10:26:28,134500.0,100,Buy,235975732
2024-08-30 10:26:28,134500.0,100,Buy,235975733
2024-08-30 10:26:28,134500.0,100,Buy,235975739
2024-08-30 10:26:28,134500.0,100,Buy,235975735
2024-08-30 10:26:28,134500.0,100,Buy,235975736
2024-08-30 10:26:28,134500.0,100,Buy,235975734
2024-08-30 10:26:29,134500.0,4600,Buy,235975765
2024-08-30 10:26:29,134500.0,500,Buy,235975766
2024-08-30 10:26:30,134500.0,2800,Buy,235975828
2024-08-30 10:26:30,134500.0,300,Buy,235975827
2024-08-30 10:26:30,134500.0,100,Buy,235975826
2024-08-30 10:26:30,134500.0,1000,Buy,235975825
2024-08-30 10:26:30,134500.0,300,Buy,235975824
2024-08-30 10:26:30,134500.0,1000,Buy,235975822
2024-08-30 10:26:30,134500.0,300,Buy,235975823
2024-08-30 10:26:30,134500.0,200,Buy,235975819
2024-08-30 10:26:30,134500.0,100,Buy,235975818
2024-08-30 10:26:30,134500.0,100,Buy,235975817
2024-08-30 10:26:30,134500.0,300,Buy,235975816
2024-08-30 10:26:30,134500.0,100,Buy,235975799
2024-08-30 10:26:30,134500.0,100,Buy,235975821
2024-08-30 10:26:30,134500.0,100,Buy,235975820
2024-08-30 10:26:34,134500.0,2000,Buy,235975900
2024-08-30 10:26:35,134500.0,500,Buy,235975925
2024-08-30 10:26:35,134500.0,500,Buy,235975929
2024-08-30 10:26:35,134500.0,100,Buy,235975928
2024-08-30 10:26:35,134500.0,100,Buy,235975927
2024-08-30 10:26:35,134500.0,100,Buy,235975926
2024-08-30 10:26:35,134500.0,100,Buy,235975924
2024-08-30 10:26:35,134500.0,500,Buy,235975922
2024-08-30 10:26:35,134500.0,500,Buy,235975921
2024-08-30 10:26:35,134500.0,100,Buy,235975920
2024-08-30 10:26:35,134500.0,3100,Buy,235975919
2024-08-30 10:26:35,134500.0,100,Buy,235975918
2024-08-30 10:26:35,134500.0,200,Buy,235975917
2024-08-30 10:26:35,134500.0,100,Buy,235975923
2024-08-30 10:26:39,134500.0,100,Buy,235975973
2024-08-30 10:26:39,134500.0,400,Buy,235975974
2024-08-30 10:26:39,134500.0,100,Buy,235975982
2024-08-30 10:26:41,134500.0,100,Buy,235975997
2024-08-30 10:26:41,134500.0,1000,Buy,235975999
2024-08-30 10:26:45,134500.0,100,Buy,235976088
2024-08-30 10:26:45,134500.0,1000,Buy,235976086
2024-08-30 10:26:45,134500.0,100,Buy,235976087
2024-08-30 10:26:45,134500.0,100,Buy,235976084
2024-08-30 10:26:45,134500.0,300,Buy,235976083
2024-08-30 10:26:45,134500.0,100,Buy,235976085
2024-08-30 10:26:46,134500.0,300,Buy,235976147
2024-08-30 10:26:46,134500.0,3000,Buy,235976137
2024-08-30 10:26:46,134500.0,300,Buy,235976148
2024-08-30 10:26:46,134500.0,900,Buy,235976135
2024-08-30 10:26:46,134500.0,100,Buy,235976127
2024-08-30 10:26:46,134500.0,100,Buy,235976126
2024-08-30 10:26:46,134500.0,100,Buy,235976136
2024-08-30 10:26:50,134500.0,500,Buy,235976180
2024-08-30 10:27:05,134500.0,100,Buy,235976357
2024-08-30 10:27:10,134500.0,100,Buy,235976423
2024-08-30 10:27:12,134400.0,100,Sell,235976431
2024-08-30 10:27:12,134400.0,100,Sell,235976432
2024-08-30 10:27:12,134400.0,3600,Sell,235976433
2024-08-30 10:27:18,134400.0,200,Sell,235976524
2024-08-30 10:27:19,134400.0,200,Sell,235976545
2024-08-30 10:27:27,134500.0,100,Buy,235976658
2024-08-30 10:27:30,134400.0,100,Sell,235976725
2024-08-30 10:27:41,134500.0,100,Buy,235976862
2024-08-30 10:27:56,134500.0,200,Buy,235977044
2024-08-30 10:28:01,134500.0,100,Buy,235977115
2024-08-30 10:28:04,134500.0,1200,Buy,235977157
2024-08-30 10:28:04,134500.0,100,Buy,235977156
2024-08-30 10:28:04,134500.0,500,Buy,235977155
2024-08-30 10:28:04,134500.0,100,Buy,235977154
2024-08-30 10:28:04,134500.0,100,Buy,235977149
2024-08-30 10:28:04,134500.0,100,Buy,235977152
2024-08-30 10:28:04,134500.0,100,Buy,235977151
2024-08-30 10:28:04,134500.0,1000,Buy,235977150
2024-08-30 10:28:04,134500.0,100,Buy,235977153
2024-08-30 10:28:11,134500.0,100,Buy,235977240
2024-08-30 10:28:13,134500.0,6700,Buy,235977259
2024-08-30 10:28:13,134500.0,200,Buy,235977260
2024-08-30 10:28:22,134400.0,2600,Sell,235977356
2024-08-30 10:28:22,134400.0,2400,Sell,235977357
2024-08-30 10:28:33,134400.0,500,Sell,235977502
2024-08-30 10:28:42,134500.0,100,Buy,235977605
2024-08-30 10:29:05,134500.0,2200,Buy,235977923
2024-08-30 10:29:05,134500.0,2000,Buy,235977922
2024-08-30 10:29:05,134500.0,700,Buy,235977921
2024-08-30 10:29:05,134500.0,100,Buy,235977920
2024-08-30 10:29:05,134500.0,1700,Buy,235977919
2024-08-30 10:29:14,134500.0,100,Buy,235978030
2024-08-30 10:29:14,134400.0,100,Sell,235978036
2024-08-30 10:29:29,134400.0,500,Sell,235978287
2024-08-30 10:29:38,134500.0,500,Buy,235978451
2024-08-30 10:29:45,134500.0,100,Buy,235978526
2024-08-30 10:29:53,134500.0,300,Buy,235978646
2024-08-30 10:29:56,134500.0,500,Buy,235978673
2024-08-30 10:29:56,134500.0,100,Buy,235978672
2024-08-30 10:29:56,134500.0,700,Buy,235978671
2024-08-30 10:29:56,134500.0,900,Buy,235978670
2024-08-30 10:29:56,134500.0,1800,Buy,235978674
2024-08-30 10:29:56,134500.0,100,Buy,235978668
2024-08-30 10:29:56,134500.0,1800,Buy,235978664
2024-08-30 10:29:56,134500.0,100,Buy,235978665
2024-08-30 10:29:56,134500.0,400,Buy,235978669
2024-08-30 10:29:56,134500.0,200,Buy,235978667
2024-08-30 10:29:56,134500.0,100,Buy,235978666
2024-08-30 10:30:00,134500.0,200,Buy,235978729
2024-08-30 10:30:00,134500.0,100,Buy,235978730
2024-08-30 10:30:00,134500.0,300,Buy,235978731
2024-08-30 10:30:00,134500.0,100,Buy,235978733
2024-08-30 10:30:00,134500.0,1000,Buy,235978734
2024-08-30 10:30:00,134500.0,200,Buy,235978735
2024-08-30 10:30:00,134500.0,900,Buy,235978736
2024-08-30 10:30:00,134500.0,200,Buy,235978732
2024-08-30 10:30:08,134400.0,1500,Sell,235978883
2024-08-30 10:30:09,134500.0,100,Buy,235978923
2024-08-30 10:30:09,134500.0,100,Buy,235978924
2024-08-30 10:30:09,134500.0,100,Buy,235978922
2024-08-30 10:30:09,134500.0,100,Buy,235978920
2024-08-30 10:30:09,134500.0,100,Buy,235978919
2024-08-30 10:30:09,134500.0,100,Buy,235978918
2024-08-30 10:30:09,134500.0,100,Buy,235978921
2024-08-30 10:30:15,134500.0,900,Buy,235979024
2024-08-30 10:30:15,134500.0,200,Buy,235979025
2024-08-30 10:30:15,134500.0,200,Buy,235979026
2024-08-30 10:30:15,134500.0,200,Buy,235979027
2024-08-30 10:30:15,134500.0,100,Buy,235979029
2024-08-30 10:30:25,134500.0,100,Buy,235979143
2024-08-30 10:30:34,134500.0,500,Buy,235979278
2024-08-30 10:30:40,134400.0,100,Sell,235979349
2024-08-30 10:30:46,134400.0,1000,Sell,235979433
2024-08-30 10:30:46,134500.0,100,Buy,235979436
2024-08-30 10:30:48,134500.0,1000,Buy,235979459
2024-08-30 10:30:48,134500.0,900,Buy,235979463
2024-08-30 10:30:48,134500.0,700,Buy,235979462
2024-08-30 10:30:48,134500.0,300,Buy,235979460
2024-08-30 10:30:48,134500.0,100,Buy,235979458
2024-08-30 10:30:48,134500.0,200,Buy,235979461
2024-08-30 10:30:48,134500.0,100,Buy,235979456
2024-08-30 10:30:48,134500.0,100,Buy,235979452
2024-08-30 10:30:48,134500.0,100,Buy,235979453
2024-08-30 10:30:48,134500.0,1000,Buy,235979457
2024-08-30 10:30:48,134500.0,200,Buy,235979454
2024-08-30 10:30:48,134500.0,2000,Buy,235979455
2024-08-30 10:30:48,134500.0,100,Buy,235979451
2024-08-30 10:30:56,134500.0,700,Buy,235979589
2024-08-30 10:31:03,134500.0,500,Buy,235979702
2024-08-30 10:31:15,134500.0,5000,Buy,235979921
2024-08-30 10:31:16,134400.0,600,Sell,235979922
2024-08-30 10:31:16,134400.0,400,Sell,235979923
2024-08-30 10:31:19,134500.0,100,Buy,235979957
2024-08-30 10:31:21,134400.0,300,Sell,235979964
2024-08-30 10:31:25,134400.0,100,Sell,235980053
2024-08-30 10:31:27,134500.0,300,Buy,235980152
2024-08-30 10:31:32,134400.0,300,Sell,235980224
2024-08-30 10:31:39,134400.0,300,Sell,235980314
2024-08-30 10:31:46,134500.0,100,Buy,235980422
2024-08-30 10:31:46,134500.0,100,Buy,235980423
2024-08-30 10:31:46,134500.0,500,Buy,235980424
2024-08-30 10:31:46,134500.0,200,Buy,235980425
2024-08-30 10:31:46,134500.0,2700,Buy,235980426
2024-08-30 10:31:46,134500.0,100,Buy,235980415
2024-08-30 10:31:46,134500.0,11400,Buy,235980421
2024-08-30 10:31:50,134500.0,100,Buy,235980543
2024-08-30 10:31:52,134400.0,100,Sell,235980578
2024-08-30 10:32:13,134400.0,500,Sell,235981029
2024-08-30 10:32:23,134500.0,100,Buy,235981152
2024-08-30 10:32:26,134500.0,100,Buy,235981217
2024-08-30 10:32:26,134500.0,300,Buy,235981221
2024-08-30 10:32:26,134500.0,100,Buy,235981222
2024-08-30 10:32:26,134500.0,100,Buy,235981223
2024-08-30 10:32:31,134500.0,4200,Buy,235981309
2024-08-30 10:32:31,134500.0,1000,Buy,235981308
2024-08-30 10:32:31,134500.0,100,Buy,235981306
2024-08-30 10:32:31,134500.0,900,Buy,235981305
2024-08-30 10:32:31,134500.0,500,Buy,235981307
2024-08-30 10:32:35,134500.0,1100,Buy,235981346
2024-08-30 10:32:35,134500.0,100,Buy,235981358
2024-08-30 10:32:35,134500.0,100,Buy,235981359
2024-08-30 10:32:35,134500.0,100,Buy,235981360
2024-08-30 10:32:35,134500.0,200,Buy,235981361
2024-08-30 10:32:35,134500.0,500,Buy,235981362
2024-08-30 10:32:36,134500.0,300,Buy,235981411
2024-08-30 10:32:36,134500.0,200,Buy,235981410
2024-08-30 10:32:36,134500.0,600,Buy,235981409
2024-08-30 10:32:36,134500.0,500,Buy,235981408
2024-08-30 10:32:36,134500.0,100,Buy,235981401
2024-08-30 10:32:36,134500.0,500,Buy,235981404
2024-08-30 10:32:36,134500.0,5000,Buy,235981406
2024-08-30 10:32:36,134500.0,100,Buy,235981405
2024-08-30 10:32:36,134500.0,100,Buy,235981412
2024-08-30 10:32:36,134500.0,500,Buy,235981403
2024-08-30 10:32:36,134500.0,100,Buy,235981402
2024-08-30 10:32:36,134500.0,100,Buy,235981407
2024-08-30 10:32:36,134500.0,1000,Buy,235981413
2024-08-30 10:32:36,134500.0,100,Buy,235981417
2024-08-30 10:32:36,134500.0,600,Buy,235981415
2024-08-30 10:32:36,134500.0,500,Buy,235981416
2024-08-30 10:32:36,134500.0,300,Buy,235981418
2024-08-30 10:32:36,134500.0,100,Buy,235981419
2024-08-30 10:32:36,134500.0,200,Buy,235981420
2024-08-30 10:32:36,134500.0,500,Buy,235981421
2024-08-30 10:32:36,134500.0,200,Buy,235981422
2024-08-30 10:32:36,134500.0,500,Buy,235981423
2024-08-30 10:32:36,134500.0,6500,Buy,235981424
2024-08-30 10:32:36,134500.0,300,Buy,235981425
2024-08-30 10:32:36,134500.0,100,Buy,235981426
2024-08-30 10:32:36,134500.0,200,Buy,235981427
2024-08-30 10:32:36,134500.0,100,Buy,235981414
2024-08-30 10:32:36,134500.0,100,Buy,235981400
2024-08-30 10:32:36,134500.0,3000,Buy,235981391
2024-08-30 10:32:36,134500.0,1000,Buy,235981398
2024-08-30 10:32:36,134500.0,200,Buy,235981399
2024-08-30 10:32:36,134500.0,500,Buy,235981371
2024-08-30 10:32:36,134500.0,200,Buy,235981372
2024-08-30 10:32:36,134500.0,100,Buy,235981373
2024-08-30 10:32:36,134500.0,300,Buy,235981374
2024-08-30 10:32:36,134500.0,400,Buy,235981375
2024-08-30 10:32:36,134500.0,300,Buy,235981376
2024-08-30 10:32:36,134500.0,100,Buy,235981377
2024-08-30 10:32:36,134500.0,400,Buy,235981378
2024-08-30 10:32:36,134500.0,300,Buy,235981379
2024-08-30 10:32:36,134500.0,500,Buy,235981380
2024-08-30 10:32:36,134500.0,100,Buy,235981381
2024-08-30 10:32:36,134500.0,200,Buy,235981382
2024-08-30 10:32:36,134500.0,1000,Buy,235981388
2024-08-30 10:32:36,134500.0,100,Buy,235981384
2024-08-30 10:32:36,134500.0,100,Buy,235981396
2024-08-30 10:32:36,134500.0,100,Buy,235981394
2024-08-30 10:32:36,134500.0,200,Buy,235981393
2024-08-30 10:32:36,134500.0,2000,Buy,235981392
2024-08-30 10:32:36,134500.0,200,Buy,235981390
2024-08-30 10:32:36,134500.0,500,Buy,235981395
2024-08-30 10:32:36,134500.0,500,Buy,235981383
2024-08-30 10:32:36,134500.0,100,Buy,235981387
2024-08-30 10:32:36,134500.0,1000,Buy,235981386
2024-08-30 10:32:36,134500.0,300,Buy,235981385
2024-08-30 10:32:36,134500.0,500,Buy,235981389
2024-08-30 10:32:36,134500.0,1000,Buy,235981397
2024-08-30 10:32:39,134500.0,600,Sell,235981467
2024-08-30 10:32:40,134500.0,300,Sell,235981491
2024-08-30 10:32:54,134600.0,100,Buy,235981729
2024-08-30 10:32:56,134600.0,100,Buy,235981754
2024-08-30 10:32:56,134600.0,100,Buy,235981755
2024-08-30 10:33:02,134500.0,5000,Sell,235981931
2024-08-30 10:33:08,134500.0,3000,Sell,235982011
2024-08-30 10:33:17,134500.0,100,Sell,235982150
2024-08-30 10:33:24,134600.0,100,Buy,235982297
2024-08-30 10:33:31,134500.0,100,Sell,235982469
2024-08-30 10:33:41,134600.0,200,Buy,235982641
2024-08-30 10:33:41,134600.0,100,Buy,235982642
2024-08-30 10:33:41,134600.0,200,Buy,235982643
2024-08-30 10:33:44,134500.0,100,Sell,235982706
2024-08-30 10:33:47,134500.0,200,Sell,235982762
2024-08-30 10:33:55,134600.0,100,Buy,235982883
2024-08-30 10:34:09,134600.0,100,Buy,235983086
2024-08-30 10:34:09,134600.0,100,Buy,235983083
2024-08-30 10:34:09,134600.0,100,Buy,235983082
2024-08-30 10:34:09,134600.0,1000,Buy,235983080
2024-08-30 10:34:09,134600.0,700,Buy,235983079
2024-08-30 10:34:09,134600.0,200,Buy,235983081
2024-08-30 10:34:10,134600.0,100,Buy,235983092
2024-08-30 10:34:15,134600.0,400,Buy,235983163
2024-08-30 10:34:15,134600.0,300,Buy,235983162
2024-08-30 10:34:15,134600.0,100,Buy,235983161
2024-08-30 10:34:15,134600.0,100,Buy,235983160
2024-08-30 10:34:15,134600.0,200,Buy,235983158
2024-08-30 10:34:15,134600.0,1000,Buy,235983157
2024-08-30 10:34:15,134600.0,100,Buy,235983159
2024-08-30 10:34:15,134600.0,400,Buy,235983155
2024-08-30 10:34:15,134600.0,200,Buy,235983154
2024-08-30 10:34:15,134600.0,200,Buy,235983153
2024-08-30 10:34:15,134600.0,2000,Buy,235983152
2024-08-30 10:34:15,134600.0,1400,Buy,235983151
2024-08-30 10:34:15,134600.0,200,Buy,235983150
2024-08-30 10:34:15,134600.0,100,Buy,235983156
2024-08-30 10:34:17,134600.0,2000,Buy,235983200
2024-08-30 10:34:17,134600.0,4900,Buy,235983199
2024-08-30 10:34:17,134600.0,100,Buy,235983198
2024-08-30 10:34:18,134600.0,2000,Buy,235983206
2024-08-30 10:34:22,134600.0,200,Buy,235983289
2024-08-30 10:34:24,134600.0,100,Buy,235983322
2024-08-30 10:34:24,134600.0,100,Buy,235983323
2024-08-30 10:34:25,134600.0,300,Buy,235983329
2024-08-30 10:34:26,134600.0,100,Buy,235983355
2024-08-30 10:34:27,134600.0,1000,Buy,235983422
2024-08-30 10:34:31,134600.0,1000,Buy,235983488
2024-08-30 10:34:32,134600.0,100,Buy,235983563
2024-08-30 10:34:33,134600.0,200,Buy,235983615
2024-08-30 10:34:33,134600.0,100,Buy,235983614
2024-08-30 10:34:33,134600.0,100,Buy,235983613
2024-08-30 10:34:33,134600.0,100,Buy,235983612
2024-08-30 10:34:33,134600.0,400,Buy,235983611
2024-08-30 10:34:33,134600.0,100,Buy,235983607
2024-08-30 10:34:33,134600.0,100,Buy,235983609
2024-08-30 10:34:33,134600.0,100,Buy,235983608
2024-08-30 10:34:33,134600.0,500,Buy,235983606
2024-08-30 10:34:33,134600.0,8200,Buy,235983605
2024-08-30 10:34:33,134600.0,100,Buy,235983610
2024-08-30 10:34:34,134600.0,300,Buy,235983644
2024-08-30 10:34:34,134600.0,200,Buy,235983645
2024-08-30 10:34:38,134600.0,900,Buy,235983723
2024-08-30 10:34:38,134600.0,300,Buy,235983722
2024-08-30 10:34:39,134600.0,100,Buy,235983760
2024-08-30 10:34:39,134600.0,100,Buy,235983759
2024-08-30 10:34:59,134600.0,100,Buy,235984116
2024-08-30 10:35:00,134500.0,1200,Sell,235984123
2024-08-30 10:35:02,134600.0,300,Buy,235984234
2024-08-30 10:35:02,134600.0,100,Buy,235984235
2024-08-30 10:35:02,134600.0,100,Buy,235984236
2024-08-30 10:35:02,134600.0,100,Buy,235984237
2024-08-30 10:35:02,134600.0,100,Buy,235984238
2024-08-30 10:35:02,134600.0,100,Buy,235984239
2024-08-30 10:35:02,134600.0,200,Buy,235984240
2024-08-30 10:35:06,134600.0,700,Buy,235984349
2024-08-30 10:35:06,134600.0,1000,Buy,235984348
2024-08-30 10:35:06,134600.0,100,Buy,235984347
2024-08-30 10:35:06,134600.0,100,Buy,235984346
2024-08-30 10:35:06,134600.0,200,Buy,235984345
2024-08-30 10:35:06,134600.0,100,Buy,235984344
2024-08-30 10:35:06,134600.0,3000,Buy,235984340
2024-08-30 10:35:06,134600.0,100,Buy,235984342
2024-08-30 10:35:06,134600.0,500,Buy,235984341
2024-08-30 10:35:06,134600.0,200,Buy,235984339
2024-08-30 10:35:06,134600.0,500,Buy,235984338
2024-08-30 10:35:06,134600.0,100,Buy,235984337
2024-08-30 10:35:06,134600.0,200,Buy,235984343
2024-08-30 10:35:09,134600.0,300,Buy,235984442
2024-08-30 10:35:13,134600.0,300,Buy,235984484
2024-08-30 10:35:21,134600.0,1100,Buy,235984636
2024-08-30 10:35:21,134600.0,100,Buy,235984635
2024-08-30 10:35:21,134600.0,1700,Buy,235984633
2024-08-30 10:35:21,134600.0,100,Buy,235984634
2024-08-30 10:35:24,134600.0,500,Buy,235984675
2024-08-30 10:35:27,134600.0,1000,Buy,235984711
2024-08-30 10:35:29,134600.0,100,Buy,235984728
2024-08-30 10:35:31,134600.0,100,Buy,235984761
2024-08-30 10:35:34,134600.0,100,Buy,235984776
2024-08-30 10:35:39,134600.0,100,Buy,235984966
2024-08-30 10:35:41,134600.0,1300,Buy,235985041
2024-08-30 10:35:58,134600.0,100,Buy,235985253
2024-08-30 10:35:58,134600.0,6700,Buy,235985256
2024-08-30 10:36:01,134600.0,2000,Buy,235985361
2024-08-30 10:36:04,134600.0,1000,Buy,235985414
2024-08-30 10:36:05,134600.0,100,Buy,235985425
2024-08-30 10:36:06,134600.0,1000,Buy,235985441
2024-08-30 10:36:17,134500.0,100,Sell,235985555
2024-08-30 10:36:20,134600.0,300,Buy,235985599
2024-08-30 10:36:24,134600.0,1000,Buy,235985665
2024-08-30 10:36:28,134600.0,100,Buy,235985737
2024-08-30 10:36:35,134600.0,100,Buy,235985857
2024-08-30 10:36:43,134600.0,200,Buy,235986026
2024-08-30 10:36:50,134600.0,3100,Buy,235986129
2024-08-30 10:36:50,134600.0,100,Buy,235986130
2024-08-30 10:36:50,134600.0,500,Buy,235986131
2024-08-30 10:36:50,134600.0,100,Buy,235986132
2024-08-30 10:36:50,134600.0,500,Buy,235986133
2024-08-30 10:36:50,134600.0,100,Buy,235986134
2024-08-30 10:36:50,134600.0,2300,Buy,235986140
2024-08-30 10:36:52,134600.0,500,Buy,235986173
2024-08-30 10:36:55,134600.0,400,Buy,235986203
2024-08-30 10:36:55,134600.0,700,Buy,235986202
2024-08-30 10:36:55,134600.0,100,Buy,235986201
2024-08-30 10:36:55,134600.0,100,Buy,235986200
2024-08-30 10:36:55,134600.0,100,Buy,235986198
2024-08-30 10:36:55,134600.0,100,Buy,235986197
2024-08-30 10:36:55,134600.0,200,Buy,235986196
2024-08-30 10:36:55,134600.0,500,Buy,235986195
2024-08-30 10:36:55,134600.0,2200,Buy,235986194
2024-08-30 10:36:55,134600.0,100,Buy,235986199
2024-08-30 10:36:57,134600.0,100,Buy,235986238
2024-08-30 10:36:57,134600.0,100,Buy,235986239
2024-08-30 10:36:57,134600.0,100,Buy,235986240
2024-08-30 10:36:57,134600.0,700,Buy,235986241
2024-08-30 10:37:08,134600.0,100,Buy,235986437
2024-08-30 10:37:10,134600.0,300,Buy,235986481
2024-08-30 10:37:20,134500.0,500,Sell,235986678
2024-08-30 10:37:34,134500.0,100,Sell,235986875
2024-08-30 10:37:35,134600.0,100,Buy,235986900
2024-08-30 10:37:35,134600.0,200,Buy,235986899
2024-08-30 10:37:35,134600.0,100,Buy,235986897
2024-08-30 10:37:35,134600.0,100,Buy,235986898
2024-08-30 10:37:35,134600.0,1000,Buy,235986896
2024-08-30 10:37:35,134600.0,2200,Buy,235986888
2024-08-30 10:37:35,134600.0,100,Buy,235986894
2024-08-30 10:37:35,134600.0,100,Buy,235986893
2024-08-30 10:37:35,134600.0,800,Buy,235986892
2024-08-30 10:37:35,134600.0,100,Buy,235986887
2024-08-30 10:37:35,134600.0,700,Buy,235986886
2024-08-30 10:37:35,134600.0,100,Buy,235986895
2024-08-30 10:37:36,134600.0,1000,Buy,235986928
2024-08-30 10:37:36,134600.0,100,Buy,235986927
2024-08-30 10:37:36,134600.0,1000,Buy,235986926
2024-08-30 10:37:36,134600.0,600,Buy,235986925
2024-08-30 10:37:36,134600.0,1400,Buy,235986919
2024-08-30 10:37:36,134600.0,100,Buy,235986917
2024-08-30 10:37:36,134600.0,100,Buy,235986916
2024-08-30 10:37:36,134600.0,600,Buy,235986915
2024-08-30 10:37:36,134600.0,100,Buy,235986914
2024-08-30 10:37:36,134600.0,100,Buy,235986913
2024-08-30 10:37:36,134600.0,500,Buy,235986918
2024-08-30 10:37:40,134600.0,100,Buy,235986990
2024-08-30 10:37:41,134600.0,100,Buy,235987021
2024-08-30 10:37:41,134600.0,200,Buy,235987022
2024-08-30 10:37:41,134600.0,200,Buy,235987023
2024-08-30 10:37:41,134600.0,100,Buy,235987024
2024-08-30 10:37:41,134600.0,100,Buy,235987025
2024-08-30 10:37:55,134600.0,2000,Sell,235987238
2024-08-30 10:38:11,134700.0,100,Buy,235987561
2024-08-30 10:38:12,134700.0,200,Buy,235987566
2024-08-30 10:38:13,134700.0,800,Buy,235987595
2024-08-30 10:38:18,134600.0,7000,Sell,235987687
2024-08-30 10:38:18,134600.0,4000,Sell,235987686
2024-08-30 10:38:22,134600.0,600,Sell,235987759
2024-08-30 10:38:22,134600.0,200,Sell,235987760
2024-08-30 10:38:25,134600.0,200,Buy,235987798
2024-08-30 10:38:25,134600.0,100,Buy,235987799
2024-08-30 10:38:33,134600.0,100,Buy,235987982
2024-08-30 10:38:44,134700.0,100,Buy,235988213
2024-08-30 10:39:00,134700.0,100,Buy,235988534
2024-08-30 10:39:00,134700.0,200,Buy,235988533
2024-08-30 10:39:00,134700.0,100,Buy,235988532
2024-08-30 10:39:00,134700.0,100,Buy,235988531
2024-08-30 10:39:00,134700.0,100,Buy,235988529
2024-08-30 10:39:00,134700.0,400,Buy,235988528
2024-08-30 10:39:00,134700.0,500,Buy,235988530
2024-08-30 10:39:00,134700.0,300,Buy,235988526
2024-08-30 10:39:00,134700.0,500,Buy,235988525
2024-08-30 10:39:00,134700.0,1000,Buy,235988524
2024-08-30 10:39:00,134700.0,400,Buy,235988523
2024-08-30 10:39:00,134700.0,100,Buy,235988522
2024-08-30 10:39:00,134700.0,2000,Buy,235988521
2024-08-30 10:39:00,134700.0,100,Buy,235988527
2024-08-30 10:39:14,134700.0,100,Buy,235988736
2024-08-30 10:39:19,134700.0,100,Buy,235988792
2024-08-30 10:39:25,134700.0,500,Buy,235988928
2024-08-30 10:39:25,134700.0,200,Buy,235988927
2024-08-30 10:39:25,134700.0,100,Buy,235988926
2024-08-30 10:39:25,134700.0,3000,Buy,235988929
2024-08-30 10:39:25,134700.0,100,Buy,235988924
2024-08-30 10:39:25,134700.0,400,Buy,235988923
2024-08-30 10:39:25,134700.0,200,Buy,235988922
2024-08-30 10:39:25,134700.0,1700,Buy,235988921
2024-08-30 10:39:25,134700.0,500,Buy,235988925
2024-08-30 10:39:29,134700.0,100,Buy,235988981
2024-08-30 10:39:34,134700.0,100,Buy,235989024
2024-08-30 10:39:47,134700.0,100,Buy,235989139
2024-08-30 10:40:04,134700.0,100,Buy,235989536
2024-08-30 10:40:04,134700.0,100,Buy,235989537
2024-08-30 10:40:16,134700.0,200,Buy,235989704
2024-08-30 10:40:16,134700.0,100,Buy,235989703
2024-08-30 10:40:16,134700.0,6500,Buy,235989702
2024-08-30 10:40:17,134700.0,100,Buy,235989714
2024-08-30 10:40:19,134700.0,200,Buy,235989737
2024-08-30 10:40:19,134700.0,100,Buy,235989738
2024-08-30 10:40:19,134700.0,500,Buy,235989739
2024-08-30 10:40:19,134700.0,200,Buy,235989740
2024-08-30 10:40:27,134600.0,1000,Sell,235989837
2024-08-30 10:40:29,134600.0,100,Sell,235989873
2024-08-30 10:40:29,134600.0,100,Sell,235989871
2024-08-30 10:40:29,134600.0,300,Sell,235989872
2024-08-30 10:40:29,134600.0,200,Sell,235989869
2024-08-30 10:40:29,134600.0,100,Sell,235989868
2024-08-30 10:40:29,134600.0,5600,Sell,235989867
2024-08-30 10:40:29,134600.0,100,Sell,235989870
2024-08-30 10:40:34,134600.0,3500,Buy,235989930
2024-08-30 10:40:42,134600.0,1000,Sell,235990102
2024-08-30 10:40:47,134700.0,100,Buy,235990173
2024-08-30 10:40:50,134600.0,200,Sell,235990204
2024-08-30 10:40:50,134700.0,100,Buy,235990209
2024-08-30 10:40:56,134700.0,100,Buy,235990310
2024-08-30 10:40:56,134700.0,300,Buy,235990309
2024-08-30 10:40:56,134700.0,100,Buy,235990308
2024-08-30 10:40:56,134700.0,300,Buy,235990307
2024-08-30 10:40:56,134700.0,500,Buy,235990305
2024-08-30 10:40:56,134700.0,100,Buy,235990306
2024-08-30 10:40:56,134700.0,1800,Buy,235990303
2024-08-30 10:40:56,134700.0,600,Buy,235990297
2024-08-30 10:40:56,134700.0,200,Buy,235990302
2024-08-30 10:40:56,134700.0,200,Buy,235990301
2024-08-30 10:40:56,134700.0,300,Buy,235990300
2024-08-30 10:40:56,134700.0,100,Buy,235990299
2024-08-30 10:40:56,134700.0,500,Buy,235990304
2024-08-30 10:41:00,134600.0,300,Sell,235990388
2024-08-30 10:41:00,134600.0,600,Sell,235990389
2024-08-30 10:41:14,134600.0,300,Sell,235990594
2024-08-30 10:41:15,134600.0,100,Sell,235990602
2024-08-30 10:41:19,134600.0,100,Sell,235990649
2024-08-30 10:41:22,134700.0,100,Buy,235990701
2024-08-30 10:41:48,134600.0,200,Sell,235991020
2024-08-30 10:41:55,134700.0,100,Buy,235991105
2024-08-30 10:42:00,134700.0,200,Buy,235991199
2024-08-30 10:42:00,134700.0,2600,Buy,235991200
2024-08-30 10:42:00,134700.0,1000,Buy,235991198
2024-08-30 10:42:00,134700.0,500,Buy,235991197
2024-08-30 10:42:00,134700.0,100,Buy,235991192
2024-08-30 10:42:00,134700.0,100,Buy,235991195
2024-08-30 10:42:00,134700.0,100,Buy,235991194
2024-08-30 10:42:00,134700.0,100,Buy,235991193
2024-08-30 10:42:00,134700.0,2000,Buy,235991196
2024-08-30 10:42:03,134700.0,100,Buy,235991244
2024-08-30 10:42:07,134700.0,5000,Buy,235991303
2024-08-30 10:42:25,134700.0,100,Buy,235991547
2024-08-30 10:42:44,134700.0,1500,Buy,235991844
2024-08-30 10:42:51,134700.0,100,Buy,235991990
2024-08-30 10:42:51,134700.0,300,Buy,235991988
2024-08-30 10:42:51,134700.0,200,Buy,235991987
2024-08-30 10:42:51,134700.0,300,Buy,235991991
2024-08-30 10:42:51,134700.0,100,Buy,235991985
2024-08-30 10:42:51,134700.0,3600,Buy,235991986
2024-08-30 10:42:51,134700.0,700,Buy,235991982
2024-08-30 10:42:51,134700.0,100,Buy,235991989
2024-08-30 10:42:51,134700.0,200,Buy,235991984
2024-08-30 10:42:51,134700.0,1000,Buy,235991983
2024-08-30 10:42:52,134700.0,100,Buy,235991999
2024-08-30 10:42:52,134700.0,4900,Buy,235992000
2024-08-30 10:42:56,134600.0,100,Sell,235992057
2024-08-30 10:42:56,134700.0,100,Buy,235992066
2024-08-30 10:42:57,134600.0,100,Sell,235992071
2024-08-30 10:43:09,134700.0,100,Buy,235992378
2024-08-30 10:43:23,134600.0,100,Sell,235992587
2024-08-30 10:43:28,134700.0,100,Buy,235992690
2024-08-30 10:43:29,134600.0,100,Sell,235992697
2024-08-30 10:43:38,134600.0,200,Sell,235992861
2024-08-30 10:43:41,134700.0,200,Buy,235992899
2024-08-30 10:43:41,134700.0,100,Buy,235992898
2024-08-30 10:43:43,134700.0,100,Buy,235992935
2024-08-30 10:43:43,134700.0,200,Buy,235992937
2024-08-30 10:43:43,134700.0,500,Buy,235992936
2024-08-30 10:43:43,134700.0,100,Buy,235992934
2024-08-30 10:43:43,134700.0,500,Buy,235992931
2024-08-30 10:43:43,134700.0,100,Buy,235992932
2024-08-30 10:43:43,134700.0,4500,Buy,235992929
2024-08-30 10:43:43,134700.0,100,Buy,235992933
2024-08-30 10:43:43,134700.0,500,Buy,235992930
2024-08-30 10:44:00,134700.0,100,Buy,235993243
2024-08-30 10:44:29,134700.0,100,Buy,235993899
2024-08-30 10:44:32,134700.0,100,Buy,235993977
2024-08-30 10:44:35,134700.0,100,Buy,235994044
2024-08-30 10:44:35,134700.0,100,Buy,235994043
2024-08-30 10:44:35,134700.0,400,Buy,235994042
2024-08-30 10:44:35,134700.0,100,Buy,235994041
2024-08-30 10:44:35,134700.0,100,Buy,235994040
2024-08-30 10:44:35,134700.0,1000,Buy,235994039
2024-08-30 10:44:35,134700.0,1000,Buy,235994038
2024-08-30 10:44:35,134700.0,600,Buy,235994037
2024-08-30 10:44:35,134700.0,1000,Buy,235994035
2024-08-30 10:44:35,134700.0,100,Buy,235994036
2024-08-30 10:44:35,134700.0,100,Buy,235994033
2024-08-30 10:44:35,134700.0,100,Buy,235994032
2024-08-30 10:44:35,134700.0,200,Buy,235994031
2024-08-30 10:44:35,134700.0,100,Buy,235994030
2024-08-30 10:44:35,134700.0,100,Buy,235994029
2024-08-30 10:44:35,134700.0,200,Buy,235994028
2024-08-30 10:44:35,134700.0,100,Buy,235994027
2024-08-30 10:44:35,134700.0,100,Buy,235994026
2024-08-30 10:44:35,134700.0,100,Buy,235994025
2024-08-30 10:44:35,134700.0,1000,Buy,235994034
2024-08-30 10:44:45,134700.0,200,Buy,235994178
2024-08-30 10:44:45,134700.0,100,Buy,235994179
2024-08-30 10:45:02,134700.0,100,Buy,235994419
2024-08-30 10:45:02,134700.0,100,Buy,235994420
2024-08-30 10:45:05,134700.0,100,Buy,235994462
2024-08-30 10:45:06,134700.0,300,Buy,235994476
2024-08-30 10:45:06,134700.0,100,Buy,235994483
2024-08-30 10:45:10,134700.0,400,Buy,235994533
2024-08-30 10:45:17,134700.0,1100,Buy,235994668
2024-08-30 10:45:24,134600.0,600,Sell,235994765
2024-08-30 10:45:36,134700.0,100,Buy,235994927
2024-08-30 10:45:39,134700.0,1400,Buy,235994990
2024-08-30 10:46:09,134700.0,100,Buy,235995454
2024-08-30 10:46:09,134700.0,800,Buy,235995455
2024-08-30 10:46:11,134700.0,100,Buy,235995482
2024-08-30 10:46:16,134700.0,400,Buy,235995548
2024-08-30 10:46:18,134700.0,900,Buy,235995572
