time,price,volume,match_type,id
2024-07-19 09:14:40,128600.0,45800,ATO/ATC,224500971
2024-07-19 09:14:42,128600.0,1000,Buy,224501257
2024-07-19 09:14:42,128500.0,900,Sell,224501170
2024-07-19 09:14:42,128500.0,100,Sell,224501171
2024-07-19 09:14:42,128600.0,100,Buy,224501172
2024-07-19 09:14:51,128600.0,900,Buy,224501360
2024-07-19 09:14:51,128600.0,100,Buy,224501359
2024-07-19 09:14:55,128600.0,100,Buy,224501425
2024-07-19 09:14:55,128600.0,100,Buy,224501413
2024-07-19 09:14:58,128600.0,100,Buy,224501467
2024-07-19 09:15:02,128600.0,100,Buy,224501527
2024-07-19 09:15:04,128600.0,200,Buy,224501560
2024-07-19 09:15:08,128600.0,500,Buy,224501647
2024-07-19 09:15:08,128600.0,1000,Buy,224501648
2024-07-19 09:15:08,128600.0,1000,Buy,224501649
2024-07-19 09:15:08,128600.0,400,Buy,224501650
2024-07-19 09:15:08,128600.0,2100,Sell,224501654
2024-07-19 09:15:10,128600.0,700,Buy,224501782
2024-07-19 09:15:10,128600.0,100,Buy,224501767
2024-07-19 09:15:10,128600.0,800,Buy,224501781
2024-07-19 09:15:12,128600.0,100,Buy,224501807
2024-07-19 09:15:12,128600.0,100,Buy,224501817
2024-07-19 09:15:13,128600.0,100,Buy,224501838
2024-07-19 09:15:14,128600.0,1000,Buy,224501871
2024-07-19 09:15:17,128600.0,100,Buy,224501953
2024-07-19 09:15:17,128600.0,100,Buy,224501954
2024-07-19 09:15:19,128600.0,100,Buy,224501990
2024-07-19 09:15:20,128600.0,200,Buy,224502009
2024-07-19 09:15:21,128500.0,100,Sell,224502016
2024-07-19 09:15:23,128600.0,100,Buy,224502083
2024-07-19 09:15:24,128600.0,400,Buy,224502102
2024-07-19 09:15:24,128600.0,100,Sell,224502113
2024-07-19 09:15:26,128600.0,900,Sell,224502158
2024-07-19 09:15:26,128600.0,400,Sell,224502182
2024-07-19 09:15:26,128600.0,600,Sell,224502183
2024-07-19 09:15:39,128700.0,700,Buy,224502500
2024-07-19 09:15:41,128700.0,200,Buy,224502543
2024-07-19 09:15:45,128700.0,200,Buy,224502647
2024-07-19 09:15:46,128700.0,100,Buy,224502670
2024-07-19 09:15:48,128800.0,1000,Buy,224502702
2024-07-19 09:15:48,128700.0,800,Buy,224502699
2024-07-19 09:15:48,128700.0,900,Buy,224502700
2024-07-19 09:15:48,128700.0,300,Buy,224502701
2024-07-19 09:15:53,128800.0,300,Buy,224502826
2024-07-19 09:16:01,128800.0,300,Buy,224502972
2024-07-19 09:16:04,128700.0,100,Sell,224503032
2024-07-19 09:16:04,128800.0,100,Buy,224503038
2024-07-19 09:16:06,128800.0,1000,Buy,224503071
2024-07-19 09:16:06,128800.0,1300,Buy,224503069
2024-07-19 09:16:06,128800.0,100,Buy,224503070
2024-07-19 09:16:07,128800.0,100,Sell,224503094
2024-07-19 09:16:09,128800.0,1000,Sell,224503152
2024-07-19 09:16:09,128800.0,200,Sell,224503151
2024-07-19 09:16:13,128800.0,1300,Sell,224503277
2024-07-19 09:16:13,128800.0,300,Sell,224503278
2024-07-19 09:16:13,128800.0,100,Sell,224503279
2024-07-19 09:16:13,128800.0,3000,Sell,224503280
2024-07-19 09:16:13,128800.0,100,Sell,224503281
2024-07-19 09:16:13,128800.0,100,Sell,224503283
2024-07-19 09:16:13,128800.0,100,Sell,224503284
2024-07-19 09:16:13,128800.0,300,Sell,224503285
2024-07-19 09:16:13,128800.0,900,Buy,224503312
2024-07-19 09:16:13,128800.0,200,Sell,224503282
2024-07-19 09:16:15,128800.0,200,Buy,224503342
2024-07-19 09:16:17,128800.0,2300,Buy,224503370
2024-07-19 09:16:17,128800.0,300,Buy,224503371
2024-07-19 09:16:26,128900.0,200,Buy,224503544
2024-07-19 09:16:26,128900.0,100,Buy,224503543
2024-07-19 09:16:26,128900.0,200,Buy,224503541
2024-07-19 09:16:26,128900.0,100,Buy,224503542
2024-07-19 09:16:27,128800.0,200,Sell,224503567
2024-07-19 09:16:27,128800.0,200,Sell,224503582
2024-07-19 09:16:27,128800.0,100,Sell,224503583
2024-07-19 09:16:27,128800.0,200,Sell,224503584
2024-07-19 09:16:30,128800.0,100,Sell,224503682
2024-07-19 09:16:30,128800.0,200,Sell,224503683
2024-07-19 09:16:30,128800.0,200,Sell,224503684
2024-07-19 09:16:34,128900.0,500,Buy,224503789
2024-07-19 09:16:34,128900.0,200,Buy,224503788
2024-07-19 09:16:39,128800.0,4800,Sell,224503889
2024-07-19 09:16:39,128800.0,200,Sell,224503890
2024-07-19 09:16:40,128900.0,1000,Buy,224503917
2024-07-19 09:16:41,128900.0,300,Buy,224503960
2024-07-19 09:16:43,128900.0,100,Buy,224504036
2024-07-19 09:16:44,128900.0,300,Buy,224504044
2024-07-19 09:16:46,128800.0,300,Sell,224504135
2024-07-19 09:16:46,128800.0,100,Sell,224504134
2024-07-19 09:16:46,128800.0,200,Sell,224504136
2024-07-19 09:16:46,128800.0,100,Sell,224504132
2024-07-19 09:16:46,128800.0,200,Sell,224504133
2024-07-19 09:16:46,128800.0,100,Sell,224504131
2024-07-19 09:16:47,128900.0,200,Buy,224504148
2024-07-19 09:16:49,128900.0,1000,Buy,224504206
2024-07-19 09:16:49,128900.0,1000,Buy,224504207
2024-07-19 09:16:49,128900.0,100,Buy,224504208
2024-07-19 09:16:49,128900.0,100,Buy,224504209
2024-07-19 09:16:49,128900.0,1000,Buy,224504210
2024-07-19 09:16:49,128900.0,1600,Buy,224504211
2024-07-19 09:16:49,128900.0,100,Buy,224504188
2024-07-19 09:16:51,128900.0,100,Buy,224504243
2024-07-19 09:16:51,128900.0,400,Buy,224504242
2024-07-19 09:16:53,128900.0,100,Buy,224504301
2024-07-19 09:16:56,128900.0,900,Buy,224504398
2024-07-19 09:16:56,128900.0,100,Buy,224504399
2024-07-19 09:16:56,128900.0,100,Buy,224504400
2024-07-19 09:16:56,128900.0,300,Buy,224504401
2024-07-19 09:16:56,128900.0,600,Buy,224504402
2024-07-19 09:16:57,128900.0,1000,Buy,224504405
2024-07-19 09:17:01,129000.0,300,Buy,224504509
2024-07-19 09:17:01,129000.0,100,Buy,224504508
2024-07-19 09:17:01,128900.0,3400,Buy,224504506
2024-07-19 09:17:01,129000.0,200,Buy,224504507
2024-07-19 09:17:02,128900.0,900,Sell,224504556
2024-07-19 09:17:02,128900.0,100,Sell,224504555
2024-07-19 09:17:07,128900.0,100,Sell,224504698
2024-07-19 09:17:07,128900.0,100,Sell,224504699
2024-07-19 09:17:07,128900.0,100,Sell,224504700
2024-07-19 09:17:07,128900.0,200,Sell,224504701
2024-07-19 09:17:07,128900.0,200,Sell,224504702
2024-07-19 09:17:07,128900.0,100,Buy,224504716
2024-07-19 09:17:08,128900.0,200,Buy,224504760
2024-07-19 09:17:10,128900.0,800,Sell,224504824
2024-07-19 09:17:10,128900.0,200,Sell,224504823
2024-07-19 09:17:18,128900.0,1800,Sell,224505018
2024-07-19 09:17:18,128900.0,200,Sell,224505019
2024-07-19 09:17:21,128900.0,100,Sell,224505164
2024-07-19 09:17:23,128900.0,100,Sell,224505225
2024-07-19 09:17:24,129000.0,100,Buy,224505238
2024-07-19 09:17:24,129000.0,1000,Buy,224505239
2024-07-19 09:17:24,129000.0,100,Buy,224505279
2024-07-19 09:17:27,129000.0,400,Buy,224505355
2024-07-19 09:17:30,129000.0,100,Buy,224505427
2024-07-19 09:17:30,129000.0,500,Buy,224505426
2024-07-19 09:17:30,129000.0,400,Buy,224505428
2024-07-19 09:17:33,129000.0,200,Buy,224505509
2024-07-19 09:17:33,129000.0,100,Buy,224505512
2024-07-19 09:17:35,129000.0,500,Sell,224505553
2024-07-19 09:17:35,129000.0,5000,Sell,224505552
2024-07-19 09:17:35,129000.0,300,Buy,224505544
2024-07-19 09:17:35,129000.0,100,Buy,224505546
2024-07-19 09:17:35,129000.0,2000,Buy,224505542
2024-07-19 09:17:35,129000.0,100,Buy,224505541
2024-07-19 09:17:35,129000.0,3000,Buy,224505540
2024-07-19 09:17:35,129000.0,1300,Buy,224505539
2024-07-19 09:17:35,129000.0,1000,Buy,224505543
2024-07-19 09:17:35,129000.0,300,Buy,224505545
2024-07-19 09:17:39,129100.0,100,Buy,224505670
2024-07-19 09:17:39,129100.0,1500,Buy,224505665
2024-07-19 09:17:39,129100.0,500,Buy,224505666
2024-07-19 09:17:39,129100.0,1000,Buy,224505667
2024-07-19 09:17:39,129100.0,100,Buy,224505668
2024-07-19 09:17:39,129100.0,2000,Buy,224505669
2024-07-19 09:17:42,129000.0,3300,Sell,224505790
2024-07-19 09:17:43,129100.0,200,Buy,224505840
2024-07-19 09:17:44,129100.0,700,Buy,224505852
2024-07-19 09:17:46,129100.0,700,Sell,224505904
2024-07-19 09:17:46,129100.0,300,Sell,224505905
2024-07-19 09:17:48,129200.0,200,Buy,224505939
2024-07-19 09:17:48,129200.0,300,Buy,224505940
2024-07-19 09:17:52,129200.0,1000,Buy,224506049
2024-07-19 09:17:56,129200.0,100,Buy,224506144
2024-07-19 09:17:57,129200.0,100,Buy,224506183
2024-07-19 09:17:57,129200.0,400,Buy,224506184
2024-07-19 09:17:58,129200.0,300,Buy,224506233
2024-07-19 09:17:58,129200.0,100,Buy,224506231
2024-07-19 09:17:58,129200.0,100,Buy,224506232
2024-07-19 09:17:59,129200.0,200,Buy,224506252
2024-07-19 09:18:01,129100.0,100,Sell,224506313
2024-07-19 09:18:02,129200.0,500,Buy,224506355
2024-07-19 09:18:03,129100.0,900,Sell,224506425
2024-07-19 09:18:03,129100.0,300,Sell,224506426
2024-07-19 09:18:03,129100.0,1000,Sell,224506424
2024-07-19 09:18:03,129100.0,100,Sell,224506423
2024-07-19 09:18:03,129100.0,500,Sell,224506422
2024-07-19 09:18:03,129100.0,100,Sell,224506420
2024-07-19 09:18:03,129100.0,400,Sell,224506421
2024-07-19 09:18:04,129200.0,100,Buy,224506506
2024-07-19 09:18:04,129200.0,100,Buy,224506498
2024-07-19 09:18:04,129200.0,100,Buy,224506502
2024-07-19 09:18:06,129200.0,700,Buy,224506557
2024-07-19 09:18:06,129200.0,300,Buy,224506558
2024-07-19 09:18:08,129200.0,300,Buy,224506592
2024-07-19 09:18:08,129200.0,300,Buy,224506594
2024-07-19 09:18:08,129200.0,700,Buy,224506595
2024-07-19 09:18:08,129200.0,100,Buy,224506606
2024-07-19 09:18:08,129200.0,200,Buy,224506607
2024-07-19 09:18:08,129200.0,100,Buy,224506608
2024-07-19 09:18:08,129200.0,100,Buy,224506609
2024-07-19 09:18:10,129200.0,1000,Sell,224506672
2024-07-19 09:18:13,129200.0,400,Sell,224506758
2024-07-19 09:18:13,129200.0,1000,Sell,224506759
2024-07-19 09:18:13,129200.0,1600,Sell,224506757
2024-07-19 09:18:26,129200.0,1000,Sell,224507140
2024-07-19 09:18:29,129200.0,100,Sell,224507245
2024-07-19 09:18:29,129300.0,1000,Buy,224507252
2024-07-19 09:18:31,129300.0,100,Buy,224507317
2024-07-19 09:18:31,129300.0,1000,Buy,224507316
2024-07-19 09:18:31,129300.0,100,Buy,224507310
2024-07-19 09:18:31,129300.0,300,Buy,224507314
2024-07-19 09:18:31,129300.0,600,Buy,224507315
2024-07-19 09:18:31,129300.0,100,Buy,224507301
2024-07-19 09:18:32,129300.0,1000,Buy,224507338
2024-07-19 09:18:34,129300.0,200,Buy,224507404
2024-07-19 09:18:37,129300.0,200,Buy,224507457
2024-07-19 09:18:37,129200.0,500,Sell,224507458
2024-07-19 09:18:37,129200.0,3000,Sell,224507459
2024-07-19 09:18:37,129200.0,200,Sell,224507460
2024-07-19 09:18:37,129200.0,500,Sell,224507461
2024-07-19 09:18:37,129200.0,500,Sell,224507462
2024-07-19 09:18:37,129200.0,100,Sell,224507463
2024-07-19 09:18:37,129200.0,200,Sell,224507464
2024-07-19 09:18:40,129300.0,100,Buy,224507526
2024-07-19 09:18:41,129300.0,100,Buy,224507549
2024-07-19 09:18:42,129300.0,100,Buy,224507582
2024-07-19 09:18:44,129300.0,100,Buy,224507665
2024-07-19 09:18:45,129300.0,1000,Buy,224507685
2024-07-19 09:18:45,129300.0,100,Buy,224507700
2024-07-19 09:18:45,129300.0,200,Buy,224507684
2024-07-19 09:18:45,129300.0,100,Buy,224507686
2024-07-19 09:18:45,129300.0,400,Buy,224507687
2024-07-19 09:18:46,129300.0,500,Buy,224507704
2024-07-19 09:18:46,129300.0,100,Buy,224507705
2024-07-19 09:18:46,129300.0,1400,Sell,224507726
2024-07-19 09:18:49,129300.0,100,Buy,224507839
2024-07-19 09:18:53,129300.0,200,Buy,224507955
2024-07-19 09:18:53,129300.0,200,Buy,224507963
2024-07-19 09:18:55,129200.0,100,Sell,224508017
2024-07-19 09:18:55,129200.0,100,Sell,224508015
2024-07-19 09:18:55,129200.0,200,Sell,224508014
2024-07-19 09:18:55,129200.0,100,Sell,224508013
2024-07-19 09:18:55,129200.0,200,Sell,224508018
2024-07-19 09:18:55,129200.0,100,Sell,224508011
2024-07-19 09:18:55,129200.0,100,Sell,224508012
2024-07-19 09:18:55,129200.0,200,Sell,224508007
2024-07-19 09:18:55,129200.0,2300,Sell,224508008
2024-07-19 09:18:55,129200.0,500,Sell,224508016
2024-07-19 09:18:55,129200.0,500,Sell,224508009
2024-07-19 09:18:55,129200.0,100,Sell,224508010
2024-07-19 09:18:57,129200.0,300,Sell,224508065
2024-07-19 09:18:59,129300.0,500,Buy,224508131
2024-07-19 09:18:59,129200.0,100,Sell,224508132
2024-07-19 09:19:02,129300.0,100,Buy,224508287
2024-07-19 09:19:02,129300.0,200,Buy,224508248
2024-07-19 09:19:02,129300.0,100,Buy,224508249
2024-07-19 09:19:03,129200.0,500,Sell,224508293
2024-07-19 09:19:03,129200.0,1500,Sell,224508294
2024-07-19 09:19:05,129300.0,100,Buy,224508360
2024-07-19 09:19:09,129200.0,1000,Buy,224508478
2024-07-19 09:19:10,129200.0,900,Sell,224508496
2024-07-19 09:19:10,129200.0,100,Sell,224508503
2024-07-19 09:19:11,129100.0,600,Sell,224508525
2024-07-19 09:19:11,129100.0,100,Sell,224508526
2024-07-19 09:19:11,129100.0,100,Sell,224508527
2024-07-19 09:19:11,129100.0,200,Sell,224508528
2024-07-19 09:19:14,129200.0,100,Sell,224508652
2024-07-19 09:19:15,129200.0,100,Sell,224508666
2024-07-19 09:19:18,129200.0,800,Buy,224508749
2024-07-19 09:19:18,129200.0,100,Buy,224508750
2024-07-19 09:19:18,129200.0,100,Buy,224508751
2024-07-19 09:19:18,129200.0,100,Buy,224508752
2024-07-19 09:19:18,129200.0,100,Buy,224508742
2024-07-19 09:19:19,129100.0,200,Sell,224508761
2024-07-19 09:19:19,129200.0,300,Buy,224508779
2024-07-19 09:19:22,129200.0,500,Buy,224508819
2024-07-19 09:19:22,129200.0,100,Buy,224508820
2024-07-19 09:19:22,129200.0,1000,Buy,224508821
2024-07-19 09:19:22,129200.0,8400,Sell,224508828
2024-07-19 09:19:26,129200.0,200,Buy,224508925
2024-07-19 09:19:27,129200.0,500,Buy,224508967
2024-07-19 09:19:28,129000.0,200,Sell,224508980
2024-07-19 09:19:28,129100.0,100,Sell,224508978
2024-07-19 09:19:28,129100.0,100,Sell,224508977
2024-07-19 09:19:28,129100.0,100,Sell,224508979
2024-07-19 09:19:31,129000.0,100,Sell,224509111
2024-07-19 09:19:31,129100.0,200,Buy,224509128
2024-07-19 09:19:31,129000.0,9200,Sell,224509119
2024-07-19 09:19:31,129000.0,1000,Sell,224509118
2024-07-19 09:19:31,129000.0,1000,Sell,224509117
2024-07-19 09:19:31,129000.0,100,Sell,224509116
2024-07-19 09:19:31,129000.0,100,Sell,224509115
2024-07-19 09:19:31,129000.0,200,Sell,224509114
2024-07-19 09:19:31,129000.0,100,Sell,224509113
2024-07-19 09:19:31,129000.0,100,Sell,224509112
2024-07-19 09:19:31,129000.0,500,Sell,224509110
2024-07-19 09:19:31,129200.0,300,Buy,224509129
2024-07-19 09:19:31,129000.0,100,Sell,224509108
2024-07-19 09:19:31,129000.0,100,Sell,224509107
2024-07-19 09:19:31,129000.0,5000,Sell,224509106
2024-07-19 09:19:31,129000.0,500,Sell,224509105
2024-07-19 09:19:31,129000.0,1000,Sell,224509104
2024-07-19 09:19:31,129000.0,800,Sell,224509103
2024-07-19 09:19:31,129000.0,100,Sell,224509102
2024-07-19 09:19:31,129000.0,600,Sell,224509101
2024-07-19 09:19:31,129000.0,500,Sell,224509100
2024-07-19 09:19:31,129000.0,5000,Sell,224509099
2024-07-19 09:19:31,129000.0,2900,Sell,224509098
2024-07-19 09:19:31,129000.0,1000,Sell,224509109
2024-07-19 09:19:40,128900.0,100,Sell,224509294
2024-07-19 09:19:40,129000.0,700,Sell,224509293
2024-07-19 09:19:40,129000.0,100,Sell,224509291
2024-07-19 09:19:40,129000.0,300,Sell,224509290
2024-07-19 09:19:40,129000.0,800,Sell,224509289
2024-07-19 09:19:40,129000.0,100,Sell,224509292
2024-07-19 09:19:42,129200.0,100,Buy,224509448
2024-07-19 09:19:49,129000.0,1000,Sell,224509605
2024-07-19 09:19:49,129000.0,200,Sell,224509606
2024-07-19 09:19:49,128900.0,300,Sell,224509607
2024-07-19 09:19:49,128900.0,600,Sell,224509608
2024-07-19 09:19:49,129100.0,1000,Buy,224509626
2024-07-19 09:19:51,129100.0,100,Buy,224509705
2024-07-19 09:19:51,129100.0,100,Buy,224509706
2024-07-19 09:19:56,129100.0,200,Buy,224509852
2024-07-19 09:19:56,129000.0,200,Sell,224509817
2024-07-19 09:19:56,129000.0,200,Sell,224509818
2024-07-19 09:19:56,129000.0,100,Sell,224509819
2024-07-19 09:19:58,129000.0,100,Buy,224509944
2024-07-19 09:19:58,129000.0,100,Buy,224509945
2024-07-19 09:20:00,129000.0,100,Buy,224509992
2024-07-19 09:20:00,129100.0,1800,Buy,224509993
2024-07-19 09:20:01,129100.0,200,Buy,224510009
2024-07-19 09:20:05,129000.0,100,Sell,224510087
2024-07-19 09:20:05,129000.0,400,Sell,224510088
2024-07-19 09:20:05,129000.0,500,Sell,224510089
2024-07-19 09:20:07,129000.0,100,Sell,224510144
2024-07-19 09:20:08,129100.0,300,Buy,224510193
2024-07-19 09:20:08,129000.0,100,Buy,224510192
2024-07-19 09:20:09,129000.0,100,Buy,224510228
2024-07-19 09:20:17,129000.0,100,Buy,224510433
2024-07-19 09:20:17,129000.0,100,Buy,224510434
2024-07-19 09:20:18,129000.0,100,Buy,224510465
2024-07-19 09:20:19,129000.0,100,Buy,224510496
2024-07-19 09:20:21,129000.0,200,Buy,224510539
2024-07-19 09:20:22,129000.0,100,Buy,224510560
2024-07-19 09:20:22,128900.0,2800,Sell,224510561
2024-07-19 09:20:24,128900.0,100,Sell,224510670
2024-07-19 09:20:24,128900.0,200,Sell,224510669
2024-07-19 09:20:24,128900.0,2100,Sell,224510672
2024-07-19 09:20:24,128900.0,500,Sell,224510667
2024-07-19 09:20:24,128900.0,200,Sell,224510668
2024-07-19 09:20:24,128900.0,1600,Sell,224510665
2024-07-19 09:20:24,128900.0,200,Sell,224510671
2024-07-19 09:20:24,128900.0,100,Sell,224510666
2024-07-19 09:20:26,129000.0,400,Buy,224510734
2024-07-19 09:20:27,128900.0,500,Sell,224510770
2024-07-19 09:20:28,128900.0,200,Sell,224510786
2024-07-19 09:20:28,128900.0,300,Sell,224510784
2024-07-19 09:20:28,128900.0,500,Sell,224510785
2024-07-19 09:20:29,128900.0,1500,Buy,224510825
2024-07-19 09:20:35,128900.0,900,Sell,224510945
2024-07-19 09:20:35,128900.0,200,Sell,224510946
2024-07-19 09:20:35,128900.0,100,Sell,224510947
2024-07-19 09:20:38,128900.0,100,Buy,224511045
2024-07-19 09:20:42,128900.0,300,Buy,224511171
2024-07-19 09:20:43,128900.0,300,Buy,224511235
2024-07-19 09:20:51,128800.0,7100,Sell,224511428
2024-07-19 09:20:51,128800.0,100,Sell,224511427
2024-07-19 09:20:51,128800.0,100,Sell,224511426
2024-07-19 09:20:51,128800.0,300,Sell,224511424
2024-07-19 09:20:51,128800.0,500,Sell,224511423
2024-07-19 09:20:51,128800.0,100,Sell,224511425
2024-07-19 09:20:51,128800.0,100,Sell,224511421
2024-07-19 09:20:51,128800.0,200,Sell,224511420
2024-07-19 09:20:51,128800.0,200,Sell,224511419
2024-07-19 09:20:51,128800.0,500,Sell,224511418
2024-07-19 09:20:51,128800.0,500,Sell,224511417
2024-07-19 09:20:51,128800.0,200,Sell,224511416
2024-07-19 09:20:51,128800.0,100,Sell,224511422
2024-07-19 09:20:52,128900.0,400,Buy,224511437
2024-07-19 09:20:55,128800.0,1000,Sell,224511491
2024-07-19 09:20:57,128800.0,900,Sell,224511571
2024-07-19 09:21:00,128800.0,100,Sell,224511645
2024-07-19 09:21:00,128800.0,100,Sell,224511632
2024-07-19 09:21:00,128800.0,900,Sell,224511643
2024-07-19 09:21:00,128800.0,100,Sell,224511644
2024-07-19 09:21:02,128900.0,100,Buy,224511674
2024-07-19 09:21:02,128800.0,200,Sell,224511679
2024-07-19 09:21:02,128800.0,200,Sell,224511680
2024-07-19 09:21:03,128900.0,100,Buy,224511687
2024-07-19 09:21:03,128900.0,200,Buy,224511695
2024-07-19 09:21:04,128800.0,800,Sell,224511735
2024-07-19 09:21:04,128800.0,200,Sell,224511736
2024-07-19 09:21:04,128800.0,500,Sell,224511721
2024-07-19 09:21:04,128800.0,600,Sell,224511734
2024-07-19 09:21:04,128800.0,100,Sell,224511720
2024-07-19 09:21:06,128800.0,600,Buy,224511811
2024-07-19 09:21:06,128800.0,200,Buy,224511806
2024-07-19 09:21:07,128800.0,1300,Buy,224511828
2024-07-19 09:21:08,128800.0,1000,Buy,224511831
2024-07-19 09:21:17,128800.0,300,Buy,224512019
2024-07-19 09:21:17,128800.0,2000,Buy,224512020
2024-07-19 09:21:17,128800.0,1000,Buy,224512021
2024-07-19 09:21:17,128900.0,100,Buy,224512022
2024-07-19 09:21:17,128900.0,600,Buy,224512023
2024-07-19 09:21:28,128800.0,100,Buy,224512468
2024-07-19 09:21:29,128800.0,200,Buy,224512494
2024-07-19 09:21:29,128800.0,100,Buy,224512489
2024-07-19 09:21:31,128800.0,100,Buy,224512530
2024-07-19 09:21:31,128800.0,500,Buy,224512533
2024-07-19 09:21:31,128800.0,500,Buy,224512534
2024-07-19 09:21:36,128900.0,100,Buy,224512651
2024-07-19 09:21:36,128800.0,100,Buy,224512649
2024-07-19 09:21:36,128800.0,400,Buy,224512650
2024-07-19 09:21:37,128800.0,500,Buy,224512686
2024-07-19 09:21:37,128800.0,200,Buy,224512719
2024-07-19 09:21:41,128800.0,100,Buy,224512842
2024-07-19 09:21:42,128700.0,100,Sell,224512858
2024-07-19 09:21:46,128800.0,900,Buy,224513000
2024-07-19 09:21:46,128800.0,600,Buy,224513001
2024-07-19 09:21:48,128800.0,300,Buy,224513029
2024-07-19 09:21:52,128700.0,500,Sell,224513129
2024-07-19 09:21:52,128700.0,100,Sell,224513130
2024-07-19 09:21:52,128700.0,100,Sell,224513131
2024-07-19 09:21:52,128700.0,200,Sell,224513132
2024-07-19 09:21:53,128800.0,1000,Buy,224513153
2024-07-19 09:21:53,128800.0,600,Buy,224513168
2024-07-19 09:21:54,128800.0,400,Buy,224513183
2024-07-19 09:22:04,128800.0,800,Buy,224513448
2024-07-19 09:22:06,128800.0,100,Buy,224513478
2024-07-19 09:22:10,128800.0,100,Buy,224513584
2024-07-19 09:22:12,128800.0,100,Buy,224513626
2024-07-19 09:22:18,128800.0,200,Buy,224513835
2024-07-19 09:22:20,128700.0,900,Sell,224513875
2024-07-19 09:22:29,128800.0,100,Buy,224514063
2024-07-19 09:22:36,128700.0,2000,Sell,224514241
2024-07-19 09:22:36,128700.0,1500,Sell,224514229
2024-07-19 09:22:41,128700.0,2000,Sell,224514323
2024-07-19 09:22:46,128700.0,3000,Sell,224514484
2024-07-19 09:22:46,128700.0,900,Sell,224514481
2024-07-19 09:22:50,128800.0,400,Buy,224514565
2024-07-19 09:22:52,128800.0,100,Buy,224514594
2024-07-19 09:22:52,128800.0,100,Buy,224514601
2024-07-19 09:23:08,128700.0,500,Sell,224514937
2024-07-19 09:23:08,128700.0,100,Sell,224514938
2024-07-19 09:23:08,128700.0,1000,Sell,224514939
2024-07-19 09:23:08,128700.0,300,Sell,224514940
2024-07-19 09:23:08,128700.0,100,Sell,224514941
2024-07-19 09:23:08,128700.0,500,Sell,224514942
2024-07-19 09:23:08,128700.0,200,Sell,224514944
2024-07-19 09:23:08,128700.0,1100,Sell,224514945
2024-07-19 09:23:08,128700.0,1200,Sell,224514943
2024-07-19 09:23:10,128800.0,100,Buy,224515031
2024-07-19 09:23:10,128700.0,900,Sell,224515034
2024-07-19 09:23:10,128700.0,100,Sell,224515035
2024-07-19 09:23:14,128800.0,100,Buy,224515258
2024-07-19 09:23:20,128700.0,100,Sell,224515411
2024-07-19 09:23:30,128700.0,500,Sell,224515644
2024-07-19 09:23:37,128700.0,300,Sell,224515757
2024-07-19 09:23:40,128700.0,1800,Sell,224515846
2024-07-19 09:23:40,128700.0,900,Sell,224515827
2024-07-19 09:23:40,128700.0,200,Sell,224515845
2024-07-19 09:23:45,128700.0,1200,Sell,224515943
2024-07-19 09:23:45,128700.0,600,Sell,224515944
2024-07-19 09:23:45,128700.0,200,Sell,224515945
2024-07-19 09:23:45,128700.0,100,Sell,224515950
2024-07-19 09:23:46,128700.0,100,Sell,224515961
2024-07-19 09:23:47,128700.0,1000,Sell,224515978
2024-07-19 09:23:47,128700.0,1000,Buy,224515995
2024-07-19 09:23:47,128700.0,200,Sell,224515977
2024-07-19 09:23:49,128700.0,100,Buy,224516053
2024-07-19 09:23:52,128700.0,300,Buy,224516114
2024-07-19 09:23:55,128700.0,100,Buy,224516190
2024-07-19 09:24:02,128700.0,100,Buy,224516333
2024-07-19 09:24:04,128700.0,200,Buy,224516366
2024-07-19 09:24:07,128700.0,200,Buy,224516422
2024-07-19 09:24:09,128700.0,400,Buy,224516451
2024-07-19 09:24:09,128700.0,1800,Buy,224516450
2024-07-19 09:24:16,128700.0,1700,Buy,224516575
2024-07-19 09:24:18,128700.0,100,Buy,224516615
2024-07-19 09:24:18,128700.0,400,Buy,224516614
2024-07-19 09:24:19,128700.0,200,Buy,224516638
2024-07-19 09:24:29,128700.0,200,Buy,224516858
2024-07-19 09:24:29,128700.0,100,Buy,224516859
2024-07-19 09:24:29,128700.0,500,Buy,224516860
2024-07-19 09:24:34,128600.0,100,Sell,224516981
2024-07-19 09:24:34,128600.0,100,Sell,224516982
2024-07-19 09:24:34,128600.0,100,Sell,224516983
2024-07-19 09:24:34,128600.0,100,Sell,224516985
2024-07-19 09:24:34,128600.0,300,Sell,224516986
2024-07-19 09:24:34,128600.0,100,Sell,224516984
2024-07-19 09:24:35,128700.0,100,Buy,224517036
2024-07-19 09:24:35,128700.0,100,Buy,224517037
2024-07-19 09:24:43,128700.0,200,Buy,224517208
2024-07-19 09:24:49,128700.0,100,Buy,224517332
2024-07-19 09:24:54,128700.0,200,Buy,224517464
2024-07-19 09:24:54,128700.0,100,Buy,224517478
2024-07-19 09:24:54,128700.0,200,Buy,224517463
2024-07-19 09:24:54,128700.0,200,Buy,224517461
2024-07-19 09:24:54,128700.0,800,Buy,224517459
2024-07-19 09:24:54,128700.0,400,Buy,224517462
2024-07-19 09:24:54,128700.0,100,Buy,224517460
2024-07-19 09:24:55,128700.0,100,Buy,224517485
2024-07-19 09:24:56,128700.0,300,Buy,224517495
2024-07-19 09:24:58,128700.0,300,Buy,224517524
2024-07-19 09:24:58,128700.0,700,Buy,224517525
2024-07-19 09:25:00,128700.0,100,Buy,224517613
2024-07-19 09:25:18,128700.0,100,Buy,224518002
2024-07-19 09:25:22,128600.0,600,Sell,224518105
2024-07-19 09:25:22,128600.0,100,Sell,224518104
2024-07-19 09:25:22,128600.0,100,Sell,224518103
2024-07-19 09:25:22,128600.0,200,Sell,224518102
2024-07-19 09:25:24,128700.0,100,Buy,224518133
2024-07-19 09:25:28,128600.0,900,Sell,224518218
2024-07-19 09:25:42,128700.0,400,Buy,224518480
2024-07-19 09:26:02,128700.0,100,Buy,224519066
2024-07-19 09:26:07,128700.0,100,Buy,224519178
2024-07-19 09:26:09,128700.0,100,Buy,224519223
2024-07-19 09:26:10,128700.0,100,Buy,224519361
2024-07-19 09:26:10,128700.0,300,Buy,224519359
2024-07-19 09:26:10,128700.0,200,Buy,224519360
2024-07-19 09:26:17,128700.0,200,Buy,224519495
2024-07-19 09:26:22,128600.0,900,Sell,224519629
2024-07-19 09:26:39,128700.0,500,Buy,224520057
2024-07-19 09:26:40,128700.0,600,Buy,224520086
2024-07-19 09:26:43,128600.0,100,Sell,224520157
2024-07-19 09:26:43,128700.0,100,Buy,224520155
2024-07-19 09:26:44,128700.0,100,Buy,224520220
2024-07-19 09:26:48,128700.0,300,Buy,224520394
2024-07-19 09:26:48,128700.0,200,Buy,224520395
2024-07-19 09:26:50,128700.0,300,Buy,224520450
2024-07-19 09:27:00,128700.0,600,Buy,224520747
2024-07-19 09:27:00,128700.0,200,Buy,224520746
2024-07-19 09:27:00,128700.0,200,Buy,224520745
2024-07-19 09:27:00,128700.0,2000,Buy,224520744
2024-07-19 09:27:00,128700.0,1000,Buy,224520743
2024-07-19 09:27:00,128700.0,300,Buy,224520740
2024-07-19 09:27:00,128700.0,1000,Buy,224520741
2024-07-19 09:27:00,128700.0,1900,Buy,224520738
2024-07-19 09:27:00,128700.0,100,Buy,224520735
2024-07-19 09:27:00,128700.0,300,Buy,224520742
2024-07-19 09:27:00,128700.0,2500,Buy,224520739
2024-07-19 09:27:02,128700.0,200,Buy,224520816
2024-07-19 09:27:02,128700.0,100,Buy,224520814
2024-07-19 09:27:02,128700.0,300,Buy,224520813
2024-07-19 09:27:02,128700.0,200,Buy,224520815
2024-07-19 09:27:04,128700.0,100,Sell,224520856
2024-07-19 09:27:25,128800.0,100,Buy,224521465
2024-07-19 09:27:40,128800.0,100,Buy,224522074
2024-07-19 09:27:40,128800.0,200,Buy,224522075
2024-07-19 09:27:40,128800.0,100,Buy,224522076
2024-07-19 09:27:40,128800.0,100,Buy,224522077
2024-07-19 09:27:41,128800.0,500,Buy,224522094
2024-07-19 09:27:57,128800.0,400,Buy,224522794
2024-07-19 09:27:57,128800.0,100,Buy,224522795
2024-07-19 09:28:00,128800.0,2000,Buy,224523009
2024-07-19 09:28:00,128800.0,500,Buy,224523010
2024-07-19 09:28:02,128800.0,100,Buy,224523093
2024-07-19 09:28:04,128800.0,100,Buy,224523172
2024-07-19 09:28:08,128800.0,1300,Buy,224523357
2024-07-19 09:28:08,128800.0,800,Buy,224523358
2024-07-19 09:28:11,128800.0,600,Buy,224523470
2024-07-19 09:28:11,128800.0,200,Buy,224523469
2024-07-19 09:28:11,128800.0,200,Buy,224523468
2024-07-19 09:28:17,128800.0,300,Buy,224523676
2024-07-19 09:28:17,128700.0,300,Sell,224523674
2024-07-19 09:28:17,128700.0,300,Sell,224523673
2024-07-19 09:28:17,128700.0,900,Sell,224523646
2024-07-19 09:28:17,128800.0,1600,Buy,224523671
2024-07-19 09:28:17,128800.0,400,Buy,224523654
2024-07-19 09:28:17,128700.0,100,Sell,224523650
2024-07-19 09:28:17,128700.0,300,Sell,224523672
2024-07-19 09:28:22,128800.0,200,Buy,224523800
2024-07-19 09:28:25,128800.0,100,Buy,224523905
2024-07-19 09:28:25,128800.0,2000,Buy,224523906
2024-07-19 09:28:25,128800.0,1200,Buy,224523907
2024-07-19 09:28:25,128800.0,200,Buy,224523908
2024-07-19 09:28:25,128800.0,100,Buy,224523909
2024-07-19 09:28:25,128800.0,5500,Buy,224523910
2024-07-19 09:28:25,128800.0,7000,Buy,224523911
2024-07-19 09:28:32,128700.0,100,Sell,224524288
2024-07-19 09:28:32,128700.0,2300,Sell,224524289
2024-07-19 09:28:32,128700.0,500,Sell,224524287
2024-07-19 09:28:32,128700.0,100,Sell,224524285
2024-07-19 09:28:32,128700.0,200,Sell,224524284
2024-07-19 09:28:32,128700.0,100,Sell,224524286
2024-07-19 09:28:33,128800.0,300,Buy,224524342
2024-07-19 09:28:34,128800.0,100,Buy,224524392
2024-07-19 09:28:38,128800.0,100,Buy,224524535
2024-07-19 09:28:38,128800.0,1000,Buy,224524554
2024-07-19 09:28:44,128800.0,100,Buy,224524743
2024-07-19 09:28:44,128800.0,500,Buy,224524742
2024-07-19 09:28:44,128800.0,300,Buy,224524741
2024-07-19 09:28:44,128800.0,1500,Buy,224524739
2024-07-19 09:28:44,128800.0,900,Buy,224524740
2024-07-19 09:29:00,128800.0,400,Sell,224525338
2024-07-19 09:29:03,128800.0,400,Sell,224525474
2024-07-19 09:29:04,128900.0,200,Buy,224525486
2024-07-19 09:29:12,128900.0,1000,Buy,224525727
2024-07-19 09:29:15,128900.0,900,Buy,224525831
2024-07-19 09:29:15,128900.0,2000,Buy,224525830
2024-07-19 09:29:15,128900.0,1000,Buy,224525829
2024-07-19 09:29:15,128900.0,100,Buy,224525828
2024-07-19 09:29:15,128900.0,100,Buy,224525826
2024-07-19 09:29:15,128900.0,100,Buy,224525825
2024-07-19 09:29:15,128900.0,3800,Buy,224525824
2024-07-19 09:29:15,128900.0,200,Buy,224525827
2024-07-19 09:29:26,129000.0,100,Buy,224526273
2024-07-19 09:29:33,129000.0,100,Buy,224526478
2024-07-19 09:29:41,128900.0,1000,Sell,224526798
2024-07-19 09:29:42,129000.0,600,Buy,224526847
2024-07-19 09:29:42,129000.0,800,Buy,224526848
2024-07-19 09:29:43,129000.0,300,Buy,224526900
2024-07-19 09:29:44,129000.0,100,Buy,224526938
2024-07-19 09:29:49,128900.0,300,Sell,224527070
2024-07-19 09:29:54,129000.0,200,Buy,224527200
2024-07-19 09:29:54,129000.0,100,Buy,224527191
2024-07-19 09:30:03,129000.0,300,Buy,224527513
2024-07-19 09:30:09,129000.0,100,Buy,224527714
2024-07-19 09:30:12,129000.0,100,Buy,224527901
2024-07-19 09:30:17,129000.0,100,Buy,224528174
2024-07-19 09:30:21,129000.0,100,Buy,224528410
2024-07-19 09:30:25,129000.0,100,Buy,224528614
2024-07-19 09:30:25,129000.0,1000,Buy,224528635
2024-07-19 09:30:30,129000.0,300,Buy,224528815
2024-07-19 09:30:30,129000.0,500,Buy,224528814
2024-07-19 09:30:30,129000.0,200,Buy,224528813
2024-07-19 09:30:31,129000.0,100,Buy,224528876
2024-07-19 09:30:33,129000.0,200,Buy,224528958
2024-07-19 09:30:37,129000.0,200,Buy,224529146
2024-07-19 09:30:40,129000.0,200,Buy,224529284
2024-07-19 09:30:40,129000.0,100,Buy,224529285
2024-07-19 09:30:40,129000.0,100,Buy,224529286
2024-07-19 09:30:40,129000.0,100,Buy,224529287
2024-07-19 09:30:44,129000.0,100,Buy,224529465
2024-07-19 09:30:45,129000.0,100,Buy,224529562
2024-07-19 09:30:45,129000.0,100,Buy,224529561
2024-07-19 09:30:45,129000.0,200,Buy,224529560
2024-07-19 09:30:45,129000.0,500,Buy,224529559
2024-07-19 09:30:45,129000.0,100,Buy,224529558
2024-07-19 09:30:46,129000.0,500,Buy,224529579
2024-07-19 09:30:47,129000.0,100,Buy,224529603
2024-07-19 09:30:51,129000.0,100,Buy,224529861
2024-07-19 09:30:51,128900.0,100,Sell,224529859
2024-07-19 09:30:51,128900.0,100,Sell,224529858
2024-07-19 09:30:51,128900.0,100,Sell,224529857
2024-07-19 09:30:51,128900.0,400,Sell,224529856
2024-07-19 09:30:51,128900.0,800,Sell,224529852
2024-07-19 09:30:51,128900.0,200,Sell,224529854
2024-07-19 09:30:51,128900.0,100,Sell,224529853
2024-07-19 09:30:51,128900.0,100,Sell,224529851
2024-07-19 09:30:51,128900.0,800,Sell,224529850
2024-07-19 09:30:51,128900.0,500,Sell,224529849
2024-07-19 09:30:51,128900.0,100,Sell,224529855
2024-07-19 09:30:53,129000.0,100,Buy,224529972
2024-07-19 09:30:53,129000.0,100,Buy,224529983
2024-07-19 09:30:55,129000.0,200,Buy,224530060
2024-07-19 09:30:55,129000.0,500,Buy,224530061
2024-07-19 09:30:55,129000.0,300,Buy,224530062
2024-07-19 09:30:56,129000.0,100,Buy,224530089
2024-07-19 09:30:57,129000.0,100,Buy,224530134
2024-07-19 09:30:59,129000.0,100,Buy,224530193
2024-07-19 09:31:06,129000.0,500,Buy,224530517
2024-07-19 09:31:06,129000.0,500,Buy,224530516
2024-07-19 09:31:08,129000.0,100,Buy,224530596
2024-07-19 09:31:08,129000.0,100,Buy,224530597
2024-07-19 09:31:08,129000.0,100,Buy,224530622
2024-07-19 09:31:12,128900.0,500,Sell,224530803
2024-07-19 09:31:12,129000.0,100,Buy,224530813
2024-07-19 09:31:12,129000.0,200,Buy,224530812
2024-07-19 09:31:12,128900.0,200,Sell,224530806
2024-07-19 09:31:12,128900.0,200,Sell,224530805
2024-07-19 09:31:12,128900.0,200,Sell,224530804
2024-07-19 09:31:12,128900.0,100,Sell,224530802
2024-07-19 09:31:12,128900.0,100,Sell,224530793
2024-07-19 09:31:12,128900.0,100,Sell,224530800
2024-07-19 09:31:12,128900.0,1000,Sell,224530799
2024-07-19 09:31:12,128900.0,100,Sell,224530798
2024-07-19 09:31:12,128900.0,200,Sell,224530797
2024-07-19 09:31:12,128900.0,200,Sell,224530796
2024-07-19 09:31:12,128900.0,200,Sell,224530795
2024-07-19 09:31:12,128900.0,100,Sell,224530794
2024-07-19 09:31:12,128900.0,100,Sell,224530801
2024-07-19 09:31:16,129000.0,200,Buy,224531041
2024-07-19 09:31:17,129000.0,1000,Buy,224531115
2024-07-19 09:31:19,129000.0,300,Buy,224531179
2024-07-19 09:31:21,128900.0,100,Sell,224531247
2024-07-19 09:31:21,128900.0,100,Sell,224531246
2024-07-19 09:31:21,128900.0,200,Sell,224531245
2024-07-19 09:31:23,128900.0,500,Buy,224531341
2024-07-19 09:31:29,128900.0,100,Sell,224531646
2024-07-19 09:31:30,128800.0,1700,Sell,224531697
2024-07-19 09:31:30,128900.0,1400,Sell,224531694
2024-07-19 09:31:30,128900.0,100,Sell,224531695
2024-07-19 09:31:30,128900.0,100,Sell,224531696
2024-07-19 09:31:38,129000.0,100,Buy,224532081
2024-07-19 09:31:39,129000.0,100,Buy,224532110
2024-07-19 09:31:39,128900.0,500,Sell,224532101
2024-07-19 09:31:39,128900.0,200,Sell,224532102
2024-07-19 09:31:39,128800.0,3500,Sell,224532103
2024-07-19 09:31:41,129000.0,300,Buy,224532267
2024-07-19 09:31:54,128800.0,700,Sell,224532873
2024-07-19 09:31:54,128800.0,500,Sell,224532874
2024-07-19 09:31:54,128800.0,100,Sell,224532875
2024-07-19 09:31:54,128800.0,200,Sell,224532876
2024-07-19 09:31:54,128800.0,100,Sell,224532877
2024-07-19 09:31:54,128800.0,100,Sell,224532878
2024-07-19 09:31:54,128800.0,100,Sell,224532879
2024-07-19 09:31:54,128800.0,500,Sell,224532880
2024-07-19 09:31:54,128800.0,500,Sell,224532881
2024-07-19 09:31:54,128800.0,500,Sell,224532882
2024-07-19 09:31:56,128900.0,100,Buy,224533096
2024-07-19 09:31:58,129000.0,200,Buy,224533190
2024-07-19 09:32:01,128900.0,100,Sell,224533278
2024-07-19 09:32:11,128800.0,3200,Sell,224533704
2024-07-19 09:32:11,128800.0,100,Sell,224533705
2024-07-19 09:32:15,128900.0,100,Sell,224533934
2024-07-19 09:32:17,128800.0,200,Sell,224534072
2024-07-19 09:32:17,128800.0,500,Sell,224534073
2024-07-19 09:32:18,128900.0,100,Buy,224534087
2024-07-19 09:32:21,128900.0,400,Buy,224534221
2024-07-19 09:32:30,128900.0,300,Buy,224534691
2024-07-19 09:32:30,128900.0,100,Buy,224534692
2024-07-19 09:32:30,128900.0,600,Buy,224534693
2024-07-19 09:32:32,128800.0,200,Sell,224534769
2024-07-19 09:32:32,128800.0,100,Sell,224534768
2024-07-19 09:32:32,128800.0,500,Sell,224534767
2024-07-19 09:32:32,128800.0,1500,Sell,224534762
2024-07-19 09:32:32,128800.0,100,Sell,224534765
2024-07-19 09:32:32,128800.0,100,Sell,224534764
2024-07-19 09:32:32,128800.0,700,Sell,224534763
2024-07-19 09:32:32,128800.0,100,Sell,224534766
2024-07-19 09:32:33,128900.0,100,Buy,224534896
2024-07-19 09:32:35,128900.0,200,Buy,224534963
2024-07-19 09:32:36,128900.0,100,Buy,224535082
2024-07-19 09:32:48,128900.0,300,Buy,224535673
2024-07-19 09:32:52,128900.0,200,Buy,224535816
2024-07-19 09:32:52,128900.0,200,Buy,224535815
2024-07-19 09:32:53,128800.0,100,Sell,224535913
2024-07-19 09:32:53,128800.0,100,Sell,224535914
2024-07-19 09:32:53,128800.0,100,Sell,224535915
2024-07-19 09:32:53,128800.0,100,Sell,224535916
2024-07-19 09:32:53,128800.0,300,Sell,224535917
2024-07-19 09:32:53,128800.0,100,Sell,224535918
2024-07-19 09:32:53,128800.0,1200,Sell,224535912
2024-07-19 09:32:53,128800.0,1300,Sell,224535919
2024-07-19 09:32:54,128900.0,100,Buy,224536020
2024-07-19 09:33:00,128900.0,100,Buy,224536265
2024-07-19 09:33:09,128800.0,100,Sell,224536782
2024-07-19 09:33:09,128800.0,100,Sell,224536760
2024-07-19 09:33:09,128800.0,100,Sell,224536761
2024-07-19 09:33:09,128800.0,100,Sell,224536762
2024-07-19 09:33:09,128800.0,600,Sell,224536763
2024-07-19 09:33:13,128800.0,100,Sell,224536908
2024-07-19 09:33:13,128800.0,3200,Sell,224536907
2024-07-19 09:33:16,128900.0,400,Buy,224537057
2024-07-19 09:33:17,128800.0,400,Sell,224537145
2024-07-19 09:33:28,128900.0,100,Buy,224537635
2024-07-19 09:33:29,128900.0,100,Buy,224537701
2024-07-19 09:33:29,128900.0,900,Buy,224537702
2024-07-19 09:33:31,128900.0,100,Buy,224537794
2024-07-19 09:33:34,128800.0,100,Sell,224537934
2024-07-19 09:33:34,128800.0,400,Sell,224537935
2024-07-19 09:33:34,128800.0,1500,Sell,224537937
2024-07-19 09:33:34,128800.0,1300,Sell,224537936
2024-07-19 09:33:37,128900.0,400,Buy,224538108
2024-07-19 09:33:45,128900.0,300,Buy,224538403
2024-07-19 09:33:52,128900.0,100,Buy,224538667
2024-07-19 09:33:53,128900.0,100,Buy,224538720
2024-07-19 09:33:53,128800.0,3300,Sell,224538734
2024-07-19 09:33:57,128900.0,100,Buy,224538940
2024-07-19 09:33:58,128900.0,100,Buy,224538962
2024-07-19 09:34:04,128900.0,100,Buy,224539120
2024-07-19 09:34:04,128900.0,100,Buy,224539121
2024-07-19 09:34:07,128800.0,200,Sell,224539396
2024-07-19 09:34:07,128800.0,100,Sell,224539397
2024-07-19 09:34:12,128800.0,400,Sell,224539648
2024-07-19 09:34:12,128800.0,500,Sell,224539646
2024-07-19 09:34:12,128800.0,500,Sell,224539645
2024-07-19 09:34:12,128800.0,400,Sell,224539644
2024-07-19 09:34:12,128800.0,100,Sell,224539647
2024-07-19 09:34:12,128800.0,500,Sell,224539642
2024-07-19 09:34:12,128800.0,200,Sell,224539641
2024-07-19 09:34:12,128800.0,100,Sell,224539640
2024-07-19 09:34:12,128800.0,100,Sell,224539639
2024-07-19 09:34:12,128800.0,500,Sell,224539643
2024-07-19 09:34:20,128800.0,900,Sell,224539985
2024-07-19 09:34:20,128800.0,100,Sell,224539986
2024-07-19 09:34:20,128800.0,100,Sell,224539987
2024-07-19 09:34:20,128700.0,700,Sell,224539988
2024-07-19 09:34:20,128700.0,1500,Sell,224539989
2024-07-19 09:34:37,128900.0,800,Buy,224540687
2024-07-19 09:34:37,128900.0,200,Buy,224540688
2024-07-19 09:34:40,128700.0,500,Sell,224540833
2024-07-19 09:34:40,128800.0,100,Sell,224540832
2024-07-19 09:34:40,128800.0,400,Sell,224540830
2024-07-19 09:34:40,128800.0,100,Sell,224540829
2024-07-19 09:34:40,128800.0,200,Sell,224540831
2024-07-19 09:34:40,128800.0,2000,Sell,224540828
2024-07-19 09:34:43,128900.0,200,Buy,224541103
2024-07-19 09:35:00,128900.0,100,Buy,224541799
2024-07-19 09:35:01,128700.0,300,Sell,224541887
2024-07-19 09:35:01,128700.0,1700,Sell,224541882
2024-07-19 09:35:01,128700.0,100,Sell,224541883
2024-07-19 09:35:01,128700.0,100,Sell,224541884
2024-07-19 09:35:01,128700.0,500,Sell,224541885
2024-07-19 09:35:01,128700.0,500,Sell,224541886
2024-07-19 09:35:01,128700.0,100,Sell,224541888
2024-07-19 09:35:07,128900.0,100,Buy,224542176
2024-07-19 09:35:21,128700.0,100,Sell,224542714
2024-07-19 09:35:21,128700.0,100,Sell,224542715
2024-07-19 09:35:21,128700.0,100,Sell,224542713
2024-07-19 09:35:21,128700.0,400,Sell,224542717
2024-07-19 09:35:21,128700.0,100,Sell,224542718
2024-07-19 09:35:21,128700.0,200,Sell,224542716
2024-07-19 09:35:21,128700.0,100,Sell,224542712
2024-07-19 09:35:21,128700.0,100,Sell,224542709
2024-07-19 09:35:21,128700.0,600,Sell,224542710
2024-07-19 09:35:21,128800.0,100,Sell,224542704
2024-07-19 09:35:21,128800.0,100,Sell,224542705
2024-07-19 09:35:21,128700.0,100,Sell,224542711
2024-07-19 09:35:21,128800.0,100,Sell,224542707
2024-07-19 09:35:21,128700.0,900,Sell,224542708
2024-07-19 09:35:21,128800.0,200,Sell,224542706
2024-07-19 09:35:23,128900.0,100,Buy,224542777
2024-07-19 09:35:39,128900.0,100,Buy,224543455
2024-07-19 09:35:43,128900.0,200,Buy,224543618
2024-07-19 09:35:43,128900.0,100,Buy,224543620
2024-07-19 09:35:43,128900.0,300,Buy,224543621
2024-07-19 09:35:43,128900.0,200,Buy,224543622
2024-07-19 09:35:43,128900.0,100,Buy,224543623
2024-07-19 09:35:43,128900.0,100,Buy,224543619
2024-07-19 09:36:00,128900.0,100,Buy,224544163
2024-07-19 09:36:01,128900.0,100,Buy,224544186
2024-07-19 09:36:07,128900.0,1000,Buy,224544353
2024-07-19 09:36:08,128800.0,600,Sell,224544369
2024-07-19 09:36:08,128800.0,200,Sell,224544368
2024-07-19 09:36:08,128800.0,100,Sell,224544367
2024-07-19 09:36:09,128900.0,800,Buy,224544422
2024-07-19 09:36:09,128900.0,500,Buy,224544433
2024-07-19 09:36:09,128900.0,900,Buy,224544432
2024-07-19 09:36:09,128900.0,500,Buy,224544431
2024-07-19 09:36:09,128900.0,100,Buy,224544429
2024-07-19 09:36:09,128900.0,100,Buy,224544430
2024-07-19 09:36:09,128900.0,1000,Buy,224544427
2024-07-19 09:36:09,128900.0,200,Buy,224544426
2024-07-19 09:36:09,128900.0,500,Buy,224544425
2024-07-19 09:36:09,128900.0,200,Buy,224544424
2024-07-19 09:36:09,128900.0,1500,Buy,224544423
2024-07-19 09:36:09,128900.0,100,Buy,224544428
2024-07-19 09:36:18,128900.0,500,Sell,224544779
2024-07-19 09:36:26,128900.0,200,Sell,224545097
2024-07-19 09:36:35,128900.0,200,Sell,224545331
2024-07-19 09:36:37,128900.0,500,Sell,224545440
2024-07-19 09:36:43,128900.0,200,Sell,224545659
2024-07-19 09:36:43,128900.0,100,Sell,224545658
2024-07-19 09:36:43,128900.0,200,Sell,224545657
2024-07-19 09:36:49,128900.0,100,Sell,224545914
2024-07-19 09:36:59,128900.0,500,Sell,224546333
2024-07-19 09:37:00,128900.0,200,Sell,224546387
2024-07-19 09:37:00,128900.0,100,Sell,224546388
2024-07-19 09:37:03,129000.0,300,Buy,224546463
2024-07-19 09:37:06,128900.0,100,Sell,224546555
2024-07-19 09:37:19,129000.0,100,Buy,224546957
2024-07-19 09:37:23,128900.0,5100,Sell,224547070
2024-07-19 09:37:23,128900.0,600,Sell,224547065
2024-07-19 09:37:23,128900.0,100,Sell,224547064
2024-07-19 09:37:23,128900.0,100,Sell,224547061
2024-07-19 09:37:23,128900.0,100,Sell,224547060
2024-07-19 09:37:23,128900.0,100,Sell,224547059
2024-07-19 09:37:23,128900.0,100,Sell,224547062
2024-07-19 09:37:23,128900.0,300,Sell,224547063
2024-07-19 09:37:24,129000.0,300,Buy,224547109
2024-07-19 09:37:25,129000.0,100,Buy,224547127
2024-07-19 09:37:26,128900.0,100,Sell,224547179
2024-07-19 09:37:26,128900.0,700,Sell,224547174
2024-07-19 09:37:26,128900.0,200,Sell,224547175
2024-07-19 09:37:26,128900.0,200,Sell,224547176
2024-07-19 09:37:26,128900.0,100,Sell,224547177
2024-07-19 09:37:26,128900.0,200,Sell,224547178
2024-07-19 09:37:43,129000.0,100,Buy,224547653
2024-07-19 09:37:45,128900.0,100,Sell,224547715
2024-07-19 09:37:45,128900.0,100,Sell,224547716
2024-07-19 09:37:45,128900.0,200,Sell,224547717
2024-07-19 09:37:45,128900.0,100,Sell,224547718
2024-07-19 09:37:45,128900.0,200,Sell,224547719
2024-07-19 09:37:45,128900.0,100,Sell,224547720
2024-07-19 09:37:45,128900.0,600,Sell,224547721
2024-07-19 09:37:45,128900.0,100,Sell,224547714
2024-07-19 09:37:55,128900.0,100,Buy,224548035
2024-07-19 09:38:02,128900.0,100,Buy,224548174
2024-07-19 09:38:05,128800.0,900,Sell,224548233
2024-07-19 09:38:06,128900.0,100,Buy,224548259
2024-07-19 09:38:14,128900.0,100,Buy,224548464
2024-07-19 09:38:15,129000.0,900,Buy,224548527
2024-07-19 09:38:15,129000.0,200,Buy,224548526
2024-07-19 09:38:15,129000.0,500,Buy,224548519
2024-07-19 09:38:15,129000.0,100,Buy,224548525
2024-07-19 09:38:15,129000.0,200,Buy,224548524
2024-07-19 09:38:15,129000.0,900,Buy,224548523
2024-07-19 09:38:15,129000.0,100,Buy,224548522
2024-07-19 09:38:15,129000.0,100,Buy,224548521
2024-07-19 09:38:15,129000.0,10000,Buy,224548520
2024-07-19 09:38:15,129000.0,1300,Buy,224548528
2024-07-19 09:38:15,129000.0,200,Buy,224548518
2024-07-19 09:38:15,128900.0,200,Buy,224548509
2024-07-19 09:38:15,129000.0,4200,Buy,224548516
2024-07-19 09:38:15,129000.0,2000,Buy,224548517
2024-07-19 09:38:15,128900.0,100,Buy,224548506
2024-07-19 09:38:15,128900.0,100,Buy,224548508
2024-07-19 09:38:15,128900.0,400,Buy,224548510
2024-07-19 09:38:15,128900.0,900,Buy,224548507
2024-07-19 09:38:15,128900.0,5700,Buy,224548512
2024-07-19 09:38:15,129000.0,600,Buy,224548513
2024-07-19 09:38:15,129000.0,1000,Buy,224548514
2024-07-19 09:38:15,129000.0,200,Buy,224548515
2024-07-19 09:38:15,128900.0,100,Buy,224548511
2024-07-19 09:38:17,128900.0,200,Buy,224548558
2024-07-19 09:39:03,129000.0,1000,Buy,224549932
2024-07-19 09:39:03,129000.0,1800,Buy,224549936
2024-07-19 09:39:03,129000.0,100,Buy,224549935
2024-07-19 09:39:03,129000.0,100,Buy,224549934
2024-07-19 09:39:03,129000.0,100,Buy,224549933
2024-07-19 09:39:03,129000.0,1000,Buy,224549931
2024-07-19 09:39:03,129000.0,200,Buy,224549927
2024-07-19 09:39:03,129000.0,100,Buy,224549929
2024-07-19 09:39:03,129000.0,400,Buy,224549928
2024-07-19 09:39:03,129000.0,100,Buy,224549926
2024-07-19 09:39:03,129000.0,500,Buy,224549925
2024-07-19 09:39:03,129000.0,200,Buy,224549924
2024-07-19 09:39:03,129000.0,700,Buy,224549923
2024-07-19 09:39:03,129000.0,5700,Buy,224549930
2024-07-19 09:39:12,128900.0,100,Sell,224550178
2024-07-19 09:39:12,128900.0,300,Sell,224550179
2024-07-19 09:39:12,128900.0,100,Sell,224550180
2024-07-19 09:39:12,128900.0,100,Sell,224550181
2024-07-19 09:39:12,128900.0,2700,Sell,224550182
2024-07-19 09:39:22,129000.0,500,Buy,224550503
2024-07-19 09:39:22,129000.0,1900,Buy,224550504
2024-07-19 09:39:22,129000.0,200,Buy,224550501
2024-07-19 09:39:22,129000.0,800,Buy,224550502
2024-07-19 09:39:23,129000.0,1000,Sell,224550539
2024-07-19 09:39:24,129000.0,100,Sell,224550548
2024-07-19 09:39:27,129000.0,100,Sell,224550603
2024-07-19 09:39:29,129000.0,1000,Sell,224550639
2024-07-19 09:39:34,129000.0,3300,Sell,224550810
2024-07-19 09:39:35,129000.0,100,Sell,224550891
2024-07-19 09:39:35,129000.0,300,Sell,224550893
2024-07-19 09:39:35,129000.0,100,Sell,224550894
2024-07-19 09:39:48,129000.0,500,Buy,224551242
2024-07-19 09:39:52,128900.0,3300,Sell,224551316
2024-07-19 09:39:52,129000.0,500,Buy,224551312
2024-07-19 09:39:52,129000.0,100,Buy,224551311
2024-07-19 09:39:53,129000.0,100,Buy,224551337
2024-07-19 09:39:55,129000.0,300,Buy,224551398
2024-07-19 09:40:04,129000.0,100,Buy,224551623
2024-07-19 09:40:04,129000.0,300,Buy,224551624
2024-07-19 09:40:18,129000.0,100,Buy,224552002
2024-07-19 09:40:22,128900.0,3300,Sell,224552173
2024-07-19 09:40:37,129000.0,500,Buy,224552696
2024-07-19 09:40:49,129000.0,100,Buy,224552944
2024-07-19 09:41:00,129000.0,100,Buy,224553273
2024-07-19 09:41:00,129000.0,300,Buy,224553266
2024-07-19 09:41:00,129000.0,100,Buy,224553265
2024-07-19 09:41:00,129000.0,100,Buy,224553264
2024-07-19 09:41:02,128900.0,900,Sell,224553317
2024-07-19 09:41:05,128800.0,100,Sell,224553386
2024-07-19 09:41:05,128800.0,100,Sell,224553387
2024-07-19 09:41:05,128800.0,100,Sell,224553388
2024-07-19 09:41:05,128800.0,100,Sell,224553389
2024-07-19 09:41:05,128800.0,100,Sell,224553390
2024-07-19 09:41:05,128800.0,300,Sell,224553391
2024-07-19 09:41:05,128800.0,700,Sell,224553392
2024-07-19 09:41:05,128800.0,300,Sell,224553393
2024-07-19 09:41:05,128800.0,200,Sell,224553394
2024-07-19 09:41:05,128800.0,1000,Sell,224553395
2024-07-19 09:41:05,128800.0,100,Sell,224553396
2024-07-19 09:41:05,128800.0,100,Sell,224553416
2024-07-19 09:41:05,128800.0,1000,Sell,224553417
2024-07-19 09:41:05,128800.0,100,Sell,224553418
2024-07-19 09:41:05,128800.0,200,Sell,224553419
2024-07-19 09:41:05,128800.0,100,Sell,224553420
2024-07-19 09:41:05,128800.0,1800,Sell,224553421
2024-07-19 09:41:05,128800.0,200,Sell,224553422
2024-07-19 09:41:05,128800.0,100,Sell,224553423
2024-07-19 09:41:05,128800.0,100,Sell,224553385
2024-07-19 09:41:05,128800.0,100,Sell,224553384
2024-07-19 09:41:05,128800.0,200,Sell,224553378
2024-07-19 09:41:05,128800.0,100,Sell,224553382
2024-07-19 09:41:05,128900.0,300,Sell,224553362
2024-07-19 09:41:05,128900.0,300,Sell,224553363
2024-07-19 09:41:05,128800.0,100,Sell,224553383
2024-07-19 09:41:05,128900.0,1000,Sell,224553365
2024-07-19 09:41:05,128900.0,100,Sell,224553366
2024-07-19 09:41:05,128900.0,100,Sell,224553367
2024-07-19 09:41:05,128900.0,100,Sell,224553368
2024-07-19 09:41:05,128900.0,1000,Sell,224553369
2024-07-19 09:41:05,128900.0,100,Sell,224553370
2024-07-19 09:41:05,128900.0,1000,Sell,224553364
2024-07-19 09:41:05,128900.0,100,Sell,224553372
2024-07-19 09:41:05,128900.0,100,Sell,224553373
2024-07-19 09:41:05,128800.0,11100,Sell,224553374
2024-07-19 09:41:05,128800.0,100,Sell,224553375
2024-07-19 09:41:05,128800.0,100,Sell,224553376
2024-07-19 09:41:05,128800.0,4000,Sell,224553377
2024-07-19 09:41:05,128800.0,100,Sell,224553379
2024-07-19 09:41:05,128800.0,300,Sell,224553380
2024-07-19 09:41:05,128800.0,100,Sell,224553381
2024-07-19 09:41:05,128900.0,1200,Sell,224553371
2024-07-19 09:41:06,128800.0,100,Buy,224553455
2024-07-19 09:41:09,128800.0,300,Buy,224553518
2024-07-19 09:41:14,128800.0,100,Buy,224553629
2024-07-19 09:41:20,128800.0,4000,Buy,224553782
2024-07-19 09:41:25,128800.0,300,Buy,224553880
2024-07-19 09:41:26,128800.0,100,Buy,224553926
2024-07-19 09:41:26,128800.0,100,Buy,224553927
2024-07-19 09:41:30,128800.0,100,Buy,224554008
2024-07-19 09:41:32,128700.0,100,Sell,224554047
2024-07-19 09:41:32,128700.0,100,Sell,224554048
2024-07-19 09:41:32,128700.0,100,Sell,224554049
2024-07-19 09:41:32,128700.0,200,Sell,224554050
2024-07-19 09:41:32,128700.0,500,Sell,224554051
2024-07-19 09:41:36,128800.0,100,Buy,224554187
2024-07-19 09:41:40,128800.0,100,Buy,224554264
2024-07-19 09:41:43,128800.0,100,Buy,224554406
2024-07-19 09:41:53,128800.0,100,Buy,224554627
2024-07-19 09:41:56,128700.0,500,Sell,224554722
2024-07-19 09:41:56,128700.0,400,Sell,224554723
2024-07-19 09:41:59,128800.0,500,Buy,224554816
2024-07-19 09:42:00,128800.0,2500,Buy,224554819
2024-07-19 09:42:00,128800.0,100,Buy,224554820
2024-07-19 09:42:00,128800.0,900,Buy,224554821
2024-07-19 09:42:28,128800.0,400,Sell,224555430
2024-07-19 09:42:37,128800.0,400,Sell,224555708
2024-07-19 09:42:39,128900.0,200,Buy,224555751
2024-07-19 09:42:48,128800.0,100,Sell,224555977
2024-07-19 09:42:59,128800.0,500,Sell,224556201
2024-07-19 09:43:03,128800.0,500,Sell,224556293
2024-07-19 09:43:03,128800.0,100,Sell,224556292
2024-07-19 09:43:05,128800.0,100,Sell,224556326
2024-07-19 09:43:42,128800.0,100,Sell,224557468
2024-07-19 09:43:42,128800.0,100,Sell,224557470
2024-07-19 09:43:42,128800.0,800,Sell,224557469
2024-07-19 09:43:42,128800.0,100,Sell,224557466
2024-07-19 09:43:42,128800.0,100,Sell,224557467
2024-07-19 09:43:42,128800.0,100,Sell,224557461
2024-07-19 09:43:42,128800.0,100,Sell,224557464
2024-07-19 09:43:42,128800.0,400,Sell,224557463
2024-07-19 09:43:42,128800.0,200,Sell,224557462
2024-07-19 09:43:42,128800.0,300,Sell,224557465
2024-07-19 09:43:43,128800.0,100,Sell,224557520
2024-07-19 09:43:43,128800.0,600,Sell,224557519
2024-07-19 09:43:43,128800.0,100,Sell,224557479
2024-07-19 09:43:43,128800.0,2000,Sell,224557478
2024-07-19 09:43:43,128800.0,100,Sell,224557477
2024-07-19 09:43:43,128800.0,200,Sell,224557476
2024-07-19 09:43:43,128800.0,1000,Sell,224557474
2024-07-19 09:43:43,128800.0,100,Sell,224557473
2024-07-19 09:43:43,128800.0,100,Sell,224557472
2024-07-19 09:43:43,128800.0,400,Sell,224557471
2024-07-19 09:43:43,128800.0,200,Sell,224557475
2024-07-19 09:43:48,128800.0,100,Buy,224557647
2024-07-19 09:43:56,128700.0,200,Sell,224557858
2024-07-19 09:43:56,128700.0,100,Sell,224557857
2024-07-19 09:43:56,128700.0,300,Sell,224557859
2024-07-19 09:43:56,128700.0,100,Sell,224557855
2024-07-19 09:43:56,128700.0,100,Sell,224557856
2024-07-19 09:43:56,128700.0,100,Sell,224557854
2024-07-19 09:43:57,128800.0,100,Buy,224557891
2024-07-19 09:44:04,128800.0,100,Buy,224558082
2024-07-19 09:44:08,128800.0,200,Buy,224558173
2024-07-19 09:44:09,128800.0,500,Buy,224558197
2024-07-19 09:44:11,128800.0,100,Buy,224558263
2024-07-19 09:44:13,128800.0,400,Buy,224558331
2024-07-19 09:44:15,128800.0,1000,Buy,224558358
2024-07-19 09:44:16,128800.0,100,Buy,224558383
2024-07-19 09:44:17,128800.0,100,Buy,224558410
2024-07-19 09:44:19,128800.0,5000,Buy,224558474
2024-07-19 09:44:27,128800.0,100,Buy,224558625
2024-07-19 09:44:28,128800.0,300,Buy,224558638
2024-07-19 09:44:30,128800.0,100,Buy,224558692
2024-07-19 09:44:31,128800.0,100,Buy,224558698
2024-07-19 09:44:40,128800.0,100,Buy,224558993
2024-07-19 09:44:46,128800.0,100,Buy,224559120
2024-07-19 09:44:47,128800.0,500,Buy,224559141
2024-07-19 09:44:50,128700.0,200,Sell,224559223
2024-07-19 09:44:52,128800.0,4200,Buy,224559282
2024-07-19 09:44:52,128800.0,100,Buy,224559281
2024-07-19 09:44:52,128800.0,200,Buy,224559279
2024-07-19 09:44:52,128800.0,100,Buy,224559278
2024-07-19 09:44:52,128800.0,400,Buy,224559280
2024-07-19 09:44:54,128800.0,100,Buy,224559334
2024-07-19 09:44:56,128800.0,100,Buy,224559372
2024-07-19 09:45:04,128800.0,500,Buy,224559608
2024-07-19 09:45:16,128800.0,100,Buy,224559881
2024-07-19 09:45:21,128700.0,300,Sell,224559997
2024-07-19 09:45:22,128800.0,400,Buy,224560004
2024-07-19 09:45:30,128800.0,100,Buy,224560222
2024-07-19 09:45:32,128800.0,2000,Buy,224560268
2024-07-19 09:45:32,128800.0,100,Buy,224560267
2024-07-19 09:45:32,128800.0,200,Buy,224560263
2024-07-19 09:45:32,128800.0,800,Buy,224560265
2024-07-19 09:45:32,128800.0,700,Buy,224560264
2024-07-19 09:45:32,128800.0,200,Buy,224560266
2024-07-19 09:45:37,128800.0,100,Buy,224560378
2024-07-19 09:45:41,128800.0,300,Buy,224560447
2024-07-19 09:45:42,128800.0,400,Buy,224560489
2024-07-19 09:45:46,128800.0,300,Buy,224560574
2024-07-19 09:45:47,128800.0,100,Buy,224560586
2024-07-19 09:45:49,128800.0,100,Buy,224560634
2024-07-19 09:45:50,128800.0,100,Buy,224560686
2024-07-19 09:45:56,128800.0,100,Buy,224560875
2024-07-19 09:46:06,128800.0,200,Buy,224561086
2024-07-19 09:46:08,128800.0,100,Buy,224561153
2024-07-19 09:46:19,128700.0,100,Sell,224561426
2024-07-19 09:46:22,128800.0,100,Buy,224561491
2024-07-19 09:46:26,128800.0,2500,Buy,224561566
2024-07-19 09:46:38,128800.0,100,Buy,224561811
2024-07-19 09:46:40,128800.0,500,Buy,224561842
2024-07-19 09:46:46,128700.0,900,Sell,224561961
2024-07-19 09:46:56,128700.0,100,Sell,224562157
2024-07-19 09:47:01,128700.0,100,Sell,224562318
2024-07-19 09:47:01,128700.0,100,Sell,224562319
2024-07-19 09:47:01,128700.0,500,Sell,224562320
2024-07-19 09:47:01,128700.0,100,Sell,224562321
2024-07-19 09:47:01,128700.0,1500,Sell,224562325
2024-07-19 09:47:01,128700.0,2000,Sell,224562323
2024-07-19 09:47:01,128700.0,100,Sell,224562324
2024-07-19 09:47:01,128700.0,100,Sell,224562317
2024-07-19 09:47:01,128700.0,1000,Sell,224562322
2024-07-19 09:47:01,128700.0,500,Sell,224562326
2024-07-19 09:47:01,128700.0,600,Sell,224562316
2024-07-19 09:47:01,128700.0,100,Sell,224562314
2024-07-19 09:47:01,128700.0,100,Sell,224562307
2024-07-19 09:47:01,128700.0,100,Sell,224562308
2024-07-19 09:47:01,128700.0,300,Sell,224562309
2024-07-19 09:47:01,128700.0,600,Sell,224562306
2024-07-19 09:47:01,128700.0,500,Sell,224562311
2024-07-19 09:47:01,128700.0,400,Sell,224562312
2024-07-19 09:47:01,128700.0,100,Sell,224562313
2024-07-19 09:47:01,128700.0,100,Sell,224562310
2024-07-19 09:47:01,128700.0,100,Sell,224562315
2024-07-19 09:47:03,128800.0,100,Buy,224562349
2024-07-19 09:47:10,128800.0,500,Buy,224562481
2024-07-19 09:47:29,128800.0,100,Buy,224562923
2024-07-19 09:47:29,128800.0,1000,Buy,224562939
2024-07-19 09:47:40,128700.0,300,Sell,224563171
2024-07-19 09:47:40,128700.0,300,Sell,224563168
2024-07-19 09:47:40,128700.0,200,Sell,224563169
2024-07-19 09:47:40,128700.0,100,Sell,224563170
2024-07-19 09:47:49,128700.0,400,Sell,224563388
2024-07-19 09:47:51,128800.0,100,Buy,224563423
2024-07-19 09:47:53,128800.0,100,Buy,224563437
2024-07-19 09:47:59,128800.0,800,Buy,224563570
2024-07-19 09:47:59,128800.0,300,Buy,224563571
2024-07-19 09:47:59,128800.0,100,Buy,224563572
2024-07-19 09:47:59,128800.0,1000,Buy,224563573
2024-07-19 09:47:59,128800.0,100,Buy,224563578
2024-07-19 09:47:59,128800.0,200,Buy,224563579
2024-07-19 09:47:59,128800.0,100,Buy,224563581
2024-07-19 09:47:59,128800.0,900,Buy,224563582
2024-07-19 09:47:59,128800.0,100,Buy,224563569
2024-07-19 09:47:59,128800.0,400,Buy,224563580
2024-07-19 09:48:03,128800.0,300,Buy,224563689
2024-07-19 09:48:03,128700.0,100,Sell,224563703
2024-07-19 09:48:10,128800.0,200,Buy,224563832
2024-07-19 09:48:23,128800.0,300,Buy,224564102
2024-07-19 09:48:27,128800.0,100,Buy,224564193
2024-07-19 09:48:33,128800.0,1600,Buy,224564285
2024-07-19 09:48:34,128700.0,500,Sell,224564310
2024-07-19 09:48:34,128700.0,200,Sell,224564305
2024-07-19 09:48:34,128700.0,200,Sell,224564306
2024-07-19 09:48:36,128800.0,200,Buy,224564360
2024-07-19 09:48:38,128800.0,1000,Buy,224564403
2024-07-19 09:49:02,128800.0,100,Buy,224565042
2024-07-19 09:49:16,128800.0,500,Buy,224565379
2024-07-19 09:49:28,128700.0,800,Sell,224565691
2024-07-19 09:49:32,128800.0,500,Buy,224565766
2024-07-19 09:49:32,128800.0,100,Buy,224565767
2024-07-19 09:49:40,128800.0,600,Buy,224565897
2024-07-19 09:49:45,128800.0,100,Buy,224566004
2024-07-19 09:50:07,128800.0,100,Buy,224566450
2024-07-19 09:50:22,128700.0,200,Sell,224566768
2024-07-19 09:50:22,128700.0,100,Sell,224566769
2024-07-19 09:50:22,128700.0,600,Sell,224566770
2024-07-19 09:50:23,128800.0,2500,Buy,224566798
2024-07-19 09:50:23,128800.0,100,Buy,224566797
2024-07-19 09:50:23,128800.0,5000,Buy,224566796
2024-07-19 09:50:23,128800.0,300,Buy,224566795
2024-07-19 09:50:23,128800.0,400,Buy,224566793
2024-07-19 09:50:23,128800.0,600,Buy,224566794
2024-07-19 09:50:23,128800.0,200,Buy,224566791
2024-07-19 09:50:23,128800.0,1200,Buy,224566786
2024-07-19 09:50:23,128800.0,1500,Buy,224566787
2024-07-19 09:50:23,128800.0,100,Buy,224566792
2024-07-19 09:50:23,128800.0,100,Buy,224566789
2024-07-19 09:50:23,128800.0,2000,Buy,224566788
2024-07-19 09:50:23,128800.0,2000,Buy,224566790
2024-07-19 09:50:26,128800.0,100,Buy,224566855
2024-07-19 09:50:28,128800.0,100,Buy,224566902
2024-07-19 09:50:28,128800.0,1000,Buy,224566903
2024-07-19 09:50:28,128800.0,900,Buy,224566904
2024-07-19 09:50:28,128800.0,1600,Buy,224566901
2024-07-19 09:50:43,128900.0,100,Buy,224567238
2024-07-19 09:50:52,128900.0,5500,Buy,224567504
2024-07-19 09:50:52,128900.0,100,Buy,224567505
2024-07-19 09:50:52,128900.0,400,Buy,224567507
2024-07-19 09:50:52,128900.0,100,Buy,224567508
2024-07-19 09:50:52,128900.0,5700,Buy,224567509
2024-07-19 09:50:52,128900.0,100,Buy,224567510
2024-07-19 09:50:52,128900.0,2000,Buy,224567511
2024-07-19 09:50:52,128900.0,900,Buy,224567512
2024-07-19 09:50:52,128900.0,200,Buy,224567506
2024-07-19 09:51:01,128900.0,3300,Buy,224567707
2024-07-19 09:51:01,128900.0,1400,Buy,224567706
2024-07-19 09:51:01,128900.0,100,Buy,224567704
2024-07-19 09:51:01,128900.0,100,Buy,224567705
2024-07-19 09:51:01,128900.0,100,Buy,224567703
2024-07-19 09:51:14,128900.0,400,Buy,224568075
2024-07-19 09:51:15,128900.0,100,Buy,224568076
2024-07-19 09:51:17,128900.0,100,Buy,224568191
2024-07-19 09:51:22,128900.0,1500,Buy,224568280
2024-07-19 09:51:26,128900.0,100,Buy,224568364
2024-07-19 09:51:27,129000.0,1600,Buy,224568394
2024-07-19 09:51:27,129000.0,1000,Buy,224568393
2024-07-19 09:51:27,129000.0,1000,Buy,224568392
2024-07-19 09:51:27,129000.0,2000,Buy,224568391
2024-07-19 09:51:27,128900.0,900,Buy,224568388
2024-07-19 09:51:27,129000.0,1600,Buy,224568389
2024-07-19 09:51:27,128900.0,1600,Buy,224568386
2024-07-19 09:51:27,128900.0,500,Buy,224568373
2024-07-19 09:51:27,129000.0,100,Buy,224568390
2024-07-19 09:51:27,128900.0,200,Buy,224568387
2024-07-19 09:51:29,128900.0,100,Sell,224568425
2024-07-19 09:51:34,128900.0,100,Buy,224568485
2024-07-19 09:51:39,128900.0,100,Buy,224568589
2024-07-19 09:51:39,128900.0,200,Buy,224568588
2024-07-19 09:51:39,128900.0,200,Buy,224568590
2024-07-19 09:51:41,128900.0,100,Buy,224568637
2024-07-19 09:51:51,128900.0,200,Buy,224568954
2024-07-19 09:51:58,128900.0,100,Buy,224569266
2024-07-19 09:52:01,128900.0,1000,Buy,224569322
2024-07-19 09:52:02,128900.0,100,Buy,224569357
2024-07-19 09:52:06,128800.0,300,Sell,224569418
2024-07-19 09:52:16,128800.0,7000,Sell,224569598
2024-07-19 09:52:20,128900.0,100,Buy,224569745
2024-07-19 09:52:22,128900.0,500,Buy,224569824
2024-07-19 09:52:22,128900.0,200,Buy,224569825
2024-07-19 09:52:22,128900.0,1000,Buy,224569826
2024-07-19 09:52:22,128900.0,900,Buy,224569827
2024-07-19 09:52:22,128900.0,700,Buy,224569828
2024-07-19 09:52:22,128900.0,2700,Buy,224569823
2024-07-19 09:52:26,128900.0,1000,Sell,224570002
2024-07-19 09:52:27,128900.0,3000,Sell,224570010
2024-07-19 09:52:44,128900.0,300,Buy,224570492
2024-07-19 09:52:58,128900.0,100,Buy,224570930
2024-07-19 09:52:58,128800.0,1000,Sell,224570926
2024-07-19 09:53:29,128900.0,200,Buy,224571754
2024-07-19 09:53:30,128900.0,100,Buy,224571774
2024-07-19 09:53:37,128800.0,3300,Sell,224572210
2024-07-19 09:53:49,128900.0,100,Buy,224572547
2024-07-19 09:53:52,128800.0,200,Sell,224572606
2024-07-19 09:54:03,128900.0,1000,Buy,224572942
2024-07-19 09:54:04,128900.0,200,Buy,224572983
2024-07-19 09:54:12,128900.0,100,Buy,224573133
2024-07-19 09:54:24,128800.0,100,Sell,224573550
2024-07-19 09:54:24,128800.0,100,Sell,224573544
2024-07-19 09:54:24,128800.0,800,Sell,224573538
2024-07-19 09:54:25,128900.0,100,Buy,224573564
2024-07-19 09:54:29,128900.0,100,Buy,224573679
2024-07-19 09:54:33,128900.0,1000,Buy,224573853
2024-07-19 09:55:01,128800.0,100,Sell,224574564
2024-07-19 09:55:05,128900.0,100,Buy,224574661
2024-07-19 09:55:16,128900.0,800,Buy,224574936
2024-07-19 09:55:18,128800.0,900,Sell,224574996
2024-07-19 09:55:18,128800.0,200,Sell,224574999
2024-07-19 09:55:24,128900.0,200,Buy,224575204
2024-07-19 09:55:32,128800.0,100,Sell,224575439
2024-07-19 09:55:32,128900.0,100,Buy,224575456
2024-07-19 09:55:32,128800.0,200,Sell,224575442
2024-07-19 09:55:32,128800.0,2400,Sell,224575438
2024-07-19 09:55:32,128800.0,500,Sell,224575440
2024-07-19 09:55:32,128800.0,100,Sell,224575441
2024-07-19 09:55:38,128800.0,200,Sell,224575638
2024-07-19 09:55:38,128800.0,800,Sell,224575637
2024-07-19 09:55:39,128800.0,200,Sell,224575695
2024-07-19 09:55:45,128800.0,100,Sell,224575815
2024-07-19 09:55:50,128900.0,100,Buy,224575905
2024-07-19 09:55:51,128800.0,500,Sell,224575934
2024-07-19 09:55:51,128800.0,200,Sell,224575935
2024-07-19 09:55:52,128800.0,900,Sell,224575955
2024-07-19 09:55:52,128800.0,3100,Sell,224575963
2024-07-19 09:55:52,128800.0,100,Sell,224575964
2024-07-19 09:55:52,128800.0,100,Sell,224575965
2024-07-19 09:55:52,128800.0,100,Sell,224575954
2024-07-19 09:55:55,128800.0,300,Sell,224576085
2024-07-19 09:55:55,128800.0,100,Sell,224576083
2024-07-19 09:55:55,128800.0,300,Sell,224576084
2024-07-19 09:55:57,128800.0,100,Sell,224576135
2024-07-19 09:55:58,128900.0,400,Buy,224576165
2024-07-19 09:55:59,128800.0,100,Sell,224576229
2024-07-19 09:56:02,128800.0,500,Sell,224576275
2024-07-19 09:56:03,128800.0,100,Sell,224576287
2024-07-19 09:56:06,128800.0,200,Sell,224576340
2024-07-19 09:56:09,128800.0,300,Sell,224576448
2024-07-19 09:56:12,128800.0,200,Sell,224576518
2024-07-19 09:56:12,128800.0,100,Sell,224576519
2024-07-19 09:56:12,128800.0,100,Sell,224576520
2024-07-19 09:56:12,128800.0,400,Sell,224576521
2024-07-19 09:56:12,128800.0,400,Sell,224576522
2024-07-19 09:56:12,128800.0,200,Sell,224576523
2024-07-19 09:56:12,128800.0,100,Sell,224576517
2024-07-19 09:56:12,128800.0,100,Sell,224576525
2024-07-19 09:56:12,128800.0,100,Sell,224576527
2024-07-19 09:56:12,128800.0,200,Sell,224576528
2024-07-19 09:56:12,128800.0,200,Sell,224576529
2024-07-19 09:56:12,128800.0,500,Sell,224576530
2024-07-19 09:56:12,128800.0,200,Sell,224576524
2024-07-19 09:56:12,128800.0,100,Sell,224576526
2024-07-19 09:56:12,128800.0,100,Sell,224576515
2024-07-19 09:56:12,128800.0,500,Sell,224576514
2024-07-19 09:56:12,128800.0,800,Sell,224576495
2024-07-19 09:56:12,128800.0,100,Sell,224576496
2024-07-19 09:56:12,128800.0,400,Sell,224576500
2024-07-19 09:56:12,128800.0,100,Sell,224576501
2024-07-19 09:56:12,128800.0,100,Sell,224576503
2024-07-19 09:56:12,128800.0,100,Sell,224576504
2024-07-19 09:56:12,128800.0,1000,Sell,224576502
2024-07-19 09:56:12,128800.0,100,Sell,224576506
2024-07-19 09:56:12,128800.0,100,Sell,224576507
2024-07-19 09:56:12,128800.0,1700,Sell,224576508
2024-07-19 09:56:12,128800.0,3300,Sell,224576512
2024-07-19 09:56:12,128800.0,200,Sell,224576513
2024-07-19 09:56:12,128800.0,900,Sell,224576505
2024-07-19 09:56:12,128800.0,100,Sell,224576516
2024-07-19 09:56:15,128800.0,2500,Buy,224576639
2024-07-19 09:56:16,128800.0,1000,Sell,224576668
2024-07-19 09:56:25,128900.0,700,Buy,224576920
2024-07-19 09:56:27,128800.0,100,Sell,224576963
2024-07-19 09:56:30,128800.0,100,Sell,224577005
2024-07-19 09:56:35,128800.0,200,Sell,224577095
2024-07-19 09:56:36,128800.0,100,Sell,224577122
2024-07-19 09:56:37,128800.0,300,Sell,224577133
2024-07-19 09:56:39,128800.0,4500,Sell,224577175
2024-07-19 09:56:39,128800.0,200,Sell,224577187
2024-07-19 09:56:49,128900.0,100,Buy,224577376
2024-07-19 09:56:50,128800.0,600,Sell,224577399
2024-07-19 09:56:51,128800.0,100,Sell,224577424
2024-07-19 09:56:56,128800.0,800,Sell,224577477
2024-07-19 09:56:56,128800.0,500,Sell,224577478
2024-07-19 09:56:56,128800.0,800,Sell,224577475
2024-07-19 09:56:56,128800.0,100,Sell,224577476
2024-07-19 09:57:01,128800.0,100,Sell,224577550
2024-07-19 09:57:06,128800.0,500,Sell,224577642
2024-07-19 09:57:06,128800.0,100,Sell,224577643
2024-07-19 09:57:06,128800.0,100,Sell,224577644
2024-07-19 09:57:07,128800.0,100,Buy,224577680
2024-07-19 09:57:10,128800.0,100,Buy,224577720
2024-07-19 09:57:10,128800.0,100,Buy,224577721
2024-07-19 09:57:16,128800.0,100,Buy,224577822
2024-07-19 09:57:25,128800.0,200,Sell,224577981
2024-07-19 09:57:25,128800.0,100,Sell,224577982
2024-07-19 09:57:44,128800.0,100,Sell,224578354
2024-07-19 09:57:44,128800.0,100,Sell,224578352
2024-07-19 09:57:44,128800.0,100,Sell,224578353
2024-07-19 09:58:00,128700.0,900,Sell,224578779
2024-07-19 09:58:02,128800.0,100,Buy,224578820
2024-07-19 09:58:23,128800.0,700,Buy,224579413
2024-07-19 09:58:25,128800.0,100,Buy,224579461
2024-07-19 09:58:27,128800.0,100,Buy,224579498
2024-07-19 09:58:33,128800.0,100,Buy,224579584
2024-07-19 09:58:39,128700.0,300,Sell,224579710
2024-07-19 09:58:52,128800.0,300,Buy,224579943
2024-07-19 09:58:54,128700.0,900,Sell,224579971
2024-07-19 09:59:38,128800.0,200,Buy,224580731
2024-07-19 09:59:38,128700.0,100,Sell,224580707
2024-07-19 09:59:38,128700.0,300,Sell,224580705
2024-07-19 09:59:38,128700.0,100,Sell,224580706
2024-07-19 09:59:45,128800.0,100,Buy,224580859
2024-07-19 09:59:48,128700.0,100,Sell,224580912
2024-07-19 09:59:48,128700.0,800,Sell,224580913
2024-07-19 09:59:50,128800.0,100,Buy,224580945
2024-07-19 09:59:55,128800.0,100,Buy,224581020
2024-07-19 10:00:00,128800.0,100,Buy,224581099
2024-07-19 10:00:13,128800.0,100,Buy,224581379
2024-07-19 10:00:21,128800.0,100,Buy,224581506
2024-07-19 10:00:28,128800.0,100,Buy,224581616
2024-07-19 10:00:42,128700.0,900,Sell,224581884
2024-07-19 10:00:42,128700.0,100,Sell,224581890
2024-07-19 10:00:44,128800.0,100,Buy,224581928
2024-07-19 10:00:51,128800.0,1000,Buy,224581993
2024-07-19 10:00:53,128700.0,200,Sell,224582056
2024-07-19 10:00:53,128700.0,100,Sell,224582057
2024-07-19 10:00:53,128700.0,1200,Sell,224582058
2024-07-19 10:01:02,128700.0,1000,Sell,224582194
2024-07-19 10:01:22,128700.0,100,Sell,224582668
2024-07-19 10:01:36,128700.0,800,Sell,224582885
2024-07-19 10:01:41,128800.0,100,Buy,224582955
2024-07-19 10:02:11,128700.0,200,Sell,224583465
2024-07-19 10:02:30,128700.0,800,Sell,224583799
2024-07-19 10:02:47,128700.0,500,Sell,224584121
2024-07-19 10:02:47,128700.0,100,Sell,224584123
2024-07-19 10:02:56,128800.0,2200,Buy,224584329
2024-07-19 10:02:56,128800.0,400,Buy,224584330
2024-07-19 10:03:01,128700.0,100,Sell,224584512
2024-07-19 10:03:01,128700.0,300,Sell,224584510
2024-07-19 10:03:01,128700.0,100,Sell,224584511
2024-07-19 10:03:04,128800.0,100,Buy,224584648
2024-07-19 10:03:04,128800.0,400,Buy,224584649
2024-07-19 10:03:24,128700.0,100,Sell,224585033
2024-07-19 10:03:24,128700.0,100,Sell,224585034
2024-07-19 10:03:24,128700.0,100,Sell,224585035
2024-07-19 10:03:24,128700.0,500,Sell,224585036
2024-07-19 10:03:54,128700.0,100,Sell,224585622
2024-07-19 10:04:11,128700.0,100,Sell,224586066
2024-07-19 10:04:18,128700.0,800,Sell,224586218
2024-07-19 10:04:19,128800.0,100,Buy,224586233
2024-07-19 10:04:40,128700.0,200,Sell,224586742
2024-07-19 10:04:46,128700.0,100,Sell,224586877
2024-07-19 10:04:57,128700.0,200,Sell,224587100
2024-07-19 10:05:02,128700.0,200,Sell,224587317
2024-07-19 10:05:02,128700.0,100,Sell,224587316
2024-07-19 10:05:02,128700.0,100,Sell,224587315
2024-07-19 10:05:02,128700.0,100,Sell,224587314
2024-07-19 10:05:02,128700.0,100,Sell,224587313
2024-07-19 10:05:02,128700.0,100,Sell,224587311
2024-07-19 10:05:02,128700.0,100,Sell,224587310
2024-07-19 10:05:02,128700.0,100,Sell,224587309
2024-07-19 10:05:02,128700.0,100,Sell,224587308
2024-07-19 10:05:02,128700.0,100,Sell,224587307
2024-07-19 10:05:02,128700.0,600,Sell,224587306
2024-07-19 10:05:02,128700.0,300,Sell,224587312
2024-07-19 10:05:09,128700.0,200,Sell,224587426
2024-07-19 10:05:12,128700.0,100,Sell,224587484
2024-07-19 10:05:12,128700.0,100,Sell,224587483
2024-07-19 10:05:12,128700.0,100,Sell,224587482
2024-07-19 10:05:12,128700.0,100,Sell,224587480
2024-07-19 10:05:12,128700.0,500,Sell,224587481
2024-07-19 10:05:22,128700.0,200,Sell,224587765
2024-07-19 10:05:31,128700.0,100,Sell,224587973
2024-07-19 10:05:31,128700.0,100,Sell,224587976
2024-07-19 10:05:31,128700.0,100,Sell,224587975
2024-07-19 10:05:31,128700.0,300,Sell,224587974
2024-07-19 10:05:31,128700.0,100,Sell,224587972
2024-07-19 10:05:31,128700.0,400,Sell,224587967
2024-07-19 10:05:31,128700.0,100,Sell,224587970
2024-07-19 10:05:31,128700.0,200,Sell,224587969
2024-07-19 10:05:31,128700.0,3000,Sell,224587968
2024-07-19 10:05:31,128700.0,300,Sell,224587965
2024-07-19 10:05:31,128700.0,300,Sell,224587966
2024-07-19 10:05:31,128700.0,200,Sell,224587971
2024-07-19 10:05:32,128700.0,100,Sell,224587978
2024-07-19 10:05:32,128700.0,500,Sell,224587979
2024-07-19 10:05:32,128700.0,100,Sell,224587980
2024-07-19 10:05:32,128700.0,100,Sell,224587981
2024-07-19 10:05:35,128700.0,100,Sell,224588037
2024-07-19 10:05:37,128700.0,200,Sell,224588079
2024-07-19 10:05:37,128700.0,400,Sell,224588078
2024-07-19 10:05:37,128700.0,100,Sell,224588077
2024-07-19 10:05:37,128700.0,200,Sell,224588076
2024-07-19 10:05:37,128700.0,400,Sell,224588080
2024-07-19 10:05:37,128700.0,200,Sell,224588074
2024-07-19 10:05:37,128700.0,100,Sell,224588073
2024-07-19 10:05:37,128700.0,4300,Sell,224588072
2024-07-19 10:05:37,128700.0,100,Sell,224588075
2024-07-19 10:05:37,128700.0,1000,Sell,224588060
2024-07-19 10:05:44,128700.0,600,Sell,224588193
2024-07-19 10:05:44,128700.0,2000,Sell,224588194
2024-07-19 10:05:44,128700.0,900,Sell,224588195
2024-07-19 10:05:54,128700.0,100,Sell,224588422
2024-07-19 10:06:05,128800.0,400,Buy,224588573
2024-07-19 10:06:06,128700.0,900,Sell,224588592
2024-07-19 10:06:07,128800.0,100,Buy,224588603
2024-07-19 10:06:10,128700.0,100,Sell,224588648
2024-07-19 10:06:10,128700.0,100,Sell,224588649
2024-07-19 10:06:10,128700.0,200,Sell,224588650
2024-07-19 10:06:10,128700.0,100,Sell,224588651
2024-07-19 10:06:10,128700.0,1000,Sell,224588657
2024-07-19 10:06:10,128700.0,100,Sell,224588653
2024-07-19 10:06:10,128700.0,100,Sell,224588654
2024-07-19 10:06:10,128700.0,100,Sell,224588655
2024-07-19 10:06:10,128700.0,300,Sell,224588656
2024-07-19 10:06:10,128700.0,100,Sell,224588647
2024-07-19 10:06:10,128700.0,200,Sell,224588652
2024-07-19 10:06:10,128700.0,300,Sell,224588646
2024-07-19 10:06:10,128700.0,100,Sell,224588641
2024-07-19 10:06:10,128700.0,100,Sell,224588644
2024-07-19 10:06:10,128700.0,100,Sell,224588643
2024-07-19 10:06:10,128700.0,200,Sell,224588642
2024-07-19 10:06:10,128700.0,100,Sell,224588640
2024-07-19 10:06:10,128700.0,100,Sell,224588639
2024-07-19 10:06:10,128700.0,200,Sell,224588638
2024-07-19 10:06:10,128700.0,500,Sell,224588637
2024-07-19 10:06:10,128700.0,100,Sell,224588636
2024-07-19 10:06:10,128700.0,200,Sell,224588635
2024-07-19 10:06:10,128700.0,100,Sell,224588634
2024-07-19 10:06:10,128700.0,100,Sell,224588633
2024-07-19 10:06:10,128700.0,200,Sell,224588645
2024-07-19 10:06:12,128700.0,5200,Buy,224588679
2024-07-19 10:06:17,128700.0,100,Sell,224588775
2024-07-19 10:06:24,128700.0,100,Buy,224588908
2024-07-19 10:06:27,128700.0,1600,Buy,224588972
2024-07-19 10:06:38,128700.0,500,Buy,224589113
2024-07-19 10:06:39,128600.0,100,Sell,224589160
2024-07-19 10:06:39,128600.0,300,Sell,224589159
2024-07-19 10:06:39,128600.0,200,Sell,224589148
2024-07-19 10:06:39,128600.0,300,Sell,224589157
2024-07-19 10:06:39,128600.0,100,Sell,224589156
2024-07-19 10:06:39,128600.0,100,Sell,224589155
2024-07-19 10:06:39,128600.0,100,Sell,224589154
2024-07-19 10:06:39,128600.0,100,Sell,224589153
2024-07-19 10:06:39,128600.0,200,Sell,224589152
2024-07-19 10:06:39,128600.0,100,Sell,224589151
2024-07-19 10:06:39,128600.0,100,Sell,224589150
2024-07-19 10:06:39,128600.0,100,Sell,224589149
2024-07-19 10:06:39,128600.0,100,Sell,224589161
2024-07-19 10:06:39,128600.0,300,Sell,224589147
2024-07-19 10:06:39,128600.0,1000,Sell,224589158
2024-07-19 10:06:39,128600.0,500,Sell,224589145
2024-07-19 10:06:39,128600.0,100,Sell,224589131
2024-07-19 10:06:39,128600.0,100,Sell,224589132
2024-07-19 10:06:39,128600.0,2000,Sell,224589133
2024-07-19 10:06:39,128600.0,200,Sell,224589134
2024-07-19 10:06:39,128600.0,200,Sell,224589135
2024-07-19 10:06:39,128600.0,100,Sell,224589136
2024-07-19 10:06:39,128600.0,200,Sell,224589137
2024-07-19 10:06:39,128600.0,500,Sell,224589146
2024-07-19 10:06:39,128600.0,200,Sell,224589139
2024-07-19 10:06:39,128600.0,100,Sell,224589140
2024-07-19 10:06:39,128600.0,100,Sell,224589141
2024-07-19 10:06:39,128600.0,500,Sell,224589142
2024-07-19 10:06:39,128600.0,100,Sell,224589143
2024-07-19 10:06:39,128600.0,100,Sell,224589144
2024-07-19 10:06:39,128600.0,1000,Sell,224589138
2024-07-19 10:06:40,128600.0,300,Sell,224589180
2024-07-19 10:06:40,128600.0,900,Sell,224589182
2024-07-19 10:06:40,128600.0,200,Sell,224589183
2024-07-19 10:06:40,128600.0,100,Sell,224589184
2024-07-19 10:06:40,128600.0,200,Sell,224589185
2024-07-19 10:06:40,128600.0,300,Sell,224589186
2024-07-19 10:06:40,128600.0,200,Sell,224589190
2024-07-19 10:06:40,128600.0,2100,Sell,224589188
2024-07-19 10:06:40,128600.0,100,Sell,224589189
2024-07-19 10:06:40,128600.0,1000,Sell,224589191
2024-07-19 10:06:40,128600.0,200,Sell,224589192
2024-07-19 10:06:40,128600.0,300,Sell,224589193
2024-07-19 10:06:40,128600.0,100,Sell,224589179
2024-07-19 10:06:40,128600.0,100,Sell,224589187
2024-07-19 10:06:40,128600.0,100,Sell,224589178
2024-07-19 10:06:40,128600.0,200,Sell,224589181
2024-07-19 10:06:40,128600.0,100,Sell,224589176
2024-07-19 10:06:40,128600.0,2000,Sell,224589163
2024-07-19 10:06:40,128600.0,100,Sell,224589164
2024-07-19 10:06:40,128600.0,100,Sell,224589165
2024-07-19 10:06:40,128600.0,100,Sell,224589166
2024-07-19 10:06:40,128600.0,3500,Sell,224589167
2024-07-19 10:06:40,128600.0,4000,Sell,224589177
2024-07-19 10:06:40,128600.0,100,Sell,224589169
2024-07-19 10:06:40,128600.0,300,Sell,224589168
2024-07-19 10:06:40,128600.0,200,Sell,224589171
2024-07-19 10:06:40,128600.0,100,Sell,224589172
2024-07-19 10:06:40,128600.0,100,Sell,224589173
2024-07-19 10:06:40,128600.0,400,Sell,224589174
2024-07-19 10:06:40,128600.0,500,Sell,224589162
2024-07-19 10:06:40,128600.0,100,Sell,224589175
2024-07-19 10:06:40,128600.0,100,Sell,224589170
2024-07-19 10:06:55,128600.0,100,Buy,224589552
2024-07-19 10:06:55,128600.0,100,Buy,224589562
2024-07-19 10:07:00,128500.0,400,Sell,224589636
2024-07-19 10:07:00,128500.0,100,Sell,224589635
2024-07-19 10:07:00,128500.0,200,Sell,224589633
2024-07-19 10:07:00,128500.0,100,Sell,224589632
2024-07-19 10:07:00,128500.0,100,Sell,224589634
2024-07-19 10:07:20,128600.0,1000,Buy,224590228
2024-07-19 10:07:21,128500.0,1700,Sell,224590262
2024-07-19 10:07:21,128500.0,100,Sell,224590263
2024-07-19 10:07:21,128500.0,1000,Sell,224590264
2024-07-19 10:07:21,128500.0,200,Sell,224590265
2024-07-19 10:07:21,128500.0,200,Sell,224590266
2024-07-19 10:07:21,128500.0,100,Sell,224590267
2024-07-19 10:07:21,128500.0,100,Sell,224590268
2024-07-19 10:07:21,128500.0,100,Sell,224590270
2024-07-19 10:07:21,128500.0,1000,Sell,224590271
2024-07-19 10:07:21,128500.0,200,Sell,224590272
2024-07-19 10:07:21,128500.0,400,Sell,224590273
2024-07-19 10:07:21,128500.0,500,Sell,224590261
2024-07-19 10:07:21,128500.0,100,Sell,224590269
2024-07-19 10:07:21,128500.0,300,Sell,224590260
2024-07-19 10:07:21,128500.0,500,Sell,224590251
2024-07-19 10:07:21,128500.0,100,Sell,224590258
2024-07-19 10:07:21,128500.0,1500,Sell,224590259
2024-07-19 10:07:21,128500.0,100,Sell,224590244
2024-07-19 10:07:21,128500.0,100,Sell,224590245
2024-07-19 10:07:21,128500.0,400,Sell,224590246
2024-07-19 10:07:21,128500.0,200,Sell,224590248
2024-07-19 10:07:21,128500.0,1700,Sell,224590249
2024-07-19 10:07:21,128500.0,200,Sell,224590250
2024-07-19 10:07:21,128500.0,700,Sell,224590247
2024-07-19 10:07:21,128500.0,100,Sell,224590252
2024-07-19 10:07:21,128500.0,500,Sell,224590253
2024-07-19 10:07:21,128500.0,100,Sell,224590254
2024-07-19 10:07:21,128500.0,100,Sell,224590255
2024-07-19 10:07:21,128500.0,500,Sell,224590256
2024-07-19 10:07:21,128500.0,100,Sell,224590257
2024-07-19 10:07:27,128500.0,200,Sell,224590579
2024-07-19 10:07:27,128500.0,100,Sell,224590584
2024-07-19 10:07:27,128500.0,100,Sell,224590583
2024-07-19 10:07:27,128500.0,100,Sell,224590582
2024-07-19 10:07:27,128500.0,100,Sell,224590581
2024-07-19 10:07:27,128500.0,200,Sell,224590580
2024-07-19 10:07:27,128500.0,500,Sell,224590585
2024-07-19 10:07:27,128500.0,100,Sell,224590578
2024-07-19 10:07:27,128500.0,100,Sell,224590572
2024-07-19 10:07:27,128500.0,100,Sell,224590576
2024-07-19 10:07:27,128500.0,100,Sell,224590575
2024-07-19 10:07:27,128500.0,100,Sell,224590574
2024-07-19 10:07:27,128500.0,200,Sell,224590573
2024-07-19 10:07:27,128500.0,1000,Sell,224590586
2024-07-19 10:07:27,128500.0,100,Sell,224590571
2024-07-19 10:07:27,128500.0,10000,Sell,224590570
2024-07-19 10:07:27,128500.0,100,Sell,224590569
2024-07-19 10:07:27,128500.0,100,Sell,224590577
2024-07-19 10:07:27,128500.0,100,Sell,224590587
2024-07-19 10:07:27,128500.0,100,Sell,224590594
2024-07-19 10:07:27,128500.0,1000,Sell,224590589
2024-07-19 10:07:27,128500.0,100,Sell,224590568
2024-07-19 10:07:27,128500.0,100,Sell,224590606
2024-07-19 10:07:27,128500.0,300,Sell,224590605
2024-07-19 10:07:27,128500.0,100,Sell,224590604
2024-07-19 10:07:27,128500.0,100,Sell,224590603
2024-07-19 10:07:27,128500.0,300,Sell,224590602
2024-07-19 10:07:27,128500.0,100,Sell,224590601
2024-07-19 10:07:27,128500.0,1000,Sell,224590600
2024-07-19 10:07:27,128500.0,100,Sell,224590599
2024-07-19 10:07:27,128500.0,400,Sell,224590598
2024-07-19 10:07:27,128500.0,200,Sell,224590597
2024-07-19 10:07:27,128500.0,200,Sell,224590596
2024-07-19 10:07:27,128500.0,500,Sell,224590595
2024-07-19 10:07:27,128500.0,100,Sell,224590593
2024-07-19 10:07:27,128500.0,500,Sell,224590592
2024-07-19 10:07:27,128500.0,400,Sell,224590591
2024-07-19 10:07:27,128500.0,200,Sell,224590590
2024-07-19 10:07:27,128500.0,200,Sell,224590588
2024-07-19 10:07:27,128500.0,100,Sell,224590567
2024-07-19 10:07:27,128500.0,300,Sell,224590527
2024-07-19 10:07:27,128500.0,300,Sell,224590565
2024-07-19 10:07:27,128500.0,100,Sell,224590541
2024-07-19 10:07:27,128500.0,1000,Sell,224590566
2024-07-19 10:07:27,128500.0,3000,Sell,224590539
2024-07-19 10:07:27,128500.0,3000,Sell,224590538
2024-07-19 10:07:27,128500.0,800,Sell,224590537
2024-07-19 10:07:27,128500.0,2000,Sell,224590536
2024-07-19 10:07:27,128500.0,200,Sell,224590535
2024-07-19 10:07:27,128500.0,200,Sell,224590534
2024-07-19 10:07:27,128500.0,500,Sell,224590533
2024-07-19 10:07:27,128500.0,100,Sell,224590532
2024-07-19 10:07:27,128500.0,100,Sell,224590531
2024-07-19 10:07:27,128500.0,400,Sell,224590530
2024-07-19 10:07:27,128500.0,500,Sell,224590529
2024-07-19 10:07:27,128500.0,100,Sell,224590528
2024-07-19 10:07:27,128500.0,200,Sell,224590526
2024-07-19 10:07:27,128500.0,700,Sell,224590525
2024-07-19 10:07:27,128500.0,600,Sell,224590524
2024-07-19 10:07:27,128500.0,300,Sell,224590542
2024-07-19 10:07:27,128500.0,200,Sell,224590543
2024-07-19 10:07:27,128500.0,100,Sell,224590540
2024-07-19 10:07:27,128500.0,100,Sell,224590545
2024-07-19 10:07:27,128500.0,100,Sell,224590564
2024-07-19 10:07:27,128500.0,200,Sell,224590563
2024-07-19 10:07:27,128500.0,300,Sell,224590562
2024-07-19 10:07:27,128500.0,900,Sell,224590561
2024-07-19 10:07:27,128500.0,100,Sell,224590544
2024-07-19 10:07:27,128500.0,300,Sell,224590559
2024-07-19 10:07:27,128500.0,5000,Sell,224590558
2024-07-19 10:07:27,128500.0,100,Sell,224590557
2024-07-19 10:07:27,128500.0,100,Sell,224590556
2024-07-19 10:07:27,128500.0,100,Sell,224590560
2024-07-19 10:07:27,128500.0,100,Sell,224590554
2024-07-19 10:07:27,128500.0,100,Sell,224590553
2024-07-19 10:07:27,128500.0,100,Sell,224590552
2024-07-19 10:07:27,128500.0,500,Sell,224590551
2024-07-19 10:07:27,128500.0,100,Sell,224590550
2024-07-19 10:07:27,128500.0,100,Sell,224590549
2024-07-19 10:07:27,128500.0,100,Sell,224590547
2024-07-19 10:07:27,128500.0,300,Sell,224590546
2024-07-19 10:07:27,128500.0,800,Sell,224590555
2024-07-19 10:07:36,128400.0,100,Sell,224590984
2024-07-19 10:07:36,128400.0,100,Sell,224590985
2024-07-19 10:07:38,128500.0,100,Buy,224591021
2024-07-19 10:07:40,128400.0,300,Sell,224591138
2024-07-19 10:07:44,128400.0,1800,Sell,224591264
2024-07-19 10:07:44,128400.0,500,Sell,224591263
2024-07-19 10:07:44,128400.0,200,Sell,224591262
2024-07-19 10:07:44,128400.0,100,Sell,224591261
2024-07-19 10:07:44,128400.0,100,Sell,224591259
2024-07-19 10:07:44,128400.0,200,Sell,224591260
2024-07-19 10:07:44,128400.0,100,Sell,224591258
2024-07-19 10:07:44,128400.0,100,Sell,224591256
2024-07-19 10:07:44,128400.0,100,Sell,224591255
2024-07-19 10:07:44,128400.0,100,Sell,224591254
2024-07-19 10:07:44,128400.0,100,Sell,224591253
2024-07-19 10:07:44,128400.0,100,Sell,224591252
2024-07-19 10:07:44,128400.0,100,Sell,224591251
2024-07-19 10:07:44,128400.0,100,Sell,224591257
2024-07-19 10:07:49,128400.0,700,Sell,224591532
2024-07-19 10:07:54,128400.0,100,Sell,224591646
2024-07-19 10:07:54,128400.0,900,Sell,224591663
2024-07-19 10:07:57,128400.0,500,Sell,224591851
2024-07-19 10:07:57,128400.0,100,Sell,224591852
2024-07-19 10:07:57,128400.0,300,Sell,224591853
2024-07-19 10:07:57,128400.0,100,Sell,224591854
2024-07-19 10:08:08,128400.0,200,Buy,224592051
2024-07-19 10:08:24,128400.0,100,Sell,224592481
2024-07-19 10:08:26,128400.0,100,Sell,224592555
2024-07-19 10:08:26,128400.0,600,Sell,224592556
2024-07-19 10:08:26,128400.0,200,Sell,224592553
2024-07-19 10:08:26,128400.0,100,Sell,224592552
2024-07-19 10:08:26,128400.0,400,Sell,224592554
2024-07-19 10:08:30,128300.0,300,Sell,224592668
2024-07-19 10:08:41,128400.0,700,Buy,224593039
2024-07-19 10:08:42,128300.0,200,Sell,224593081
2024-07-19 10:08:48,128300.0,100,Sell,224593203
2024-07-19 10:08:48,128300.0,100,Sell,224593204
2024-07-19 10:08:48,128300.0,500,Sell,224593205
2024-07-19 10:08:48,128300.0,100,Sell,224593206
2024-07-19 10:08:54,128400.0,100,Buy,224593306
2024-07-19 10:09:13,128300.0,300,Sell,224593866
2024-07-19 10:09:13,128300.0,200,Sell,224593865
2024-07-19 10:09:13,128300.0,100,Sell,224593863
2024-07-19 10:09:13,128400.0,100,Buy,224593855
2024-07-19 10:09:13,128300.0,400,Sell,224593864
2024-07-19 10:09:19,128300.0,500,Sell,224594023
2024-07-19 10:09:22,128400.0,300,Buy,224594104
2024-07-19 10:09:30,128300.0,100,Sell,224594357
2024-07-19 10:09:38,128400.0,500,Buy,224594575
2024-07-19 10:09:43,128300.0,100,Sell,224594724
2024-07-19 10:09:43,128300.0,100,Sell,224594723
2024-07-19 10:09:43,128300.0,100,Sell,224594722
2024-07-19 10:09:43,128300.0,200,Sell,224594720
2024-07-19 10:09:43,128300.0,200,Sell,224594719
2024-07-19 10:09:43,128300.0,100,Sell,224594718
2024-07-19 10:09:43,128300.0,100,Sell,224594721
2024-07-19 10:09:49,128300.0,100,Sell,224594968
2024-07-19 10:09:50,128400.0,100,Buy,224595022
2024-07-19 10:10:02,128300.0,100,Sell,224595550
2024-07-19 10:10:02,128300.0,100,Sell,224595549
2024-07-19 10:10:02,128300.0,1000,Sell,224595548
2024-07-19 10:10:02,128300.0,100,Sell,224595547
2024-07-19 10:10:02,128300.0,100,Sell,224595546
2024-07-19 10:10:02,128300.0,100,Sell,224595545
2024-07-19 10:10:02,128300.0,100,Sell,224595543
2024-07-19 10:10:02,128300.0,100,Sell,224595542
2024-07-19 10:10:02,128300.0,100,Sell,224595541
2024-07-19 10:10:02,128300.0,100,Sell,224595540
2024-07-19 10:10:02,128300.0,500,Sell,224595539
2024-07-19 10:10:02,128300.0,400,Sell,224595538
2024-07-19 10:10:02,128300.0,400,Sell,224595537
2024-07-19 10:10:02,128300.0,100,Sell,224595544
2024-07-19 10:10:12,128400.0,100,Buy,224595900
2024-07-19 10:10:22,128200.0,800,Sell,224596367
2024-07-19 10:10:22,128200.0,500,Sell,224596366
2024-07-19 10:10:22,128300.0,100,Sell,224596363
2024-07-19 10:10:22,128300.0,1000,Sell,224596364
2024-07-19 10:10:22,128300.0,900,Sell,224596365
2024-07-19 10:10:36,128300.0,100,Sell,224596890
2024-07-19 10:10:36,128300.0,100,Sell,224596891
2024-07-19 10:10:46,128300.0,200,Buy,224597146
2024-07-19 10:10:51,128300.0,100,Buy,224597313
2024-07-19 10:11:05,128300.0,200,Buy,224597714
2024-07-19 10:11:25,128300.0,200,Buy,224598295
2024-07-19 10:11:25,128300.0,800,Buy,224598296
2024-07-19 10:11:30,128200.0,300,Sell,224598494
2024-07-19 10:11:30,128200.0,300,Sell,224598493
2024-07-19 10:11:30,128200.0,100,Sell,224598492
2024-07-19 10:11:30,128200.0,100,Sell,224598491
2024-07-19 10:11:30,128200.0,100,Sell,224598490
2024-07-19 10:11:30,128200.0,100,Sell,224598489
2024-07-19 10:11:30,128200.0,1000,Sell,224598487
2024-07-19 10:11:30,128200.0,200,Sell,224598488
2024-07-19 10:11:30,128200.0,100,Sell,224598485
2024-07-19 10:11:30,128200.0,200,Sell,224598478
2024-07-19 10:11:30,128200.0,300,Sell,224598479
2024-07-19 10:11:30,128200.0,500,Sell,224598480
2024-07-19 10:11:30,128200.0,100,Sell,224598486
2024-07-19 10:11:30,128200.0,200,Sell,224598482
2024-07-19 10:11:30,128200.0,200,Sell,224598483
2024-07-19 10:11:30,128200.0,1000,Sell,224598484
2024-07-19 10:11:30,128200.0,200,Sell,224598481
2024-07-19 10:11:31,128200.0,700,Sell,224598510
2024-07-19 10:11:31,128200.0,100,Sell,224598511
2024-07-19 10:11:31,128200.0,100,Sell,224598512
2024-07-19 10:11:35,128200.0,200,Sell,224598570
2024-07-19 10:11:35,128200.0,100,Sell,224598571
2024-07-19 10:11:35,128200.0,300,Sell,224598572
2024-07-19 10:11:35,128200.0,400,Sell,224598573
2024-07-19 10:11:36,128200.0,100,Sell,224598632
2024-07-19 10:11:36,128200.0,2600,Sell,224598630
2024-07-19 10:11:36,128200.0,100,Sell,224598631
2024-07-19 10:11:45,128200.0,100,Buy,224598850
2024-07-19 10:11:58,128100.0,2400,Sell,224599104
2024-07-19 10:11:58,128100.0,100,Sell,224599103
2024-07-19 10:11:58,128100.0,500,Sell,224599102
2024-07-19 10:11:58,128100.0,100,Sell,224599101
2024-07-19 10:11:58,128100.0,200,Sell,224599100
2024-07-19 10:11:58,128100.0,2000,Sell,224599099
2024-07-19 10:11:58,128100.0,100,Sell,224599097
2024-07-19 10:11:58,128100.0,100,Sell,224599096
2024-07-19 10:11:58,128100.0,400,Sell,224599098
2024-07-19 10:11:58,128100.0,100,Sell,224599092
2024-07-19 10:11:58,128100.0,200,Sell,224599094
2024-07-19 10:11:58,128100.0,100,Sell,224599095
2024-07-19 10:11:58,128100.0,200,Sell,224599093
2024-07-19 10:11:59,128200.0,100,Buy,224599114
2024-07-19 10:11:59,128200.0,100,Buy,224599117
2024-07-19 10:12:10,128200.0,300,Buy,224599405
2024-07-19 10:12:19,128200.0,100,Buy,224599570
2024-07-19 10:12:20,128200.0,100,Buy,224599591
2024-07-19 10:12:21,128100.0,2500,Sell,224599599
2024-07-19 10:12:24,128200.0,100,Buy,224599635
2024-07-19 10:12:25,128100.0,100,Sell,224599659
2024-07-19 10:12:25,128100.0,700,Sell,224599660
2024-07-19 10:12:30,128200.0,400,Buy,224599717
2024-07-19 10:12:35,128200.0,200,Buy,224599788
2024-07-19 10:12:41,128100.0,100,Sell,224599919
2024-07-19 10:12:43,128100.0,400,Sell,224599986
2024-07-19 10:12:43,128100.0,100,Sell,224599996
2024-07-19 10:12:43,128100.0,1000,Sell,224599995
2024-07-19 10:12:43,128100.0,300,Sell,224599985
2024-07-19 10:12:43,128100.0,100,Sell,224599993
2024-07-19 10:12:43,128100.0,600,Sell,224599992
2024-07-19 10:12:43,128100.0,100,Sell,224599994
2024-07-19 10:12:43,128100.0,500,Sell,224599990
2024-07-19 10:12:43,128100.0,500,Sell,224599989
2024-07-19 10:12:43,128100.0,100,Sell,224599988
2024-07-19 10:12:43,128100.0,100,Sell,224599987
2024-07-19 10:12:43,128100.0,100,Sell,224599991
2024-07-19 10:12:44,128100.0,100,Buy,224600027
2024-07-19 10:12:50,128100.0,200,Buy,224600149
2024-07-19 10:12:50,128100.0,100,Buy,224600172
2024-07-19 10:13:04,128100.0,100,Buy,224600439
2024-07-19 10:13:05,128100.0,200,Buy,224600457
2024-07-19 10:13:05,128000.0,100,Sell,224600452
2024-07-19 10:13:05,128000.0,100,Sell,224600453
2024-07-19 10:13:05,128000.0,100,Sell,224600450
2024-07-19 10:13:05,128000.0,100,Sell,224600449
2024-07-19 10:13:05,128000.0,300,Sell,224600448
2024-07-19 10:13:05,128000.0,100,Sell,224600451
2024-07-19 10:13:06,128100.0,100,Buy,224600482
2024-07-19 10:13:06,128100.0,100,Buy,224600483
2024-07-19 10:13:11,128100.0,200,Buy,224600554
2024-07-19 10:13:11,128100.0,100,Buy,224600555
2024-07-19 10:13:11,128100.0,100,Buy,224600556
2024-07-19 10:13:11,128100.0,500,Buy,224600557
2024-07-19 10:13:11,128100.0,4100,Buy,224600558
2024-07-19 10:13:11,128100.0,100,Buy,224600568
2024-07-19 10:13:18,128000.0,200,Sell,224600689
2024-07-19 10:13:18,128000.0,400,Sell,224600686
2024-07-19 10:13:18,128000.0,100,Sell,224600687
2024-07-19 10:13:18,128000.0,100,Sell,224600688
2024-07-19 10:13:24,128100.0,100,Buy,224600922
2024-07-19 10:13:26,128000.0,100,Sell,224600959
2024-07-19 10:13:26,128000.0,100,Sell,224600960
2024-07-19 10:13:26,128000.0,800,Sell,224600961
2024-07-19 10:13:29,128100.0,200,Buy,224601018
2024-07-19 10:13:31,128000.0,200,Sell,224601089
2024-07-19 10:13:31,128000.0,100,Sell,224601088
2024-07-19 10:13:31,128000.0,300,Sell,224601085
2024-07-19 10:13:31,128000.0,2500,Sell,224601086
2024-07-19 10:13:31,128000.0,1000,Sell,224601087
2024-07-19 10:13:31,128000.0,200,Sell,224601084
2024-07-19 10:13:32,128100.0,100,Buy,224601111
2024-07-19 10:13:33,128000.0,100,Sell,224601148
2024-07-19 10:13:38,128000.0,500,Sell,224601273
2024-07-19 10:13:38,128000.0,100,Sell,224601272
2024-07-19 10:13:38,128000.0,3000,Sell,224601271
2024-07-19 10:13:38,128000.0,200,Sell,224601266
2024-07-19 10:13:38,128000.0,100,Sell,224601269
2024-07-19 10:13:38,128000.0,300,Sell,224601268
2024-07-19 10:13:38,128000.0,100,Sell,224601267
2024-07-19 10:13:38,128000.0,1000,Sell,224601270
2024-07-19 10:13:40,128000.0,4000,Sell,224601331
2024-07-19 10:13:42,128000.0,200,Sell,224601380
2024-07-19 10:13:42,128000.0,200,Sell,224601387
2024-07-19 10:13:42,128000.0,100,Sell,224601386
2024-07-19 10:13:42,128000.0,200,Sell,224601385
2024-07-19 10:13:42,128000.0,100,Sell,224601384
2024-07-19 10:13:42,128000.0,100,Sell,224601383
2024-07-19 10:13:42,128000.0,1000,Sell,224601382
2024-07-19 10:13:42,128000.0,400,Sell,224601381
2024-07-19 10:13:42,128000.0,600,Sell,224601388
2024-07-19 10:13:42,128000.0,100,Sell,224601379
2024-07-19 10:13:42,128000.0,500,Sell,224601377
2024-07-19 10:13:42,128100.0,100,Buy,224601370
2024-07-19 10:13:42,128000.0,500,Sell,224601371
2024-07-19 10:13:42,128000.0,100,Sell,224601372
2024-07-19 10:13:42,128000.0,100,Sell,224601378
2024-07-19 10:13:42,128000.0,100,Sell,224601374
2024-07-19 10:13:42,128000.0,100,Sell,224601375
2024-07-19 10:13:42,128000.0,500,Sell,224601376
2024-07-19 10:13:42,128000.0,100,Sell,224601373
2024-07-19 10:13:45,128000.0,100,Sell,224601631
2024-07-19 10:13:45,128000.0,100,Sell,224601632
2024-07-19 10:13:45,128000.0,100,Sell,224601633
2024-07-19 10:13:45,128000.0,300,Sell,224601634
2024-07-19 10:13:45,128000.0,400,Sell,224601630
2024-07-19 10:13:52,128000.0,300,Sell,224601911
2024-07-19 10:13:52,128000.0,500,Sell,224601912
2024-07-19 10:13:52,128000.0,200,Sell,224601913
2024-07-19 10:13:58,128000.0,100,Sell,224602032
2024-07-19 10:14:02,128000.0,100,Sell,224602084
2024-07-19 10:14:09,128100.0,600,Buy,224602198
2024-07-19 10:14:12,128000.0,800,Sell,224602245
2024-07-19 10:14:12,128000.0,100,Sell,224602246
2024-07-19 10:14:20,128100.0,800,Buy,224602392
2024-07-19 10:14:20,128100.0,1500,Buy,224602391
2024-07-19 10:14:20,128100.0,2000,Buy,224602390
2024-07-19 10:14:20,128100.0,300,Buy,224602386
2024-07-19 10:14:20,128100.0,100,Buy,224602388
2024-07-19 10:14:20,128100.0,1000,Buy,224602387
2024-07-19 10:14:20,128100.0,100,Buy,224602389
2024-07-19 10:14:26,128100.0,300,Sell,224602625
2024-07-19 10:14:29,128100.0,700,Sell,224602682
2024-07-19 10:14:29,128100.0,3000,Sell,224602681
2024-07-19 10:14:31,128200.0,100,Buy,224602710
2024-07-19 10:14:34,128200.0,100,Buy,224602795
2024-07-19 10:14:34,128200.0,100,Buy,224602796
2024-07-19 10:14:35,128100.0,600,Sell,224602810
2024-07-19 10:14:35,128100.0,200,Sell,224602807
2024-07-19 10:14:35,128100.0,100,Sell,224602808
2024-07-19 10:14:35,128100.0,100,Sell,224602809
2024-07-19 10:14:36,128200.0,100,Buy,224602816
2024-07-19 10:14:45,128200.0,200,Buy,224603010
2024-07-19 10:14:45,128200.0,400,Buy,224603018
2024-07-19 10:14:45,128200.0,2300,Buy,224603017
2024-07-19 10:14:45,128200.0,100,Buy,224603016
2024-07-19 10:14:45,128200.0,5700,Buy,224603015
2024-07-19 10:14:45,128200.0,100,Buy,224603009
2024-07-19 10:14:45,128200.0,400,Buy,224603013
2024-07-19 10:14:45,128200.0,200,Buy,224603012
2024-07-19 10:14:45,128200.0,100,Buy,224603011
2024-07-19 10:14:45,128200.0,100,Buy,224603014
2024-07-19 10:14:51,128300.0,100,Buy,224603134
2024-07-19 10:14:59,128300.0,100,Buy,224603324
2024-07-19 10:15:01,128300.0,500,Buy,224603355
2024-07-19 10:15:17,128300.0,500,Buy,224603619
2024-07-19 10:15:17,128300.0,1000,Buy,224603620
2024-07-19 10:15:17,128300.0,100,Buy,224603621
2024-07-19 10:15:17,128300.0,400,Buy,224603622
2024-07-19 10:15:19,128300.0,100,Buy,224603661
2024-07-19 10:15:19,128300.0,100,Buy,224603660
2024-07-19 10:15:23,128300.0,100,Buy,224603719
2024-07-19 10:15:24,128300.0,100,Buy,224603731
2024-07-19 10:15:25,128300.0,200,Buy,224603750
2024-07-19 10:15:25,128300.0,300,Buy,224603743
2024-07-19 10:15:25,128300.0,100,Buy,224603749
2024-07-19 10:15:26,128300.0,100,Buy,224603760
2024-07-19 10:15:26,128300.0,100,Buy,224603761
2024-07-19 10:15:46,128300.0,200,Sell,224604070
2024-07-19 10:15:59,128300.0,100,Sell,224604353
2024-07-19 10:15:59,128300.0,100,Sell,224604354
2024-07-19 10:16:03,128300.0,100,Buy,224604426
2024-07-19 10:16:04,128300.0,100,Buy,224604491
2024-07-19 10:16:05,128200.0,100,Sell,224604531
2024-07-19 10:16:09,128400.0,100,Buy,224604622
2024-07-19 10:16:27,128400.0,100,Buy,224605126
2024-07-19 10:16:27,128400.0,100,Buy,224605127
2024-07-19 10:16:33,128300.0,200,Sell,224605234
2024-07-19 10:16:33,128300.0,200,Sell,224605235
2024-07-19 10:16:33,128300.0,200,Sell,224605236
2024-07-19 10:16:33,128300.0,100,Sell,224605237
2024-07-19 10:16:34,128300.0,100,Buy,224605270
2024-07-19 10:16:36,128200.0,300,Sell,224605316
2024-07-19 10:16:39,128400.0,800,Buy,224605409
2024-07-19 10:16:39,128300.0,200,Buy,224605408
2024-07-19 10:16:40,128400.0,100,Buy,224605415
2024-07-19 10:16:55,128400.0,400,Buy,224605692
2024-07-19 10:17:07,128300.0,100,Sell,224605930
2024-07-19 10:17:08,128300.0,200,Sell,224605980
2024-07-19 10:17:08,128300.0,100,Sell,224605981
2024-07-19 10:17:11,128300.0,100,Buy,224606044
2024-07-19 10:17:13,128300.0,300,Buy,224606065
2024-07-19 10:17:15,128300.0,100,Buy,224606118
2024-07-19 10:17:50,128400.0,100,Buy,224606953
2024-07-19 10:17:55,128400.0,200,Buy,224607031
2024-07-19 10:17:59,128300.0,200,Sell,224607149
2024-07-19 10:17:59,128300.0,800,Sell,224607150
2024-07-19 10:18:02,128300.0,200,Sell,224607231
2024-07-19 10:18:02,128300.0,700,Sell,224607232
2024-07-19 10:18:15,128300.0,100,Sell,224607450
2024-07-19 10:18:25,128300.0,100,Sell,224607655
2024-07-19 10:18:25,128300.0,1000,Sell,224607654
2024-07-19 10:18:25,128300.0,1000,Sell,224607652
2024-07-19 10:18:25,128300.0,200,Sell,224607651
2024-07-19 10:18:25,128300.0,2700,Sell,224607653
2024-07-19 10:18:42,128300.0,100,Sell,224607956
2024-07-19 10:18:42,128300.0,100,Sell,224607957
2024-07-19 10:18:42,128300.0,1000,Sell,224607958
2024-07-19 10:18:42,128200.0,2000,Sell,224607959
2024-07-19 10:18:42,128200.0,200,Sell,224607960
2024-07-19 10:18:42,128200.0,1600,Sell,224607961
2024-07-19 10:18:53,128400.0,100,Buy,224608231
2024-07-19 10:18:53,128400.0,400,Buy,224608232
2024-07-19 10:18:57,128300.0,100,Sell,224608271
2024-07-19 10:18:57,128300.0,500,Sell,224608272
2024-07-19 10:18:57,128300.0,100,Sell,224608273
2024-07-19 10:19:12,128300.0,100,Buy,224608562
2024-07-19 10:19:22,128300.0,100,Sell,224608783
2024-07-19 10:19:39,128300.0,100,Sell,224609227
2024-07-19 10:19:41,128300.0,500,Sell,224609272
2024-07-19 10:19:41,128300.0,100,Sell,224609273
2024-07-19 10:19:41,128300.0,100,Sell,224609270
2024-07-19 10:19:41,128300.0,700,Sell,224609269
2024-07-19 10:19:41,128300.0,100,Sell,224609271
2024-07-19 10:19:42,128300.0,100,Buy,224609280
2024-07-19 10:19:49,128300.0,200,Buy,224609439
2024-07-19 10:19:50,128200.0,800,Sell,224609474
2024-07-19 10:19:50,128300.0,1000,Buy,224609475
2024-07-19 10:19:51,128300.0,3200,Buy,224609478
2024-07-19 10:19:51,128300.0,900,Buy,224609479
2024-07-19 10:19:54,128300.0,6900,Sell,224609536
2024-07-19 10:20:02,128300.0,100,Buy,224609669
2024-07-19 10:20:15,128300.0,2000,Buy,224609991
2024-07-19 10:20:16,128300.0,300,Buy,224610029
2024-07-19 10:20:21,128300.0,3000,Buy,224610134
2024-07-19 10:20:26,128300.0,500,Buy,224610380
2024-07-19 10:20:33,128300.0,100,Buy,224610557
2024-07-19 10:20:37,128300.0,100,Buy,224610663
2024-07-19 10:20:44,128300.0,200,Buy,224610812
2024-07-19 10:20:45,128300.0,200,Buy,224610819
2024-07-19 10:20:50,128300.0,1000,Buy,224610918
2024-07-19 10:20:57,128200.0,2000,Sell,224611084
2024-07-19 10:20:57,128300.0,100,Buy,224611085
2024-07-19 10:21:00,128200.0,4200,Sell,224611154
2024-07-19 10:21:00,128200.0,200,Sell,224611153
2024-07-19 10:21:00,128200.0,5600,Sell,224611152
2024-07-19 10:21:03,128200.0,100,Sell,224611212
2024-07-19 10:21:07,128300.0,300,Buy,224611271
2024-07-19 10:21:13,128200.0,35200,Sell,224611448
2024-07-19 10:21:26,128200.0,3300,Sell,224611866
2024-07-19 10:21:29,128200.0,800,Sell,224611951
2024-07-19 10:21:29,128200.0,100,Sell,224611950
2024-07-19 10:21:29,128200.0,1000,Sell,224611949
2024-07-19 10:21:29,128200.0,100,Sell,224611948
2024-07-19 10:21:29,128200.0,2000,Sell,224611947
2024-07-19 10:21:29,128200.0,100,Sell,224611946
2024-07-19 10:21:29,128200.0,200,Sell,224611945
2024-07-19 10:21:29,128200.0,100,Sell,224611944
2024-07-19 10:21:29,128200.0,100,Sell,224611943
2024-07-19 10:21:29,128200.0,100,Sell,224611936
2024-07-19 10:21:29,128200.0,700,Sell,224611935
2024-07-19 10:21:29,128200.0,100,Sell,224611934
2024-07-19 10:21:29,128200.0,100,Sell,224611933
2024-07-19 10:21:29,128200.0,100,Sell,224611932
2024-07-19 10:21:29,128200.0,5700,Sell,224611931
2024-07-19 10:21:29,128200.0,200,Sell,224611930
2024-07-19 10:21:29,128200.0,700,Sell,224611929
2024-07-19 10:21:29,128200.0,400,Sell,224611928
2024-07-19 10:21:29,128200.0,200,Sell,224611927
2024-07-19 10:21:29,128200.0,100,Sell,224611937
2024-07-19 10:21:30,128300.0,100,Buy,224611999
2024-07-19 10:21:33,128200.0,100,Sell,224612062
2024-07-19 10:21:33,128200.0,1000,Sell,224612061
2024-07-19 10:21:33,128200.0,3000,Sell,224612058
2024-07-19 10:21:33,128200.0,700,Sell,224612059
2024-07-19 10:21:33,128200.0,1700,Sell,224612057
2024-07-19 10:21:33,128200.0,500,Sell,224612060
2024-07-19 10:21:34,128100.0,300,Sell,224612080
2024-07-19 10:21:41,128200.0,2300,Buy,224612204
2024-07-19 10:21:44,128100.0,2800,Sell,224612287
2024-07-19 10:21:46,128100.0,100,Sell,224612384
2024-07-19 10:21:47,128100.0,3300,Sell,224612404
2024-07-19 10:21:48,128100.0,200,Sell,224612468
2024-07-19 10:21:51,128100.0,900,Sell,224612546
2024-07-19 10:21:52,128100.0,1500,Sell,224612571
2024-07-19 10:21:57,128200.0,100,Buy,224612701
2024-07-19 10:22:00,128200.0,300,Buy,224612792
2024-07-19 10:22:02,128100.0,31500,Sell,224612830
2024-07-19 10:22:05,128200.0,200,Buy,224612894
2024-07-19 10:22:12,128100.0,100,Sell,224613090
2024-07-19 10:22:12,128100.0,200,Sell,224613097
2024-07-19 10:22:12,128100.0,600,Sell,224613096
2024-07-19 10:22:12,128100.0,200,Sell,224613095
2024-07-19 10:22:12,128100.0,1000,Sell,224613094
2024-07-19 10:22:12,128100.0,200,Sell,224613093
2024-07-19 10:22:12,128100.0,400,Sell,224613092
2024-07-19 10:22:12,128100.0,100,Sell,224613091
2024-07-19 10:22:12,128100.0,100,Sell,224613089
2024-07-19 10:22:12,128100.0,100,Sell,224613098
2024-07-19 10:22:12,128100.0,200,Sell,224613087
2024-07-19 10:22:12,128100.0,100,Sell,224613088
2024-07-19 10:22:12,128100.0,400,Sell,224613080
2024-07-19 10:22:12,128100.0,700,Sell,224613081
2024-07-19 10:22:12,128100.0,200,Sell,224613082
2024-07-19 10:22:12,128100.0,200,Sell,224613079
2024-07-19 10:22:12,128100.0,100,Sell,224613084
2024-07-19 10:22:12,128100.0,100,Sell,224613085
2024-07-19 10:22:12,128100.0,600,Sell,224613086
2024-07-19 10:22:12,128100.0,7300,Sell,224613083
2024-07-19 10:22:13,128100.0,100,Sell,224613121
2024-07-19 10:22:13,128100.0,100,Sell,224613119
2024-07-19 10:22:13,128100.0,300,Sell,224613120
2024-07-19 10:22:13,128100.0,100,Sell,224613116
2024-07-19 10:22:13,128100.0,100,Sell,224613115
2024-07-19 10:22:13,128100.0,100,Sell,224613118
2024-07-19 10:22:13,128100.0,100,Sell,224613117
2024-07-19 10:22:16,128100.0,300,Buy,224613202
