time,price,volume,match_type,id
2024-07-24 09:14:39,125500.0,29800,ATO/ATC,225854145
2024-07-24 09:14:40,125500.0,100,Sell,225854304
2024-07-24 09:14:43,125500.0,1100,Sell,225854723
2024-07-24 09:14:50,125500.0,100,Sell,225854957
2024-07-24 09:14:54,125500.0,2000,Sell,225855096
2024-07-24 09:14:58,125500.0,2000,Sell,225855230
2024-07-24 09:15:01,125500.0,200,Sell,225855317
2024-07-24 09:15:01,125500.0,200,Sell,225855319
2024-07-24 09:15:01,125500.0,9100,Sell,225855316
2024-07-24 09:15:01,125500.0,500,Sell,225855318
2024-07-24 09:15:05,125500.0,1000,Sell,225855417
2024-07-24 09:15:06,125500.0,2000,Sell,225855427
2024-07-24 09:15:06,125500.0,500,Sell,225855429
2024-07-24 09:15:06,125500.0,400,Sell,225855426
2024-07-24 09:15:06,125500.0,100,Sell,225855428
2024-07-24 09:15:18,125500.0,1000,Sell,225855901
2024-07-24 09:15:22,125500.0,100,Sell,225856013
2024-07-24 09:15:28,125600.0,1000,Buy,225856152
2024-07-24 09:15:28,125600.0,300,Buy,225856153
2024-07-24 09:15:33,125600.0,100,Buy,225856330
2024-07-24 09:15:38,125600.0,100,Buy,225856615
2024-07-24 09:15:39,125600.0,200,Buy,225856659
2024-07-24 09:15:47,125600.0,100,Buy,225856915
2024-07-24 09:15:51,125600.0,100,Buy,225857067
2024-07-24 09:15:52,125600.0,100,Buy,225857125
2024-07-24 09:15:57,125600.0,100,Buy,225857320
2024-07-24 09:15:57,125600.0,2000,Buy,225857355
2024-07-24 09:15:57,125600.0,1000,Buy,225857356
2024-07-24 09:15:58,125600.0,100,Buy,225857377
2024-07-24 09:15:59,125600.0,100,Buy,225857411
2024-07-24 09:16:03,125600.0,200,Buy,225857564
2024-07-24 09:16:03,125600.0,800,Buy,225857562
2024-07-24 09:16:03,125600.0,1000,Buy,225857563
2024-07-24 09:16:05,125600.0,1800,Buy,225857633
2024-07-24 09:16:07,125600.0,2000,Sell,225857693
2024-07-24 09:16:09,125600.0,1200,Sell,225857735
2024-07-24 09:16:09,125600.0,800,Sell,225857736
2024-07-24 09:16:10,125600.0,1000,Sell,225857793
2024-07-24 09:16:10,125600.0,100,Sell,225857794
2024-07-24 09:16:10,125600.0,1000,Buy,225857798
2024-07-24 09:16:10,125600.0,1000,Buy,225857799
2024-07-24 09:16:11,125600.0,200,Buy,225857823
2024-07-24 09:16:14,125600.0,800,Sell,225857995
2024-07-24 09:16:15,125600.0,1000,Buy,225858068
2024-07-24 09:16:15,125600.0,1200,Buy,225858067
2024-07-24 09:16:16,125600.0,600,Buy,225858110
2024-07-24 09:16:21,125600.0,200,Sell,225858317
2024-07-24 09:16:24,125600.0,200,Sell,225858472
2024-07-24 09:16:24,125600.0,800,Sell,225858473
2024-07-24 09:16:25,125600.0,100,Sell,225858529
2024-07-24 09:16:32,125600.0,2900,Sell,225858799
2024-07-24 09:16:32,125600.0,100,Sell,225858769
2024-07-24 09:16:32,125600.0,500,Sell,225858768
2024-07-24 09:16:32,125600.0,100,Sell,225858765
2024-07-24 09:16:32,125600.0,100,Sell,225858766
2024-07-24 09:16:32,125600.0,2000,Sell,225858767
2024-07-24 09:16:32,125600.0,100,Sell,225858764
2024-07-24 09:16:32,125600.0,100,Sell,225858763
2024-07-24 09:16:35,125600.0,2100,Buy,225858923
2024-07-24 09:16:35,125700.0,100,Buy,225858924
2024-07-24 09:16:35,125700.0,800,Buy,225858925
2024-07-24 09:16:40,125600.0,600,Buy,225859065
2024-07-24 09:16:45,125600.0,9400,Buy,225859237
2024-07-24 09:16:45,125600.0,200,Buy,225859238
2024-07-24 09:16:45,125600.0,400,Buy,225859239
2024-07-24 09:16:47,125600.0,100,Buy,225859313
2024-07-24 09:16:49,125600.0,200,Buy,225859346
2024-07-24 09:16:49,125600.0,1800,Buy,225859347
2024-07-24 09:16:49,125600.0,200,Sell,225859362
2024-07-24 09:16:52,125600.0,1000,Buy,225859475
2024-07-24 09:16:52,125600.0,200,Buy,225859479
2024-07-24 09:16:52,125600.0,2500,Buy,225859480
2024-07-24 09:16:56,125700.0,100,Buy,225859682
2024-07-24 09:16:56,125600.0,1500,Sell,225859668
2024-07-24 09:16:56,125600.0,2000,Sell,225859666
2024-07-24 09:16:56,125600.0,1300,Sell,225859665
2024-07-24 09:16:56,125600.0,200,Sell,225859667
2024-07-24 09:16:57,125600.0,500,Sell,225859701
2024-07-24 09:16:57,125600.0,500,Sell,225859702
2024-07-24 09:16:57,125600.0,400,Sell,225859716
2024-07-24 09:16:58,125600.0,200,Sell,225859735
2024-07-24 09:17:03,125500.0,4000,Sell,225859968
2024-07-24 09:17:06,125600.0,1900,Buy,225860095
2024-07-24 09:17:06,125600.0,100,Buy,225860094
2024-07-24 09:17:06,125600.0,700,Buy,225860083
2024-07-24 09:17:12,125500.0,2300,Sell,225860404
2024-07-24 09:17:13,125600.0,100,Buy,225860425
2024-07-24 09:17:13,125600.0,100,Buy,225860426
2024-07-24 09:17:15,125600.0,8000,Buy,225860498
2024-07-24 09:17:16,125600.0,1000,Buy,225860576
2024-07-24 09:17:18,125500.0,1000,Sell,225860676
2024-07-24 09:17:20,125600.0,100,Buy,225860786
2024-07-24 09:17:21,125600.0,500,Buy,225860821
2024-07-24 09:17:23,125600.0,100,Buy,225860892
2024-07-24 09:17:23,125600.0,1000,Buy,225860891
2024-07-24 09:17:23,125600.0,900,Buy,225860893
2024-07-24 09:17:24,125600.0,400,Buy,225860898
2024-07-24 09:17:26,125600.0,1700,Buy,225861157
2024-07-24 09:17:26,125600.0,1000,Buy,225861158
2024-07-24 09:17:26,125700.0,1100,Buy,225861159
2024-07-24 09:17:30,125600.0,100,Buy,225861358
2024-07-24 09:17:30,125600.0,4900,Buy,225861364
2024-07-24 09:17:30,125600.0,2100,Buy,225861365
2024-07-24 09:17:30,125600.0,500,Buy,225861381
2024-07-24 09:17:34,125600.0,300,Buy,225861518
2024-07-24 09:17:35,125600.0,900,Buy,225861532
2024-07-24 09:17:35,125600.0,1100,Buy,225861531
2024-07-24 09:17:37,125600.0,100,Buy,225861657
2024-07-24 09:17:41,125600.0,200,Sell,225861825
2024-07-24 09:17:41,125700.0,500,Buy,225861855
2024-07-24 09:17:41,125700.0,200,Buy,225861856
2024-07-24 09:17:41,125700.0,100,Buy,225861857
2024-07-24 09:17:41,125700.0,3900,Buy,225861858
2024-07-24 09:17:49,125600.0,200,Sell,225862187
2024-07-24 09:17:51,125600.0,100,Sell,225862275
2024-07-24 09:17:58,125700.0,2000,Buy,225862610
2024-07-24 09:17:58,125700.0,200,Buy,225862622
2024-07-24 09:17:58,125700.0,1100,Buy,225862609
2024-07-24 09:18:01,125700.0,800,Buy,225862757
2024-07-24 09:18:01,125700.0,100,Buy,225862758
2024-07-24 09:18:01,125700.0,300,Buy,225862759
2024-07-24 09:18:04,125700.0,800,Sell,225862911
2024-07-24 09:18:04,125700.0,200,Sell,225862912
2024-07-24 09:18:07,125800.0,4500,Buy,225863051
2024-07-24 09:18:07,125800.0,100,Buy,225863050
2024-07-24 09:18:07,125800.0,200,Buy,225863048
2024-07-24 09:18:07,125800.0,100,Buy,225863047
2024-07-24 09:18:07,125700.0,3000,Sell,225863020
2024-07-24 09:18:07,125800.0,100,Buy,225863049
2024-07-24 09:18:10,125700.0,800,Sell,225863201
2024-07-24 09:18:10,125700.0,100,Sell,225863203
2024-07-24 09:18:10,125700.0,300,Sell,225863204
2024-07-24 09:18:10,125700.0,400,Sell,225863205
2024-07-24 09:18:10,125700.0,800,Sell,225863206
2024-07-24 09:18:14,125800.0,1000,Buy,225863368
2024-07-24 09:18:14,125800.0,500,Buy,225863366
2024-07-24 09:18:14,125800.0,2000,Buy,225863367
2024-07-24 09:18:21,125800.0,1500,Sell,225863697
2024-07-24 09:18:21,125800.0,3300,Sell,225863698
2024-07-24 09:18:21,125800.0,100,Sell,225863699
2024-07-24 09:18:21,125800.0,100,Sell,225863700
2024-07-24 09:18:23,125900.0,2000,Buy,225863810
2024-07-24 09:18:23,125900.0,5000,Buy,225863808
2024-07-24 09:18:23,125900.0,1000,Buy,225863809
2024-07-24 09:18:23,125900.0,100,Buy,225863806
2024-07-24 09:18:23,125800.0,500,Sell,225863762
2024-07-24 09:18:23,125900.0,500,Buy,225863807
2024-07-24 09:18:26,125900.0,2000,Sell,225863955
2024-07-24 09:18:28,125900.0,100,Sell,225864046
2024-07-24 09:18:30,126000.0,1000,Sell,225864119
2024-07-24 09:18:30,126000.0,3000,Buy,225864118
2024-07-24 09:18:30,126000.0,100,Buy,225864117
2024-07-24 09:18:30,126000.0,200,Buy,225864115
2024-07-24 09:18:30,126000.0,200,Buy,225864116
2024-07-24 09:18:30,126000.0,1000,Buy,225864113
2024-07-24 09:18:30,126000.0,500,Buy,225864112
2024-07-24 09:18:30,126000.0,2000,Buy,225864111
2024-07-24 09:18:30,126000.0,700,Buy,225864110
2024-07-24 09:18:30,126000.0,200,Buy,225864109
2024-07-24 09:18:30,126000.0,100,Buy,225864114
2024-07-24 09:18:32,126000.0,500,Sell,225864253
2024-07-24 09:18:33,126100.0,100,Buy,225864369
2024-07-24 09:18:33,126100.0,100,Buy,225864370
2024-07-24 09:18:33,126100.0,1800,Buy,225864371
2024-07-24 09:18:37,126100.0,200,Buy,225864579
2024-07-24 09:18:38,126100.0,900,Sell,225864636
2024-07-24 09:18:42,126100.0,100,Sell,225864813
2024-07-24 09:18:49,126200.0,100,Buy,225865129
2024-07-24 09:18:49,126200.0,100,Buy,225865130
2024-07-24 09:18:52,126200.0,900,Buy,225865245
2024-07-24 09:18:52,126200.0,600,Buy,225865246
2024-07-24 09:18:57,126300.0,100,Buy,225865488
2024-07-24 09:18:57,126300.0,100,Buy,225865489
2024-07-24 09:18:57,126300.0,1800,Buy,225865490
2024-07-24 09:19:02,126300.0,800,Buy,225865728
2024-07-24 09:19:02,126300.0,500,Buy,225865729
2024-07-24 09:19:02,126300.0,100,Buy,225865727
2024-07-24 09:19:02,126300.0,100,Buy,225865713
2024-07-24 09:19:08,126300.0,600,Sell,225865921
2024-07-24 09:19:08,126300.0,200,Sell,225865922
2024-07-24 09:19:10,126200.0,2000,Sell,225866043
2024-07-24 09:19:11,126300.0,400,Buy,225866110
2024-07-24 09:19:12,126300.0,1000,Sell,225866183
2024-07-24 09:19:15,126300.0,1000,Sell,225866344
2024-07-24 09:19:18,126400.0,100,Buy,225866522
2024-07-24 09:19:20,126400.0,100,Buy,225866618
2024-07-24 09:19:20,126400.0,200,Buy,225866624
2024-07-24 09:19:20,126400.0,9700,Buy,225866625
2024-07-24 09:19:22,126400.0,300,Buy,225866695
2024-07-24 09:19:41,126400.0,100,Sell,225867512
2024-07-24 09:19:43,126400.0,200,Sell,225867595
2024-07-24 09:19:43,126400.0,100,Sell,225867596
2024-07-24 09:19:43,126400.0,100,Sell,225867597
2024-07-24 09:19:43,126400.0,100,Sell,225867594
2024-07-24 09:19:45,126400.0,1000,Sell,225867702
2024-07-24 09:19:49,126400.0,800,Sell,225867864
2024-07-24 09:19:50,126500.0,300,Buy,225867879
2024-07-24 09:19:50,126500.0,200,Buy,225867880
2024-07-24 09:19:52,126500.0,100,Buy,225867982
2024-07-24 09:19:54,126500.0,300,Buy,225868010
2024-07-24 09:19:57,126500.0,200,Buy,225868157
2024-07-24 09:19:59,126500.0,100,Buy,225868260
2024-07-24 09:20:02,126500.0,100,Buy,225868361
2024-07-24 09:20:06,126500.0,100,Buy,225868604
2024-07-24 09:20:10,126400.0,200,Sell,225868770
2024-07-24 09:20:10,126400.0,100,Sell,225868769
2024-07-24 09:20:10,126400.0,600,Sell,225868768
2024-07-24 09:20:10,126500.0,100,Buy,225868749
2024-07-24 09:20:10,126500.0,400,Buy,225868751
2024-07-24 09:20:10,126500.0,100,Buy,225868747
2024-07-24 09:20:10,126500.0,100,Buy,225868746
2024-07-24 09:20:10,126500.0,800,Buy,225868745
2024-07-24 09:20:10,126500.0,1900,Buy,225868744
2024-07-24 09:20:10,126500.0,1500,Buy,225868748
2024-07-24 09:20:10,126500.0,100,Buy,225868750
2024-07-24 09:20:18,126500.0,100,Buy,225869032
2024-07-24 09:20:18,126400.0,300,Sell,225869027
2024-07-24 09:20:18,126400.0,300,Sell,225869028
2024-07-24 09:20:18,126400.0,400,Sell,225869029
2024-07-24 09:20:22,126500.0,100,Buy,225869196
2024-07-24 09:20:23,126500.0,100,Buy,225869211
2024-07-24 09:20:23,126500.0,400,Buy,225869210
2024-07-24 09:20:23,126500.0,1000,Buy,225869212
2024-07-24 09:20:26,126500.0,500,Sell,225869324
2024-07-24 09:20:35,126500.0,500,Sell,225869605
2024-07-24 09:20:35,126500.0,2500,Sell,225869638
2024-07-24 09:20:35,126500.0,300,Sell,225869639
2024-07-24 09:20:35,126500.0,100,Sell,225869640
2024-07-24 09:20:35,126500.0,2000,Sell,225869641
2024-07-24 09:20:35,126500.0,100,Sell,225869642
2024-07-24 09:20:36,126500.0,300,Sell,225869680
2024-07-24 09:20:37,126500.0,100,Sell,225869736
2024-07-24 09:20:37,126600.0,100,Buy,225869710
2024-07-24 09:20:37,126600.0,100,Buy,225869709
2024-07-24 09:20:40,126400.0,300,Sell,225869813
2024-07-24 09:20:40,126500.0,100,Buy,225869823
2024-07-24 09:20:43,126500.0,100,Buy,225869913
2024-07-24 09:20:43,126500.0,100,Buy,225869914
2024-07-24 09:20:51,126500.0,600,Buy,225870197
2024-07-24 09:20:51,126500.0,1000,Buy,225870198
2024-07-24 09:20:51,126500.0,400,Buy,225870199
2024-07-24 09:20:53,126400.0,500,Sell,225870305
2024-07-24 09:20:58,126400.0,300,Sell,225870536
2024-07-24 09:20:59,126400.0,200,Sell,225870541
2024-07-24 09:20:59,126500.0,600,Buy,225870549
2024-07-24 09:20:59,126500.0,300,Buy,225870565
2024-07-24 09:21:03,126500.0,100,Buy,225870710
2024-07-24 09:21:03,126500.0,1000,Buy,225870713
2024-07-24 09:21:07,126500.0,100,Buy,225870835
2024-07-24 09:21:09,126400.0,100,Sell,225870933
2024-07-24 09:21:09,126400.0,100,Sell,225870932
2024-07-24 09:21:09,126400.0,100,Sell,225870931
2024-07-24 09:21:09,126400.0,2800,Sell,225870930
2024-07-24 09:21:09,126400.0,400,Sell,225870928
2024-07-24 09:21:09,126400.0,8300,Sell,225870927
2024-07-24 09:21:09,126400.0,200,Sell,225870929
2024-07-24 09:21:11,126300.0,1700,Sell,225870974
2024-07-24 09:21:11,126500.0,400,Buy,225870988
2024-07-24 09:21:18,126400.0,200,Buy,225871202
2024-07-24 09:21:20,126300.0,300,Sell,225871329
2024-07-24 09:21:20,126300.0,500,Sell,225871328
2024-07-24 09:21:20,126300.0,100,Sell,225871327
2024-07-24 09:21:20,126300.0,7800,Sell,225871325
2024-07-24 09:21:20,126300.0,3400,Sell,225871324
2024-07-24 09:21:20,126300.0,2100,Sell,225871323
2024-07-24 09:21:20,126300.0,2200,Sell,225871322
2024-07-24 09:21:20,126300.0,200,Sell,225871326
2024-07-24 09:21:24,126200.0,2800,Sell,225871436
2024-07-24 09:21:24,126200.0,100,Sell,225871437
2024-07-24 09:21:24,126200.0,200,Sell,225871438
2024-07-24 09:21:24,126200.0,1900,Sell,225871439
2024-07-24 09:21:25,126200.0,100,Sell,225871480
2024-07-24 09:21:27,126200.0,900,Buy,225871546
2024-07-24 09:21:28,126300.0,100,Buy,225871572
2024-07-24 09:21:30,126200.0,500,Sell,225871612
2024-07-24 09:21:46,126200.0,100,Sell,225872112
2024-07-24 09:21:46,126200.0,900,Sell,225872113
2024-07-24 09:21:46,126200.0,500,Sell,225872111
2024-07-24 09:21:47,126200.0,1100,Sell,225872159
2024-07-24 09:21:47,126200.0,100,Sell,225872160
2024-07-24 09:21:47,126200.0,100,Sell,225872161
2024-07-24 09:21:47,126100.0,1700,Sell,225872162
2024-07-24 09:21:48,126200.0,200,Buy,225872236
2024-07-24 09:21:53,126100.0,1700,Sell,225872373
2024-07-24 09:21:53,126100.0,300,Sell,225872372
2024-07-24 09:21:53,126100.0,200,Sell,225872371
2024-07-24 09:21:53,126100.0,2800,Sell,225872370
2024-07-24 09:21:59,126200.0,100,Buy,225872543
2024-07-24 09:21:59,126200.0,500,Buy,225872544
2024-07-24 09:21:59,126200.0,100,Buy,225872545
2024-07-24 09:21:59,126100.0,300,Sell,225872556
2024-07-24 09:21:59,126100.0,100,Sell,225872557
2024-07-24 09:21:59,126100.0,100,Sell,225872558
2024-07-24 09:22:00,126100.0,100,Buy,225872604
2024-07-24 09:22:06,126100.0,100,Buy,225872794
2024-07-24 09:22:10,126000.0,1800,Sell,225872951
2024-07-24 09:22:15,126000.0,4500,Sell,225873095
2024-07-24 09:22:15,126000.0,500,Sell,225873096
2024-07-24 09:22:18,126000.0,100,Sell,225873186
2024-07-24 09:22:22,126100.0,100,Buy,225873303
2024-07-24 09:22:25,126000.0,100,Sell,225873447
2024-07-24 09:22:27,126000.0,700,Sell,225873482
2024-07-24 09:22:28,126000.0,100,Sell,225873557
2024-07-24 09:22:31,126000.0,1200,Sell,225873683
2024-07-24 09:22:31,126000.0,4800,Sell,225873682
2024-07-24 09:22:31,126000.0,400,Sell,225873681
2024-07-24 09:22:31,126000.0,100,Sell,225873680
2024-07-24 09:22:31,126000.0,300,Sell,225873677
2024-07-24 09:22:31,126000.0,1000,Sell,225873678
2024-07-24 09:22:31,126000.0,1000,Sell,225873652
2024-07-24 09:22:31,126000.0,100,Sell,225873679
2024-07-24 09:22:31,126000.0,1700,Sell,225873676
2024-07-24 09:22:32,126000.0,800,Sell,225873701
2024-07-24 09:22:32,126000.0,100,Sell,225873702
2024-07-24 09:22:34,126000.0,300,Sell,225873802
2024-07-24 09:22:34,126000.0,400,Sell,225873800
2024-07-24 09:22:34,126000.0,100,Sell,225873801
2024-07-24 09:22:34,126000.0,100,Sell,225873798
2024-07-24 09:22:34,126000.0,1900,Sell,225873797
2024-07-24 09:22:34,126000.0,100,Sell,225873799
2024-07-24 09:22:36,126000.0,300,Buy,225873866
2024-07-24 09:22:36,126000.0,100,Buy,225873865
2024-07-24 09:22:39,126000.0,100,Sell,225873955
2024-07-24 09:22:41,126000.0,1900,Buy,225874000
2024-07-24 09:22:46,126000.0,100,Sell,225874169
2024-07-24 09:22:49,126000.0,100,Buy,225874288
2024-07-24 09:22:51,126000.0,100,Buy,225874392
2024-07-24 09:22:52,125900.0,300,Sell,225874413
2024-07-24 09:22:52,125900.0,100,Sell,225874412
2024-07-24 09:22:52,125900.0,100,Sell,225874411
2024-07-24 09:23:05,125900.0,200,Sell,225874835
2024-07-24 09:23:06,125900.0,1000,Sell,225874870
2024-07-24 09:23:10,125900.0,500,Sell,225875066
2024-07-24 09:23:27,125900.0,100,Buy,225875616
2024-07-24 09:23:33,125800.0,100,Sell,225875829
2024-07-24 09:23:33,125800.0,100,Sell,225875830
2024-07-24 09:23:36,125900.0,700,Buy,225875941
2024-07-24 09:23:37,125900.0,1100,Buy,225875969
2024-07-24 09:23:37,125900.0,500,Buy,225875968
2024-07-24 09:23:37,125900.0,500,Buy,225875967
2024-07-24 09:23:40,125800.0,100,Sell,225876104
2024-07-24 09:23:40,125800.0,2000,Sell,225876105
2024-07-24 09:23:40,125800.0,2900,Sell,225876106
2024-07-24 09:23:51,125900.0,900,Buy,225876428
2024-07-24 09:23:51,125900.0,100,Buy,225876429
2024-07-24 09:23:58,125900.0,100,Buy,225876674
2024-07-24 09:24:03,125800.0,100,Sell,225876848
2024-07-24 09:24:05,125800.0,100,Sell,225876911
2024-07-24 09:24:10,125800.0,500,Sell,225877102
2024-07-24 09:24:13,125800.0,900,Sell,225877184
2024-07-24 09:24:15,125800.0,300,Sell,225877245
2024-07-24 09:24:15,125800.0,400,Sell,225877252
2024-07-24 09:24:15,125800.0,200,Sell,225877251
2024-07-24 09:24:15,125800.0,500,Sell,225877250
2024-07-24 09:24:15,125800.0,500,Sell,225877244
2024-07-24 09:24:15,125800.0,100,Sell,225877248
2024-07-24 09:24:15,125800.0,1000,Sell,225877246
2024-07-24 09:24:15,125800.0,1000,Sell,225877249
2024-07-24 09:24:15,125800.0,1000,Sell,225877247
2024-07-24 09:24:21,125800.0,100,Sell,225877465
2024-07-24 09:24:22,125900.0,400,Buy,225877503
2024-07-24 09:24:23,125900.0,400,Buy,225877537
2024-07-24 09:24:23,125900.0,600,Buy,225877538
2024-07-24 09:25:01,125900.0,500,Buy,225879038
2024-07-24 09:25:02,125900.0,100,Buy,225879088
2024-07-24 09:25:06,125800.0,100,Sell,225879241
2024-07-24 09:25:07,125800.0,600,Sell,225879244
2024-07-24 09:25:10,125800.0,400,Sell,225879390
2024-07-24 09:25:20,125800.0,1000,Sell,225879771
2024-07-24 09:25:29,125800.0,200,Sell,225880166
2024-07-24 09:25:30,125800.0,200,Sell,225880219
2024-07-24 09:25:32,125800.0,200,Sell,225880300
2024-07-24 09:25:32,125900.0,200,Buy,225880306
2024-07-24 09:25:38,125800.0,400,Sell,225880510
2024-07-24 09:25:39,125800.0,800,Sell,225880572
2024-07-24 09:25:39,125800.0,2000,Sell,225880570
2024-07-24 09:25:39,125800.0,200,Sell,225880571
2024-07-24 09:25:42,125800.0,200,Sell,225880656
2024-07-24 09:25:50,125900.0,100,Buy,225880908
2024-07-24 09:25:55,125800.0,200,Sell,225881124
2024-07-24 09:25:58,125800.0,800,Sell,225881256
2024-07-24 09:26:11,125800.0,400,Sell,225881686
2024-07-24 09:26:13,125800.0,100,Sell,225881772
2024-07-24 09:26:14,125800.0,100,Sell,225881801
2024-07-24 09:26:22,125800.0,400,Sell,225882105
2024-07-24 09:26:27,125800.0,800,Sell,225882258
2024-07-24 09:26:27,125800.0,100,Sell,225882257
2024-07-24 09:26:37,125800.0,300,Sell,225882596
2024-07-24 09:26:41,125800.0,200,Sell,225882739
2024-07-24 09:26:48,125800.0,800,Sell,225882998
2024-07-24 09:26:48,125800.0,200,Sell,225882999
2024-07-24 09:26:48,125800.0,100,Sell,225883000
2024-07-24 09:26:48,125800.0,400,Sell,225883001
2024-07-24 09:26:48,125800.0,800,Sell,225883002
2024-07-24 09:26:48,125800.0,4300,Sell,225883003
2024-07-24 09:26:52,125800.0,2400,Sell,225883173
2024-07-24 09:26:52,125800.0,700,Sell,225883171
2024-07-24 09:26:52,125800.0,200,Sell,225883172
2024-07-24 09:26:54,125800.0,300,Sell,225883224
2024-07-24 09:26:54,125800.0,600,Sell,225883222
2024-07-24 09:26:54,125800.0,200,Sell,225883223
2024-07-24 09:26:56,125800.0,100,Sell,225883327
2024-07-24 09:26:59,125800.0,100,Sell,225883410
2024-07-24 09:26:59,125800.0,100,Sell,225883411
2024-07-24 09:27:00,125800.0,100,Sell,225883443
2024-07-24 09:27:00,125800.0,100,Sell,225883444
2024-07-24 09:27:02,125800.0,800,Buy,225883532
2024-07-24 09:27:03,125900.0,200,Buy,225883572
2024-07-24 09:27:03,125900.0,300,Buy,225883573
2024-07-24 09:27:03,125900.0,3500,Buy,225883561
2024-07-24 09:27:06,125900.0,1000,Buy,225883716
2024-07-24 09:27:06,125900.0,700,Buy,225883711
2024-07-24 09:27:06,125900.0,1000,Buy,225883712
2024-07-24 09:27:06,125900.0,300,Buy,225883713
2024-07-24 09:27:06,125900.0,500,Buy,225883714
2024-07-24 09:27:06,125900.0,2000,Buy,225883715
2024-07-24 09:27:07,125900.0,800,Sell,225883795
2024-07-24 09:27:07,125800.0,200,Sell,225883796
2024-07-24 09:27:10,125800.0,1300,Sell,225883907
2024-07-24 09:27:23,125800.0,100,Sell,225884324
2024-07-24 09:27:29,125800.0,100,Sell,225884565
2024-07-24 09:27:33,125900.0,100,Buy,225884737
2024-07-24 09:27:37,125900.0,2000,Buy,225884942
2024-07-24 09:27:37,125900.0,1300,Buy,225884943
2024-07-24 09:27:38,125800.0,100,Sell,225885005
2024-07-24 09:27:41,125800.0,100,Sell,225885138
2024-07-24 09:27:51,125800.0,100,Sell,225885428
2024-07-24 09:27:51,125800.0,5000,Sell,225885427
2024-07-24 09:27:51,125800.0,200,Sell,225885426
2024-07-24 09:27:51,125800.0,2000,Sell,225885422
2024-07-24 09:27:51,125800.0,2500,Sell,225885424
2024-07-24 09:27:51,125800.0,100,Sell,225885423
2024-07-24 09:27:51,125800.0,100,Sell,225885425
2024-07-24 09:28:01,125900.0,1000,Buy,225885797
2024-07-24 09:28:01,125900.0,600,Buy,225885798
2024-07-24 09:28:01,125900.0,700,Buy,225885795
2024-07-24 09:28:01,125900.0,1000,Buy,225885796
2024-07-24 09:28:02,125900.0,2200,Buy,225885863
2024-07-24 09:28:02,125800.0,4100,Sell,225885866
2024-07-24 09:28:02,125900.0,400,Buy,225885862
2024-07-24 09:28:07,125800.0,900,Sell,225886020
2024-07-24 09:28:07,125900.0,100,Buy,225886028
2024-07-24 09:28:10,125800.0,1000,Sell,225886197
2024-07-24 09:28:10,125800.0,1400,Sell,225886210
2024-07-24 09:28:10,125800.0,700,Sell,225886195
2024-07-24 09:28:10,125800.0,1200,Sell,225886194
2024-07-24 09:28:10,125800.0,100,Sell,225886196
2024-07-24 09:28:19,125800.0,400,Sell,225886450
2024-07-24 09:28:41,125800.0,1000,Sell,225887164
2024-07-24 09:28:41,125800.0,200,Sell,225887173
2024-07-24 09:28:42,125900.0,100,Buy,225887200
2024-07-24 09:28:42,125900.0,200,Buy,225887233
2024-07-24 09:28:54,125900.0,300,Buy,225887555
2024-07-24 09:28:54,125900.0,400,Buy,225887553
2024-07-24 09:28:54,125900.0,200,Buy,225887554
2024-07-24 09:28:54,125900.0,1000,Buy,225887551
2024-07-24 09:28:54,125900.0,2400,Buy,225887550
2024-07-24 09:28:54,125900.0,2000,Buy,225887552
2024-07-24 09:28:57,125800.0,100,Sell,225887683
2024-07-24 09:28:58,125900.0,200,Buy,225887736
2024-07-24 09:28:58,125900.0,1800,Buy,225887737
2024-07-24 09:29:04,125900.0,100,Buy,225887921
2024-07-24 09:29:04,125900.0,1700,Buy,225887922
2024-07-24 09:29:05,125800.0,2200,Sell,225887952
2024-07-24 09:29:05,125800.0,100,Sell,225887953
2024-07-24 09:29:07,125900.0,300,Buy,225888037
2024-07-24 09:29:10,125800.0,800,Sell,225888168
2024-07-24 09:29:10,125800.0,500,Sell,225888111
2024-07-24 09:29:14,125800.0,1000,Sell,225888273
2024-07-24 09:29:19,125900.0,100,Buy,225888474
2024-07-24 09:29:21,125900.0,3000,Buy,225888542
2024-07-24 09:29:22,125900.0,1900,Buy,225888577
2024-07-24 09:29:24,125800.0,100,Sell,225888627
2024-07-24 09:29:28,125900.0,3000,Buy,225888740
2024-07-24 09:29:28,125900.0,100,Buy,225888741
2024-07-24 09:29:28,125900.0,100,Buy,225888739
2024-07-24 09:29:28,125900.0,3100,Buy,225888738
2024-07-24 09:29:35,125900.0,600,Buy,225889073
2024-07-24 09:29:35,125900.0,100,Buy,225889072
2024-07-24 09:29:35,125900.0,900,Buy,225889069
2024-07-24 09:29:35,125900.0,200,Buy,225889070
2024-07-24 09:29:35,125900.0,200,Buy,225889071
2024-07-24 09:29:42,125900.0,2000,Buy,225889400
2024-07-24 09:29:46,125900.0,400,Buy,225889521
2024-07-24 09:29:48,125900.0,1000,Sell,225889598
2024-07-24 09:29:52,125900.0,600,Sell,225889792
2024-07-24 09:29:53,125900.0,500,Sell,225889856
2024-07-24 09:29:57,125900.0,100,Sell,225889976
2024-07-24 09:29:59,125900.0,100,Sell,225890033
2024-07-24 09:30:07,125900.0,2000,Sell,225890259
2024-07-24 09:30:08,125900.0,500,Sell,225890286
2024-07-24 09:30:10,125900.0,1100,Sell,225890332
2024-07-24 09:30:10,125900.0,100,Sell,225890333
2024-07-24 09:30:22,125900.0,900,Sell,225890669
2024-07-24 09:30:25,125900.0,500,Sell,225890755
2024-07-24 09:30:25,125900.0,500,Sell,225890754
2024-07-24 09:30:26,125900.0,900,Sell,225890768
2024-07-24 09:30:26,125900.0,1100,Sell,225890769
2024-07-24 09:30:33,125900.0,500,Sell,225890927
2024-07-24 09:30:41,126000.0,1700,Buy,225891109
2024-07-24 09:30:41,126000.0,200,Buy,225891110
2024-07-24 09:30:41,126000.0,1000,Buy,225891111
2024-07-24 09:30:41,126000.0,200,Buy,225891112
2024-07-24 09:30:41,126000.0,500,Buy,225891113
2024-07-24 09:30:41,126000.0,2700,Buy,225891114
2024-07-24 09:30:42,126000.0,400,Buy,225891225
2024-07-24 09:30:42,126000.0,500,Buy,225891176
2024-07-24 09:30:42,126000.0,1800,Buy,225891224
2024-07-24 09:30:43,126000.0,600,Buy,225891261
2024-07-24 09:30:43,126000.0,500,Buy,225891262
2024-07-24 09:30:43,126000.0,100,Buy,225891263
2024-07-24 09:30:43,126000.0,100,Buy,225891264
2024-07-24 09:30:43,126000.0,500,Buy,225891265
2024-07-24 09:30:43,126000.0,300,Buy,225891266
2024-07-24 09:30:44,125900.0,3000,Sell,225891340
2024-07-24 09:30:55,125900.0,1000,Sell,225891702
2024-07-24 09:31:01,125900.0,500,Sell,225891974
2024-07-24 09:31:10,126000.0,1000,Sell,225892268
2024-07-24 09:31:10,126000.0,1000,Buy,225892243
2024-07-24 09:31:10,126000.0,500,Buy,225892242
2024-07-24 09:31:10,126000.0,700,Buy,225892241
2024-07-24 09:31:21,126000.0,500,Sell,225892573
2024-07-24 09:31:24,126000.0,400,Sell,225892651
2024-07-24 09:31:24,126000.0,100,Sell,225892652
2024-07-24 09:31:24,126000.0,700,Sell,225892653
2024-07-24 09:31:25,126000.0,100,Buy,225892661
2024-07-24 09:31:27,126000.0,100,Buy,225892724
2024-07-24 09:31:31,126000.0,200,Buy,225892869
2024-07-24 09:31:37,126000.0,1000,Buy,225893009
2024-07-24 09:31:37,126000.0,1300,Buy,225893008
2024-07-24 09:31:37,126000.0,100,Buy,225893001
2024-07-24 09:31:41,126000.0,100,Sell,225893089
2024-07-24 09:31:41,126000.0,100,Sell,225893090
2024-07-24 09:31:58,126000.0,1000,Sell,225893700
2024-07-24 09:31:59,126100.0,200,Buy,225893707
2024-07-24 09:31:59,126100.0,100,Buy,225893708
2024-07-24 09:31:59,126100.0,1200,Buy,225893709
2024-07-24 09:32:01,126000.0,2000,Sell,225893777
2024-07-24 09:32:02,126000.0,100,Sell,225893832
2024-07-24 09:32:02,126000.0,100,Sell,225893830
2024-07-24 09:32:02,126000.0,800,Sell,225893831
2024-07-24 09:32:11,126000.0,700,Sell,225894088
2024-07-24 09:32:11,126000.0,100,Sell,225894094
2024-07-24 09:32:12,126000.0,100,Sell,225894146
2024-07-24 09:32:14,126000.0,2000,Sell,225894174
2024-07-24 09:32:14,126000.0,500,Sell,225894175
2024-07-24 09:32:14,126000.0,2500,Sell,225894176
2024-07-24 09:32:20,126000.0,100,Sell,225894329
2024-07-24 09:32:20,126000.0,200,Sell,225894328
2024-07-24 09:32:20,126000.0,900,Sell,225894327
2024-07-24 09:32:20,126000.0,900,Sell,225894325
2024-07-24 09:32:20,126000.0,100,Sell,225894324
2024-07-24 09:32:20,126000.0,500,Sell,225894323
2024-07-24 09:32:20,126000.0,400,Sell,225894326
2024-07-24 09:32:21,126000.0,1900,Buy,225894384
2024-07-24 09:32:21,126100.0,1800,Buy,225894385
2024-07-24 09:32:21,126100.0,100,Buy,225894386
2024-07-24 09:32:21,126100.0,1000,Buy,225894387
2024-07-24 09:32:21,126100.0,200,Buy,225894388
2024-07-24 09:32:21,126100.0,100,Buy,225894389
2024-07-24 09:32:21,126100.0,1200,Buy,225894390
2024-07-24 09:32:22,126100.0,400,Buy,225894453
2024-07-24 09:32:22,126100.0,1000,Buy,225894452
2024-07-24 09:32:22,126100.0,1800,Buy,225894451
2024-07-24 09:32:26,126000.0,2000,Buy,225894631
2024-07-24 09:32:30,126000.0,1000,Buy,225894718
2024-07-24 09:32:36,126000.0,100,Sell,225894913
2024-07-24 09:32:36,126000.0,800,Buy,225894921
2024-07-24 09:32:55,126000.0,100,Sell,225895487
2024-07-24 09:32:57,126000.0,500,Sell,225895517
2024-07-24 09:32:58,126100.0,100,Buy,225895538
2024-07-24 09:32:58,126100.0,300,Buy,225895539
2024-07-24 09:33:00,126000.0,100,Sell,225895584
2024-07-24 09:33:02,126100.0,300,Buy,225895632
2024-07-24 09:33:02,126100.0,2700,Buy,225895631
2024-07-24 09:33:05,126100.0,500,Buy,225895672
2024-07-24 09:33:08,126100.0,200,Buy,225895756
2024-07-24 09:33:09,126100.0,800,Sell,225895767
2024-07-24 09:33:10,126100.0,200,Buy,225895789
2024-07-24 09:33:10,126100.0,800,Sell,225895793
2024-07-24 09:33:10,126000.0,600,Sell,225895794
2024-07-24 09:33:14,126100.0,1000,Sell,225895889
2024-07-24 09:33:22,126100.0,100,Sell,225896047
2024-07-24 09:33:26,126200.0,800,Buy,225896165
2024-07-24 09:33:26,126200.0,100,Buy,225896163
2024-07-24 09:33:26,126200.0,100,Buy,225896164
2024-07-24 09:33:27,126100.0,1000,Sell,225896175
2024-07-24 09:33:43,126100.0,1000,Sell,225896511
2024-07-24 09:33:45,126100.0,300,Sell,225896568
2024-07-24 09:33:46,126100.0,1000,Sell,225896614
2024-07-24 09:33:48,126200.0,200,Buy,225896670
2024-07-24 09:33:53,126200.0,2000,Buy,225896774
2024-07-24 09:33:53,126200.0,1000,Buy,225896775
2024-07-24 09:34:05,126200.0,5000,Sell,225897126
2024-07-24 09:34:09,126200.0,1000,Sell,225897218
2024-07-24 09:34:10,126200.0,800,Sell,225897243
2024-07-24 09:34:14,126200.0,100,Sell,225897377
2024-07-24 09:34:16,126200.0,900,Sell,225897424
2024-07-24 09:34:16,126200.0,1000,Sell,225897427
2024-07-24 09:34:20,126200.0,200,Sell,225897520
2024-07-24 09:34:20,126200.0,400,Sell,225897521
2024-07-24 09:34:20,126200.0,1100,Sell,225897522
2024-07-24 09:34:20,126200.0,1300,Sell,225897523
2024-07-24 09:34:28,126200.0,500,Sell,225897687
2024-07-24 09:34:35,126200.0,300,Sell,225897912
2024-07-24 09:34:35,126200.0,100,Sell,225897911
2024-07-24 09:34:35,126200.0,300,Sell,225897908
2024-07-24 09:34:35,126200.0,200,Sell,225897909
2024-07-24 09:34:35,126200.0,100,Sell,225897910
2024-07-24 09:34:41,126200.0,500,Sell,225898023
2024-07-24 09:34:49,126200.0,100,Sell,225898216
2024-07-24 09:34:50,126200.0,1000,Sell,225898225
2024-07-24 09:34:56,126300.0,500,Buy,225898376
2024-07-24 09:35:00,126400.0,4300,Buy,225898456
2024-07-24 09:35:00,126300.0,500,Buy,225898453
2024-07-24 09:35:00,126300.0,500,Buy,225898455
2024-07-24 09:35:00,126300.0,100,Buy,225898451
2024-07-24 09:35:00,126300.0,100,Buy,225898450
2024-07-24 09:35:00,126300.0,500,Buy,225898449
2024-07-24 09:35:00,126300.0,100,Buy,225898452
2024-07-24 09:35:00,126300.0,200,Buy,225898454
2024-07-24 09:35:02,126400.0,1500,Buy,225898603
2024-07-24 09:35:04,126200.0,400,Sell,225898655
2024-07-24 09:35:04,126200.0,100,Sell,225898656
2024-07-24 09:35:11,126200.0,900,Sell,225898859
2024-07-24 09:35:15,126300.0,2400,Buy,225899043
2024-07-24 09:35:23,126300.0,1000,Sell,225899252
2024-07-24 09:35:23,126300.0,100,Sell,225899260
2024-07-24 09:35:29,126400.0,2000,Buy,225899387
2024-07-24 09:35:33,126400.0,2500,Buy,225899523
2024-07-24 09:35:33,126400.0,2200,Buy,225899522
2024-07-24 09:35:35,126400.0,2500,Buy,225899588
2024-07-24 09:35:35,126400.0,200,Buy,225899589
2024-07-24 09:35:35,126400.0,3000,Buy,225899590
2024-07-24 09:35:35,126500.0,300,Buy,225899591
2024-07-24 09:35:35,126500.0,10000,Buy,225899592
2024-07-24 09:35:35,126500.0,4000,Buy,225899593
2024-07-24 09:35:42,126500.0,100,Buy,225899787
2024-07-24 09:35:42,126500.0,4000,Buy,225899788
2024-07-24 09:35:42,126500.0,100,Buy,225899785
2024-07-24 09:35:42,126500.0,1000,Buy,225899784
2024-07-24 09:35:42,126500.0,300,Buy,225899786
2024-07-24 09:35:49,126500.0,500,Buy,225899946
2024-07-24 09:35:49,126500.0,100,Buy,225899954
2024-07-24 09:35:49,126500.0,100,Buy,225899953
2024-07-24 09:35:49,126500.0,100,Buy,225899952
2024-07-24 09:35:49,126500.0,5000,Buy,225899951
2024-07-24 09:35:49,126500.0,100,Buy,225899950
2024-07-24 09:35:49,126500.0,200,Buy,225899949
2024-07-24 09:35:49,126500.0,4100,Buy,225899948
2024-07-24 09:35:49,126500.0,500,Buy,225899947
2024-07-24 09:35:49,126500.0,100,Buy,225899945
2024-07-24 09:35:49,126500.0,100,Buy,225899939
2024-07-24 09:35:49,126500.0,3000,Buy,225899943
2024-07-24 09:35:49,126500.0,200,Buy,225899944
2024-07-24 09:35:49,126500.0,100,Buy,225899934
2024-07-24 09:35:49,126500.0,100,Buy,225899935
2024-07-24 09:35:49,126500.0,100,Buy,225899936
2024-07-24 09:35:49,126500.0,1000,Buy,225899933
2024-07-24 09:35:49,126500.0,500,Buy,225899938
2024-07-24 09:35:49,126500.0,1000,Buy,225899940
2024-07-24 09:35:49,126500.0,100,Buy,225899941
2024-07-24 09:35:49,126500.0,500,Buy,225899942
2024-07-24 09:35:49,126500.0,100,Buy,225899937
2024-07-24 09:35:50,126500.0,200,Sell,225899971
2024-07-24 09:35:57,126500.0,600,Sell,225900137
2024-07-24 09:35:57,126500.0,100,Sell,225900138
2024-07-24 09:35:57,126500.0,300,Sell,225900139
2024-07-24 09:36:02,126600.0,1000,Buy,225900229
2024-07-24 09:36:02,126500.0,100,Sell,225900235
2024-07-24 09:36:07,126500.0,500,Sell,225900402
2024-07-24 09:36:07,126500.0,5000,Sell,225900401
2024-07-24 09:36:07,126500.0,1000,Sell,225900399
2024-07-24 09:36:07,126500.0,1600,Sell,225900398
2024-07-24 09:36:07,126500.0,2000,Sell,225900400
2024-07-24 09:36:11,126400.0,400,Sell,225900505
2024-07-24 09:36:11,126400.0,800,Sell,225900506
2024-07-24 09:36:11,126400.0,100,Sell,225900507
2024-07-24 09:36:11,126400.0,2000,Buy,225900512
2024-07-24 09:36:12,126400.0,100,Buy,225900524
2024-07-24 09:36:15,126400.0,100,Sell,225900589
2024-07-24 09:36:15,126500.0,100,Buy,225900591
2024-07-24 09:36:22,126500.0,2700,Buy,225900785
2024-07-24 09:36:23,126500.0,100,Buy,225900797
2024-07-24 09:36:24,126500.0,100,Buy,225900822
2024-07-24 09:36:31,126400.0,5000,Sell,225900950
2024-07-24 09:36:39,126400.0,400,Sell,225901198
2024-07-24 09:36:40,126400.0,100,Sell,225901215
2024-07-24 09:36:45,126400.0,100,Sell,225901324
2024-07-24 09:36:48,126400.0,100,Sell,225901410
2024-07-24 09:36:50,126400.0,400,Sell,225901473
2024-07-24 09:36:50,126400.0,100,Sell,225901472
2024-07-24 09:37:00,126400.0,200,Sell,225901782
2024-07-24 09:37:04,126400.0,1000,Sell,225901862
2024-07-24 09:37:08,126400.0,200,Sell,225901956
2024-07-24 09:37:11,126400.0,100,Sell,225901995
2024-07-24 09:37:11,126400.0,500,Sell,225901996
2024-07-24 09:37:16,126500.0,200,Buy,225902120
2024-07-24 09:37:22,126500.0,400,Buy,225902296
2024-07-24 09:37:29,126400.0,100,Buy,225902456
2024-07-24 09:37:29,126400.0,100,Sell,225902455
2024-07-24 09:37:29,126400.0,400,Sell,225902452
2024-07-24 09:37:29,126400.0,100,Sell,225902453
2024-07-24 09:37:29,126400.0,200,Sell,225902454
2024-07-24 09:37:42,126400.0,100,Buy,225902785
2024-07-24 09:37:42,126400.0,100,Buy,225902786
2024-07-24 09:37:43,126400.0,100,Buy,225902804
2024-07-24 09:37:43,126400.0,200,Buy,225902805
2024-07-24 09:37:47,126400.0,100,Buy,225902893
2024-07-24 09:37:51,126400.0,700,Buy,225903030
2024-07-24 09:37:55,126400.0,1000,Buy,225903093
2024-07-24 09:37:55,126500.0,5300,Buy,225903094
2024-07-24 09:38:02,126500.0,1000,Buy,225903302
2024-07-24 09:38:02,126500.0,500,Buy,225903303
2024-07-24 09:38:10,126300.0,600,Sell,225903511
2024-07-24 09:38:12,126400.0,200,Buy,225903537
2024-07-24 09:38:12,126400.0,200,Buy,225903548
2024-07-24 09:38:12,126400.0,100,Buy,225903535
2024-07-24 09:38:12,126400.0,200,Buy,225903536
2024-07-24 09:38:17,126400.0,500,Buy,225903662
2024-07-24 09:38:17,126400.0,3100,Buy,225903661
2024-07-24 09:38:22,126400.0,2700,Sell,225903794
2024-07-24 09:38:22,126400.0,100,Sell,225903795
2024-07-24 09:38:22,126400.0,200,Buy,225903808
2024-07-24 09:38:23,126500.0,100,Buy,225903828
2024-07-24 09:38:27,126400.0,1600,Sell,225903921
2024-07-24 09:38:29,126400.0,100,Buy,225903969
2024-07-24 09:38:32,126300.0,500,Sell,225904014
2024-07-24 09:38:33,126400.0,300,Buy,225904031
2024-07-24 09:38:42,126400.0,500,Buy,225904208
2024-07-24 09:38:43,126400.0,500,Buy,225904213
2024-07-24 09:38:46,126400.0,500,Buy,225904274
2024-07-24 09:38:50,126300.0,100,Sell,225904373
2024-07-24 09:38:52,126400.0,600,Buy,225904422
2024-07-24 09:39:02,126400.0,400,Buy,225904637
2024-07-24 09:39:04,126300.0,500,Sell,225904673
2024-07-24 09:39:10,126300.0,2000,Sell,225904970
2024-07-24 09:39:11,126300.0,400,Sell,225904977
2024-07-24 09:39:11,126300.0,300,Sell,225904976
2024-07-24 09:39:17,126300.0,200,Sell,225905130
2024-07-24 09:39:18,126300.0,200,Sell,225905154
2024-07-24 09:39:18,126300.0,400,Sell,225905153
2024-07-24 09:39:18,126300.0,400,Sell,225905155
2024-07-24 09:39:19,126300.0,500,Sell,225905166
2024-07-24 09:39:20,126400.0,400,Buy,225905213
2024-07-24 09:39:20,126300.0,100,Sell,225905214
2024-07-24 09:39:20,126300.0,100,Sell,225905215
2024-07-24 09:39:24,126300.0,1000,Sell,225905327
2024-07-24 09:39:25,126300.0,400,Sell,225905364
2024-07-24 09:39:31,126300.0,100,Sell,225905475
2024-07-24 09:39:51,126300.0,100,Sell,225905994
2024-07-24 09:39:54,126300.0,1000,Sell,225906068
2024-07-24 09:39:55,126300.0,100,Sell,225906117
2024-07-24 09:40:06,126400.0,100,Buy,225906412
2024-07-24 09:40:10,126300.0,200,Sell,225906496
2024-07-24 09:40:10,126300.0,300,Sell,225906497
2024-07-24 09:40:10,126300.0,500,Sell,225906498
2024-07-24 09:40:11,126300.0,300,Sell,225906509
2024-07-24 09:40:24,126300.0,900,Sell,225906834
2024-07-24 09:40:24,126300.0,100,Sell,225906832
2024-07-24 09:40:24,126300.0,300,Sell,225906831
2024-07-24 09:40:24,126300.0,100,Sell,225906833
2024-07-24 09:40:25,126300.0,900,Sell,225906848
2024-07-24 09:40:47,126300.0,2000,Sell,225907392
2024-07-24 09:40:47,126300.0,600,Sell,225907397
2024-07-24 09:40:58,126300.0,1000,Sell,225907702
2024-07-24 09:41:05,126300.0,1600,Sell,225907822
2024-07-24 09:41:05,126300.0,200,Sell,225907821
2024-07-24 09:41:05,126300.0,300,Sell,225907820
2024-07-24 09:41:05,126300.0,100,Sell,225907819
2024-07-24 09:41:05,126300.0,1000,Sell,225907816
2024-07-24 09:41:05,126300.0,200,Sell,225907817
2024-07-24 09:41:05,126300.0,300,Sell,225907815
2024-07-24 09:41:05,126300.0,300,Sell,225907814
2024-07-24 09:41:05,126300.0,900,Sell,225907813
2024-07-24 09:41:05,126300.0,100,Sell,225907818
2024-07-24 09:41:07,126300.0,1000,Sell,225907897
2024-07-24 09:41:09,126300.0,400,Sell,225907963
2024-07-24 09:41:11,126300.0,300,Sell,225908015
2024-07-24 09:41:11,126300.0,400,Sell,225908014
2024-07-24 09:41:12,126300.0,200,Sell,225908052
2024-07-24 09:41:13,126400.0,1000,Buy,225908078
2024-07-24 09:41:21,126300.0,1000,Sell,225908292
2024-07-24 09:41:24,126300.0,200,Sell,225908343
2024-07-24 09:41:27,126300.0,400,Sell,225908448
2024-07-24 09:41:32,126300.0,1000,Sell,225908621
2024-07-24 09:41:35,126300.0,100,Sell,225908670
2024-07-24 09:41:42,126400.0,12800,Buy,225908808
2024-07-24 09:41:50,126400.0,1000,Buy,225909000
2024-07-24 09:41:56,126400.0,1800,Buy,225909137
2024-07-24 09:41:56,126400.0,200,Buy,225909135
2024-07-24 09:41:56,126400.0,1000,Buy,225909136
2024-07-24 09:42:02,126400.0,200,Buy,225909319
2024-07-24 09:42:02,126400.0,200,Buy,225909320
2024-07-24 09:42:02,126400.0,1200,Buy,225909318
2024-07-24 09:42:05,126400.0,400,Sell,225909431
2024-07-24 09:42:05,126400.0,500,Sell,225909432
2024-07-24 09:42:11,126400.0,1200,Sell,225909600
2024-07-24 09:42:39,126400.0,1000,Sell,225910170
2024-07-24 09:42:45,126400.0,2000,Sell,225910318
2024-07-24 09:42:47,126500.0,900,Buy,225910348
2024-07-24 09:42:47,126500.0,100,Buy,225910349
2024-07-24 09:43:00,126500.0,200,Buy,225910759
2024-07-24 09:43:02,126500.0,600,Buy,225910803
2024-07-24 09:43:09,126500.0,100,Buy,225910938
2024-07-24 09:43:11,126400.0,300,Sell,225910974
2024-07-24 09:43:12,126400.0,1000,Sell,225910996
2024-07-24 09:43:14,126500.0,100,Buy,225911030
2024-07-24 09:43:22,126500.0,400,Buy,225911278
2024-07-24 09:43:26,126500.0,200,Buy,225911349
2024-07-24 09:43:28,126500.0,200,Buy,225911373
2024-07-24 09:43:36,126500.0,100,Buy,225911497
2024-07-24 09:43:36,126500.0,100,Buy,225911490
2024-07-24 09:43:39,126500.0,1000,Buy,225911565
2024-07-24 09:43:42,126500.0,200,Buy,225911613
2024-07-24 09:43:42,126500.0,400,Buy,225911624
2024-07-24 09:43:43,126500.0,100,Buy,225911642
2024-07-24 09:43:51,126500.0,100,Buy,225911888
2024-07-24 09:43:53,126500.0,100,Buy,225911927
2024-07-24 09:43:53,126500.0,600,Buy,225911929
2024-07-24 09:43:53,126500.0,100,Buy,225911928
2024-07-24 09:43:53,126500.0,100,Buy,225911926
2024-07-24 09:43:53,126500.0,100,Buy,225911925
2024-07-24 09:43:54,126500.0,100,Buy,225911973
2024-07-24 09:44:02,126500.0,200,Buy,225912151
2024-07-24 09:44:02,126500.0,100,Buy,225912152
2024-07-24 09:44:02,126500.0,500,Buy,225912153
2024-07-24 09:44:02,126500.0,300,Buy,225912154
2024-07-24 09:44:06,126500.0,100,Buy,225912247
2024-07-24 09:44:11,126400.0,300,Sell,225912322
2024-07-24 09:44:19,126500.0,100,Buy,225912533
2024-07-24 09:44:19,126400.0,900,Sell,225912510
2024-07-24 09:44:19,126500.0,100,Buy,225912532
2024-07-24 09:44:22,126500.0,100,Buy,225912590
2024-07-24 09:44:22,126500.0,100,Buy,225912591
2024-07-24 09:44:22,126500.0,300,Buy,225912592
2024-07-24 09:44:33,126500.0,100,Buy,225912863
2024-07-24 09:44:34,126500.0,200,Buy,225912880
2024-07-24 09:44:43,126500.0,100,Buy,225913058
2024-07-24 09:44:51,126500.0,100,Buy,225913231
2024-07-24 09:45:08,126400.0,100,Sell,225913737
2024-07-24 09:45:11,126400.0,100,Sell,225913788
2024-07-24 09:45:17,126500.0,100,Buy,225913899
2024-07-24 09:45:31,126500.0,100,Buy,225914263
2024-07-24 09:45:38,126400.0,100,Sell,225914399
2024-07-24 09:45:38,126400.0,1000,Sell,225914398
2024-07-24 09:45:38,126400.0,2000,Sell,225914397
2024-07-24 09:45:38,126400.0,5000,Sell,225914396
2024-07-24 09:45:38,126400.0,200,Sell,225914395
2024-07-24 09:45:38,126400.0,300,Sell,225914394
2024-07-24 09:45:38,126400.0,100,Sell,225914393
2024-07-24 09:45:38,126400.0,200,Sell,225914391
2024-07-24 09:45:38,126400.0,700,Sell,225914390
2024-07-24 09:45:38,126400.0,300,Sell,225914389
2024-07-24 09:45:38,126400.0,200,Sell,225914388
2024-07-24 09:45:38,126400.0,600,Sell,225914387
2024-07-24 09:45:38,126400.0,3300,Sell,225914386
2024-07-24 09:45:38,126400.0,1300,Sell,225914385
2024-07-24 09:45:38,126400.0,200,Sell,225914392
2024-07-24 09:45:42,126400.0,3100,Buy,225914498
2024-07-24 09:45:56,126400.0,800,Buy,225914814
2024-07-24 09:45:58,126300.0,1000,Sell,225914863
2024-07-24 09:46:00,126300.0,100,Sell,225914919
2024-07-24 09:46:00,126300.0,900,Sell,225914909
2024-07-24 09:46:11,126300.0,1100,Sell,225915109
2024-07-24 09:46:11,126300.0,100,Sell,225915110
2024-07-24 09:46:22,126300.0,300,Sell,225915351
2024-07-24 09:46:22,126300.0,600,Sell,225915348
2024-07-24 09:46:22,126300.0,300,Sell,225915349
2024-07-24 09:46:22,126300.0,1800,Sell,225915350
2024-07-24 09:46:23,126300.0,700,Sell,225915372
2024-07-24 09:46:23,126300.0,300,Sell,225915373
2024-07-24 09:46:23,126300.0,100,Sell,225915374
2024-07-24 09:46:23,126300.0,300,Sell,225915375
2024-07-24 09:46:23,126300.0,500,Sell,225915377
2024-07-24 09:46:23,126300.0,100,Sell,225915378
2024-07-24 09:46:23,126300.0,300,Sell,225915379
2024-07-24 09:46:23,126300.0,1100,Sell,225915380
2024-07-24 09:46:23,126300.0,2100,Sell,225915381
2024-07-24 09:46:23,126300.0,200,Sell,225915382
2024-07-24 09:46:23,126300.0,100,Sell,225915376
2024-07-24 09:46:30,126300.0,100,Buy,225915550
2024-07-24 09:46:34,126300.0,300,Buy,225915631
2024-07-24 09:46:34,126300.0,2000,Buy,225915630
2024-07-24 09:46:40,126300.0,100,Buy,225915773
2024-07-24 09:46:42,126300.0,700,Buy,225915820
2024-07-24 09:46:42,126300.0,1000,Buy,225915821
2024-07-24 09:46:42,126300.0,700,Buy,225915822
2024-07-24 09:46:42,126300.0,300,Buy,225915835
2024-07-24 09:46:42,126300.0,300,Buy,225915836
2024-07-24 09:46:42,126300.0,500,Buy,225915837
2024-07-24 09:47:05,126300.0,1000,Sell,225916380
2024-07-24 09:47:07,126300.0,200,Sell,225916421
2024-07-24 09:47:07,126300.0,600,Sell,225916407
2024-07-24 09:47:07,126300.0,400,Sell,225916408
2024-07-24 09:47:07,126300.0,200,Sell,225916420
2024-07-24 09:47:11,126200.0,900,Sell,225916494
2024-07-24 09:47:25,126300.0,200,Buy,225916955
2024-07-24 09:47:39,126300.0,100,Buy,225917252
2024-07-24 09:47:53,126300.0,300,Buy,225917618
2024-07-24 09:47:59,126300.0,100,Buy,225917899
2024-07-24 09:47:59,126300.0,4200,Buy,225917900
2024-07-24 09:47:59,126300.0,1000,Buy,225917897
2024-07-24 09:47:59,126300.0,1000,Buy,225917898
2024-07-24 09:48:02,126300.0,500,Buy,225918026
2024-07-24 09:48:02,126300.0,800,Buy,225918025
2024-07-24 09:48:04,126200.0,800,Sell,225918058
2024-07-24 09:48:11,126200.0,400,Sell,225918277
2024-07-24 09:48:11,126200.0,100,Sell,225918278
2024-07-24 09:48:14,126200.0,300,Sell,225918361
2024-07-24 09:48:14,126200.0,600,Sell,225918362
2024-07-24 09:48:20,126200.0,600,Sell,225918504
2024-07-24 09:48:26,126300.0,500,Buy,225918679
2024-07-24 09:48:26,126300.0,500,Buy,225918680
2024-07-24 09:48:26,126300.0,500,Buy,225918681
2024-07-24 09:48:26,126300.0,200,Buy,225918682
2024-07-24 09:48:26,126300.0,400,Buy,225918683
2024-07-24 09:48:26,126300.0,1000,Buy,225918684
2024-07-24 09:48:41,126300.0,800,Sell,225919102
2024-07-24 09:48:46,126300.0,500,Sell,225919224
2024-07-24 09:48:48,126300.0,1000,Sell,225919243
2024-07-24 09:48:54,126300.0,500,Sell,225919408
2024-07-24 09:48:54,126300.0,900,Sell,225919406
2024-07-24 09:48:54,126300.0,700,Sell,225919407
2024-07-24 09:48:57,126300.0,100,Buy,225919462
2024-07-24 09:49:02,126300.0,700,Buy,225919588
2024-07-24 09:49:06,126300.0,100,Buy,225919658
2024-07-24 09:49:10,126300.0,2000,Buy,225919738
2024-07-24 09:49:10,126300.0,600,Buy,225919739
2024-07-24 09:49:11,126200.0,600,Sell,225919762
2024-07-24 09:49:21,126200.0,1000,Sell,225920014
2024-07-24 09:49:23,126300.0,100,Buy,225920078
2024-07-24 09:49:23,126300.0,100,Buy,225920079
2024-07-24 09:49:23,126300.0,300,Buy,225920080
2024-07-24 09:49:23,126300.0,100,Buy,225920081
2024-07-24 09:49:42,126200.0,1500,Sell,225920625
2024-07-24 09:49:42,126200.0,100,Sell,225920624
2024-07-24 09:49:42,126200.0,2000,Sell,225920623
2024-07-24 09:49:42,126200.0,500,Sell,225920631
2024-07-24 09:49:42,126200.0,100,Sell,225920630
2024-07-24 09:49:42,126200.0,2100,Sell,225920622
2024-07-24 09:49:42,126200.0,800,Sell,225920629
2024-07-24 09:49:42,126200.0,600,Sell,225920620
2024-07-24 09:49:42,126200.0,100,Sell,225920621
2024-07-24 09:49:42,126200.0,3500,Sell,225920614
2024-07-24 09:49:42,126200.0,100,Sell,225920615
2024-07-24 09:49:42,126200.0,100,Sell,225920616
2024-07-24 09:49:42,126200.0,100,Sell,225920628
2024-07-24 09:49:42,126200.0,3000,Sell,225920617
2024-07-24 09:49:42,126200.0,200,Sell,225920619
2024-07-24 09:49:42,126200.0,200,Sell,225920618
2024-07-24 09:49:55,126200.0,500,Sell,225920960
2024-07-24 09:49:55,126200.0,400,Sell,225920961
2024-07-24 09:50:04,126300.0,6300,Buy,225921203
2024-07-24 09:50:11,126200.0,1300,Sell,225921383
2024-07-24 09:50:17,126300.0,100,Buy,225921542
2024-07-24 09:50:22,126300.0,1200,Buy,225921699
2024-07-24 09:50:41,126300.0,2000,Buy,225922237
2024-07-24 09:50:41,126300.0,2000,Buy,225922238
2024-07-24 09:50:41,126300.0,300,Buy,225922239
2024-07-24 09:50:41,126300.0,500,Buy,225922240
2024-07-24 09:50:41,126300.0,1500,Buy,225922241
2024-07-24 09:50:48,126300.0,100,Buy,225922476
2024-07-24 09:50:50,126300.0,400,Buy,225922508
2024-07-24 09:50:50,126300.0,600,Buy,225922509
2024-07-24 09:51:01,126200.0,500,Sell,225922787
2024-07-24 09:51:01,126200.0,1900,Sell,225922789
2024-07-24 09:51:01,126200.0,400,Sell,225922788
2024-07-24 09:51:01,126200.0,1400,Sell,225922785
2024-07-24 09:51:01,126200.0,100,Sell,225922786
2024-07-24 09:51:02,126200.0,1000,Sell,225922799
2024-07-24 09:51:09,126300.0,300,Buy,225923025
2024-07-24 09:51:09,126300.0,100,Buy,225923024
2024-07-24 09:51:09,126300.0,2800,Buy,225923026
2024-07-24 09:51:09,126300.0,2500,Buy,225923022
2024-07-24 09:51:09,126300.0,100,Buy,225923021
2024-07-24 09:51:09,126300.0,400,Buy,225923020
2024-07-24 09:51:09,126300.0,100,Buy,225923023
2024-07-24 09:51:11,126200.0,100,Sell,225923091
2024-07-24 09:51:11,126200.0,900,Sell,225923092
2024-07-24 09:51:22,126200.0,300,Sell,225923449
2024-07-24 09:51:28,126200.0,200,Sell,225923583
2024-07-24 09:51:33,126200.0,300,Sell,225923666
2024-07-24 09:51:35,126200.0,1000,Sell,225923746
2024-07-24 09:51:49,126200.0,3600,Sell,225924067
2024-07-24 09:51:49,126200.0,300,Sell,225924068
2024-07-24 09:51:49,126200.0,6100,Sell,225924069
2024-07-24 09:52:00,126200.0,200,Sell,225924334
2024-07-24 09:52:00,126200.0,100,Sell,225924335
2024-07-24 09:52:11,126100.0,700,Sell,225924593
2024-07-24 09:52:19,126100.0,100,Sell,225924787
2024-07-24 09:52:34,126100.0,100,Sell,225925312
2024-07-24 09:52:34,126100.0,6300,Sell,225925328
2024-07-24 09:52:34,126100.0,100,Sell,225925327
2024-07-24 09:52:34,126100.0,1100,Sell,225925326
2024-07-24 09:52:34,126100.0,100,Sell,225925325
2024-07-24 09:52:34,126100.0,2000,Sell,225925324
2024-07-24 09:52:34,126100.0,200,Sell,225925323
2024-07-24 09:52:34,126100.0,100,Sell,225925321
2024-07-24 09:52:34,126100.0,3000,Sell,225925322
2024-07-24 09:52:34,126100.0,100,Sell,225925319
2024-07-24 09:52:34,126100.0,200,Sell,225925318
2024-07-24 09:52:34,126100.0,400,Sell,225925317
2024-07-24 09:52:34,126100.0,200,Sell,225925316
2024-07-24 09:52:34,126100.0,600,Sell,225925315
2024-07-24 09:52:34,126100.0,800,Sell,225925313
2024-07-24 09:52:34,126100.0,2000,Sell,225925320
2024-07-24 09:52:34,126100.0,1100,Sell,225925311
2024-07-24 09:52:38,126000.0,200,Sell,225925435
2024-07-24 09:52:38,126000.0,700,Sell,225925404
2024-07-24 09:52:42,126000.0,1000,Sell,225925577
2024-07-24 09:52:55,126000.0,1100,Sell,225925953
2024-07-24 09:52:55,126000.0,2300,Sell,225925952
2024-07-24 09:52:59,126000.0,300,Sell,225926020
2024-07-24 09:52:59,126000.0,300,Sell,225926019
2024-07-24 09:53:08,126000.0,100,Sell,225926430
2024-07-24 09:53:11,126000.0,1100,Sell,225926577
2024-07-24 09:53:11,126000.0,200,Sell,225926578
2024-07-24 09:53:15,126000.0,200,Sell,225926701
2024-07-24 09:53:16,126000.0,100,Sell,225926775
2024-07-24 09:53:16,126000.0,400,Sell,225926774
2024-07-24 09:53:16,126000.0,100,Sell,225926773
2024-07-24 09:53:16,126000.0,200,Sell,225926771
2024-07-24 09:53:16,126000.0,100,Sell,225926770
2024-07-24 09:53:16,126000.0,100,Sell,225926772
2024-07-24 09:53:17,126000.0,100,Sell,225926784
2024-07-24 09:53:18,126000.0,400,Sell,225926851
2024-07-24 09:53:18,126000.0,200,Sell,225926850
2024-07-24 09:53:18,126000.0,100,Sell,225926849
2024-07-24 09:53:18,126000.0,1000,Sell,225926848
2024-07-24 09:53:18,126000.0,300,Sell,225926847
2024-07-24 09:53:18,126000.0,2000,Sell,225926846
2024-07-24 09:53:18,126000.0,100,Sell,225926845
2024-07-24 09:53:18,126000.0,300,Sell,225926811
2024-07-24 09:53:18,126000.0,700,Sell,225926812
2024-07-24 09:53:18,126000.0,300,Sell,225926840
2024-07-24 09:53:18,126000.0,100,Sell,225926844
2024-07-24 09:53:18,126000.0,100,Sell,225926842
2024-07-24 09:53:18,126000.0,300,Sell,225926841
2024-07-24 09:53:18,126000.0,100,Sell,225926843
2024-07-24 09:53:19,126000.0,100,Sell,225926870
2024-07-24 09:53:19,126000.0,100,Sell,225926917
2024-07-24 09:53:19,126000.0,100,Sell,225926916
2024-07-24 09:53:19,126000.0,100,Sell,225926915
2024-07-24 09:53:19,126000.0,200,Sell,225926914
2024-07-24 09:53:19,126000.0,200,Sell,225926913
2024-07-24 09:53:19,126000.0,200,Sell,225926912
2024-07-24 09:53:19,126000.0,1000,Sell,225926899
2024-07-24 09:53:19,126000.0,500,Sell,225926918
2024-07-24 09:53:19,126000.0,100,Sell,225926897
2024-07-24 09:53:19,126000.0,200,Sell,225926896
2024-07-24 09:53:19,126000.0,100,Sell,225926895
2024-07-24 09:53:19,126000.0,100,Sell,225926894
2024-07-24 09:53:19,126000.0,100,Sell,225926893
2024-07-24 09:53:19,126000.0,100,Sell,225926873
2024-07-24 09:53:19,126000.0,100,Sell,225926872
2024-07-24 09:53:19,126000.0,100,Sell,225926898
2024-07-24 09:53:19,126000.0,300,Sell,225926871
2024-07-24 09:53:21,126000.0,300,Sell,225926990
2024-07-24 09:53:21,126000.0,200,Sell,225926988
2024-07-24 09:53:21,126000.0,100,Sell,225926989
2024-07-24 09:53:22,126000.0,100,Sell,225927031
2024-07-24 09:53:23,126000.0,1600,Sell,225927051
2024-07-24 09:53:23,126000.0,200,Sell,225927052
2024-07-24 09:53:31,126000.0,100,Buy,225927302
2024-07-24 09:53:39,126000.0,6300,Buy,225927466
2024-07-24 09:53:41,125900.0,100,Sell,225927539
2024-07-24 09:53:42,125900.0,100,Sell,225927611
2024-07-24 09:53:42,125900.0,500,Sell,225927612
2024-07-24 09:53:49,125900.0,200,Sell,225927806
2024-07-24 09:53:49,125900.0,200,Sell,225927807
2024-07-24 09:53:49,125900.0,200,Sell,225927808
2024-07-24 09:53:49,125900.0,100,Sell,225927809
2024-07-24 09:53:49,125900.0,100,Sell,225927810
2024-07-24 09:53:49,125900.0,200,Sell,225927811
2024-07-24 09:54:01,126000.0,500,Buy,225928470
2024-07-24 09:54:01,126000.0,2000,Buy,225928469
2024-07-24 09:54:01,126000.0,900,Buy,225928467
2024-07-24 09:54:01,126000.0,1100,Buy,225928468
2024-07-24 09:54:01,126000.0,1800,Buy,225928466
2024-07-24 09:54:04,125900.0,600,Sell,225928629
2024-07-24 09:54:05,125900.0,700,Sell,225928684
2024-07-24 09:54:11,125900.0,100,Sell,225928936
2024-07-24 09:54:11,125900.0,1000,Sell,225928935
2024-07-24 09:54:11,126000.0,2500,Buy,225928938
2024-07-24 09:54:11,125900.0,100,Sell,225928933
2024-07-24 09:54:11,125900.0,200,Sell,225928932
2024-07-24 09:54:11,125900.0,100,Sell,225928934
2024-07-24 09:54:11,126000.0,1500,Buy,225928937
2024-07-24 09:54:16,126000.0,2000,Sell,225929171
2024-07-24 09:54:22,126000.0,100,Sell,225929324
2024-07-24 09:54:23,126000.0,200,Sell,225929371
2024-07-24 09:54:23,126000.0,100,Sell,225929372
2024-07-24 09:54:25,125900.0,600,Sell,225929511
2024-07-24 09:54:32,125900.0,500,Sell,225929768
2024-07-24 09:54:32,125800.0,200,Sell,225929770
2024-07-24 09:54:32,125800.0,2500,Sell,225929769
2024-07-24 09:54:32,125900.0,2100,Sell,225929767
2024-07-24 09:54:32,125900.0,100,Sell,225929765
2024-07-24 09:54:32,125900.0,100,Sell,225929764
2024-07-24 09:54:32,125900.0,400,Sell,225929763
2024-07-24 09:54:32,125900.0,100,Sell,225929766
2024-07-24 09:54:39,125800.0,200,Sell,225929948
2024-07-24 09:54:47,125800.0,600,Sell,225930176
2024-07-24 09:54:55,125800.0,500,Sell,225930368
2024-07-24 09:54:56,125800.0,1000,Sell,225930390
2024-07-24 09:55:01,125800.0,500,Sell,225930545
2024-07-24 09:55:07,125800.0,100,Sell,225930697
2024-07-24 09:55:10,125800.0,600,Sell,225930897
2024-07-24 09:55:11,125800.0,800,Sell,225930913
2024-07-24 09:55:24,125800.0,1800,Sell,225931285
2024-07-24 09:55:24,125800.0,500,Sell,225931286
2024-07-24 09:55:24,125800.0,200,Sell,225931287
2024-07-24 09:55:24,125800.0,100,Sell,225931288
2024-07-24 09:55:28,125900.0,400,Buy,225931354
2024-07-24 09:55:33,125800.0,600,Sell,225931518
2024-07-24 09:55:39,125800.0,300,Sell,225931692
2024-07-24 09:55:55,125800.0,400,Sell,225932105
2024-07-24 09:55:55,125800.0,100,Sell,225932104
2024-07-24 09:55:55,125800.0,100,Sell,225932103
2024-07-24 09:55:58,125800.0,200,Sell,225932202
2024-07-24 09:55:58,125800.0,200,Sell,225932203
2024-07-24 09:55:58,125800.0,100,Sell,225932204
2024-07-24 09:55:59,125900.0,100,Buy,225932319
2024-07-24 09:56:03,125900.0,200,Buy,225932490
2024-07-24 09:56:03,125900.0,1000,Buy,225932491
2024-07-24 09:56:03,125900.0,100,Buy,225932492
2024-07-24 09:56:03,125900.0,1000,Buy,225932493
2024-07-24 09:56:03,125900.0,500,Buy,225932494
2024-07-24 09:56:03,125900.0,500,Buy,225932489
2024-07-24 09:56:09,125900.0,400,Buy,225932717
2024-07-24 09:56:11,125900.0,500,Sell,225932792
2024-07-24 09:56:16,125900.0,600,Sell,225932921
2024-07-24 09:56:23,126000.0,500,Buy,225933136
2024-07-24 09:56:38,125900.0,600,Sell,225933481
2024-07-24 09:56:41,125800.0,100,Sell,225933559
2024-07-24 09:56:41,125800.0,100,Sell,225933558
2024-07-24 09:56:41,125800.0,200,Sell,225933557
2024-07-24 09:56:41,125800.0,200,Sell,225933556
2024-07-24 09:56:41,125800.0,100,Sell,225933553
2024-07-24 09:56:41,125800.0,1000,Sell,225933555
2024-07-24 09:56:41,125800.0,2100,Sell,225933554
2024-07-24 09:56:41,125800.0,500,Sell,225933551
2024-07-24 09:56:41,125800.0,400,Sell,225933550
2024-07-24 09:56:41,125900.0,500,Sell,225933549
2024-07-24 09:56:41,125900.0,500,Sell,225933548
2024-07-24 09:56:41,125900.0,4200,Sell,225933547
2024-07-24 09:56:41,125800.0,100,Sell,225933552
2024-07-24 09:56:44,125900.0,900,Sell,225933674
2024-07-24 09:56:46,125900.0,400,Sell,225933708
2024-07-24 09:56:49,125900.0,200,Sell,225933821
2024-07-24 09:56:56,125900.0,100,Sell,225934021
2024-07-24 09:56:56,125900.0,100,Sell,225934014
2024-07-24 09:57:00,125900.0,600,Sell,225934174
2024-07-24 09:57:04,126000.0,200,Buy,225934319
2024-07-24 09:57:05,125900.0,500,Sell,225934493
2024-07-24 09:57:10,125900.0,1000,Sell,225934605
2024-07-24 09:57:11,125900.0,900,Sell,225934651
2024-07-24 09:57:12,125900.0,500,Sell,225934672
2024-07-24 09:57:13,126000.0,200,Buy,225934722
2024-07-24 09:57:21,125900.0,600,Sell,225935023
2024-07-24 09:57:32,126000.0,1400,Buy,225935362
2024-07-24 09:57:32,126000.0,200,Buy,225935361
2024-07-24 09:57:32,126000.0,200,Buy,225935359
2024-07-24 09:57:32,126000.0,200,Buy,225935360
2024-07-24 09:57:37,125900.0,100,Sell,225935496
2024-07-24 09:57:37,125900.0,500,Sell,225935495
2024-07-24 09:57:37,125900.0,2400,Sell,225935497
2024-07-24 09:57:41,126000.0,300,Buy,225935709
2024-07-24 09:57:47,125900.0,600,Sell,225935874
2024-07-24 09:57:51,125900.0,1000,Sell,225936007
2024-07-24 09:57:59,126000.0,1000,Buy,225936478
2024-07-24 09:57:59,126000.0,1200,Buy,225936480
2024-07-24 09:57:59,126000.0,500,Buy,225936476
2024-07-24 09:57:59,126000.0,3300,Buy,225936475
2024-07-24 09:57:59,126000.0,100,Buy,225936477
2024-07-24 09:57:59,126000.0,200,Buy,225936479
2024-07-24 09:58:07,126000.0,100,Buy,225936857
2024-07-24 09:58:11,125900.0,600,Sell,225936988
2024-07-24 09:58:11,125900.0,700,Sell,225936997
2024-07-24 09:58:17,125900.0,900,Sell,225937256
2024-07-24 09:58:28,126000.0,1000,Buy,225937579
2024-07-24 09:58:28,126000.0,2200,Buy,225937582
2024-07-24 09:58:28,126000.0,100,Buy,225937581
2024-07-24 09:58:28,126000.0,100,Buy,225937580
2024-07-24 09:58:28,126000.0,200,Buy,225937578
2024-07-24 09:58:28,126000.0,1500,Buy,225937576
2024-07-24 09:58:28,126000.0,700,Buy,225937574
2024-07-24 09:58:28,126000.0,100,Buy,225937577
2024-07-24 09:58:28,126000.0,100,Buy,225937575
2024-07-24 09:58:34,126000.0,800,Buy,225937786
2024-07-24 09:58:34,126000.0,600,Sell,225937794
2024-07-24 09:58:44,126100.0,3600,Buy,225938103
2024-07-24 09:58:44,126100.0,200,Buy,225938104
2024-07-24 09:58:44,126100.0,100,Buy,225938105
2024-07-24 09:58:44,126100.0,100,Buy,225938107
2024-07-24 09:58:44,126100.0,3000,Buy,225938108
2024-07-24 09:58:44,126100.0,100,Buy,225938109
2024-07-24 09:58:44,126100.0,2000,Buy,225938110
2024-07-24 09:58:44,126200.0,800,Buy,225938111
2024-07-24 09:58:44,126100.0,100,Buy,225938106
2024-07-24 09:58:53,125900.0,300,Sell,225938484
2024-07-24 09:58:53,125900.0,100,Sell,225938486
2024-07-24 09:58:53,125900.0,100,Sell,225938485
2024-07-24 09:58:53,125900.0,400,Sell,225938483
2024-07-24 09:58:53,126000.0,3100,Sell,225938465
2024-07-24 09:58:53,125900.0,100,Sell,225938482
2024-07-24 09:58:53,126000.0,500,Sell,225938464
2024-07-24 09:58:56,126000.0,300,Buy,225938624
2024-07-24 09:58:58,125900.0,600,Sell,225938709
2024-07-24 09:58:59,126000.0,3300,Buy,225938746
2024-07-24 09:59:00,126000.0,100,Buy,225938787
2024-07-24 09:59:11,125900.0,400,Sell,225939127
2024-07-24 09:59:11,125900.0,1100,Sell,225939128
2024-07-24 09:59:23,126000.0,300,Buy,225939591
2024-07-24 09:59:26,125900.0,600,Sell,225939660
2024-07-24 09:59:29,125900.0,100,Sell,225939825
2024-07-24 09:59:29,125900.0,4700,Sell,225939823
2024-07-24 09:59:29,125900.0,300,Sell,225939824
2024-07-24 09:59:29,125900.0,300,Sell,225939822
2024-07-24 09:59:36,126000.0,800,Buy,225940083
2024-07-24 09:59:38,125900.0,100,Sell,225940375
2024-07-24 09:59:38,125900.0,100,Sell,225940376
2024-07-24 09:59:45,125800.0,600,Sell,225940586
2024-07-24 09:59:58,125800.0,700,Sell,225941067
2024-07-24 09:59:58,125800.0,300,Sell,225941066
2024-07-24 10:00:09,125800.0,300,Sell,225941722
2024-07-24 10:00:09,125800.0,300,Sell,225941723
2024-07-24 10:00:11,125800.0,500,Sell,225941850
2024-07-24 10:00:17,125800.0,300,Sell,225942014
2024-07-24 10:00:27,125800.0,100,Sell,225942567
2024-07-24 10:00:28,125800.0,2000,Sell,225942592
2024-07-24 10:00:32,125800.0,900,Sell,225942812
2024-07-24 10:00:33,125800.0,600,Sell,225942897
2024-07-24 10:00:39,125800.0,100,Sell,225943215
2024-07-24 10:00:39,125800.0,1800,Sell,225943216
2024-07-24 10:00:39,125800.0,300,Sell,225943213
2024-07-24 10:00:39,125800.0,100,Sell,225943214
2024-07-24 10:00:47,125800.0,200,Sell,225943534
2024-07-24 10:00:47,125800.0,600,Sell,225943535
2024-07-24 10:00:51,125800.0,2000,Sell,225943672
2024-07-24 10:00:55,125900.0,100,Buy,225943827
2024-07-24 10:00:57,125800.0,600,Sell,225943896
2024-07-24 10:01:03,125800.0,100,Sell,225944152
2024-07-24 10:01:05,125800.0,100,Sell,225944382
2024-07-24 10:01:05,125800.0,400,Sell,225944383
2024-07-24 10:01:05,125800.0,100,Sell,225944381
2024-07-24 10:01:05,125800.0,700,Sell,225944378
2024-07-24 10:01:05,125800.0,500,Sell,225944379
2024-07-24 10:01:05,125800.0,1000,Sell,225944295
2024-07-24 10:01:05,125800.0,400,Sell,225944380
2024-07-24 10:01:11,125700.0,700,Sell,225944845
2024-07-24 10:01:15,125700.0,300,Sell,225945101
2024-07-24 10:01:16,125800.0,600,Buy,225945151
2024-07-24 10:01:20,125700.0,600,Sell,225945333
2024-07-24 10:01:23,125700.0,1000,Sell,225945491
2024-07-24 10:01:30,125700.0,1000,Sell,225945765
2024-07-24 10:01:34,125700.0,2600,Sell,225946029
2024-07-24 10:01:34,125700.0,1000,Sell,225946028
2024-07-24 10:01:34,125700.0,5000,Sell,225946027
2024-07-24 10:01:34,125700.0,400,Sell,225946026
2024-07-24 10:01:34,125700.0,300,Sell,225946023
2024-07-24 10:01:34,125700.0,100,Sell,225946024
2024-07-24 10:01:34,125700.0,100,Sell,225946022
2024-07-24 10:01:34,125700.0,2700,Sell,225946021
2024-07-24 10:01:34,125700.0,500,Sell,225946025
2024-07-24 10:01:37,125700.0,2000,Sell,225946151
2024-07-24 10:01:39,125700.0,200,Sell,225946312
2024-07-24 10:01:39,125700.0,100,Sell,225946311
2024-07-24 10:01:39,125700.0,400,Sell,225946308
2024-07-24 10:01:39,125700.0,100,Sell,225946309
2024-07-24 10:01:39,125700.0,200,Sell,225946310
2024-07-24 10:01:40,125700.0,300,Sell,225946366
2024-07-24 10:01:40,125700.0,100,Sell,225946367
2024-07-24 10:01:40,125700.0,100,Sell,225946368
2024-07-24 10:01:40,125700.0,1000,Sell,225946369
2024-07-24 10:01:40,125700.0,400,Sell,225946370
2024-07-24 10:01:40,125700.0,100,Sell,225946371
2024-07-24 10:01:40,125700.0,100,Sell,225946372
2024-07-24 10:01:43,125600.0,600,Sell,225946599
2024-07-24 10:01:46,125600.0,100,Sell,225946680
2024-07-24 10:01:46,125600.0,1600,Sell,225946683
2024-07-24 10:01:46,125600.0,100,Sell,225946682
2024-07-24 10:01:46,125600.0,200,Sell,225946681
2024-07-24 10:01:46,125600.0,100,Sell,225946679
2024-07-24 10:01:46,125600.0,5000,Sell,225946684
2024-07-24 10:01:46,125600.0,100,Sell,225946677
2024-07-24 10:01:46,125600.0,3300,Sell,225946673
2024-07-24 10:01:46,125600.0,6300,Sell,225946674
2024-07-24 10:01:46,125600.0,100,Sell,225946678
2024-07-24 10:01:46,125600.0,4500,Sell,225946676
2024-07-24 10:01:46,125600.0,600,Sell,225946675
2024-07-24 10:02:02,125600.0,100,Sell,225947650
2024-07-24 10:02:02,125600.0,100,Sell,225947651
2024-07-24 10:02:02,125600.0,300,Sell,225947652
2024-07-24 10:02:02,125600.0,1000,Sell,225947649
2024-07-24 10:02:05,125600.0,800,Sell,225947815
2024-07-24 10:02:05,125700.0,100,Buy,225947786
2024-07-24 10:02:05,125700.0,200,Sell,225947814
2024-07-24 10:02:05,125700.0,200,Buy,225947784
2024-07-24 10:02:05,125700.0,200,Buy,225947783
2024-07-24 10:02:05,125700.0,2300,Buy,225947782
2024-07-24 10:02:05,125700.0,200,Buy,225947785
2024-07-24 10:02:05,125700.0,100,Buy,225947787
2024-07-24 10:02:06,125600.0,100,Sell,225947905
2024-07-24 10:02:07,125600.0,5000,Sell,225947963
2024-07-24 10:02:07,125600.0,600,Sell,225947965
2024-07-24 10:02:11,125700.0,700,Sell,225948221
2024-07-24 10:02:13,125700.0,200,Sell,225948446
2024-07-24 10:02:17,125600.0,100,Sell,225948619
2024-07-24 10:02:17,125600.0,300,Sell,225948620
2024-07-24 10:02:17,125600.0,100,Sell,225948618
2024-07-24 10:02:17,125700.0,1000,Sell,225948604
2024-07-24 10:02:17,125700.0,100,Sell,225948617
2024-07-24 10:02:31,125600.0,1600,Sell,225949610
2024-07-24 10:02:31,125600.0,600,Sell,225949637
2024-07-24 10:02:45,125600.0,900,Sell,225950461
2024-07-24 10:02:46,125600.0,900,Sell,225950521
2024-07-24 10:02:46,125600.0,100,Sell,225950522
2024-07-24 10:02:51,125700.0,600,Buy,225950800
2024-07-24 10:02:51,125800.0,2700,Buy,225950801
2024-07-24 10:02:53,125600.0,9900,Sell,225951088
2024-07-24 10:02:53,125700.0,100,Sell,225951087
2024-07-24 10:02:55,125700.0,600,Sell,225951182
2024-07-24 10:03:06,125700.0,100,Sell,225951701
2024-07-24 10:03:10,125700.0,200,Sell,225951936
2024-07-24 10:03:10,125700.0,200,Sell,225951937
2024-07-24 10:03:12,125700.0,200,Buy,225952016
2024-07-24 10:03:12,125800.0,3100,Buy,225952017
2024-07-24 10:03:19,125800.0,500,Buy,225952469
2024-07-24 10:03:19,125800.0,200,Buy,225952468
2024-07-24 10:03:19,125800.0,2000,Buy,225952466
2024-07-24 10:03:19,125800.0,1400,Buy,225952465
2024-07-24 10:03:19,125800.0,100,Buy,225952467
2024-07-24 10:03:19,125600.0,600,Sell,225952443
2024-07-24 10:03:24,125700.0,1000,Sell,225952750
2024-07-24 10:03:24,125800.0,100,Buy,225952753
2024-07-24 10:03:24,125800.0,100,Buy,225952754
2024-07-24 10:03:24,125800.0,1500,Buy,225952755
2024-07-24 10:03:26,125900.0,1200,Buy,225952929
2024-07-24 10:03:26,125900.0,700,Buy,225952930
2024-07-24 10:03:26,125900.0,200,Buy,225952931
2024-07-24 10:03:28,125800.0,200,Sell,225953119
2024-07-24 10:03:29,125900.0,1500,Buy,225953163
2024-07-24 10:03:29,125900.0,1800,Buy,225953162
2024-07-24 10:03:31,125800.0,200,Sell,225953258
2024-07-24 10:03:31,125700.0,800,Sell,225953259
2024-07-24 10:03:35,125800.0,300,Sell,225953506
2024-07-24 10:03:39,125900.0,1500,Buy,225953724
2024-07-24 10:03:39,125900.0,200,Buy,225953725
2024-07-24 10:03:39,125900.0,400,Buy,225953726
2024-07-24 10:03:39,125800.0,900,Sell,225953810
2024-07-24 10:03:42,125800.0,100,Sell,225953918
2024-07-24 10:03:42,125800.0,100,Sell,225953933
2024-07-24 10:03:43,125800.0,600,Sell,225953991
2024-07-24 10:03:44,125900.0,800,Buy,225954027
2024-07-24 10:03:47,125800.0,100,Sell,225954130
2024-07-24 10:03:48,125800.0,400,Buy,225954180
2024-07-24 10:03:48,125900.0,800,Buy,225954181
2024-07-24 10:03:48,125900.0,900,Buy,225954182
2024-07-24 10:03:50,125900.0,100,Buy,225954305
2024-07-24 10:03:50,126000.0,200,Buy,225954306
2024-07-24 10:03:50,126000.0,2000,Buy,225954307
2024-07-24 10:03:50,126000.0,100,Buy,225954308
2024-07-24 10:03:50,126000.0,500,Buy,225954309
2024-07-24 10:03:50,126000.0,100,Buy,225954310
2024-07-24 10:03:52,126000.0,600,Buy,225954425
2024-07-24 10:03:52,125800.0,500,Buy,225954422
2024-07-24 10:03:52,126000.0,900,Buy,225954423
2024-07-24 10:03:52,126000.0,1300,Buy,225954424
2024-07-24 10:04:07,125900.0,100,Sell,225955119
2024-07-24 10:04:07,125900.0,600,Sell,225955120
2024-07-24 10:04:08,126000.0,200,Buy,225955164
2024-07-24 10:04:13,125900.0,100,Sell,225955329
2024-07-24 10:04:16,125900.0,500,Sell,225955462
2024-07-24 10:04:21,125900.0,800,Sell,225955667
2024-07-24 10:04:21,126000.0,300,Buy,225955650
2024-07-24 10:04:21,126000.0,1700,Buy,225955648
2024-07-24 10:04:21,126000.0,100,Buy,225955649
2024-07-24 10:04:31,125800.0,100,Sell,225956093
2024-07-24 10:04:31,125800.0,100,Sell,225956092
2024-07-24 10:04:31,125800.0,400,Sell,225956094
2024-07-24 10:04:33,125900.0,300,Buy,225956155
2024-07-24 10:04:40,125800.0,1400,Sell,225956480
2024-07-24 10:04:40,125800.0,600,Sell,225956479
2024-07-24 10:04:48,125800.0,200,Sell,225956812
2024-07-24 10:04:50,125900.0,500,Buy,225956860
2024-07-24 10:04:55,125800.0,600,Sell,225957022
2024-07-24 10:04:56,125800.0,700,Sell,225957050
2024-07-24 10:04:56,125800.0,100,Sell,225957051
2024-07-24 10:04:56,125800.0,100,Sell,225957052
2024-07-24 10:04:56,125800.0,100,Sell,225957053
2024-07-24 10:04:57,125800.0,200,Buy,225957089
2024-07-24 10:05:10,125800.0,1000,Buy,225957569
2024-07-24 10:05:19,125700.0,600,Sell,225957873
2024-07-24 10:05:42,125700.0,600,Sell,225958647
2024-07-24 10:05:52,125700.0,200,Sell,225959071
2024-07-24 10:06:06,125700.0,600,Sell,225959514
2024-07-24 10:06:06,125700.0,1000,Sell,225959504
2024-07-24 10:06:07,125700.0,100,Sell,225959523
2024-07-24 10:06:07,125700.0,900,Sell,225959524
2024-07-24 10:06:07,125700.0,2000,Sell,225959522
2024-07-24 10:06:30,125700.0,100,Sell,225960203
2024-07-24 10:06:30,125700.0,100,Sell,225960204
2024-07-24 10:06:30,125700.0,200,Sell,225960205
2024-07-24 10:06:30,125700.0,200,Sell,225960206
2024-07-24 10:06:35,125700.0,5000,Sell,225960330
2024-07-24 10:06:37,125700.0,300,Sell,225960414
2024-07-24 10:06:45,125800.0,100,Buy,225960648
2024-07-24 10:06:45,125700.0,200,Sell,225960651
2024-07-24 10:06:52,125700.0,2000,Sell,225960858
2024-07-24 10:06:52,125800.0,2700,Buy,225960861
2024-07-24 10:06:52,125800.0,600,Buy,225960862
2024-07-24 10:06:53,125700.0,1000,Sell,225960887
2024-07-24 10:06:54,125700.0,600,Sell,225960931
2024-07-24 10:07:06,125700.0,1400,Sell,225961288
2024-07-24 10:07:06,125700.0,700,Sell,225961287
2024-07-24 10:07:11,125700.0,100,Sell,225961441
2024-07-24 10:07:12,125700.0,500,Sell,225961460
2024-07-24 10:07:12,125700.0,100,Sell,225961461
2024-07-24 10:07:12,125700.0,100,Sell,225961462
2024-07-24 10:07:12,125700.0,1000,Sell,225961463
2024-07-24 10:07:12,125700.0,800,Sell,225961464
2024-07-24 10:07:12,125700.0,500,Sell,225961465
2024-07-24 10:07:12,125700.0,200,Sell,225961466
2024-07-24 10:07:12,125700.0,300,Sell,225961467
2024-07-24 10:07:12,125700.0,500,Sell,225961468
2024-07-24 10:07:13,125800.0,400,Buy,225961515
2024-07-24 10:07:13,125800.0,2900,Buy,225961516
2024-07-24 10:07:14,125800.0,2100,Buy,225961551
2024-07-24 10:07:18,125600.0,300,Sell,225961766
2024-07-24 10:07:18,125600.0,100,Sell,225961765
2024-07-24 10:07:18,125700.0,100,Sell,225961763
2024-07-24 10:07:18,125600.0,100,Sell,225961764
2024-07-24 10:07:32,125700.0,100,Sell,225962208
2024-07-24 10:07:33,125700.0,100,Buy,225962249
2024-07-24 10:07:34,125700.0,900,Buy,225962273
2024-07-24 10:07:34,125800.0,100,Buy,225962274
2024-07-24 10:07:34,125800.0,1000,Buy,225962275
2024-07-24 10:07:34,125800.0,1300,Buy,225962276
2024-07-24 10:07:38,125700.0,100,Buy,225962397
2024-07-24 10:07:42,125600.0,1000,Sell,225962570
2024-07-24 10:07:42,125700.0,100,Buy,225962571
2024-07-24 10:07:42,125600.0,600,Sell,225962564
2024-07-24 10:07:50,125700.0,900,Buy,225962776
2024-07-24 10:07:54,125700.0,3000,Buy,225962922
2024-07-24 10:07:54,125800.0,300,Buy,225962923
2024-07-24 10:08:06,125700.0,600,Sell,225963402
2024-07-24 10:08:07,125800.0,600,Buy,225963434
2024-07-24 10:08:07,125800.0,1400,Buy,225963433
2024-07-24 10:08:11,125700.0,1500,Sell,225963527
2024-07-24 10:08:11,125700.0,500,Sell,225963528
2024-07-24 10:08:15,125700.0,1000,Sell,225963771
2024-07-24 10:08:21,125800.0,100,Buy,225963948
2024-07-24 10:08:30,125700.0,100,Sell,225964216
2024-07-24 10:08:30,125700.0,100,Sell,225964217
2024-07-24 10:08:30,125700.0,400,Sell,225964218
2024-07-24 10:08:30,125700.0,600,Sell,225964230
2024-07-24 10:08:30,125700.0,200,Sell,225964231
2024-07-24 10:08:30,125700.0,100,Sell,225964232
2024-07-24 10:08:30,125600.0,100,Sell,225964233
2024-07-24 10:08:30,125600.0,100,Sell,225964234
2024-07-24 10:08:30,125600.0,900,Sell,225964235
2024-07-24 10:08:40,125700.0,200,Sell,225964548
2024-07-24 10:08:53,125700.0,300,Sell,225964952
2024-07-24 10:08:53,125700.0,300,Sell,225964953
2024-07-24 10:08:59,125700.0,100,Sell,225965101
2024-07-24 10:09:00,125700.0,100,Sell,225965126
2024-07-24 10:09:00,125700.0,600,Sell,225965125
2024-07-24 10:09:17,125600.0,600,Sell,225965618
2024-07-24 10:09:18,125700.0,200,Buy,225965653
2024-07-24 10:09:38,125700.0,100,Buy,225966131
2024-07-24 10:09:39,125700.0,200,Buy,225966168
2024-07-24 10:09:39,125700.0,400,Buy,225966169
2024-07-24 10:09:40,125600.0,600,Sell,225966223
2024-07-24 10:09:46,125700.0,200,Buy,225966343
2024-07-24 10:09:56,125700.0,400,Buy,225966694
2024-07-24 10:09:56,125700.0,100,Buy,225966700
2024-07-24 10:09:56,125700.0,500,Buy,225966701
2024-07-24 10:10:04,125600.0,600,Sell,225966935
2024-07-24 10:10:13,125600.0,200,Sell,225967101
2024-07-24 10:10:24,125600.0,300,Sell,225967458
2024-07-24 10:10:24,125600.0,700,Sell,225967459
2024-07-24 10:10:27,125600.0,100,Sell,225967541
2024-07-24 10:10:28,125600.0,600,Sell,225967553
2024-07-24 10:10:30,125500.0,100,Sell,225967662
2024-07-24 10:10:30,125500.0,100,Sell,225967630
2024-07-24 10:10:30,125500.0,100,Sell,225967631
2024-07-24 10:10:30,125500.0,100,Sell,225967632
2024-07-24 10:10:30,125500.0,200,Sell,225967633
2024-07-24 10:10:30,125500.0,500,Sell,225967634
2024-07-24 10:10:30,125500.0,500,Sell,225967635
2024-07-24 10:10:30,125500.0,200,Sell,225967636
2024-07-24 10:10:30,125500.0,100,Sell,225967637
2024-07-24 10:10:30,125500.0,200,Sell,225967638
2024-07-24 10:10:30,125500.0,100,Sell,225967639
2024-07-24 10:10:30,125500.0,2000,Sell,225967640
2024-07-24 10:10:30,125500.0,10000,Sell,225967641
2024-07-24 10:10:30,125500.0,300,Sell,225967642
2024-07-24 10:10:30,125500.0,100,Sell,225967643
2024-07-24 10:10:30,125500.0,1000,Sell,225967644
2024-07-24 10:10:30,125500.0,200,Sell,225967645
2024-07-24 10:10:30,125500.0,100,Sell,225967646
2024-07-24 10:10:30,125500.0,100,Sell,225967661
2024-07-24 10:10:30,125500.0,100,Sell,225967660
2024-07-24 10:10:30,125500.0,1000,Sell,225967659
2024-07-24 10:10:30,125500.0,5000,Sell,225967658
2024-07-24 10:10:30,125500.0,1000,Sell,225967656
2024-07-24 10:10:30,125500.0,200,Sell,225967655
2024-07-24 10:10:30,125500.0,500,Sell,225967629
2024-07-24 10:10:30,125500.0,100,Sell,225967654
2024-07-24 10:10:30,125500.0,4000,Sell,225967652
2024-07-24 10:10:30,125500.0,400,Sell,225967651
2024-07-24 10:10:30,125500.0,1000,Sell,225967650
2024-07-24 10:10:30,125500.0,100,Sell,225967649
2024-07-24 10:10:30,125500.0,100,Sell,225967648
2024-07-24 10:10:30,125500.0,100,Sell,225967647
2024-07-24 10:10:30,125500.0,100,Sell,225967653
2024-07-24 10:10:30,125500.0,200,Sell,225967628
2024-07-24 10:10:30,125500.0,100,Sell,225967657
2024-07-24 10:10:30,125500.0,700,Sell,225967626
2024-07-24 10:10:30,125600.0,100,Sell,225967606
2024-07-24 10:10:30,125600.0,100,Sell,225967605
2024-07-24 10:10:30,125600.0,100,Sell,225967604
2024-07-24 10:10:30,125600.0,500,Sell,225967598
2024-07-24 10:10:30,125600.0,500,Sell,225967597
2024-07-24 10:10:30,125600.0,100,Sell,225967595
2024-07-24 10:10:30,125600.0,100,Sell,225967607
2024-07-24 10:10:30,125600.0,200,Sell,225967594
2024-07-24 10:10:30,125600.0,600,Sell,225967587
2024-07-24 10:10:30,125600.0,500,Sell,225967592
2024-07-24 10:10:30,125600.0,300,Sell,225967591
2024-07-24 10:10:30,125600.0,200,Sell,225967590
2024-07-24 10:10:30,125600.0,3000,Sell,225967589
2024-07-24 10:10:30,125600.0,400,Sell,225967588
2024-07-24 10:10:30,125600.0,400,Sell,225967593
2024-07-24 10:10:30,125600.0,500,Sell,225967608
2024-07-24 10:10:30,125600.0,100,Sell,225967596
2024-07-24 10:10:30,125600.0,100,Sell,225967610
2024-07-24 10:10:30,125600.0,100,Sell,225967609
2024-07-24 10:10:30,125500.0,100,Sell,225967624
2024-07-24 10:10:30,125500.0,300,Sell,225967623
2024-07-24 10:10:30,125500.0,100,Sell,225967622
2024-07-24 10:10:30,125500.0,100,Sell,225967621
2024-07-24 10:10:30,125500.0,3000,Sell,225967620
2024-07-24 10:10:30,125500.0,100,Sell,225967619
2024-07-24 10:10:30,125500.0,200,Sell,225967618
2024-07-24 10:10:30,125500.0,2000,Sell,225967625
2024-07-24 10:10:30,125500.0,100,Sell,225967627
2024-07-24 10:10:30,125500.0,100,Sell,225967616
2024-07-24 10:10:30,125500.0,400,Sell,225967615
2024-07-24 10:10:30,125500.0,100,Sell,225967614
2024-07-24 10:10:30,125500.0,100,Sell,225967613
2024-07-24 10:10:30,125500.0,16100,Sell,225967612
2024-07-24 10:10:30,125600.0,200,Sell,225967611
2024-07-24 10:10:30,125500.0,500,Sell,225967617
2024-07-24 10:10:35,125500.0,100,Buy,225967785
2024-07-24 10:10:45,125400.0,200,Sell,225968069
2024-07-24 10:10:45,125400.0,2000,Sell,225968068
2024-07-24 10:10:45,125400.0,100,Sell,225968067
2024-07-24 10:10:45,125400.0,100,Sell,225968066
2024-07-24 10:10:45,125400.0,500,Sell,225968065
2024-07-24 10:10:45,125400.0,3000,Sell,225968064
2024-07-24 10:10:45,125400.0,100,Sell,225968060
2024-07-24 10:10:45,125400.0,100,Sell,225968062
2024-07-24 10:10:45,125400.0,200,Sell,225968061
2024-07-24 10:10:45,125400.0,200,Sell,225968059
2024-07-24 10:10:45,125400.0,100,Sell,225968058
2024-07-24 10:10:45,125500.0,3100,Buy,225968045
2024-07-24 10:10:45,125400.0,100,Sell,225968063
2024-07-24 10:10:52,125400.0,200,Sell,225968252
2024-07-24 10:10:52,125400.0,100,Sell,225968251
2024-07-24 10:10:52,125400.0,500,Sell,225968250
2024-07-24 10:10:56,125400.0,1200,Sell,225968353
2024-07-24 10:10:58,125400.0,500,Sell,225968405
2024-07-24 10:10:58,125400.0,2100,Sell,225968406
2024-07-24 10:10:58,125300.0,200,Sell,225968407
2024-07-24 10:10:58,125300.0,300,Sell,225968408
2024-07-24 10:10:58,125300.0,200,Sell,225968409
2024-07-24 10:10:58,125300.0,100,Sell,225968410
2024-07-24 10:11:11,125300.0,100,Sell,225968833
2024-07-24 10:11:12,125400.0,100,Buy,225968854
2024-07-24 10:11:12,125300.0,1000,Sell,225968869
2024-07-24 10:11:14,125300.0,500,Sell,225968935
2024-07-24 10:11:16,125300.0,500,Sell,225968994
2024-07-24 10:11:16,125300.0,600,Sell,225968983
2024-07-24 10:11:18,125300.0,1000,Sell,225969054
2024-07-24 10:11:21,125300.0,200,Sell,225969118
2024-07-24 10:11:25,125300.0,1000,Sell,225969190
2024-07-24 10:11:26,125300.0,100,Sell,225969242
2024-07-24 10:11:26,125300.0,100,Sell,225969243
2024-07-24 10:11:26,125300.0,100,Sell,225969244
2024-07-24 10:11:26,125300.0,100,Sell,225969245
2024-07-24 10:11:26,125300.0,100,Sell,225969246
2024-07-24 10:11:29,125400.0,100,Buy,225969326
2024-07-24 10:11:39,125300.0,100,Sell,225969585
2024-07-24 10:11:39,125300.0,500,Sell,225969586
2024-07-24 10:11:48,125400.0,1000,Buy,225969803
2024-07-24 10:11:48,125400.0,400,Buy,225969801
2024-07-24 10:11:48,125400.0,1000,Buy,225969802
2024-07-24 10:11:53,125400.0,100,Buy,225969907
2024-07-24 10:11:53,125400.0,500,Buy,225969908
2024-07-24 10:11:53,125400.0,1200,Buy,225969909
2024-07-24 10:11:57,125400.0,800,Buy,225970020
2024-07-24 10:11:57,125400.0,1200,Buy,225970021
2024-07-24 10:12:02,125400.0,100,Buy,225970160
2024-07-24 10:12:03,125300.0,600,Sell,225970181
2024-07-24 10:12:03,125400.0,700,Buy,225970183
2024-07-24 10:12:03,125400.0,100,Buy,225970184
2024-07-24 10:12:05,125400.0,100,Sell,225970235
2024-07-24 10:12:13,125400.0,100,Sell,225970412
2024-07-24 10:12:16,125400.0,1400,Buy,225970463
2024-07-24 10:12:20,125400.0,2000,Sell,225970519
2024-07-24 10:12:27,125400.0,600,Sell,225970706
2024-07-24 10:12:27,125500.0,3000,Buy,225970722
2024-07-24 10:12:27,125500.0,200,Buy,225970723
2024-07-24 10:12:27,125500.0,200,Buy,225970724
2024-07-24 10:12:27,125500.0,10000,Buy,225970725
2024-07-24 10:12:27,125500.0,1000,Buy,225970726
2024-07-24 10:12:27,125500.0,1100,Buy,225970727
2024-07-24 10:12:31,125500.0,700,Buy,225970818
2024-07-24 10:12:31,125500.0,1900,Buy,225970815
2024-07-24 10:12:31,125500.0,2700,Buy,225970816
2024-07-24 10:12:31,125500.0,4700,Buy,225970817
2024-07-24 10:12:32,125400.0,100,Sell,225970826
2024-07-24 10:12:32,125400.0,1000,Sell,225970825
2024-07-24 10:12:32,125400.0,1600,Sell,225970827
2024-07-24 10:12:38,125500.0,200,Buy,225970998
2024-07-24 10:12:38,125500.0,100,Buy,225970999
2024-07-24 10:12:39,125400.0,1400,Sell,225971015
2024-07-24 10:12:39,125400.0,100,Sell,225971016
2024-07-24 10:12:40,125400.0,1300,Sell,225971028
2024-07-24 10:12:40,125500.0,700,Buy,225971036
2024-07-24 10:12:41,125500.0,1000,Sell,225971061
2024-07-24 10:12:51,125500.0,600,Sell,225971267
2024-07-24 10:13:14,125500.0,600,Sell,225971974
2024-07-24 10:13:21,125500.0,1600,Sell,225972232
2024-07-24 10:13:21,125500.0,2100,Sell,225972230
2024-07-24 10:13:21,125500.0,800,Sell,225972231
2024-07-24 10:13:21,125500.0,100,Sell,225972229
2024-07-24 10:13:26,125500.0,500,Sell,225972415
2024-07-24 10:13:26,125500.0,100,Sell,225972416
2024-07-24 10:13:26,125500.0,400,Sell,225972417
2024-07-24 10:13:30,125500.0,1000,Sell,225972533
2024-07-24 10:13:33,125500.0,200,Sell,225972619
2024-07-24 10:13:38,125500.0,600,Sell,225972817
2024-07-24 10:13:47,125600.0,1600,Buy,225973075
2024-07-24 10:13:47,125600.0,1000,Buy,225973074
2024-07-24 10:13:47,125600.0,100,Buy,225973072
2024-07-24 10:13:47,125600.0,200,Buy,225973073
2024-07-24 10:13:53,125600.0,600,Buy,225973344
2024-07-24 10:13:53,125600.0,1400,Buy,225973343
2024-07-24 10:13:57,125600.0,400,Buy,225973428
2024-07-24 10:13:57,125600.0,1600,Buy,225973429
2024-07-24 10:14:02,125500.0,600,Sell,225973634
2024-07-24 10:14:03,125600.0,200,Buy,225973695
2024-07-24 10:14:23,125700.0,500,Buy,225974250
2024-07-24 10:14:23,125700.0,900,Buy,225974251
2024-07-24 10:14:23,125700.0,400,Buy,225974252
2024-07-24 10:14:26,125600.0,700,Sell,225974323
2024-07-24 10:14:47,125700.0,1500,Buy,225975200
2024-07-24 10:14:47,125700.0,100,Buy,225975199
2024-07-24 10:14:47,125700.0,600,Buy,225975198
2024-07-24 10:14:49,125600.0,700,Sell,225975265
2024-07-24 10:14:50,125600.0,100,Sell,225975277
2024-07-24 10:14:53,125600.0,1900,Sell,225975334
2024-07-24 10:14:53,125600.0,200,Sell,225975335
2024-07-24 10:14:53,125600.0,900,Sell,225975336
2024-07-24 10:14:57,125700.0,500,Buy,225975477
2024-07-24 10:14:57,125700.0,100,Buy,225975478
2024-07-24 10:15:03,125600.0,100,Sell,225975626
2024-07-24 10:15:06,125700.0,900,Buy,225975723
2024-07-24 10:15:15,125600.0,700,Sell,225976046
2024-07-24 10:15:16,125600.0,400,Sell,225976085
2024-07-24 10:15:16,125600.0,200,Sell,225976086
2024-07-24 10:15:26,125600.0,200,Sell,225976342
2024-07-24 10:15:39,125600.0,700,Sell,225976706
2024-07-24 10:15:44,125600.0,2300,Sell,225976841
2024-07-24 10:15:44,125600.0,500,Sell,225976842
2024-07-24 10:15:44,125600.0,200,Sell,225976843
2024-07-24 10:15:49,125600.0,100,Sell,225977073
2024-07-24 10:15:49,125600.0,600,Sell,225977075
2024-07-24 10:15:49,125600.0,1000,Sell,225977071
2024-07-24 10:15:49,125600.0,1900,Sell,225977070
2024-07-24 10:15:49,125600.0,100,Sell,225977072
2024-07-24 10:15:49,125600.0,100,Sell,225977074
2024-07-24 10:15:52,125600.0,200,Sell,225977137
2024-07-24 10:15:57,125600.0,100,Sell,225977238
2024-07-24 10:16:00,125600.0,1000,Buy,225977326
2024-07-24 10:16:01,125600.0,1500,Sell,225977352
2024-07-24 10:16:02,125500.0,200,Sell,225977411
2024-07-24 10:16:02,125500.0,500,Sell,225977412
2024-07-24 10:16:10,125500.0,200,Sell,225977688
2024-07-24 10:16:10,125500.0,200,Sell,225977689
2024-07-24 10:16:22,125500.0,400,Sell,225978067
2024-07-24 10:16:22,125500.0,100,Sell,225978066
2024-07-24 10:16:26,125500.0,700,Sell,225978226
2024-07-24 10:16:35,125500.0,100,Sell,225978495
2024-07-24 10:16:46,125500.0,200,Sell,225978936
2024-07-24 10:16:50,125500.0,600,Sell,225979090
2024-07-24 10:16:50,125500.0,100,Sell,225979091
2024-07-24 10:17:00,125500.0,1000,Sell,225979482
2024-07-24 10:17:00,125500.0,100,Sell,225979481
2024-07-24 10:17:00,125500.0,2000,Sell,225979480
2024-07-24 10:17:00,125500.0,1200,Sell,225979483
2024-07-24 10:17:00,125500.0,500,Sell,225979478
2024-07-24 10:17:00,125500.0,2000,Sell,225979477
2024-07-24 10:17:00,125500.0,500,Sell,225979476
2024-07-24 10:17:00,125500.0,100,Sell,225979475
2024-07-24 10:17:00,125500.0,100,Sell,225979479
2024-07-24 10:17:04,125500.0,100,Sell,225979617
2024-07-24 10:17:04,125500.0,100,Sell,225979618
2024-07-24 10:17:14,125400.0,700,Sell,225980029
2024-07-24 10:17:16,125500.0,800,Buy,225980153
2024-07-24 10:17:16,125500.0,5000,Buy,225980154
2024-07-24 10:17:16,125500.0,200,Buy,225980155
2024-07-24 10:17:17,125400.0,500,Sell,225980266
2024-07-24 10:17:17,125400.0,100,Sell,225980265
2024-07-24 10:17:17,125400.0,100,Sell,225980263
2024-07-24 10:17:17,125400.0,5000,Sell,225980262
2024-07-24 10:17:17,125400.0,100,Sell,225980264
2024-07-24 10:17:17,125400.0,200,Sell,225980260
2024-07-24 10:17:17,125500.0,800,Buy,225980237
2024-07-24 10:17:17,125400.0,2000,Sell,225980261
2024-07-24 10:17:17,125400.0,1300,Sell,225980259
2024-07-24 10:17:17,125600.0,2000,Buy,225980238
2024-07-24 10:17:29,125400.0,100,Buy,225980872
2024-07-24 10:17:30,125300.0,4400,Sell,225980893
2024-07-24 10:17:30,125300.0,400,Sell,225980899
2024-07-24 10:17:30,125300.0,1000,Sell,225980900
2024-07-24 10:17:30,125300.0,100,Sell,225980901
2024-07-24 10:17:30,125300.0,200,Sell,225980902
2024-07-24 10:17:30,125300.0,100,Sell,225980903
2024-07-24 10:17:30,125300.0,100,Sell,225980904
2024-07-24 10:17:30,125300.0,4700,Sell,225980905
2024-07-24 10:17:36,125400.0,100,Buy,225981169
2024-07-24 10:17:38,125300.0,300,Sell,225981228
2024-07-24 10:17:38,125300.0,100,Sell,225981229
2024-07-24 10:17:38,125200.0,200,Sell,225981230
2024-07-24 10:17:38,125200.0,100,Sell,225981231
2024-07-24 10:17:42,125400.0,500,Buy,225981502
2024-07-24 10:17:42,125400.0,100,Buy,225981503
2024-07-24 10:17:55,125200.0,1500,Sell,225981900
2024-07-24 10:17:55,125300.0,200,Buy,225981898
2024-07-24 10:17:55,125200.0,100,Sell,225981899
2024-07-24 10:17:57,125200.0,300,Sell,225982028
2024-07-24 10:18:00,125500.0,400,Buy,225982154
2024-07-24 10:18:00,125400.0,200,Buy,225982151
2024-07-24 10:18:00,125400.0,1000,Buy,225982150
2024-07-24 10:18:00,125400.0,300,Buy,225982153
2024-07-24 10:18:00,125400.0,300,Buy,225982148
2024-07-24 10:18:00,125400.0,200,Buy,225982147
2024-07-24 10:18:00,125400.0,100,Buy,225982146
2024-07-24 10:18:00,125400.0,200,Buy,225982149
2024-07-24 10:18:00,125400.0,600,Buy,225982152
2024-07-24 10:18:02,125200.0,700,Sell,225982213
2024-07-24 10:18:07,125500.0,100,Buy,225982450
2024-07-24 10:18:07,125500.0,100,Buy,225982451
2024-07-24 10:18:07,125500.0,1000,Buy,225982452
2024-07-24 10:18:08,125200.0,300,Sell,225982476
2024-07-24 10:18:11,125200.0,100,Sell,225982587
2024-07-24 10:18:11,125200.0,100,Sell,225982586
2024-07-24 10:18:11,125200.0,100,Sell,225982588
2024-07-24 10:18:11,125200.0,100,Sell,225982584
2024-07-24 10:18:11,125200.0,100,Sell,225982583
2024-07-24 10:18:11,125200.0,100,Sell,225982585
2024-07-24 10:18:11,125200.0,100,Sell,225982566
2024-07-24 10:18:15,125200.0,100,Buy,225982753
2024-07-24 10:18:17,125200.0,700,Buy,225982816
2024-07-24 10:18:17,125200.0,300,Buy,225982815
2024-07-24 10:18:19,125200.0,100,Buy,225982872
2024-07-24 10:18:20,125200.0,100,Buy,225982908
2024-07-24 10:18:20,125500.0,3200,Buy,225982909
2024-07-24 10:18:25,125200.0,100,Sell,225983156
2024-07-24 10:18:25,125100.0,400,Sell,225983157
2024-07-24 10:18:25,125100.0,100,Sell,225983158
2024-07-24 10:18:25,125100.0,100,Sell,225983159
2024-07-24 10:18:31,125500.0,800,Buy,225983363
2024-07-24 10:18:34,125500.0,100,Buy,225983427
2024-07-24 10:18:34,125500.0,100,Buy,225983428
2024-07-24 10:18:47,125500.0,900,Buy,225983983
2024-07-24 10:18:47,125500.0,1000,Buy,225983984
2024-07-24 10:18:47,125500.0,1400,Buy,225983985
2024-07-24 10:18:49,125200.0,700,Sell,225984093
2024-07-24 10:18:56,125500.0,1000,Buy,225984420
2024-07-24 10:18:56,125500.0,1600,Buy,225984419
2024-07-24 10:19:13,125200.0,300,Sell,225985089
2024-07-24 10:19:13,125200.0,400,Sell,225985090
2024-07-24 10:19:16,125500.0,500,Buy,225985215
2024-07-24 10:19:18,125500.0,500,Buy,225985305
2024-07-24 10:19:18,125500.0,100,Buy,225985306
2024-07-24 10:19:18,125500.0,3200,Buy,225985307
2024-07-24 10:19:18,125200.0,500,Sell,225985256
2024-07-24 10:19:20,125500.0,3300,Buy,225985439
2024-07-24 10:19:27,125500.0,500,Buy,225985687
2024-07-24 10:19:37,125200.0,700,Sell,225986172
2024-07-24 10:19:38,125500.0,3300,Buy,225986195
2024-07-24 10:19:55,125300.0,100,Sell,225986983
2024-07-24 10:19:55,125300.0,900,Sell,225986984
2024-07-24 10:20:01,125300.0,700,Sell,225987238
2024-07-24 10:20:02,125300.0,100,Sell,225987264
2024-07-24 10:20:05,125300.0,400,Sell,225987426
2024-07-24 10:20:05,125300.0,1600,Sell,225987427
2024-07-24 10:20:16,125300.0,200,Sell,225987977
2024-07-24 10:20:24,125300.0,300,Sell,225988385
2024-07-24 10:20:24,125300.0,400,Sell,225988386
2024-07-24 10:20:29,125300.0,200,Sell,225988529
2024-07-24 10:20:31,125300.0,100,Sell,225988630
2024-07-24 10:20:32,125300.0,200,Sell,225988727
2024-07-24 10:20:39,125400.0,500,Buy,225988999
2024-07-24 10:20:39,125400.0,900,Buy,225989000
2024-07-24 10:20:40,125400.0,1000,Sell,225989063
2024-07-24 10:20:42,125400.0,1000,Sell,225989118
2024-07-24 10:20:46,125400.0,1000,Sell,225989312
2024-07-24 10:20:48,125400.0,300,Sell,225989429
2024-07-24 10:20:48,125300.0,400,Sell,225989430
2024-07-24 10:20:52,125300.0,800,Sell,225989663
2024-07-24 10:20:52,125300.0,500,Sell,225989664
2024-07-24 10:20:52,125300.0,500,Sell,225989665
2024-07-24 10:21:01,125300.0,500,Sell,225990260
2024-07-24 10:21:01,125300.0,500,Sell,225990261
2024-07-24 10:21:04,125300.0,500,Sell,225990653
2024-07-24 10:21:04,125300.0,500,Sell,225990654
2024-07-24 10:21:06,125300.0,100,Sell,225990980
2024-07-24 10:21:07,125500.0,3300,Buy,225991019
2024-07-24 10:21:08,125300.0,2000,Sell,225991062
2024-07-24 10:21:12,125200.0,700,Sell,225991251
2024-07-24 10:21:18,125300.0,100,Buy,225991730
2024-07-24 10:21:20,125400.0,1300,Buy,225991916
2024-07-24 10:21:20,125400.0,100,Buy,225991915
2024-07-24 10:21:20,125300.0,2900,Buy,225991913
2024-07-24 10:21:20,125400.0,100,Buy,225991914
2024-07-24 10:21:22,125200.0,700,Sell,225992045
2024-07-24 10:21:22,125200.0,100,Sell,225992046
2024-07-24 10:21:22,125200.0,200,Sell,225992047
2024-07-24 10:21:26,125200.0,300,Sell,225992312
2024-07-24 10:21:26,125400.0,1200,Buy,225992313
2024-07-24 10:21:26,125400.0,300,Buy,225992314
2024-07-24 10:21:26,125500.0,1800,Buy,225992315
2024-07-24 10:21:28,125200.0,100,Sell,225992477
2024-07-24 10:21:36,125200.0,500,Sell,225992787
2024-07-24 10:21:36,125200.0,100,Sell,225992785
2024-07-24 10:21:36,125200.0,100,Sell,225992786
2024-07-24 10:21:48,125200.0,700,Sell,225993396
2024-07-24 10:21:49,125200.0,200,Sell,225993457
2024-07-24 10:21:50,125400.0,1000,Buy,225993466
2024-07-24 10:21:50,125400.0,1000,Buy,225993467
2024-07-24 10:21:50,125400.0,500,Buy,225993468
2024-07-24 10:21:50,125500.0,800,Buy,225993469
2024-07-24 10:21:52,125400.0,500,Buy,225993578
2024-07-24 10:21:57,125400.0,100,Buy,225993924
2024-07-24 10:21:59,125200.0,100,Sell,225994020
2024-07-24 10:21:59,125200.0,600,Sell,225994019
2024-07-24 10:22:00,125400.0,400,Buy,225994039
2024-07-24 10:22:08,125400.0,3300,Buy,225994591
2024-07-24 10:22:09,125400.0,100,Buy,225994684
2024-07-24 10:22:17,125200.0,200,Buy,225995006
2024-07-24 10:22:17,125200.0,400,Sell,225994997
2024-07-24 10:22:17,125200.0,1900,Sell,225994996
2024-07-24 10:22:17,125200.0,100,Sell,225994998
2024-07-24 10:22:17,125200.0,1000,Sell,225994994
2024-07-24 10:22:17,125200.0,100,Sell,225994993
2024-07-24 10:22:17,125200.0,4200,Sell,225994992
2024-07-24 10:22:17,125200.0,100,Sell,225994995
2024-07-24 10:22:23,125200.0,700,Sell,225995408
2024-07-24 10:22:25,125300.0,100,Buy,225995472
2024-07-24 10:22:25,125400.0,600,Buy,225995473
2024-07-24 10:22:25,125400.0,1000,Buy,225995474
2024-07-24 10:22:26,125400.0,100,Buy,225995564
2024-07-24 10:22:27,125500.0,1400,Buy,225995622
2024-07-24 10:22:27,125200.0,900,Sell,225995639
2024-07-24 10:22:27,125200.0,2100,Sell,225995638
2024-07-24 10:22:27,125400.0,1400,Buy,225995610
2024-07-24 10:22:27,125400.0,500,Buy,225995621
2024-07-24 10:22:28,125200.0,200,Sell,225995683
2024-07-24 10:22:31,125200.0,1000,Sell,225995817
2024-07-24 10:22:31,125200.0,100,Sell,225995818
2024-07-24 10:22:31,125200.0,900,Sell,225995819
2024-07-24 10:22:41,125200.0,100,Sell,225996335
2024-07-24 10:22:46,125200.0,1700,Sell,225996496
2024-07-24 10:22:46,125200.0,100,Sell,225996503
2024-07-24 10:22:48,125500.0,400,Buy,225996655
2024-07-24 10:22:48,125500.0,3300,Buy,225996633
2024-07-24 10:22:48,125200.0,700,Sell,225996584
2024-07-24 10:22:56,125300.0,100,Buy,225997047
2024-07-24 10:23:11,125200.0,700,Sell,225997918
2024-07-24 10:23:11,125300.0,600,Buy,225997919
2024-07-24 10:23:11,125400.0,300,Buy,225997920
2024-07-24 10:23:11,125400.0,800,Buy,225997921
2024-07-24 10:23:12,125400.0,500,Buy,225997929
2024-07-24 10:23:27,125200.0,300,Sell,225998635
2024-07-24 10:23:27,125200.0,200,Sell,225998636
2024-07-24 10:23:35,125200.0,100,Sell,225998947
2024-07-24 10:23:35,125200.0,500,Sell,225998945
2024-07-24 10:23:35,125200.0,100,Sell,225998946
2024-07-24 10:23:37,125200.0,100,Sell,225999004
2024-07-24 10:23:46,125200.0,100,Sell,225999423
2024-07-24 10:23:58,125200.0,100,Sell,226000000
2024-07-24 10:23:59,125200.0,700,Sell,226000032
2024-07-24 10:24:04,125200.0,1000,Sell,226000397
2024-07-24 10:24:21,125200.0,100,Sell,226001093
2024-07-24 10:24:21,125200.0,100,Sell,226001094
2024-07-24 10:24:21,125200.0,1300,Sell,226001095
2024-07-24 10:24:21,125200.0,700,Sell,226001157
2024-07-24 10:24:22,125200.0,600,Sell,226001213
2024-07-24 10:24:22,125200.0,100,Sell,226001212
2024-07-24 10:24:23,125200.0,100,Sell,226001225
2024-07-24 10:24:26,125200.0,300,Sell,226001374
2024-07-24 10:24:26,125200.0,700,Sell,226001375
2024-07-24 10:24:31,125200.0,200,Sell,226001750
2024-07-24 10:24:45,125100.0,200,Sell,226002516
2024-07-24 10:24:45,125100.0,100,Sell,226002517
2024-07-24 10:24:45,125100.0,200,Sell,226002518
2024-07-24 10:24:45,125100.0,200,Sell,226002519
2024-07-24 10:24:45,125100.0,100,Sell,226002520
2024-07-24 10:24:45,125100.0,100,Sell,226002521
2024-07-24 10:24:46,125100.0,300,Sell,226002539
2024-07-24 10:24:46,125100.0,400,Sell,226002538
2024-07-24 10:24:47,125100.0,700,Sell,226002579
2024-07-24 10:24:47,125100.0,100,Sell,226002580
2024-07-24 10:24:47,125100.0,100,Sell,226002581
2024-07-24 10:24:47,125100.0,1100,Sell,226002582
2024-07-24 10:24:50,125100.0,100,Sell,226002711
2024-07-24 10:24:58,125100.0,500,Sell,226003032
2024-07-24 10:24:59,125100.0,1000,Sell,226003072
2024-07-24 10:24:59,125100.0,1000,Sell,226003081
2024-07-24 10:25:00,125100.0,400,Sell,226003110
2024-07-24 10:25:01,125100.0,100,Sell,226003131
2024-07-24 10:25:01,125100.0,100,Sell,226003130
2024-07-24 10:25:01,125100.0,100,Sell,226003129
2024-07-24 10:25:01,125100.0,900,Sell,226003128
2024-07-24 10:25:10,125000.0,400,Sell,226003671
2024-07-24 10:25:10,125000.0,200,Sell,226003672
2024-07-24 10:25:10,125000.0,100,Sell,226003673
2024-07-24 10:25:10,125000.0,600,Sell,226003674
2024-07-24 10:25:11,125000.0,200,Sell,226003727
2024-07-24 10:25:11,125000.0,100,Sell,226003726
2024-07-24 10:25:11,125000.0,200,Sell,226003725
2024-07-24 10:25:11,125000.0,100,Sell,226003724
2024-07-24 10:25:11,125000.0,100,Sell,226003723
2024-07-24 10:25:11,125000.0,100,Sell,226003714
2024-07-24 10:25:11,125000.0,100,Sell,226003711
2024-07-24 10:25:11,125000.0,100,Sell,226003712
2024-07-24 10:25:11,125000.0,100,Sell,226003707
2024-07-24 10:25:11,125000.0,200,Sell,226003708
2024-07-24 10:25:11,125000.0,100,Sell,226003713
2024-07-24 10:25:11,125000.0,100,Sell,226003710
2024-07-24 10:25:11,125000.0,100,Sell,226003706
2024-07-24 10:25:11,125000.0,100,Sell,226003709
2024-07-24 10:25:14,125000.0,100,Sell,226003891
2024-07-24 10:25:14,125000.0,200,Sell,226003892
2024-07-24 10:25:14,125000.0,100,Sell,226003893
2024-07-24 10:25:14,125000.0,600,Sell,226003894
2024-07-24 10:25:15,125000.0,1000,Sell,226003920
2024-07-24 10:25:17,125100.0,300,Buy,226004005
2024-07-24 10:25:23,125000.0,1000,Sell,226004343
2024-07-24 10:25:28,125000.0,400,Sell,226004636
2024-07-24 10:25:28,125000.0,200,Sell,226004637
2024-07-24 10:25:28,125000.0,100,Sell,226004638
2024-07-24 10:25:28,125000.0,300,Sell,226004639
2024-07-24 10:25:35,125000.0,500,Sell,226004980
2024-07-24 10:25:36,125000.0,100,Sell,226005007
2024-07-24 10:25:36,125000.0,100,Sell,226005008
2024-07-24 10:25:36,125000.0,100,Sell,226005006
2024-07-24 10:25:36,125000.0,100,Sell,226005004
2024-07-24 10:25:36,125000.0,200,Sell,226005003
2024-07-24 10:25:36,125000.0,100,Sell,226005005
2024-07-24 10:25:42,125000.0,4700,Sell,226005365
2024-07-24 10:25:42,125000.0,1000,Sell,226005366
2024-07-24 10:25:42,125000.0,100,Sell,226005367
2024-07-24 10:25:42,125000.0,500,Sell,226005368
2024-07-24 10:25:42,125000.0,300,Sell,226005353
2024-07-24 10:25:42,125000.0,500,Sell,226005369
2024-07-24 10:25:42,125000.0,100,Sell,226005370
2024-07-24 10:25:42,125000.0,100,Sell,226005371
2024-07-24 10:25:42,125000.0,1000,Sell,226005373
2024-07-24 10:25:42,125000.0,100,Sell,226005374
2024-07-24 10:25:42,125000.0,100,Sell,226005375
2024-07-24 10:25:42,125000.0,100,Sell,226005376
2024-07-24 10:25:42,125000.0,200,Sell,226005377
2024-07-24 10:25:42,125000.0,200,Sell,226005378
2024-07-24 10:25:42,125000.0,1000,Sell,226005379
2024-07-24 10:25:42,125000.0,100,Sell,226005380
2024-07-24 10:25:42,125000.0,100,Sell,226005381
2024-07-24 10:25:42,125000.0,100,Sell,226005372
2024-07-24 10:25:42,125000.0,300,Sell,226005352
2024-07-24 10:25:42,125000.0,100,Sell,226005345
2024-07-24 10:25:42,125000.0,100,Sell,226005350
2024-07-24 10:25:42,125000.0,1400,Sell,226005332
2024-07-24 10:25:42,125000.0,800,Sell,226005333
2024-07-24 10:25:42,125000.0,100,Sell,226005334
2024-07-24 10:25:42,125000.0,100,Sell,226005335
2024-07-24 10:25:42,125000.0,100,Sell,226005336
2024-07-24 10:25:42,125000.0,400,Sell,226005337
2024-07-24 10:25:42,125000.0,100,Sell,226005339
2024-07-24 10:25:42,125000.0,500,Sell,226005340
2024-07-24 10:25:42,125000.0,500,Sell,226005338
2024-07-24 10:25:42,125000.0,100,Sell,226005342
2024-07-24 10:25:42,125000.0,100,Sell,226005343
2024-07-24 10:25:42,125000.0,2000,Sell,226005344
2024-07-24 10:25:42,125000.0,1000,Sell,226005346
2024-07-24 10:25:42,125000.0,200,Sell,226005347
2024-07-24 10:25:42,125000.0,100,Sell,226005348
2024-07-24 10:25:42,125000.0,100,Sell,226005349
2024-07-24 10:25:42,125000.0,100,Sell,226005341
2024-07-24 10:25:42,125000.0,500,Sell,226005351
2024-07-24 10:25:43,125000.0,100,Sell,226005414
2024-07-24 10:25:44,125000.0,3000,Sell,226005488
2024-07-24 10:25:47,125000.0,1000,Sell,226005681
2024-07-24 10:25:48,125000.0,1000,Sell,226005715
2024-07-24 10:25:49,125000.0,10000,Sell,226005782
2024-07-24 10:25:50,125000.0,1000,Sell,226005794
2024-07-24 10:25:51,125000.0,1000,Sell,226005861
2024-07-24 10:25:57,124900.0,200,Sell,226006196
2024-07-24 10:25:57,125000.0,100,Sell,226006178
2024-07-24 10:25:57,125000.0,100,Sell,226006179
2024-07-24 10:25:57,125000.0,500,Sell,226006180
2024-07-24 10:25:57,125000.0,100,Sell,226006181
2024-07-24 10:25:57,125000.0,500,Sell,226006182
2024-07-24 10:25:57,125000.0,100,Sell,226006177
2024-07-24 10:25:57,125000.0,100,Sell,226006183
2024-07-24 10:25:57,125000.0,600,Sell,226006184
2024-07-24 10:25:57,125000.0,2100,Sell,226006185
2024-07-24 10:25:57,125000.0,500,Sell,226006186
2024-07-24 10:25:57,125000.0,200,Sell,226006188
2024-07-24 10:25:57,125000.0,100,Sell,226006189
2024-07-24 10:25:57,125000.0,200,Sell,226006190
2024-07-24 10:25:57,125000.0,500,Sell,226006191
2024-07-24 10:25:57,125000.0,200,Sell,226006192
2024-07-24 10:25:57,124900.0,100,Sell,226006193
2024-07-24 10:25:57,124900.0,200,Sell,226006194
2024-07-24 10:25:57,124900.0,500,Sell,226006195
2024-07-24 10:25:57,125000.0,2100,Sell,226006187
2024-07-24 10:25:57,125000.0,100,Sell,226006173
2024-07-24 10:25:57,125000.0,700,Sell,226006164
2024-07-24 10:25:57,125000.0,100,Sell,226006171
2024-07-24 10:25:57,125000.0,8000,Sell,226006150
2024-07-24 10:25:57,125000.0,300,Sell,226006151
2024-07-24 10:25:57,125000.0,100,Sell,226006152
2024-07-24 10:25:57,125000.0,800,Sell,226006153
2024-07-24 10:25:57,125000.0,200,Sell,226006154
2024-07-24 10:25:57,125000.0,100,Sell,226006172
2024-07-24 10:25:57,125000.0,100,Sell,226006156
2024-07-24 10:25:57,125000.0,100,Sell,226006157
2024-07-24 10:25:57,125000.0,100,Sell,226006158
2024-07-24 10:25:57,125000.0,200,Sell,226006159
2024-07-24 10:25:57,125000.0,1000,Sell,226006155
2024-07-24 10:25:57,125000.0,100,Sell,226006161
2024-07-24 10:25:57,125000.0,300,Sell,226006162
2024-07-24 10:25:57,125000.0,100,Sell,226006163
2024-07-24 10:25:57,125000.0,100,Sell,226006165
2024-07-24 10:25:57,125000.0,100,Sell,226006166
2024-07-24 10:25:57,125000.0,500,Sell,226006167
2024-07-24 10:25:57,125000.0,100,Sell,226006168
2024-07-24 10:25:57,125000.0,100,Sell,226006169
2024-07-24 10:25:57,125000.0,100,Sell,226006170
2024-07-24 10:25:57,125000.0,100,Sell,226006160
2024-07-24 10:26:00,124900.0,700,Sell,226006342
2024-07-24 10:26:00,125000.0,100,Buy,226006371
2024-07-24 10:26:08,125000.0,200,Buy,226006773
2024-07-24 10:26:09,124900.0,100,Sell,226006934
2024-07-24 10:26:09,124900.0,2100,Sell,226006935
2024-07-24 10:26:10,124900.0,800,Buy,226007051
2024-07-24 10:26:19,124900.0,1000,Sell,226007555
2024-07-24 10:26:21,124900.0,300,Sell,226007690
2024-07-24 10:26:23,124600.0,100,Sell,226007792
2024-07-24 10:26:23,124700.0,100,Sell,226007791
2024-07-24 10:26:23,124800.0,100,Sell,226007788
2024-07-24 10:26:23,124800.0,100,Sell,226007789
2024-07-24 10:26:23,124700.0,100,Sell,226007790
2024-07-24 10:26:23,124800.0,200,Sell,226007787
2024-07-24 10:26:24,124600.0,200,Sell,226007808
2024-07-24 10:26:41,124700.0,100,Sell,226008849
2024-07-24 10:26:41,124600.0,200,Sell,226008850
2024-07-24 10:26:43,124600.0,9000,Sell,226008922
2024-07-24 10:26:45,124600.0,1100,Sell,226008983
2024-07-24 10:26:45,124600.0,500,Sell,226008982
2024-07-24 10:26:47,124600.0,700,Sell,226009174
2024-07-24 10:26:51,124600.0,100,Sell,226009384
2024-07-24 10:26:53,124600.0,200,Sell,226009499
2024-07-24 10:26:53,124600.0,100,Sell,226009500
2024-07-24 10:27:00,124500.0,300,Sell,226009901
2024-07-24 10:27:00,124500.0,100,Sell,226009900
2024-07-24 10:27:00,124500.0,600,Sell,226009899
2024-07-24 10:27:00,124500.0,2400,Sell,226009876
2024-07-24 10:27:00,124500.0,800,Sell,226009875
2024-07-24 10:27:00,124500.0,100,Sell,226009873
