time,price,volume,match_type,id
2024-07-29 09:14:38,79400.0,5800,ATO/ATC,226839411
2024-07-29 09:15:38,79200.0,100,Buy,226841341
2024-07-29 09:16:03,79200.0,100,Buy,226842097
2024-07-29 09:16:03,79200.0,100,Buy,226842096
2024-07-29 09:16:03,79300.0,800,Buy,226842098
2024-07-29 09:16:29,79200.0,100,Buy,226842944
2024-07-29 09:16:36,79100.0,100,Buy,226843204
2024-07-29 09:16:55,79000.0,100,Sell,226843761
2024-07-29 09:16:56,78900.0,600,Sell,226843789
2024-07-29 09:16:56,78900.0,200,Sell,226843788
2024-07-29 09:16:57,78900.0,1400,Sell,226843813
2024-07-29 09:17:01,78800.0,500,Sell,226843960
2024-07-29 09:17:28,78700.0,100,Sell,226844793
2024-07-29 09:17:32,78500.0,600,Sell,226845068
2024-07-29 09:17:32,78500.0,2300,Sell,226845069
2024-07-29 09:17:42,78500.0,200,Sell,226845353
2024-07-29 09:17:44,78500.0,2900,Sell,226845389
2024-07-29 09:17:45,78500.0,5000,Sell,226845468
2024-07-29 09:17:46,78500.0,12700,Sell,226845507
2024-07-29 09:17:48,78500.0,300,Sell,226845578
2024-07-29 09:18:07,78500.0,1000,Sell,226846246
2024-07-29 09:18:15,78500.0,2000,Sell,226846599
2024-07-29 09:19:04,78700.0,100,Buy,226848194
2024-07-29 09:19:04,78700.0,1000,Buy,226848193
2024-07-29 09:20:08,78700.0,1900,Sell,226850236
2024-07-29 09:20:08,78700.0,100,Sell,226850237
2024-07-29 09:20:23,78800.0,300,Buy,226850673
2024-07-29 09:20:34,78800.0,300,Buy,226851033
2024-07-29 09:20:35,78800.0,1000,Buy,226851050
2024-07-29 09:21:15,78700.0,100,Sell,226852330
2024-07-29 09:21:36,78700.0,100,Sell,226853082
2024-07-29 09:21:59,78700.0,100,Buy,226853877
2024-07-29 09:22:16,78700.0,100,Buy,226854334
2024-07-29 09:22:22,78800.0,100,Buy,226854518
2024-07-29 09:22:46,78800.0,300,Buy,226855174
2024-07-29 09:23:39,78900.0,200,Buy,226856527
2024-07-29 09:23:39,78900.0,300,Buy,226856528
2024-07-29 09:23:40,78900.0,300,Sell,226856540
2024-07-29 09:26:18,78900.0,500,Buy,226860911
2024-07-29 09:26:18,78900.0,200,Buy,226860909
2024-07-29 09:26:18,78900.0,600,Buy,226860910
2024-07-29 09:26:52,79000.0,1000,Buy,226861560
2024-07-29 09:26:52,79000.0,200,Buy,226861561
2024-07-29 09:26:52,79000.0,100,Buy,226861562
2024-07-29 09:27:03,79000.0,100,Buy,226861825
2024-07-29 09:27:12,79000.0,100,Buy,226862012
2024-07-29 09:27:12,79000.0,500,Buy,226862013
2024-07-29 09:27:12,79000.0,100,Buy,226862014
2024-07-29 09:27:12,79000.0,300,Buy,226862015
2024-07-29 09:27:13,79000.0,1300,Sell,226862026
2024-07-29 09:27:29,79100.0,500,Buy,226862331
2024-07-29 09:27:30,79100.0,500,Sell,226862357
2024-07-29 09:27:42,79200.0,100,Buy,226862618
2024-07-29 09:27:42,79200.0,400,Buy,226862619
2024-07-29 09:27:47,79200.0,1000,Buy,226862761
2024-07-29 09:27:47,79200.0,500,Buy,226862762
2024-07-29 09:27:47,79200.0,100,Buy,226862759
2024-07-29 09:27:47,79200.0,1000,Buy,226862760
2024-07-29 09:27:48,79200.0,1000,Sell,226862773
2024-07-29 09:28:19,79100.0,100,Sell,226863520
2024-07-29 09:28:21,79300.0,200,Buy,226863568
2024-07-29 09:28:21,79300.0,1800,Buy,226863569
2024-07-29 09:28:59,79300.0,100,Buy,226864389
2024-07-29 09:29:07,79200.0,21500,Sell,226864532
2024-07-29 09:29:08,79100.0,9500,Sell,226864554
2024-07-29 09:29:08,79100.0,400,Sell,226864552
2024-07-29 09:29:08,79100.0,3000,Sell,226864553
2024-07-29 09:29:12,79100.0,200,Sell,226864622
2024-07-29 09:29:13,79100.0,12900,Sell,226864645
2024-07-29 09:29:14,79100.0,6100,Sell,226864660
2024-07-29 09:29:30,79100.0,100,Buy,226865079
2024-07-29 09:29:31,79000.0,300,Sell,226865087
2024-07-29 09:29:50,79000.0,100,Buy,226865535
2024-07-29 09:29:53,79000.0,500,Buy,226865593
2024-07-29 09:29:53,79000.0,100,Buy,226865592
2024-07-29 09:29:53,79000.0,100,Buy,226865590
2024-07-29 09:29:53,79000.0,300,Buy,226865589
2024-07-29 09:29:53,79000.0,200,Buy,226865591
2024-07-29 09:29:53,78800.0,100,Sell,226865588
2024-07-29 09:29:54,79000.0,1800,Sell,226865625
2024-07-29 09:30:55,79000.0,100,Buy,226867185
2024-07-29 09:31:02,78800.0,400,Sell,226867370
2024-07-29 09:31:02,78800.0,600,Sell,226867371
2024-07-29 09:31:17,78900.0,900,Sell,226867686
2024-07-29 09:31:59,78800.0,400,Sell,226868553
2024-07-29 09:31:59,78800.0,1100,Sell,226868554
2024-07-29 09:32:53,78800.0,500,Sell,226869771
2024-07-29 09:33:02,78700.0,1000,Sell,226870004
2024-07-29 09:33:02,78700.0,400,Sell,226870005
2024-07-29 09:33:18,78800.0,100,Sell,226870423
2024-07-29 09:33:33,78800.0,100,Sell,226870771
2024-07-29 09:33:34,78800.0,100,Sell,226870785
2024-07-29 09:33:34,78800.0,100,Sell,226870786
2024-07-29 09:33:38,78800.0,100,Sell,226870900
2024-07-29 09:33:54,78800.0,100,Sell,226871320
2024-07-29 09:33:55,78800.0,100,Sell,226871363
2024-07-29 09:33:55,78800.0,500,Sell,226871362
2024-07-29 09:33:58,78800.0,100,Buy,226871435
2024-07-29 09:34:07,78800.0,100,Buy,226871605
2024-07-29 09:35:10,78700.0,100,Sell,226873129
2024-07-29 09:35:10,78700.0,100,Sell,226873130
2024-07-29 09:35:10,78600.0,100,Sell,226873131
2024-07-29 09:35:10,78600.0,500,Sell,226873132
2024-07-29 09:35:10,78600.0,2000,Sell,226873133
2024-07-29 09:35:10,78600.0,500,Sell,226873134
2024-07-29 09:35:27,78600.0,500,Buy,226873610
2024-07-29 09:36:46,78600.0,100,Buy,226875676
2024-07-29 09:36:51,78600.0,300,Buy,226875800
2024-07-29 09:36:53,78600.0,1800,Buy,226875866
2024-07-29 09:36:53,78600.0,500,Buy,226875867
2024-07-29 09:37:23,78800.0,100,Buy,226876625
2024-07-29 09:37:30,78800.0,100,Buy,226876803
2024-07-29 09:37:45,78800.0,100,Buy,226877204
2024-07-29 09:37:57,78800.0,100,Buy,226877533
2024-07-29 09:37:59,78800.0,100,Buy,226877610
2024-07-29 09:38:00,78800.0,100,Buy,226877673
2024-07-29 09:38:05,78800.0,100,Buy,226877780
2024-07-29 09:38:06,78800.0,100,Buy,226877793
2024-07-29 09:38:08,78800.0,100,Buy,226877832
2024-07-29 09:38:11,78800.0,100,Buy,226877936
2024-07-29 09:38:15,78800.0,100,Buy,226878010
2024-07-29 09:38:22,78800.0,100,Buy,226878161
2024-07-29 09:38:24,78800.0,100,Buy,226878219
2024-07-29 09:38:27,78800.0,100,Buy,226878309
2024-07-29 09:38:28,78800.0,100,Buy,226878326
2024-07-29 09:38:42,78800.0,100,Buy,226878666
2024-07-29 09:38:52,78800.0,100,Buy,226878903
2024-07-29 09:38:55,78900.0,100,Buy,226878947
2024-07-29 09:39:25,78900.0,2000,Sell,226879617
2024-07-29 09:39:28,78900.0,100,Buy,226879736
2024-07-29 09:39:31,78900.0,100,Buy,226879820
2024-07-29 09:40:47,78700.0,3000,Sell,226881665
2024-07-29 09:41:22,78900.0,100,Buy,226882573
2024-07-29 09:41:28,78900.0,100,Buy,226882743
2024-07-29 09:42:19,78900.0,100,Buy,226883820
2024-07-29 09:43:24,78800.0,100,Buy,226885148
2024-07-29 09:43:40,78800.0,100,Buy,226885470
2024-07-29 09:44:23,78800.0,100,Buy,226886498
2024-07-29 09:44:23,78800.0,3400,Buy,226886499
2024-07-29 09:44:27,78800.0,200,Buy,226886571
2024-07-29 09:44:48,78800.0,300,Sell,226886952
2024-07-29 09:44:48,78800.0,200,Sell,226886953
2024-07-29 09:45:01,78900.0,4500,Buy,226887155
2024-07-29 09:45:01,78900.0,100,Buy,226887156
2024-07-29 09:45:01,78900.0,400,Buy,226887157
2024-07-29 09:46:40,78900.0,100,Buy,226889282
2024-07-29 09:47:13,78900.0,100,Buy,226890046
2024-07-29 09:47:18,78900.0,100,Buy,226890173
2024-07-29 09:47:35,78900.0,100,Buy,226890490
2024-07-29 09:50:32,78800.0,100,Sell,226895027
2024-07-29 09:50:32,78800.0,200,Sell,226895029
2024-07-29 09:50:32,78800.0,100,Sell,226895026
2024-07-29 09:50:32,78800.0,200,Sell,226895028
2024-07-29 09:50:36,78900.0,200,Buy,226895209
2024-07-29 09:50:36,78900.0,500,Buy,226895210
2024-07-29 09:50:49,78900.0,100,Buy,226895509
2024-07-29 09:50:49,78900.0,2900,Buy,226895510
2024-07-29 09:51:02,78900.0,700,Buy,226895895
2024-07-29 09:51:17,78900.0,700,Buy,226896260
2024-07-29 09:51:26,78900.0,700,Buy,226896474
2024-07-29 09:53:09,78900.0,500,Buy,226899232
2024-07-29 09:54:18,79000.0,100,Buy,226901021
2024-07-29 09:54:48,78700.0,500,Sell,226901855
2024-07-29 09:55:35,78700.0,1400,Sell,226903165
2024-07-29 09:55:45,78700.0,100,Sell,226903416
2024-07-29 09:55:45,78700.0,400,Sell,226903417
2024-07-29 09:55:49,79000.0,700,Buy,226903491
2024-07-29 09:55:49,79000.0,1000,Buy,226903488
2024-07-29 09:55:49,79000.0,100,Buy,226903489
2024-07-29 09:55:49,79000.0,200,Buy,226903490
2024-07-29 09:55:51,78700.0,1000,Sell,226903543
2024-07-29 09:55:58,78700.0,1000,Sell,226903705
2024-07-29 09:56:24,78700.0,100,Sell,226904284
2024-07-29 09:56:50,79000.0,100,Buy,226904863
2024-07-29 09:58:08,79000.0,200,Buy,226906673
2024-07-29 09:58:08,79000.0,100,Buy,226906674
2024-07-29 09:58:08,79000.0,500,Buy,226906675
2024-07-29 09:58:08,79000.0,600,Buy,226906676
2024-07-29 10:00:20,78800.0,500,Sell,226908891
2024-07-29 10:02:29,78700.0,500,Sell,226911257
2024-07-29 10:04:07,78700.0,300,Sell,226913151
2024-07-29 10:04:07,78700.0,400,Sell,226913149
2024-07-29 10:04:07,78700.0,300,Sell,226913150
2024-07-29 10:04:28,78700.0,200,Sell,226913585
2024-07-29 10:04:28,78700.0,1000,Sell,226913583
2024-07-29 10:04:28,78700.0,200,Sell,226913584
2024-07-29 10:04:31,78600.0,1000,Sell,226913654
2024-07-29 10:04:51,78600.0,1000,Sell,226914180
2024-07-29 10:04:52,78600.0,5700,Sell,226914193
2024-07-29 10:04:52,78600.0,5000,Sell,226914194
2024-07-29 10:04:52,78600.0,100,Sell,226914195
2024-07-29 10:04:52,78600.0,400,Sell,226914203
2024-07-29 10:04:52,78600.0,100,Sell,226914204
2024-07-29 10:04:52,78600.0,400,Sell,226914207
2024-07-29 10:04:56,78600.0,500,Buy,226914292
2024-07-29 10:06:00,78500.0,700,Sell,226915382
2024-07-29 10:06:39,78600.0,200,Buy,226915957
2024-07-29 10:06:39,78600.0,300,Buy,226915956
2024-07-29 10:07:07,78600.0,800,Buy,226916383
2024-07-29 10:07:07,78600.0,200,Buy,226916384
2024-07-29 10:07:49,78600.0,100,Buy,226917076
2024-07-29 10:07:53,78500.0,200,Sell,226917127
2024-07-29 10:07:53,78500.0,1500,Sell,226917126
2024-07-29 10:07:53,78500.0,1000,Sell,226917125
2024-07-29 10:07:53,78500.0,100,Sell,226917124
2024-07-29 10:07:53,78500.0,200,Sell,226917123
2024-07-29 10:07:53,78500.0,700,Sell,226917122
2024-07-29 10:07:53,78500.0,1000,Sell,226917121
2024-07-29 10:07:53,78500.0,400,Sell,226917120
2024-07-29 10:07:53,78500.0,1000,Sell,226917112
2024-07-29 10:07:53,78500.0,200,Sell,226917118
2024-07-29 10:07:53,78500.0,1900,Sell,226917117
2024-07-29 10:07:53,78500.0,100,Sell,226917116
2024-07-29 10:07:53,78500.0,100,Sell,226917115
2024-07-29 10:07:53,78500.0,200,Sell,226917114
2024-07-29 10:07:53,78500.0,100,Sell,226917113
2024-07-29 10:07:53,78500.0,200,Sell,226917111
2024-07-29 10:07:53,78500.0,200,Sell,226917119
2024-07-29 10:08:03,78400.0,200,Sell,226917266
2024-07-29 10:10:06,78400.0,200,Sell,226919453
2024-07-29 10:10:31,78400.0,100,Sell,226919822
2024-07-29 10:10:32,78400.0,200,Sell,226919834
2024-07-29 10:11:29,78400.0,1000,Buy,226920623
2024-07-29 10:11:48,78400.0,100,Sell,226920895
2024-07-29 10:13:14,78300.0,8200,Sell,226922192
2024-07-29 10:13:14,78300.0,200,Sell,226922190
2024-07-29 10:13:14,78300.0,300,Sell,226922189
2024-07-29 10:13:14,78300.0,100,Sell,226922188
2024-07-29 10:13:14,78400.0,100,Sell,226922183
2024-07-29 10:13:14,78300.0,100,Sell,226922186
2024-07-29 10:13:14,78400.0,700,Sell,226922185
2024-07-29 10:13:14,78400.0,100,Sell,226922184
2024-07-29 10:13:14,78300.0,100,Sell,226922187
2024-07-29 10:13:14,78300.0,100,Sell,226922191
2024-07-29 10:13:42,78300.0,1300,Sell,226922599
2024-07-29 10:13:42,78300.0,200,Sell,226922600
2024-07-29 10:13:42,78300.0,100,Sell,226922601
2024-07-29 10:13:43,78300.0,400,Sell,226922631
2024-07-29 10:13:43,78300.0,400,Sell,226922632
2024-07-29 10:14:24,78300.0,100,Sell,226923167
2024-07-29 10:15:24,78200.0,100,Sell,226924016
2024-07-29 10:16:26,78300.0,600,Buy,226925043
2024-07-29 10:16:26,78300.0,100,Buy,226925044
2024-07-29 10:16:44,78300.0,400,Buy,226925331
2024-07-29 10:18:32,78300.0,500,Sell,226927135
2024-07-29 10:19:00,78300.0,300,Sell,226927533
2024-07-29 10:19:57,78500.0,100,Buy,226928326
2024-07-29 10:20:40,78500.0,100,Buy,226928923
2024-07-29 10:23:07,78500.0,100,Buy,226932029
2024-07-29 10:24:55,78300.0,200,Sell,226933752
2024-07-29 10:25:39,78500.0,100,Buy,226934310
2024-07-29 10:28:40,78500.0,100,Buy,226937072
2024-07-29 10:28:40,78400.0,200,Buy,226937070
2024-07-29 10:28:40,78500.0,300,Buy,226937071
2024-07-29 10:29:58,78400.0,500,Sell,226938279
2024-07-29 10:31:56,78300.0,100,Sell,226939973
2024-07-29 10:31:56,78300.0,200,Sell,226939972
2024-07-29 10:31:56,78300.0,1000,Sell,226939971
2024-07-29 10:31:56,78300.0,100,Sell,226939970
2024-07-29 10:31:56,78300.0,500,Sell,226939967
2024-07-29 10:31:56,78300.0,300,Sell,226939968
2024-07-29 10:31:56,78300.0,200,Sell,226939969
2024-07-29 10:31:56,78300.0,1000,Sell,226939947
2024-07-29 10:31:56,78300.0,300,Sell,226939966
2024-07-29 10:31:56,78300.0,100,Sell,226939965
2024-07-29 10:32:32,78400.0,100,Buy,226940462
2024-07-29 10:32:32,78400.0,500,Buy,226940463
2024-07-29 10:34:08,78400.0,200,Buy,226941735
2024-07-29 10:37:08,78300.0,100,Sell,226944261
2024-07-29 10:38:00,78400.0,200,Sell,226944902
2024-07-29 10:38:38,78400.0,2000,Buy,226945465
2024-07-29 10:38:39,78300.0,200,Sell,226945472
2024-07-29 10:38:39,78300.0,200,Sell,226945473
2024-07-29 10:40:50,78300.0,900,Buy,226947641
2024-07-29 10:41:16,78300.0,3000,Sell,226947981
2024-07-29 10:47:56,78300.0,100,Sell,226953202
2024-07-29 10:47:56,78300.0,100,Sell,226953201
2024-07-29 10:48:16,78300.0,100,Buy,226953448
2024-07-29 10:48:58,78200.0,1000,Sell,226954067
2024-07-29 10:48:58,78200.0,700,Sell,226954068
2024-07-29 10:48:58,78200.0,400,Sell,226954069
2024-07-29 10:48:58,78200.0,500,Sell,226954070
2024-07-29 10:48:58,78100.0,100,Sell,226954071
2024-07-29 10:48:58,78100.0,200,Sell,226954072
2024-07-29 10:48:58,78200.0,200,Sell,226954066
2024-07-29 10:50:35,78100.0,100,Sell,226955560
2024-07-29 10:51:02,78100.0,200,Sell,226955907
2024-07-29 10:51:02,78100.0,100,Sell,226955908
2024-07-29 10:51:02,78100.0,500,Sell,226955909
2024-07-29 10:51:02,78100.0,100,Sell,226955910
2024-07-29 10:51:02,78000.0,1000,Sell,226955911
2024-07-29 10:51:02,78000.0,100,Sell,226955912
2024-07-29 10:51:18,78000.0,1000,Sell,226956146
2024-07-29 10:51:29,78000.0,100,Sell,226956423
2024-07-29 10:51:33,78000.0,1000,Sell,226956526
2024-07-29 10:51:33,78000.0,500,Sell,226956525
2024-07-29 10:51:33,78000.0,100,Sell,226956523
2024-07-29 10:51:33,78000.0,100,Sell,226956522
2024-07-29 10:51:33,78000.0,1000,Sell,226956516
2024-07-29 10:51:33,78000.0,100,Sell,226956520
2024-07-29 10:51:33,78000.0,1000,Sell,226956517
2024-07-29 10:51:33,78000.0,1000,Sell,226956521
2024-07-29 10:51:33,78000.0,100,Sell,226956519
2024-07-29 10:51:33,78000.0,100,Sell,226956518
2024-07-29 10:51:36,78100.0,300,Sell,226956557
2024-07-29 10:52:24,78000.0,200,Sell,226957204
2024-07-29 10:52:24,78000.0,500,Sell,226957206
2024-07-29 10:52:24,78000.0,100,Sell,226957207
2024-07-29 10:52:43,77900.0,100,Sell,226957493
2024-07-29 10:52:43,77900.0,900,Sell,226957494
2024-07-29 10:53:22,77900.0,100,Sell,226957937
2024-07-29 10:53:49,77900.0,900,Sell,226958313
2024-07-29 10:53:49,77900.0,700,Sell,226958314
2024-07-29 10:53:49,77600.0,5000,Sell,226958315
2024-07-29 10:53:49,77600.0,400,Sell,226958316
2024-07-29 10:56:42,77900.0,500,Buy,226960758
2024-07-29 10:56:45,77700.0,600,Sell,226960798
2024-07-29 10:56:45,77800.0,100,Sell,226960797
2024-07-29 10:58:14,77700.0,100,Sell,226961745
2024-07-29 11:00:20,77700.0,100,Sell,226963543
2024-07-29 11:05:05,77800.0,500,Sell,226967468
2024-07-29 11:05:05,77800.0,200,Sell,226967469
2024-07-29 11:05:05,77800.0,500,Sell,226967470
2024-07-29 11:05:05,77800.0,700,Sell,226967471
2024-07-29 11:05:05,77800.0,6000,Sell,226967472
2024-07-29 11:05:05,77700.0,100,Sell,226967473
2024-07-29 11:05:05,77700.0,400,Sell,226967474
2024-07-29 11:06:41,77700.0,100,Sell,226968604
2024-07-29 11:06:41,77700.0,500,Sell,226968605
2024-07-29 11:06:41,77700.0,100,Sell,226968606
2024-07-29 11:07:12,77700.0,100,Sell,226968880
2024-07-29 11:07:12,77800.0,100,Buy,226968885
2024-07-29 11:07:12,77700.0,300,Sell,226968878
2024-07-29 11:07:12,77700.0,600,Sell,226968879
2024-07-29 11:07:22,77800.0,100,Buy,226968985
2024-07-29 11:09:42,77800.0,100,Buy,226970763
2024-07-29 11:10:40,77800.0,100,Buy,226971600
2024-07-29 11:10:40,77800.0,200,Buy,226971601
2024-07-29 11:11:07,77700.0,100,Sell,226971937
2024-07-29 11:11:07,77700.0,100,Sell,226971938
2024-07-29 11:13:25,77700.0,500,Sell,226973751
2024-07-29 11:13:25,77700.0,500,Sell,226973752
2024-07-29 11:13:25,77700.0,100,Sell,226973753
2024-07-29 11:14:40,77600.0,200,Sell,226974984
2024-07-29 11:14:40,77600.0,1000,Sell,226974983
2024-07-29 11:14:40,77600.0,100,Sell,226974982
2024-07-29 11:14:40,77600.0,500,Sell,226974980
2024-07-29 11:14:40,77600.0,500,Sell,226974981
2024-07-29 11:14:40,77600.0,100,Sell,226974978
2024-07-29 11:14:40,77600.0,100,Sell,226974977
2024-07-29 11:14:40,77600.0,700,Sell,226974976
2024-07-29 11:14:40,77600.0,100,Sell,226974975
2024-07-29 11:14:40,77600.0,100,Sell,226974979
2024-07-29 11:14:53,77600.0,2000,Sell,226975135
2024-07-29 11:15:00,77500.0,300,Sell,226975265
2024-07-29 11:15:00,77500.0,400,Sell,226975266
2024-07-29 11:17:00,77600.0,200,Buy,226976978
2024-07-29 11:18:02,77600.0,100,Buy,226977882
2024-07-29 11:18:55,77600.0,500,Buy,226978428
2024-07-29 11:19:06,77600.0,200,Buy,226978538
2024-07-29 11:19:19,77600.0,400,Buy,226978635
2024-07-29 11:19:19,77600.0,300,Buy,226978636
2024-07-29 11:19:19,77600.0,100,Buy,226978637
2024-07-29 11:23:24,77600.0,100,Sell,226981157
2024-07-29 11:24:25,77700.0,100,Buy,226981949
2024-07-29 11:24:37,77700.0,200,Buy,226982102
2024-07-29 11:24:44,77700.0,200,Buy,226982161
2024-07-29 11:25:21,77800.0,100,Buy,226982609
2024-07-29 11:25:34,77800.0,200,Buy,226982715
2024-07-29 11:25:35,77800.0,100,Buy,226982722
2024-07-29 11:26:23,77800.0,100,Buy,226983309
2024-07-29 11:26:59,77900.0,200,Buy,226983704
2024-07-29 11:27:03,77900.0,300,Buy,226983732
2024-07-29 12:59:36,77900.0,500,Buy,226985481
2024-07-29 13:00:57,77900.0,100,Buy,226990410
2024-07-29 13:00:57,77900.0,100,Buy,226990411
2024-07-29 13:02:07,77900.0,100,Sell,226991828
2024-07-29 13:02:32,77900.0,100,Sell,226992520
2024-07-29 13:06:22,77900.0,100,Sell,226997714
2024-07-29 13:06:22,77900.0,300,Sell,226997715
2024-07-29 13:06:24,78000.0,1000,Buy,226997773
2024-07-29 13:07:25,78000.0,500,Buy,226999211
2024-07-29 13:09:02,78000.0,100,Buy,227001368
2024-07-29 13:09:02,78000.0,100,Buy,227001369
2024-07-29 13:09:02,78000.0,100,Buy,227001370
2024-07-29 13:10:18,78000.0,100,Buy,227003337
2024-07-29 13:10:43,78000.0,100,Buy,227004025
2024-07-29 13:10:43,78000.0,900,Buy,227004024
2024-07-29 13:12:28,78200.0,200,Buy,227006528
2024-07-29 13:12:28,78200.0,300,Buy,227006527
2024-07-29 13:13:41,78200.0,300,Buy,227008299
2024-07-29 13:14:55,78400.0,500,Buy,227010189
2024-07-29 13:18:40,78400.0,300,Buy,227015443
2024-07-29 13:18:55,78200.0,400,Sell,227015796
2024-07-29 13:18:55,78400.0,600,Buy,227015808
2024-07-29 13:18:59,78400.0,1400,Sell,227015872
2024-07-29 13:19:19,78400.0,200,Buy,227016394
2024-07-29 13:19:44,78400.0,100,Buy,227016991
2024-07-29 13:19:55,78400.0,100,Buy,227017272
2024-07-29 13:21:27,78400.0,200,Buy,227019130
2024-07-29 13:21:27,78400.0,100,Buy,227019131
2024-07-29 13:21:55,78400.0,200,Buy,227019762
2024-07-29 13:22:15,78300.0,200,Buy,227020170
2024-07-29 13:23:13,78300.0,300,Buy,227021240
2024-07-29 13:23:32,78300.0,400,Buy,227021632
2024-07-29 13:24:14,78300.0,100,Buy,227022701
2024-07-29 13:24:30,78400.0,200,Buy,227022975
2024-07-29 13:24:51,78400.0,100,Buy,227023503
2024-07-29 13:25:02,78400.0,700,Buy,227023874
2024-07-29 13:25:02,78400.0,300,Buy,227023875
2024-07-29 13:25:47,78400.0,400,Buy,227025006
2024-07-29 13:25:53,78400.0,1000,Buy,227025199
2024-07-29 13:26:09,78400.0,1000,Buy,227025589
2024-07-29 13:26:21,78400.0,800,Buy,227025901
2024-07-29 13:26:26,78400.0,1500,Buy,227025996
2024-07-29 13:26:43,78400.0,700,Buy,227026320
2024-07-29 13:27:04,78500.0,100,Buy,227026775
2024-07-29 13:27:04,78500.0,500,Buy,227026779
2024-07-29 13:27:04,78500.0,500,Buy,227026780
2024-07-29 13:27:04,78500.0,300,Buy,227026781
2024-07-29 13:27:20,78700.0,500,Buy,227027087
2024-07-29 13:27:20,78700.0,100,Buy,227027086
2024-07-29 13:27:20,78700.0,600,Buy,227027085
2024-07-29 13:27:20,78600.0,100,Buy,227027083
2024-07-29 13:27:20,78600.0,100,Buy,227027082
2024-07-29 13:27:20,78600.0,200,Buy,227027081
2024-07-29 13:27:20,78600.0,400,Buy,227027084
2024-07-29 13:27:30,78800.0,100,Buy,227027313
2024-07-29 13:27:30,78800.0,1400,Buy,227027314
2024-07-29 13:27:35,78800.0,1700,Buy,227027500
2024-07-29 13:27:50,78800.0,1000,Buy,227027784
2024-07-29 13:27:57,78800.0,500,Buy,227027945
2024-07-29 13:27:57,78800.0,1300,Buy,227027946
2024-07-29 13:28:18,78800.0,100,Buy,227028399
2024-07-29 13:28:18,78800.0,100,Buy,227028400
2024-07-29 13:28:20,78800.0,1000,Sell,227028430
2024-07-29 13:28:27,78900.0,100,Buy,227028580
2024-07-29 13:28:28,78800.0,100,Sell,227028604
2024-07-29 13:28:29,78800.0,1000,Sell,227028632
2024-07-29 13:28:47,78800.0,300,Sell,227029095
2024-07-29 13:29:07,78800.0,1400,Sell,227029736
2024-07-29 13:29:07,78900.0,400,Buy,227029723
2024-07-29 13:29:07,78800.0,200,Sell,227029737
2024-07-29 13:29:27,78800.0,1000,Buy,227030482
2024-07-29 13:29:47,78800.0,1000,Sell,227030989
2024-07-29 13:30:52,78800.0,100,Sell,227032375
2024-07-29 13:31:06,78900.0,1300,Buy,227032917
2024-07-29 13:31:06,78900.0,200,Buy,227032918
2024-07-29 13:31:06,78900.0,900,Buy,227032919
2024-07-29 13:31:17,78900.0,1200,Sell,227033230
2024-07-29 13:31:23,78900.0,800,Buy,227033376
2024-07-29 13:31:30,78900.0,200,Sell,227033690
2024-07-29 13:31:30,78900.0,800,Sell,227033694
2024-07-29 13:31:45,78900.0,400,Sell,227034147
2024-07-29 13:32:01,78900.0,100,Buy,227034555
2024-07-29 13:32:26,78900.0,500,Buy,227035082
2024-07-29 13:32:26,78900.0,200,Buy,227035083
2024-07-29 13:32:26,78900.0,200,Buy,227035084
2024-07-29 13:32:34,78900.0,1900,Sell,227035300
2024-07-29 13:32:35,78900.0,500,Sell,227035309
2024-07-29 13:32:35,78900.0,2500,Sell,227035308
2024-07-29 13:33:20,78800.0,100,Sell,227036394
2024-07-29 13:33:24,78800.0,6800,Sell,227036482
2024-07-29 13:33:54,78800.0,100,Sell,227037288
2024-07-29 13:34:10,78800.0,100,Sell,227037676
2024-07-29 13:34:48,78600.0,200,Sell,227038743
2024-07-29 13:34:56,78800.0,100,Buy,227038959
2024-07-29 13:35:19,78800.0,100,Buy,227039579
2024-07-29 13:35:37,78700.0,100,Sell,227040046
2024-07-29 13:36:46,78700.0,500,Buy,227041793
2024-07-29 13:37:55,78700.0,100,Buy,227043525
2024-07-29 13:38:20,78600.0,200,Sell,227044195
2024-07-29 13:38:20,78600.0,300,Sell,227044196
2024-07-29 13:38:20,78600.0,300,Sell,227044197
2024-07-29 13:39:44,78600.0,600,Buy,227046497
2024-07-29 13:39:54,78600.0,100,Buy,227046798
2024-07-29 13:40:10,78600.0,400,Buy,227047484
2024-07-29 13:40:17,78600.0,100,Sell,227047673
2024-07-29 13:40:30,78600.0,100,Buy,227048093
2024-07-29 13:41:07,78600.0,100,Sell,227049231
2024-07-29 13:42:43,78600.0,300,Buy,227052465
2024-07-29 13:44:35,78600.0,100,Buy,227055888
2024-07-29 13:45:40,78500.0,100,Buy,227057865
2024-07-29 13:45:40,78600.0,100,Buy,227057866
2024-07-29 13:46:46,78600.0,100,Buy,227059950
2024-07-29 13:47:02,78600.0,100,Buy,227060414
2024-07-29 13:47:27,78600.0,100,Buy,227061189
2024-07-29 13:48:50,78600.0,200,Buy,227063741
2024-07-29 13:48:50,78600.0,100,Buy,227063742
2024-07-29 13:49:45,78600.0,400,Buy,227065260
2024-07-29 13:49:45,78600.0,500,Buy,227065261
2024-07-29 13:49:45,78600.0,1000,Buy,227065262
2024-07-29 13:49:45,78600.0,1000,Buy,227065263
2024-07-29 13:50:57,78600.0,100,Sell,227067226
2024-07-29 13:51:56,78500.0,100,Sell,227068945
2024-07-29 13:51:56,78500.0,100,Sell,227068946
2024-07-29 13:53:04,78500.0,100,Sell,227070735
2024-07-29 13:53:04,78500.0,400,Sell,227070734
2024-07-29 13:53:05,78500.0,200,Sell,227070746
2024-07-29 13:53:42,78600.0,100,Buy,227071562
2024-07-29 13:53:43,78600.0,300,Buy,227071571
2024-07-29 13:54:26,78500.0,200,Sell,227072729
2024-07-29 13:54:26,78500.0,300,Sell,227072730
2024-07-29 13:54:58,78500.0,100,Sell,227073459
2024-07-29 13:55:37,78500.0,2000,Sell,227074309
2024-07-29 13:55:50,78600.0,400,Buy,227074678
2024-07-29 13:56:12,78500.0,100,Sell,227075295
2024-07-29 13:57:54,78600.0,3100,Buy,227077747
2024-07-29 13:57:54,78600.0,200,Buy,227077748
2024-07-29 14:01:21,78500.0,2000,Sell,227083266
2024-07-29 14:01:34,78500.0,500,Sell,227083585
2024-07-29 14:03:42,78600.0,100,Buy,227087976
2024-07-29 14:03:45,78500.0,100,Sell,227088042
2024-07-29 14:03:45,78500.0,100,Sell,227088041
2024-07-29 14:03:45,78500.0,200,Sell,227088040
2024-07-29 14:03:55,78500.0,100,Buy,227088429
2024-07-29 14:03:55,78500.0,100,Buy,227088430
2024-07-29 14:05:06,78500.0,100,Sell,227090487
2024-07-29 14:05:06,78500.0,100,Sell,227090495
2024-07-29 14:06:21,78500.0,100,Sell,227092687
2024-07-29 14:08:38,78500.0,200,Sell,227096711
2024-07-29 14:08:56,78500.0,300,Sell,227097187
2024-07-29 14:08:56,78500.0,300,Sell,227097188
2024-07-29 14:08:56,78500.0,400,Sell,227097189
2024-07-29 14:09:10,78500.0,1600,Sell,227097534
2024-07-29 14:09:10,78500.0,100,Sell,227097536
2024-07-29 14:09:10,78500.0,200,Sell,227097537
2024-07-29 14:09:10,78500.0,100,Sell,227097535
2024-07-29 14:09:33,78500.0,100,Sell,227098076
2024-07-29 14:09:54,78500.0,1000,Buy,227098594
2024-07-29 14:11:44,78300.0,100,Sell,227101434
2024-07-29 14:11:44,78300.0,800,Sell,227101436
2024-07-29 14:11:44,78300.0,100,Sell,227101435
2024-07-29 14:11:44,78300.0,3000,Sell,227101433
2024-07-29 14:11:44,78400.0,800,Sell,227101431
2024-07-29 14:11:44,78400.0,100,Sell,227101430
2024-07-29 14:11:44,78300.0,100,Sell,227101432
2024-07-29 14:14:50,78300.0,200,Sell,227106103
2024-07-29 14:14:50,78300.0,200,Sell,227106104
2024-07-29 14:14:50,78300.0,1500,Sell,227106105
2024-07-29 14:16:55,78400.0,200,Buy,227109630
2024-07-29 14:18:02,78400.0,100,Buy,227111782
2024-07-29 14:18:27,78500.0,400,Buy,227112309
2024-07-29 14:18:27,78500.0,200,Buy,227112310
2024-07-29 14:18:27,78500.0,1500,Buy,227112311
2024-07-29 14:18:27,78500.0,300,Buy,227112312
2024-07-29 14:18:27,78500.0,100,Buy,227112313
2024-07-29 14:18:46,78500.0,100,Buy,227112900
2024-07-29 14:19:29,78500.0,100,Buy,227114096
2024-07-29 14:19:50,78500.0,100,Buy,227114664
2024-07-29 14:19:54,78500.0,100,Buy,227114740
2024-07-29 14:20:25,78500.0,200,Buy,227115802
2024-07-29 14:20:34,78500.0,100,Buy,227116019
2024-07-29 14:20:36,78500.0,100,Buy,227116076
2024-07-29 14:23:54,78400.0,200,Sell,227122255
2024-07-29 14:23:54,78400.0,4000,Sell,227122256
2024-07-29 14:23:57,78400.0,5000,Buy,227122352
2024-07-29 14:24:04,78400.0,100,Buy,227122514
2024-07-29 14:24:06,78300.0,100,Sell,227122603
2024-07-29 14:24:15,78400.0,1200,Buy,227122860
2024-07-29 14:24:15,78400.0,900,Buy,227122861
2024-07-29 14:24:27,78400.0,900,Sell,227123321
2024-07-29 14:25:27,78400.0,100,Buy,227125916
2024-07-29 14:25:27,78400.0,200,Buy,227125917
2024-07-29 14:25:27,78400.0,300,Buy,227125918
2024-07-29 14:25:27,78400.0,700,Buy,227125919
2024-07-29 14:25:47,78400.0,200,Buy,227126831
2024-07-29 14:26:17,78400.0,500,Buy,227127776
2024-07-29 14:26:17,78400.0,200,Buy,227127774
2024-07-29 14:26:17,78400.0,300,Buy,227127773
2024-07-29 14:26:17,78400.0,1000,Buy,227127775
2024-07-29 14:26:30,78300.0,100,Sell,227128168
2024-07-29 14:27:04,78400.0,300,Buy,227129441
2024-07-29 14:27:27,78400.0,100,Buy,227130210
2024-07-29 14:27:35,78400.0,100,Buy,227130485
2024-07-29 14:27:35,78400.0,300,Buy,227130486
2024-07-29 14:28:04,78400.0,200,Buy,227131531
2024-07-29 14:28:04,78400.0,100,Buy,227131532
2024-07-29 14:28:07,78400.0,700,Sell,227131621
2024-07-29 14:28:15,78400.0,2000,Sell,227131998
2024-07-29 14:28:46,78400.0,100,Buy,227133082
2024-07-29 14:28:49,78400.0,900,Buy,227133195
2024-07-29 14:28:49,78400.0,1000,Buy,227133196
2024-07-29 14:29:00,78400.0,100,Sell,227133845
2024-07-29 14:44:39,78300.0,17100,ATO/ATC,227136087
