time,price,volume,match_type,id
2024-08-09 09:14:39,70900.0,5000,ATO/ATC,230423348
2024-08-09 09:14:55,70900.0,700,Buy,230423886
2024-08-09 09:15:09,71000.0,100,Buy,230424227
2024-08-09 09:15:09,71000.0,200,Buy,230424226
2024-08-09 09:15:37,71200.0,100,Buy,230424867
2024-08-09 09:16:23,71200.0,400,Sell,230425975
2024-08-09 09:17:20,71500.0,200,Buy,230427491
2024-08-09 09:17:38,71500.0,400,Sell,230427959
2024-08-09 09:17:38,71500.0,500,Sell,230427960
2024-08-09 09:18:47,71700.0,100,Sell,230429621
2024-08-09 09:18:50,71700.0,100,Sell,230429678
2024-08-09 09:19:10,71800.0,100,Sell,230430107
2024-08-09 09:19:26,72000.0,200,Buy,230430511
2024-08-09 09:19:26,72000.0,100,Buy,230430512
2024-08-09 09:19:26,72000.0,400,Buy,230430513
2024-08-09 09:19:26,72000.0,400,Buy,230430514
2024-08-09 09:19:26,72000.0,100,Buy,230430515
2024-08-09 09:20:14,72000.0,100,Sell,230431680
2024-08-09 09:20:17,72100.0,400,Buy,230431761
2024-08-09 09:20:17,72100.0,400,Buy,230431762
2024-08-09 09:20:19,72000.0,600,Sell,230431816
2024-08-09 09:20:19,72100.0,1600,Sell,230431815
2024-08-09 09:20:33,72000.0,500,Sell,230432093
2024-08-09 09:20:51,72000.0,900,Sell,230432462
2024-08-09 09:20:53,72000.0,100,Buy,230432517
2024-08-09 09:21:03,72000.0,1100,Sell,230432737
2024-08-09 09:21:04,72100.0,800,Buy,230432743
2024-08-09 09:21:04,72200.0,100,Buy,230432744
2024-08-09 09:21:04,72200.0,400,Buy,230432745
2024-08-09 09:21:04,72200.0,400,Buy,230432746
2024-08-09 09:21:17,72300.0,400,Buy,230433102
2024-08-09 09:21:36,72300.0,700,Sell,230433615
2024-08-09 09:22:06,72300.0,100,Buy,230434313
2024-08-09 09:22:06,72300.0,400,Buy,230434314
2024-08-09 09:22:06,72300.0,600,Buy,230434323
2024-08-09 09:22:06,72300.0,100,Buy,230434324
2024-08-09 09:22:10,72300.0,1000,Sell,230434405
2024-08-09 09:22:14,72300.0,200,Sell,230434536
2024-08-09 09:22:28,72300.0,100,Sell,230434908
2024-08-09 09:22:35,72300.0,100,Sell,230435083
2024-08-09 09:22:42,72300.0,100,Sell,230435256
2024-08-09 09:23:25,72200.0,500,Sell,230436273
2024-08-09 09:23:30,72200.0,100,Sell,230436440
2024-08-09 09:23:33,72200.0,200,Sell,230436478
2024-08-09 09:23:35,72200.0,100,Sell,230436539
2024-08-09 09:23:42,72200.0,500,Sell,230436740
2024-08-09 09:23:54,72200.0,1500,Sell,230436958
2024-08-09 09:23:55,72200.0,100,Sell,230436981
2024-08-09 09:23:56,72200.0,100,Sell,230437009
2024-08-09 09:23:59,72200.0,1600,Sell,230437084
2024-08-09 09:23:59,72200.0,400,Sell,230437085
2024-08-09 09:24:03,72200.0,400,Sell,230437191
2024-08-09 09:24:04,72200.0,900,Sell,230437201
2024-08-09 09:24:05,72200.0,400,Sell,230437237
2024-08-09 09:24:12,72200.0,2000,Sell,230437412
2024-08-09 09:24:12,72200.0,100,Sell,230437413
2024-08-09 09:24:12,72200.0,500,Sell,230437394
2024-08-09 09:24:12,72200.0,100,Sell,230437411
2024-08-09 09:24:27,72000.0,800,Sell,230437784
2024-08-09 09:24:33,72000.0,100,Sell,230437886
2024-08-09 09:24:46,71800.0,1100,Sell,230438147
2024-08-09 09:25:01,72000.0,200,Buy,230438539
2024-08-09 09:25:21,71800.0,500,Sell,230438970
2024-08-09 09:26:20,71800.0,100,Sell,230440336
2024-08-09 09:28:15,72000.0,300,Buy,230442832
2024-08-09 09:28:15,72000.0,1700,Buy,230442831
2024-08-09 09:29:20,71900.0,100,Sell,230444196
2024-08-09 09:30:56,71900.0,100,Buy,230446475
2024-08-09 09:31:07,71900.0,300,Buy,230446711
2024-08-09 09:31:07,71900.0,700,Buy,230446712
2024-08-09 09:32:07,72000.0,400,Buy,230447886
2024-08-09 09:32:07,72000.0,200,Buy,230447888
2024-08-09 09:32:07,72000.0,200,Buy,230447887
2024-08-09 09:32:07,72000.0,1000,Buy,230447885
2024-08-09 09:32:07,72000.0,500,Buy,230447882
2024-08-09 09:32:07,72000.0,100,Buy,230447883
2024-08-09 09:32:07,72000.0,200,Buy,230447881
2024-08-09 09:32:07,72000.0,100,Buy,230447884
2024-08-09 09:32:07,71900.0,100,Buy,230447880
2024-08-09 09:32:58,72000.0,200,Sell,230448774
2024-08-09 09:35:19,72000.0,3000,Buy,230451349
2024-08-09 09:35:19,72000.0,100,Buy,230451350
2024-08-09 09:35:19,72000.0,1900,Buy,230451351
2024-08-09 09:35:21,72000.0,3100,Buy,230451371
2024-08-09 09:35:23,72000.0,200,Sell,230451444
2024-08-09 09:35:24,72000.0,500,Buy,230451457
2024-08-09 09:36:45,72000.0,1000,Sell,230452970
2024-08-09 09:36:45,72000.0,2000,Sell,230452971
2024-08-09 09:36:47,72100.0,100,Buy,230452993
2024-08-09 09:36:47,72200.0,1300,Buy,230452994
2024-08-09 09:36:47,72100.0,100,Buy,230452991
2024-08-09 09:36:47,72100.0,500,Buy,230452992
2024-08-09 09:37:19,72200.0,500,Buy,230453507
2024-08-09 09:37:19,72200.0,6500,Buy,230453506
2024-08-09 09:37:19,72200.0,100,Buy,230453508
2024-08-09 09:37:19,72200.0,100,Buy,230453509
2024-08-09 09:37:19,72200.0,100,Buy,230453510
2024-08-09 09:37:19,72200.0,100,Buy,230453511
2024-08-09 09:37:23,72300.0,100,Buy,230453585
2024-08-09 09:37:23,72300.0,200,Buy,230453584
2024-08-09 09:37:23,72300.0,100,Buy,230453583
2024-08-09 09:37:23,72300.0,100,Buy,230453580
2024-08-09 09:37:23,72300.0,200,Buy,230453581
2024-08-09 09:37:23,72300.0,100,Buy,230453579
2024-08-09 09:37:23,72300.0,200,Buy,230453582
2024-08-09 09:37:48,72300.0,200,Buy,230454040
2024-08-09 09:37:48,72300.0,100,Buy,230454039
2024-08-09 09:37:48,72300.0,1000,Buy,230454038
2024-08-09 09:37:48,72300.0,500,Buy,230454036
2024-08-09 09:37:48,72300.0,200,Buy,230454035
2024-08-09 09:37:48,72300.0,100,Buy,230454037
2024-08-09 09:37:57,72300.0,500,Sell,230454235
2024-08-09 09:38:03,72300.0,400,Sell,230454402
2024-08-09 09:38:39,72400.0,100,Buy,230455024
2024-08-09 09:38:39,72400.0,600,Buy,230455023
2024-08-09 09:38:39,72400.0,100,Buy,230455022
2024-08-09 09:38:39,72400.0,100,Buy,230455021
2024-08-09 09:38:39,72400.0,200,Buy,230455019
2024-08-09 09:38:39,72400.0,100,Buy,230455018
2024-08-09 09:38:39,72400.0,400,Buy,230455017
2024-08-09 09:38:39,72400.0,100,Buy,230455020
2024-08-09 09:39:41,72500.0,200,Buy,230456040
2024-08-09 09:39:41,72500.0,400,Buy,230456041
2024-08-09 09:39:41,72500.0,400,Buy,230456042
2024-08-09 09:39:41,72500.0,1000,Buy,230456043
2024-08-09 09:40:08,72400.0,3000,Sell,230456477
2024-08-09 09:40:08,72400.0,300,Sell,230456475
2024-08-09 09:40:08,72400.0,700,Sell,230456476
2024-08-09 09:40:43,72300.0,100,Sell,230457148
2024-08-09 09:41:08,72300.0,1000,Sell,230457531
2024-08-09 09:41:39,72300.0,900,Sell,230458007
2024-08-09 09:41:39,72300.0,100,Sell,230458008
2024-08-09 09:41:53,72300.0,100,Sell,230458222
2024-08-09 09:41:55,72400.0,100,Buy,230458245
2024-08-09 09:41:57,72300.0,500,Sell,230458307
2024-08-09 09:42:03,72300.0,1000,Sell,230458424
2024-08-09 09:42:27,72300.0,300,Sell,230458766
2024-08-09 09:42:27,72300.0,100,Sell,230458767
2024-08-09 09:42:29,72300.0,100,Sell,230458799
2024-08-09 09:42:55,72000.0,1000,Sell,230459293
2024-08-09 09:42:55,72000.0,2000,Sell,230459291
2024-08-09 09:42:55,72000.0,800,Sell,230459292
2024-08-09 09:42:55,72200.0,100,Sell,230459289
2024-08-09 09:42:55,72200.0,2000,Sell,230459288
2024-08-09 09:42:55,72000.0,500,Sell,230459290
2024-08-09 09:42:55,72200.0,600,Sell,230459287
2024-08-09 09:45:23,71900.0,500,Buy,230461647
2024-08-09 09:45:30,72000.0,100,Buy,230461766
2024-08-09 09:48:39,72000.0,200,Buy,230465452
2024-08-09 09:49:40,72000.0,100,Buy,230466721
2024-08-09 09:49:40,72000.0,100,Buy,230466722
2024-08-09 09:49:50,72000.0,400,Buy,230466918
2024-08-09 09:49:50,72000.0,200,Buy,230466919
2024-08-09 09:51:04,71800.0,300,Sell,230468691
2024-08-09 09:51:04,71800.0,1000,Sell,230468692
2024-08-09 09:51:04,71800.0,1200,Sell,230468693
2024-08-09 09:51:04,71800.0,300,Sell,230468694
2024-08-09 09:51:04,71800.0,1000,Sell,230468695
2024-08-09 09:51:04,71800.0,200,Sell,230468696
2024-08-09 09:54:38,71800.0,100,Sell,230474415
2024-08-09 09:54:38,71800.0,1400,Sell,230474416
2024-08-09 09:54:38,71800.0,1500,Sell,230474417
2024-08-09 09:55:24,71800.0,1200,Sell,230475850
2024-08-09 09:55:24,71800.0,500,Sell,230475849
2024-08-09 09:59:24,71800.0,1500,Sell,230482348
2024-08-09 09:59:24,71800.0,100,Sell,230482349
2024-08-09 09:59:48,71800.0,100,Buy,230483071
2024-08-09 10:00:54,71800.0,100,Buy,230484618
2024-08-09 10:01:25,71800.0,200,Buy,230485271
2024-08-09 10:01:34,71800.0,100,Sell,230485494
2024-08-09 10:02:34,71800.0,100,Buy,230486879
2024-08-09 10:03:47,71800.0,100,Buy,230488285
2024-08-09 10:03:49,71900.0,400,Buy,230488314
2024-08-09 10:03:50,71900.0,100,Buy,230488333
2024-08-09 10:03:50,71900.0,400,Buy,230488334
2024-08-09 10:03:50,71900.0,200,Buy,230488335
2024-08-09 10:03:57,71800.0,500,Sell,230488464
2024-08-09 10:04:16,71800.0,1000,Sell,230488879
2024-08-09 10:05:27,72000.0,200,Buy,230490452
2024-08-09 10:05:42,72100.0,100,Buy,230490825
2024-08-09 10:06:31,72200.0,100,Buy,230491899
2024-08-09 10:07:21,72000.0,1900,Sell,230492942
2024-08-09 10:07:21,72000.0,100,Sell,230492941
2024-08-09 10:08:25,72000.0,200,Sell,230494469
2024-08-09 10:08:25,72000.0,800,Sell,230494470
2024-08-09 10:08:52,72000.0,100,Sell,230495091
2024-08-09 10:09:07,72000.0,100,Buy,230495455
2024-08-09 10:09:26,72000.0,300,Buy,230495786
2024-08-09 10:09:34,72000.0,1000,Buy,230495919
2024-08-09 10:10:32,72000.0,100,Sell,230497088
2024-08-09 10:11:32,72000.0,300,Sell,230498371
2024-08-09 10:13:01,72100.0,100,Buy,230500008
2024-08-09 10:15:36,72000.0,200,Sell,230502552
2024-08-09 10:15:36,72000.0,100,Sell,230502553
2024-08-09 10:15:36,72000.0,200,Sell,230502554
2024-08-09 10:15:43,72000.0,100,Sell,230502667
2024-08-09 10:17:51,71900.0,5000,Sell,230504531
2024-08-09 10:19:01,72000.0,700,Buy,230505638
2024-08-09 10:19:19,71900.0,1200,Buy,230505906
2024-08-09 10:20:18,71900.0,3800,Sell,230506817
2024-08-09 10:21:35,71900.0,200,Buy,230507916
2024-08-09 10:21:35,71900.0,100,Buy,230507918
2024-08-09 10:21:35,71900.0,200,Buy,230507919
2024-08-09 10:21:36,71900.0,300,Buy,230507935
2024-08-09 10:21:36,71900.0,100,Buy,230507936
2024-08-09 10:21:47,71900.0,500,Sell,230508135
2024-08-09 10:22:20,71900.0,100,Sell,230508708
2024-08-09 10:26:20,71800.0,100,Sell,230512667
2024-08-09 10:26:51,71800.0,200,Sell,230513378
2024-08-09 10:27:06,71800.0,100,Sell,230513631
2024-08-09 10:28:35,71900.0,200,Buy,230515112
2024-08-09 10:31:19,71900.0,500,Buy,230517360
2024-08-09 10:33:24,71900.0,300,Buy,230518952
2024-08-09 10:35:20,71900.0,200,Buy,230520465
2024-08-09 10:35:20,71900.0,500,Buy,230520464
2024-08-09 10:35:20,71900.0,1000,Buy,230520463
2024-08-09 10:35:35,71900.0,300,Sell,230520670
2024-08-09 10:35:51,71900.0,100,Buy,230520871
2024-08-09 10:35:53,71900.0,200,Buy,230520881
2024-08-09 10:36:54,72000.0,200,Buy,230521609
2024-08-09 10:36:54,72000.0,1000,Buy,230521610
2024-08-09 10:36:54,72000.0,200,Buy,230521611
2024-08-09 10:36:54,72000.0,400,Buy,230521612
2024-08-09 10:36:54,72000.0,100,Buy,230521613
2024-08-09 10:36:54,72000.0,200,Buy,230521614
2024-08-09 10:36:54,72000.0,100,Buy,230521615
2024-08-09 10:36:54,72000.0,1800,Buy,230521616
2024-08-09 10:36:54,72000.0,100,Buy,230521617
2024-08-09 10:36:54,72000.0,100,Buy,230521618
2024-08-09 10:38:51,72100.0,100,Buy,230523154
2024-08-09 10:38:52,72100.0,900,Buy,230523155
2024-08-09 10:39:03,72100.0,800,Buy,230523295
2024-08-09 10:39:03,72100.0,100,Buy,230523293
2024-08-09 10:39:03,72100.0,100,Buy,230523294
2024-08-09 10:39:06,72100.0,1200,Buy,230523335
2024-08-09 10:39:06,72100.0,900,Buy,230523336
2024-08-09 10:39:06,72100.0,500,Buy,230523337
2024-08-09 10:39:06,72100.0,1500,Buy,230523338
2024-08-09 10:39:43,72200.0,300,Buy,230523938
2024-08-09 10:39:43,72200.0,500,Buy,230523936
2024-08-09 10:39:43,72200.0,200,Buy,230523937
2024-08-09 10:39:43,72200.0,300,Buy,230523934
2024-08-09 10:39:43,72200.0,400,Buy,230523933
2024-08-09 10:39:43,72200.0,300,Buy,230523935
2024-08-09 10:40:19,72300.0,100,Buy,230524513
2024-08-09 10:40:25,72300.0,100,Buy,230524585
2024-08-09 10:40:25,72300.0,200,Buy,230524586
2024-08-09 10:40:25,72300.0,200,Buy,230524587
2024-08-09 10:40:28,72300.0,100,Buy,230524640
2024-08-09 10:40:53,72400.0,1000,Buy,230525026
2024-08-09 10:40:53,72400.0,200,Buy,230525025
2024-08-09 10:40:53,72300.0,100,Buy,230525024
2024-08-09 10:40:53,72300.0,100,Buy,230525022
2024-08-09 10:40:53,72300.0,600,Buy,230525023
2024-08-09 10:40:55,72500.0,100,Buy,230525081
2024-08-09 10:40:55,72500.0,200,Buy,230525078
2024-08-09 10:40:55,72500.0,800,Buy,230525077
2024-08-09 10:40:55,72500.0,500,Buy,230525076
2024-08-09 10:40:55,72500.0,200,Buy,230525075
2024-08-09 10:40:55,72500.0,1000,Buy,230525074
2024-08-09 10:40:55,72500.0,500,Buy,230525073
2024-08-09 10:40:55,72500.0,200,Buy,230525072
2024-08-09 10:40:55,72500.0,800,Buy,230525071
2024-08-09 10:40:55,72500.0,100,Buy,230525070
2024-08-09 10:40:55,72500.0,100,Buy,230525069
2024-08-09 10:40:55,72500.0,100,Buy,230525068
2024-08-09 10:40:55,72500.0,200,Buy,230525067
2024-08-09 10:40:55,72500.0,100,Buy,230525066
2024-08-09 10:40:55,72500.0,300,Buy,230525065
2024-08-09 10:40:55,72500.0,400,Buy,230525063
2024-08-09 10:40:55,72400.0,1000,Buy,230525050
2024-08-09 10:40:55,72400.0,600,Buy,230525051
2024-08-09 10:40:55,72400.0,1000,Buy,230525052
2024-08-09 10:40:55,72500.0,9000,Buy,230525053
2024-08-09 10:40:55,72500.0,100,Buy,230525054
2024-08-09 10:40:55,72500.0,100,Buy,230525064
2024-08-09 10:40:55,72500.0,200,Buy,230525055
2024-08-09 10:40:55,72500.0,100,Buy,230525057
2024-08-09 10:40:55,72500.0,500,Buy,230525058
2024-08-09 10:40:55,72500.0,100,Buy,230525059
2024-08-09 10:40:55,72500.0,100,Buy,230525060
2024-08-09 10:40:55,72500.0,100,Buy,230525061
2024-08-09 10:40:55,72500.0,100,Buy,230525062
2024-08-09 10:40:55,72500.0,200,Buy,230525056
2024-08-09 10:41:09,72600.0,400,Buy,230525287
2024-08-09 10:41:09,72600.0,100,Buy,230525286
2024-08-09 10:41:09,72600.0,100,Buy,230525288
2024-08-09 10:41:09,72600.0,300,Buy,230525284
2024-08-09 10:41:09,72600.0,400,Buy,230525283
2024-08-09 10:41:09,72600.0,100,Buy,230525285
2024-08-09 10:41:09,72600.0,100,Buy,230525282
2024-08-09 10:41:10,72600.0,400,Buy,230525294
2024-08-09 10:41:19,72600.0,100,Sell,230525490
2024-08-09 10:41:20,72700.0,400,Buy,230525493
2024-08-09 10:41:20,72700.0,200,Buy,230525494
2024-08-09 10:41:20,72700.0,100,Buy,230525495
2024-08-09 10:41:20,72700.0,300,Buy,230525496
2024-08-09 10:41:20,72700.0,100,Buy,230525507
2024-08-09 10:41:20,72700.0,9900,Buy,230525508
2024-08-09 10:41:29,72700.0,100,Buy,230525678
2024-08-09 10:41:36,72800.0,100,Buy,230525794
2024-08-09 10:41:36,72800.0,300,Buy,230525793
2024-08-09 10:41:36,72800.0,400,Buy,230525792
2024-08-09 10:41:36,72800.0,200,Buy,230525790
2024-08-09 10:41:36,72800.0,100,Buy,230525791
2024-08-09 10:41:36,72800.0,100,Buy,230525788
2024-08-09 10:41:36,72800.0,400,Buy,230525784
2024-08-09 10:41:36,72800.0,100,Buy,230525787
2024-08-09 10:41:36,72800.0,200,Buy,230525786
2024-08-09 10:41:36,72800.0,100,Buy,230525785
2024-08-09 10:41:36,72800.0,1000,Buy,230525789
2024-08-09 10:41:38,72800.0,100,Buy,230525843
2024-08-09 10:41:40,72900.0,100,Buy,230525902
2024-08-09 10:41:40,72800.0,100,Buy,230525895
2024-08-09 10:41:40,72700.0,500,Sell,230525891
2024-08-09 10:41:40,72800.0,100,Buy,230525894
2024-08-09 10:41:58,72800.0,300,Buy,230526210
2024-08-09 10:41:59,72800.0,200,Buy,230526256
2024-08-09 10:41:59,72900.0,300,Buy,230526257
2024-08-09 10:42:14,72800.0,100,Buy,230526536
2024-08-09 10:42:16,72900.0,1300,Buy,230526567
2024-08-09 10:42:16,72900.0,100,Buy,230526565
2024-08-09 10:42:16,72900.0,1000,Buy,230526566
2024-08-09 10:42:16,72900.0,400,Buy,230526563
2024-08-09 10:42:16,72900.0,2600,Buy,230526562
2024-08-09 10:42:16,72900.0,500,Buy,230526564
2024-08-09 10:42:16,72800.0,100,Buy,230526561
2024-08-09 10:42:27,72900.0,100,Buy,230526722
2024-08-09 10:42:27,72900.0,400,Buy,230526723
2024-08-09 10:42:56,72900.0,1600,Buy,230527153
2024-08-09 10:42:56,72900.0,400,Buy,230527154
2024-08-09 10:42:56,72900.0,1000,Buy,230527155
2024-08-09 10:42:56,72900.0,100,Buy,230527157
2024-08-09 10:42:56,72900.0,100,Buy,230527158
2024-08-09 10:42:56,72900.0,1000,Buy,230527159
2024-08-09 10:42:56,72900.0,1000,Buy,230527160
2024-08-09 10:42:56,72900.0,1000,Buy,230527161
2024-08-09 10:42:56,72900.0,100,Buy,230527162
2024-08-09 10:42:56,72900.0,500,Buy,230527156
2024-08-09 10:42:58,72900.0,100,Sell,230527198
2024-08-09 10:43:04,72900.0,500,Sell,230527274
2024-08-09 10:43:05,72900.0,500,Sell,230527294
2024-08-09 10:43:12,72900.0,100,Sell,230527448
2024-08-09 10:43:14,72900.0,100,Buy,230527497
2024-08-09 10:43:29,72800.0,100,Buy,230527697
2024-08-09 10:43:29,72900.0,300,Buy,230527698
2024-08-09 10:43:29,72900.0,200,Buy,230527699
2024-08-09 10:43:31,72900.0,500,Sell,230527749
2024-08-09 10:43:39,73000.0,1700,Buy,230527858
2024-08-09 10:43:39,73000.0,1000,Buy,230527857
2024-08-09 10:43:39,73000.0,500,Buy,230527856
2024-08-09 10:43:39,73000.0,100,Buy,230527855
2024-08-09 10:43:39,73000.0,100,Buy,230527854
2024-08-09 10:43:39,73000.0,400,Buy,230527850
2024-08-09 10:43:39,73000.0,500,Buy,230527852
2024-08-09 10:43:39,73000.0,300,Buy,230527851
2024-08-09 10:43:39,73000.0,2200,Buy,230527849
2024-08-09 10:43:39,73000.0,100,Buy,230527853
2024-08-09 10:43:39,73000.0,500,Buy,230527847
2024-08-09 10:43:39,73000.0,300,Buy,230527838
2024-08-09 10:43:39,73000.0,1000,Buy,230527839
2024-08-09 10:43:39,73000.0,200,Buy,230527840
2024-08-09 10:43:39,73000.0,100,Buy,230527841
2024-08-09 10:43:39,73000.0,100,Buy,230527848
2024-08-09 10:43:39,73000.0,200,Buy,230527843
2024-08-09 10:43:39,73000.0,100,Buy,230527844
2024-08-09 10:43:39,73000.0,400,Buy,230527845
2024-08-09 10:43:39,73000.0,100,Buy,230527846
2024-08-09 10:43:39,73000.0,100,Buy,230527842
2024-08-09 10:43:45,72900.0,1000,Sell,230527921
2024-08-09 10:44:00,72900.0,100,Sell,230528134
2024-08-09 10:44:13,73000.0,1000,Buy,230528308
2024-08-09 10:44:13,73000.0,500,Buy,230528309
2024-08-09 10:44:13,73000.0,300,Buy,230528310
2024-08-09 10:44:13,73000.0,100,Buy,230528312
2024-08-09 10:44:13,73000.0,100,Buy,230528313
2024-08-09 10:44:13,73000.0,2000,Buy,230528316
2024-08-09 10:44:13,73000.0,500,Buy,230528315
2024-08-09 10:44:13,73000.0,100,Buy,230528317
2024-08-09 10:44:13,73000.0,500,Buy,230528318
2024-08-09 10:44:13,73000.0,100,Buy,230528307
2024-08-09 10:44:13,73000.0,100,Buy,230528314
2024-08-09 10:44:13,73000.0,100,Buy,230528306
2024-08-09 10:44:13,73000.0,100,Buy,230528319
2024-08-09 10:44:13,73000.0,900,Buy,230528304
2024-08-09 10:44:13,73000.0,800,Buy,230528293
2024-08-09 10:44:13,73000.0,100,Buy,230528294
2024-08-09 10:44:13,73000.0,3000,Buy,230528295
2024-08-09 10:44:13,73000.0,300,Buy,230528296
2024-08-09 10:44:13,73000.0,1000,Buy,230528297
2024-08-09 10:44:13,73000.0,100,Buy,230528305
2024-08-09 10:44:13,73000.0,500,Buy,230528299
2024-08-09 10:44:13,73000.0,100,Buy,230528300
2024-08-09 10:44:13,73000.0,400,Buy,230528301
2024-08-09 10:44:13,73000.0,200,Buy,230528302
2024-08-09 10:44:13,73000.0,400,Buy,230528303
2024-08-09 10:44:13,73000.0,700,Buy,230528298
2024-08-09 10:44:14,73000.0,200,Sell,230528340
2024-08-09 10:44:14,72900.0,800,Sell,230528341
2024-08-09 10:44:18,72900.0,200,Sell,230528432
2024-08-09 10:44:20,72900.0,100,Sell,230528452
2024-08-09 10:44:23,72900.0,100,Sell,230528473
2024-08-09 10:44:23,72900.0,100,Sell,230528474
2024-08-09 10:44:24,73000.0,100,Buy,230528479
2024-08-09 10:44:24,73000.0,200,Buy,230528480
2024-08-09 10:44:30,73100.0,300,Buy,230528548
2024-08-09 10:44:30,73100.0,100,Buy,230528549
2024-08-09 10:44:30,73100.0,1600,Buy,230528550
2024-08-09 10:44:43,73000.0,100,Sell,230528684
2024-08-09 10:44:54,73000.0,100,Sell,230528890
2024-08-09 10:45:09,73000.0,100,Buy,230529120
2024-08-09 10:45:28,73000.0,100,Buy,230529383
2024-08-09 10:45:28,73000.0,100,Buy,230529384
2024-08-09 10:45:28,73000.0,200,Buy,230529385
2024-08-09 10:45:28,73000.0,100,Buy,230529386
2024-08-09 10:45:42,73000.0,100,Buy,230529585
2024-08-09 10:45:42,73000.0,500,Buy,230529586
2024-08-09 10:46:12,73000.0,100,Buy,230530052
2024-08-09 10:46:12,73000.0,100,Buy,230530051
2024-08-09 10:46:12,73000.0,400,Buy,230530053
2024-08-09 10:46:12,73000.0,2300,Buy,230530049
2024-08-09 10:46:12,73000.0,200,Buy,230530046
2024-08-09 10:46:12,73000.0,100,Buy,230530050
2024-08-09 10:46:24,72900.0,100,Buy,230530212
2024-08-09 10:46:39,72900.0,300,Buy,230530407
2024-08-09 10:46:50,72900.0,100,Buy,230530713
2024-08-09 10:46:52,72900.0,500,Buy,230530726
2024-08-09 10:46:52,72900.0,1000,Buy,230530727
2024-08-09 10:46:53,72900.0,500,Sell,230530766
2024-08-09 10:47:12,72800.0,100,Sell,230531108
2024-08-09 10:47:12,72800.0,100,Sell,230531109
2024-08-09 10:47:12,72800.0,800,Sell,230531110
2024-08-09 10:47:12,72800.0,200,Sell,230531114
2024-08-09 10:47:33,72800.0,200,Sell,230531463
2024-08-09 10:47:33,72800.0,1000,Sell,230531456
2024-08-09 10:47:33,72800.0,200,Sell,230531457
2024-08-09 10:47:41,72800.0,100,Sell,230531571
2024-08-09 10:47:41,72800.0,500,Sell,230531572
2024-08-09 10:48:03,72700.0,100,Sell,230531871
2024-08-09 10:48:29,72700.0,100,Buy,230532413
2024-08-09 10:49:31,72600.0,300,Sell,230533800
2024-08-09 10:49:31,72600.0,200,Sell,230533801
2024-08-09 10:49:31,72600.0,1500,Sell,230533802
2024-08-09 10:49:41,72600.0,1000,Sell,230533979
2024-08-09 10:49:59,72600.0,1300,Sell,230534443
2024-08-09 10:50:37,72600.0,100,Sell,230535164
2024-08-09 10:51:03,72700.0,100,Buy,230535566
2024-08-09 10:51:23,72700.0,100,Buy,230535940
2024-08-09 10:51:23,72700.0,300,Buy,230535941
2024-08-09 10:51:23,72700.0,100,Buy,230535942
2024-08-09 10:51:23,72700.0,500,Buy,230535943
2024-08-09 10:52:16,72600.0,600,Sell,230536911
2024-08-09 10:52:16,72600.0,400,Sell,230536912
2024-08-09 10:52:20,72600.0,100,Sell,230536979
2024-08-09 10:52:20,72700.0,300,Buy,230536983
2024-08-09 10:52:27,72600.0,500,Sell,230537190
2024-08-09 10:52:51,72600.0,300,Sell,230537600
2024-08-09 10:52:51,72600.0,600,Sell,230537601
2024-08-09 10:52:51,72600.0,100,Sell,230537602
2024-08-09 10:52:59,72700.0,100,Buy,230537766
2024-08-09 10:53:26,72600.0,900,Sell,230538177
2024-08-09 10:53:26,72600.0,200,Sell,230538178
2024-08-09 10:53:26,72600.0,500,Sell,230538179
2024-08-09 10:53:26,72500.0,1200,Sell,230538180
2024-08-09 10:53:26,72500.0,100,Sell,230538181
2024-08-09 10:53:26,72500.0,100,Sell,230538182
2024-08-09 10:53:26,72500.0,600,Sell,230538183
2024-08-09 10:53:33,72500.0,100,Buy,230538398
2024-08-09 10:53:40,72600.0,500,Buy,230538564
2024-08-09 10:53:40,72600.0,200,Buy,230538566
2024-08-09 10:53:40,72600.0,100,Buy,230538565
2024-08-09 10:53:40,72600.0,600,Buy,230538563
2024-08-09 10:53:40,72500.0,300,Buy,230538562
2024-08-09 10:53:52,72600.0,300,Sell,230538744
2024-08-09 10:53:52,72600.0,100,Sell,230538745
2024-08-09 10:55:19,72400.0,100,Sell,230540215
2024-08-09 10:56:27,72500.0,900,Buy,230541085
2024-08-09 10:58:54,72400.0,300,Sell,230543055
2024-08-09 10:59:01,72500.0,100,Buy,230543146
2024-08-09 11:01:20,72200.0,100,Sell,230545105
2024-08-09 11:01:50,72200.0,100,Sell,230545563
2024-08-09 11:02:22,72200.0,100,Sell,230545972
2024-08-09 11:03:35,72400.0,100,Buy,230546922
2024-08-09 11:03:35,72400.0,100,Buy,230546923
2024-08-09 11:03:35,72400.0,100,Buy,230546924
2024-08-09 11:03:35,72400.0,100,Buy,230546925
2024-08-09 11:03:35,72400.0,400,Buy,230546926
2024-08-09 11:05:30,72400.0,100,Buy,230548631
2024-08-09 11:07:27,72400.0,1000,Sell,230550182
2024-08-09 11:07:43,72500.0,300,Buy,230550413
2024-08-09 11:08:37,72500.0,600,Buy,230551135
2024-08-09 11:08:37,72500.0,1000,Buy,230551136
2024-08-09 11:08:37,72500.0,400,Buy,230551137
2024-08-09 11:08:37,72500.0,100,Buy,230551138
2024-08-09 11:08:37,72500.0,100,Buy,230551139
2024-08-09 11:08:37,72400.0,500,Buy,230551134
2024-08-09 11:09:15,72500.0,1500,Sell,230551622
2024-08-09 11:09:38,72500.0,100,Sell,230552021
2024-08-09 11:09:38,72500.0,5000,Sell,230552018
2024-08-09 11:09:38,72500.0,800,Sell,230552020
2024-08-09 11:11:24,72500.0,300,Buy,230553687
2024-08-09 11:18:25,72400.0,300,Buy,230559049
2024-08-09 11:18:41,72400.0,600,Buy,230559231
2024-08-09 11:18:41,72400.0,100,Buy,230559232
2024-08-09 11:19:04,72400.0,200,Sell,230559446
2024-08-09 11:19:24,72400.0,300,Sell,230559805
2024-08-09 11:19:24,72400.0,100,Sell,230559806
2024-08-09 11:19:44,72400.0,100,Sell,230560043
2024-08-09 11:20:59,72400.0,100,Sell,230560845
2024-08-09 11:21:35,72400.0,100,Sell,230561267
2024-08-09 11:21:45,72400.0,100,Buy,230561375
2024-08-09 11:22:33,72400.0,100,Sell,230561864
2024-08-09 11:24:16,72400.0,200,Sell,230563010
2024-08-09 11:27:50,72300.0,100,Sell,230565590
2024-08-09 11:28:07,72300.0,500,Sell,230565719
2024-08-09 11:28:07,72300.0,400,Sell,230565720
2024-08-09 11:28:37,72300.0,300,Buy,230566075
2024-08-09 12:59:49,72300.0,200,Buy,230569495
2024-08-09 12:59:56,72300.0,300,Buy,230570218
2024-08-09 13:00:15,72200.0,400,Sell,230570852
2024-08-09 13:00:15,72200.0,100,Sell,230570853
2024-08-09 13:00:15,72200.0,500,Sell,230570854
2024-08-09 13:02:37,72200.0,1000,Sell,230573913
2024-08-09 13:02:49,72200.0,600,Sell,230574193
2024-08-09 13:03:32,72200.0,600,Sell,230575378
2024-08-09 13:05:04,72300.0,100,Buy,230577607
2024-08-09 13:05:04,72300.0,100,Buy,230577605
2024-08-09 13:05:04,72300.0,400,Buy,230577606
2024-08-09 13:05:09,72300.0,100,Buy,230577677
2024-08-09 13:05:09,72300.0,200,Buy,230577676
2024-08-09 13:06:17,72300.0,100,Sell,230579271
2024-08-09 13:06:31,72300.0,100,Sell,230579543
2024-08-09 13:07:14,72300.0,500,Sell,230580290
2024-08-09 13:07:14,72300.0,100,Sell,230580291
2024-08-09 13:07:14,72300.0,300,Sell,230580292
2024-08-09 13:07:14,72300.0,100,Sell,230580293
2024-08-09 13:08:37,72300.0,1000,Buy,230582238
2024-08-09 13:08:51,72300.0,1500,Buy,230582582
2024-08-09 13:11:19,72200.0,1800,Sell,230586618
2024-08-09 13:11:19,72200.0,500,Sell,230586619
2024-08-09 13:11:19,72200.0,700,Sell,230586620
2024-08-09 13:11:38,72300.0,200,Buy,230586925
2024-08-09 13:11:38,72300.0,1500,Buy,230586924
2024-08-09 13:11:59,72200.0,200,Sell,230587444
2024-08-09 13:11:59,72300.0,300,Sell,230587443
2024-08-09 13:12:12,72200.0,100,Sell,230587741
2024-08-09 13:12:12,72200.0,200,Sell,230587742
2024-08-09 13:12:12,72200.0,700,Sell,230587743
2024-08-09 13:12:54,72200.0,100,Sell,230588471
2024-08-09 13:13:45,72300.0,500,Buy,230589676
2024-08-09 13:14:38,72300.0,500,Sell,230591038
2024-08-09 13:14:51,72200.0,500,Sell,230591330
2024-08-09 13:15:24,72300.0,1500,Buy,230592242
2024-08-09 13:17:41,72400.0,500,Buy,230596108
2024-08-09 13:17:41,72400.0,100,Buy,230596106
2024-08-09 13:17:41,72400.0,500,Buy,230596105
2024-08-09 13:17:41,72400.0,200,Buy,230596107
2024-08-09 13:18:11,72500.0,9700,Buy,230596853
2024-08-09 13:18:11,72500.0,200,Buy,230596854
2024-08-09 13:18:11,72500.0,100,Buy,230596855
2024-08-09 13:18:13,72400.0,100,Sell,230596880
2024-08-09 13:18:31,72500.0,1600,Buy,230597528
2024-08-09 13:18:31,72500.0,300,Buy,230597527
2024-08-09 13:18:31,72500.0,1000,Buy,230597525
2024-08-09 13:18:31,72500.0,100,Buy,230597524
2024-08-09 13:18:31,72500.0,2000,Buy,230597526
2024-08-09 13:18:48,72500.0,8400,Buy,230598112
2024-08-09 13:18:48,72500.0,300,Buy,230598113
2024-08-09 13:18:48,72500.0,300,Buy,230598114
2024-08-09 13:18:48,72500.0,100,Buy,230598115
2024-08-09 13:18:48,72500.0,100,Buy,230598116
2024-08-09 13:18:48,72500.0,300,Buy,230598117
2024-08-09 13:19:16,72500.0,500,Sell,230598956
2024-08-09 13:19:22,72500.0,500,Sell,230599192
2024-08-09 13:19:53,72600.0,100,Buy,230600331
2024-08-09 13:20:30,72600.0,200,Buy,230601942
2024-08-09 13:20:30,72600.0,100,Buy,230601943
2024-08-09 13:20:30,72600.0,1000,Buy,230601944
2024-08-09 13:20:30,72600.0,100,Buy,230601945
2024-08-09 13:20:30,72600.0,1000,Buy,230601946
2024-08-09 13:20:30,72600.0,500,Buy,230601948
2024-08-09 13:20:30,72600.0,1000,Buy,230601947
2024-08-09 13:20:30,72600.0,100,Buy,230601949
2024-08-09 13:20:54,72700.0,500,Buy,230602732
2024-08-09 13:20:54,72700.0,100,Buy,230602733
2024-08-09 13:20:54,72700.0,100,Buy,230602734
2024-08-09 13:20:54,72700.0,100,Buy,230602735
2024-08-09 13:20:54,72700.0,100,Buy,230602736
2024-08-09 13:20:54,72700.0,100,Buy,230602737
2024-08-09 13:20:54,72700.0,100,Buy,230602738
2024-08-09 13:20:54,72700.0,100,Buy,230602739
2024-08-09 13:20:54,72700.0,400,Buy,230602740
2024-08-09 13:21:27,72700.0,100,Buy,230604017
2024-08-09 13:22:11,72800.0,200,Buy,230605589
2024-08-09 13:22:23,72700.0,2100,Buy,230606132
2024-08-09 13:22:24,72700.0,100,Buy,230606226
2024-08-09 13:23:23,72700.0,600,Buy,230608612
2024-08-09 13:23:23,72700.0,300,Buy,230608613
2024-08-09 13:23:35,72700.0,100,Buy,230609010
2024-08-09 13:23:50,72600.0,200,Sell,230609446
2024-08-09 13:23:52,72600.0,100,Sell,230609583
2024-08-09 13:24:37,72600.0,4100,Sell,230610932
2024-08-09 13:24:37,72600.0,700,Sell,230610930
2024-08-09 13:24:37,72600.0,200,Sell,230610931
2024-08-09 13:24:45,72600.0,100,Sell,230611149
2024-08-09 13:25:03,72600.0,800,Sell,230611833
2024-08-09 13:25:03,72500.0,200,Sell,230611840
2024-08-09 13:25:06,72900.0,400,Buy,230611939
2024-08-09 13:25:06,72900.0,200,Buy,230611941
2024-08-09 13:25:06,72900.0,300,Buy,230611942
2024-08-09 13:25:06,72900.0,2400,Buy,230611943
2024-08-09 13:25:06,73000.0,100,Buy,230611944
2024-08-09 13:25:06,73000.0,500,Buy,230611946
2024-08-09 13:25:06,73000.0,300,Buy,230611947
2024-08-09 13:25:06,73000.0,100,Buy,230611948
2024-08-09 13:25:06,73000.0,100,Buy,230611949
2024-08-09 13:25:06,73000.0,600,Buy,230611950
2024-08-09 13:25:06,72900.0,400,Buy,230611938
2024-08-09 13:25:06,73000.0,100,Buy,230611945
2024-08-09 13:25:06,72900.0,400,Buy,230611937
2024-08-09 13:25:06,72900.0,100,Buy,230611940
2024-08-09 13:25:06,72900.0,100,Buy,230611935
2024-08-09 13:25:06,72700.0,100,Buy,230611924
2024-08-09 13:25:06,72800.0,300,Buy,230611926
2024-08-09 13:25:06,72800.0,1000,Buy,230611927
2024-08-09 13:25:06,72800.0,200,Buy,230611928
2024-08-09 13:25:06,72800.0,400,Buy,230611929
2024-08-09 13:25:06,72700.0,500,Buy,230611925
2024-08-09 13:25:06,72800.0,100,Buy,230611931
2024-08-09 13:25:06,72800.0,700,Buy,230611932
2024-08-09 13:25:06,72800.0,2200,Buy,230611933
2024-08-09 13:25:06,72700.0,600,Buy,230611923
2024-08-09 13:25:06,72900.0,1000,Buy,230611934
2024-08-09 13:25:06,72800.0,400,Buy,230611930
2024-08-09 13:25:06,72900.0,400,Buy,230611936
2024-08-09 13:25:46,72900.0,200,Buy,230613484
2024-08-09 13:25:46,72900.0,100,Buy,230613485
2024-08-09 13:26:33,72900.0,100,Buy,230614974
2024-08-09 13:26:33,72900.0,100,Buy,230614975
2024-08-09 13:26:33,72900.0,100,Buy,230614976
2024-08-09 13:26:33,72900.0,100,Buy,230614977
2024-08-09 13:26:38,72900.0,100,Buy,230615197
2024-08-09 13:26:38,73000.0,100,Buy,230615198
2024-08-09 13:29:00,73000.0,100,Buy,230619407
2024-08-09 13:29:00,73000.0,200,Buy,230619405
2024-08-09 13:29:00,73000.0,300,Buy,230619404
2024-08-09 13:29:00,73000.0,500,Buy,230619406
2024-08-09 13:29:12,73000.0,1700,Buy,230619819
2024-08-09 13:29:12,73000.0,1000,Buy,230619820
2024-08-09 13:29:12,73000.0,100,Buy,230619821
2024-08-09 13:29:12,73000.0,100,Buy,230619822
2024-08-09 13:29:12,73000.0,100,Buy,230619825
2024-08-09 13:29:12,73000.0,500,Buy,230619826
2024-08-09 13:29:12,73000.0,100,Buy,230619827
2024-08-09 13:29:12,73000.0,100,Buy,230619828
2024-08-09 13:29:12,73000.0,100,Buy,230619829
2024-08-09 13:29:12,73000.0,100,Buy,230619831
2024-08-09 13:29:12,73000.0,900,Buy,230619818
2024-08-09 13:29:12,73000.0,200,Buy,230619832
2024-08-09 13:29:12,73000.0,500,Buy,230619833
2024-08-09 13:29:12,73000.0,1000,Buy,230619834
2024-08-09 13:29:12,73000.0,100,Buy,230619835
2024-08-09 13:29:12,73000.0,100,Buy,230619836
2024-08-09 13:29:12,73000.0,100,Buy,230619837
2024-08-09 13:29:12,73000.0,500,Buy,230619830
2024-08-09 13:29:12,73000.0,500,Buy,230619817
2024-08-09 13:29:12,73000.0,100,Buy,230619803
2024-08-09 13:29:12,73000.0,100,Buy,230619815
2024-08-09 13:29:12,73000.0,400,Buy,230619797
2024-08-09 13:29:12,73000.0,100,Buy,230619798
2024-08-09 13:29:12,73000.0,100,Buy,230619799
2024-08-09 13:29:12,73000.0,500,Buy,230619800
2024-08-09 13:29:12,73000.0,1000,Buy,230619802
2024-08-09 13:29:12,73000.0,100,Buy,230619804
2024-08-09 13:29:12,73000.0,200,Buy,230619805
2024-08-09 13:29:12,73000.0,1000,Buy,230619806
2024-08-09 13:29:12,73000.0,100,Buy,230619801
2024-08-09 13:29:12,73000.0,400,Buy,230619808
2024-08-09 13:29:12,73000.0,400,Buy,230619807
2024-08-09 13:29:12,73000.0,100,Buy,230619814
2024-08-09 13:29:12,73000.0,300,Buy,230619813
2024-08-09 13:29:12,73000.0,300,Buy,230619812
2024-08-09 13:29:12,73000.0,100,Buy,230619816
2024-08-09 13:29:12,73000.0,400,Buy,230619810
2024-08-09 13:29:12,73000.0,100,Buy,230619809
2024-08-09 13:29:12,73000.0,400,Buy,230619811
2024-08-09 13:29:47,73000.0,100,Buy,230621025
2024-08-09 13:29:47,73000.0,200,Buy,230621024
2024-08-09 13:29:57,73000.0,100,Sell,230621395
2024-08-09 13:30:05,73000.0,200,Sell,230621633
2024-08-09 13:30:29,72900.0,200,Sell,230622456
2024-08-09 13:30:29,72900.0,200,Sell,230622457
2024-08-09 13:30:29,72800.0,100,Sell,230622458
2024-08-09 13:30:29,72800.0,500,Sell,230622459
2024-08-09 13:30:35,73000.0,100,Buy,230622656
2024-08-09 13:30:35,73000.0,1000,Buy,230622655
2024-08-09 13:30:35,73000.0,300,Buy,230622654
2024-08-09 13:31:10,73000.0,1000,Sell,230623923
2024-08-09 13:31:11,73000.0,1000,Sell,230623990
2024-08-09 13:31:14,73000.0,100,Sell,230624177
2024-08-09 13:31:21,73000.0,300,Sell,230624477
2024-08-09 13:31:28,73000.0,1000,Sell,230624865
2024-08-09 13:31:32,73000.0,200,Sell,230624992
2024-08-09 13:31:32,73000.0,100,Sell,230624993
2024-08-09 13:31:47,73000.0,100,Buy,230625493
2024-08-09 13:31:54,73000.0,400,Buy,230625929
2024-08-09 13:31:54,73000.0,100,Sell,230625963
2024-08-09 13:32:11,73000.0,4200,Sell,230626691
2024-08-09 13:32:51,72900.0,100,Sell,230628805
2024-08-09 13:33:40,72900.0,100,Sell,230631327
2024-08-09 13:33:59,72900.0,100,Sell,230632274
2024-08-09 13:34:17,72900.0,200,Sell,230632994
2024-08-09 13:34:37,72900.0,1000,Sell,230633772
2024-08-09 13:34:59,73000.0,300,Buy,230634980
2024-08-09 13:34:59,73000.0,500,Buy,230634981
2024-08-09 13:34:59,73000.0,400,Buy,230634982
2024-08-09 13:34:59,73000.0,400,Buy,230634983
2024-08-09 13:34:59,73000.0,1000,Buy,230634984
2024-08-09 13:34:59,73000.0,100,Buy,230634985
2024-08-09 13:36:31,73000.0,500,Sell,230639582
2024-08-09 13:36:50,73000.0,500,Sell,230640628
2024-08-09 13:36:53,73000.0,500,Sell,230640701
2024-08-09 13:37:33,73000.0,200,Sell,230642452
2024-08-09 13:37:33,73000.0,100,Sell,230642454
2024-08-09 13:37:33,73000.0,300,Sell,230642453
2024-08-09 13:37:33,73000.0,900,Sell,230642451
2024-08-09 13:37:33,73000.0,500,Sell,230642450
2024-08-09 13:37:41,73000.0,3000,Buy,230642863
2024-08-09 13:38:07,73100.0,100,Buy,230644005
2024-08-09 13:38:07,73100.0,500,Buy,230644006
2024-08-09 13:38:07,73100.0,200,Buy,230644007
2024-08-09 13:38:07,73100.0,100,Buy,230644008
2024-08-09 13:38:07,73100.0,200,Buy,230644009
2024-08-09 13:38:07,73100.0,100,Buy,230644020
2024-08-09 13:38:07,73100.0,1000,Buy,230644013
2024-08-09 13:38:07,73100.0,200,Buy,230644014
2024-08-09 13:38:07,73100.0,500,Buy,230644015
2024-08-09 13:38:07,73100.0,100,Buy,230644016
2024-08-09 13:38:07,73100.0,100,Buy,230644017
2024-08-09 13:38:07,73100.0,100,Buy,230644018
2024-08-09 13:38:07,73100.0,700,Buy,230644019
2024-08-09 13:38:07,73100.0,500,Buy,230644012
2024-08-09 13:38:10,73200.0,3000,Buy,230644117
2024-08-09 13:38:10,73200.0,300,Buy,230644115
2024-08-09 13:38:10,73200.0,200,Buy,230644116
2024-08-09 13:38:26,73200.0,100,Buy,230644782
2024-08-09 13:38:26,73200.0,100,Buy,230644783
2024-08-09 13:38:26,73200.0,200,Buy,230644784
2024-08-09 13:38:26,73200.0,100,Buy,230644785
2024-08-09 13:38:26,73200.0,500,Buy,230644786
2024-08-09 13:39:01,73200.0,100,Sell,230646111
2024-08-09 13:39:46,73000.0,100,Sell,230647924
2024-08-09 13:39:46,73000.0,100,Sell,230647923
2024-08-09 13:40:09,73100.0,100,Buy,230648790
2024-08-09 13:40:56,73100.0,200,Sell,230650543
2024-08-09 13:41:46,73100.0,700,Buy,230652235
2024-08-09 13:41:58,73000.0,100,Sell,230652675
2024-08-09 13:42:26,73000.0,500,Buy,230653746
2024-08-09 13:42:26,73000.0,500,Buy,230653747
2024-08-09 13:42:59,73000.0,200,Buy,230655004
2024-08-09 13:43:19,73000.0,600,Buy,230655683
2024-08-09 13:44:05,73000.0,900,Buy,230657343
2024-08-09 13:44:05,73000.0,200,Buy,230657342
2024-08-09 13:44:05,72900.0,200,Sell,230657338
2024-08-09 13:44:05,73000.0,400,Buy,230657340
2024-08-09 13:44:05,72900.0,300,Sell,230657339
2024-08-09 13:44:05,73000.0,500,Buy,230657341
2024-08-09 13:44:14,72900.0,200,Sell,230657658
2024-08-09 13:44:14,72900.0,100,Sell,230657659
2024-08-09 13:44:14,72900.0,300,Sell,230657660
2024-08-09 13:44:14,72900.0,100,Sell,230657661
2024-08-09 13:44:14,72900.0,100,Sell,230657662
2024-08-09 13:44:51,72900.0,400,Sell,230659042
2024-08-09 13:45:11,72800.0,4500,Sell,230659767
2024-08-09 13:45:11,72800.0,800,Sell,230659768
2024-08-09 13:45:12,72900.0,100,Buy,230659793
2024-08-09 13:45:12,72900.0,200,Buy,230659794
2024-08-09 13:45:15,72900.0,100,Sell,230659877
2024-08-09 13:45:26,72900.0,600,Sell,230660240
2024-08-09 13:45:30,72600.0,3300,Sell,230660397
2024-08-09 13:45:30,72700.0,1000,Sell,230660396
2024-08-09 13:45:30,72800.0,200,Sell,230660394
2024-08-09 13:45:30,72800.0,500,Sell,230660395
2024-08-09 13:45:56,72900.0,400,Buy,230661280
2024-08-09 13:45:56,73000.0,100,Buy,230661281
2024-08-09 13:46:12,72800.0,500,Buy,230661800
2024-08-09 13:46:31,72900.0,500,Buy,230662590
2024-08-09 13:47:39,72900.0,1000,Buy,230664792
2024-08-09 13:49:46,72900.0,400,Buy,230668431
2024-08-09 13:49:46,72900.0,1000,Buy,230668429
2024-08-09 13:49:46,72900.0,100,Buy,230668430
2024-08-09 13:49:56,73000.0,100,Buy,230668813
2024-08-09 13:49:56,73000.0,500,Buy,230668812
2024-08-09 13:49:56,73000.0,1200,Buy,230668811
2024-08-09 13:49:56,73000.0,1200,Buy,230668810
2024-08-09 13:49:56,73000.0,100,Buy,230668809
2024-08-09 13:49:56,73000.0,100,Buy,230668808
2024-08-09 13:49:56,73000.0,500,Buy,230668807
2024-08-09 13:49:56,73000.0,100,Buy,230668805
2024-08-09 13:49:56,73000.0,900,Buy,230668804
2024-08-09 13:49:56,72900.0,100,Buy,230668799
2024-08-09 13:49:56,72900.0,1000,Buy,230668800
2024-08-09 13:49:56,73000.0,200,Buy,230668806
2024-08-09 13:49:56,72900.0,400,Buy,230668802
2024-08-09 13:49:56,72900.0,300,Buy,230668803
2024-08-09 13:49:56,72900.0,200,Buy,230668801
2024-08-09 13:49:59,73000.0,1000,Sell,230668907
2024-08-09 13:50:06,73000.0,1000,Sell,230669125
2024-08-09 13:50:12,73000.0,1100,Sell,230669327
2024-08-09 13:50:19,73000.0,400,Buy,230669482
2024-08-09 13:50:19,73000.0,600,Sell,230669501
2024-08-09 13:50:46,73000.0,100,Buy,230670340
2024-08-09 13:50:46,73000.0,1900,Buy,230670341
2024-08-09 13:50:51,73000.0,100,Buy,230670415
2024-08-09 13:50:51,73000.0,200,Buy,230670416
2024-08-09 13:50:51,73000.0,100,Buy,230670417
2024-08-09 13:50:56,73000.0,200,Sell,230670623
2024-08-09 13:50:59,73000.0,400,Sell,230670702
2024-08-09 13:51:10,73000.0,100,Sell,230671087
2024-08-09 13:51:10,73000.0,600,Buy,230671074
2024-08-09 13:51:13,73000.0,100,Sell,230671142
2024-08-09 13:51:18,73000.0,2200,Sell,230671247
2024-08-09 13:51:18,72900.0,2000,Sell,230671248
2024-08-09 13:51:18,72800.0,1000,Sell,230671249
2024-08-09 13:51:18,72800.0,500,Sell,230671250
2024-08-09 13:51:18,72800.0,100,Sell,230671251
2024-08-09 13:51:18,72700.0,100,Sell,230671252
2024-08-09 13:51:18,72600.0,16700,Sell,230671253
2024-08-09 13:51:18,72600.0,100,Sell,230671254
2024-08-09 13:51:18,72600.0,100,Sell,230671255
2024-08-09 13:51:18,72600.0,1200,Sell,230671256
2024-08-09 13:52:35,72700.0,100,Sell,230673246
2024-08-09 13:52:35,72800.0,100,Sell,230673245
2024-08-09 13:53:41,72900.0,1000,Buy,230675358
2024-08-09 13:53:41,72900.0,100,Buy,230675356
2024-08-09 13:53:41,72900.0,2000,Buy,230675357
2024-08-09 13:54:22,72900.0,1900,Sell,230676555
2024-08-09 13:54:22,72900.0,1100,Sell,230676556
2024-08-09 13:54:30,73000.0,1500,Buy,230676882
2024-08-09 13:54:30,73000.0,100,Buy,230676885
2024-08-09 13:54:30,73000.0,100,Buy,230676886
2024-08-09 13:54:30,73000.0,200,Buy,230676887
2024-08-09 13:54:44,73000.0,100,Buy,230677399
2024-08-09 13:55:08,73000.0,800,Buy,230678519
2024-08-09 13:55:08,73000.0,100,Buy,230678518
2024-08-09 13:55:08,73000.0,100,Buy,230678517
2024-08-09 13:55:08,73000.0,200,Buy,230678516
2024-08-09 13:55:08,73000.0,900,Buy,230678513
2024-08-09 13:55:08,73000.0,200,Buy,230678514
2024-08-09 13:55:08,73000.0,100,Buy,230678512
2024-08-09 13:55:08,73000.0,200,Buy,230678511
2024-08-09 13:55:08,73000.0,1000,Buy,230678515
2024-08-09 13:55:19,73100.0,500,Buy,230678977
2024-08-09 13:55:19,73100.0,900,Buy,230678978
2024-08-09 13:55:19,73100.0,300,Buy,230678974
2024-08-09 13:55:19,73100.0,300,Buy,230678969
2024-08-09 13:55:19,73100.0,1000,Buy,230678972
2024-08-09 13:55:19,73100.0,100,Buy,230678971
2024-08-09 13:55:19,73100.0,500,Buy,230678970
2024-08-09 13:55:19,73100.0,100,Buy,230678973
2024-08-09 13:55:50,73100.0,200,Buy,230680107
2024-08-09 13:55:51,73100.0,500,Buy,230680144
2024-08-09 13:55:53,73100.0,100,Buy,230680206
2024-08-09 13:56:01,73100.0,800,Buy,230680447
2024-08-09 13:56:06,73100.0,300,Buy,230680626
2024-08-09 13:56:08,73100.0,200,Buy,230680684
2024-08-09 13:56:08,73100.0,200,Buy,230680685
2024-08-09 13:56:08,73100.0,200,Buy,230680686
2024-08-09 13:56:27,73100.0,100,Sell,230681636
2024-08-09 13:56:36,73100.0,200,Sell,230682060
2024-08-09 13:57:00,73100.0,100,Sell,230683206
2024-08-09 13:57:00,73100.0,900,Sell,230683207
2024-08-09 13:57:52,73100.0,100,Sell,230685182
2024-08-09 13:57:53,73100.0,200,Sell,230685250
2024-08-09 13:57:54,73100.0,200,Buy,230685251
2024-08-09 13:57:55,73100.0,100,Buy,230685289
2024-08-09 13:58:11,73100.0,100,Sell,230686011
2024-08-09 13:58:38,73000.0,1300,Sell,230687182
2024-08-09 13:58:56,73100.0,100,Buy,230687870
2024-08-09 13:58:56,73200.0,200,Buy,230687871
2024-08-09 13:58:56,73200.0,100,Buy,230687872
2024-08-09 13:58:56,73200.0,600,Buy,230687873
2024-08-09 13:59:01,73000.0,300,Sell,230688075
2024-08-09 13:59:01,73000.0,1700,Sell,230688074
2024-08-09 13:59:01,73000.0,5100,Sell,230688072
2024-08-09 13:59:01,73000.0,100,Sell,230688073
2024-08-09 13:59:02,73000.0,500,Buy,230688118
2024-08-09 13:59:04,73000.0,3800,Buy,230688153
2024-08-09 14:00:06,73000.0,200,Sell,230690695
2024-08-09 14:00:06,73000.0,800,Sell,230690696
2024-08-09 14:00:33,73200.0,100,Buy,230691838
2024-08-09 14:01:37,73200.0,500,Buy,230694318
2024-08-09 14:01:40,73200.0,100,Buy,230694453
2024-08-09 14:02:58,73200.0,200,Buy,230698236
2024-08-09 14:03:19,73200.0,300,Buy,230699323
2024-08-09 14:03:54,73200.0,1900,Buy,230701001
2024-08-09 14:03:54,73200.0,100,Buy,230701002
2024-08-09 14:04:13,73200.0,400,Buy,230701684
2024-08-09 14:04:13,73200.0,100,Buy,230701685
2024-08-09 14:04:19,73300.0,300,Buy,230701925
2024-08-09 14:04:19,73300.0,100,Buy,230701926
2024-08-09 14:04:19,73300.0,100,Buy,230701927
2024-08-09 14:04:19,73300.0,100,Buy,230701928
2024-08-09 14:04:19,73300.0,300,Buy,230701929
2024-08-09 14:04:19,73300.0,1000,Buy,230701932
2024-08-09 14:04:19,73300.0,100,Buy,230701931
2024-08-09 14:04:19,73300.0,100,Buy,230701933
2024-08-09 14:04:19,73300.0,200,Buy,230701934
2024-08-09 14:04:19,73300.0,100,Buy,230701924
2024-08-09 14:04:19,73300.0,100,Buy,230701930
2024-08-09 14:04:19,73300.0,100,Buy,230701923
2024-08-09 14:04:19,73300.0,100,Buy,230701921
2024-08-09 14:04:19,73200.0,100,Buy,230701912
2024-08-09 14:04:19,73300.0,100,Buy,230701922
2024-08-09 14:04:19,73200.0,100,Buy,230701911
2024-08-09 14:04:19,73200.0,1000,Buy,230701913
2024-08-09 14:04:19,73200.0,200,Buy,230701914
2024-08-09 14:04:19,73200.0,100,Buy,230701915
2024-08-09 14:04:19,73200.0,900,Buy,230701910
2024-08-09 14:04:19,73200.0,300,Buy,230701917
2024-08-09 14:04:19,73200.0,100,Buy,230701918
2024-08-09 14:04:19,73200.0,100,Buy,230701919
2024-08-09 14:04:19,73300.0,500,Buy,230701920
2024-08-09 14:04:19,73200.0,1500,Buy,230701916
2024-08-09 14:04:28,73300.0,100,Sell,230702361
2024-08-09 14:04:56,73400.0,100,Buy,230703546
2024-08-09 14:04:56,73400.0,4000,Buy,230703547
2024-08-09 14:04:56,73400.0,100,Buy,230703548
2024-08-09 14:04:56,73400.0,5000,Buy,230703549
2024-08-09 14:04:56,73400.0,400,Buy,230703545
2024-08-09 14:05:06,73500.0,100,Buy,230704065
2024-08-09 14:05:06,73500.0,1000,Buy,230704066
2024-08-09 14:05:06,73500.0,100,Buy,230704062
2024-08-09 14:05:06,73500.0,200,Buy,230704063
2024-08-09 14:05:06,73500.0,900,Buy,230704067
2024-08-09 14:05:06,73500.0,200,Buy,230704064
2024-08-09 14:05:06,73500.0,500,Buy,230704068
2024-08-09 14:05:06,73500.0,100,Sell,230704077
2024-08-09 14:05:06,73500.0,1000,Buy,230704070
2024-08-09 14:05:06,73500.0,200,Buy,230704071
2024-08-09 14:05:06,73500.0,3000,Buy,230704072
2024-08-09 14:05:06,73500.0,300,Buy,230704073
2024-08-09 14:05:06,73500.0,100,Buy,230704074
2024-08-09 14:05:06,73500.0,100,Buy,230704075
2024-08-09 14:05:06,73500.0,100,Buy,230704076
2024-08-09 14:05:06,73500.0,1000,Buy,230704069
2024-08-09 14:05:06,73500.0,1000,Buy,230704061
2024-08-09 14:05:06,73500.0,100,Buy,230704055
2024-08-09 14:05:06,73500.0,1000,Buy,230704059
2024-08-09 14:05:06,73500.0,100,Buy,230704060
2024-08-09 14:05:06,73500.0,300,Buy,230704041
2024-08-09 14:05:06,73500.0,100,Buy,230704042
2024-08-09 14:05:06,73500.0,200,Buy,230704043
2024-08-09 14:05:06,73500.0,500,Buy,230704044
2024-08-09 14:05:06,73500.0,500,Buy,230704045
2024-08-09 14:05:06,73500.0,500,Buy,230704046
2024-08-09 14:05:06,73500.0,100,Buy,230704047
2024-08-09 14:05:06,73500.0,200,Buy,230704054
2024-08-09 14:05:06,73500.0,500,Buy,230704049
2024-08-09 14:05:06,73500.0,100,Buy,230704048
2024-08-09 14:05:06,73500.0,400,Buy,230704053
2024-08-09 14:05:06,73500.0,500,Buy,230704056
2024-08-09 14:05:06,73500.0,100,Buy,230704051
2024-08-09 14:05:06,73500.0,200,Buy,230704050
2024-08-09 14:05:06,73500.0,100,Buy,230704052
2024-08-09 14:05:07,73500.0,400,Sell,230704125
2024-08-09 14:05:09,73800.0,1000,Buy,230704215
2024-08-09 14:05:09,73800.0,300,Buy,230704214
2024-08-09 14:05:09,73700.0,100,Buy,230704213
2024-08-09 14:05:09,73700.0,100,Buy,230704212
2024-08-09 14:05:09,73700.0,100,Buy,230704211
2024-08-09 14:05:09,73700.0,100,Buy,230704210
2024-08-09 14:05:09,73700.0,500,Buy,230704209
2024-08-09 14:05:09,73600.0,500,Buy,230704207
2024-08-09 14:05:09,73600.0,500,Buy,230704206
2024-08-09 14:05:09,73600.0,500,Buy,230704204
2024-08-09 14:05:09,73600.0,100,Buy,230704203
2024-08-09 14:05:09,73600.0,500,Buy,230704202
2024-08-09 14:05:09,73600.0,300,Buy,230704201
2024-08-09 14:05:09,73700.0,300,Buy,230704208
2024-08-09 14:05:09,73600.0,100,Buy,230704205
2024-08-09 14:05:30,73800.0,300,Buy,230705000
2024-08-09 14:05:33,73800.0,300,Buy,230705097
2024-08-09 14:05:35,73600.0,100,Sell,230705160
2024-08-09 14:05:44,73600.0,100,Sell,230705532
2024-08-09 14:05:44,73600.0,100,Sell,230705533
2024-08-09 14:05:51,73700.0,500,Buy,230705901
2024-08-09 14:06:03,73800.0,100,Buy,230706448
2024-08-09 14:06:03,73800.0,100,Buy,230706449
2024-08-09 14:06:11,73700.0,100,Sell,230706662
2024-08-09 14:06:11,73800.0,2000,Buy,230706688
2024-08-09 14:06:15,73800.0,15000,Buy,230706878
2024-08-09 14:06:15,73800.0,100,Buy,230706879
2024-08-09 14:06:19,73800.0,500,Sell,230706994
2024-08-09 14:06:24,73800.0,200,Sell,230707144
2024-08-09 14:06:24,73800.0,1300,Sell,230707158
2024-08-09 14:06:29,73800.0,600,Sell,230707427
2024-08-09 14:06:37,73800.0,100,Sell,230707895
2024-08-09 14:06:38,73800.0,1100,Sell,230707986
2024-08-09 14:07:05,73700.0,100,Sell,230709073
2024-08-09 14:07:07,73700.0,100,Sell,230709156
2024-08-09 14:07:14,73700.0,100,Buy,230709485
2024-08-09 14:07:44,73600.0,200,Sell,230710635
2024-08-09 14:07:44,73600.0,100,Sell,230710636
2024-08-09 14:07:44,73500.0,500,Sell,230710637
2024-08-09 14:07:44,73400.0,400,Sell,230710638
2024-08-09 14:07:44,73300.0,2200,Sell,230710639
2024-08-09 14:07:44,73300.0,700,Sell,230710640
2024-08-09 14:07:44,73600.0,900,Sell,230710634
2024-08-09 14:07:48,73300.0,100,Sell,230710795
2024-08-09 14:08:11,73300.0,100,Sell,230711563
2024-08-09 14:08:25,73500.0,100,Buy,230712099
2024-08-09 14:09:27,73500.0,300,Buy,230714371
2024-08-09 14:09:27,73500.0,200,Buy,230714372
2024-08-09 14:09:49,73400.0,100,Sell,230715043
2024-08-09 14:10:19,73400.0,200,Sell,230716131
2024-08-09 14:10:19,73400.0,100,Sell,230716132
2024-08-09 14:10:25,73400.0,100,Sell,230716383
2024-08-09 14:10:31,73400.0,200,Buy,230716662
2024-08-09 14:10:31,73400.0,100,Buy,230716661
2024-08-09 14:10:37,73500.0,400,Buy,230716892
2024-08-09 14:10:54,73500.0,100,Buy,230717425
2024-08-09 14:11:02,73500.0,300,Buy,230717659
2024-08-09 14:11:09,73500.0,100,Buy,230717891
2024-08-09 14:11:12,73500.0,100,Buy,230718016
2024-08-09 14:11:13,73500.0,800,Buy,230718050
2024-08-09 14:11:13,73500.0,1000,Buy,230718051
2024-08-09 14:11:13,73500.0,1000,Buy,230718052
2024-08-09 14:11:13,73500.0,100,Buy,230718053
2024-08-09 14:11:13,73500.0,1000,Buy,230718054
2024-08-09 14:11:13,73500.0,1000,Buy,230718055
2024-08-09 14:11:28,73500.0,500,Sell,230718535
2024-08-09 14:11:37,73500.0,200,Sell,230718769
2024-08-09 14:11:40,73500.0,600,Sell,230718833
2024-08-09 14:11:45,73500.0,100,Sell,230718965
2024-08-09 14:12:20,73500.0,500,Sell,230720155
2024-08-09 14:12:35,73500.0,1200,Sell,230720603
2024-08-09 14:12:37,73500.0,500,Sell,230720644
2024-08-09 14:12:38,73500.0,1000,Sell,230720687
2024-08-09 14:13:04,73500.0,100,Sell,230721534
2024-08-09 14:13:07,73500.0,200,Sell,230721649
2024-08-09 14:13:16,73500.0,500,Sell,230721892
2024-08-09 14:13:17,73600.0,500,Buy,230721950
2024-08-09 14:13:17,73600.0,100,Buy,230721951
2024-08-09 14:13:17,73600.0,400,Buy,230721952
2024-08-09 14:14:11,73500.0,3000,Sell,230723649
2024-08-09 14:14:34,73500.0,700,Sell,230724402
2024-08-09 14:14:37,73500.0,200,Sell,230724511
2024-08-09 14:14:38,73500.0,1100,Sell,230724527
2024-08-09 14:14:41,73600.0,500,Buy,230724605
2024-08-09 14:14:41,73600.0,100,Buy,230724604
2024-08-09 14:14:41,73600.0,100,Buy,230724603
2024-08-09 14:14:41,73600.0,100,Buy,230724602
2024-08-09 14:14:41,73600.0,1500,Buy,230724600
2024-08-09 14:14:41,73600.0,500,Buy,230724601
2024-08-09 14:14:41,73600.0,100,Buy,230724599
2024-08-09 14:14:53,73600.0,5000,Sell,230725067
2024-08-09 14:14:58,73600.0,200,Sell,230725203
2024-08-09 14:15:19,73600.0,300,Sell,230725795
2024-08-09 14:15:20,73600.0,500,Sell,230725809
2024-08-09 14:15:38,73600.0,100,Sell,230726264
2024-08-09 14:15:53,73500.0,2700,Sell,230726601
2024-08-09 14:15:53,73500.0,300,Sell,230726602
2024-08-09 14:16:20,73500.0,100,Buy,230727504
2024-08-09 14:16:27,73500.0,1900,Buy,230727708
2024-08-09 14:16:27,73500.0,100,Buy,230727709
2024-08-09 14:16:27,73500.0,200,Buy,230727710
2024-08-09 14:16:52,73500.0,7800,Sell,230728400
2024-08-09 14:16:52,73500.0,100,Buy,230728402
2024-08-09 14:16:58,73500.0,200,Buy,230728566
2024-08-09 14:17:16,73400.0,900,Sell,230729145
2024-08-09 14:17:16,73400.0,100,Sell,230729144
2024-08-09 14:17:20,73500.0,9100,Buy,230729300
2024-08-09 14:17:39,73500.0,100,Sell,230729945
2024-08-09 14:17:43,73500.0,800,Sell,230730129
2024-08-09 14:17:43,73500.0,200,Sell,230730130
2024-08-09 14:17:54,73500.0,100,Sell,230730443
2024-08-09 14:18:08,73500.0,200,Sell,230730897
2024-08-09 14:18:50,73500.0,100,Buy,230732203
2024-08-09 14:18:50,73500.0,500,Buy,230732204
2024-08-09 14:18:50,73500.0,200,Buy,230732205
2024-08-09 14:18:50,73500.0,100,Buy,230732206
2024-08-09 14:18:50,73500.0,100,Buy,230732207
2024-08-09 14:18:55,73500.0,100,Sell,230732406
2024-08-09 14:19:09,73600.0,400,Buy,230732778
2024-08-09 14:19:09,73600.0,100,Buy,230732777
2024-08-09 14:19:09,73600.0,100,Buy,230732776
2024-08-09 14:19:09,73600.0,500,Buy,230732774
2024-08-09 14:19:09,73600.0,900,Buy,230732772
2024-08-09 14:19:09,73600.0,100,Buy,230732775
2024-08-09 14:19:09,73600.0,100,Buy,230732773
2024-08-09 14:19:11,73600.0,300,Sell,230732826
2024-08-09 14:19:11,73500.0,200,Sell,230732827
2024-08-09 14:19:33,73500.0,100,Sell,230733639
2024-08-09 14:19:37,73500.0,200,Sell,230733743
2024-08-09 14:20:06,73600.0,200,Buy,230734494
2024-08-09 14:20:06,73600.0,100,Buy,230734495
2024-08-09 14:20:20,73600.0,700,Sell,230735149
2024-08-09 14:20:55,73600.0,100,Buy,230736730
2024-08-09 14:21:13,73500.0,500,Sell,230737449
2024-08-09 14:22:30,73500.0,400,Sell,230739971
2024-08-09 14:22:30,73500.0,8000,Sell,230739972
2024-08-09 14:22:58,73500.0,300,Sell,230740958
2024-08-09 14:23:02,73500.0,1100,Sell,230741093
2024-08-09 14:23:12,73500.0,100,Sell,230741466
2024-08-09 14:23:22,73500.0,400,Sell,230741867
2024-08-09 14:23:22,73500.0,100,Sell,230741879
2024-08-09 14:23:25,73500.0,100,Sell,230742013
2024-08-09 14:23:42,73400.0,100,Sell,230742674
2024-08-09 14:23:42,73400.0,100,Sell,230742675
2024-08-09 14:23:42,73400.0,100,Sell,230742676
2024-08-09 14:23:42,73400.0,100,Sell,230742677
2024-08-09 14:23:44,73400.0,200,Sell,230742763
2024-08-09 14:24:00,73300.0,800,Sell,230743282
2024-08-09 14:24:13,73300.0,300,Sell,230743700
2024-08-09 14:24:28,73300.0,500,Sell,230744286
2024-08-09 14:24:31,73400.0,300,Buy,230744397
2024-08-09 14:24:40,73300.0,500,Sell,230744691
2024-08-09 14:25:00,73300.0,1000,Sell,230745485
2024-08-09 14:25:20,73400.0,100,Buy,230746290
2024-08-09 14:26:03,73300.0,1000,Sell,230747994
2024-08-09 14:26:03,73300.0,500,Sell,230747995
2024-08-09 14:26:03,73300.0,500,Sell,230747996
2024-08-09 14:26:43,73300.0,100,Sell,230749676
2024-08-09 14:26:45,73300.0,300,Sell,230749759
2024-08-09 14:26:45,73300.0,200,Sell,230749760
2024-08-09 14:26:45,73300.0,400,Sell,230749758
2024-08-09 14:27:13,73300.0,100,Sell,230750868
2024-08-09 14:27:44,73400.0,100,Buy,230752116
2024-08-09 14:27:44,73400.0,200,Buy,230752117
2024-08-09 14:27:44,73400.0,100,Buy,230752118
2024-08-09 14:27:44,73400.0,200,Buy,230752119
2024-08-09 14:27:59,73500.0,100,Buy,230752719
2024-08-09 14:27:59,73500.0,100,Buy,230752717
2024-08-09 14:27:59,73500.0,100,Buy,230752716
2024-08-09 14:27:59,73500.0,300,Buy,230752715
2024-08-09 14:27:59,73500.0,100,Buy,230752714
2024-08-09 14:27:59,73500.0,1000,Buy,230752718
2024-08-09 14:27:59,73500.0,600,Buy,230752712
2024-08-09 14:27:59,73500.0,1100,Buy,230752711
2024-08-09 14:27:59,73500.0,1000,Buy,230752710
2024-08-09 14:27:59,73500.0,100,Buy,230752709
2024-08-09 14:27:59,73500.0,100,Buy,230752708
2024-08-09 14:27:59,73500.0,1000,Buy,230752713
2024-08-09 14:28:48,73500.0,500,Sell,230755367
2024-08-09 14:28:49,73500.0,100,Sell,230755423
2024-08-09 14:28:53,73600.0,100,Buy,230755702
2024-08-09 14:28:53,73600.0,200,Buy,230755703
2024-08-09 14:29:09,73600.0,200,Buy,230756575
2024-08-09 14:29:09,73600.0,100,Buy,230756574
2024-08-09 14:29:20,73700.0,100,Buy,230757180
2024-08-09 14:29:20,73700.0,100,Buy,230757181
2024-08-09 14:29:22,73600.0,100,Sell,230757323
2024-08-09 14:29:22,73600.0,1300,Sell,230757324
2024-08-09 14:29:28,73600.0,1000,Buy,230757604
2024-08-09 14:29:32,73600.0,500,Buy,230757868
2024-08-09 14:29:36,73600.0,3900,Buy,230758009
2024-08-09 14:29:36,73600.0,1400,Buy,230758010
2024-08-09 14:44:40,73900.0,58100,ATO/ATC,230759158
