time,price,volume,match_type,id
2024-07-17 09:14:42,83200.0,5400,ATO/ATC,223363946
2024-07-17 09:15:03,83300.0,100,Buy,223364416
2024-07-17 09:16:15,83600.0,100,Buy,223365984
2024-07-17 09:16:15,83600.0,100,Buy,223365983
2024-07-17 09:16:15,83600.0,300,Buy,223365985
2024-07-17 09:16:33,83600.0,600,Buy,223366483
2024-07-17 09:16:33,83600.0,600,Buy,223366482
2024-07-17 09:16:33,83600.0,400,Buy,223366479
2024-07-17 09:16:33,83600.0,100,Buy,223366480
2024-07-17 09:16:33,83600.0,200,Buy,223366481
2024-07-17 09:16:38,83600.0,400,Sell,223366627
2024-07-17 09:16:38,83600.0,1100,Sell,223366626
2024-07-17 09:16:43,83600.0,500,Buy,223366776
2024-07-17 09:16:45,83600.0,200,Sell,223366805
2024-07-17 09:17:07,83600.0,100,Buy,223367391
2024-07-17 09:17:42,83600.0,500,Buy,223368341
2024-07-17 09:18:08,83500.0,100,Sell,223369173
2024-07-17 09:18:09,83600.0,100,Buy,223369213
2024-07-17 09:18:14,83600.0,2100,Buy,223369350
2024-07-17 09:18:14,83600.0,300,Buy,223369351
2024-07-17 09:18:16,83600.0,200,Buy,223369391
2024-07-17 09:18:16,83600.0,100,Buy,223369392
2024-07-17 09:18:29,83600.0,200,Sell,223369717
2024-07-17 09:18:58,83600.0,100,Sell,223370529
2024-07-17 09:18:58,83600.0,1000,Sell,223370528
2024-07-17 09:19:02,83600.0,400,Buy,223370635
2024-07-17 09:19:42,83500.0,100,Sell,223371701
2024-07-17 09:19:42,83500.0,200,Sell,223371702
2024-07-17 09:19:45,83600.0,200,Buy,223371770
2024-07-17 09:19:56,83600.0,300,Buy,223372123
2024-07-17 09:19:56,83600.0,300,Buy,223372124
2024-07-17 09:19:56,83600.0,400,Buy,223372125
2024-07-17 09:20:04,83600.0,500,Buy,223372371
2024-07-17 09:20:27,83500.0,400,Sell,223372965
2024-07-17 09:20:27,83500.0,600,Sell,223372966
2024-07-17 09:20:30,83600.0,100,Buy,223373075
2024-07-17 09:20:30,83600.0,400,Buy,223373076
2024-07-17 09:20:40,83500.0,100,Sell,223373374
2024-07-17 09:20:40,83500.0,1200,Sell,223373375
2024-07-17 09:20:55,83500.0,100,Buy,223373852
2024-07-17 09:21:03,83400.0,500,Sell,223374089
2024-07-17 09:21:23,83300.0,200,Sell,223374776
2024-07-17 09:21:23,83300.0,800,Sell,223374777
2024-07-17 09:21:32,83400.0,200,Sell,223375008
2024-07-17 09:21:32,83400.0,300,Sell,223375009
2024-07-17 09:21:47,83400.0,200,Sell,223375508
2024-07-17 09:21:55,83400.0,200,Sell,223375823
2024-07-17 09:21:56,83400.0,500,Buy,223375835
2024-07-17 09:22:21,83300.0,200,Sell,223376541
2024-07-17 09:22:21,83300.0,200,Sell,223376542
2024-07-17 09:22:21,83300.0,600,Sell,223376543
2024-07-17 09:22:33,83300.0,200,Sell,223376998
2024-07-17 09:22:33,83300.0,100,Sell,223376997
2024-07-17 09:22:33,83300.0,400,Sell,223376996
2024-07-17 09:22:42,83300.0,300,Sell,223377282
2024-07-17 09:22:44,83400.0,200,Buy,223377374
2024-07-17 09:22:47,83400.0,100,Buy,223377436
2024-07-17 09:22:47,83400.0,2900,Buy,223377437
2024-07-17 09:22:57,83300.0,500,Sell,223377733
2024-07-17 09:23:07,83200.0,100,Sell,223377992
2024-07-17 09:23:07,83200.0,200,Sell,223377991
2024-07-17 09:23:07,83200.0,100,Sell,223377990
2024-07-17 09:23:07,83200.0,100,Sell,223377989
2024-07-17 09:23:07,83200.0,1400,Sell,223377987
2024-07-17 09:23:07,83200.0,100,Sell,223377988
2024-07-17 09:23:07,83200.0,600,Sell,223377986
2024-07-17 09:23:07,83300.0,1600,Sell,223377982
2024-07-17 09:23:07,83200.0,2400,Sell,223377984
2024-07-17 09:23:07,83300.0,100,Sell,223377983
2024-07-17 09:23:07,83300.0,500,Sell,223377981
2024-07-17 09:23:07,83300.0,100,Sell,223377980
2024-07-17 09:23:07,83300.0,100,Sell,223377979
2024-07-17 09:23:07,83300.0,500,Sell,223377978
2024-07-17 09:23:07,83200.0,100,Sell,223377985
2024-07-17 09:23:20,83100.0,100,Sell,223378531
2024-07-17 09:23:20,83100.0,300,Sell,223378532
2024-07-17 09:23:20,83100.0,100,Sell,223378533
2024-07-17 09:23:20,83100.0,1500,Sell,223378534
2024-07-17 09:23:23,83200.0,100,Buy,223378628
2024-07-17 09:23:29,83200.0,100,Buy,223378783
2024-07-17 09:23:35,83100.0,300,Sell,223378912
2024-07-17 09:23:57,83100.0,200,Sell,223379416
2024-07-17 09:23:57,83100.0,500,Sell,223379427
2024-07-17 09:25:01,83100.0,2000,Sell,223381473
2024-07-17 09:25:06,83100.0,100,Sell,223381658
2024-07-17 09:25:06,83100.0,2000,Sell,223381657
2024-07-17 09:25:06,83100.0,300,Sell,223381656
2024-07-17 09:25:06,83100.0,200,Sell,223381655
2024-07-17 09:25:06,83100.0,100,Sell,223381654
2024-07-17 09:25:06,83100.0,100,Sell,223381652
2024-07-17 09:25:06,83100.0,100,Sell,223381653
2024-07-17 09:25:06,83100.0,2200,Sell,223381650
2024-07-17 09:25:06,83100.0,500,Sell,223381649
2024-07-17 09:25:06,83100.0,600,Sell,223381648
2024-07-17 09:25:06,83100.0,100,Sell,223381647
2024-07-17 09:25:06,83100.0,2000,Sell,223381646
2024-07-17 09:25:06,83100.0,100,Sell,223381645
2024-07-17 09:25:06,83100.0,500,Sell,223381644
2024-07-17 09:25:06,83100.0,100,Sell,223381651
2024-07-17 09:25:08,83100.0,100,Sell,223381690
2024-07-17 09:25:08,83100.0,300,Sell,223381692
2024-07-17 09:25:11,83200.0,4300,Buy,223381746
2024-07-17 09:25:11,83200.0,2500,Buy,223381747
2024-07-17 09:25:11,83200.0,1000,Buy,223381748
2024-07-17 09:25:41,83200.0,2000,Sell,223382696
2024-07-17 09:25:42,83200.0,200,Sell,223382717
2024-07-17 09:25:44,83200.0,200,Sell,223382765
2024-07-17 09:25:44,83200.0,100,Sell,223382764
2024-07-17 09:26:24,83100.0,100,Sell,223383846
2024-07-17 09:26:41,83100.0,100,Buy,223384215
2024-07-17 09:26:52,83000.0,200,Sell,223384607
2024-07-17 09:26:52,83000.0,300,Sell,223384604
2024-07-17 09:26:52,83000.0,100,Sell,223384603
2024-07-17 09:26:52,83000.0,200,Sell,223384602
2024-07-17 09:26:52,83000.0,100,Sell,223384601
2024-07-17 09:26:52,83000.0,100,Sell,223384600
2024-07-17 09:26:52,83000.0,100,Sell,223384599
2024-07-17 09:26:52,83000.0,1800,Sell,223384597
2024-07-17 09:26:52,83000.0,100,Sell,223384598
2024-07-17 09:26:52,83000.0,100,Sell,223384595
2024-07-17 09:26:52,83100.0,100,Sell,223384587
2024-07-17 09:26:52,83000.0,1000,Sell,223384588
2024-07-17 09:26:52,83000.0,200,Sell,223384589
2024-07-17 09:26:52,83000.0,200,Sell,223384590
2024-07-17 09:26:52,83000.0,1000,Sell,223384596
2024-07-17 09:26:52,83000.0,100,Sell,223384592
2024-07-17 09:26:52,83000.0,4000,Sell,223384594
2024-07-17 09:26:52,83000.0,200,Sell,223384591
2024-07-17 09:26:52,83000.0,100,Sell,223384593
2024-07-17 09:27:01,83000.0,800,Sell,223384812
2024-07-17 09:27:01,83000.0,500,Sell,223384813
2024-07-17 09:27:01,83000.0,500,Sell,223384814
2024-07-17 09:27:01,83000.0,5000,Sell,223384815
2024-07-17 09:27:01,83000.0,1000,Sell,223384816
2024-07-17 09:27:09,82900.0,100,Sell,223385042
2024-07-17 09:27:18,82900.0,1300,Sell,223385288
2024-07-17 09:27:18,82900.0,200,Sell,223385281
2024-07-17 09:27:18,82900.0,100,Sell,223385280
2024-07-17 09:27:18,82900.0,100,Sell,223385279
2024-07-17 09:27:18,82900.0,100,Sell,223385277
2024-07-17 09:27:18,82900.0,100,Sell,223385276
2024-07-17 09:27:18,82900.0,100,Sell,223385275
2024-07-17 09:27:18,82900.0,300,Sell,223385272
2024-07-17 09:27:18,82900.0,500,Sell,223385278
2024-07-17 09:27:28,82900.0,700,Sell,223385561
2024-07-17 09:27:35,82800.0,100,Sell,223385757
2024-07-17 09:27:35,82800.0,500,Sell,223385756
2024-07-17 09:27:35,82800.0,300,Sell,223385758
2024-07-17 09:27:35,82800.0,100,Sell,223385754
2024-07-17 09:27:35,82800.0,100,Sell,223385753
2024-07-17 09:27:35,82800.0,300,Sell,223385755
2024-07-17 09:27:35,82800.0,1500,Sell,223385752
2024-07-17 09:27:45,82800.0,100,Sell,223386025
2024-07-17 09:27:45,82800.0,200,Sell,223386022
2024-07-17 09:27:45,82800.0,100,Sell,223386023
2024-07-17 09:27:45,82800.0,100,Sell,223386024
2024-07-17 09:27:50,82800.0,200,Buy,223386196
2024-07-17 09:28:00,82800.0,100,Buy,223386575
2024-07-17 09:28:06,82800.0,100,Buy,223386723
2024-07-17 09:28:07,82800.0,100,Buy,223386741
2024-07-17 09:28:07,82800.0,300,Buy,223386742
2024-07-17 09:28:11,82700.0,400,Sell,223386926
2024-07-17 09:28:11,82700.0,400,Sell,223386848
2024-07-17 09:28:11,82800.0,100,Sell,223386847
2024-07-17 09:28:12,82700.0,1200,Sell,223386947
2024-07-17 09:28:12,82700.0,100,Sell,223386949
2024-07-17 09:28:12,82700.0,200,Sell,223386948
2024-07-17 09:28:24,82600.0,400,Sell,223387233
2024-07-17 09:28:25,82700.0,100,Buy,223387238
2024-07-17 09:28:39,82700.0,100,Buy,223387640
2024-07-17 09:28:59,82700.0,200,Buy,223388281
2024-07-17 09:28:59,82600.0,2000,Sell,223388288
2024-07-17 09:29:06,82700.0,6600,Buy,223388511
2024-07-17 09:29:23,82700.0,100,Sell,223389006
2024-07-17 09:29:29,82700.0,500,Sell,223389217
2024-07-17 09:29:52,82900.0,100,Buy,223389819
2024-07-17 09:31:02,82900.0,500,Sell,223391417
2024-07-17 09:31:04,83000.0,1000,Buy,223391445
2024-07-17 09:31:04,83000.0,2000,Buy,223391444
2024-07-17 09:31:04,83000.0,800,Buy,223391446
2024-07-17 09:31:27,83100.0,500,Buy,223392012
2024-07-17 09:31:37,83100.0,100,Buy,223392229
2024-07-17 09:31:39,83000.0,1000,Sell,223392275
2024-07-17 09:31:45,83000.0,200,Sell,223392429
2024-07-17 09:31:45,83000.0,500,Sell,223392430
2024-07-17 09:31:45,83000.0,100,Sell,223392431
2024-07-17 09:31:51,83000.0,200,Buy,223392559
2024-07-17 09:32:08,82900.0,100,Sell,223392969
2024-07-17 09:32:12,82900.0,100,Buy,223393044
2024-07-17 09:32:34,82900.0,300,Buy,223393567
2024-07-17 09:32:53,82800.0,100,Sell,223393966
2024-07-17 09:32:53,82800.0,500,Sell,223393967
2024-07-17 09:32:53,82800.0,400,Sell,223393968
2024-07-17 09:33:19,82800.0,500,Sell,223394695
2024-07-17 09:33:19,82800.0,200,Sell,223394694
2024-07-17 09:33:37,82800.0,200,Buy,223395249
2024-07-17 09:33:41,82800.0,300,Buy,223395386
2024-07-17 09:34:00,82700.0,2000,Sell,223395910
2024-07-17 09:34:02,82700.0,800,Sell,223395934
2024-07-17 09:34:21,82700.0,100,Buy,223396401
2024-07-17 09:34:39,82600.0,100,Sell,223396871
2024-07-17 09:34:41,82700.0,100,Buy,223396910
2024-07-17 09:34:41,82700.0,100,Buy,223396911
2024-07-17 09:34:41,82700.0,100,Buy,223396912
2024-07-17 09:34:53,82700.0,100,Buy,223397217
2024-07-17 09:35:01,82700.0,500,Buy,223397370
2024-07-17 09:35:07,82700.0,300,Buy,223397503
2024-07-17 09:35:11,82700.0,100,Buy,223397594
2024-07-17 09:35:21,82700.0,100,Buy,223397780
2024-07-17 09:35:21,82700.0,100,Buy,223397781
2024-07-17 09:35:40,82700.0,100,Buy,223398304
2024-07-17 09:35:59,82700.0,100,Buy,223398774
2024-07-17 09:36:09,82700.0,100,Buy,223399053
2024-07-17 09:36:11,82800.0,900,Buy,223399123
2024-07-17 09:36:11,82700.0,100,Buy,223399112
2024-07-17 09:36:11,82700.0,100,Buy,223399122
2024-07-17 09:36:15,82700.0,100,Sell,223399221
2024-07-17 09:36:26,82600.0,100,Sell,223399506
2024-07-17 09:36:26,82600.0,700,Sell,223399511
2024-07-17 09:36:26,82600.0,300,Sell,223399510
2024-07-17 09:36:26,82600.0,100,Sell,223399509
2024-07-17 09:36:26,82600.0,100,Sell,223399508
2024-07-17 09:36:26,82600.0,100,Sell,223399507
2024-07-17 09:36:26,82600.0,100,Sell,223399505
2024-07-17 09:36:26,82600.0,100,Sell,223399500
2024-07-17 09:36:26,82600.0,500,Sell,223399503
2024-07-17 09:36:26,82600.0,1000,Sell,223399502
2024-07-17 09:36:26,82600.0,100,Sell,223399501
2024-07-17 09:36:26,82700.0,200,Sell,223399499
2024-07-17 09:36:26,82700.0,1000,Sell,223399498
2024-07-17 09:36:26,82700.0,100,Sell,223399497
2024-07-17 09:36:26,82600.0,500,Sell,223399504
2024-07-17 09:36:27,82800.0,100,Buy,223399524
2024-07-17 09:36:44,82600.0,200,Sell,223399903
2024-07-17 09:36:44,82600.0,300,Sell,223399902
2024-07-17 09:36:44,82700.0,100,Sell,223399901
2024-07-17 09:36:55,82700.0,100,Buy,223400157
2024-07-17 09:36:55,82700.0,100,Buy,223400156
2024-07-17 09:36:58,82700.0,100,Buy,223400215
2024-07-17 09:37:18,82700.0,100,Buy,223400756
2024-07-17 09:37:19,82700.0,300,Buy,223400782
2024-07-17 09:37:19,82700.0,200,Buy,223400783
2024-07-17 09:37:32,82700.0,200,Buy,223401132
2024-07-17 09:37:33,82800.0,3700,Buy,223401146
2024-07-17 09:37:33,82800.0,600,Buy,223401147
2024-07-17 09:37:33,82700.0,1300,Sell,223401152
2024-07-17 09:37:38,82700.0,200,Sell,223401282
2024-07-17 09:38:10,82700.0,1000,Sell,223402113
2024-07-17 09:38:40,82700.0,300,Sell,223403077
2024-07-17 09:38:47,82700.0,200,Sell,223403227
2024-07-17 09:40:17,82900.0,100,Sell,223405373
2024-07-17 09:40:36,82900.0,100,Sell,223405975
2024-07-17 09:40:54,83000.0,100,Buy,223406356
2024-07-17 09:40:54,83000.0,100,Buy,223406357
2024-07-17 09:40:59,82900.0,100,Sell,223406436
2024-07-17 09:40:59,82900.0,4900,Sell,223406437
2024-07-17 09:41:06,83000.0,300,Buy,223406628
2024-07-17 09:41:06,83000.0,100,Buy,223406629
2024-07-17 09:41:06,83000.0,100,Buy,223406630
2024-07-17 09:41:08,82900.0,100,Sell,223406669
2024-07-17 09:41:12,83000.0,700,Buy,223406738
2024-07-17 09:41:19,83000.0,100,Buy,223406879
2024-07-17 09:41:27,83000.0,100,Buy,223407025
2024-07-17 09:41:30,83000.0,300,Buy,223407115
2024-07-17 09:41:37,82900.0,400,Sell,223407334
2024-07-17 09:41:37,82900.0,500,Sell,223407335
2024-07-17 09:41:39,82900.0,100,Buy,223407379
2024-07-17 09:41:49,82900.0,1000,Buy,223407594
2024-07-17 09:42:12,82900.0,9500,Sell,223408164
2024-07-17 09:42:15,82900.0,4500,Sell,223408263
2024-07-17 09:42:15,82900.0,100,Sell,223408264
2024-07-17 09:42:15,82900.0,100,Sell,223408265
2024-07-17 09:42:16,82900.0,900,Buy,223408273
2024-07-17 09:42:25,82900.0,200,Buy,223408558
2024-07-17 09:42:32,82900.0,100,Buy,223408697
2024-07-17 09:42:46,82900.0,2000,Buy,223409207
2024-07-17 09:43:08,82800.0,100,Sell,223409722
2024-07-17 09:43:08,82800.0,100,Sell,223409720
2024-07-17 09:43:08,82800.0,100,Sell,223409721
2024-07-17 09:43:10,82900.0,100,Buy,223409758
2024-07-17 09:43:10,82900.0,300,Buy,223409759
2024-07-17 09:43:11,82900.0,100,Sell,223409771
2024-07-17 09:43:35,82900.0,100,Buy,223410349
2024-07-17 09:43:44,82900.0,100,Sell,223410569
2024-07-17 09:43:44,82900.0,100,Sell,223410570
2024-07-17 09:43:44,82900.0,100,Sell,223410571
2024-07-17 09:43:44,82800.0,700,Sell,223410572
2024-07-17 09:43:54,82900.0,100,Buy,223410785
2024-07-17 09:44:32,83000.0,200,Buy,223411666
2024-07-17 09:44:32,83000.0,500,Buy,223411667
2024-07-17 09:44:33,82900.0,100,Sell,223411761
2024-07-17 09:44:33,82900.0,400,Sell,223411760
2024-07-17 09:44:33,82900.0,100,Sell,223411759
2024-07-17 09:46:00,82900.0,100,Sell,223414011
2024-07-17 09:46:00,82900.0,100,Sell,223414012
2024-07-17 09:46:20,83000.0,100,Buy,223414615
2024-07-17 09:46:27,83000.0,300,Buy,223414908
2024-07-17 09:46:27,83000.0,100,Buy,223414909
2024-07-17 09:46:27,83000.0,3000,Buy,223414910
2024-07-17 09:46:27,83000.0,600,Buy,223414911
2024-07-17 09:46:27,83000.0,1000,Buy,223414912
2024-07-17 09:46:34,83000.0,3000,Sell,223415113
2024-07-17 09:46:44,83000.0,2300,Buy,223415415
2024-07-17 09:46:56,83000.0,100,Sell,223415778
2024-07-17 09:47:49,83000.0,2300,Sell,223417566
2024-07-17 09:47:58,83000.0,5300,Sell,223418012
2024-07-17 09:47:58,83000.0,7800,Sell,223418013
2024-07-17 09:47:59,83000.0,200,Sell,223418031
2024-07-17 09:47:59,83000.0,500,Sell,223418032
2024-07-17 09:47:59,83000.0,500,Sell,223418033
2024-07-17 09:47:59,83000.0,300,Sell,223418034
2024-07-17 09:48:02,83100.0,5000,Buy,223418126
2024-07-17 09:48:14,83000.0,100,Buy,223418477
2024-07-17 09:48:19,83000.0,300,Buy,223418647
2024-07-17 09:48:19,83000.0,2100,Buy,223418648
2024-07-17 09:48:19,83000.0,2000,Buy,223418649
2024-07-17 09:48:23,83000.0,5600,Sell,223418819
2024-07-17 09:48:27,83000.0,300,Buy,223418960
2024-07-17 09:48:36,83000.0,1500,Buy,223419454
2024-07-17 09:48:58,83000.0,100,Sell,223420504
2024-07-17 09:48:58,83000.0,8500,Sell,223420502
2024-07-17 09:48:58,83000.0,1000,Sell,223420503
2024-07-17 09:49:07,82900.0,100,Sell,223420845
2024-07-17 09:49:23,83000.0,400,Buy,223421439
2024-07-17 09:49:54,83000.0,600,Sell,223422444
2024-07-17 09:49:54,83000.0,300,Sell,223422445
2024-07-17 09:49:54,83000.0,1000,Sell,223422446
2024-07-17 09:49:54,83000.0,100,Buy,223422447
2024-07-17 09:51:11,82900.0,100,Sell,223425061
2024-07-17 09:51:11,82900.0,300,Sell,223425060
2024-07-17 09:51:11,82900.0,100,Sell,223425059
2024-07-17 09:51:11,82900.0,300,Sell,223425058
2024-07-17 09:51:11,82900.0,100,Sell,223425057
2024-07-17 09:51:11,82900.0,100,Sell,223425054
2024-07-17 09:51:11,82900.0,2800,Sell,223425055
2024-07-17 09:51:11,82900.0,100,Sell,223425053
2024-07-17 09:51:11,82900.0,200,Sell,223425052
2024-07-17 09:51:11,82900.0,600,Sell,223425049
2024-07-17 09:51:11,82900.0,300,Sell,223425056
2024-07-17 09:51:35,82800.0,700,Sell,223425770
2024-07-17 09:51:35,82800.0,200,Sell,223425769
2024-07-17 09:51:35,82800.0,100,Sell,223425767
2024-07-17 09:51:35,82800.0,500,Sell,223425768
2024-07-17 09:51:35,82800.0,1000,Sell,223425765
2024-07-17 09:51:35,82800.0,1100,Sell,223425764
2024-07-17 09:51:35,82800.0,1300,Sell,223425763
2024-07-17 09:51:35,82800.0,100,Sell,223425766
2024-07-17 09:51:55,82800.0,300,Sell,223426472
2024-07-17 09:51:55,82800.0,100,Sell,223426473
2024-07-17 09:51:55,82800.0,100,Sell,223426474
2024-07-17 09:51:56,82800.0,800,Sell,223426501
2024-07-17 09:52:05,82800.0,500,Buy,223426936
2024-07-17 09:52:33,82800.0,300,Sell,223428317
2024-07-17 09:52:48,82800.0,300,Sell,223429023
2024-07-17 09:52:48,82800.0,100,Sell,223429025
2024-07-17 09:52:48,82800.0,200,Sell,223429022
2024-07-17 09:52:48,82800.0,100,Sell,223429024
2024-07-17 09:53:01,82800.0,100,Buy,223430000
2024-07-17 09:54:03,82800.0,200,Buy,223432241
2024-07-17 09:54:08,82700.0,200,Sell,223432464
2024-07-17 09:54:08,82700.0,400,Sell,223432465
2024-07-17 09:54:08,82700.0,100,Sell,223432466
2024-07-17 09:54:08,82700.0,300,Sell,223432467
2024-07-17 09:54:12,82700.0,100,Sell,223432624
2024-07-17 09:54:12,82700.0,500,Sell,223432623
2024-07-17 09:54:12,82700.0,200,Sell,223432622
2024-07-17 09:54:12,82700.0,200,Sell,223432618
2024-07-17 09:54:25,82700.0,100,Sell,223433052
2024-07-17 09:54:25,82700.0,100,Sell,223433053
2024-07-17 09:54:25,82700.0,800,Sell,223433054
2024-07-17 09:54:25,82700.0,1000,Sell,223433055
2024-07-17 09:54:25,82700.0,100,Sell,223433056
2024-07-17 09:54:25,82700.0,100,Sell,223433051
2024-07-17 09:54:26,82700.0,100,Sell,223433058
2024-07-17 09:54:26,82700.0,200,Sell,223433059
2024-07-17 09:54:26,82700.0,300,Sell,223433060
2024-07-17 09:54:26,82700.0,200,Sell,223433061
2024-07-17 09:54:56,82700.0,100,Sell,223434281
2024-07-17 09:54:58,82700.0,600,Sell,223434324
2024-07-17 09:55:15,82700.0,100,Sell,223435013
2024-07-17 09:55:15,82700.0,200,Sell,223435014
2024-07-17 09:55:20,82700.0,300,Sell,223435209
2024-07-17 09:55:20,82700.0,200,Sell,223435210
2024-07-17 09:55:35,82800.0,200,Buy,223435715
2024-07-17 09:55:35,82800.0,100,Buy,223435716
2024-07-17 09:56:17,82800.0,500,Sell,223437126
2024-07-17 09:56:17,82800.0,300,Sell,223437127
2024-07-17 09:56:17,82800.0,100,Sell,223437128
2024-07-17 09:56:17,82800.0,100,Sell,223437129
2024-07-17 09:56:48,82900.0,100,Sell,223438403
2024-07-17 09:57:07,82900.0,200,Sell,223439290
2024-07-17 09:57:28,83000.0,1300,Buy,223440377
2024-07-17 09:57:28,83000.0,500,Buy,223440376
2024-07-17 09:57:28,83000.0,200,Buy,223440375
2024-07-17 09:58:24,82800.0,100,Sell,223443430
2024-07-17 09:58:24,82800.0,200,Sell,223443431
2024-07-17 09:58:24,82800.0,100,Sell,223443432
2024-07-17 09:58:24,82800.0,4600,Sell,223443433
2024-07-17 09:58:44,82900.0,100,Buy,223444693
2024-07-17 09:58:52,82800.0,400,Sell,223445056
2024-07-17 09:58:52,82800.0,100,Sell,223445057
2024-07-17 09:58:52,82800.0,100,Sell,223445058
2024-07-17 09:58:52,82800.0,600,Sell,223445059
2024-07-17 09:58:55,82800.0,100,Sell,223445422
2024-07-17 09:59:07,82800.0,100,Sell,223445963
2024-07-17 09:59:07,82800.0,300,Sell,223445962
2024-07-17 09:59:15,82700.0,100,Sell,223446364
2024-07-17 09:59:15,82700.0,100,Sell,223446363
2024-07-17 09:59:15,82700.0,200,Sell,223446361
2024-07-17 09:59:15,82700.0,1500,Sell,223446360
2024-07-17 09:59:15,82700.0,1000,Sell,223446359
2024-07-17 09:59:15,82700.0,2000,Sell,223446358
2024-07-17 09:59:15,82700.0,100,Sell,223446362
2024-07-17 09:59:15,82700.0,200,Sell,223446356
2024-07-17 09:59:15,82700.0,1500,Sell,223446355
2024-07-17 09:59:15,82700.0,100,Sell,223446354
2024-07-17 09:59:15,82700.0,1000,Sell,223446353
2024-07-17 09:59:15,82700.0,1000,Sell,223446352
2024-07-17 09:59:15,82700.0,200,Sell,223446351
2024-07-17 09:59:15,82700.0,200,Sell,223446350
2024-07-17 09:59:15,82700.0,200,Sell,223446357
2024-07-17 09:59:27,82600.0,100,Sell,223446976
2024-07-17 09:59:27,82600.0,200,Sell,223446977
2024-07-17 09:59:27,82600.0,100,Sell,223446978
2024-07-17 09:59:27,82600.0,200,Sell,223446979
2024-07-17 09:59:27,82600.0,100,Sell,223446982
2024-07-17 09:59:27,82600.0,1000,Sell,223446981
2024-07-17 09:59:27,82600.0,100,Sell,223446983
2024-07-17 09:59:27,82600.0,500,Sell,223447003
2024-07-17 09:59:27,82600.0,100,Sell,223446975
2024-07-17 09:59:27,82600.0,1000,Sell,223446980
2024-07-17 09:59:27,82600.0,400,Sell,223446974
2024-07-17 09:59:27,82600.0,100,Sell,223446970
2024-07-17 09:59:27,82600.0,100,Sell,223446972
2024-07-17 09:59:27,82600.0,100,Sell,223446971
2024-07-17 09:59:27,82600.0,500,Sell,223446969
2024-07-17 09:59:27,82600.0,500,Sell,223446968
2024-07-17 09:59:27,82600.0,100,Sell,223446967
2024-07-17 09:59:27,82600.0,100,Sell,223446966
2024-07-17 09:59:27,82600.0,100,Sell,223446965
2024-07-17 09:59:27,82600.0,100,Sell,223446964
2024-07-17 09:59:27,82600.0,100,Sell,223446963
2024-07-17 09:59:27,82600.0,300,Sell,223446962
2024-07-17 09:59:27,82600.0,100,Sell,223446973
2024-07-17 09:59:28,82600.0,100,Sell,223447058
2024-07-17 09:59:34,82600.0,100,Buy,223447416
2024-07-17 09:59:52,82500.0,200,Sell,223448425
2024-07-17 09:59:52,82500.0,100,Sell,223448426
2024-07-17 09:59:52,82500.0,200,Sell,223448427
2024-07-17 09:59:52,82500.0,500,Sell,223448428
2024-07-17 09:59:52,82500.0,300,Sell,223448431
2024-07-17 09:59:52,82500.0,200,Sell,223448429
2024-07-17 09:59:52,82500.0,100,Sell,223448430
2024-07-17 09:59:52,82500.0,500,Sell,223448432
2024-07-17 09:59:52,82500.0,100,Sell,223448424
2024-07-17 09:59:52,82500.0,300,Sell,223448434
2024-07-17 09:59:52,82500.0,500,Sell,223448435
2024-07-17 09:59:52,82500.0,300,Sell,223448436
2024-07-17 09:59:52,82500.0,100,Sell,223448437
2024-07-17 09:59:52,82500.0,100,Sell,223448438
2024-07-17 09:59:52,82500.0,500,Sell,223448439
2024-07-17 09:59:52,82500.0,100,Sell,223448440
2024-07-17 09:59:52,82500.0,100,Sell,223448441
2024-07-17 09:59:52,82500.0,100,Sell,223448442
2024-07-17 09:59:52,82500.0,1000,Sell,223448433
2024-07-17 09:59:52,82500.0,100,Sell,223448423
2024-07-17 09:59:52,82500.0,500,Sell,223448415
2024-07-17 09:59:52,82500.0,200,Sell,223448421
2024-07-17 09:59:52,82500.0,100,Sell,223448422
2024-07-17 09:59:52,82500.0,100,Sell,223448400
2024-07-17 09:59:52,82500.0,100,Sell,223448401
2024-07-17 09:59:52,82500.0,100,Sell,223448402
2024-07-17 09:59:52,82500.0,500,Sell,223448403
2024-07-17 09:59:52,82500.0,500,Sell,223448404
2024-07-17 09:59:52,82500.0,100,Sell,223448405
2024-07-17 09:59:52,82500.0,100,Sell,223448406
2024-07-17 09:59:52,82500.0,200,Sell,223448407
2024-07-17 09:59:52,82500.0,500,Sell,223448409
2024-07-17 09:59:52,82500.0,1900,Sell,223448414
2024-07-17 09:59:52,82500.0,100,Sell,223448411
2024-07-17 09:59:52,82500.0,500,Sell,223448419
2024-07-17 09:59:52,82500.0,1000,Sell,223448418
2024-07-17 09:59:52,82500.0,200,Sell,223448417
2024-07-17 09:59:52,82500.0,300,Sell,223448410
2024-07-17 09:59:52,82500.0,100,Sell,223448420
2024-07-17 09:59:52,82500.0,100,Sell,223448412
2024-07-17 09:59:52,82500.0,1900,Sell,223448416
2024-07-17 09:59:52,82500.0,500,Sell,223448413
2024-07-17 09:59:53,82500.0,100,Sell,223448463
2024-07-17 10:00:04,82500.0,100,Sell,223449004
2024-07-17 10:00:13,82500.0,600,Sell,223449547
2024-07-17 10:00:14,82500.0,300,Sell,223449592
2024-07-17 10:00:14,82400.0,200,Sell,223449593
2024-07-17 10:00:14,82400.0,100,Sell,223449594
2024-07-17 10:00:14,82400.0,300,Sell,223449595
2024-07-17 10:00:21,82400.0,700,Sell,223449909
2024-07-17 10:00:21,82400.0,500,Sell,223449910
2024-07-17 10:00:21,82400.0,200,Sell,223449911
2024-07-17 10:00:21,82400.0,100,Sell,223449912
2024-07-17 10:00:21,82400.0,100,Sell,223449913
2024-07-17 10:00:21,82400.0,1200,Sell,223449914
2024-07-17 10:00:21,82400.0,100,Sell,223449915
2024-07-17 10:00:27,82400.0,100,Buy,223450162
2024-07-17 10:00:29,82400.0,100,Buy,223450232
2024-07-17 10:00:33,82400.0,100,Buy,223450413
2024-07-17 10:00:38,82300.0,300,Sell,223450700
2024-07-17 10:00:38,82300.0,100,Sell,223450703
2024-07-17 10:00:38,82300.0,100,Sell,223450701
2024-07-17 10:00:38,82300.0,100,Sell,223450702
2024-07-17 10:00:48,82300.0,200,Buy,223451127
2024-07-17 10:00:50,82200.0,100,Sell,223451210
2024-07-17 10:00:50,82200.0,400,Sell,223451211
2024-07-17 10:00:54,82200.0,4000,Sell,223451415
2024-07-17 10:00:54,82200.0,100,Sell,223451413
2024-07-17 10:00:54,82200.0,300,Sell,223451414
2024-07-17 10:00:54,82200.0,100,Sell,223451411
2024-07-17 10:00:54,82200.0,600,Sell,223451410
2024-07-17 10:00:54,82200.0,2600,Sell,223451412
2024-07-17 10:01:06,82100.0,200,Sell,223451871
2024-07-17 10:01:07,82200.0,100,Buy,223452008
2024-07-17 10:01:08,82100.0,100,Sell,223452050
2024-07-17 10:01:08,82100.0,100,Sell,223452051
2024-07-17 10:01:08,82100.0,100,Sell,223452052
2024-07-17 10:01:08,82100.0,100,Sell,223452053
2024-07-17 10:01:08,82100.0,300,Sell,223452054
2024-07-17 10:01:08,82100.0,1300,Sell,223452055
2024-07-17 10:01:15,82100.0,700,Sell,223452408
2024-07-17 10:01:16,82100.0,500,Sell,223452418
2024-07-17 10:01:26,82100.0,300,Sell,223452866
2024-07-17 10:01:28,82100.0,600,Sell,223452975
2024-07-17 10:01:30,82100.0,1600,Sell,223453102
2024-07-17 10:01:30,82100.0,200,Sell,223453103
2024-07-17 10:01:30,82100.0,600,Sell,223453104
2024-07-17 10:01:32,82100.0,4400,Sell,223453170
2024-07-17 10:01:37,82100.0,3000,Buy,223453437
2024-07-17 10:01:41,82100.0,1000,Buy,223453578
2024-07-17 10:01:47,82100.0,200,Buy,223453850
2024-07-17 10:01:47,82100.0,100,Buy,223453855
2024-07-17 10:01:52,82100.0,200,Buy,223454038
2024-07-17 10:01:57,82000.0,1700,Sell,223454216
2024-07-17 10:01:57,82100.0,100,Buy,223454233
2024-07-17 10:02:00,82000.0,200,Sell,223454351
2024-07-17 10:02:08,82000.0,100,Sell,223454723
2024-07-17 10:02:08,82000.0,100,Sell,223454722
2024-07-17 10:02:08,82000.0,100,Sell,223454721
2024-07-17 10:02:08,82000.0,100,Sell,223454720
2024-07-17 10:02:08,82000.0,3100,Sell,223454719
2024-07-17 10:02:09,82000.0,2000,Sell,223454778
2024-07-17 10:02:09,82000.0,100,Sell,223454779
2024-07-17 10:02:09,82000.0,100,Sell,223454780
2024-07-17 10:02:09,82000.0,200,Sell,223454781
2024-07-17 10:02:09,82000.0,200,Sell,223454782
2024-07-17 10:02:09,82000.0,500,Sell,223454783
2024-07-17 10:02:09,82000.0,500,Sell,223454784
2024-07-17 10:02:09,82000.0,100,Sell,223454785
2024-07-17 10:02:09,82000.0,100,Sell,223454786
2024-07-17 10:02:09,82000.0,1000,Sell,223454777
2024-07-17 10:02:09,82000.0,100,Sell,223454788
2024-07-17 10:02:09,82000.0,100,Sell,223454789
2024-07-17 10:02:09,82000.0,500,Sell,223454790
2024-07-17 10:02:09,82000.0,2000,Sell,223454799
2024-07-17 10:02:09,82000.0,200,Sell,223454792
2024-07-17 10:02:09,82000.0,300,Sell,223454793
2024-07-17 10:02:09,82000.0,100,Sell,223454794
2024-07-17 10:02:09,82000.0,300,Sell,223454795
2024-07-17 10:02:09,82000.0,8000,Sell,223454796
2024-07-17 10:02:09,82000.0,300,Sell,223454797
2024-07-17 10:02:09,82000.0,100,Sell,223454798
2024-07-17 10:02:09,82000.0,100,Sell,223454800
2024-07-17 10:02:09,82000.0,100,Sell,223454801
2024-07-17 10:02:09,82000.0,100,Sell,223454802
2024-07-17 10:02:09,82000.0,100,Sell,223454803
2024-07-17 10:02:09,82000.0,300,Sell,223454804
2024-07-17 10:02:09,82000.0,300,Sell,223454791
2024-07-17 10:02:09,82000.0,100,Sell,223454776
2024-07-17 10:02:09,82000.0,100,Sell,223454787
2024-07-17 10:02:09,82000.0,100,Sell,223454774
2024-07-17 10:02:09,82000.0,100,Sell,223454747
2024-07-17 10:02:09,82000.0,100,Sell,223454748
2024-07-17 10:02:09,82000.0,1000,Sell,223454749
2024-07-17 10:02:09,82000.0,2000,Sell,223454750
2024-07-17 10:02:09,82000.0,100,Sell,223454751
2024-07-17 10:02:09,82000.0,100,Sell,223454752
2024-07-17 10:02:09,82000.0,100,Sell,223454753
2024-07-17 10:02:09,82000.0,100,Sell,223454754
2024-07-17 10:02:09,82000.0,1000,Sell,223454755
2024-07-17 10:02:09,82000.0,100,Sell,223454756
2024-07-17 10:02:09,82000.0,200,Sell,223454757
2024-07-17 10:02:09,82000.0,100,Sell,223454758
2024-07-17 10:02:09,82000.0,100,Sell,223454759
2024-07-17 10:02:09,82000.0,500,Sell,223454775
2024-07-17 10:02:09,82000.0,100,Sell,223454761
2024-07-17 10:02:09,82000.0,500,Sell,223454760
2024-07-17 10:02:09,82000.0,100,Sell,223454773
2024-07-17 10:02:09,82000.0,200,Sell,223454772
2024-07-17 10:02:09,82000.0,500,Sell,223454771
2024-07-17 10:02:09,82000.0,300,Sell,223454770
2024-07-17 10:02:09,82000.0,100,Sell,223454768
2024-07-17 10:02:09,82000.0,100,Sell,223454769
2024-07-17 10:02:09,82000.0,100,Sell,223454766
2024-07-17 10:02:09,82000.0,500,Sell,223454765
2024-07-17 10:02:09,82000.0,2000,Sell,223454764
2024-07-17 10:02:09,82000.0,200,Sell,223454763
2024-07-17 10:02:09,82000.0,2000,Sell,223454762
2024-07-17 10:02:09,82000.0,200,Sell,223454767
2024-07-17 10:02:18,81900.0,300,Sell,223455138
2024-07-17 10:02:19,81800.0,100,Sell,223455193
2024-07-17 10:02:19,81700.0,300,Sell,223455195
2024-07-17 10:02:19,81800.0,200,Sell,223455192
2024-07-17 10:02:19,81800.0,100,Sell,223455194
2024-07-17 10:02:19,81800.0,200,Sell,223455190
2024-07-17 10:02:19,81800.0,100,Sell,223455191
2024-07-17 10:02:19,81900.0,700,Buy,223455171
2024-07-17 10:02:19,82000.0,300,Buy,223455172
2024-07-17 10:02:19,81800.0,500,Sell,223455189
2024-07-17 10:02:20,81700.0,100,Buy,223455235
2024-07-17 10:02:23,81500.0,100,Sell,223455374
2024-07-17 10:02:23,81500.0,400,Sell,223455375
2024-07-17 10:02:23,81500.0,1000,Sell,223455372
2024-07-17 10:02:23,81500.0,100,Sell,223455371
2024-07-17 10:02:23,81500.0,100,Sell,223455373
2024-07-17 10:02:23,81500.0,100,Sell,223455369
2024-07-17 10:02:23,81600.0,2000,Sell,223455368
2024-07-17 10:02:23,81600.0,100,Sell,223455367
2024-07-17 10:02:23,81700.0,100,Buy,223455366
2024-07-17 10:02:23,81500.0,100,Sell,223455370
2024-07-17 10:02:27,81700.0,100,Buy,223455534
2024-07-17 10:02:28,81700.0,100,Buy,223455549
2024-07-17 10:02:32,81700.0,1000,Buy,223455715
2024-07-17 10:02:32,81700.0,300,Buy,223455719
2024-07-17 10:02:39,81700.0,800,Buy,223455954
2024-07-17 10:02:50,81700.0,100,Sell,223456301
2024-07-17 10:02:53,81700.0,100,Sell,223456354
2024-07-17 10:02:53,81700.0,200,Sell,223456355
2024-07-17 10:02:53,81700.0,200,Sell,223456382
2024-07-17 10:03:01,81700.0,500,Sell,223456644
2024-07-17 10:03:05,81700.0,300,Sell,223456776
2024-07-17 10:03:05,81700.0,100,Sell,223456775
2024-07-17 10:03:05,81700.0,100,Sell,223456777
2024-07-17 10:03:22,81700.0,100,Sell,223457628
2024-07-17 10:03:28,81700.0,100,Sell,223457840
2024-07-17 10:03:28,81700.0,200,Sell,223457841
2024-07-17 10:03:35,81700.0,700,Buy,223458120
2024-07-17 10:03:35,81700.0,100,Buy,223458121
2024-07-17 10:03:38,81700.0,1000,Sell,223458195
2024-07-17 10:03:39,81700.0,200,Sell,223458229
2024-07-17 10:03:46,81700.0,200,Sell,223458565
2024-07-17 10:03:46,81700.0,100,Sell,223458566
2024-07-17 10:03:48,81900.0,500,Buy,223458922
2024-07-17 10:03:48,81900.0,500,Buy,223458923
2024-07-17 10:04:00,81900.0,400,Buy,223459403
2024-07-17 10:04:00,81900.0,100,Buy,223459402
2024-07-17 10:04:06,81900.0,300,Buy,223459759
2024-07-17 10:04:06,81900.0,1100,Buy,223459773
2024-07-17 10:04:22,81900.0,100,Buy,223460406
2024-07-17 10:04:25,81900.0,1400,Buy,223460570
2024-07-17 10:04:30,81900.0,1000,Buy,223460783
2024-07-17 10:04:32,81900.0,1000,Buy,223460841
2024-07-17 10:04:35,81900.0,200,Buy,223460983
2024-07-17 10:04:37,81900.0,100,Buy,223461041
2024-07-17 10:04:37,81900.0,2900,Buy,223461042
2024-07-17 10:04:41,81900.0,100,Buy,223461158
2024-07-17 10:04:46,81900.0,100,Sell,223461373
2024-07-17 10:04:49,81900.0,100,Buy,223461506
2024-07-17 10:04:55,81900.0,100,Buy,223461769
2024-07-17 10:04:55,81900.0,500,Buy,223461748
2024-07-17 10:05:03,81900.0,100,Buy,223462058
2024-07-17 10:05:16,81800.0,100,Sell,223462695
2024-07-17 10:05:36,81900.0,100,Sell,223463359
2024-07-17 10:05:37,81900.0,100,Buy,223463416
2024-07-17 10:05:43,81900.0,800,Buy,223463607
2024-07-17 10:05:48,81900.0,200,Sell,223463765
2024-07-17 10:05:57,81900.0,1800,Buy,223464140
2024-07-17 10:06:08,81900.0,1000,Sell,223464563
2024-07-17 10:06:25,81900.0,2100,Sell,223465052
2024-07-17 10:06:28,81900.0,2100,Sell,223465244
2024-07-17 10:06:38,81900.0,100,Sell,223465886
2024-07-17 10:06:38,81900.0,100,Sell,223465885
2024-07-17 10:06:38,81900.0,400,Sell,223465884
2024-07-17 10:06:38,81900.0,2000,Sell,223465883
2024-07-17 10:06:38,81900.0,200,Sell,223465882
2024-07-17 10:06:38,81900.0,100,Sell,223465879
2024-07-17 10:06:38,81900.0,100,Sell,223465880
2024-07-17 10:06:38,81900.0,100,Sell,223465878
2024-07-17 10:06:38,81900.0,100,Sell,223465877
2024-07-17 10:06:38,81900.0,1000,Sell,223465876
2024-07-17 10:06:38,81900.0,100,Sell,223465875
2024-07-17 10:06:38,81900.0,1000,Sell,223465881
2024-07-17 10:06:55,81900.0,300,Buy,223466509
2024-07-17 10:06:57,81800.0,100,Sell,223466591
2024-07-17 10:06:57,81800.0,200,Sell,223466590
2024-07-17 10:06:57,81800.0,500,Sell,223466592
2024-07-17 10:06:57,81800.0,500,Sell,223466589
2024-07-17 10:06:57,81800.0,200,Sell,223466587
2024-07-17 10:06:57,81800.0,200,Sell,223466588
2024-07-17 10:06:57,81800.0,100,Sell,223466585
2024-07-17 10:06:57,81800.0,100,Sell,223466586
2024-07-17 10:06:57,81800.0,100,Sell,223466580
2024-07-17 10:06:57,81800.0,100,Sell,223466582
2024-07-17 10:06:57,81800.0,100,Sell,223466583
2024-07-17 10:06:57,81800.0,100,Sell,223466581
2024-07-17 10:06:57,81800.0,500,Sell,223466584
2024-07-17 10:07:06,81900.0,1700,Buy,223466879
2024-07-17 10:07:06,81900.0,1300,Buy,223466878
2024-07-17 10:07:16,81900.0,100,Buy,223467184
2024-07-17 10:07:17,81900.0,100,Buy,223467256
2024-07-17 10:07:34,81900.0,500,Buy,223467775
2024-07-17 10:07:34,81900.0,600,Buy,223467799
2024-07-17 10:07:34,81900.0,100,Buy,223467800
2024-07-17 10:07:35,81900.0,900,Buy,223467843
2024-07-17 10:07:41,81900.0,1000,Sell,223467991
2024-07-17 10:07:48,81900.0,100,Buy,223468186
2024-07-17 10:07:49,81900.0,400,Buy,223468245
2024-07-17 10:07:54,81900.0,500,Buy,223468398
2024-07-17 10:08:22,81900.0,500,Sell,223469285
2024-07-17 10:08:22,81900.0,500,Sell,223469283
2024-07-17 10:08:22,81900.0,1000,Sell,223469284
2024-07-17 10:08:36,81900.0,500,Sell,223469633
2024-07-17 10:08:36,81900.0,100,Sell,223469634
2024-07-17 10:08:36,81900.0,500,Sell,223469635
2024-07-17 10:08:36,81900.0,500,Sell,223469636
2024-07-17 10:08:36,81900.0,900,Sell,223469637
2024-07-17 10:08:36,81900.0,100,Sell,223469638
2024-07-17 10:08:36,81900.0,100,Sell,223469639
2024-07-17 10:08:36,81900.0,300,Sell,223469640
2024-07-17 10:08:36,81900.0,3000,Sell,223469641
2024-07-17 10:08:48,81900.0,200,Buy,223469946
2024-07-17 10:08:49,81900.0,100,Buy,223469948
2024-07-17 10:08:49,81900.0,100,Buy,223469964
2024-07-17 10:09:05,81900.0,1000,Buy,223470415
2024-07-17 10:09:14,81900.0,500,Buy,223470694
2024-07-17 10:09:14,81700.0,100,Sell,223470666
2024-07-17 10:09:14,81700.0,100,Sell,223470665
2024-07-17 10:09:14,81700.0,500,Sell,223470664
2024-07-17 10:09:14,81700.0,100,Sell,223470663
2024-07-17 10:09:14,81700.0,300,Sell,223470662
2024-07-17 10:09:14,81700.0,100,Sell,223470661
2024-07-17 10:09:14,81700.0,2100,Sell,223470659
2024-07-17 10:09:14,81700.0,1000,Sell,223470660
2024-07-17 10:09:14,81800.0,400,Sell,223470657
2024-07-17 10:09:14,81800.0,100,Sell,223470656
2024-07-17 10:09:14,81800.0,100,Sell,223470655
2024-07-17 10:09:14,81800.0,200,Sell,223470654
2024-07-17 10:09:14,81800.0,400,Sell,223470653
2024-07-17 10:09:14,81800.0,2000,Sell,223470652
2024-07-17 10:09:14,81800.0,1000,Sell,223470651
2024-07-17 10:09:14,81800.0,500,Sell,223470650
2024-07-17 10:09:14,81800.0,1000,Sell,223470658
2024-07-17 10:09:20,81900.0,100,Buy,223470869
2024-07-17 10:09:26,81900.0,200,Buy,223471097
2024-07-17 10:09:33,81900.0,100,Buy,223471252
2024-07-17 10:09:41,81800.0,500,Sell,223471456
2024-07-17 10:09:41,81800.0,100,Sell,223471457
2024-07-17 10:09:41,81800.0,500,Sell,223471454
2024-07-17 10:09:41,81800.0,300,Sell,223471455
2024-07-17 10:10:07,81800.0,100,Buy,223472076
2024-07-17 10:10:38,81800.0,300,Buy,223472861
2024-07-17 10:10:40,81800.0,300,Buy,223472927
2024-07-17 10:10:44,81800.0,1000,Buy,223473004
2024-07-17 10:10:49,81800.0,1000,Buy,223473142
2024-07-17 10:11:02,81700.0,1000,Sell,223473451
2024-07-17 10:11:02,81700.0,500,Sell,223473450
2024-07-17 10:11:02,81700.0,500,Sell,223473449
2024-07-17 10:11:02,81700.0,100,Sell,223473448
2024-07-17 10:11:02,81700.0,500,Buy,223473478
2024-07-17 10:11:02,81700.0,300,Sell,223473446
2024-07-17 10:11:02,81700.0,100,Sell,223473445
2024-07-17 10:11:02,81700.0,200,Sell,223473444
2024-07-17 10:11:02,81700.0,100,Sell,223473443
2024-07-17 10:11:02,81700.0,100,Sell,223473447
2024-07-17 10:11:06,81600.0,900,Sell,223473568
2024-07-17 10:11:06,81600.0,200,Sell,223473567
2024-07-17 10:11:06,81600.0,100,Sell,223473566
2024-07-17 10:11:06,81600.0,1000,Sell,223473565
2024-07-17 10:11:06,81600.0,100,Sell,223473564
2024-07-17 10:11:06,81600.0,1000,Sell,223473562
2024-07-17 10:11:06,81600.0,100,Sell,223473561
2024-07-17 10:11:06,81600.0,100,Sell,223473558
2024-07-17 10:11:06,81600.0,500,Sell,223473563
2024-07-17 10:11:18,81600.0,100,Sell,223473870
2024-07-17 10:11:18,81600.0,300,Sell,223473868
2024-07-17 10:11:18,81600.0,300,Sell,223473869
2024-07-17 10:11:18,81600.0,200,Sell,223473867
2024-07-17 10:11:18,81600.0,1000,Sell,223473862
2024-07-17 10:11:18,81600.0,300,Sell,223473865
2024-07-17 10:11:18,81600.0,100,Sell,223473866
2024-07-17 10:11:18,81600.0,2100,Sell,223473861
2024-07-17 10:11:18,81600.0,200,Sell,223473864
2024-07-17 10:11:18,81600.0,100,Sell,223473863
2024-07-17 10:11:36,81500.0,100,Sell,223474280
2024-07-17 10:11:36,81500.0,200,Sell,223474281
2024-07-17 10:11:36,81500.0,100,Sell,223474282
2024-07-17 10:11:36,81500.0,200,Sell,223474283
2024-07-17 10:11:36,81600.0,100,Buy,223474290
2024-07-17 10:11:43,81600.0,200,Buy,223474424
2024-07-17 10:11:48,81600.0,500,Sell,223474576
2024-07-17 10:11:48,81600.0,500,Sell,223474575
2024-07-17 10:11:48,81600.0,500,Buy,223474577
2024-07-17 10:11:50,81500.0,100,Sell,223474614
2024-07-17 10:11:50,81500.0,100,Sell,223474615
2024-07-17 10:11:50,81600.0,500,Buy,223474626
2024-07-17 10:12:04,81600.0,100,Sell,223475005
2024-07-17 10:12:11,81600.0,1000,Sell,223475211
2024-07-17 10:12:11,81600.0,500,Sell,223475212
2024-07-17 10:12:11,81600.0,100,Sell,223475209
2024-07-17 10:12:11,81600.0,2000,Sell,223475210
2024-07-17 10:12:11,81600.0,300,Sell,223475206
2024-07-17 10:12:11,81600.0,500,Sell,223475207
2024-07-17 10:12:11,81600.0,100,Sell,223475208
2024-07-17 10:12:11,81600.0,400,Sell,223475205
2024-07-17 10:12:12,81600.0,100,Buy,223475231
2024-07-17 10:12:16,81600.0,100,Sell,223475317
2024-07-17 10:12:16,81600.0,200,Buy,223475335
2024-07-17 10:12:16,81600.0,100,Sell,223475316
2024-07-17 10:12:16,81600.0,100,Sell,223475318
2024-07-17 10:12:22,81600.0,100,Buy,223475526
2024-07-17 10:12:23,81500.0,1000,Sell,223475537
2024-07-17 10:12:23,81500.0,100,Sell,223475538
2024-07-17 10:12:23,81500.0,100,Sell,223475539
2024-07-17 10:12:23,81500.0,1300,Sell,223475540
2024-07-17 10:12:26,81600.0,300,Buy,223475646
2024-07-17 10:12:39,81500.0,100,Sell,223476114
2024-07-17 10:12:52,81600.0,100,Buy,223476416
2024-07-17 10:12:59,81600.0,100,Buy,223476665
2024-07-17 10:12:59,81600.0,200,Buy,223476648
2024-07-17 10:12:59,81500.0,100,Sell,223476664
2024-07-17 10:13:05,81500.0,500,Sell,223476906
2024-07-17 10:13:05,81500.0,100,Sell,223476907
2024-07-17 10:13:16,81600.0,100,Buy,223477318
2024-07-17 10:13:18,81600.0,500,Buy,223477366
2024-07-17 10:13:21,81600.0,100,Buy,223477531
2024-07-17 10:13:21,81600.0,100,Buy,223477532
2024-07-17 10:13:23,81600.0,100,Buy,223477565
2024-07-17 10:13:23,81600.0,100,Buy,223477566
2024-07-17 10:13:40,81600.0,300,Sell,223478366
2024-07-17 10:13:40,81600.0,100,Sell,223478365
2024-07-17 10:13:40,81600.0,200,Sell,223478363
2024-07-17 10:13:40,81600.0,200,Sell,223478362
2024-07-17 10:13:40,81600.0,300,Sell,223478361
2024-07-17 10:13:40,81600.0,300,Sell,223478364
2024-07-17 10:13:46,81600.0,300,Buy,223478629
2024-07-17 10:13:51,81600.0,1000,Buy,223478815
2024-07-17 10:13:52,81600.0,100,Buy,223478904
2024-07-17 10:13:53,81500.0,500,Sell,223478953
2024-07-17 10:13:53,81500.0,100,Sell,223478952
2024-07-17 10:13:53,81500.0,100,Sell,223478950
2024-07-17 10:13:53,81500.0,100,Sell,223478951
2024-07-17 10:13:53,81500.0,100,Sell,223478948
2024-07-17 10:13:53,81500.0,200,Sell,223478947
2024-07-17 10:13:53,81500.0,300,Sell,223478946
2024-07-17 10:13:53,81500.0,500,Sell,223478945
2024-07-17 10:13:53,81500.0,100,Sell,223478949
2024-07-17 10:13:56,81600.0,100,Buy,223479075
2024-07-17 10:14:01,81600.0,100,Buy,223479304
2024-07-17 10:14:17,81600.0,1000,Buy,223479929
2024-07-17 10:14:18,81500.0,100,Sell,223479962
2024-07-17 10:14:18,81500.0,300,Sell,223479963
2024-07-17 10:14:18,81500.0,1600,Sell,223479964
2024-07-17 10:14:22,81600.0,500,Buy,223480091
2024-07-17 10:14:23,81600.0,100,Buy,223480103
2024-07-17 10:14:30,81500.0,100,Sell,223480401
2024-07-17 10:14:30,81500.0,400,Sell,223480400
2024-07-17 10:14:38,81500.0,100,Sell,223480879
2024-07-17 10:14:38,81500.0,100,Sell,223480880
2024-07-17 10:14:38,81500.0,500,Sell,223480881
2024-07-17 10:14:38,81500.0,100,Sell,223480882
2024-07-17 10:14:38,81500.0,100,Sell,223480883
2024-07-17 10:14:38,81500.0,100,Sell,223480884
2024-07-17 10:14:38,81500.0,100,Sell,223480885
2024-07-17 10:14:38,81500.0,100,Sell,223480886
2024-07-17 10:14:38,81500.0,1000,Sell,223480887
2024-07-17 10:14:38,81500.0,200,Sell,223480888
2024-07-17 10:14:38,81500.0,100,Sell,223480889
2024-07-17 10:14:38,81500.0,1200,Sell,223480890
2024-07-17 10:14:38,81500.0,400,Sell,223480892
2024-07-17 10:14:38,81500.0,500,Sell,223480893
2024-07-17 10:14:38,81500.0,100,Sell,223480894
2024-07-17 10:14:38,81500.0,500,Sell,223480895
2024-07-17 10:14:38,81500.0,1200,Sell,223480896
2024-07-17 10:14:38,81500.0,100,Sell,223480897
2024-07-17 10:14:38,81500.0,100,Sell,223480898
2024-07-17 10:14:38,81500.0,200,Sell,223480899
2024-07-17 10:14:38,81500.0,100,Sell,223480900
2024-07-17 10:14:38,81500.0,100,Sell,223480891
2024-07-17 10:14:38,81500.0,500,Sell,223480878
2024-07-17 10:14:38,81500.0,100,Sell,223480853
2024-07-17 10:14:38,81500.0,100,Sell,223480876
2024-07-17 10:14:38,81500.0,100,Sell,223480854
2024-07-17 10:14:38,81500.0,100,Sell,223480855
2024-07-17 10:14:38,81500.0,100,Sell,223480856
2024-07-17 10:14:38,81500.0,1000,Sell,223480857
2024-07-17 10:14:38,81500.0,1000,Sell,223480858
2024-07-17 10:14:38,81500.0,500,Sell,223480859
2024-07-17 10:14:38,81500.0,1000,Sell,223480860
2024-07-17 10:14:38,81500.0,100,Sell,223480861
2024-07-17 10:14:38,81500.0,100,Sell,223480877
2024-07-17 10:14:38,81500.0,100,Sell,223480863
2024-07-17 10:14:38,81500.0,5000,Sell,223480864
2024-07-17 10:14:38,81500.0,100,Sell,223480862
2024-07-17 10:14:38,81500.0,100,Sell,223480866
2024-07-17 10:14:38,81500.0,5000,Sell,223480867
2024-07-17 10:14:38,81500.0,400,Sell,223480868
2024-07-17 10:14:38,81500.0,300,Sell,223480869
2024-07-17 10:14:38,81500.0,100,Sell,223480870
2024-07-17 10:14:38,81500.0,100,Sell,223480871
2024-07-17 10:14:38,81500.0,500,Sell,223480872
2024-07-17 10:14:38,81500.0,100,Sell,223480873
2024-07-17 10:14:38,81500.0,200,Sell,223480874
2024-07-17 10:14:38,81500.0,2000,Sell,223480875
2024-07-17 10:14:38,81500.0,100,Sell,223480865
2024-07-17 10:14:41,81500.0,100,Buy,223481013
2024-07-17 10:14:42,81500.0,100,Buy,223481085
2024-07-17 10:14:42,81500.0,900,Buy,223481086
2024-07-17 10:14:47,81600.0,100,Buy,223481248
2024-07-17 10:15:07,81400.0,600,Sell,223482722
2024-07-17 10:15:12,81500.0,500,Buy,223483099
2024-07-17 10:15:13,81400.0,2000,Sell,223483149
2024-07-17 10:15:13,81500.0,100,Buy,223483115
2024-07-17 10:15:19,81400.0,100,Sell,223483585
2024-07-17 10:15:19,81400.0,1200,Sell,223483588
2024-07-17 10:15:19,81400.0,2400,Sell,223483584
2024-07-17 10:15:19,81400.0,100,Sell,223483586
2024-07-17 10:15:19,81400.0,100,Sell,223483587
2024-07-17 10:15:40,81500.0,500,Buy,223484949
2024-07-17 10:16:05,81400.0,500,Sell,223486851
2024-07-17 10:16:15,81400.0,1200,Sell,223488024
2024-07-17 10:16:16,81400.0,100,Sell,223488109
2024-07-17 10:16:16,81400.0,200,Sell,223488110
2024-07-17 10:16:16,81400.0,100,Sell,223488111
2024-07-17 10:16:16,81400.0,500,Sell,223488112
2024-07-17 10:16:16,81400.0,200,Sell,223488113
2024-07-17 10:16:16,81400.0,200,Sell,223488114
2024-07-17 10:16:18,81400.0,100,Sell,223488215
2024-07-17 10:16:18,81400.0,500,Sell,223488214
2024-07-17 10:16:18,81400.0,100,Sell,223488213
2024-07-17 10:16:18,81400.0,800,Sell,223488275
2024-07-17 10:16:18,81400.0,100,Sell,223488211
2024-07-17 10:16:18,81400.0,100,Sell,223488212
2024-07-17 10:16:18,81400.0,300,Sell,223488209
2024-07-17 10:16:18,81400.0,1400,Sell,223488216
2024-07-17 10:16:18,81400.0,500,Sell,223488210
2024-07-17 10:16:20,81500.0,1400,Buy,223488368
2024-07-17 10:16:20,81500.0,500,Buy,223488369
2024-07-17 10:16:20,81500.0,100,Buy,223488370
2024-07-17 10:16:21,81400.0,100,Sell,223488389
2024-07-17 10:16:25,81500.0,100,Buy,223488718
2024-07-17 10:16:32,81400.0,200,Sell,223489308
2024-07-17 10:16:32,81400.0,500,Sell,223489329
2024-07-17 10:16:32,81400.0,100,Sell,223489330
2024-07-17 10:16:32,81400.0,2600,Sell,223489331
2024-07-17 10:16:36,81300.0,300,Sell,223489600
2024-07-17 10:16:36,81300.0,1700,Sell,223489601
2024-07-17 10:16:36,81400.0,100,Buy,223489631
2024-07-17 10:16:45,81400.0,200,Buy,223490526
2024-07-17 10:16:46,81300.0,300,Sell,223490561
2024-07-17 10:16:46,81300.0,900,Sell,223490562
2024-07-17 10:16:56,81300.0,100,Sell,223491469
2024-07-17 10:16:56,81400.0,100,Buy,223491508
2024-07-17 10:17:10,81400.0,100,Buy,223492717
2024-07-17 10:17:13,81300.0,300,Sell,223492960
2024-07-17 10:17:14,81400.0,300,Buy,223493001
2024-07-17 10:17:14,81400.0,100,Buy,223493002
2024-07-17 10:17:19,81300.0,100,Sell,223493389
2024-07-17 10:17:19,81300.0,200,Sell,223493388
2024-07-17 10:17:19,81300.0,300,Sell,223493387
2024-07-17 10:17:19,81300.0,100,Sell,223493386
2024-07-17 10:17:19,81300.0,100,Sell,223493385
2024-07-17 10:17:19,81300.0,100,Sell,223493384
2024-07-17 10:17:19,81300.0,100,Sell,223493383
2024-07-17 10:17:19,81300.0,500,Sell,223493381
2024-07-17 10:17:19,81300.0,100,Sell,223493380
2024-07-17 10:17:19,81300.0,200,Sell,223493379
2024-07-17 10:17:19,81300.0,1000,Sell,223493378
2024-07-17 10:17:19,81300.0,500,Sell,223493377
2024-07-17 10:17:19,81300.0,100,Sell,223493376
2024-07-17 10:17:19,81300.0,200,Sell,223493375
2024-07-17 10:17:19,81300.0,200,Sell,223493382
2024-07-17 10:17:37,81200.0,400,Sell,223495043
2024-07-17 10:18:03,81200.0,100,Sell,223497518
2024-07-17 10:18:03,81200.0,1900,Sell,223497523
2024-07-17 10:18:03,81200.0,500,Sell,223497522
2024-07-17 10:18:03,81200.0,100,Sell,223497521
2024-07-17 10:18:03,81200.0,100,Sell,223497520
2024-07-17 10:18:03,81200.0,100,Sell,223497519
2024-07-17 10:18:03,81200.0,200,Sell,223497516
2024-07-17 10:18:03,81200.0,400,Sell,223497517
2024-07-17 10:18:03,81200.0,100,Sell,223497514
2024-07-17 10:18:03,81200.0,600,Sell,223497507
2024-07-17 10:18:03,81200.0,100,Sell,223497513
2024-07-17 10:18:03,81200.0,100,Sell,223497512
2024-07-17 10:18:03,81200.0,100,Sell,223497511
2024-07-17 10:18:03,81200.0,500,Sell,223497510
2024-07-17 10:18:03,81200.0,100,Sell,223497509
2024-07-17 10:18:03,81200.0,300,Sell,223497508
2024-07-17 10:18:03,81200.0,500,Sell,223497515
2024-07-17 10:18:04,81200.0,100,Sell,223497541
2024-07-17 10:18:04,81200.0,100,Sell,223497542
2024-07-17 10:18:05,81200.0,100,Buy,223497576
2024-07-17 10:18:10,81200.0,100,Buy,223498064
2024-07-17 10:18:15,81100.0,500,Sell,223498516
2024-07-17 10:18:15,81100.0,2800,Sell,223498520
2024-07-17 10:18:15,81100.0,100,Sell,223498518
2024-07-17 10:18:15,81100.0,300,Sell,223498517
2024-07-17 10:18:15,81100.0,200,Sell,223498515
2024-07-17 10:18:15,81100.0,500,Sell,223498519
2024-07-17 10:18:15,81100.0,500,Sell,223498513
2024-07-17 10:18:15,81100.0,300,Sell,223498512
2024-07-17 10:18:15,81100.0,100,Sell,223498511
2024-07-17 10:18:15,81100.0,200,Sell,223498509
2024-07-17 10:18:15,81100.0,200,Sell,223498510
2024-07-17 10:18:15,81100.0,500,Sell,223498514
2024-07-17 10:18:26,81100.0,200,Sell,223499775
2024-07-17 10:18:26,81100.0,100,Sell,223499776
2024-07-17 10:18:26,81100.0,100,Sell,223499777
2024-07-17 10:18:29,81000.0,500,Sell,223500269
2024-07-17 10:18:29,81000.0,100,Sell,223500270
2024-07-17 10:18:29,81000.0,100,Sell,223500273
2024-07-17 10:18:29,81000.0,200,Sell,223500272
2024-07-17 10:18:29,81000.0,100,Sell,223500268
2024-07-17 10:18:29,81000.0,1000,Sell,223500258
2024-07-17 10:18:29,81000.0,500,Sell,223500271
2024-07-17 10:18:29,81000.0,100,Sell,223500267
2024-07-17 10:18:29,81000.0,500,Sell,223500264
2024-07-17 10:18:29,81000.0,100,Sell,223500265
2024-07-17 10:18:29,81000.0,1000,Sell,223500263
2024-07-17 10:18:29,81000.0,100,Sell,223500262
2024-07-17 10:18:29,81000.0,100,Sell,223500261
2024-07-17 10:18:29,81000.0,100,Sell,223500260
2024-07-17 10:18:29,81000.0,100,Sell,223500259
2024-07-17 10:18:29,81000.0,1000,Sell,223500274
2024-07-17 10:18:29,81000.0,300,Sell,223500266
2024-07-17 10:18:29,81000.0,300,Sell,223500275
2024-07-17 10:18:29,81000.0,100,Sell,223500298
2024-07-17 10:18:29,81000.0,500,Sell,223500277
2024-07-17 10:18:29,81000.0,500,Sell,223500257
2024-07-17 10:18:29,81000.0,500,Sell,223500304
2024-07-17 10:18:29,81000.0,100,Sell,223500303
2024-07-17 10:18:29,81000.0,200,Sell,223500302
2024-07-17 10:18:29,81000.0,100,Sell,223500301
2024-07-17 10:18:29,81000.0,100,Sell,223500300
2024-07-17 10:18:29,81000.0,1000,Sell,223500299
2024-07-17 10:18:29,81000.0,500,Sell,223500297
2024-07-17 10:18:29,81000.0,900,Sell,223500296
2024-07-17 10:18:29,81000.0,100,Sell,223500295
2024-07-17 10:18:29,81000.0,300,Sell,223500294
2024-07-17 10:18:29,81000.0,500,Sell,223500293
2024-07-17 10:18:29,81000.0,300,Sell,223500292
2024-07-17 10:18:29,81000.0,300,Sell,223500291
2024-07-17 10:18:29,81000.0,100,Sell,223500290
2024-07-17 10:18:29,81000.0,500,Sell,223500289
2024-07-17 10:18:29,81000.0,100,Sell,223500278
2024-07-17 10:18:29,81000.0,500,Sell,223500276
2024-07-17 10:18:29,81000.0,1000,Sell,223500256
2024-07-17 10:18:29,81000.0,100,Sell,223500236
2024-07-17 10:18:29,81000.0,100,Sell,223500254
2024-07-17 10:18:29,81000.0,100,Sell,223500230
2024-07-17 10:18:29,81000.0,200,Sell,223500229
2024-07-17 10:18:29,81000.0,500,Sell,223500228
2024-07-17 10:18:29,81000.0,3000,Sell,223500227
2024-07-17 10:18:29,81000.0,200,Sell,223500226
2024-07-17 10:18:29,81000.0,300,Sell,223500225
2024-07-17 10:18:29,81000.0,1000,Sell,223500224
2024-07-17 10:18:29,81000.0,100,Sell,223500223
2024-07-17 10:18:29,81000.0,100,Sell,223500222
2024-07-17 10:18:29,81000.0,200,Sell,223500221
2024-07-17 10:18:29,81000.0,100,Sell,223500220
2024-07-17 10:18:29,81000.0,5000,Sell,223500219
2024-07-17 10:18:29,81000.0,100,Sell,223500218
2024-07-17 10:18:29,81100.0,100,Sell,223500217
2024-07-17 10:18:29,81100.0,100,Sell,223500216
2024-07-17 10:18:29,81100.0,500,Sell,223500215
2024-07-17 10:18:29,81000.0,100,Sell,223500255
2024-07-17 10:18:29,81000.0,1000,Sell,223500231
2024-07-17 10:18:29,81000.0,300,Sell,223500232
2024-07-17 10:18:29,81000.0,500,Sell,223500235
2024-07-17 10:18:29,81000.0,100,Sell,223500234
2024-07-17 10:18:29,81000.0,200,Sell,223500252
2024-07-17 10:18:29,81000.0,100,Sell,223500251
2024-07-17 10:18:29,81000.0,100,Sell,223500250
2024-07-17 10:18:29,81000.0,500,Sell,223500249
2024-07-17 10:18:29,81000.0,100,Sell,223500248
2024-07-17 10:18:29,81000.0,2000,Sell,223500246
2024-07-17 10:18:29,81000.0,500,Sell,223500245
2024-07-17 10:18:29,81000.0,100,Sell,223500244
2024-07-17 10:18:29,81000.0,1000,Sell,223500247
2024-07-17 10:18:29,81000.0,1000,Sell,223500242
2024-07-17 10:18:29,81000.0,500,Sell,223500241
2024-07-17 10:18:29,81000.0,1000,Sell,223500240
2024-07-17 10:18:29,81000.0,1000,Sell,223500239
2024-07-17 10:18:29,81000.0,1000,Sell,223500238
2024-07-17 10:18:29,81000.0,200,Sell,223500237
2024-07-17 10:18:29,81000.0,200,Sell,223500233
2024-07-17 10:18:29,81000.0,300,Sell,223500243
2024-07-17 10:18:29,81000.0,2000,Sell,223500253
2024-07-17 10:18:42,81100.0,100,Sell,223501609
2024-07-17 10:18:42,81100.0,2900,Sell,223501610
2024-07-17 10:18:47,81100.0,100,Sell,223501949
2024-07-17 10:18:47,81100.0,200,Sell,223501950
2024-07-17 10:19:24,81000.0,100,Sell,223505156
2024-07-17 10:19:24,81100.0,100,Buy,223505164
2024-07-17 10:19:24,81000.0,100,Sell,223505157
2024-07-17 10:19:24,81000.0,200,Sell,223505154
2024-07-17 10:19:24,81000.0,100,Sell,223505153
2024-07-17 10:19:24,81000.0,1000,Sell,223505152
2024-07-17 10:19:24,81000.0,100,Sell,223505151
2024-07-17 10:19:24,81000.0,1000,Sell,223505155
2024-07-17 10:19:29,81000.0,100,Sell,223505589
2024-07-17 10:19:29,81000.0,200,Sell,223505588
2024-07-17 10:19:29,81000.0,500,Sell,223505586
2024-07-17 10:19:29,81000.0,200,Sell,223505587
2024-07-17 10:19:29,81000.0,1500,Sell,223505585
2024-07-17 10:19:29,81000.0,100,Sell,223505584
2024-07-17 10:19:29,81000.0,200,Sell,223505583
2024-07-17 10:19:29,81000.0,100,Sell,223505582
2024-07-17 10:19:32,81100.0,100,Buy,223505811
2024-07-17 10:19:34,81000.0,200,Sell,223505906
2024-07-17 10:19:35,81100.0,200,Buy,223505991
2024-07-17 10:19:37,81000.0,200,Sell,223506128
2024-07-17 10:19:47,81100.0,300,Buy,223506917
2024-07-17 10:19:53,81000.0,200,Sell,223507318
2024-07-17 10:19:53,81000.0,100,Sell,223507317
2024-07-17 10:19:53,81000.0,100,Sell,223507319
2024-07-17 10:19:53,81000.0,1000,Sell,223507315
2024-07-17 10:19:53,81000.0,200,Sell,223507313
2024-07-17 10:19:53,81000.0,500,Sell,223507316
2024-07-17 10:19:53,81000.0,100,Sell,223507314
2024-07-17 10:19:56,81000.0,100,Buy,223507534
2024-07-17 10:19:59,81000.0,1400,Buy,223507834
2024-07-17 10:20:13,81000.0,100,Buy,223509021
2024-07-17 10:20:14,81000.0,200,Buy,223509075
2024-07-17 10:20:20,80900.0,300,Sell,223509525
2024-07-17 10:20:20,80900.0,100,Sell,223509526
2024-07-17 10:20:20,80900.0,700,Sell,223509527
2024-07-17 10:20:20,80900.0,200,Sell,223509524
2024-07-17 10:20:21,81000.0,100,Buy,223509663
2024-07-17 10:20:21,81000.0,500,Buy,223509665
2024-07-17 10:20:22,80900.0,100,Sell,223509732
2024-07-17 10:20:22,80900.0,300,Sell,223509733
2024-07-17 10:20:22,80900.0,2000,Sell,223509734
2024-07-17 10:20:24,80900.0,1000,Sell,223509800
2024-07-17 10:20:31,81000.0,100,Buy,223510361
2024-07-17 10:20:53,81000.0,100,Buy,223512126
2024-07-17 10:20:59,81000.0,100,Buy,223512615
2024-07-17 10:20:59,80900.0,1000,Sell,223512647
2024-07-17 10:21:11,80900.0,300,Sell,223513491
2024-07-17 10:21:15,80900.0,300,Sell,223513760
2024-07-17 10:21:22,80900.0,200,Sell,223514101
2024-07-17 10:21:22,80900.0,100,Sell,223514095
2024-07-17 10:21:22,80900.0,400,Sell,223514094
2024-07-17 10:21:22,80900.0,900,Sell,223514100
2024-07-17 10:21:24,80900.0,500,Sell,223514206
2024-07-17 10:21:25,80900.0,100,Sell,223514287
2024-07-17 10:21:25,80900.0,100,Sell,223514286
2024-07-17 10:21:25,80900.0,100,Sell,223514282
2024-07-17 10:21:25,80900.0,100,Sell,223514284
2024-07-17 10:21:25,80900.0,100,Sell,223514283
2024-07-17 10:21:25,80900.0,100,Sell,223514285
2024-07-17 10:21:29,80900.0,100,Sell,223514593
2024-07-17 10:21:29,80900.0,100,Sell,223514594
2024-07-17 10:21:33,80900.0,100,Sell,223514779
2024-07-17 10:21:33,80900.0,100,Sell,223514780
2024-07-17 10:21:36,80900.0,100,Sell,223514950
2024-07-17 10:21:36,80900.0,100,Sell,223514951
2024-07-17 10:21:38,80600.0,100,Sell,223515148
2024-07-17 10:21:38,80600.0,100,Sell,223515130
2024-07-17 10:21:38,80600.0,100,Sell,223515129
2024-07-17 10:21:38,80600.0,3000,Sell,223515128
2024-07-17 10:21:38,80700.0,300,Sell,223515127
2024-07-17 10:21:38,80700.0,100,Sell,223515126
2024-07-17 10:21:38,80700.0,200,Sell,223515125
2024-07-17 10:21:38,80600.0,100,Sell,223515147
2024-07-17 10:21:38,80700.0,2000,Sell,223515123
2024-07-17 10:21:38,80700.0,200,Sell,223515122
2024-07-17 10:21:38,80800.0,100,Sell,223515121
2024-07-17 10:21:38,80800.0,100,Sell,223515120
2024-07-17 10:21:38,80800.0,500,Sell,223515119
2024-07-17 10:21:38,80800.0,300,Sell,223515118
2024-07-17 10:21:38,80700.0,300,Sell,223515124
2024-07-17 10:21:38,80900.0,100,Sell,223515117
2024-07-17 10:21:38,80900.0,300,Sell,223515116
2024-07-17 10:21:40,80600.0,3000,Buy,223515401
2024-07-17 10:21:41,80600.0,500,Buy,223515426
2024-07-17 10:21:42,80600.0,800,Buy,223515470
2024-07-17 10:21:59,80800.0,500,Sell,223516632
2024-07-17 10:21:59,80800.0,1300,Sell,223516633
2024-07-17 10:21:59,80600.0,100,Sell,223516634
2024-07-17 10:21:59,80600.0,4800,Sell,223516635
2024-07-17 10:21:59,80600.0,100,Sell,223516636
2024-07-17 10:22:01,80600.0,200,Buy,223516679
2024-07-17 10:22:02,80800.0,2300,Sell,223516776
2024-07-17 10:22:02,80800.0,1000,Sell,223516764
2024-07-17 10:22:10,80600.0,300,Sell,223517758
2024-07-17 10:22:14,80600.0,200,Sell,223518074
2024-07-17 10:22:14,80600.0,200,Sell,223518076
2024-07-17 10:22:14,80600.0,500,Sell,223518077
2024-07-17 10:22:14,80600.0,100,Sell,223518078
2024-07-17 10:22:14,80600.0,100,Sell,223518075
2024-07-17 10:22:15,80600.0,1000,Buy,223518202
2024-07-17 10:22:33,80600.0,200,Sell,223519415
2024-07-17 10:22:33,80600.0,100,Sell,223519416
2024-07-17 10:22:33,80600.0,100,Sell,223519417
2024-07-17 10:22:33,80600.0,100,Sell,223519418
2024-07-17 10:22:34,80600.0,100,Buy,223519535
2024-07-17 10:22:36,80600.0,2000,Buy,223519688
2024-07-17 10:22:36,80600.0,200,Buy,223519687
2024-07-17 10:22:48,80600.0,200,Sell,223520525
2024-07-17 10:22:53,80600.0,500,Sell,223520866
2024-07-17 10:22:54,80600.0,300,Sell,223520924
2024-07-17 10:23:01,80800.0,1900,Buy,223521451
2024-07-17 10:23:02,80600.0,2000,Sell,223521479
2024-07-17 10:23:03,80800.0,200,Buy,223521623
2024-07-17 10:23:07,80800.0,100,Buy,223521983
2024-07-17 10:23:15,80900.0,200,Buy,223522442
2024-07-17 10:23:15,80900.0,100,Buy,223522443
2024-07-17 10:23:15,80900.0,700,Buy,223522444
2024-07-17 10:23:18,80900.0,1000,Buy,223522735
2024-07-17 10:23:19,80900.0,300,Buy,223522842
2024-07-17 10:23:21,81000.0,1300,Buy,223522979
2024-07-17 10:23:21,81000.0,500,Buy,223522978
2024-07-17 10:23:21,81000.0,2000,Buy,223522977
2024-07-17 10:23:21,81000.0,100,Buy,223522974
2024-07-17 10:23:21,81000.0,500,Buy,223522973
2024-07-17 10:23:21,81000.0,400,Buy,223522972
2024-07-17 10:23:21,81000.0,500,Buy,223522975
2024-07-17 10:23:21,81000.0,400,Buy,223522976
2024-07-17 10:23:34,81100.0,700,Buy,223523894
2024-07-17 10:23:37,81000.0,100,Sell,223524147
2024-07-17 10:23:39,81100.0,400,Buy,223524286
2024-07-17 10:23:39,81100.0,200,Buy,223524287
2024-07-17 10:23:39,81100.0,200,Buy,223524288
2024-07-17 10:23:39,81100.0,200,Buy,223524289
2024-07-17 10:23:48,81100.0,700,Buy,223524959
2024-07-17 10:23:55,81200.0,100,Buy,223525412
2024-07-17 10:23:55,81200.0,100,Buy,223525324
2024-07-17 10:23:58,81200.0,300,Buy,223525598
2024-07-17 10:23:59,81200.0,1000,Buy,223525642
2024-07-17 10:24:00,81200.0,100,Buy,223525681
2024-07-17 10:24:01,81200.0,100,Buy,223525806
2024-07-17 10:24:02,81200.0,1900,Buy,223525935
2024-07-17 10:24:02,81200.0,200,Buy,223525969
2024-07-17 10:24:10,81300.0,500,Buy,223526297
2024-07-17 10:24:11,81300.0,100,Buy,223526390
2024-07-17 10:24:14,81300.0,300,Buy,223526487
2024-07-17 10:24:17,81300.0,200,Buy,223526665
2024-07-17 10:24:22,81300.0,500,Buy,223526866
2024-07-17 10:24:22,81300.0,200,Buy,223526868
2024-07-17 10:24:22,81300.0,500,Buy,223526864
2024-07-17 10:24:22,81300.0,100,Buy,223526863
2024-07-17 10:24:22,81300.0,3000,Buy,223526865
2024-07-17 10:24:22,81300.0,200,Buy,223526867
2024-07-17 10:24:28,81400.0,1000,Buy,223527203
2024-07-17 10:24:36,81400.0,1000,Sell,223527586
2024-07-17 10:24:39,81500.0,200,Buy,223527711
2024-07-17 10:24:41,81500.0,200,Buy,223527775
2024-07-17 10:24:42,81500.0,1200,Buy,223527863
2024-07-17 10:24:43,81500.0,100,Buy,223527893
2024-07-17 10:24:44,81500.0,1000,Buy,223527956
2024-07-17 10:24:44,81500.0,100,Buy,223527968
2024-07-17 10:24:45,81500.0,400,Buy,223527981
2024-07-17 10:25:03,81600.0,5000,Buy,223528784
2024-07-17 10:25:08,81600.0,300,Buy,223528950
2024-07-17 10:25:09,81600.0,1000,Buy,223529000
2024-07-17 10:25:11,81600.0,1000,Buy,223529056
2024-07-17 10:25:12,81600.0,100,Buy,223529143
2024-07-17 10:25:17,81600.0,200,Buy,223529340
2024-07-17 10:25:20,81600.0,2000,Buy,223529480
2024-07-17 10:25:20,81600.0,4000,Buy,223529481
2024-07-17 10:25:21,81600.0,200,Buy,223529505
2024-07-17 10:25:28,81600.0,1500,Buy,223529841
2024-07-17 10:25:28,81600.0,300,Buy,223529842
2024-07-17 10:25:28,81600.0,4300,Buy,223529843
2024-07-17 10:25:31,81600.0,500,Buy,223529949
2024-07-17 10:25:31,81600.0,5200,Buy,223529978
2024-07-17 10:25:31,81600.0,200,Buy,223529979
2024-07-17 10:25:31,81600.0,1000,Buy,223529980
2024-07-17 10:25:32,81700.0,300,Buy,223530000
2024-07-17 10:25:32,81700.0,400,Buy,223530001
2024-07-17 10:25:42,81700.0,100,Buy,223530425
2024-07-17 10:25:43,81700.0,100,Buy,223530467
2024-07-17 10:25:43,81700.0,200,Buy,223530465
2024-07-17 10:25:43,81700.0,100,Buy,223530466
2024-07-17 10:25:43,81700.0,300,Buy,223530464
2024-07-17 10:25:49,81800.0,100,Buy,223530687
2024-07-17 10:25:49,81800.0,1900,Buy,223530688
2024-07-17 10:25:56,81800.0,100,Buy,223530933
2024-07-17 10:25:59,81800.0,100,Buy,223531059
2024-07-17 10:26:01,81800.0,600,Buy,223531275
2024-07-17 10:26:02,81800.0,100,Buy,223531286
2024-07-17 10:26:03,81800.0,400,Sell,223531314
2024-07-17 10:26:03,81800.0,3100,Sell,223531315
2024-07-17 10:26:27,81800.0,100,Sell,223532224
2024-07-17 10:26:27,81800.0,300,Sell,223532223
2024-07-17 10:26:27,81800.0,600,Sell,223532222
2024-07-17 10:26:28,81800.0,700,Sell,223532248
2024-07-17 10:26:28,81800.0,100,Sell,223532247
2024-07-17 10:26:28,81800.0,300,Sell,223532243
2024-07-17 10:26:28,81800.0,100,Sell,223532245
2024-07-17 10:26:28,81800.0,100,Sell,223532244
2024-07-17 10:26:28,81800.0,100,Sell,223532246
2024-07-17 10:26:38,81800.0,100,Sell,223532586
2024-07-17 10:26:39,81800.0,400,Sell,223532612
2024-07-17 10:26:39,81800.0,500,Sell,223532613
2024-07-17 10:27:00,81800.0,1000,Sell,223533324
2024-07-17 10:27:49,81800.0,100,Buy,223535006
2024-07-17 10:27:50,81800.0,100,Buy,223535027
2024-07-17 10:27:56,81700.0,1000,Sell,223535257
2024-07-17 10:28:39,81700.0,100,Sell,223536598
2024-07-17 10:28:39,81700.0,1500,Sell,223536599
2024-07-17 10:28:39,81700.0,100,Sell,223536600
2024-07-17 10:28:39,81700.0,300,Sell,223536601
2024-07-17 10:28:39,81700.0,400,Sell,223536602
2024-07-17 10:28:39,81700.0,1000,Sell,223536603
2024-07-17 10:28:39,81700.0,100,Sell,223536604
2024-07-17 10:28:39,81700.0,300,Sell,223536596
2024-07-17 10:28:39,81700.0,300,Sell,223536597
2024-07-17 10:29:04,81700.0,300,Buy,223537329
2024-07-17 10:29:14,81700.0,100,Buy,223537622
2024-07-17 10:29:22,81700.0,100,Buy,223537837
2024-07-17 10:29:46,81700.0,400,Buy,223538491
2024-07-17 10:29:46,81700.0,400,Buy,223538492
2024-07-17 10:30:01,81700.0,900,Buy,223538917
2024-07-17 10:30:07,81700.0,300,Buy,223539107
2024-07-17 10:30:11,81700.0,500,Buy,223539229
2024-07-17 10:30:22,81700.0,100,Buy,223539604
2024-07-17 10:30:26,81700.0,200,Buy,223539687
2024-07-17 10:30:34,81600.0,9600,Sell,223539893
2024-07-17 10:30:34,81600.0,400,Sell,223539894
2024-07-17 10:30:47,81600.0,100,Sell,223540295
2024-07-17 10:30:54,81600.0,500,Sell,223540525
2024-07-17 10:30:54,81600.0,1000,Sell,223540532
2024-07-17 10:30:54,81600.0,800,Sell,223540533
2024-07-17 10:30:57,81600.0,500,Sell,223540583
2024-07-17 10:30:58,81600.0,900,Sell,223540612
2024-07-17 10:31:07,81600.0,500,Sell,223540878
2024-07-17 10:31:12,81600.0,500,Sell,223540997
2024-07-17 10:31:19,81600.0,5000,Sell,223541160
2024-07-17 10:31:20,81600.0,6500,Sell,223541190
2024-07-17 10:31:20,81600.0,500,Sell,223541191
2024-07-17 10:31:20,81600.0,100,Sell,223541192
2024-07-17 10:31:20,81600.0,200,Sell,223541193
2024-07-17 10:31:20,81600.0,500,Sell,223541194
2024-07-17 10:31:20,81600.0,100,Sell,223541195
2024-07-17 10:32:05,81600.0,100,Buy,223542559
2024-07-17 10:32:16,81600.0,200,Buy,223542857
2024-07-17 10:32:38,81600.0,100,Buy,223543388
2024-07-17 10:32:49,81600.0,100,Buy,223543721
2024-07-17 10:32:53,81600.0,200,Buy,223543819
2024-07-17 10:32:56,81500.0,300,Sell,223543929
2024-07-17 10:32:56,81500.0,700,Sell,223543907
2024-07-17 10:33:01,81500.0,400,Sell,223544111
2024-07-17 10:33:01,81500.0,100,Sell,223544112
2024-07-17 10:33:15,81500.0,400,Sell,223544518
2024-07-17 10:33:15,81500.0,200,Sell,223544519
2024-07-17 10:33:15,81500.0,100,Sell,223544520
2024-07-17 10:33:15,81500.0,100,Sell,223544521
2024-07-17 10:33:15,81500.0,200,Sell,223544522
2024-07-17 10:33:15,81500.0,100,Sell,223544523
2024-07-17 10:33:30,81400.0,500,Sell,223545001
2024-07-17 10:33:30,81400.0,400,Sell,223545002
2024-07-17 10:33:30,81400.0,100,Sell,223544999
2024-07-17 10:33:30,81400.0,200,Sell,223545000
2024-07-17 10:33:31,81400.0,100,Buy,223545015
2024-07-17 10:33:32,81400.0,500,Buy,223545037
2024-07-17 10:33:47,81300.0,500,Sell,223545581
2024-07-17 10:33:47,81300.0,100,Sell,223545582
2024-07-17 10:33:47,81300.0,200,Sell,223545583
2024-07-17 10:33:47,81300.0,100,Sell,223545584
2024-07-17 10:33:59,81200.0,200,Sell,223545924
2024-07-17 10:34:21,81200.0,100,Sell,223546713
2024-07-17 10:34:21,81200.0,500,Sell,223546714
2024-07-17 10:34:28,81200.0,200,Buy,223546910
2024-07-17 10:34:53,81200.0,400,Buy,223547661
2024-07-17 10:34:53,81200.0,100,Buy,223547662
2024-07-17 10:34:59,81200.0,100,Sell,223547874
2024-07-17 10:34:59,81200.0,100,Sell,223547873
2024-07-17 10:35:11,81200.0,100,Sell,223548258
2024-07-17 10:35:24,81300.0,200,Buy,223548680
2024-07-17 10:35:32,81200.0,100,Sell,223548955
2024-07-17 10:35:32,81200.0,200,Sell,223548953
2024-07-17 10:35:32,81200.0,600,Sell,223548954
2024-07-17 10:35:34,81200.0,800,Buy,223548988
2024-07-17 10:35:52,81300.0,100,Buy,223549523
2024-07-17 10:35:55,81300.0,100,Buy,223549599
2024-07-17 10:36:00,81300.0,500,Buy,223549743
2024-07-17 10:36:00,81300.0,100,Buy,223549744
2024-07-17 10:36:40,81300.0,200,Sell,223550814
2024-07-17 10:36:40,81300.0,100,Sell,223550815
2024-07-17 10:36:40,81300.0,500,Sell,223550816
2024-07-17 10:36:40,81300.0,200,Sell,223550817
2024-07-17 10:36:40,81400.0,200,Buy,223550818
2024-07-17 10:36:53,81500.0,200,Buy,223551232
2024-07-17 10:37:01,81500.0,900,Buy,223551485
2024-07-17 10:37:37,81300.0,100,Sell,223552500
2024-07-17 10:37:37,81300.0,300,Sell,223552498
2024-07-17 10:37:37,81300.0,1000,Sell,223552499
2024-07-17 10:38:08,81300.0,200,Sell,223553540
2024-07-17 10:38:08,81300.0,300,Sell,223553541
2024-07-17 10:38:08,81300.0,100,Sell,223553542
2024-07-17 10:38:08,81300.0,400,Sell,223553543
2024-07-17 10:38:08,81300.0,200,Sell,223553544
2024-07-17 10:38:11,81300.0,200,Buy,223553680
2024-07-17 10:38:11,81300.0,200,Buy,223553687
2024-07-17 10:38:17,81200.0,1000,Sell,223553845
2024-07-17 10:38:17,81200.0,300,Sell,223553847
2024-07-17 10:38:17,81200.0,100,Sell,223553843
2024-07-17 10:38:17,81200.0,100,Sell,223553844
2024-07-17 10:38:17,81200.0,200,Sell,223553846
2024-07-17 10:38:17,81200.0,300,Sell,223553842
2024-07-17 10:38:20,81300.0,100,Buy,223553901
2024-07-17 10:38:20,81300.0,300,Buy,223553909
2024-07-17 10:38:40,81300.0,1000,Buy,223554590
2024-07-17 10:38:56,81300.0,100,Sell,223555185
2024-07-17 10:38:56,81300.0,400,Sell,223555186
2024-07-17 10:38:56,81300.0,300,Sell,223555187
2024-07-17 10:38:57,81300.0,400,Buy,223555249
2024-07-17 10:38:57,81400.0,100,Buy,223555250
2024-07-17 10:39:04,81200.0,200,Sell,223555463
2024-07-17 10:40:32,81300.0,1600,Sell,223558708
2024-07-17 10:40:32,81300.0,1100,Sell,223558707
2024-07-17 10:40:32,81300.0,100,Sell,223558706
2024-07-17 10:41:21,81300.0,400,Sell,223560759
2024-07-17 10:41:21,81300.0,400,Sell,223560758
2024-07-17 10:41:42,81400.0,100,Buy,223561556
2024-07-17 10:41:47,81300.0,600,Sell,223561756
2024-07-17 10:41:47,81300.0,300,Sell,223561757
2024-07-17 10:41:47,81300.0,300,Sell,223561758
2024-07-17 10:41:47,81300.0,200,Sell,223561759
2024-07-17 10:41:47,81300.0,100,Sell,223561760
2024-07-17 10:41:47,81300.0,100,Sell,223561761
2024-07-17 10:41:49,81300.0,400,Buy,223561808
2024-07-17 10:42:06,81300.0,200,Sell,223562478
2024-07-17 10:42:19,81300.0,200,Sell,223563087
2024-07-17 10:42:52,81400.0,200,Buy,223564511
2024-07-17 10:42:52,81400.0,400,Buy,223564510
2024-07-17 10:42:56,81400.0,300,Sell,223564685
2024-07-17 10:42:56,81300.0,600,Sell,223564689
2024-07-17 10:42:56,81300.0,500,Sell,223564686
2024-07-17 10:42:56,81300.0,1000,Sell,223564687
2024-07-17 10:42:56,81300.0,600,Sell,223564688
2024-07-17 10:43:04,81400.0,100,Sell,223565087
2024-07-17 10:43:12,81300.0,400,Sell,223565427
2024-07-17 10:43:12,81300.0,100,Sell,223565428
2024-07-17 10:43:14,81300.0,400,Sell,223565531
2024-07-17 10:43:14,81300.0,600,Sell,223565532
2024-07-17 10:43:25,81300.0,300,Sell,223565938
2024-07-17 10:43:25,81300.0,500,Sell,223565939
2024-07-17 10:43:25,81300.0,500,Sell,223565940
2024-07-17 10:43:25,81300.0,100,Sell,223565941
2024-07-17 10:43:34,81300.0,500,Buy,223566275
2024-07-17 10:43:35,81200.0,100,Sell,223566326
2024-07-17 10:43:35,81200.0,200,Sell,223566325
2024-07-17 10:43:35,81200.0,500,Sell,223566324
2024-07-17 10:43:35,81200.0,500,Sell,223566320
2024-07-17 10:43:35,81200.0,1000,Sell,223566322
2024-07-17 10:43:35,81200.0,500,Sell,223566321
2024-07-17 10:43:35,81200.0,100,Sell,223566323
2024-07-17 10:43:35,81200.0,500,Sell,223566319
2024-07-17 10:43:44,81300.0,100,Buy,223566576
2024-07-17 10:43:44,81300.0,400,Buy,223566577
2024-07-17 10:44:34,81400.0,100,Buy,223568285
2024-07-17 10:44:38,81300.0,200,Sell,223568454
2024-07-17 10:44:38,81300.0,200,Sell,223568452
2024-07-17 10:44:38,81300.0,100,Sell,223568453
2024-07-17 10:44:59,81300.0,100,Sell,223569133
2024-07-17 10:44:59,81300.0,100,Sell,223569132
2024-07-17 10:44:59,81300.0,100,Sell,223569134
2024-07-17 10:44:59,81300.0,100,Sell,223569135
2024-07-17 10:45:15,81200.0,900,Sell,223569907
2024-07-17 10:45:15,81200.0,1100,Sell,223569908
2024-07-17 10:45:17,81300.0,800,Buy,223570038
2024-07-17 10:45:57,81400.0,100,Buy,223571678
2024-07-17 10:45:57,81400.0,100,Buy,223571679
2024-07-17 10:45:57,81400.0,300,Buy,223571680
2024-07-17 10:46:48,81400.0,200,Buy,223573509
2024-07-17 10:47:08,81400.0,100,Buy,223574203
2024-07-17 10:48:09,81400.0,200,Buy,223576104
2024-07-17 10:48:57,81400.0,100,Buy,223577562
2024-07-17 10:49:27,81400.0,200,Buy,223578411
2024-07-17 10:49:27,81400.0,100,Buy,223578410
2024-07-17 10:50:22,81400.0,200,Buy,223580116
2024-07-17 10:50:23,81400.0,600,Buy,223580117
2024-07-17 10:50:23,81400.0,100,Buy,223580118
2024-07-17 10:50:41,81400.0,500,Buy,223580545
2024-07-17 10:50:54,81400.0,400,Buy,223580839
2024-07-17 10:51:06,81400.0,600,Sell,223581167
2024-07-17 10:51:57,81500.0,200,Buy,223582614
2024-07-17 10:51:57,81500.0,100,Buy,223582615
2024-07-17 10:52:01,81500.0,100,Buy,223582689
2024-07-17 10:52:03,81400.0,200,Sell,223582797
2024-07-17 10:52:19,81400.0,400,Sell,223583243
2024-07-17 10:52:21,81400.0,3500,Sell,223583308
2024-07-17 10:52:34,81500.0,600,Buy,223583611
2024-07-17 10:52:34,81500.0,400,Buy,223583610
2024-07-17 10:52:40,81500.0,200,Buy,223583801
2024-07-17 10:52:45,81500.0,100,Buy,223583922
2024-07-17 10:52:55,81500.0,1000,Buy,223584199
2024-07-17 10:52:59,81500.0,100,Buy,223584250
2024-07-17 10:52:59,81500.0,500,Buy,223584251
2024-07-17 10:52:59,81500.0,100,Buy,223584252
2024-07-17 10:53:44,81600.0,100,Buy,223585307
2024-07-17 10:53:44,81600.0,300,Buy,223585308
2024-07-17 10:53:44,81600.0,500,Buy,223585309
2024-07-17 10:53:44,81600.0,100,Buy,223585310
2024-07-17 10:53:56,81600.0,100,Buy,223585614
2024-07-17 10:54:01,81600.0,200,Buy,223585713
2024-07-17 10:54:14,81600.0,2000,Buy,223585995
2024-07-17 10:54:18,81600.0,2200,Buy,223586076
2024-07-17 10:54:18,81600.0,100,Buy,223586075
2024-07-17 10:54:32,81600.0,500,Buy,223586375
2024-07-17 10:54:34,81600.0,100,Buy,223586409
2024-07-17 10:54:56,81600.0,100,Buy,223587071
2024-07-17 10:55:09,81600.0,300,Buy,223587541
2024-07-17 10:55:24,81500.0,500,Sell,223587926
2024-07-17 10:55:24,81500.0,100,Sell,223587927
2024-07-17 10:55:24,81500.0,100,Sell,223587928
2024-07-17 10:55:24,81500.0,200,Sell,223587929
2024-07-17 10:55:24,81500.0,100,Sell,223587930
2024-07-17 10:55:32,81500.0,100,Buy,223588232
2024-07-17 10:55:55,81500.0,500,Buy,223588888
2024-07-17 10:56:21,81500.0,100,Buy,223589735
2024-07-17 10:56:52,81400.0,300,Sell,223590712
2024-07-17 10:57:32,81500.0,300,Buy,223591969
2024-07-17 10:58:01,81500.0,100,Buy,223593239
2024-07-17 10:58:26,81500.0,100,Buy,223594330
2024-07-17 10:59:09,81500.0,500,Buy,223595880
2024-07-17 10:59:10,81500.0,300,Buy,223595935
2024-07-17 10:59:10,81500.0,100,Buy,223595966
2024-07-17 10:59:11,81500.0,2000,Buy,223595973
2024-07-17 10:59:20,81400.0,100,Sell,223596238
2024-07-17 10:59:25,81400.0,100,Sell,223596420
2024-07-17 10:59:37,81500.0,300,Buy,223596969
2024-07-17 11:00:01,81400.0,1000,Sell,223597873
2024-07-17 11:00:30,81500.0,100,Buy,223598854
2024-07-17 11:00:54,81500.0,200,Buy,223599726
2024-07-17 11:01:00,81500.0,300,Buy,223599912
2024-07-17 11:01:10,81500.0,100,Buy,223600191
2024-07-17 11:01:15,81500.0,1100,Buy,223600376
2024-07-17 11:01:39,81500.0,100,Buy,223601361
2024-07-17 11:01:54,81500.0,100,Buy,223601751
2024-07-17 11:02:22,81500.0,1000,Buy,223602577
2024-07-17 11:02:32,81500.0,200,Buy,223602933
2024-07-17 11:02:41,81500.0,100,Buy,223603355
2024-07-17 11:02:46,81400.0,100,Sell,223603547
2024-07-17 11:02:50,81500.0,1000,Buy,223603832
2024-07-17 11:02:59,81500.0,1000,Buy,223604336
2024-07-17 11:03:04,81500.0,1000,Buy,223604480
2024-07-17 11:03:09,81500.0,1000,Buy,223604623
2024-07-17 11:03:10,81500.0,700,Buy,223604668
2024-07-17 11:03:10,81500.0,1300,Buy,223604667
2024-07-17 11:03:11,81500.0,300,Buy,223604691
2024-07-17 11:03:11,81500.0,100,Buy,223604692
2024-07-17 11:03:14,81500.0,500,Buy,223604806
2024-07-17 11:03:16,81500.0,100,Buy,223604874
2024-07-17 11:03:18,81500.0,500,Buy,223604970
2024-07-17 11:03:22,81500.0,100,Buy,223605162
2024-07-17 11:03:23,81500.0,600,Buy,223605194
2024-07-17 11:03:26,81500.0,100,Buy,223605350
2024-07-17 11:03:26,81500.0,900,Buy,223605352
2024-07-17 11:03:27,81500.0,500,Buy,223605413
2024-07-17 11:03:30,81500.0,400,Buy,223605475
2024-07-17 11:03:30,81500.0,100,Buy,223605476
2024-07-17 11:03:36,81500.0,500,Buy,223605693
2024-07-17 11:03:39,81500.0,500,Buy,223605877
2024-07-17 11:03:39,81500.0,1000,Buy,223605874
2024-07-17 11:03:41,81500.0,600,Buy,223606021
2024-07-17 11:03:41,81500.0,1000,Buy,223606022
2024-07-17 11:03:41,81500.0,400,Buy,223606023
2024-07-17 11:03:53,81500.0,300,Buy,223606489
2024-07-17 11:03:54,81500.0,500,Buy,223606569
2024-07-17 11:04:09,81500.0,500,Sell,223607118
2024-07-17 11:04:09,81500.0,100,Sell,223607119
2024-07-17 11:04:09,81500.0,400,Sell,223607120
2024-07-17 11:04:09,81500.0,300,Sell,223607121
2024-07-17 11:04:10,81500.0,1000,Buy,223607144
2024-07-17 11:04:19,81500.0,100,Buy,223607435
2024-07-17 11:04:25,81500.0,100,Buy,223607573
2024-07-17 11:04:40,81500.0,1000,Buy,223608029
2024-07-17 11:04:53,81400.0,100,Sell,223608526
2024-07-17 11:04:55,81500.0,1000,Buy,223608586
2024-07-17 11:05:09,81500.0,100,Buy,223609075
2024-07-17 11:05:13,81500.0,200,Buy,223609160
2024-07-17 11:05:24,81500.0,100,Buy,223609552
2024-07-17 11:05:26,81500.0,500,Buy,223609604
2024-07-17 11:05:27,81500.0,100,Buy,223609659
2024-07-17 11:05:29,81500.0,2500,Buy,223609703
2024-07-17 11:05:35,81500.0,500,Buy,223609878
2024-07-17 11:05:53,81400.0,100,Sell,223610655
2024-07-17 11:05:53,81400.0,1000,Sell,223610653
2024-07-17 11:05:53,81400.0,200,Sell,223610654
2024-07-17 11:05:53,81400.0,200,Sell,223610651
2024-07-17 11:05:53,81400.0,100,Sell,223610650
2024-07-17 11:05:53,81400.0,1200,Sell,223610649
2024-07-17 11:05:53,81400.0,200,Sell,223610652
2024-07-17 11:05:57,81400.0,500,Sell,223611075
2024-07-17 11:06:04,81400.0,200,Sell,223611301
2024-07-17 11:06:52,81500.0,1000,Buy,223613007
2024-07-17 11:07:04,81400.0,500,Sell,223613301
2024-07-17 11:07:09,81500.0,300,Buy,223613515
2024-07-17 11:07:17,81400.0,2000,Sell,223613805
2024-07-17 11:07:17,81400.0,300,Sell,223613804
2024-07-17 11:07:17,81400.0,100,Sell,223613803
2024-07-17 11:07:17,81400.0,2000,Sell,223613802
2024-07-17 11:07:17,81400.0,100,Sell,223613801
2024-07-17 11:07:17,81400.0,100,Sell,223613800
2024-07-17 11:07:17,81400.0,500,Sell,223613797
2024-07-17 11:07:17,81400.0,300,Sell,223613798
2024-07-17 11:07:17,81400.0,500,Sell,223613799
2024-07-17 11:07:17,81400.0,3700,Sell,223613792
2024-07-17 11:07:17,81400.0,100,Sell,223613793
2024-07-17 11:07:17,81400.0,100,Sell,223613796
2024-07-17 11:07:17,81400.0,100,Sell,223613795
2024-07-17 11:07:17,81400.0,100,Sell,223613794
2024-07-17 11:07:34,81400.0,200,Sell,223614524
2024-07-17 11:08:29,81400.0,200,Sell,223616900
2024-07-17 11:08:29,81400.0,200,Sell,223616901
2024-07-17 11:08:29,81400.0,500,Sell,223616902
2024-07-17 11:08:29,81400.0,1000,Sell,223616903
2024-07-17 11:08:29,81400.0,500,Sell,223616904
2024-07-17 11:08:29,81400.0,700,Sell,223616905
2024-07-17 11:09:05,81400.0,100,Sell,223617840
2024-07-17 11:09:24,81400.0,200,Sell,223618327
2024-07-17 11:10:27,81400.0,300,Sell,223620297
2024-07-17 11:10:28,81500.0,100,Buy,223620348
2024-07-17 11:11:19,81500.0,200,Buy,223621753
2024-07-17 11:11:44,81500.0,300,Buy,223622669
2024-07-17 11:12:08,81500.0,500,Buy,223623414
2024-07-17 11:12:15,81500.0,500,Buy,223623655
2024-07-17 11:12:43,81500.0,100,Buy,223624716
2024-07-17 11:13:18,81500.0,1000,Buy,223625453
2024-07-17 11:13:36,81500.0,2000,Buy,223625945
2024-07-17 11:13:39,81500.0,200,Buy,223626051
2024-07-17 11:13:40,81500.0,7100,Buy,223626055
2024-07-17 11:13:40,81500.0,200,Buy,223626056
2024-07-17 11:13:40,81500.0,100,Buy,223626057
2024-07-17 11:13:40,81500.0,600,Buy,223626058
2024-07-17 11:13:41,81400.0,300,Sell,223626087
2024-07-17 11:13:49,81500.0,100,Buy,223626264
2024-07-17 11:13:49,81500.0,300,Buy,223626261
2024-07-17 11:13:49,81500.0,100,Buy,223626263
2024-07-17 11:13:59,81500.0,2000,Buy,223626502
2024-07-17 11:14:15,81500.0,2000,Buy,223626884
2024-07-17 11:14:17,81500.0,900,Buy,223627035
2024-07-17 11:14:17,81500.0,100,Buy,223627036
2024-07-17 11:14:20,81400.0,300,Sell,223627118
2024-07-17 11:14:20,81400.0,100,Sell,223627116
2024-07-17 11:14:20,81400.0,100,Sell,223627115
2024-07-17 11:14:20,81400.0,1000,Sell,223627117
2024-07-17 11:14:20,81400.0,1000,Sell,223627113
2024-07-17 11:14:20,81400.0,1000,Sell,223627112
2024-07-17 11:14:20,81400.0,400,Sell,223627111
2024-07-17 11:14:20,81500.0,1000,Sell,223627110
2024-07-17 11:14:20,81400.0,100,Sell,223627114
2024-07-17 11:14:39,81500.0,1000,Sell,223627563
2024-07-17 11:14:57,81500.0,2300,Buy,223627864
2024-07-17 11:15:15,81500.0,700,Buy,223628327
2024-07-17 11:16:01,81500.0,100,Buy,223629372
2024-07-17 11:16:04,81500.0,100,Buy,223629410
2024-07-17 11:16:24,81500.0,2000,Buy,223629909
2024-07-17 11:17:12,81400.0,5000,Sell,223630988
2024-07-17 11:17:12,81400.0,3000,Sell,223630991
2024-07-17 11:17:12,81400.0,100,Sell,223630989
2024-07-17 11:17:12,81400.0,100,Sell,223630987
2024-07-17 11:17:12,81400.0,200,Sell,223630990
2024-07-17 11:17:12,81400.0,1000,Sell,223630985
2024-07-17 11:17:12,81400.0,1000,Sell,223630983
2024-07-17 11:17:12,81400.0,100,Sell,223630986
2024-07-17 11:17:12,81400.0,1000,Sell,223630984
2024-07-17 11:17:12,81400.0,200,Sell,223630982
2024-07-17 11:17:13,81400.0,200,Buy,223631011
2024-07-17 11:17:35,81400.0,300,Buy,223631408
2024-07-17 11:17:35,81400.0,400,Buy,223631413
2024-07-17 11:17:44,81400.0,100,Buy,223631633
2024-07-17 11:17:46,81400.0,100,Buy,223631662
2024-07-17 11:18:05,81400.0,100,Buy,223632033
2024-07-17 11:18:12,81400.0,900,Buy,223632281
2024-07-17 11:18:35,81400.0,500,Buy,223632733
2024-07-17 11:18:37,81400.0,500,Buy,223632770
2024-07-17 11:18:37,81400.0,100,Buy,223632771
2024-07-17 11:18:49,81500.0,100,Buy,223633016
2024-07-17 11:19:08,81400.0,400,Sell,223633409
2024-07-17 11:19:08,81400.0,500,Sell,223633413
2024-07-17 11:20:02,81400.0,100,Buy,223634565
2024-07-17 11:20:13,81500.0,200,Buy,223634787
2024-07-17 11:20:27,81500.0,500,Buy,223635035
2024-07-17 11:20:31,81500.0,500,Buy,223635133
2024-07-17 11:20:35,81500.0,100,Buy,223635220
2024-07-17 11:20:48,81500.0,500,Buy,223635425
2024-07-17 11:20:49,81400.0,100,Sell,223635441
2024-07-17 11:20:49,81400.0,200,Sell,223635442
2024-07-17 11:20:54,81400.0,100,Buy,223635530
2024-07-17 11:21:36,81400.0,200,Buy,223636307
2024-07-17 11:21:43,81400.0,100,Buy,223636383
2024-07-17 11:22:34,81400.0,100,Sell,223637321
2024-07-17 11:22:34,81400.0,100,Sell,223637320
2024-07-17 11:22:34,81400.0,100,Sell,223637319
2024-07-17 11:24:44,81500.0,200,Buy,223639796
2024-07-17 11:24:53,81500.0,500,Buy,223639967
2024-07-17 11:25:07,81500.0,200,Buy,223640282
2024-07-17 11:25:28,81400.0,100,Sell,223640624
2024-07-17 11:25:28,81400.0,600,Sell,223640625
2024-07-17 11:25:28,81400.0,100,Sell,223640626
2024-07-17 11:25:28,81400.0,200,Sell,223640627
2024-07-17 11:25:28,81400.0,100,Sell,223640628
2024-07-17 11:25:28,81400.0,500,Sell,223640629
2024-07-17 11:25:38,81400.0,100,Buy,223640788
2024-07-17 11:25:40,81400.0,100,Buy,223640818
2024-07-17 11:25:41,81400.0,100,Buy,223640835
2024-07-17 11:25:43,81300.0,100,Sell,223640915
2024-07-17 11:25:43,81300.0,200,Sell,223640914
2024-07-17 11:25:45,81300.0,100,Sell,223640946
2024-07-17 11:25:55,81400.0,200,Buy,223641135
2024-07-17 11:26:06,81400.0,100,Buy,223641360
2024-07-17 11:26:22,81400.0,100,Buy,223641676
2024-07-17 11:26:23,81300.0,300,Sell,223641707
2024-07-17 11:26:23,81300.0,500,Sell,223641706
2024-07-17 11:26:23,81300.0,100,Sell,223641705
2024-07-17 11:26:23,81300.0,100,Sell,223641704
2024-07-17 11:26:23,81300.0,100,Sell,223641703
2024-07-17 11:26:23,81300.0,200,Sell,223641702
2024-07-17 11:26:23,81300.0,5000,Sell,223641701
2024-07-17 11:26:23,81300.0,1000,Sell,223641700
2024-07-17 11:26:23,81300.0,500,Sell,223641699
2024-07-17 11:26:23,81300.0,300,Sell,223641695
2024-07-17 11:26:23,81300.0,100,Sell,223641697
2024-07-17 11:26:23,81300.0,500,Sell,223641698
2024-07-17 11:26:23,81300.0,100,Sell,223641688
2024-07-17 11:26:23,81300.0,100,Sell,223641689
2024-07-17 11:26:23,81300.0,300,Sell,223641690
2024-07-17 11:26:23,81300.0,200,Sell,223641692
2024-07-17 11:26:23,81300.0,100,Sell,223641691
2024-07-17 11:26:23,81300.0,300,Sell,223641693
2024-07-17 11:26:23,81300.0,100,Sell,223641694
2024-07-17 11:26:23,81300.0,100,Sell,223641696
2024-07-17 11:26:24,81400.0,200,Buy,223641715
2024-07-17 11:26:24,81500.0,800,Buy,223641716
2024-07-17 11:26:33,81500.0,200,Buy,223641857
2024-07-17 11:26:33,81500.0,800,Buy,223641858
2024-07-17 11:27:11,81400.0,100,Buy,223642608
2024-07-17 11:27:50,81500.0,2000,Buy,223643257
2024-07-17 11:28:20,81400.0,100,Buy,223643828
2024-07-17 11:28:37,81400.0,200,Sell,223644142
2024-07-17 11:28:38,81400.0,100,Buy,223644174
2024-07-17 11:29:03,81400.0,400,Sell,223644772
2024-07-17 12:59:43,81400.0,400,Sell,223647873
2024-07-17 12:59:46,81300.0,100,Sell,223648675
2024-07-17 12:59:46,81300.0,100,Sell,223648674
2024-07-17 12:59:46,81300.0,500,Sell,223648673
2024-07-17 12:59:46,81300.0,100,Sell,223648672
2024-07-17 12:59:46,81300.0,500,Sell,223648671
2024-07-17 12:59:46,81300.0,200,Sell,223648670
2024-07-17 12:59:46,81300.0,100,Sell,223648669
2024-07-17 12:59:46,81300.0,100,Sell,223648668
2024-07-17 12:59:46,81300.0,300,Sell,223648667
2024-07-17 12:59:46,81300.0,200,Sell,223648666
2024-07-17 12:59:46,81300.0,500,Sell,223648665
2024-07-17 12:59:46,81400.0,200,Sell,223648662
2024-07-17 12:59:46,81400.0,100,Sell,223648663
2024-07-17 12:59:46,81400.0,300,Sell,223648650
2024-07-17 12:59:46,81400.0,400,Sell,223648664
2024-07-17 12:59:46,81400.0,500,Sell,223648655
2024-07-17 12:59:46,81400.0,100,Sell,223648656
2024-07-17 12:59:46,81400.0,300,Sell,223648654
2024-07-17 12:59:46,81400.0,100,Sell,223648658
2024-07-17 12:59:46,81400.0,100,Sell,223648659
2024-07-17 12:59:46,81400.0,100,Sell,223648660
2024-07-17 12:59:46,81400.0,100,Sell,223648657
2024-07-17 12:59:46,81400.0,300,Sell,223648661
2024-07-17 12:59:50,81400.0,100,Buy,223649525
2024-07-17 12:59:51,81300.0,100,Sell,223649670
2024-07-17 12:59:53,81300.0,300,Sell,223649909
2024-07-17 12:59:53,81400.0,100,Buy,223649910
2024-07-17 12:59:54,81400.0,200,Sell,223650016
2024-07-17 12:59:54,81400.0,200,Buy,223649994
2024-07-17 12:59:54,81400.0,200,Buy,223649995
2024-07-17 12:59:55,81200.0,100,Sell,223650070
2024-07-17 12:59:55,81400.0,200,Buy,223650071
2024-07-17 12:59:55,81300.0,600,Sell,223650069
2024-07-17 12:59:55,81300.0,100,Sell,223650067
2024-07-17 12:59:55,81300.0,100,Sell,223650066
2024-07-17 12:59:55,81300.0,100,Sell,223650068
2024-07-17 12:59:55,81300.0,1500,Sell,223650065
2024-07-17 13:01:03,81300.0,400,Sell,223652760
2024-07-17 13:01:11,81400.0,300,Buy,223652969
2024-07-17 13:01:22,81400.0,100,Buy,223653369
2024-07-17 13:01:35,81400.0,100,Buy,223653703
2024-07-17 13:01:35,81400.0,200,Buy,223653704
2024-07-17 13:01:35,81400.0,200,Buy,223653705
2024-07-17 13:01:42,81400.0,100,Buy,223654009
2024-07-17 13:02:23,81400.0,200,Sell,223655591
2024-07-17 13:02:23,81400.0,100,Sell,223655592
2024-07-17 13:02:23,81400.0,100,Sell,223655593
2024-07-17 13:02:32,81300.0,700,Sell,223655813
2024-07-17 13:02:49,81300.0,100,Sell,223656459
2024-07-17 13:02:57,81300.0,200,Sell,223656909
2024-07-17 13:03:11,81300.0,600,Sell,223657385
2024-07-17 13:03:11,81300.0,100,Sell,223657386
2024-07-17 13:03:53,81300.0,200,Sell,223658704
2024-07-17 13:04:23,81300.0,100,Sell,223659656
2024-07-17 13:04:33,81400.0,200,Buy,223659902
2024-07-17 13:04:37,81300.0,500,Sell,223660072
2024-07-17 13:04:59,81200.0,200,Sell,223661001
2024-07-17 13:04:59,81300.0,200,Sell,223661000
2024-07-17 13:04:59,81300.0,100,Sell,223660999
2024-07-17 13:04:59,81300.0,100,Sell,223660998
2024-07-17 13:04:59,81300.0,100,Sell,223660996
2024-07-17 13:04:59,81300.0,600,Sell,223660995
2024-07-17 13:04:59,81300.0,500,Sell,223660951
2024-07-17 13:04:59,81300.0,200,Sell,223660997
2024-07-17 13:05:35,81300.0,100,Sell,223662106
2024-07-17 13:05:35,81300.0,100,Sell,223662107
2024-07-17 13:05:35,81200.0,100,Sell,223662108
2024-07-17 13:05:41,81200.0,100,Sell,223662377
2024-07-17 13:05:46,81200.0,400,Sell,223662587
2024-07-17 13:06:02,81200.0,300,Sell,223663165
2024-07-17 13:06:45,81300.0,200,Sell,223664706
2024-07-17 13:06:45,81200.0,2300,Sell,223664707
2024-07-17 13:07:07,81300.0,200,Sell,223665448
2024-07-17 13:07:24,81300.0,500,Sell,223666024
2024-07-17 13:07:43,81300.0,200,Sell,223666613
2024-07-17 13:09:02,81300.0,500,Sell,223669529
2024-07-17 13:10:34,81400.0,200,Buy,223672645
2024-07-17 13:10:50,81400.0,100,Buy,223673252
2024-07-17 13:10:51,81400.0,200,Buy,223673297
2024-07-17 13:11:01,81400.0,200,Buy,223673509
2024-07-17 13:11:03,81400.0,200,Buy,223673584
2024-07-17 13:11:08,81400.0,500,Buy,223673726
2024-07-17 13:11:31,81400.0,500,Buy,223674510
2024-07-17 13:11:31,81400.0,2000,Buy,223674511
2024-07-17 13:11:50,81400.0,200,Sell,223675280
2024-07-17 13:12:25,81400.0,1000,Sell,223676388
2024-07-17 13:12:33,81500.0,600,Buy,223676581
2024-07-17 13:12:50,81500.0,400,Buy,223677467
2024-07-17 13:13:00,81400.0,100,Sell,223677758
2024-07-17 13:13:00,81400.0,100,Sell,223677759
2024-07-17 13:13:00,81400.0,1000,Sell,223677760
2024-07-17 13:13:00,81400.0,500,Sell,223677761
2024-07-17 13:13:00,81400.0,500,Sell,223677762
2024-07-17 13:13:00,81400.0,600,Sell,223677763
2024-07-17 13:13:00,81400.0,200,Sell,223677764
2024-07-17 13:13:00,81400.0,700,Sell,223677757
2024-07-17 13:13:04,81400.0,100,Buy,223677924
2024-07-17 13:13:35,81400.0,2900,Buy,223679416
2024-07-17 13:13:35,81400.0,100,Buy,223679417
2024-07-17 13:13:38,81300.0,100,Sell,223679501
2024-07-17 13:13:59,81300.0,100,Sell,223680353
2024-07-17 13:13:59,81300.0,100,Sell,223680354
2024-07-17 13:13:59,81300.0,100,Sell,223680355
2024-07-17 13:14:16,81300.0,500,Sell,223680938
2024-07-17 13:14:16,81300.0,200,Sell,223680937
2024-07-17 13:14:16,81300.0,100,Sell,223680935
2024-07-17 13:14:16,81300.0,200,Sell,223680936
2024-07-17 13:14:19,81300.0,100,Sell,223681026
2024-07-17 13:14:22,81300.0,400,Sell,223681113
2024-07-17 13:14:22,81300.0,100,Sell,223681114
2024-07-17 13:14:22,81300.0,500,Sell,223681115
2024-07-17 13:14:23,81300.0,500,Sell,223681215
2024-07-17 13:14:23,81300.0,100,Sell,223681216
2024-07-17 13:14:23,81300.0,6000,Sell,223681217
2024-07-17 13:14:23,81300.0,100,Sell,223681218
2024-07-17 13:15:26,81300.0,200,Buy,223683661
2024-07-17 13:15:40,81300.0,100,Buy,223684358
2024-07-17 13:15:46,81300.0,100,Buy,223684584
2024-07-17 13:15:59,81300.0,2200,Buy,223685154
2024-07-17 13:15:59,81300.0,1800,Buy,223685155
2024-07-17 13:16:04,81300.0,500,Buy,223685367
2024-07-17 13:16:04,81300.0,100,Buy,223685365
2024-07-17 13:16:04,81300.0,300,Buy,223685366
2024-07-17 13:16:37,81300.0,100,Sell,223686967
2024-07-17 13:16:37,81300.0,100,Sell,223686968
2024-07-17 13:16:54,81300.0,100,Sell,223687760
2024-07-17 13:17:23,81300.0,100,Sell,223689139
2024-07-17 13:17:38,81300.0,200,Sell,223690066
2024-07-17 13:17:48,81300.0,200,Sell,223690447
2024-07-17 13:18:08,81300.0,400,Sell,223691434
2024-07-17 13:18:08,81300.0,400,Sell,223691435
2024-07-17 13:18:08,81300.0,1000,Sell,223691436
2024-07-17 13:18:08,81300.0,200,Sell,223691437
2024-07-17 13:18:18,81300.0,200,Sell,223692034
2024-07-17 13:18:28,81300.0,100,Sell,223692435
2024-07-17 13:18:50,81300.0,3600,Sell,223693597
2024-07-17 13:18:50,81300.0,300,Sell,223693596
2024-07-17 13:18:50,81300.0,100,Sell,223693594
2024-07-17 13:18:50,81300.0,1000,Sell,223693595
2024-07-17 13:19:00,81300.0,400,Sell,223694113
2024-07-17 13:19:04,81300.0,100,Buy,223694275
2024-07-17 13:19:14,81200.0,900,Sell,223694777
2024-07-17 13:19:14,81200.0,200,Sell,223694786
2024-07-17 13:19:14,81200.0,500,Sell,223694785
2024-07-17 13:19:14,81200.0,200,Sell,223694784
2024-07-17 13:19:14,81200.0,100,Sell,223694782
2024-07-17 13:19:14,81200.0,100,Sell,223694781
2024-07-17 13:19:14,81200.0,400,Sell,223694780
2024-07-17 13:19:14,81200.0,100,Sell,223694779
2024-07-17 13:19:14,81200.0,5300,Sell,223694778
2024-07-17 13:19:14,81200.0,100,Sell,223694776
2024-07-17 13:19:14,81200.0,200,Sell,223694770
2024-07-17 13:19:14,81200.0,500,Sell,223694774
2024-07-17 13:19:14,81200.0,100,Sell,223694773
2024-07-17 13:19:14,81200.0,100,Sell,223694772
2024-07-17 13:19:14,81200.0,300,Sell,223694771
2024-07-17 13:19:14,81200.0,400,Sell,223694764
2024-07-17 13:19:14,81200.0,100,Sell,223694769
2024-07-17 13:19:14,81200.0,500,Sell,223694768
2024-07-17 13:19:14,81200.0,100,Sell,223694767
2024-07-17 13:19:14,81200.0,500,Sell,223694766
2024-07-17 13:19:14,81200.0,200,Sell,223694765
2024-07-17 13:19:14,81200.0,200,Sell,223694775
2024-07-17 13:19:22,81200.0,100,Sell,223695191
2024-07-17 13:19:22,81200.0,1000,Sell,223695192
2024-07-17 13:19:22,81200.0,3000,Sell,223695193
2024-07-17 13:19:22,81200.0,100,Sell,223695194
2024-07-17 13:19:22,81200.0,200,Sell,223695195
2024-07-17 13:19:22,81100.0,100,Sell,223695200
2024-07-17 13:19:22,81200.0,2000,Sell,223695197
2024-07-17 13:19:22,81200.0,200,Sell,223695198
2024-07-17 13:19:22,81200.0,100,Sell,223695199
2024-07-17 13:19:22,81200.0,200,Sell,223695189
2024-07-17 13:19:22,81100.0,200,Sell,223695201
2024-07-17 13:19:22,81200.0,1000,Sell,223695196
2024-07-17 13:19:22,81200.0,100,Sell,223695188
2024-07-17 13:19:22,81200.0,100,Sell,223695190
2024-07-17 13:19:22,81200.0,100,Sell,223695186
2024-07-17 13:19:22,81200.0,500,Sell,223695187
2024-07-17 13:19:22,81200.0,200,Sell,223695174
2024-07-17 13:19:22,81200.0,100,Sell,223695175
2024-07-17 13:19:22,81200.0,300,Sell,223695176
2024-07-17 13:19:22,81200.0,100,Sell,223695178
2024-07-17 13:19:22,81200.0,500,Sell,223695179
2024-07-17 13:19:22,81200.0,100,Sell,223695177
2024-07-17 13:19:22,81200.0,500,Sell,223695181
2024-07-17 13:19:22,81200.0,100,Sell,223695182
2024-07-17 13:19:22,81200.0,800,Sell,223695183
2024-07-17 13:19:22,81200.0,100,Sell,223695184
2024-07-17 13:19:22,81200.0,100,Sell,223695185
2024-07-17 13:19:22,81200.0,100,Sell,223695180
2024-07-17 13:19:39,81100.0,100,Sell,223696231
2024-07-17 13:19:39,81100.0,100,Sell,223696228
2024-07-17 13:19:39,81100.0,900,Sell,223696227
2024-07-17 13:19:39,81100.0,600,Sell,223696229
2024-07-17 13:19:39,81100.0,200,Sell,223696230
2024-07-17 13:19:39,81100.0,200,Sell,223696232
2024-07-17 13:19:39,81100.0,1400,Sell,223696242
2024-07-17 13:19:39,81100.0,100,Sell,223696234
2024-07-17 13:19:39,81100.0,100,Sell,223696235
2024-07-17 13:19:39,81100.0,100,Sell,223696239
2024-07-17 13:19:39,81100.0,100,Sell,223696240
2024-07-17 13:19:39,81100.0,500,Sell,223696241
2024-07-17 13:19:39,81100.0,100,Sell,223696233
2024-07-17 13:19:39,81100.0,200,Sell,223696226
2024-07-17 13:19:39,81100.0,100,Sell,223696222
2024-07-17 13:19:39,81100.0,500,Sell,223696224
2024-07-17 13:19:39,81100.0,100,Sell,223696225
2024-07-17 13:19:39,81100.0,300,Sell,223696211
2024-07-17 13:19:39,81100.0,100,Sell,223696212
2024-07-17 13:19:39,81100.0,100,Sell,223696213
2024-07-17 13:19:39,81100.0,100,Sell,223696214
2024-07-17 13:19:39,81100.0,500,Sell,223696215
2024-07-17 13:19:39,81100.0,200,Sell,223696221
2024-07-17 13:19:39,81100.0,2000,Sell,223696217
2024-07-17 13:19:39,81100.0,500,Sell,223696223
2024-07-17 13:19:39,81100.0,100,Sell,223696220
2024-07-17 13:19:39,81100.0,100,Sell,223696216
2024-07-17 13:19:39,81100.0,100,Sell,223696218
2024-07-17 13:19:39,81100.0,500,Sell,223696219
2024-07-17 13:19:56,81100.0,100,Sell,223697270
2024-07-17 13:19:56,81100.0,100,Sell,223697271
2024-07-17 13:20:04,81100.0,100,Buy,223697607
2024-07-17 13:20:08,81100.0,100,Buy,223697783
2024-07-17 13:20:09,81100.0,400,Sell,223697878
2024-07-17 13:20:24,81100.0,200,Buy,223698628
2024-07-17 13:20:24,81100.0,100,Buy,223698623
2024-07-17 13:20:33,81100.0,100,Sell,223699131
2024-07-17 13:20:33,81100.0,200,Sell,223699130
2024-07-17 13:20:44,81000.0,100,Sell,223699681
2024-07-17 13:20:44,81000.0,400,Sell,223699682
2024-07-17 13:20:44,81000.0,100,Sell,223699683
2024-07-17 13:20:44,81000.0,100,Sell,223699684
2024-07-17 13:20:44,81000.0,500,Sell,223699685
2024-07-17 13:20:44,81000.0,100,Sell,223699686
2024-07-17 13:20:44,81000.0,100,Sell,223699691
2024-07-17 13:20:44,81000.0,1000,Sell,223699690
2024-07-17 13:20:44,81000.0,100,Sell,223699680
2024-07-17 13:20:44,81000.0,600,Sell,223699698
2024-07-17 13:20:44,81000.0,500,Sell,223699694
2024-07-17 13:20:44,81000.0,500,Sell,223699695
2024-07-17 13:20:44,81000.0,100,Sell,223699696
2024-07-17 13:20:44,81000.0,500,Sell,223699697
2024-07-17 13:20:44,81000.0,500,Sell,223699679
2024-07-17 13:20:44,81000.0,1000,Sell,223699699
2024-07-17 13:20:44,81000.0,100,Sell,223699700
2024-07-17 13:20:44,81000.0,300,Sell,223699701
2024-07-17 13:20:44,81000.0,100,Sell,223699702
2024-07-17 13:20:44,81000.0,3100,Sell,223699703
2024-07-17 13:20:44,81000.0,100,Sell,223699692
2024-07-17 13:20:44,81000.0,1000,Sell,223699678
2024-07-17 13:20:44,81000.0,200,Sell,223699693
2024-07-17 13:20:44,81000.0,1000,Sell,223699676
2024-07-17 13:20:44,81000.0,100,Sell,223699677
2024-07-17 13:20:44,81000.0,500,Sell,223699655
2024-07-17 13:20:44,81000.0,1000,Sell,223699656
2024-07-17 13:20:44,81000.0,300,Sell,223699657
2024-07-17 13:20:44,81000.0,300,Sell,223699658
2024-07-17 13:20:44,81000.0,200,Sell,223699659
2024-07-17 13:20:44,81000.0,500,Sell,223699660
2024-07-17 13:20:44,81000.0,100,Sell,223699661
2024-07-17 13:20:44,81000.0,100,Sell,223699662
2024-07-17 13:20:44,81000.0,100,Sell,223699663
2024-07-17 13:20:44,81000.0,700,Sell,223699664
2024-07-17 13:20:44,81000.0,100,Sell,223699687
2024-07-17 13:20:44,81000.0,100,Sell,223699666
2024-07-17 13:20:44,81000.0,100,Sell,223699665
2024-07-17 13:20:44,81000.0,500,Sell,223699673
2024-07-17 13:20:44,81000.0,100,Sell,223699672
2024-07-17 13:20:44,81000.0,200,Sell,223699671
2024-07-17 13:20:44,81000.0,100,Sell,223699674
2024-07-17 13:20:44,81000.0,1000,Sell,223699669
2024-07-17 13:20:44,81000.0,600,Sell,223699668
2024-07-17 13:20:44,81000.0,1000,Sell,223699667
2024-07-17 13:20:44,81000.0,100,Sell,223699670
2024-07-17 13:20:44,81000.0,100,Sell,223699675
2024-07-17 13:20:47,81000.0,500,Sell,223699840
2024-07-17 13:20:51,81100.0,100,Buy,223699990
2024-07-17 13:20:56,81000.0,300,Sell,223700239
2024-07-17 13:21:00,81000.0,100,Sell,223700422
2024-07-17 13:21:00,81000.0,900,Sell,223700423
2024-07-17 13:21:01,81100.0,500,Buy,223700461
2024-07-17 13:21:34,81100.0,100,Buy,223702314
2024-07-17 13:21:36,81100.0,100,Sell,223702391
2024-07-17 13:21:36,81100.0,900,Sell,223702390
2024-07-17 13:21:45,81100.0,200,Sell,223702779
2024-07-17 13:21:53,81100.0,100,Sell,223703276
2024-07-17 13:22:01,81100.0,1700,Sell,223703715
2024-07-17 13:22:01,81100.0,800,Sell,223703716
2024-07-17 13:22:15,81100.0,1000,Buy,223704626
2024-07-17 13:22:28,81100.0,500,Buy,223705196
2024-07-17 13:22:28,81100.0,1000,Sell,223705210
2024-07-17 13:23:22,81100.0,100,Sell,223707951
2024-07-17 13:23:23,81200.0,100,Buy,223708008
2024-07-17 13:23:45,81100.0,400,Sell,223708847
2024-07-17 13:23:55,81100.0,200,Sell,223709192
2024-07-17 13:23:55,81100.0,100,Sell,223709193
2024-07-17 13:23:55,81100.0,100,Sell,223709194
2024-07-17 13:24:04,81100.0,200,Sell,223709618
2024-07-17 13:24:10,81100.0,100,Sell,223709933
2024-07-17 13:24:10,81100.0,100,Sell,223709932
2024-07-17 13:24:10,81100.0,200,Sell,223709931
2024-07-17 13:24:17,81100.0,100,Sell,223710221
2024-07-17 13:24:17,81100.0,100,Sell,223710223
2024-07-17 13:24:17,81100.0,100,Sell,223710224
2024-07-17 13:24:17,81100.0,100,Sell,223710225
2024-07-17 13:24:17,81100.0,200,Sell,223710226
2024-07-17 13:24:17,81100.0,100,Sell,223710227
2024-07-17 13:24:17,81100.0,300,Sell,223710222
2024-07-17 13:24:18,81100.0,100,Sell,223710273
2024-07-17 13:24:22,81100.0,100,Buy,223710423
2024-07-17 13:24:28,81100.0,200,Buy,223710615
2024-07-17 13:24:30,81100.0,600,Buy,223710768
2024-07-17 13:24:33,81100.0,200,Sell,223710868
2024-07-17 13:24:41,81200.0,400,Buy,223711262
2024-07-17 13:24:43,81100.0,100,Sell,223711311
2024-07-17 13:24:43,81100.0,200,Sell,223711310
2024-07-17 13:24:45,81100.0,200,Buy,223711420
2024-07-17 13:24:45,81200.0,100,Buy,223711427
2024-07-17 13:25:49,81300.0,100,Buy,223714295
2024-07-17 13:25:49,81300.0,500,Buy,223714292
2024-07-17 13:25:49,81300.0,1000,Buy,223714293
2024-07-17 13:25:49,81300.0,400,Buy,223714294
2024-07-17 13:25:54,81300.0,2000,Buy,223714509
2024-07-17 13:25:55,81300.0,2000,Buy,223714616
2024-07-17 13:25:57,81300.0,2000,Buy,223714681
2024-07-17 13:25:59,81300.0,2000,Buy,223714724
2024-07-17 13:26:00,81300.0,1900,Buy,223714756
2024-07-17 13:26:00,81300.0,100,Buy,223714757
2024-07-17 13:26:01,81300.0,600,Buy,223714868
2024-07-17 13:26:01,81300.0,100,Buy,223714869
2024-07-17 13:26:01,81300.0,100,Buy,223714866
2024-07-17 13:26:01,81300.0,200,Buy,223714865
2024-07-17 13:26:01,81300.0,700,Buy,223714867
2024-07-17 13:26:13,81300.0,500,Sell,223715334
2024-07-17 13:26:31,81400.0,200,Buy,223716111
2024-07-17 13:26:33,81400.0,100,Buy,223716216
2024-07-17 13:26:33,81300.0,500,Sell,223716217
2024-07-17 13:26:37,81300.0,2000,Buy,223716438
2024-07-17 13:26:38,81300.0,2000,Buy,223716479
2024-07-17 13:26:39,81300.0,500,Buy,223716516
2024-07-17 13:26:47,81400.0,500,Buy,223716899
2024-07-17 13:26:52,81400.0,100,Buy,223717063
2024-07-17 13:26:57,81400.0,700,Buy,223717301
2024-07-17 13:26:57,81400.0,300,Buy,223717300
2024-07-17 13:26:59,81400.0,300,Buy,223717375
2024-07-17 13:27:03,81500.0,4400,Buy,223717528
2024-07-17 13:27:05,81400.0,100,Sell,223717563
2024-07-17 13:27:07,81400.0,300,Buy,223717642
2024-07-17 13:27:22,81400.0,1600,Buy,223718384
2024-07-17 13:28:05,81400.0,400,Sell,223720870
2024-07-17 13:28:05,81400.0,1000,Sell,223720871
2024-07-17 13:28:19,81500.0,100,Buy,223721411
2024-07-17 13:28:38,81500.0,2800,Buy,223722115
2024-07-17 13:28:53,81500.0,100,Buy,223722922
2024-07-17 13:29:04,81500.0,200,Buy,223723726
2024-07-17 13:29:24,81500.0,2000,Buy,223724988
2024-07-17 13:29:25,81500.0,1000,Buy,223725056
2024-07-17 13:29:25,81500.0,100,Buy,223725050
2024-07-17 13:29:25,81500.0,200,Buy,223725055
2024-07-17 13:29:33,81500.0,100,Sell,223725435
2024-07-17 13:30:06,81500.0,100,Sell,223727026
2024-07-17 13:30:18,81500.0,100,Sell,223727644
2024-07-17 13:30:18,81600.0,200,Buy,223727657
2024-07-17 13:30:34,81700.0,600,Buy,223728557
2024-07-17 13:30:34,81700.0,200,Buy,223728558
2024-07-17 13:30:43,81800.0,400,Buy,223729149
2024-07-17 13:30:51,81800.0,800,Buy,223729568
2024-07-17 13:30:53,81800.0,600,Buy,223729641
2024-07-17 13:30:58,81800.0,200,Buy,223729883
2024-07-17 13:30:59,81800.0,2000,Buy,223729961
2024-07-17 13:31:01,81800.0,1500,Buy,223730066
2024-07-17 13:31:15,81900.0,200,Buy,223730826
2024-07-17 13:31:15,81900.0,100,Buy,223730825
2024-07-17 13:31:15,81900.0,600,Buy,223730824
2024-07-17 13:31:26,81800.0,1100,Sell,223731337
2024-07-17 13:31:26,81800.0,500,Sell,223731334
2024-07-17 13:31:26,81800.0,100,Sell,223731335
2024-07-17 13:31:26,81800.0,300,Sell,223731336
2024-07-17 13:31:27,81900.0,200,Buy,223731355
2024-07-17 13:31:38,81900.0,300,Buy,223732414
2024-07-17 13:32:04,81900.0,300,Buy,223733929
2024-07-17 13:32:05,81900.0,1000,Buy,223733952
2024-07-17 13:32:12,81900.0,3600,Buy,223734261
2024-07-17 13:32:26,82000.0,400,Buy,223734963
2024-07-17 13:32:26,82000.0,1600,Buy,223734964
2024-07-17 13:32:26,82000.0,1000,Buy,223734961
2024-07-17 13:32:26,82000.0,500,Buy,223734960
2024-07-17 13:32:26,82000.0,1500,Buy,223734962
