time,price,volume,match_type,id
2024-07-23 09:14:40,79100.0,4900,ATO/ATC,225457752
2024-07-23 09:15:19,79100.0,500,Sell,225458420
2024-07-23 09:15:23,79200.0,900,Buy,225458489
2024-07-23 09:15:23,79200.0,100,Buy,225458488
2024-07-23 09:16:42,79200.0,100,Buy,225459831
2024-07-23 09:16:42,79200.0,1000,Buy,225459834
2024-07-23 09:16:42,79200.0,100,Buy,225459830
2024-07-23 09:16:42,79200.0,100,Buy,225459832
2024-07-23 09:16:42,79200.0,200,Buy,225459833
2024-07-23 09:17:10,79200.0,200,Sell,225460405
2024-07-23 09:17:41,79300.0,1000,Buy,225460979
2024-07-23 09:18:59,79300.0,300,Buy,225462593
2024-07-23 09:19:14,79200.0,500,Sell,225462906
2024-07-23 09:19:30,79200.0,500,Sell,225463355
2024-07-23 09:19:47,79200.0,100,Sell,225463748
2024-07-23 09:19:58,79300.0,200,Buy,225464011
2024-07-23 09:19:58,79300.0,100,Buy,225464012
2024-07-23 09:20:01,79300.0,100,Buy,225464082
2024-07-23 09:20:11,79200.0,200,Sell,225464342
2024-07-23 09:20:11,79200.0,1300,Sell,225464343
2024-07-23 09:20:30,79200.0,100,Sell,225464812
2024-07-23 09:21:08,79200.0,200,Sell,225465781
2024-07-23 09:21:08,79200.0,100,Sell,225465780
2024-07-23 09:21:08,79200.0,100,Sell,225465779
2024-07-23 09:21:08,79200.0,200,Sell,225465776
2024-07-23 09:21:08,79200.0,300,Sell,225465777
2024-07-23 09:21:08,79200.0,100,Sell,225465774
2024-07-23 09:21:08,79200.0,1000,Sell,225465778
2024-07-23 09:21:08,79200.0,100,Sell,225465775
2024-07-23 09:22:16,79100.0,1000,Sell,225467323
2024-07-23 09:22:17,79100.0,200,Sell,225467340
2024-07-23 09:22:17,79100.0,1000,Sell,225467341
2024-07-23 09:22:17,79100.0,600,Sell,225467342
2024-07-23 09:22:30,79100.0,100,Buy,225467774
2024-07-23 09:22:30,79100.0,100,Buy,225467773
2024-07-23 09:23:59,79000.0,200,Sell,225469933
2024-07-23 09:23:59,79000.0,200,Sell,225469931
2024-07-23 09:23:59,79000.0,100,Sell,225469932
2024-07-23 09:24:01,79000.0,400,Sell,225469961
2024-07-23 09:24:01,79000.0,600,Sell,225469960
2024-07-23 09:24:10,79000.0,100,Sell,225470184
2024-07-23 09:24:13,79000.0,1000,Sell,225470252
2024-07-23 09:24:24,79000.0,500,Sell,225470500
2024-07-23 09:24:24,79000.0,2900,Sell,225470525
2024-07-23 09:24:26,79000.0,400,Sell,225470558
2024-07-23 09:25:07,79000.0,100,Sell,225471360
2024-07-23 09:25:40,79000.0,500,Sell,225472136
2024-07-23 09:25:52,79000.0,100,Sell,225472396
2024-07-23 09:25:52,79000.0,100,Sell,225472397
2024-07-23 09:25:52,79000.0,3100,Sell,225472394
2024-07-23 09:25:52,79000.0,500,Sell,225472395
2024-07-23 09:26:25,78800.0,100,Sell,225473100
2024-07-23 09:26:44,79000.0,100,Buy,225473435
2024-07-23 09:27:22,78800.0,200,Sell,225474197
2024-07-23 09:27:22,78800.0,100,Sell,225474198
2024-07-23 09:28:29,78800.0,500,Buy,225475335
2024-07-23 09:28:30,78800.0,800,Sell,225475350
2024-07-23 09:30:51,78800.0,100,Sell,225478391
2024-07-23 09:32:30,78800.0,300,Buy,225480436
2024-07-23 09:33:44,78600.0,100,Sell,225481968
2024-07-23 09:34:11,78600.0,500,Buy,225482527
2024-07-23 09:34:52,78700.0,100,Sell,225483496
2024-07-23 09:35:09,78500.0,100,Sell,225483805
2024-07-23 09:35:09,78500.0,100,Sell,225483806
2024-07-23 09:35:09,78500.0,1000,Sell,225483803
2024-07-23 09:35:09,78500.0,200,Sell,225483802
2024-07-23 09:35:09,78500.0,100,Sell,225483804
2024-07-23 09:35:09,78500.0,100,Sell,225483801
2024-07-23 09:36:56,78400.0,400,Sell,225485811
2024-07-23 09:38:48,78300.0,100,Sell,225488130
2024-07-23 09:38:48,78300.0,100,Sell,225488131
2024-07-23 09:39:54,78200.0,100,Buy,225489561
2024-07-23 09:39:57,78300.0,100,Buy,225489635
2024-07-23 09:40:40,78200.0,100,Sell,225490570
2024-07-23 09:40:41,78300.0,200,Buy,225490584
2024-07-23 09:40:41,78300.0,100,Buy,225490585
2024-07-23 09:40:41,78300.0,100,Buy,225490586
2024-07-23 09:40:41,78300.0,1600,Buy,225490587
2024-07-23 09:41:02,78200.0,800,Sell,225490995
2024-07-23 09:41:27,78100.0,100,Sell,225491487
2024-07-23 09:41:39,78100.0,100,Sell,225491696
2024-07-23 09:41:44,78100.0,4800,Sell,225491826
2024-07-23 09:41:47,78000.0,700,Sell,225491872
2024-07-23 09:41:47,78000.0,600,Sell,225491873
2024-07-23 09:41:47,78000.0,200,Sell,225491874
2024-07-23 09:41:47,78000.0,1000,Sell,225491875
2024-07-23 09:41:47,78000.0,200,Sell,225491876
2024-07-23 09:41:47,78000.0,1000,Sell,225491877
2024-07-23 09:41:47,78000.0,100,Sell,225491878
2024-07-23 09:41:47,78000.0,100,Sell,225491879
2024-07-23 09:43:01,78000.0,100,Buy,225493714
2024-07-23 09:43:19,77900.0,500,Sell,225494138
2024-07-23 09:43:19,77900.0,100,Sell,225494136
2024-07-23 09:43:19,77900.0,100,Sell,225494137
2024-07-23 09:43:36,77800.0,1000,Sell,225494470
2024-07-23 09:44:01,77800.0,2000,Sell,225495067
2024-07-23 09:44:46,77800.0,2000,Sell,225496024
2024-07-23 09:45:05,77800.0,500,Sell,225496499
2024-07-23 09:45:21,77800.0,100,Sell,225496771
2024-07-23 09:45:21,77800.0,100,Sell,225496772
2024-07-23 09:45:35,77700.0,100,Sell,225497054
2024-07-23 09:46:14,77700.0,100,Buy,225497951
2024-07-23 09:46:31,77600.0,2000,Sell,225498237
2024-07-23 09:46:34,77700.0,1000,Buy,225498306
2024-07-23 09:46:42,77600.0,100,Sell,225498421
2024-07-23 09:46:46,77600.0,200,Sell,225498479
2024-07-23 09:46:56,77600.0,1000,Sell,225498660
2024-07-23 09:46:56,77600.0,200,Sell,225498659
2024-07-23 09:46:56,77600.0,900,Sell,225498658
2024-07-23 09:46:57,77600.0,700,Buy,225498713
2024-07-23 09:47:07,77600.0,100,Buy,225498923
2024-07-23 09:47:07,77700.0,400,Buy,225498924
2024-07-23 09:47:21,77700.0,100,Buy,225499188
2024-07-23 09:47:24,77700.0,100,Buy,225499236
2024-07-23 09:47:55,77600.0,100,Sell,225499840
2024-07-23 09:47:55,77600.0,100,Sell,225499841
2024-07-23 09:47:55,77600.0,200,Sell,225499842
2024-07-23 09:47:59,77700.0,100,Buy,225499894
2024-07-23 09:48:05,77700.0,100,Buy,225500017
2024-07-23 09:48:13,77600.0,500,Sell,225500159
2024-07-23 09:48:19,77600.0,500,Sell,225500263
2024-07-23 09:48:20,77600.0,500,Sell,225500288
2024-07-23 09:48:37,77600.0,500,Sell,225500598
2024-07-23 09:48:37,77600.0,200,Sell,225500597
2024-07-23 09:48:37,77600.0,300,Sell,225500599
2024-07-23 09:48:50,77600.0,200,Sell,225500857
2024-07-23 09:49:05,77700.0,1000,Buy,225501152
2024-07-23 09:49:28,77700.0,2000,Sell,225501528
2024-07-23 09:49:57,77700.0,100,Sell,225502056
2024-07-23 09:49:57,77700.0,100,Sell,225502055
2024-07-23 09:51:02,77900.0,200,Buy,225503255
2024-07-23 09:51:02,78000.0,800,Buy,225503256
2024-07-23 09:51:21,78000.0,100,Buy,225503711
2024-07-23 09:51:22,78000.0,100,Buy,225503728
2024-07-23 09:51:30,78000.0,900,Buy,225503892
2024-07-23 09:51:30,78000.0,100,Buy,225503894
2024-07-23 09:51:30,78000.0,2100,Buy,225503895
2024-07-23 09:51:30,78000.0,1100,Buy,225503893
2024-07-23 09:52:01,78000.0,500,Sell,225504446
2024-07-23 09:52:09,78100.0,100,Buy,225504623
2024-07-23 09:52:10,78100.0,300,Buy,225504665
2024-07-23 09:52:22,78000.0,600,Sell,225504817
2024-07-23 09:52:23,78100.0,100,Buy,225504832
2024-07-23 09:52:48,78100.0,1100,Buy,225505338
2024-07-23 09:52:53,78100.0,100,Buy,225505468
2024-07-23 09:52:59,78100.0,1000,Buy,225505590
2024-07-23 09:53:30,78100.0,1900,Buy,225506185
2024-07-23 09:53:32,78100.0,10000,Buy,225506216
2024-07-23 09:53:44,78100.0,500,Buy,225506405
2024-07-23 09:53:44,78100.0,100,Buy,225506420
2024-07-23 09:53:50,78100.0,10000,Buy,225506507
2024-07-23 09:53:53,78100.0,3200,Buy,225506577
2024-07-23 09:53:54,78100.0,1000,Buy,225506592
2024-07-23 09:53:56,78100.0,1000,Buy,225506613
2024-07-23 09:54:01,78100.0,2900,Buy,225506688
2024-07-23 09:54:02,78100.0,1000,Buy,225506718
2024-07-23 09:54:04,78100.0,3000,Buy,225506760
2024-07-23 09:54:09,78000.0,1000,Sell,225506858
2024-07-23 09:54:20,78100.0,5000,Buy,225507067
2024-07-23 09:54:40,78100.0,1200,Buy,225507494
2024-07-23 09:54:52,78100.0,2000,Buy,225507742
2024-07-23 09:55:03,78000.0,1000,Sell,225507945
2024-07-23 09:55:22,78000.0,200,Sell,225508246
2024-07-23 09:56:11,78000.0,1000,Sell,225508955
2024-07-23 09:57:01,78000.0,1000,Sell,225509780
2024-07-23 09:57:04,78000.0,500,Sell,225509836
2024-07-23 09:57:28,78000.0,300,Sell,225510160
2024-07-23 09:57:28,78000.0,700,Sell,225510161
2024-07-23 09:57:29,78000.0,700,Sell,225510169
2024-07-23 09:57:29,78000.0,200,Sell,225510170
2024-07-23 09:57:29,78000.0,500,Sell,225510171
2024-07-23 09:57:29,78000.0,200,Sell,225510172
2024-07-23 09:57:29,78000.0,800,Sell,225510173
2024-07-23 09:58:26,77800.0,1000,Sell,225511037
2024-07-23 09:58:29,77800.0,200,Sell,225511085
2024-07-23 09:58:29,77800.0,100,Sell,225511086
2024-07-23 09:58:29,77800.0,500,Sell,225511087
2024-07-23 09:58:38,77700.0,100,Sell,225511269
2024-07-23 09:58:51,77700.0,200,Sell,225511536
2024-07-23 09:58:51,77700.0,100,Sell,225511534
2024-07-23 09:58:51,77700.0,200,Sell,225511535
2024-07-23 09:59:01,77500.0,500,Sell,225511704
2024-07-23 09:59:01,77400.0,200,Sell,225511705
2024-07-23 09:59:01,77300.0,100,Sell,225511706
2024-07-23 09:59:01,77300.0,300,Sell,225511707
2024-07-23 09:59:01,77200.0,1000,Sell,225511708
2024-07-23 09:59:01,77200.0,100,Sell,225511709
2024-07-23 09:59:01,77100.0,200,Sell,225511710
2024-07-23 09:59:01,77100.0,100,Sell,225511711
2024-07-23 09:59:01,77000.0,400,Sell,225511713
2024-07-23 09:59:01,77000.0,3000,Sell,225511714
2024-07-23 09:59:01,77000.0,800,Sell,225511715
2024-07-23 09:59:01,77000.0,100,Sell,225511716
2024-07-23 09:59:01,77500.0,100,Sell,225511703
2024-07-23 09:59:01,77000.0,900,Sell,225511717
2024-07-23 09:59:01,77100.0,100,Sell,225511712
2024-07-23 09:59:01,77500.0,500,Sell,225511702
2024-07-23 09:59:01,77600.0,300,Sell,225511685
2024-07-23 09:59:01,77500.0,100,Sell,225511700
2024-07-23 09:59:01,77500.0,600,Sell,225511701
2024-07-23 09:59:01,77600.0,100,Sell,225511686
2024-07-23 09:59:01,77600.0,1000,Sell,225511687
2024-07-23 09:59:01,77600.0,100,Sell,225511688
2024-07-23 09:59:01,77600.0,100,Sell,225511689
2024-07-23 09:59:01,77500.0,2000,Sell,225511690
2024-07-23 09:59:01,77500.0,100,Sell,225511691
2024-07-23 09:59:01,77600.0,100,Sell,225511684
2024-07-23 09:59:01,77500.0,300,Sell,225511693
2024-07-23 09:59:01,77500.0,100,Sell,225511694
2024-07-23 09:59:01,77500.0,1000,Sell,225511695
2024-07-23 09:59:01,77500.0,100,Sell,225511696
2024-07-23 09:59:01,77500.0,200,Sell,225511697
2024-07-23 09:59:01,77500.0,200,Sell,225511698
2024-07-23 09:59:01,77500.0,3000,Sell,225511692
2024-07-23 09:59:01,77500.0,200,Sell,225511699
2024-07-23 09:59:13,77100.0,1000,Sell,225511925
2024-07-23 09:59:14,77000.0,100,Sell,225511957
2024-07-23 09:59:14,77000.0,100,Sell,225511956
2024-07-23 09:59:14,77000.0,100,Sell,225511954
2024-07-23 09:59:14,77100.0,500,Sell,225511953
2024-07-23 09:59:14,77000.0,700,Sell,225511955
2024-07-23 09:59:52,77200.0,700,Sell,225512599
2024-07-23 10:00:03,77200.0,1000,Sell,225512835
2024-07-23 10:00:05,77200.0,100,Sell,225512854
2024-07-23 10:00:11,77200.0,200,Sell,225512984
2024-07-23 10:00:13,77200.0,100,Sell,225513005
2024-07-23 10:00:23,77100.0,1000,Sell,225513374
2024-07-23 10:00:23,77100.0,1000,Sell,225513375
2024-07-23 10:00:25,77100.0,700,Sell,225513405
2024-07-23 10:00:25,77100.0,100,Sell,225513407
2024-07-23 10:00:25,77100.0,200,Sell,225513406
2024-07-23 10:00:29,77000.0,100,Sell,225513461
2024-07-23 10:00:29,77000.0,100,Sell,225513462
2024-07-23 10:00:29,77000.0,100,Sell,225513463
2024-07-23 10:00:29,77000.0,700,Sell,225513464
2024-07-23 10:00:30,77100.0,100,Buy,225513485
2024-07-23 10:00:40,77100.0,500,Buy,225513656
2024-07-23 10:00:40,77100.0,500,Buy,225513657
2024-07-23 10:00:55,77100.0,100,Buy,225514046
2024-07-23 10:01:07,77100.0,100,Buy,225514329
2024-07-23 10:01:34,77100.0,100,Buy,225514790
2024-07-23 10:01:34,77100.0,400,Buy,225514789
2024-07-23 10:01:41,77100.0,100,Buy,225514898
2024-07-23 10:01:41,77100.0,500,Buy,225514897
2024-07-23 10:01:45,77100.0,200,Sell,225514948
2024-07-23 10:01:45,77000.0,5400,Sell,225514949
2024-07-23 10:01:45,77100.0,400,Sell,225514947
2024-07-23 10:02:13,77200.0,300,Buy,225515343
2024-07-23 10:02:15,77100.0,200,Sell,225515377
2024-07-23 10:02:15,77100.0,800,Sell,225515378
2024-07-23 10:02:28,77100.0,200,Sell,225515608
2024-07-23 10:02:28,77100.0,100,Sell,225515609
2024-07-23 10:02:44,77100.0,100,Buy,225515886
2024-07-23 10:02:49,77100.0,300,Buy,225516037
2024-07-23 10:03:00,77100.0,100,Sell,225516221
2024-07-23 10:03:16,77100.0,100,Sell,225516458
2024-07-23 10:03:18,77200.0,200,Buy,225516479
2024-07-23 10:03:33,77200.0,500,Buy,225516730
2024-07-23 10:03:33,77200.0,200,Buy,225516729
2024-07-23 10:03:33,77200.0,1400,Buy,225516727
2024-07-23 10:03:33,77200.0,200,Buy,225516728
2024-07-23 10:03:47,77300.0,300,Buy,225516930
2024-07-23 10:04:08,77300.0,200,Buy,225517233
2024-07-23 10:04:38,77300.0,300,Sell,225517888
2024-07-23 10:04:38,77300.0,100,Sell,225517889
2024-07-23 10:04:41,77300.0,100,Buy,225517926
2024-07-23 10:04:57,77200.0,2700,Sell,225518238
2024-07-23 10:04:57,77200.0,300,Sell,225518239
2024-07-23 10:05:01,77200.0,100,Sell,225518276
2024-07-23 10:05:01,77200.0,200,Sell,225518277
2024-07-23 10:05:01,77100.0,500,Sell,225518278
2024-07-23 10:05:01,77100.0,600,Sell,225518279
2024-07-23 10:05:45,77100.0,400,Sell,225519201
2024-07-23 10:05:45,77100.0,100,Sell,225519199
2024-07-23 10:05:45,77100.0,400,Sell,225519196
2024-07-23 10:05:45,77100.0,100,Sell,225519200
2024-07-23 10:05:58,77100.0,100,Sell,225519427
2024-07-23 10:06:27,77200.0,300,Buy,225519891
2024-07-23 10:07:17,77200.0,100,Sell,225520875
2024-07-23 10:07:23,77300.0,200,Buy,225521009
2024-07-23 10:07:30,77200.0,200,Sell,225521181
2024-07-23 10:07:32,77200.0,100,Sell,225521224
2024-07-23 10:08:45,77200.0,2000,Sell,225522708
2024-07-23 10:08:45,77200.0,100,Sell,225522709
2024-07-23 10:09:37,77200.0,100,Buy,225523704
2024-07-23 10:09:55,77200.0,100,Buy,225523979
2024-07-23 10:10:01,77200.0,100,Buy,225524095
2024-07-23 10:10:15,77200.0,100,Buy,225524253
2024-07-23 10:10:17,77200.0,1500,Buy,225524290
2024-07-23 10:10:17,77200.0,1500,Buy,225524289
2024-07-23 10:10:18,77100.0,100,Sell,225524303
2024-07-23 10:10:47,77100.0,900,Sell,225524834
2024-07-23 10:10:47,77100.0,500,Sell,225524835
2024-07-23 10:10:47,77100.0,300,Sell,225524836
2024-07-23 10:10:47,77100.0,200,Sell,225524837
2024-07-23 10:10:47,77100.0,100,Sell,225524838
2024-07-23 10:11:01,77100.0,200,Sell,225525057
2024-07-23 10:11:07,77100.0,200,Sell,225525166
2024-07-23 10:11:07,77100.0,1000,Sell,225525167
2024-07-23 10:11:07,77100.0,200,Sell,225525168
2024-07-23 10:11:07,77100.0,100,Sell,225525169
2024-07-23 10:11:07,77100.0,100,Sell,225525170
2024-07-23 10:11:07,77100.0,400,Sell,225525171
2024-07-23 10:11:16,77200.0,1000,Buy,225525303
2024-07-23 10:11:29,77200.0,500,Buy,225525467
2024-07-23 10:11:29,77200.0,500,Buy,225525466
2024-07-23 10:12:35,77200.0,100,Sell,225526443
2024-07-23 10:12:38,77200.0,100,Sell,225526472
2024-07-23 10:14:28,77200.0,200,Sell,225528573
2024-07-23 10:15:27,77200.0,1300,Sell,225529865
2024-07-23 10:15:27,77200.0,500,Sell,225529866
2024-07-23 10:15:27,77200.0,600,Sell,225529867
2024-07-23 10:15:27,77200.0,500,Sell,225529868
2024-07-23 10:15:27,77200.0,1000,Sell,225529869
2024-07-23 10:15:57,77100.0,100,Sell,225530424
2024-07-23 10:16:25,77100.0,500,Sell,225530924
2024-07-23 10:16:43,77100.0,700,Sell,225531439
2024-07-23 10:16:45,77100.0,600,Sell,225531601
2024-07-23 10:16:58,77100.0,100,Sell,225531894
2024-07-23 10:16:58,77100.0,300,Sell,225531893
2024-07-23 10:16:58,77100.0,5000,Sell,225531892
2024-07-23 10:16:58,77100.0,600,Sell,225531890
2024-07-23 10:16:58,77100.0,200,Sell,225531891
2024-07-23 10:17:00,77000.0,1000,Sell,225531925
2024-07-23 10:17:01,77000.0,8900,Sell,225531936
2024-07-23 10:17:03,77000.0,4000,Sell,225531974
2024-07-23 10:17:03,77000.0,200,Sell,225531975
2024-07-23 10:17:03,77000.0,600,Sell,225531976
2024-07-23 10:17:03,77000.0,4600,Sell,225531977
2024-07-23 10:17:22,77000.0,3500,Sell,225532335
2024-07-23 10:17:25,77000.0,1900,Sell,225532399
2024-07-23 10:17:25,77000.0,1000,Sell,225532400
2024-07-23 10:17:25,77000.0,100,Sell,225532401
2024-07-23 10:17:36,77000.0,1000,Sell,225532748
2024-07-23 10:17:51,77000.0,100,Sell,225533275
2024-07-23 10:17:51,77000.0,200,Sell,225533274
2024-07-23 10:17:58,77000.0,300,Sell,225533401
2024-07-23 10:18:07,77000.0,500,Sell,225533620
2024-07-23 10:18:11,77000.0,100,Sell,225533677
2024-07-23 10:18:11,77000.0,100,Sell,225533678
2024-07-23 10:18:30,77000.0,200,Sell,225534089
2024-07-23 10:18:46,77000.0,100,Sell,225534404
2024-07-23 10:19:00,77000.0,200,Sell,225534610
2024-07-23 10:19:06,77000.0,100,Sell,225534729
2024-07-23 10:19:06,77000.0,100,Sell,225534728
2024-07-23 10:19:06,77000.0,300,Sell,225534727
2024-07-23 10:19:06,77000.0,200,Sell,225534726
2024-07-23 10:19:06,77000.0,100,Sell,225534724
2024-07-23 10:19:06,77000.0,100,Sell,225534725
2024-07-23 10:19:06,77000.0,100,Sell,225534722
2024-07-23 10:19:06,77000.0,100,Sell,225534721
2024-07-23 10:19:06,77000.0,100,Sell,225534720
2024-07-23 10:19:06,77000.0,200,Sell,225534719
2024-07-23 10:19:06,77000.0,500,Sell,225534718
2024-07-23 10:19:06,77000.0,100,Sell,225534723
2024-07-23 10:19:21,77000.0,200,Sell,225535077
2024-07-23 10:19:21,77000.0,1000,Sell,225535076
2024-07-23 10:19:21,77000.0,100,Sell,225535075
2024-07-23 10:19:21,77000.0,1000,Sell,225535066
2024-07-23 10:19:21,77000.0,500,Sell,225535071
2024-07-23 10:19:21,77000.0,300,Sell,225535070
2024-07-23 10:19:21,77000.0,200,Sell,225535069
2024-07-23 10:19:21,77000.0,100,Sell,225535068
2024-07-23 10:19:21,77000.0,100,Sell,225535067
2024-07-23 10:19:21,77000.0,500,Sell,225535065
2024-07-23 10:19:21,77000.0,500,Sell,225535056
2024-07-23 10:19:21,77000.0,500,Sell,225535063
2024-07-23 10:19:21,77000.0,100,Sell,225535053
2024-07-23 10:19:21,77000.0,1000,Sell,225535054
2024-07-23 10:19:21,77000.0,100,Sell,225535055
2024-07-23 10:19:21,77000.0,200,Sell,225535057
2024-07-23 10:19:21,77000.0,500,Sell,225535064
2024-07-23 10:19:21,77000.0,100,Sell,225535059
2024-07-23 10:19:21,77000.0,1000,Sell,225535062
2024-07-23 10:19:21,77000.0,500,Sell,225535058
2024-07-23 10:19:21,77000.0,100,Sell,225535060
2024-07-23 10:19:21,77000.0,900,Sell,225535061
2024-07-23 10:19:29,77100.0,500,Buy,225535270
2024-07-23 10:19:32,77000.0,100,Sell,225535344
2024-07-23 10:19:32,77000.0,300,Sell,225535343
2024-07-23 10:19:32,77000.0,200,Sell,225535345
2024-07-23 10:19:32,77000.0,100,Sell,225535341
2024-07-23 10:19:32,77000.0,100,Sell,225535340
2024-07-23 10:19:32,77000.0,1000,Sell,225535342
2024-07-23 10:19:34,77100.0,100,Buy,225535369
2024-07-23 10:20:05,77100.0,100,Buy,225535968
2024-07-23 10:20:06,77100.0,100,Buy,225535971
2024-07-23 10:20:17,77000.0,300,Sell,225536212
2024-07-23 10:20:54,77000.0,200,Buy,225536880
2024-07-23 10:21:07,76900.0,200,Sell,225537121
2024-07-23 10:21:07,76900.0,100,Sell,225537116
2024-07-23 10:21:07,76900.0,100,Sell,225537119
2024-07-23 10:21:07,76900.0,1000,Sell,225537120
2024-07-23 10:21:18,76900.0,600,Buy,225537272
2024-07-23 10:21:54,76900.0,100,Sell,225537812
2024-07-23 10:21:54,76900.0,500,Sell,225537811
2024-07-23 10:21:54,76900.0,300,Sell,225537813
2024-07-23 10:21:55,77000.0,100,Buy,225537827
2024-07-23 10:21:55,76900.0,2100,Buy,225537826
2024-07-23 10:21:55,77000.0,500,Buy,225537835
2024-07-23 10:21:55,77000.0,600,Buy,225537834
2024-07-23 10:21:55,77000.0,1000,Buy,225537833
2024-07-23 10:21:55,77100.0,3300,Buy,225537836
2024-07-23 10:21:55,77000.0,800,Buy,225537831
2024-07-23 10:21:55,77000.0,400,Buy,225537830
2024-07-23 10:21:55,77000.0,100,Buy,225537829
2024-07-23 10:21:55,77000.0,1000,Buy,225537828
2024-07-23 10:21:55,77000.0,100,Buy,225537832
2024-07-23 10:22:16,77100.0,100,Buy,225538259
2024-07-23 10:22:50,76800.0,100,Sell,225538898
2024-07-23 10:23:07,76800.0,100,Sell,225539159
2024-07-23 10:23:20,76900.0,100,Sell,225539401
2024-07-23 10:23:21,76900.0,200,Buy,225539408
2024-07-23 10:23:37,76800.0,500,Sell,225539638
2024-07-23 10:23:37,76800.0,200,Sell,225539639
2024-07-23 10:23:37,76800.0,100,Sell,225539640
2024-07-23 10:23:37,76800.0,200,Sell,225539641
2024-07-23 10:23:42,76900.0,400,Buy,225539675
2024-07-23 10:23:47,76800.0,300,Sell,225539762
2024-07-23 10:24:00,76800.0,200,Sell,225539910
2024-07-23 10:24:00,76900.0,100,Sell,225539908
2024-07-23 10:24:00,76900.0,100,Sell,225539909
2024-07-23 10:25:25,76900.0,1500,Sell,225541056
2024-07-23 10:25:29,76900.0,100,Sell,225541110
2024-07-23 10:25:29,76900.0,1000,Sell,225541111
2024-07-23 10:25:29,76900.0,300,Sell,225541112
2024-07-23 10:26:14,76800.0,500,Sell,225541861
2024-07-23 10:26:28,76900.0,200,Buy,225542106
2024-07-23 10:26:46,76900.0,200,Buy,225542388
2024-07-23 10:27:32,76900.0,100,Buy,225542954
2024-07-23 10:28:22,76800.0,900,Sell,225543712
2024-07-23 10:28:22,76800.0,100,Sell,225543711
2024-07-23 10:28:22,76800.0,100,Sell,225543710
2024-07-23 10:28:22,76800.0,400,Sell,225543709
2024-07-23 10:28:22,76800.0,200,Sell,225543707
2024-07-23 10:28:22,76800.0,1000,Sell,225543708
2024-07-23 10:28:22,76800.0,500,Sell,225543713
2024-07-23 10:28:22,76800.0,200,Sell,225543706
2024-07-23 10:28:22,76800.0,100,Sell,225543702
2024-07-23 10:28:22,76800.0,1000,Sell,225543704
2024-07-23 10:28:22,76800.0,100,Sell,225543703
2024-07-23 10:28:22,76800.0,400,Sell,225543701
2024-07-23 10:28:22,76800.0,100,Sell,225543700
2024-07-23 10:28:22,76800.0,300,Sell,225543699
2024-07-23 10:28:22,76800.0,100,Sell,225543698
2024-07-23 10:28:22,76800.0,800,Sell,225543697
2024-07-23 10:28:22,76800.0,1000,Sell,225543705
2024-07-23 10:28:37,76800.0,500,Sell,225543977
2024-07-23 10:28:37,76800.0,100,Sell,225543976
2024-07-23 10:28:37,76800.0,100,Sell,225543974
2024-07-23 10:28:37,76800.0,200,Sell,225543973
2024-07-23 10:28:37,76800.0,100,Sell,225543975
2024-07-23 10:28:40,76800.0,500,Sell,225544026
2024-07-23 10:28:40,76800.0,100,Sell,225544027
2024-07-23 10:28:40,76800.0,100,Sell,225544028
2024-07-23 10:28:40,76700.0,300,Sell,225544029
2024-07-23 10:28:42,76700.0,300,Sell,225544065
2024-07-23 10:29:01,76700.0,400,Sell,225544301
2024-07-23 10:29:01,76700.0,300,Sell,225544302
2024-07-23 10:29:20,76700.0,200,Sell,225544550
2024-07-23 10:29:20,76700.0,1200,Sell,225544549
2024-07-23 10:29:20,76700.0,2000,Sell,225544548
2024-07-23 10:29:20,76700.0,300,Sell,225544547
2024-07-23 10:29:20,76700.0,100,Sell,225544545
2024-07-23 10:29:20,76700.0,300,Sell,225544544
2024-07-23 10:29:20,76700.0,200,Sell,225544543
2024-07-23 10:29:20,76700.0,500,Sell,225544546
2024-07-23 10:29:23,76700.0,300,Sell,225544583
2024-07-23 10:29:23,76700.0,100,Sell,225544584
2024-07-23 10:29:31,76700.0,100,Buy,225544678
2024-07-23 10:29:45,76600.0,200,Sell,225544874
2024-07-23 10:29:45,76600.0,800,Sell,225544875
2024-07-23 10:29:47,76700.0,1000,Buy,225544892
2024-07-23 10:30:01,76600.0,100,Sell,225545078
2024-07-23 10:30:01,76600.0,1000,Sell,225545079
2024-07-23 10:30:01,76600.0,100,Sell,225545077
2024-07-23 10:30:01,76600.0,100,Sell,225545080
2024-07-23 10:30:01,76600.0,100,Sell,225545075
2024-07-23 10:30:01,76600.0,100,Sell,225545074
2024-07-23 10:30:01,76600.0,100,Sell,225545076
2024-07-23 10:30:01,76600.0,200,Sell,225545073
2024-07-23 10:30:18,76500.0,100,Sell,225545322
2024-07-23 10:30:18,76500.0,100,Sell,225545319
2024-07-23 10:30:18,76500.0,300,Sell,225545320
2024-07-23 10:30:18,76500.0,500,Sell,225545321
2024-07-23 10:30:25,76600.0,100,Buy,225545400
2024-07-23 10:30:27,76500.0,1000,Sell,225545424
2024-07-23 10:30:30,76600.0,100,Buy,225545459
2024-07-23 10:30:31,76600.0,100,Buy,225545469
2024-07-23 10:30:34,76500.0,8600,Sell,225545537
2024-07-23 10:30:34,76500.0,500,Sell,225545536
2024-07-23 10:30:34,76500.0,1000,Sell,225545535
2024-07-23 10:30:34,76500.0,100,Sell,225545534
2024-07-23 10:30:34,76500.0,200,Sell,225545533
2024-07-23 10:30:34,76500.0,100,Sell,225545532
2024-07-23 10:30:34,76500.0,200,Sell,225545531
2024-07-23 10:30:34,76500.0,100,Sell,225545530
2024-07-23 10:30:34,76500.0,100,Sell,225545527
2024-07-23 10:30:34,76500.0,500,Sell,225545529
2024-07-23 10:30:34,76500.0,3000,Sell,225545525
2024-07-23 10:30:34,76500.0,800,Sell,225545516
2024-07-23 10:30:34,76500.0,200,Sell,225545517
2024-07-23 10:30:34,76500.0,1500,Sell,225545526
2024-07-23 10:30:34,76500.0,1000,Sell,225545519
2024-07-23 10:30:34,76500.0,100,Sell,225545520
2024-07-23 10:30:34,76500.0,300,Sell,225545518
2024-07-23 10:30:34,76500.0,100,Sell,225545522
2024-07-23 10:30:34,76500.0,200,Sell,225545523
2024-07-23 10:30:34,76500.0,100,Sell,225545524
2024-07-23 10:30:34,76500.0,300,Sell,225545521
2024-07-23 10:30:34,76500.0,1000,Sell,225545528
2024-07-23 10:30:36,76600.0,500,Buy,225545561
2024-07-23 10:30:36,76700.0,4500,Buy,225545562
2024-07-23 10:30:36,76700.0,100,Buy,225545563
2024-07-23 10:30:38,76700.0,2200,Sell,225545607
2024-07-23 10:30:40,76700.0,100,Sell,225545644
2024-07-23 10:30:45,76700.0,10000,Sell,225545714
2024-07-23 10:31:18,76700.0,2300,Sell,225546288
2024-07-23 10:31:20,76700.0,1500,Sell,225546320
2024-07-23 10:31:21,76700.0,3000,Sell,225546349
2024-07-23 10:31:44,76700.0,600,Sell,225546755
2024-07-23 10:31:45,76700.0,200,Sell,225546771
2024-07-23 10:31:51,76800.0,100,Buy,225546888
2024-07-23 10:31:57,76800.0,700,Sell,225546981
2024-07-23 10:31:57,76700.0,1300,Sell,225546982
2024-07-23 10:32:09,76700.0,200,Sell,225547138
2024-07-23 10:32:17,76700.0,400,Sell,225547332
2024-07-23 10:32:49,76700.0,400,Sell,225547818
2024-07-23 10:33:05,76700.0,500,Sell,225548055
2024-07-23 10:33:33,76700.0,800,Sell,225548506
2024-07-23 10:33:44,76700.0,200,Sell,225548720
2024-07-23 10:33:44,76700.0,300,Sell,225548719
2024-07-23 10:33:44,76700.0,2400,Sell,225548717
2024-07-23 10:33:44,76700.0,100,Sell,225548718
2024-07-23 10:34:14,76600.0,100,Sell,225549135
2024-07-23 10:34:15,76600.0,100,Sell,225549172
2024-07-23 10:34:15,76600.0,500,Sell,225549173
2024-07-23 10:34:15,76600.0,700,Sell,225549174
2024-07-23 10:34:21,76600.0,300,Sell,225549293
2024-07-23 10:34:36,76600.0,200,Buy,225549626
2024-07-23 10:34:36,76600.0,500,Buy,225549627
2024-07-23 10:34:36,76600.0,500,Buy,225549628
2024-07-23 10:34:37,76600.0,200,Sell,225549630
2024-07-23 10:35:26,76700.0,100,Buy,225550588
2024-07-23 10:35:38,76700.0,100,Buy,225550761
2024-07-23 10:35:53,76700.0,100,Buy,225550977
2024-07-23 10:35:53,76700.0,800,Buy,225550975
2024-07-23 10:35:53,76700.0,100,Buy,225550976
2024-07-23 10:35:56,76700.0,100,Buy,225551020
2024-07-23 10:36:01,76700.0,500,Buy,225551097
2024-07-23 10:36:04,76700.0,200,Buy,225551120
2024-07-23 10:36:21,76700.0,100,Buy,225551439
2024-07-23 10:36:27,76700.0,800,Buy,225551613
2024-07-23 10:36:27,76700.0,100,Buy,225551616
2024-07-23 10:36:33,76700.0,100,Buy,225551717
2024-07-23 10:36:35,76600.0,1000,Sell,225551749
2024-07-23 10:37:13,76700.0,500,Buy,225552652
2024-07-23 10:37:13,76700.0,500,Buy,225552653
2024-07-23 10:37:13,76700.0,300,Buy,225552650
2024-07-23 10:37:13,76700.0,100,Buy,225552649
2024-07-23 10:37:13,76700.0,1000,Buy,225552651
2024-07-23 10:37:22,76800.0,100,Buy,225552816
2024-07-23 10:37:36,76800.0,300,Buy,225553235
2024-07-23 10:37:36,76800.0,100,Buy,225553236
2024-07-23 10:37:49,76800.0,1200,Sell,225553511
2024-07-23 10:38:13,76800.0,400,Sell,225554013
2024-07-23 10:38:13,76800.0,200,Sell,225554014
2024-07-23 10:38:23,76800.0,1800,Sell,225554226
2024-07-23 10:38:23,76800.0,100,Sell,225554227
2024-07-23 10:38:23,76700.0,2600,Sell,225554228
2024-07-23 10:38:49,76600.0,100,Sell,225554894
2024-07-23 10:38:49,76600.0,100,Sell,225554896
2024-07-23 10:38:49,76600.0,1000,Sell,225554893
2024-07-23 10:38:49,76600.0,500,Sell,225554895
2024-07-23 10:38:49,76600.0,500,Sell,225554891
2024-07-23 10:38:49,76600.0,200,Sell,225554890
2024-07-23 10:38:49,76600.0,600,Sell,225554889
2024-07-23 10:38:49,76600.0,1000,Sell,225554892
2024-07-23 10:38:58,76700.0,500,Buy,225555104
2024-07-23 10:39:04,76600.0,100,Sell,225555242
2024-07-23 10:39:10,76600.0,100,Sell,225555366
2024-07-23 10:39:29,76600.0,400,Sell,225555945
2024-07-23 10:39:29,76600.0,2000,Sell,225555946
2024-07-23 10:39:29,76600.0,100,Sell,225555947
2024-07-23 10:40:20,76600.0,500,Buy,225557316
2024-07-23 10:40:27,76600.0,400,Buy,225557504
2024-07-23 10:40:28,76600.0,300,Buy,225557519
2024-07-23 10:40:37,76600.0,100,Buy,225557786
2024-07-23 10:40:50,76500.0,200,Sell,225558146
2024-07-23 10:40:55,76600.0,1000,Buy,225558235
2024-07-23 10:40:57,76500.0,200,Sell,225558283
2024-07-23 10:41:16,76500.0,1000,Sell,225558770
2024-07-23 10:41:16,76500.0,500,Sell,225558771
2024-07-23 10:41:16,76500.0,800,Sell,225558772
2024-07-23 10:41:16,76500.0,100,Sell,225558773
2024-07-23 10:41:16,76500.0,100,Sell,225558774
2024-07-23 10:41:16,76500.0,300,Sell,225558775
2024-07-23 10:41:16,76500.0,2000,Sell,225558776
2024-07-23 10:41:16,76500.0,100,Sell,225558777
2024-07-23 10:41:16,76500.0,500,Sell,225558778
2024-07-23 10:41:16,76500.0,800,Sell,225558779
2024-07-23 10:41:17,76500.0,500,Sell,225558788
2024-07-23 10:41:17,76500.0,200,Sell,225558787
2024-07-23 10:41:17,76500.0,100,Sell,225558786
2024-07-23 10:41:17,76500.0,100,Sell,225558782
2024-07-23 10:41:17,76500.0,100,Sell,225558784
2024-07-23 10:41:17,76500.0,300,Sell,225558785
2024-07-23 10:41:17,76500.0,200,Sell,225558781
2024-07-23 10:41:17,76500.0,400,Sell,225558783
2024-07-23 10:41:23,76500.0,300,Buy,225559019
2024-07-23 10:41:34,76500.0,100,Buy,225559374
2024-07-23 10:41:35,76500.0,500,Buy,225559382
2024-07-23 10:41:45,76500.0,200,Buy,225559633
2024-07-23 10:41:58,76500.0,200,Buy,225559918
2024-07-23 10:42:01,76500.0,800,Sell,225560029
2024-07-23 10:42:11,76500.0,200,Buy,225560214
2024-07-23 10:42:12,76400.0,100,Sell,225560240
2024-07-23 10:42:12,76400.0,200,Sell,225560239
2024-07-23 10:42:12,76400.0,100,Sell,225560238
2024-07-23 10:42:12,76400.0,100,Sell,225560242
2024-07-23 10:42:12,76400.0,300,Sell,225560236
2024-07-23 10:42:12,76500.0,200,Sell,225560235
2024-07-23 10:42:12,76500.0,800,Sell,225560234
2024-07-23 10:42:12,76400.0,100,Sell,225560237
2024-07-23 10:42:12,76400.0,100,Sell,225560241
2024-07-23 10:42:23,76600.0,1000,Buy,225560466
2024-07-23 10:42:29,76500.0,100,Sell,225560637
2024-07-23 10:42:29,76500.0,500,Sell,225560638
2024-07-23 10:42:51,76500.0,400,Sell,225560921
2024-07-23 10:42:51,76500.0,100,Sell,225560922
2024-07-23 10:42:51,76500.0,500,Sell,225560923
2024-07-23 10:42:51,76500.0,500,Sell,225560932
2024-07-23 10:43:01,76600.0,1000,Buy,225561095
2024-07-23 10:43:08,76600.0,1000,Buy,225561212
2024-07-23 10:43:14,76500.0,100,Sell,225561281
2024-07-23 10:43:20,76600.0,700,Buy,225561368
2024-07-23 10:43:40,76600.0,400,Buy,225561751
2024-07-23 10:43:40,76600.0,1100,Buy,225561750
2024-07-23 10:43:40,76600.0,100,Buy,225561752
2024-07-23 10:43:56,76600.0,400,Sell,225561947
2024-07-23 10:43:56,76600.0,100,Sell,225561948
2024-07-23 10:44:18,76600.0,500,Sell,225562270
2024-07-23 10:44:28,76700.0,100,Buy,225562447
2024-07-23 10:44:28,76700.0,500,Buy,225562448
2024-07-23 10:44:28,76700.0,300,Buy,225562449
2024-07-23 10:44:35,76700.0,100,Sell,225562541
2024-07-23 10:44:35,76800.0,500,Buy,225562543
2024-07-23 10:44:35,76800.0,200,Buy,225562544
2024-07-23 10:44:45,77000.0,100,Buy,225562688
2024-07-23 10:44:45,76900.0,500,Buy,225562687
2024-07-23 10:44:45,76900.0,200,Buy,225562686
2024-07-23 10:44:45,76900.0,100,Buy,225562684
2024-07-23 10:44:45,76900.0,100,Buy,225562685
2024-07-23 10:45:47,76800.0,200,Sell,225563608
2024-07-23 10:45:51,77000.0,100,Buy,225563653
2024-07-23 10:45:51,77000.0,500,Buy,225563654
2024-07-23 10:45:51,77000.0,400,Buy,225563655
2024-07-23 10:45:59,77000.0,100,Buy,225563768
2024-07-23 10:46:04,77000.0,400,Buy,225563806
2024-07-23 10:46:04,77000.0,100,Buy,225563807
2024-07-23 10:46:04,77000.0,100,Buy,225563808
2024-07-23 10:46:04,77000.0,400,Buy,225563809
2024-07-23 10:46:44,77000.0,100,Buy,225564379
2024-07-23 10:47:20,77000.0,500,Buy,225564884
2024-07-23 10:49:53,77000.0,400,Buy,225566879
2024-07-23 10:49:53,77000.0,100,Buy,225566876
2024-07-23 10:49:53,77000.0,100,Buy,225566878
2024-07-23 10:49:56,77000.0,100,Buy,225566919
2024-07-23 10:49:56,77000.0,100,Buy,225566920
2024-07-23 10:49:56,77000.0,1000,Buy,225566921
2024-07-23 10:49:56,77000.0,200,Buy,225566922
2024-07-23 10:50:31,77100.0,200,Buy,225567384
2024-07-23 10:50:41,77100.0,100,Sell,225567494
2024-07-23 10:50:42,77100.0,200,Sell,225567523
2024-07-23 10:50:42,77000.0,1700,Sell,225567524
2024-07-23 10:51:14,77000.0,100,Sell,225567833
2024-07-23 10:51:59,77000.0,1000,Sell,225568407
2024-07-23 10:53:38,77200.0,200,Buy,225569675
2024-07-23 10:54:05,77200.0,900,Buy,225570034
2024-07-23 10:54:05,77200.0,100,Buy,225570035
2024-07-23 10:54:09,77200.0,100,Buy,225570098
2024-07-23 10:54:16,77200.0,400,Buy,225570161
2024-07-23 10:54:16,77200.0,300,Buy,225570162
2024-07-23 10:55:04,77200.0,300,Sell,225570779
2024-07-23 10:55:04,77200.0,300,Sell,225570780
2024-07-23 10:55:04,77200.0,300,Sell,225570781
2024-07-23 10:55:32,77100.0,2000,Sell,225571118
2024-07-23 10:55:32,77100.0,1000,Sell,225571119
2024-07-23 10:57:38,77100.0,100,Sell,225572619
2024-07-23 10:57:56,77100.0,1000,Sell,225572836
2024-07-23 10:59:42,77100.0,400,Sell,225574222
2024-07-23 10:59:53,77100.0,200,Sell,225574320
2024-07-23 10:59:53,77100.0,300,Sell,225574321
2024-07-23 11:00:34,77100.0,100,Sell,225574779
2024-07-23 11:00:44,77100.0,300,Sell,225574894
2024-07-23 11:00:44,77100.0,3400,Sell,225574895
2024-07-23 11:01:42,77000.0,200,Sell,225575575
2024-07-23 11:02:09,77100.0,500,Buy,225575915
2024-07-23 11:02:09,77200.0,100,Buy,225575916
2024-07-23 11:04:36,77100.0,900,Sell,225577924
2024-07-23 11:07:06,77000.0,1100,Sell,225579759
2024-07-23 11:07:13,77000.0,100,Sell,225579827
2024-07-23 11:07:13,77000.0,100,Sell,225579826
2024-07-23 11:07:13,77000.0,500,Sell,225579825
2024-07-23 11:07:13,77000.0,7000,Sell,225579824
2024-07-23 11:07:13,77000.0,1000,Sell,225579822
2024-07-23 11:07:13,77000.0,2500,Sell,225579821
2024-07-23 11:07:13,77000.0,1000,Sell,225579820
2024-07-23 11:07:13,77000.0,4500,Sell,225579819
2024-07-23 11:07:13,77000.0,500,Sell,225579823
2024-07-23 11:07:41,77000.0,400,Sell,225580197
2024-07-23 11:07:41,77000.0,100,Sell,225580198
2024-07-23 11:07:41,77000.0,200,Sell,225580199
2024-07-23 11:07:56,77000.0,9000,Buy,225580397
2024-07-23 11:08:23,77000.0,300,Buy,225580695
2024-07-23 11:09:34,77000.0,4000,Buy,225581514
2024-07-23 11:09:54,77000.0,400,Buy,225581736
2024-07-23 11:10:08,77000.0,400,Buy,225581877
2024-07-23 11:10:36,77000.0,100,Buy,225582233
2024-07-23 11:11:09,77000.0,1000,Buy,225582747
2024-07-23 11:12:45,77000.0,2000,Buy,225583791
2024-07-23 11:14:32,76900.0,100,Sell,225585247
2024-07-23 11:16:26,76900.0,100,Sell,225586781
2024-07-23 11:16:26,76900.0,200,Sell,225586779
2024-07-23 11:16:26,76900.0,200,Sell,225586780
2024-07-23 11:17:12,76800.0,1300,Sell,225587306
2024-07-23 11:17:12,76900.0,100,Sell,225587302
2024-07-23 11:17:12,76900.0,500,Sell,225587304
2024-07-23 11:17:12,76800.0,100,Sell,225587305
2024-07-23 11:17:39,76800.0,100,Sell,225587627
2024-07-23 11:18:42,76900.0,200,Sell,225588357
2024-07-23 11:20:03,76900.0,100,Buy,225589275
2024-07-23 11:20:49,76900.0,2000,Buy,225589890
2024-07-23 11:20:49,76900.0,1300,Buy,225589891
2024-07-23 11:23:20,77000.0,200,Buy,225591729
2024-07-23 11:25:03,77000.0,1000,Buy,225593328
2024-07-23 11:25:03,77000.0,400,Buy,225593329
2024-07-23 11:25:03,77000.0,200,Buy,225593330
2024-07-23 11:25:03,77000.0,400,Buy,225593331
2024-07-23 11:25:22,77000.0,100,Buy,225593604
2024-07-23 11:25:22,77000.0,100,Buy,225593605
2024-07-23 11:25:58,76900.0,1000,Sell,225594233
2024-07-23 11:26:59,77000.0,1600,Buy,225594988
2024-07-23 11:26:59,77000.0,400,Buy,225594987
2024-07-23 11:27:33,76900.0,200,Sell,225595598
2024-07-23 11:28:13,77000.0,200,Buy,225596185
2024-07-23 12:59:38,76900.0,700,Sell,225597592
2024-07-23 12:59:38,76900.0,200,Sell,225597593
2024-07-23 12:59:38,76900.0,100,Sell,225597594
2024-07-23 12:59:39,76900.0,100,Sell,225597629
2024-07-23 12:59:39,76800.0,600,Sell,225597630
2024-07-23 12:59:39,76800.0,100,Sell,225597631
2024-07-23 12:59:39,76800.0,300,Sell,225597632
2024-07-23 12:59:39,76800.0,300,Sell,225597633
2024-07-23 12:59:42,76900.0,300,Buy,225598614
2024-07-23 12:59:42,77000.0,200,Buy,225598615
2024-07-23 12:59:43,77000.0,200,Buy,225598947
2024-07-23 12:59:44,77000.0,100,Buy,225599462
2024-07-23 12:59:46,76900.0,100,Sell,225599863
2024-07-23 12:59:49,76900.0,100,Buy,225600342
2024-07-23 12:59:52,76900.0,100,Buy,225600674
2024-07-23 12:59:54,76900.0,100,Buy,225600982
2024-07-23 13:00:02,77000.0,500,Buy,225601556
2024-07-23 13:00:04,77000.0,400,Buy,225601596
2024-07-23 13:00:30,77000.0,1500,Buy,225602165
2024-07-23 13:00:38,76900.0,11200,Sell,225602333
2024-07-23 13:01:17,76900.0,200,Buy,225603412
2024-07-23 13:01:46,76900.0,100,Buy,225604076
2024-07-23 13:01:47,76900.0,100,Buy,225604104
2024-07-23 13:01:48,76900.0,100,Buy,225604122
2024-07-23 13:01:52,76900.0,100,Buy,225604162
2024-07-23 13:01:53,76900.0,100,Buy,225604178
2024-07-23 13:02:18,76900.0,100,Buy,225604654
2024-07-23 13:02:19,76900.0,100,Buy,225604670
2024-07-23 13:03:07,76900.0,100,Buy,225605830
2024-07-23 13:03:38,76900.0,500,Buy,225606548
2024-07-23 13:04:31,76900.0,100,Buy,225607719
2024-07-23 13:04:42,76900.0,500,Buy,225607936
2024-07-23 13:05:31,76900.0,400,Buy,225609075
2024-07-23 13:05:51,76900.0,300,Buy,225609619
2024-07-23 13:06:11,76900.0,100,Buy,225609921
2024-07-23 13:06:33,76800.0,1700,Sell,225610502
2024-07-23 13:06:33,76800.0,1000,Sell,225610501
2024-07-23 13:06:33,76800.0,2000,Sell,225610500
2024-07-23 13:06:33,76800.0,100,Sell,225610497
2024-07-23 13:06:33,76800.0,100,Sell,225610499
2024-07-23 13:06:33,76800.0,100,Sell,225610498
2024-07-23 13:06:33,76800.0,700,Sell,225610496
2024-07-23 13:06:33,76800.0,200,Sell,225610491
2024-07-23 13:06:33,76800.0,200,Sell,225610494
2024-07-23 13:06:33,76800.0,100,Sell,225610495
2024-07-23 13:06:33,76800.0,200,Sell,225610488
2024-07-23 13:06:33,76800.0,500,Sell,225610489
2024-07-23 13:06:33,76800.0,300,Sell,225610490
2024-07-23 13:06:33,76800.0,100,Sell,225610492
2024-07-23 13:06:33,76800.0,100,Sell,225610493
2024-07-23 13:06:36,76800.0,100,Buy,225610598
2024-07-23 13:06:37,76800.0,100,Buy,225610611
2024-07-23 13:07:51,76700.0,1000,Sell,225612153
2024-07-23 13:07:51,76700.0,200,Sell,225612154
2024-07-23 13:07:51,76700.0,200,Sell,225612155
2024-07-23 13:07:51,76700.0,5600,Sell,225612156
2024-07-23 13:08:02,76700.0,100,Sell,225612456
2024-07-23 13:08:11,76800.0,100,Buy,225612675
2024-07-23 13:08:23,76800.0,100,Buy,225613000
2024-07-23 13:08:24,76800.0,100,Buy,225613031
2024-07-23 13:08:29,76800.0,100,Buy,225613191
2024-07-23 13:08:29,76800.0,100,Buy,225613181
2024-07-23 13:08:35,76800.0,500,Buy,225613310
2024-07-23 13:09:08,76800.0,100,Buy,225614216
2024-07-23 13:10:45,76800.0,500,Buy,225616110
2024-07-23 13:11:03,76800.0,100,Buy,225616551
2024-07-23 13:11:14,76800.0,100,Buy,225616953
2024-07-23 13:12:23,76800.0,100,Buy,225618424
2024-07-23 13:12:45,76800.0,500,Buy,225618891
2024-07-23 13:12:45,76800.0,400,Buy,225618893
2024-07-23 13:12:45,76800.0,100,Buy,225618892
2024-07-23 13:13:10,76800.0,100,Buy,225619461
2024-07-23 13:13:10,76800.0,300,Buy,225619462
2024-07-23 13:13:21,76800.0,100,Buy,225619678
2024-07-23 13:13:36,76800.0,100,Buy,225620058
2024-07-23 13:13:37,76800.0,100,Buy,225620186
2024-07-23 13:13:40,76800.0,1000,Buy,225620289
2024-07-23 13:13:48,76800.0,900,Buy,225620485
2024-07-23 13:13:48,76800.0,100,Buy,225620486
2024-07-23 13:14:21,76800.0,500,Buy,225621299
2024-07-23 13:14:24,76800.0,500,Buy,225621378
2024-07-23 13:14:24,76800.0,2000,Buy,225621379
2024-07-23 13:14:24,76800.0,300,Buy,225621376
2024-07-23 13:14:24,76800.0,200,Buy,225621377
2024-07-23 13:15:58,76900.0,100,Buy,225623638
2024-07-23 13:16:37,76800.0,2500,Sell,225624561
2024-07-23 13:16:40,76900.0,400,Buy,225624672
2024-07-23 13:16:49,76800.0,100,Sell,225624831
2024-07-23 13:18:37,76800.0,400,Sell,225627446
2024-07-23 13:19:00,76800.0,1500,Sell,225628078
2024-07-23 13:19:15,76900.0,100,Buy,225628413
2024-07-23 13:19:16,76900.0,100,Buy,225628467
2024-07-23 13:19:46,76900.0,100,Buy,225629129
2024-07-23 13:19:46,76900.0,100,Buy,225629140
2024-07-23 13:19:47,76900.0,100,Buy,225629149
2024-07-23 13:20:19,76900.0,600,Buy,225629914
2024-07-23 13:20:22,76900.0,100,Buy,225629953
2024-07-23 13:20:39,76900.0,100,Buy,225630302
2024-07-23 13:20:54,76900.0,100,Buy,225630655
2024-07-23 13:20:58,76900.0,100,Buy,225630768
2024-07-23 13:21:00,76900.0,2000,Buy,225630838
2024-07-23 13:21:01,76900.0,500,Buy,225630852
2024-07-23 13:21:06,76900.0,300,Buy,225630946
2024-07-23 13:21:26,76900.0,100,Buy,225631421
2024-07-23 13:21:53,76900.0,1000,Buy,225632065
2024-07-23 13:21:55,76900.0,800,Buy,225632099
2024-07-23 13:21:59,76800.0,100,Sell,225632235
2024-07-23 13:21:59,76800.0,1000,Sell,225632236
2024-07-23 13:21:59,76800.0,100,Sell,225632237
2024-07-23 13:21:59,76800.0,700,Sell,225632238
2024-07-23 13:21:59,76800.0,100,Sell,225632239
2024-07-23 13:22:08,76900.0,100,Buy,225632443
2024-07-23 13:22:08,76800.0,1900,Sell,225632425
2024-07-23 13:22:08,76800.0,100,Sell,225632426
2024-07-23 13:22:12,76800.0,100,Sell,225632506
2024-07-23 13:22:17,76900.0,100,Buy,225632616
2024-07-23 13:22:25,76900.0,300,Buy,225632736
2024-07-23 13:22:51,76900.0,100,Buy,225633186
2024-07-23 13:23:09,76900.0,100,Buy,225633591
2024-07-23 13:23:57,76900.0,300,Buy,225634405
2024-07-23 13:23:57,76900.0,500,Buy,225634406
2024-07-23 13:23:57,76900.0,200,Buy,225634407
2024-07-23 13:23:57,76900.0,2000,Buy,225634408
2024-07-23 13:24:05,76900.0,100,Buy,225634584
2024-07-23 13:24:28,76900.0,100,Buy,225635082
2024-07-23 13:24:51,76900.0,600,Buy,225635586
2024-07-23 13:24:51,76900.0,100,Buy,225635584
2024-07-23 13:24:51,76900.0,300,Buy,225635583
2024-07-23 13:24:51,76900.0,1000,Buy,225635585
2024-07-23 13:26:48,76900.0,100,Sell,225638636
2024-07-23 13:26:48,76900.0,200,Sell,225638637
2024-07-23 13:26:48,76900.0,100,Sell,225638638
2024-07-23 13:26:48,76900.0,100,Sell,225638639
2024-07-23 13:26:48,76900.0,400,Sell,225638640
2024-07-23 13:26:49,76900.0,2100,Sell,225638643
2024-07-23 13:28:38,77000.0,100,Buy,225641075
2024-07-23 13:28:47,77000.0,100,Buy,225641202
2024-07-23 13:30:48,77000.0,100,Buy,225644137
2024-07-23 13:30:48,77000.0,200,Buy,225644138
2024-07-23 13:30:48,77000.0,100,Buy,225644135
2024-07-23 13:30:48,77000.0,100,Buy,225644134
2024-07-23 13:30:48,77000.0,800,Buy,225644136
2024-07-23 13:31:11,77000.0,1000,Buy,225644686
2024-07-23 13:31:11,77000.0,500,Buy,225644687
2024-07-23 13:31:11,77000.0,200,Buy,225644688
2024-07-23 13:31:19,77000.0,100,Buy,225644949
2024-07-23 13:31:25,77000.0,700,Buy,225645112
2024-07-23 13:31:25,77000.0,500,Buy,225645113
2024-07-23 13:31:25,77000.0,100,Buy,225645114
2024-07-23 13:31:25,77000.0,500,Buy,225645115
2024-07-23 13:31:50,77000.0,1500,Sell,225646078
2024-07-23 13:32:17,77100.0,500,Buy,225647173
2024-07-23 13:32:17,77100.0,500,Buy,225647174
2024-07-23 13:32:17,77100.0,200,Buy,225647175
2024-07-23 13:32:17,77100.0,500,Buy,225647176
2024-07-23 13:33:47,77000.0,600,Sell,225651997
2024-07-23 13:33:48,77100.0,100,Buy,225652064
2024-07-23 13:33:48,77100.0,300,Buy,225652063
2024-07-23 13:34:11,77100.0,500,Sell,225653608
2024-07-23 13:34:11,77100.0,1600,Sell,225653607
2024-07-23 13:34:48,77100.0,1000,Sell,225656592
2024-07-23 13:34:59,77100.0,400,Sell,225657214
2024-07-23 13:35:02,77000.0,200,Sell,225657445
2024-07-23 13:35:17,77000.0,100,Sell,225658608
2024-07-23 13:35:47,77000.0,400,Sell,225660456
2024-07-23 13:35:53,77000.0,100,Sell,225660786
2024-07-23 13:36:03,77000.0,200,Sell,225661769
2024-07-23 13:36:07,77000.0,2000,Sell,225661894
2024-07-23 13:36:13,77100.0,600,Buy,225662236
2024-07-23 13:36:19,77000.0,300,Sell,225662471
2024-07-23 13:36:27,77000.0,500,Sell,225662894
2024-07-23 13:36:39,77000.0,2000,Sell,225663505
2024-07-23 13:36:43,77000.0,500,Sell,225663692
2024-07-23 13:37:00,77000.0,200,Sell,225664609
2024-07-23 13:37:00,77000.0,100,Sell,225664610
2024-07-23 13:37:28,76900.0,1300,Sell,225665752
2024-07-23 13:38:16,76900.0,2000,Sell,225667685
2024-07-23 13:39:01,76900.0,900,Sell,225669373
2024-07-23 13:39:18,76900.0,500,Sell,225669889
2024-07-23 13:39:37,76900.0,2000,Sell,225670478
2024-07-23 13:39:37,76900.0,100,Sell,225670479
2024-07-23 13:39:37,76900.0,900,Sell,225670480
2024-07-23 13:39:45,77000.0,100,Buy,225670745
2024-07-23 13:41:46,77000.0,100,Buy,225674207
2024-07-23 13:41:48,77000.0,400,Buy,225674253
2024-07-23 13:41:48,77000.0,600,Buy,225674252
2024-07-23 13:41:51,77000.0,100,Buy,225674322
2024-07-23 13:41:51,77000.0,200,Buy,225674323
2024-07-23 13:42:16,77000.0,800,Buy,225674869
2024-07-23 13:42:16,77000.0,500,Buy,225674870
2024-07-23 13:42:16,77000.0,400,Buy,225674871
2024-07-23 13:42:16,77000.0,300,Buy,225674872
2024-07-23 13:42:33,77000.0,200,Buy,225675298
2024-07-23 13:42:55,77000.0,200,Buy,225675847
2024-07-23 13:42:55,77000.0,300,Buy,225675848
2024-07-23 13:43:26,77000.0,200,Sell,225676783
2024-07-23 13:43:52,77000.0,300,Sell,225677415
2024-07-23 13:44:37,77000.0,100,Sell,225679139
2024-07-23 13:45:12,76900.0,200,Sell,225680577
2024-07-23 13:45:12,77000.0,100,Sell,225680575
2024-07-23 13:45:12,76900.0,100,Sell,225680576
2024-07-23 13:45:16,76900.0,400,Sell,225680821
2024-07-23 13:45:24,77000.0,200,Sell,225681332
2024-07-23 13:45:24,76900.0,400,Sell,225681333
2024-07-23 13:45:24,76900.0,200,Sell,225681334
2024-07-23 13:45:24,76900.0,100,Sell,225681335
2024-07-23 13:45:24,76900.0,100,Sell,225681336
2024-07-23 13:45:24,76900.0,100,Sell,225681337
2024-07-23 13:45:24,76900.0,100,Sell,225681338
2024-07-23 13:45:24,76900.0,200,Sell,225681339
2024-07-23 13:45:24,76900.0,100,Sell,225681340
2024-07-23 13:45:24,76900.0,100,Sell,225681341
2024-07-23 13:45:47,76900.0,1000,Sell,225682509
2024-07-23 13:46:01,76900.0,200,Sell,225683177
2024-07-23 13:46:13,77000.0,200,Buy,225683857
2024-07-23 13:46:37,77000.0,100,Buy,225685542
2024-07-23 13:47:03,76900.0,100,Sell,225687912
2024-07-23 13:47:07,77000.0,200,Buy,225688214
2024-07-23 13:47:07,77000.0,200,Buy,225688215
2024-07-23 13:47:07,77000.0,100,Buy,225688216
2024-07-23 13:47:51,76900.0,200,Sell,225690602
2024-07-23 13:48:14,76900.0,400,Sell,225692061
2024-07-23 13:48:14,76900.0,100,Sell,225692062
2024-07-23 13:48:15,76900.0,100,Sell,225692096
2024-07-23 13:48:18,76900.0,100,Sell,225692199
2024-07-23 13:48:24,76900.0,300,Sell,225692549
2024-07-23 13:48:34,76800.0,200,Sell,225693007
2024-07-23 13:48:34,76800.0,100,Sell,225693008
2024-07-23 13:48:41,76800.0,200,Sell,225693501
2024-07-23 13:49:55,76800.0,800,Sell,225696734
2024-07-23 13:50:03,76900.0,100,Buy,225697087
2024-07-23 13:50:33,76900.0,600,Buy,225697954
2024-07-23 13:50:44,76900.0,1000,Buy,225698288
2024-07-23 13:51:12,76900.0,100,Buy,225699153
2024-07-23 13:51:15,76900.0,100,Buy,225699254
2024-07-23 13:51:37,76800.0,800,Sell,225699876
2024-07-23 13:51:41,76600.0,200,Sell,225699999
2024-07-23 13:51:41,76700.0,300,Sell,225699988
2024-07-23 13:51:41,76700.0,200,Sell,225699989
2024-07-23 13:51:41,76700.0,200,Sell,225699990
2024-07-23 13:51:41,76700.0,300,Sell,225699991
2024-07-23 13:51:41,76700.0,300,Sell,225699992
2024-07-23 13:51:41,76600.0,500,Sell,225699993
2024-07-23 13:51:41,76600.0,200,Sell,225699997
2024-07-23 13:51:41,76600.0,2000,Sell,225699998
2024-07-23 13:51:41,76600.0,300,Sell,225700000
2024-07-23 13:51:41,76500.0,1400,Sell,225700011
2024-07-23 13:51:41,76600.0,100,Sell,225700003
2024-07-23 13:51:41,76600.0,100,Sell,225700004
2024-07-23 13:51:41,76600.0,1000,Sell,225700005
2024-07-23 13:51:41,76600.0,100,Sell,225700006
2024-07-23 13:51:41,76600.0,300,Sell,225700007
2024-07-23 13:51:41,76500.0,100,Sell,225700008
2024-07-23 13:51:41,76500.0,500,Sell,225700009
2024-07-23 13:51:41,76500.0,100,Sell,225700010
2024-07-23 13:51:41,76700.0,600,Sell,225699987
2024-07-23 13:51:41,76600.0,100,Sell,225700002
2024-07-23 13:51:41,76700.0,100,Sell,225699986
2024-07-23 13:51:41,76600.0,5000,Sell,225700001
2024-07-23 13:51:41,76700.0,100,Sell,225699984
2024-07-23 13:51:41,76800.0,200,Sell,225699963
2024-07-23 13:51:41,76800.0,500,Sell,225699964
2024-07-23 13:51:41,76800.0,100,Sell,225699965
2024-07-23 13:51:41,76800.0,100,Sell,225699966
2024-07-23 13:51:41,76800.0,100,Sell,225699967
2024-07-23 13:51:41,76800.0,300,Sell,225699969
2024-07-23 13:51:41,76800.0,300,Sell,225699970
2024-07-23 13:51:41,76800.0,100,Sell,225699971
2024-07-23 13:51:41,76800.0,200,Sell,225699972
2024-07-23 13:51:41,76800.0,100,Sell,225699962
2024-07-23 13:51:41,76800.0,100,Sell,225699968
2024-07-23 13:51:41,76800.0,100,Sell,225699975
2024-07-23 13:51:41,76800.0,100,Sell,225699973
2024-07-23 13:51:41,76700.0,100,Sell,225699983
2024-07-23 13:51:41,76700.0,1000,Sell,225699982
2024-07-23 13:51:41,76700.0,200,Sell,225699981
2024-07-23 13:51:41,76700.0,200,Sell,225699980
2024-07-23 13:51:41,76700.0,100,Sell,225699985
2024-07-23 13:51:41,76700.0,4300,Sell,225699978
2024-07-23 13:51:41,76800.0,100,Sell,225699977
2024-07-23 13:51:41,76800.0,500,Sell,225699976
2024-07-23 13:51:41,76700.0,100,Sell,225699979
2024-07-23 13:52:07,76900.0,200,Buy,225700758
2024-07-23 13:53:37,76800.0,800,Buy,225704089
2024-07-23 13:53:37,76800.0,800,Buy,225704090
2024-07-23 13:53:37,76800.0,400,Buy,225704091
2024-07-23 13:54:15,76800.0,100,Buy,225705332
2024-07-23 13:54:55,76800.0,200,Buy,225706864
2024-07-23 13:54:55,76800.0,100,Buy,225706865
2024-07-23 13:55:19,76700.0,100,Buy,225707723
2024-07-23 13:55:57,76600.0,400,Sell,225709093
2024-07-23 13:55:57,76600.0,100,Sell,225709092
2024-07-23 13:56:36,76600.0,1600,Sell,225710569
2024-07-23 13:56:36,76600.0,1400,Sell,225710568
2024-07-23 13:56:56,76600.0,100,Sell,225711270
2024-07-23 13:56:56,76600.0,6100,Sell,225711267
2024-07-23 13:56:56,76600.0,500,Sell,225711268
2024-07-23 13:56:56,76600.0,100,Sell,225711269
2024-07-23 13:56:59,76600.0,200,Buy,225711378
2024-07-23 13:57:00,76600.0,100,Buy,225711442
2024-07-23 13:57:23,76600.0,400,Buy,225712842
2024-07-23 13:57:46,76500.0,600,Sell,225713836
2024-07-23 13:57:46,76500.0,200,Sell,225713838
2024-07-23 13:57:46,76500.0,100,Sell,225713839
2024-07-23 13:57:46,76500.0,1000,Sell,225713840
2024-07-23 13:57:46,76500.0,200,Sell,225713841
2024-07-23 13:57:46,76500.0,200,Sell,225713842
2024-07-23 13:57:46,76500.0,200,Sell,225713837
2024-07-23 13:58:00,76500.0,300,Sell,225714463
2024-07-23 13:58:00,76500.0,2000,Sell,225714462
2024-07-23 13:58:02,76500.0,200,Sell,225714745
2024-07-23 13:58:02,76500.0,300,Sell,225714746
2024-07-23 13:58:25,76500.0,700,Sell,225715970
2024-07-23 13:58:25,76500.0,100,Sell,225715971
2024-07-23 13:58:25,76500.0,200,Sell,225715972
2024-07-23 13:58:41,76500.0,900,Sell,225716762
2024-07-23 13:58:44,76500.0,400,Sell,225716867
2024-07-23 13:58:44,76500.0,100,Sell,225716868
2024-07-23 13:58:44,76500.0,200,Sell,225716869
2024-07-23 13:58:51,76500.0,1600,Sell,225717158
2024-07-23 13:58:51,76500.0,100,Sell,225717152
2024-07-23 13:58:51,76500.0,100,Sell,225717156
2024-07-23 13:58:51,76500.0,100,Sell,225717155
2024-07-23 13:58:51,76500.0,2000,Sell,225717154
2024-07-23 13:58:51,76500.0,100,Sell,225717153
2024-07-23 13:58:51,76500.0,100,Sell,225717151
2024-07-23 13:58:51,76500.0,100,Sell,225717157
2024-07-23 13:58:51,76500.0,100,Sell,225717149
2024-07-23 13:58:51,76500.0,200,Sell,225717148
2024-07-23 13:58:51,76500.0,100,Sell,225717147
2024-07-23 13:58:51,76500.0,200,Sell,225717146
2024-07-23 13:58:51,76500.0,100,Sell,225717145
2024-07-23 13:58:51,76500.0,100,Sell,225717144
2024-07-23 13:58:51,76500.0,100,Sell,225717143
2024-07-23 13:58:51,76500.0,4800,Sell,225717142
2024-07-23 13:58:51,76500.0,100,Sell,225717150
2024-07-23 13:59:02,76500.0,400,Sell,225717731
2024-07-23 13:59:02,76500.0,100,Sell,225717732
2024-07-23 13:59:02,76500.0,1000,Sell,225717733
2024-07-23 13:59:08,76500.0,1000,Sell,225718093
2024-07-23 13:59:14,76500.0,300,Sell,225718383
2024-07-23 13:59:14,76500.0,100,Sell,225718382
2024-07-23 13:59:14,76500.0,1000,Sell,225718381
2024-07-23 13:59:14,76500.0,300,Sell,225718384
2024-07-23 13:59:14,76500.0,700,Sell,225718379
2024-07-23 13:59:14,76500.0,100,Sell,225718378
2024-07-23 13:59:14,76500.0,200,Sell,225718380
2024-07-23 13:59:14,76500.0,500,Sell,225718377
2024-07-23 13:59:18,76500.0,100,Buy,225718579
2024-07-23 13:59:18,76500.0,100,Buy,225718580
2024-07-23 14:00:07,76500.0,1600,Buy,225721123
2024-07-23 14:00:07,76500.0,200,Buy,225721124
2024-07-23 14:00:07,76500.0,200,Buy,225721125
2024-07-23 14:00:12,76500.0,500,Buy,225721373
2024-07-23 14:00:13,76400.0,100,Sell,225721481
2024-07-23 14:00:19,76400.0,100,Sell,225721698
2024-07-23 14:00:26,76400.0,600,Sell,225722050
2024-07-23 14:00:26,76400.0,100,Sell,225722051
2024-07-23 14:00:26,76400.0,200,Sell,225722052
2024-07-23 14:00:26,76400.0,2000,Sell,225722053
2024-07-23 14:00:26,76400.0,100,Sell,225722058
2024-07-23 14:00:26,76400.0,100,Sell,225722055
2024-07-23 14:00:26,76400.0,100,Sell,225722056
2024-07-23 14:00:26,76400.0,100,Sell,225722057
2024-07-23 14:00:26,76400.0,100,Sell,225722049
2024-07-23 14:00:26,76400.0,100,Sell,225722054
2024-07-23 14:00:26,76400.0,100,Sell,225722048
2024-07-23 14:00:26,76500.0,700,Buy,225722025
2024-07-23 14:00:26,76400.0,100,Sell,225722046
2024-07-23 14:00:26,76400.0,100,Sell,225722047
2024-07-23 14:00:26,76500.0,500,Buy,225722024
2024-07-23 14:00:26,76400.0,100,Sell,225722039
2024-07-23 14:00:26,76400.0,100,Sell,225722040
2024-07-23 14:00:26,76500.0,800,Buy,225722023
2024-07-23 14:00:26,76400.0,100,Sell,225722042
2024-07-23 14:00:26,76400.0,100,Sell,225722043
2024-07-23 14:00:26,76400.0,100,Sell,225722044
2024-07-23 14:00:26,76400.0,200,Sell,225722045
2024-07-23 14:00:26,76400.0,500,Sell,225722041
2024-07-23 14:01:04,76400.0,400,Sell,225723618
2024-07-23 14:01:04,76400.0,100,Sell,225723619
2024-07-23 14:01:04,76400.0,700,Sell,225723620
2024-07-23 14:01:04,76500.0,400,Buy,225723622
2024-07-23 14:01:04,76500.0,600,Buy,225723623
2024-07-23 14:01:08,76500.0,1000,Buy,225723759
2024-07-23 14:01:11,76400.0,300,Sell,225723842
2024-07-23 14:01:32,76400.0,300,Sell,225724728
2024-07-23 14:01:37,76400.0,100,Sell,225724918
2024-07-23 14:01:37,76400.0,100,Sell,225724919
2024-07-23 14:01:37,76400.0,3700,Sell,225724916
2024-07-23 14:01:37,76400.0,100,Sell,225724917
2024-07-23 14:01:51,76400.0,100,Sell,225725368
2024-07-23 14:01:52,76400.0,100,Sell,225725397
2024-07-23 14:01:52,76400.0,500,Sell,225725398
2024-07-23 14:01:52,76400.0,100,Sell,225725399
2024-07-23 14:01:52,76400.0,300,Sell,225725400
2024-07-23 14:01:56,76400.0,100,Sell,225725532
2024-07-23 14:02:02,76500.0,900,Buy,225725707
2024-07-23 14:02:02,76500.0,200,Buy,225725708
2024-07-23 14:02:02,76600.0,500,Buy,225725709
2024-07-23 14:02:02,76600.0,5000,Buy,225725710
2024-07-23 14:02:02,76600.0,200,Buy,225725711
2024-07-23 14:02:02,76600.0,5000,Buy,225725712
2024-07-23 14:02:02,76600.0,200,Buy,225725713
2024-07-23 14:02:14,76600.0,100,Buy,225726179
2024-07-23 14:02:19,76600.0,100,Buy,225726306
2024-07-23 14:02:21,76600.0,100,Buy,225726369
2024-07-23 14:02:27,76600.0,100,Buy,225726575
2024-07-23 14:02:57,76600.0,300,Buy,225727412
2024-07-23 14:03:05,76600.0,100,Buy,225727715
2024-07-23 14:03:05,76600.0,200,Buy,225727716
2024-07-23 14:03:06,76600.0,300,Buy,225727754
2024-07-23 14:03:08,76600.0,300,Buy,225727805
2024-07-23 14:03:10,76600.0,300,Buy,225727834
2024-07-23 14:03:17,76500.0,100,Sell,225728065
2024-07-23 14:03:39,76600.0,100,Buy,225728680
2024-07-23 14:03:54,76600.0,100,Buy,225729041
2024-07-23 14:05:08,76600.0,500,Buy,225730903
2024-07-23 14:06:12,76600.0,100,Buy,225732564
2024-07-23 14:06:15,76600.0,100,Buy,225732640
2024-07-23 14:06:16,76600.0,200,Buy,225732656
2024-07-23 14:06:22,76500.0,100,Sell,225732836
2024-07-23 14:06:31,76600.0,300,Buy,225733082
2024-07-23 14:06:40,76600.0,200,Buy,225733320
2024-07-23 14:06:46,76600.0,1000,Buy,225733479
2024-07-23 14:06:55,76500.0,300,Sell,225733695
2024-07-23 14:06:55,76500.0,200,Sell,225733696
2024-07-23 14:06:55,76500.0,100,Sell,225733697
2024-07-23 14:07:01,76600.0,500,Buy,225733848
2024-07-23 14:07:16,76600.0,200,Buy,225734205
2024-07-23 14:07:19,76600.0,100,Buy,225734271
2024-07-23 14:07:24,76600.0,1000,Buy,225734426
2024-07-23 14:07:25,76600.0,600,Buy,225734436
2024-07-23 14:07:25,76600.0,400,Buy,225734437
2024-07-23 14:07:27,76600.0,1000,Buy,225734477
2024-07-23 14:07:27,76600.0,500,Buy,225734486
2024-07-23 14:07:28,76600.0,1000,Buy,225734544
2024-07-23 14:07:30,76600.0,1000,Buy,225734583
2024-07-23 14:07:31,76600.0,1000,Buy,225734619
2024-07-23 14:07:35,76600.0,100,Buy,225734755
2024-07-23 14:07:57,76700.0,1000,Buy,225735311
2024-07-23 14:07:58,76700.0,1000,Buy,225735347
2024-07-23 14:07:59,76700.0,1000,Buy,225735402
2024-07-23 14:08:44,76700.0,200,Sell,225736896
2024-07-23 14:08:44,76700.0,100,Sell,225736897
2024-07-23 14:08:44,76700.0,1000,Sell,225736898
2024-07-23 14:08:44,76700.0,1700,Sell,225736899
2024-07-23 14:08:44,76700.0,100,Sell,225736900
2024-07-23 14:08:44,76700.0,1100,Sell,225736901
2024-07-23 14:08:48,76700.0,1000,Buy,225737042
2024-07-23 14:08:50,76700.0,1000,Buy,225737091
2024-07-23 14:08:54,76600.0,1000,Sell,225737225
2024-07-23 14:08:54,76600.0,400,Sell,225737216
2024-07-23 14:08:54,76600.0,500,Sell,225737223
2024-07-23 14:08:54,76600.0,200,Sell,225737224
2024-07-23 14:08:58,76600.0,100,Buy,225737378
2024-07-23 14:08:58,76600.0,1000,Buy,225737377
2024-07-23 14:09:00,76600.0,300,Buy,225737424
2024-07-23 14:09:01,76700.0,100,Buy,225737432
2024-07-23 14:09:20,76700.0,100,Sell,225737979
2024-07-23 14:09:20,76600.0,700,Sell,225737980
2024-07-23 14:09:23,76600.0,900,Buy,225738070
2024-07-23 14:09:23,76600.0,2000,Buy,225738075
2024-07-23 14:09:59,76600.0,1000,Buy,225739275
2024-07-23 14:10:00,76600.0,1000,Buy,225739310
2024-07-23 14:10:02,76600.0,800,Buy,225739403
2024-07-23 14:10:02,76600.0,200,Buy,225739404
2024-07-23 14:10:05,76600.0,500,Buy,225739472
2024-07-23 14:10:05,76600.0,800,Buy,225739473
2024-07-23 14:10:27,76600.0,100,Sell,225740150
2024-07-23 14:10:48,76600.0,100,Sell,225740796
2024-07-23 14:10:48,76600.0,100,Sell,225740795
2024-07-23 14:10:55,76600.0,200,Sell,225740937
2024-07-23 14:10:55,76600.0,100,Sell,225740938
2024-07-23 14:11:23,76600.0,500,Sell,225741792
2024-07-23 14:11:23,76600.0,500,Sell,225741793
2024-07-23 14:11:33,76700.0,100,Buy,225742129
2024-07-23 14:11:55,76700.0,500,Buy,225742736
2024-07-23 14:11:55,76800.0,100,Buy,225742737
2024-07-23 14:12:29,76700.0,500,Sell,225743607
2024-07-23 14:13:01,76800.0,600,Buy,225744545
2024-07-23 14:13:01,76800.0,400,Buy,225744546
2024-07-23 14:13:02,76700.0,100,Sell,225744571
2024-07-23 14:13:05,76700.0,100,Sell,225744667
2024-07-23 14:13:40,76700.0,200,Sell,225745769
2024-07-23 14:13:40,76700.0,300,Sell,225745768
2024-07-23 14:14:00,76700.0,1000,Sell,225746267
2024-07-23 14:14:37,76700.0,100,Sell,225747312
2024-07-23 14:14:38,76700.0,500,Sell,225747339
2024-07-23 14:15:00,76700.0,200,Sell,225748021
2024-07-23 14:15:04,76700.0,100,Sell,225748219
2024-07-23 14:15:04,76700.0,500,Sell,225748220
2024-07-23 14:15:04,76700.0,500,Sell,225748221
2024-07-23 14:15:04,76700.0,100,Sell,225748222
2024-07-23 14:15:37,76700.0,300,Buy,225749836
2024-07-23 14:15:52,76800.0,200,Buy,225750468
2024-07-23 14:16:55,76800.0,100,Buy,225755519
2024-07-23 14:17:04,76600.0,100,Sell,225756862
2024-07-23 14:17:04,76600.0,100,Sell,225756861
2024-07-23 14:17:04,76600.0,5000,Sell,225756860
2024-07-23 14:17:04,76600.0,1000,Sell,225756859
2024-07-23 14:17:04,76600.0,100,Sell,225756856
2024-07-23 14:17:04,76600.0,100,Sell,225756857
2024-07-23 14:17:04,76600.0,100,Sell,225756855
2024-07-23 14:17:04,76600.0,1000,Sell,225756854
2024-07-23 14:17:04,76600.0,500,Sell,225756853
2024-07-23 14:17:04,76600.0,300,Sell,225756858
2024-07-23 14:17:06,76600.0,500,Buy,225757070
2024-07-23 14:17:24,76500.0,500,Sell,225760103
2024-07-23 14:17:24,76500.0,1000,Sell,225760108
2024-07-23 14:17:24,76500.0,200,Sell,225760107
2024-07-23 14:17:24,76500.0,100,Sell,225760106
2024-07-23 14:17:24,76500.0,100,Sell,225760105
2024-07-23 14:17:24,76500.0,100,Sell,225760104
2024-07-23 14:17:24,76500.0,300,Sell,225760102
2024-07-23 14:17:24,76500.0,200,Sell,225760097
2024-07-23 14:17:24,76500.0,300,Sell,225760100
2024-07-23 14:17:24,76500.0,200,Sell,225760101
2024-07-23 14:17:24,76500.0,100,Sell,225760093
2024-07-23 14:17:24,76500.0,200,Sell,225760094
2024-07-23 14:17:24,76500.0,300,Sell,225760096
2024-07-23 14:17:24,76500.0,100,Sell,225760099
2024-07-23 14:17:24,76500.0,500,Sell,225760098
2024-07-23 14:17:24,76500.0,100,Sell,225760095
2024-07-23 14:17:25,76400.0,100,Buy,225760201
2024-07-23 14:17:25,76400.0,1000,Sell,225760154
2024-07-23 14:17:25,76400.0,500,Sell,225760153
2024-07-23 14:17:25,76400.0,500,Sell,225760152
2024-07-23 14:17:25,76400.0,200,Sell,225760150
2024-07-23 14:17:25,76400.0,300,Sell,225760148
2024-07-23 14:17:25,76400.0,500,Sell,225760151
2024-07-23 14:17:25,76400.0,200,Sell,225760146
2024-07-23 14:17:25,76400.0,200,Sell,225760145
2024-07-23 14:17:25,76400.0,100,Sell,225760144
2024-07-23 14:17:25,76400.0,2000,Sell,225760143
2024-07-23 14:17:25,76400.0,300,Sell,225760142
2024-07-23 14:17:25,76400.0,100,Sell,225760141
2024-07-23 14:17:25,76400.0,400,Sell,225760147
2024-07-23 14:17:25,76400.0,100,Sell,225760149
2024-07-23 14:17:35,76300.0,100,Sell,225762599
2024-07-23 14:17:35,76300.0,300,Sell,225762596
2024-07-23 14:17:35,76300.0,500,Sell,225762597
2024-07-23 14:17:35,76300.0,100,Sell,225762598
2024-07-23 14:17:37,76300.0,100,Sell,225763032
2024-07-23 14:17:37,76300.0,200,Sell,225763037
2024-07-23 14:17:37,76300.0,200,Sell,225763038
2024-07-23 14:17:37,76300.0,100,Sell,225763036
2024-07-23 14:17:37,76300.0,200,Sell,225763030
2024-07-23 14:17:37,76300.0,100,Sell,225763034
2024-07-23 14:17:37,76300.0,100,Sell,225763033
2024-07-23 14:17:37,76300.0,100,Sell,225763031
2024-07-23 14:17:37,76300.0,100,Sell,225763035
2024-07-23 14:17:40,76300.0,300,Sell,225763710
2024-07-23 14:17:40,76300.0,100,Sell,225763711
2024-07-23 14:17:40,76300.0,500,Sell,225763712
2024-07-23 14:17:40,76300.0,100,Sell,225763713
2024-07-23 14:17:40,76300.0,200,Sell,225763714
2024-07-23 14:17:46,76300.0,100,Sell,225764778
2024-07-23 14:17:47,76300.0,100,Sell,225765165
2024-07-23 14:17:47,76300.0,500,Sell,225765163
2024-07-23 14:17:47,76300.0,200,Sell,225765162
2024-07-23 14:17:47,76300.0,100,Sell,225765164
2024-07-23 14:18:09,76200.0,400,Sell,225769142
2024-07-23 14:18:09,76200.0,1000,Sell,225769141
2024-07-23 14:18:09,76200.0,100,Sell,225769140
2024-07-23 14:18:09,76200.0,500,Sell,225769139
2024-07-23 14:18:09,76200.0,100,Sell,225769138
2024-07-23 14:18:09,76200.0,100,Sell,225769137
2024-07-23 14:18:09,76200.0,200,Sell,225769136
2024-07-23 14:18:09,76200.0,200,Sell,225769135
2024-07-23 14:18:09,76200.0,100,Sell,225769133
2024-07-23 14:18:09,76200.0,100,Sell,225769132
2024-07-23 14:18:09,76200.0,1000,Sell,225769131
2024-07-23 14:18:09,76200.0,100,Sell,225769130
2024-07-23 14:18:09,76200.0,100,Sell,225769129
2024-07-23 14:18:09,76200.0,300,Sell,225769128
2024-07-23 14:18:09,76200.0,600,Sell,225769127
2024-07-23 14:18:09,76200.0,100,Sell,225769134
2024-07-23 14:18:24,76200.0,300,Sell,225772252
2024-07-23 14:18:29,76200.0,2000,Sell,225773483
2024-07-23 14:18:35,76200.0,400,Sell,225774795
2024-07-23 14:18:35,76200.0,300,Sell,225774936
2024-07-23 14:18:37,76200.0,3000,Sell,225775455
2024-07-23 14:18:37,76200.0,700,Sell,225775454
2024-07-23 14:18:37,76200.0,1600,Sell,225775222
2024-07-23 14:18:37,76200.0,1000,Sell,225775224
2024-07-23 14:18:37,76200.0,100,Sell,225775223
2024-07-23 14:18:37,76200.0,300,Sell,225775225
2024-07-23 14:18:40,76200.0,100,Buy,225776229
2024-07-23 14:18:47,76200.0,100,Buy,225777880
2024-07-23 14:18:54,76100.0,100,Sell,225779121
2024-07-23 14:18:54,76100.0,100,Sell,225779123
2024-07-23 14:18:54,76100.0,100,Sell,225779122
2024-07-23 14:18:54,76100.0,1000,Sell,225779119
2024-07-23 14:18:54,76100.0,2000,Sell,225779120
2024-07-23 14:18:54,76100.0,100,Sell,225779117
2024-07-23 14:18:54,76100.0,100,Sell,225779113
2024-07-23 14:18:54,76100.0,800,Sell,225779116
2024-07-23 14:18:54,76100.0,100,Sell,225779115
2024-07-23 14:18:54,76100.0,300,Sell,225779114
2024-07-23 14:18:54,76100.0,100,Sell,225779118
2024-07-23 14:18:59,76100.0,100,Sell,225780055
2024-07-23 14:18:59,76000.0,700,Sell,225780056
2024-07-23 14:18:59,76000.0,300,Sell,225780057
2024-07-23 14:18:59,76000.0,100,Sell,225780058
2024-07-23 14:18:59,76000.0,100,Sell,225780059
2024-07-23 14:18:59,76000.0,100,Sell,225780060
2024-07-23 14:18:59,76000.0,500,Sell,225780061
2024-07-23 14:18:59,76000.0,100,Sell,225780062
2024-07-23 14:19:00,76000.0,100,Sell,225780150
2024-07-23 14:19:05,76000.0,300,Sell,225781393
2024-07-23 14:19:06,76000.0,200,Sell,225781642
2024-07-23 14:19:06,76000.0,100,Sell,225781641
2024-07-23 14:19:06,76000.0,100,Sell,225781640
2024-07-23 14:19:06,76000.0,100,Sell,225781639
2024-07-23 14:19:06,76000.0,200,Sell,225781638
2024-07-23 14:19:06,76000.0,3000,Sell,225781637
2024-07-23 14:19:06,76000.0,500,Sell,225781636
2024-07-23 14:19:06,76000.0,100,Sell,225781635
2024-07-23 14:19:06,76000.0,100,Sell,225781631
2024-07-23 14:19:06,76000.0,300,Sell,225781633
2024-07-23 14:19:06,76000.0,100,Sell,225781632
2024-07-23 14:19:06,76000.0,100,Sell,225781630
2024-07-23 14:19:06,76000.0,100,Sell,225781634
2024-07-23 14:19:06,76000.0,500,Sell,225781628
2024-07-23 14:19:06,76000.0,100,Sell,225781629
2024-07-23 14:19:06,76000.0,100,Sell,225781617
2024-07-23 14:19:06,76000.0,100,Sell,225781618
2024-07-23 14:19:06,76000.0,1100,Sell,225781619
2024-07-23 14:19:06,76000.0,100,Sell,225781620
2024-07-23 14:19:06,76000.0,100,Sell,225781621
2024-07-23 14:19:06,76000.0,300,Sell,225781616
2024-07-23 14:19:06,76000.0,500,Sell,225781623
2024-07-23 14:19:06,76000.0,100,Sell,225781624
2024-07-23 14:19:06,76000.0,1000,Sell,225781625
2024-07-23 14:19:06,76000.0,200,Sell,225781626
2024-07-23 14:19:06,76000.0,700,Sell,225781627
2024-07-23 14:19:06,76000.0,100,Sell,225781622
2024-07-23 14:19:07,76000.0,100,Sell,225781907
2024-07-23 14:19:07,76000.0,100,Sell,225781908
2024-07-23 14:19:07,76000.0,200,Sell,225781784
2024-07-23 14:19:07,76000.0,100,Sell,225781906
2024-07-23 14:19:11,76000.0,500,Sell,225782668
2024-07-23 14:19:11,76000.0,1000,Sell,225782667
2024-07-23 14:19:11,76000.0,100,Sell,225782666
2024-07-23 14:19:11,76000.0,100,Sell,225782665
2024-07-23 14:19:11,76000.0,700,Sell,225782661
2024-07-23 14:19:11,76000.0,500,Sell,225782663
2024-07-23 14:19:11,76000.0,200,Sell,225782662
2024-07-23 14:19:11,76000.0,100,Sell,225782660
2024-07-23 14:19:11,76000.0,100,Sell,225782664
2024-07-23 14:19:11,76000.0,1000,Sell,225782658
2024-07-23 14:19:11,76000.0,100,Sell,225782651
2024-07-23 14:19:11,76000.0,1000,Sell,225782652
2024-07-23 14:19:11,76000.0,100,Sell,225782653
2024-07-23 14:19:11,76000.0,500,Sell,225782650
2024-07-23 14:19:11,76000.0,200,Sell,225782655
2024-07-23 14:19:11,76000.0,100,Sell,225782656
2024-07-23 14:19:11,76000.0,100,Sell,225782657
2024-07-23 14:19:11,76000.0,100,Sell,225782654
2024-07-23 14:19:11,76000.0,1000,Sell,225782659
2024-07-23 14:19:12,76000.0,500,Sell,225782817
2024-07-23 14:19:12,76000.0,400,Sell,225782810
2024-07-23 14:19:12,76000.0,200,Sell,225782811
2024-07-23 14:19:12,76000.0,500,Sell,225782812
2024-07-23 14:19:12,76000.0,200,Sell,225782813
2024-07-23 14:19:12,76000.0,500,Sell,225782814
2024-07-23 14:19:12,76000.0,500,Sell,225782815
2024-07-23 14:19:12,76000.0,200,Sell,225782816
2024-07-23 14:19:13,76000.0,1400,Sell,225783099
2024-07-23 14:19:14,76000.0,100,Sell,225783189
2024-07-23 14:19:14,76000.0,800,Sell,225783190
2024-07-23 14:19:14,76000.0,100,Sell,225783188
2024-07-23 14:19:17,76000.0,100,Sell,225783759
2024-07-23 14:19:17,76000.0,100,Sell,225783760
2024-07-23 14:19:17,76000.0,200,Sell,225783761
2024-07-23 14:19:17,76000.0,100,Sell,225783762
2024-07-23 14:19:17,76000.0,200,Sell,225783763
2024-07-23 14:19:17,76000.0,300,Sell,225783764
2024-07-23 14:19:19,76000.0,100,Sell,225784089
2024-07-23 14:19:19,76000.0,100,Sell,225784090
2024-07-23 14:19:19,76000.0,500,Sell,225784091
2024-07-23 14:19:19,76000.0,400,Sell,225784095
2024-07-23 14:19:19,76000.0,100,Sell,225784093
2024-07-23 14:19:19,76000.0,100,Sell,225784088
2024-07-23 14:19:19,76000.0,100,Sell,225784092
2024-07-23 14:19:19,76000.0,5000,Sell,225784087
2024-07-23 14:19:19,76000.0,100,Sell,225784094
2024-07-23 14:19:19,76000.0,100,Sell,225784085
2024-07-23 14:19:19,76000.0,400,Sell,225784078
2024-07-23 14:19:19,76000.0,100,Sell,225784079
2024-07-23 14:19:19,76000.0,200,Sell,225784080
2024-07-23 14:19:19,76000.0,100,Sell,225784086
2024-07-23 14:19:19,76000.0,200,Sell,225784082
2024-07-23 14:19:19,76000.0,1000,Sell,225784084
2024-07-23 14:19:19,76000.0,100,Sell,225784081
2024-07-23 14:19:19,76000.0,1000,Sell,225784083
2024-07-23 14:19:21,76000.0,100,Sell,225784462
2024-07-23 14:19:23,76000.0,300,Sell,225784861
2024-07-23 14:19:23,76000.0,500,Sell,225784862
2024-07-23 14:19:23,76000.0,400,Sell,225784863
2024-07-23 14:19:23,76000.0,500,Sell,225784864
2024-07-23 14:19:23,76000.0,100,Sell,225784865
2024-07-23 14:19:23,76000.0,200,Sell,225784866
2024-07-23 14:19:28,76000.0,300,Sell,225785886
2024-07-23 14:19:28,76000.0,200,Sell,225785885
2024-07-23 14:19:28,76000.0,100,Sell,225785884
2024-07-23 14:19:28,76000.0,200,Sell,225785881
2024-07-23 14:19:28,76000.0,100,Sell,225785880
2024-07-23 14:19:28,76000.0,1000,Sell,225785883
2024-07-23 14:19:28,76000.0,100,Sell,225785882
2024-07-23 14:19:29,76000.0,1300,Sell,225786010
2024-07-23 14:19:29,76000.0,200,Sell,225786003
2024-07-23 14:19:29,76000.0,100,Sell,225786004
2024-07-23 14:19:29,76000.0,100,Sell,225786005
2024-07-23 14:19:29,76000.0,100,Sell,225786006
2024-07-23 14:19:29,76000.0,1000,Sell,225786007
2024-07-23 14:19:29,76000.0,100,Sell,225786008
2024-07-23 14:19:29,76000.0,100,Sell,225786009
2024-07-23 14:19:31,76000.0,500,Buy,225786397
2024-07-23 14:19:34,76000.0,100,Buy,225787025
2024-07-23 14:19:44,76000.0,100,Buy,225788515
2024-07-23 14:19:45,75900.0,100,Sell,225788775
2024-07-23 14:19:45,75900.0,300,Sell,225788776
2024-07-23 14:19:45,75900.0,100,Sell,225788777
2024-07-23 14:19:45,75900.0,100,Sell,225788778
2024-07-23 14:19:45,75900.0,100,Sell,225788779
2024-07-23 14:19:45,75900.0,100,Sell,225788780
2024-07-23 14:19:45,75900.0,100,Sell,225788781
2024-07-23 14:19:45,75900.0,200,Buy,225788793
2024-07-23 14:19:53,75500.0,100,Sell,225790831
2024-07-23 14:19:53,75500.0,300,Sell,225790832
2024-07-23 14:19:53,75500.0,100,Sell,225790833
2024-07-23 14:19:53,75500.0,100,Sell,225790834
2024-07-23 14:19:53,75500.0,300,Sell,225790835
2024-07-23 14:19:53,75500.0,100,Sell,225790836
2024-07-23 14:19:53,75100.0,900,Sell,225790842
2024-07-23 14:19:53,75400.0,300,Sell,225790838
2024-07-23 14:19:53,75200.0,300,Sell,225790840
2024-07-23 14:19:53,75200.0,200,Sell,225790841
2024-07-23 14:19:53,75100.0,600,Sell,225790843
2024-07-23 14:19:53,75500.0,100,Sell,225790830
2024-07-23 14:19:53,75500.0,100,Sell,225790837
2024-07-23 14:19:53,75500.0,200,Sell,225790829
2024-07-23 14:19:53,75300.0,500,Sell,225790839
2024-07-23 14:19:53,75600.0,500,Sell,225790827
2024-07-23 14:19:53,75600.0,100,Sell,225790826
2024-07-23 14:19:53,75600.0,300,Sell,225790825
2024-07-23 14:19:53,75700.0,100,Sell,225790824
2024-07-23 14:19:53,75700.0,200,Sell,225790823
2024-07-23 14:19:53,75700.0,13100,Sell,225790822
2024-07-23 14:19:53,75700.0,300,Sell,225790821
2024-07-23 14:19:53,75700.0,100,Sell,225790820
2024-07-23 14:19:53,75800.0,100,Sell,225790819
2024-07-23 14:19:53,75800.0,300,Sell,225790758
2024-07-23 14:19:53,75800.0,100,Sell,225790762
2024-07-23 14:19:53,75800.0,300,Sell,225790761
2024-07-23 14:19:53,75800.0,100,Sell,225790760
2024-07-23 14:19:53,75800.0,100,Sell,225790759
2024-07-23 14:19:53,75600.0,1000,Sell,225790828
2024-07-23 14:19:55,75100.0,300,Sell,225791143
2024-07-23 14:19:57,75100.0,100,Sell,225791497
2024-07-23 14:20:10,75100.0,400,Sell,225793982
2024-07-23 14:20:11,75100.0,900,Sell,225794068
2024-07-23 14:20:12,75100.0,1000,Sell,225794380
2024-07-23 14:20:15,75100.0,100,Sell,225794758
2024-07-23 14:20:18,75800.0,1000,Buy,225795308
2024-07-23 14:20:20,75100.0,500,Sell,225795808
2024-07-23 14:20:22,75000.0,100,Sell,225796137
2024-07-23 14:20:22,75000.0,300,Sell,225796082
2024-07-23 14:20:22,75000.0,1000,Sell,225796085
2024-07-23 14:20:22,75000.0,1000,Sell,225796084
2024-07-23 14:20:22,75000.0,1000,Sell,225796083
2024-07-23 14:20:22,75100.0,1000,Sell,225796081
2024-07-23 14:20:22,75000.0,200,Sell,225796136
2024-07-23 14:20:22,75100.0,100,Sell,225796079
2024-07-23 14:20:22,75100.0,100,Sell,225796078
2024-07-23 14:20:22,75100.0,1000,Sell,225796077
2024-07-23 14:20:22,75100.0,100,Sell,225796076
2024-07-23 14:20:22,75100.0,100,Sell,225796075
2024-07-23 14:20:22,75100.0,100,Sell,225796074
2024-07-23 14:20:22,75100.0,4100,Sell,225796073
2024-07-23 14:20:22,75100.0,100,Sell,225796080
2024-07-23 14:20:25,75100.0,300,Sell,225796564
2024-07-23 14:20:28,75100.0,200,Buy,225796962
2024-07-23 14:20:28,75100.0,100,Buy,225797056
2024-07-23 14:20:29,75000.0,300,Sell,225797233
2024-07-23 14:20:29,75000.0,400,Sell,225797230
2024-07-23 14:20:29,75000.0,500,Sell,225797231
2024-07-23 14:20:29,75000.0,100,Sell,225797232
2024-07-23 14:20:30,75100.0,500,Buy,225797342
2024-07-23 14:20:30,75100.0,1000,Buy,225797394
2024-07-23 14:20:35,75100.0,100,Buy,225797950
2024-07-23 14:20:36,75000.0,1200,Sell,225798033
2024-07-23 14:20:36,75000.0,1000,Sell,225798032
2024-07-23 14:20:36,75000.0,100,Sell,225798031
2024-07-23 14:20:36,75000.0,500,Sell,225798030
2024-07-23 14:20:36,75000.0,100,Sell,225798028
2024-07-23 14:20:36,75000.0,100,Sell,225798027
2024-07-23 14:20:36,75000.0,100,Sell,225798026
2024-07-23 14:20:36,75000.0,700,Sell,225798025
2024-07-23 14:20:36,75000.0,500,Sell,225798029
2024-07-23 14:20:37,75100.0,100,Buy,225798293
2024-07-23 14:20:39,75000.0,100,Sell,225798449
2024-07-23 14:20:40,75000.0,100,Sell,225798595
2024-07-23 14:20:40,75000.0,100,Sell,225798596
2024-07-23 14:20:44,75100.0,300,Buy,225799065
2024-07-23 14:20:45,75000.0,100,Sell,225799221
2024-07-23 14:20:45,75000.0,500,Sell,225799222
2024-07-23 14:20:45,75000.0,200,Sell,225799223
2024-07-23 14:20:45,75000.0,100,Sell,225799220
2024-07-23 14:20:45,75000.0,3300,Sell,225799227
2024-07-23 14:20:45,75000.0,100,Sell,225799225
2024-07-23 14:20:45,75000.0,200,Sell,225799226
2024-07-23 14:20:45,75000.0,500,Sell,225799228
2024-07-23 14:20:45,75000.0,100,Sell,225799224
2024-07-23 14:20:45,75000.0,1000,Sell,225799219
2024-07-23 14:20:45,75000.0,100,Sell,225799212
2024-07-23 14:20:45,75000.0,100,Sell,225799217
2024-07-23 14:20:45,75000.0,100,Sell,225799218
2024-07-23 14:20:45,75000.0,100,Sell,225799207
2024-07-23 14:20:45,75000.0,500,Sell,225799208
2024-07-23 14:20:45,75000.0,1000,Sell,225799210
2024-07-23 14:20:45,75000.0,200,Sell,225799209
2024-07-23 14:20:45,75000.0,500,Sell,225799213
2024-07-23 14:20:45,75000.0,100,Sell,225799216
2024-07-23 14:20:45,75000.0,100,Sell,225799215
2024-07-23 14:20:45,75000.0,100,Sell,225799211
2024-07-23 14:20:45,75000.0,1000,Sell,225799214
2024-07-23 14:20:48,75100.0,3000,Buy,225799626
2024-07-23 14:20:52,75000.0,1000,Sell,225800082
2024-07-23 14:20:52,75000.0,1000,Sell,225800083
2024-07-23 14:20:52,75000.0,500,Sell,225800081
2024-07-23 14:20:54,75000.0,100,Buy,225800477
2024-07-23 14:20:54,75000.0,100,Sell,225800402
2024-07-23 14:20:54,75000.0,500,Sell,225800401
2024-07-23 14:20:54,75000.0,100,Sell,225800398
2024-07-23 14:20:54,75000.0,500,Sell,225800400
2024-07-23 14:20:54,75000.0,200,Sell,225800396
2024-07-23 14:20:54,75000.0,300,Sell,225800395
2024-07-23 14:20:54,75000.0,500,Sell,225800394
2024-07-23 14:20:54,75000.0,200,Sell,225800393
2024-07-23 14:20:54,75000.0,1000,Sell,225800392
2024-07-23 14:20:54,75000.0,100,Sell,225800397
2024-07-23 14:20:54,75000.0,100,Sell,225800399
2024-07-23 14:20:56,75000.0,1000,Buy,225800672
2024-07-23 14:20:57,75000.0,100,Buy,225800712
2024-07-23 14:20:59,75000.0,700,Buy,225801058
2024-07-23 14:20:59,75000.0,300,Buy,225801059
2024-07-23 14:21:01,74900.0,300,Sell,225801330
2024-07-23 14:21:01,75000.0,100,Buy,225801238
2024-07-23 14:21:05,75000.0,200,Buy,225801825
2024-07-23 14:21:10,75000.0,200,Buy,225802421
2024-07-23 14:21:10,75000.0,1000,Buy,225802374
2024-07-23 14:21:12,75000.0,200,Buy,225802709
2024-07-23 14:21:14,75000.0,1000,Buy,225802873
2024-07-23 14:21:15,75000.0,1000,Buy,225803062
2024-07-23 14:21:15,74900.0,700,Sell,225803107
2024-07-23 14:21:15,74900.0,300,Sell,225803108
2024-07-23 14:21:16,75000.0,300,Buy,225803224
2024-07-23 14:21:18,75000.0,100,Buy,225803423
2024-07-23 14:21:18,75000.0,400,Buy,225803422
2024-07-23 14:21:18,75000.0,700,Buy,225803424
2024-07-23 14:21:18,75000.0,100,Buy,225803420
2024-07-23 14:21:18,75000.0,2600,Buy,225803419
2024-07-23 14:21:18,75000.0,100,Buy,225803421
2024-07-23 14:21:19,75000.0,1000,Buy,225803495
2024-07-23 14:21:20,75000.0,200,Buy,225803622
2024-07-23 14:21:23,74900.0,200,Sell,225804153
2024-07-23 14:21:23,74900.0,300,Sell,225804154
2024-07-23 14:21:23,74900.0,300,Sell,225804155
2024-07-23 14:21:25,74900.0,100,Buy,225804375
2024-07-23 14:21:30,74500.0,200,Sell,225804978
2024-07-23 14:21:30,74500.0,100,Sell,225804977
2024-07-23 14:21:30,74500.0,100,Sell,225804979
2024-07-23 14:21:30,74600.0,500,Sell,225804976
2024-07-23 14:21:30,74600.0,300,Sell,225804975
2024-07-23 14:21:30,74600.0,500,Sell,225804974
2024-07-23 14:21:30,74800.0,300,Sell,225804972
2024-07-23 14:21:30,74600.0,100,Sell,225804973
2024-07-23 14:21:30,74800.0,100,Sell,225804971
2024-07-23 14:21:30,74800.0,200,Sell,225804970
2024-07-23 14:21:30,74800.0,100,Sell,225804969
2024-07-23 14:21:31,74900.0,200,Buy,225805025
2024-07-23 14:21:32,74900.0,200,Buy,225805175
2024-07-23 14:21:32,74900.0,600,Buy,225805203
2024-07-23 14:21:33,74200.0,200,Sell,225805414
2024-07-23 14:21:33,74400.0,200,Sell,225805413
2024-07-23 14:21:33,74500.0,300,Sell,225805412
2024-07-23 14:21:33,74500.0,100,Sell,225805410
2024-07-23 14:21:33,74500.0,100,Sell,225805411
2024-07-23 14:21:33,74500.0,100,Sell,225805408
2024-07-23 14:21:33,74500.0,100,Sell,225805407
2024-07-23 14:21:33,74500.0,100,Sell,225805406
2024-07-23 14:21:33,74500.0,300,Sell,225805405
2024-07-23 14:21:33,74800.0,500,Sell,225805404
2024-07-23 14:21:33,74500.0,500,Sell,225805409
2024-07-23 14:21:35,74900.0,100,Buy,225805587
2024-07-23 14:21:35,74900.0,800,Buy,225805588
2024-07-23 14:21:35,74900.0,200,Buy,225805589
2024-07-23 14:21:35,74900.0,900,Buy,225805590
2024-07-23 14:21:38,74900.0,2000,Buy,225806093
2024-07-23 14:21:41,74000.0,100,Sell,225806495
2024-07-23 14:21:41,74000.0,700,Sell,225806496
2024-07-23 14:21:41,74000.0,1000,Sell,225806494
2024-07-23 14:21:41,74800.0,100,Sell,225806492
2024-07-23 14:21:41,74100.0,100,Sell,225806493
2024-07-23 14:21:42,74000.0,200,Sell,225806648
2024-07-23 14:21:42,74000.0,1200,Sell,225806647
2024-07-23 14:21:42,74000.0,200,Sell,225806646
2024-07-23 14:21:42,74000.0,100,Sell,225806645
2024-07-23 14:21:42,74000.0,200,Sell,225806644
2024-07-23 14:21:42,74000.0,200,Sell,225806643
2024-07-23 14:21:42,74000.0,1000,Sell,225806642
2024-07-23 14:21:42,74000.0,100,Sell,225806641
2024-07-23 14:21:42,74000.0,100,Sell,225806640
2024-07-23 14:21:42,74000.0,100,Sell,225806639
2024-07-23 14:21:42,74000.0,100,Sell,225806638
2024-07-23 14:21:42,74000.0,100,Sell,225806636
2024-07-23 14:21:42,74000.0,100,Sell,225806635
2024-07-23 14:21:42,74000.0,100,Sell,225806634
2024-07-23 14:21:42,74000.0,200,Sell,225806633
2024-07-23 14:21:42,74000.0,100,Sell,225806632
2024-07-23 14:21:42,74000.0,100,Sell,225806631
2024-07-23 14:21:42,74000.0,700,Sell,225806630
2024-07-23 14:21:42,74000.0,2000,Sell,225806629
2024-07-23 14:21:42,74000.0,100,Sell,225806628
2024-07-23 14:21:42,74000.0,300,Sell,225806627
2024-07-23 14:21:42,74000.0,200,Sell,225806637
2024-07-23 14:21:43,74000.0,500,Sell,225806802
2024-07-23 14:21:43,74000.0,100,Sell,225806801
2024-07-23 14:21:43,74000.0,100,Sell,225806799
2024-07-23 14:21:43,74000.0,100,Sell,225806800
2024-07-23 14:21:43,74000.0,800,Sell,225806798
2024-07-23 14:21:44,74000.0,100,Buy,225806850
2024-07-23 14:21:44,74000.0,300,Buy,225806873
2024-07-23 14:21:49,74000.0,500,Buy,225807383
2024-07-23 14:21:50,74000.0,200,Buy,225807466
2024-07-23 14:21:51,74000.0,100,Buy,225807587
2024-07-23 14:21:52,74000.0,200,Buy,225807619
2024-07-23 14:21:52,74000.0,100,Buy,225807620
2024-07-23 14:21:52,74000.0,5200,Sell,225807722
2024-07-23 14:21:57,74200.0,500,Buy,225808142
2024-07-23 14:22:00,74200.0,100,Buy,225808430
2024-07-23 14:22:00,74200.0,200,Buy,225808459
2024-07-23 14:22:07,74900.0,200,Buy,225809145
2024-07-23 14:22:13,74100.0,300,Sell,225809677
2024-07-23 14:22:13,74100.0,100,Sell,225809678
2024-07-23 14:22:13,74200.0,500,Sell,225809675
2024-07-23 14:22:13,74200.0,100,Sell,225809676
2024-07-23 14:22:14,74100.0,2600,Sell,225809763
2024-07-23 14:22:24,74900.0,300,Buy,225810853
2024-07-23 14:22:36,74800.0,700,Buy,225812005
2024-07-23 14:22:39,74400.0,200,Sell,225812192
2024-07-23 14:22:39,74300.0,300,Sell,225812193
2024-07-23 14:22:46,74800.0,200,Buy,225812769
2024-07-23 14:22:57,74600.0,3000,Sell,225813879
2024-07-23 14:22:57,74500.0,1000,Sell,225813880
2024-07-23 14:22:58,74700.0,100,Buy,225813961
2024-07-23 14:22:59,74800.0,300,Buy,225814077
2024-07-23 14:23:04,74800.0,300,Buy,225814522
2024-07-23 14:23:05,74800.0,100,Buy,225814607
2024-07-23 14:23:06,74800.0,1000,Buy,225814643
2024-07-23 14:23:08,74800.0,500,Buy,225814786
2024-07-23 14:23:09,74800.0,100,Buy,225814904
2024-07-23 14:23:15,74800.0,500,Buy,225815393
2024-07-23 14:23:15,74800.0,1000,Buy,225815390
2024-07-23 14:23:15,74800.0,300,Buy,225815391
2024-07-23 14:23:15,74800.0,200,Buy,225815392
2024-07-23 14:23:16,74800.0,1000,Sell,225815419
2024-07-23 14:23:16,74800.0,100,Sell,225815420
2024-07-23 14:23:16,74900.0,700,Buy,225815522
2024-07-23 14:23:21,74900.0,500,Buy,225815961
2024-07-23 14:23:21,74900.0,400,Buy,225815962
2024-07-23 14:23:21,74900.0,100,Buy,225815963
2024-07-23 14:23:23,74900.0,900,Buy,225816180
2024-07-23 14:23:25,74900.0,1000,Buy,225816332
2024-07-23 14:23:26,74800.0,100,Sell,225816367
2024-07-23 14:23:26,74800.0,1600,Sell,225816366
2024-07-23 14:23:26,74800.0,200,Sell,225816363
2024-07-23 14:23:26,74800.0,100,Sell,225816365
2024-07-23 14:23:26,74800.0,500,Sell,225816364
2024-07-23 14:23:28,74800.0,100,Buy,225816582
2024-07-23 14:23:28,74800.0,100,Buy,225816606
2024-07-23 14:23:32,74800.0,100,Buy,225816901
2024-07-23 14:23:33,74800.0,400,Buy,225816959
2024-07-23 14:23:33,74800.0,100,Buy,225816986
2024-07-23 14:23:37,74800.0,200,Sell,225817192
2024-07-23 14:23:42,74900.0,100,Buy,225817554
2024-07-23 14:23:47,74800.0,500,Sell,225817912
2024-07-23 14:23:54,74900.0,500,Buy,225818468
2024-07-23 14:24:02,74900.0,500,Buy,225819021
2024-07-23 14:24:03,74900.0,100,Buy,225819065
2024-07-23 14:24:05,74900.0,500,Buy,225819189
2024-07-23 14:24:06,74900.0,300,Buy,225819252
2024-07-23 14:24:07,74800.0,100,Sell,225819297
2024-07-23 14:24:09,74800.0,100,Sell,225819434
2024-07-23 14:24:09,74800.0,2000,Sell,225819435
2024-07-23 14:24:09,74800.0,200,Sell,225819436
2024-07-23 14:24:09,74800.0,100,Sell,225819437
2024-07-23 14:24:09,74800.0,2600,Sell,225819438
2024-07-23 14:24:09,74800.0,100,Sell,225819439
2024-07-23 14:24:10,74900.0,100,Buy,225819495
2024-07-23 14:24:11,74900.0,100,Buy,225819548
2024-07-23 14:24:12,74900.0,2500,Buy,225819610
2024-07-23 14:24:13,74900.0,500,Buy,225819729
2024-07-23 14:24:13,74900.0,1500,Buy,225819734
2024-07-23 14:24:13,74900.0,300,Buy,225819727
2024-07-23 14:24:13,74900.0,200,Buy,225819728
2024-07-23 14:24:14,74900.0,100,Buy,225819796
2024-07-23 14:24:16,74900.0,2000,Buy,225819955
2024-07-23 14:24:17,74800.0,2300,Sell,225820022
2024-07-23 14:24:17,74800.0,600,Sell,225820023
2024-07-23 14:24:17,74800.0,100,Sell,225820024
2024-07-23 14:24:19,74900.0,1800,Buy,225820174
2024-07-23 14:24:19,74900.0,100,Buy,225820175
2024-07-23 14:24:19,74900.0,100,Buy,225820176
2024-07-23 14:24:19,74900.0,1000,Buy,225820193
2024-07-23 14:24:21,74900.0,100,Buy,225820253
2024-07-23 14:24:22,75000.0,400,Buy,225820343
2024-07-23 14:24:22,75000.0,1400,Buy,225820344
2024-07-23 14:24:22,75000.0,100,Buy,225820341
2024-07-23 14:24:22,75000.0,2000,Buy,225820342
2024-07-23 14:24:22,75000.0,2500,Buy,225820340
2024-07-23 14:24:25,75000.0,6000,Buy,225820542
2024-07-23 14:24:25,75000.0,600,Buy,225820540
2024-07-23 14:24:25,75000.0,100,Buy,225820541
2024-07-23 14:24:32,75100.0,400,Buy,225820969
2024-07-23 14:24:32,75100.0,600,Buy,225820970
2024-07-23 14:24:35,75100.0,1000,Buy,225821112
2024-07-23 14:24:38,75100.0,100,Buy,225821357
2024-07-23 14:24:38,75100.0,900,Buy,225821363
2024-07-23 14:24:39,75100.0,100,Buy,225821465
2024-07-23 14:24:41,75100.0,300,Buy,225821586
2024-07-23 14:24:51,75800.0,100,Buy,225822085
2024-07-23 14:25:05,75800.0,1200,Buy,225823015
2024-07-23 14:25:05,75800.0,600,Buy,225823013
2024-07-23 14:25:05,75800.0,500,Buy,225823014
2024-07-23 14:25:11,75800.0,100,Buy,225823411
2024-07-23 14:25:28,75200.0,500,Sell,225824556
2024-07-23 14:25:28,75000.0,9200,Sell,225824562
2024-07-23 14:25:28,75100.0,900,Sell,225824561
2024-07-23 14:25:28,75100.0,800,Sell,225824560
2024-07-23 14:25:28,75100.0,500,Sell,225824559
2024-07-23 14:25:28,75100.0,100,Sell,225824558
2024-07-23 14:25:28,75500.0,100,Sell,225824542
2024-07-23 14:25:28,75300.0,300,Sell,225824546
2024-07-23 14:25:28,75400.0,900,Sell,225824545
2024-07-23 14:25:28,75400.0,500,Sell,225824544
2024-07-23 14:25:28,75400.0,100,Sell,225824543
2024-07-23 14:25:28,75500.0,500,Sell,225824541
2024-07-23 14:25:28,75200.0,500,Sell,225824557
2024-07-23 14:25:44,75800.0,300,Buy,225825632
2024-07-23 14:26:01,75800.0,200,Buy,225826804
2024-07-23 14:26:09,75500.0,1000,Buy,225827432
2024-07-23 14:26:09,75500.0,100,Sell,225827422
2024-07-23 14:26:17,75100.0,200,Sell,225828002
2024-07-23 14:26:17,75000.0,500,Sell,225828024
2024-07-23 14:26:17,75000.0,100,Sell,225828023
2024-07-23 14:26:17,75000.0,100,Sell,225828022
2024-07-23 14:26:17,75000.0,300,Sell,225828021
2024-07-23 14:26:17,75000.0,100,Sell,225828020
2024-07-23 14:26:17,75000.0,500,Sell,225828019
2024-07-23 14:26:17,75000.0,100,Sell,225828018
2024-07-23 14:26:17,75000.0,500,Sell,225828017
2024-07-23 14:26:17,75000.0,400,Sell,225828016
2024-07-23 14:26:17,75000.0,1000,Sell,225828014
2024-07-23 14:26:17,75000.0,700,Sell,225828015
2024-07-23 14:26:17,75000.0,1400,Sell,225828012
2024-07-23 14:26:17,75000.0,100,Sell,225828011
2024-07-23 14:26:17,75000.0,100,Sell,225828010
2024-07-23 14:26:17,75000.0,200,Sell,225828009
2024-07-23 14:26:17,75000.0,100,Sell,225828008
2024-07-23 14:26:17,75000.0,1000,Sell,225828007
2024-07-23 14:26:17,75000.0,500,Sell,225828006
2024-07-23 14:26:17,75000.0,2100,Sell,225828005
2024-07-23 14:26:17,75100.0,500,Sell,225828004
2024-07-23 14:26:17,75100.0,700,Sell,225828003
2024-07-23 14:26:17,75000.0,100,Sell,225828013
2024-07-23 14:26:17,75100.0,200,Sell,225828001
2024-07-23 14:26:24,74900.0,100,Sell,225828545
2024-07-23 14:26:24,74900.0,100,Sell,225828546
2024-07-23 14:26:24,74900.0,600,Sell,225828547
2024-07-23 14:26:27,75000.0,100,Buy,225828849
2024-07-23 14:26:31,74900.0,1000,Sell,225829041
2024-07-23 14:26:32,74900.0,100,Sell,225829131
2024-07-23 14:26:33,75000.0,200,Buy,225829202
2024-07-23 14:26:38,75000.0,400,Buy,225829525
2024-07-23 14:26:40,75000.0,5000,Buy,225829588
2024-07-23 14:26:44,75000.0,100,Buy,225830044
2024-07-23 14:26:48,74900.0,300,Sell,225830498
2024-07-23 14:26:48,74900.0,100,Sell,225830499
2024-07-23 14:26:51,74800.0,200,Sell,225830698
2024-07-23 14:26:51,74800.0,500,Sell,225830695
2024-07-23 14:26:51,74800.0,100,Sell,225830694
2024-07-23 14:26:51,74800.0,200,Sell,225830697
2024-07-23 14:26:51,74800.0,100,Sell,225830692
2024-07-23 14:26:51,74800.0,300,Sell,225830693
2024-07-23 14:26:51,74900.0,300,Sell,225830689
2024-07-23 14:26:51,74800.0,100,Sell,225830696
2024-07-23 14:26:51,74900.0,100,Sell,225830691
2024-07-23 14:26:51,74900.0,400,Sell,225830690
2024-07-23 14:26:55,74900.0,100,Buy,225830950
2024-07-23 14:26:55,75000.0,900,Buy,225830951
2024-07-23 14:26:57,74900.0,100,Buy,225831126
2024-07-23 14:27:04,74800.0,700,Sell,225831820
2024-07-23 14:27:04,74800.0,100,Sell,225831819
2024-07-23 14:27:05,74800.0,100,Buy,225831886
2024-07-23 14:27:05,74800.0,100,Buy,225831993
2024-07-23 14:27:05,74800.0,100,Buy,225832010
2024-07-23 14:27:11,74800.0,100,Buy,225832559
2024-07-23 14:27:16,74800.0,300,Buy,225833021
2024-07-23 14:27:17,74800.0,100,Buy,225833150
2024-07-23 14:27:18,74700.0,200,Sell,225833237
2024-07-23 14:27:18,74800.0,100,Buy,225833231
2024-07-23 14:27:18,74700.0,100,Sell,225833236
2024-07-23 14:27:23,74800.0,1600,Buy,225833517
2024-07-23 14:27:23,74800.0,400,Buy,225833518
2024-07-23 14:27:27,74700.0,800,Sell,225833841
2024-07-23 14:27:28,74700.0,1000,Sell,225833890
2024-07-23 14:27:30,74700.0,200,Sell,225834012
2024-07-23 14:27:33,74800.0,200,Buy,225834320
2024-07-23 14:27:37,74700.0,2500,Sell,225834628
2024-07-23 14:27:42,74700.0,500,Sell,225835007
2024-07-23 14:27:45,74700.0,1400,Sell,225835386
2024-07-23 14:27:46,74600.0,200,Sell,225835451
2024-07-23 14:27:46,74700.0,500,Sell,225835449
2024-07-23 14:27:46,74700.0,100,Sell,225835450
2024-07-23 14:27:46,74700.0,900,Sell,225835447
2024-07-23 14:27:46,74700.0,400,Sell,225835446
2024-07-23 14:27:46,74700.0,100,Sell,225835448
2024-07-23 14:27:48,74800.0,100,Buy,225835602
2024-07-23 14:27:48,74800.0,200,Buy,225835603
2024-07-23 14:27:54,74600.0,300,Sell,225836124
2024-07-23 14:27:54,74800.0,200,Buy,225836173
2024-07-23 14:27:59,74600.0,800,Sell,225836722
2024-07-23 14:27:59,74600.0,300,Sell,225836723
2024-07-23 14:27:59,74600.0,100,Sell,225836724
2024-07-23 14:28:07,74600.0,400,Sell,225837399
2024-07-23 14:28:07,74600.0,500,Sell,225837400
2024-07-23 14:28:08,74800.0,200,Buy,225837574
2024-07-23 14:28:16,74700.0,100,Buy,225838528
2024-07-23 14:28:18,74800.0,100,Buy,225838822
2024-07-23 14:28:18,74800.0,1100,Buy,225838823
2024-07-23 14:28:18,74700.0,200,Buy,225838820
2024-07-23 14:28:18,74800.0,100,Buy,225838821
2024-07-23 14:28:22,74600.0,100,Sell,225839175
2024-07-23 14:28:22,74600.0,100,Sell,225839176
2024-07-23 14:28:22,74600.0,800,Sell,225839177
2024-07-23 14:28:29,74700.0,200,Sell,225839988
2024-07-23 14:28:48,74800.0,100,Buy,225841670
2024-07-23 14:28:49,74700.0,800,Sell,225841801
2024-07-23 14:28:49,74600.0,200,Sell,225841802
2024-07-23 14:28:53,74800.0,200,Buy,225842308
2024-07-23 14:28:53,74800.0,1100,Buy,225842309
2024-07-23 14:28:53,74800.0,1000,Buy,225842310
2024-07-23 14:29:01,74600.0,300,Sell,225842927
2024-07-23 14:29:01,74600.0,200,Sell,225842928
2024-07-23 14:29:01,74700.0,100,Sell,225842925
2024-07-23 14:29:01,74700.0,600,Sell,225842924
2024-07-23 14:29:01,74700.0,500,Sell,225842926
2024-07-23 14:29:07,74900.0,100,Buy,225843752
2024-07-23 14:29:15,74800.0,100,Sell,225844725
2024-07-23 14:29:15,74800.0,400,Sell,225844726
2024-07-23 14:29:20,74900.0,100,Sell,225845294
2024-07-23 14:29:20,74800.0,400,Sell,225845295
2024-07-23 14:29:24,74800.0,100,Sell,225845701
2024-07-23 14:29:26,74800.0,100,Sell,225845864
2024-07-23 14:29:26,74800.0,1900,Sell,225845865
2024-07-23 14:29:27,74800.0,100,Sell,225845915
2024-07-23 14:29:27,74800.0,100,Buy,225846029
2024-07-23 14:29:30,74800.0,2800,Buy,225846195
2024-07-23 14:29:30,74800.0,200,Sell,225846277
2024-07-23 14:29:37,74800.0,5000,Sell,225846957
2024-07-23 14:44:42,73100.0,272100,ATO/ATC,225849046
