time,price,volume,match_type,id
2024-08-19 09:14:37,76000.0,4400,ATO/ATC,232510334
2024-08-19 09:14:45,76200.0,100,Buy,232510880
2024-08-19 09:14:45,76100.0,100,Buy,232510878
2024-08-19 09:14:45,76100.0,100,Buy,232510879
2024-08-19 09:15:02,76500.0,300,Buy,232511383
2024-08-19 09:15:02,76500.0,1000,Buy,232511382
2024-08-19 09:15:02,76400.0,400,Buy,232511379
2024-08-19 09:15:02,76500.0,1000,Buy,232511380
2024-08-19 09:15:02,76500.0,300,Buy,232511381
2024-08-19 09:15:10,76500.0,200,Buy,232511697
2024-08-19 09:15:25,76500.0,100,Buy,232512269
2024-08-19 09:15:27,76500.0,100,Buy,232512392
2024-08-19 09:15:30,76500.0,100,Buy,232512535
2024-08-19 09:15:30,76400.0,100,Sell,232512549
2024-08-19 09:15:30,76200.0,100,Sell,232512550
2024-08-19 09:15:33,76500.0,200,Buy,232512674
2024-08-19 09:15:33,76500.0,100,Buy,232512675
2024-08-19 09:16:11,76500.0,900,Buy,232514649
2024-08-19 09:16:11,76400.0,100,Buy,232514647
2024-08-19 09:16:11,76500.0,1000,Buy,232514648
2024-08-19 09:16:17,76500.0,100,Buy,232515039
2024-08-19 09:16:17,76400.0,200,Buy,232515038
2024-08-19 09:16:33,76500.0,300,Buy,232515909
2024-08-19 09:16:37,76500.0,200,Buy,232516097
2024-08-19 09:16:52,76600.0,200,Buy,232517050
2024-08-19 09:16:55,76600.0,100,Buy,232517163
2024-08-19 09:17:02,76600.0,100,Buy,232517576
2024-08-19 09:17:38,76600.0,1000,Buy,232519441
2024-08-19 09:17:51,76600.0,100,Buy,232520121
2024-08-19 09:17:55,76600.0,200,Buy,232520340
2024-08-19 09:17:58,76600.0,600,Buy,232520467
2024-08-19 09:17:58,76600.0,100,Buy,232520468
2024-08-19 09:18:12,76600.0,300,Sell,232521222
2024-08-19 09:18:22,76500.0,500,Sell,232521798
2024-08-19 09:18:24,76600.0,100,Buy,232521938
2024-08-19 09:18:24,76600.0,100,Buy,232521939
2024-08-19 09:18:46,76700.0,300,Buy,232523202
2024-08-19 09:18:46,76700.0,300,Buy,232523203
2024-08-19 09:18:46,76700.0,2000,Buy,232523204
2024-08-19 09:18:47,76700.0,100,Sell,232523307
2024-08-19 09:18:48,76600.0,700,Sell,232523356
2024-08-19 09:18:48,76600.0,500,Sell,232523357
2024-08-19 09:18:48,76600.0,200,Sell,232523354
2024-08-19 09:18:48,76700.0,1300,Sell,232523353
2024-08-19 09:18:48,76600.0,200,Sell,232523355
2024-08-19 09:18:52,76600.0,1000,Buy,232523651
2024-08-19 09:19:06,76600.0,200,Buy,232524277
2024-08-19 09:19:07,76500.0,300,Sell,232524297
2024-08-19 09:19:32,76500.0,100,Sell,232525377
2024-08-19 09:19:44,76500.0,100,Buy,232525921
2024-08-19 09:19:44,76500.0,100,Buy,232525929
2024-08-19 09:20:07,76200.0,400,Sell,232526872
2024-08-19 09:20:07,76200.0,200,Sell,232526873
2024-08-19 09:20:07,76200.0,500,Sell,232526874
2024-08-19 09:20:07,76200.0,3000,Sell,232526875
2024-08-19 09:20:07,76200.0,400,Sell,232526876
2024-08-19 09:20:07,76200.0,700,Sell,232526877
2024-08-19 09:20:19,76500.0,1000,Buy,232527410
2024-08-19 09:21:00,76500.0,500,Buy,232529141
2024-08-19 09:21:00,76500.0,100,Buy,232529149
2024-08-19 09:21:00,76500.0,3000,Buy,232529148
2024-08-19 09:21:00,76500.0,300,Buy,232529147
2024-08-19 09:21:00,76500.0,100,Buy,232529146
2024-08-19 09:21:00,76500.0,700,Buy,232529140
2024-08-19 09:21:00,76500.0,100,Buy,232529144
2024-08-19 09:21:00,76500.0,5000,Buy,232529143
2024-08-19 09:21:00,76500.0,100,Buy,232529142
2024-08-19 09:21:00,76500.0,1300,Buy,232529145
2024-08-19 09:21:22,76300.0,500,Sell,232530184
2024-08-19 09:21:46,76300.0,500,Sell,232531055
2024-08-19 09:21:51,76300.0,100,Sell,232531197
2024-08-19 09:22:00,76300.0,100,Sell,232531566
2024-08-19 09:22:15,76300.0,700,Sell,232532014
2024-08-19 09:22:39,76200.0,1300,Sell,232532855
2024-08-19 09:22:39,76200.0,1300,Sell,232532857
2024-08-19 09:22:39,76300.0,100,Sell,232532854
2024-08-19 09:22:39,76200.0,500,Sell,232532856
2024-08-19 09:22:53,76300.0,100,Buy,232533376
2024-08-19 09:22:53,76300.0,100,Buy,232533377
2024-08-19 09:23:08,76300.0,300,Sell,232534069
2024-08-19 09:23:25,76300.0,100,Sell,232534828
2024-08-19 09:23:33,76300.0,200,Sell,232535118
2024-08-19 09:23:40,76300.0,100,Sell,232535439
2024-08-19 09:23:45,76300.0,100,Sell,232535637
2024-08-19 09:23:57,76300.0,500,Buy,232536154
2024-08-19 09:24:14,76200.0,100,Sell,232536840
2024-08-19 09:24:20,76300.0,100,Buy,232537069
2024-08-19 09:24:20,76300.0,100,Buy,232537068
2024-08-19 09:24:28,76300.0,100,Sell,232537342
2024-08-19 09:25:21,76300.0,200,Sell,232539491
2024-08-19 09:25:49,76300.0,200,Sell,232540591
2024-08-19 09:26:05,76300.0,100,Sell,232541288
2024-08-19 09:26:16,76300.0,500,Sell,232541734
2024-08-19 09:26:39,76300.0,200,Buy,232542554
2024-08-19 09:27:04,76200.0,500,Sell,232543758
2024-08-19 09:27:12,76200.0,500,Buy,232544153
2024-08-19 09:27:23,76200.0,100,Buy,232544551
2024-08-19 09:27:41,76100.0,100,Sell,232545250
2024-08-19 09:27:50,76200.0,100,Buy,232545594
2024-08-19 09:27:51,76100.0,100,Sell,232545642
2024-08-19 09:27:52,76100.0,600,Sell,232545644
2024-08-19 09:27:57,76100.0,200,Sell,232545840
2024-08-19 09:27:57,76100.0,100,Sell,232545841
2024-08-19 09:27:57,76100.0,200,Sell,232545842
2024-08-19 09:27:57,76000.0,1000,Sell,232545843
2024-08-19 09:27:57,76000.0,500,Sell,232545844
2024-08-19 09:27:57,76000.0,700,Sell,232545845
2024-08-19 09:28:09,76000.0,300,Sell,232546276
2024-08-19 09:28:09,76000.0,200,Sell,232546277
2024-08-19 09:28:11,76000.0,100,Sell,232546350
2024-08-19 09:28:11,76000.0,100,Sell,232546349
2024-08-19 09:28:11,76000.0,200,Sell,232546348
2024-08-19 09:28:11,76000.0,1300,Sell,232546347
2024-08-19 09:28:11,76000.0,300,Sell,232546346
2024-08-19 09:28:17,76000.0,100,Sell,232546573
2024-08-19 09:28:26,76000.0,300,Sell,232546933
2024-08-19 09:28:26,76000.0,100,Sell,232546934
2024-08-19 09:28:27,76000.0,100,Buy,232546958
2024-08-19 09:28:27,76000.0,400,Buy,232546959
2024-08-19 09:29:03,76000.0,100,Buy,232548144
2024-08-19 09:29:18,75800.0,100,Sell,232548697
2024-08-19 09:29:54,76000.0,100,Buy,232550049
2024-08-19 09:29:54,76000.0,400,Buy,232550050
2024-08-19 09:30:22,75900.0,200,Sell,232551073
2024-08-19 09:30:25,76000.0,200,Buy,232551205
2024-08-19 09:30:28,76000.0,100,Buy,232551295
2024-08-19 09:30:28,76000.0,500,Buy,232551294
2024-08-19 09:30:28,76000.0,300,Buy,232551293
2024-08-19 09:30:43,75900.0,200,Sell,232551701
2024-08-19 09:30:45,76000.0,800,Buy,232551774
2024-08-19 09:30:45,76000.0,900,Buy,232551775
2024-08-19 09:30:45,76000.0,500,Buy,232551776
2024-08-19 09:30:45,76000.0,2000,Buy,232551777
2024-08-19 09:30:55,76000.0,100,Sell,232552242
2024-08-19 09:31:21,76000.0,700,Sell,232553155
2024-08-19 09:32:32,75900.0,100,Sell,232555312
2024-08-19 09:32:43,76000.0,3300,Buy,232555684
2024-08-19 09:32:43,76000.0,100,Buy,232555685
2024-08-19 09:32:54,76000.0,100,Sell,232556083
2024-08-19 09:32:57,76000.0,100,Sell,232556161
2024-08-19 09:33:02,76000.0,100,Sell,232556327
2024-08-19 09:34:08,76000.0,100,Sell,232558346
2024-08-19 09:34:40,76100.0,100,Sell,232559295
2024-08-19 09:34:47,76200.0,100,Buy,232559499
2024-08-19 09:34:49,76200.0,200,Buy,232559583
2024-08-19 09:34:49,76200.0,100,Buy,232559584
2024-08-19 09:34:49,76200.0,100,Buy,232559585
2024-08-19 09:34:49,76200.0,100,Buy,232559586
2024-08-19 09:34:49,76200.0,1000,Buy,232559587
2024-08-19 09:34:52,76200.0,2800,Buy,232559654
2024-08-19 09:34:52,76200.0,200,Buy,232559655
2024-08-19 09:34:53,76200.0,400,Buy,232559682
2024-08-19 09:34:58,76200.0,1500,Buy,232559844
2024-08-19 09:34:58,76200.0,300,Buy,232559845
2024-08-19 09:35:13,76200.0,100,Sell,232560135
2024-08-19 09:35:18,76300.0,200,Buy,232560259
2024-08-19 09:35:18,76300.0,100,Buy,232560260
2024-08-19 09:35:18,76300.0,300,Buy,232560261
2024-08-19 09:35:18,76300.0,100,Buy,232560262
2024-08-19 09:35:38,76500.0,100,Buy,232560882
2024-08-19 09:35:38,76500.0,100,Buy,232560885
2024-08-19 09:35:38,76500.0,100,Buy,232560884
2024-08-19 09:35:38,76500.0,200,Buy,232560883
2024-08-19 09:35:38,76500.0,100,Buy,232560881
2024-08-19 09:35:38,76400.0,300,Buy,232560880
2024-08-19 09:35:38,76400.0,100,Buy,232560879
2024-08-19 09:35:38,76400.0,200,Buy,232560878
2024-08-19 09:35:38,76400.0,100,Buy,232560877
2024-08-19 09:35:38,76400.0,100,Buy,232560876
2024-08-19 09:35:38,76400.0,100,Buy,232560875
2024-08-19 09:35:38,76400.0,500,Buy,232560874
2024-08-19 09:35:45,76300.0,100,Sell,232561027
2024-08-19 09:35:50,76500.0,100,Buy,232561281
2024-08-19 09:35:50,76500.0,100,Buy,232561282
2024-08-19 09:35:50,76500.0,100,Buy,232561283
2024-08-19 09:35:50,76500.0,1700,Buy,232561284
2024-08-19 09:35:59,76500.0,100,Buy,232561578
2024-08-19 09:36:10,76500.0,100,Buy,232562116
2024-08-19 09:36:10,76500.0,3000,Buy,232562123
2024-08-19 09:36:14,76500.0,700,Buy,232562251
2024-08-19 09:36:14,76500.0,100,Buy,232562248
2024-08-19 09:36:14,76500.0,100,Buy,232562249
2024-08-19 09:36:14,76500.0,100,Buy,232562250
2024-08-19 09:36:17,76500.0,300,Buy,232562314
2024-08-19 09:36:36,76600.0,500,Buy,232563118
2024-08-19 09:36:36,76600.0,100,Buy,232563119
2024-08-19 09:36:39,76600.0,100,Buy,232563204
2024-08-19 09:36:39,76600.0,500,Buy,232563205
2024-08-19 09:36:39,76600.0,100,Buy,232563206
2024-08-19 09:36:39,76600.0,100,Buy,232563207
2024-08-19 09:36:39,76600.0,400,Buy,232563208
2024-08-19 09:36:47,76700.0,500,Buy,232563487
2024-08-19 09:36:47,76700.0,100,Buy,232563485
2024-08-19 09:36:47,76700.0,100,Buy,232563484
2024-08-19 09:36:47,76700.0,300,Buy,232563486
2024-08-19 09:36:52,76700.0,100,Buy,232563664
2024-08-19 09:36:52,76700.0,100,Buy,232563665
2024-08-19 09:36:52,76800.0,300,Buy,232563666
2024-08-19 09:36:52,76800.0,200,Buy,232563667
2024-08-19 09:36:52,76800.0,1300,Buy,232563668
2024-08-19 09:37:02,76800.0,700,Buy,232564036
2024-08-19 09:37:02,76800.0,100,Buy,232564037
2024-08-19 09:37:02,76800.0,400,Buy,232564038
2024-08-19 09:37:03,76800.0,500,Buy,232564067
2024-08-19 09:37:12,76800.0,500,Buy,232564478
2024-08-19 09:37:15,76800.0,2000,Buy,232564572
2024-08-19 09:37:16,76800.0,1600,Buy,232564621
2024-08-19 09:37:16,76800.0,100,Buy,232564622
2024-08-19 09:37:17,76800.0,100,Buy,232564652
2024-08-19 09:37:17,76800.0,100,Buy,232564653
2024-08-19 09:37:17,76800.0,100,Buy,232564654
2024-08-19 09:37:22,76700.0,100,Sell,232564995
2024-08-19 09:37:26,76800.0,400,Buy,232565099
2024-08-19 09:37:34,77000.0,200,Buy,232565397
2024-08-19 09:37:34,77000.0,300,Buy,232565396
2024-08-19 09:37:34,77000.0,6400,Buy,232565400
2024-08-19 09:37:34,77000.0,100,Buy,232565399
2024-08-19 09:37:34,77000.0,100,Buy,232565395
2024-08-19 09:37:34,77000.0,500,Buy,232565398
2024-08-19 09:37:34,77000.0,100,Buy,232565393
2024-08-19 09:37:34,76900.0,600,Buy,232565389
2024-08-19 09:37:34,76900.0,100,Buy,232565390
2024-08-19 09:37:34,77000.0,1000,Buy,232565394
2024-08-19 09:37:34,76900.0,200,Buy,232565391
2024-08-19 09:37:34,76900.0,100,Buy,232565392
2024-08-19 09:37:34,76900.0,300,Buy,232565388
2024-08-19 09:37:36,77000.0,200,Buy,232565518
2024-08-19 09:37:36,77000.0,200,Buy,232565517
2024-08-19 09:37:36,77000.0,100,Buy,232565516
2024-08-19 09:37:36,77000.0,200,Buy,232565515
2024-08-19 09:37:36,77000.0,300,Buy,232565513
2024-08-19 09:37:36,77000.0,100,Buy,232565512
2024-08-19 09:37:36,77000.0,100,Buy,232565511
2024-08-19 09:37:36,77000.0,400,Buy,232565514
2024-08-19 09:37:36,77000.0,100,Buy,232565509
2024-08-19 09:37:36,77000.0,100,Buy,232565508
2024-08-19 09:37:36,77000.0,100,Buy,232565507
2024-08-19 09:37:36,77000.0,1600,Buy,232565502
2024-08-19 09:37:36,77000.0,100,Buy,232565506
2024-08-19 09:37:36,77000.0,100,Buy,232565505
2024-08-19 09:37:36,77000.0,1000,Buy,232565504
2024-08-19 09:37:36,77000.0,100,Buy,232565503
2024-08-19 09:37:36,77000.0,500,Buy,232565510
2024-08-19 09:37:40,77000.0,200,Sell,232565723
2024-08-19 09:37:43,77000.0,500,Sell,232565817
2024-08-19 09:37:43,77100.0,300,Buy,232565820
2024-08-19 09:37:48,77200.0,300,Buy,232565967
2024-08-19 09:37:48,77200.0,100,Buy,232565968
2024-08-19 09:37:55,77300.0,100,Buy,232566214
2024-08-19 09:37:55,77300.0,400,Buy,232566215
2024-08-19 09:37:55,77300.0,200,Buy,232566231
2024-08-19 09:38:04,77300.0,100,Buy,232566556
2024-08-19 09:38:04,77300.0,5000,Buy,232566555
2024-08-19 09:38:04,77300.0,400,Buy,232566539
2024-08-19 09:38:04,77300.0,200,Buy,232566553
2024-08-19 09:38:04,77300.0,300,Buy,232566552
2024-08-19 09:38:04,77300.0,300,Buy,232566554
2024-08-19 09:38:05,77400.0,200,Buy,232566572
2024-08-19 09:38:05,77400.0,100,Buy,232566573
2024-08-19 09:38:05,77500.0,1000,Buy,232566574
2024-08-19 09:38:05,77500.0,3700,Buy,232566575
2024-08-19 09:38:05,77200.0,200,Sell,232566604
2024-08-19 09:38:05,77200.0,400,Sell,232566605
2024-08-19 09:38:05,77100.0,200,Sell,232566606
2024-08-19 09:38:05,77100.0,300,Sell,232566607
2024-08-19 09:38:05,77000.0,500,Sell,232566608
2024-08-19 09:38:17,77500.0,900,Buy,232567121
2024-08-19 09:38:17,77200.0,100,Buy,232567120
2024-08-19 09:38:36,77500.0,100,Buy,232567824
2024-08-19 09:38:58,77100.0,100,Sell,232568721
2024-08-19 09:39:27,77100.0,400,Sell,232570031
2024-08-19 09:39:45,77100.0,100,Sell,232570727
2024-08-19 09:39:46,77100.0,500,Sell,232570729
2024-08-19 09:39:56,77000.0,1500,Sell,232571177
2024-08-19 09:39:56,77000.0,300,Sell,232571176
2024-08-19 09:39:56,77000.0,200,Sell,232571175
2024-08-19 09:39:56,77000.0,200,Sell,232571174
2024-08-19 09:39:56,77000.0,500,Sell,232571173
2024-08-19 09:39:56,77000.0,500,Sell,232571172
2024-08-19 09:39:56,77100.0,500,Sell,232571169
2024-08-19 09:39:56,77100.0,1200,Sell,232571170
2024-08-19 09:39:56,77000.0,13500,Sell,232571171
2024-08-19 09:39:56,77200.0,500,Buy,232571160
2024-08-19 09:39:56,77100.0,500,Sell,232571167
2024-08-19 09:39:56,77100.0,1000,Sell,232571168
2024-08-19 09:39:56,77100.0,700,Sell,232571166
2024-08-19 09:40:07,77000.0,200,Buy,232571594
2024-08-19 09:40:19,77000.0,2000,Buy,232572134
2024-08-19 09:40:34,77000.0,100,Buy,232572798
2024-08-19 09:40:35,76900.0,100,Sell,232572845
2024-08-19 09:40:38,76900.0,100,Sell,232572954
2024-08-19 09:40:44,77000.0,1600,Buy,232573191
2024-08-19 09:40:44,77000.0,1200,Buy,232573192
2024-08-19 09:40:44,77000.0,5000,Buy,232573193
2024-08-19 09:41:05,77000.0,1000,Buy,232574380
2024-08-19 09:41:09,77000.0,500,Sell,232574558
2024-08-19 09:41:14,77000.0,200,Buy,232574741
2024-08-19 09:41:19,77100.0,7900,Buy,232574907
2024-08-19 09:41:19,77100.0,100,Buy,232574906
2024-08-19 09:41:22,77100.0,7000,Sell,232574990
2024-08-19 09:41:22,77000.0,100,Sell,232574991
2024-08-19 09:41:40,77000.0,100,Buy,232575568
2024-08-19 09:41:44,77000.0,100,Buy,232575726
2024-08-19 09:41:45,77000.0,2700,Buy,232575740
2024-08-19 09:41:45,77000.0,3800,Buy,232575741
2024-08-19 09:42:12,77000.0,100,Sell,232576628
2024-08-19 09:42:28,77000.0,100,Sell,232577078
2024-08-19 09:42:28,77000.0,300,Sell,232577081
2024-08-19 09:42:28,77000.0,500,Sell,232577080
2024-08-19 09:42:28,77000.0,8400,Sell,232577076
2024-08-19 09:42:28,77000.0,400,Sell,232577077
2024-08-19 09:42:28,77000.0,500,Sell,232577079
2024-08-19 09:42:38,77000.0,3000,Buy,232577452
2024-08-19 09:42:39,77000.0,500,Buy,232577514
2024-08-19 09:42:48,77000.0,100,Buy,232577779
2024-08-19 09:42:52,77000.0,1000,Buy,232577939
2024-08-19 09:42:55,77000.0,200,Buy,232578014
2024-08-19 09:42:58,77000.0,1500,Buy,232578131
2024-08-19 09:42:58,77000.0,3500,Buy,232578138
2024-08-19 09:42:58,77000.0,100,Buy,232578139
2024-08-19 09:43:09,77100.0,100,Buy,232578685
2024-08-19 09:43:14,77000.0,6000,Sell,232578899
2024-08-19 09:43:18,77000.0,1000,Buy,232579063
2024-08-19 09:43:22,77000.0,3000,Buy,232579197
2024-08-19 09:43:25,77000.0,1000,Sell,232579316
2024-08-19 09:43:49,77000.0,100,Sell,232580315
2024-08-19 09:44:11,77000.0,500,Sell,232581164
2024-08-19 09:44:25,77000.0,400,Sell,232581511
2024-08-19 09:45:17,77000.0,500,Buy,232583312
2024-08-19 09:45:20,77000.0,500,Buy,232583400
2024-08-19 09:45:25,76900.0,100,Sell,232583524
2024-08-19 09:45:48,77000.0,300,Buy,232584192
2024-08-19 09:45:50,76900.0,500,Sell,232584274
2024-08-19 09:46:21,76900.0,100,Sell,232585141
2024-08-19 09:46:46,77000.0,300,Buy,232586280
2024-08-19 09:46:46,77100.0,400,Buy,232586294
2024-08-19 09:46:46,77000.0,300,Buy,232586279
2024-08-19 09:46:46,77000.0,100,Buy,232586289
2024-08-19 09:46:46,77000.0,100,Buy,232586288
2024-08-19 09:46:46,77000.0,300,Buy,232586287
2024-08-19 09:46:46,77000.0,200,Buy,232586291
2024-08-19 09:46:46,77000.0,100,Buy,232586285
2024-08-19 09:46:46,77000.0,1000,Buy,232586286
2024-08-19 09:46:46,77000.0,100,Buy,232586281
2024-08-19 09:46:46,77000.0,800,Buy,232586282
2024-08-19 09:46:46,77000.0,200,Buy,232586290
2024-08-19 09:46:46,77000.0,1000,Buy,232586283
2024-08-19 09:46:46,77000.0,100,Buy,232586284
2024-08-19 09:47:02,77000.0,100,Sell,232586968
2024-08-19 09:47:24,77000.0,1100,Sell,232587820
2024-08-19 09:47:24,77000.0,900,Sell,232587821
2024-08-19 09:47:38,77100.0,100,Buy,232588434
2024-08-19 09:47:43,77100.0,500,Buy,232588568
2024-08-19 09:47:43,77100.0,1000,Buy,232588569
2024-08-19 09:47:43,77100.0,1000,Buy,232588570
2024-08-19 09:47:43,77200.0,1500,Buy,232588571
2024-08-19 09:47:43,77200.0,1000,Buy,232588572
2024-08-19 09:47:47,77200.0,1000,Buy,232588741
2024-08-19 09:48:08,77200.0,500,Buy,232589500
2024-08-19 09:48:09,77300.0,200,Buy,232589534
2024-08-19 09:48:19,77300.0,200,Buy,232589805
2024-08-19 09:48:20,77200.0,100,Sell,232589813
2024-08-19 09:48:26,77200.0,200,Buy,232590031
2024-08-19 09:48:29,77200.0,100,Buy,232590096
2024-08-19 09:48:39,77100.0,100,Sell,232590535
2024-08-19 09:48:39,77200.0,100,Buy,232590542
2024-08-19 09:48:46,77100.0,1900,Sell,232590839
2024-08-19 09:48:46,77100.0,100,Sell,232590840
2024-08-19 09:49:17,77200.0,300,Buy,232592036
2024-08-19 09:49:17,77200.0,700,Buy,232592037
2024-08-19 09:50:03,77200.0,200,Buy,232593650
2024-08-19 09:50:11,77200.0,100,Buy,232593889
2024-08-19 09:50:15,77200.0,400,Buy,232594042
2024-08-19 09:50:15,77100.0,100,Sell,232594040
2024-08-19 09:50:15,77200.0,100,Buy,232594041
2024-08-19 09:50:32,77200.0,400,Sell,232594585
2024-08-19 09:50:34,77200.0,100,Buy,232594646
2024-08-19 09:50:34,77200.0,100,Buy,232594661
2024-08-19 09:51:03,77200.0,400,Buy,232595585
2024-08-19 09:51:03,77200.0,1000,Buy,232595586
2024-08-19 09:51:03,77200.0,100,Buy,232595587
2024-08-19 09:51:05,77200.0,100,Sell,232595707
2024-08-19 09:51:35,77300.0,500,Buy,232596871
2024-08-19 09:51:35,77300.0,200,Buy,232596870
2024-08-19 09:51:35,77300.0,300,Buy,232596872
2024-08-19 09:51:35,77300.0,200,Buy,232596868
2024-08-19 09:51:35,77300.0,200,Buy,232596867
2024-08-19 09:51:35,77300.0,1600,Buy,232596866
2024-08-19 09:51:35,77300.0,1000,Buy,232596869
2024-08-19 09:51:39,77300.0,200,Buy,232596996
2024-08-19 09:51:39,77300.0,100,Buy,232596997
2024-08-19 09:51:42,77300.0,100,Sell,232597089
2024-08-19 09:51:46,77400.0,200,Buy,232597238
2024-08-19 09:51:46,77400.0,5000,Buy,232597239
2024-08-19 09:51:46,77400.0,2000,Buy,232597240
2024-08-19 09:51:46,77400.0,100,Buy,232597241
2024-08-19 09:51:46,77400.0,1000,Buy,232597242
2024-08-19 09:51:46,77400.0,1000,Buy,232597243
2024-08-19 09:51:52,77400.0,100,Sell,232597519
2024-08-19 09:51:56,77500.0,1400,Buy,232597659
2024-08-19 09:52:06,77500.0,2000,Buy,232597939
2024-08-19 09:52:12,77500.0,3400,Buy,232598261
2024-08-19 09:52:16,77400.0,100,Sell,232598347
2024-08-19 09:52:17,77500.0,1000,Buy,232598395
2024-08-19 09:52:24,77500.0,7900,Buy,232598611
2024-08-19 09:52:27,77500.0,1600,Buy,232598709
2024-08-19 09:52:27,77500.0,7700,Buy,232598713
2024-08-19 09:52:28,77500.0,900,Buy,232598760
2024-08-19 09:52:28,77500.0,500,Buy,232598758
2024-08-19 09:52:28,77500.0,100,Buy,232598757
2024-08-19 09:52:28,77500.0,100,Buy,232598759
2024-08-19 09:52:28,77500.0,200,Buy,232598755
2024-08-19 09:52:28,77500.0,100,Buy,232598754
2024-08-19 09:52:28,77500.0,100,Buy,232598752
2024-08-19 09:52:28,77500.0,300,Buy,232598751
2024-08-19 09:52:28,77500.0,100,Buy,232598756
2024-08-19 09:52:30,77500.0,500,Buy,232598805
2024-08-19 09:52:31,77500.0,4800,Buy,232598827
2024-08-19 09:52:31,77500.0,200,Buy,232598828
2024-08-19 09:52:33,77500.0,1600,Buy,232598929
2024-08-19 09:52:33,77500.0,300,Buy,232598927
2024-08-19 09:52:33,77500.0,200,Buy,232598926
2024-08-19 09:52:33,77500.0,100,Buy,232598925
2024-08-19 09:52:33,77500.0,100,Buy,232598928
2024-08-19 09:52:33,77500.0,100,Buy,232598923
2024-08-19 09:52:33,77500.0,200,Buy,232598922
2024-08-19 09:52:33,77500.0,200,Buy,232598921
2024-08-19 09:52:33,77500.0,600,Buy,232598892
2024-08-19 09:52:33,77500.0,200,Buy,232598924
2024-08-19 09:52:36,77500.0,300,Buy,232599037
2024-08-19 09:52:39,77500.0,1500,Buy,232599225
2024-08-19 09:52:40,77500.0,500,Buy,232599252
2024-08-19 09:52:42,77500.0,100,Buy,232599302
2024-08-19 09:52:42,77500.0,300,Buy,232599303
2024-08-19 09:52:43,77500.0,300,Buy,232599345
2024-08-19 09:52:43,77500.0,2000,Buy,232599328
2024-08-19 09:52:43,77500.0,2700,Buy,232599344
2024-08-19 09:52:47,77500.0,200,Buy,232599487
2024-08-19 09:52:48,77500.0,100,Buy,232599572
2024-08-19 09:52:48,77500.0,100,Buy,232599571
2024-08-19 09:52:48,77500.0,900,Buy,232599570
2024-08-19 09:52:48,77500.0,200,Buy,232599568
2024-08-19 09:52:48,77500.0,400,Buy,232599566
2024-08-19 09:52:48,77500.0,100,Buy,232599569
2024-08-19 09:52:48,77500.0,200,Buy,232599564
2024-08-19 09:52:48,77500.0,100,Buy,232599565
2024-08-19 09:52:48,77500.0,200,Buy,232599559
2024-08-19 09:52:48,77500.0,400,Buy,232599560
2024-08-19 09:52:48,77500.0,200,Buy,232599567
2024-08-19 09:52:48,77500.0,100,Buy,232599562
2024-08-19 09:52:48,77500.0,1000,Buy,232599561
2024-08-19 09:52:48,77500.0,1000,Buy,232599563
2024-08-19 09:52:51,77600.0,100,Buy,232599656
2024-08-19 09:52:56,77600.0,200,Buy,232599844
2024-08-19 09:52:56,77600.0,200,Buy,232599843
2024-08-19 09:52:58,77500.0,100,Sell,232599901
2024-08-19 09:53:01,77600.0,100,Buy,232599995
2024-08-19 09:53:01,77600.0,2000,Buy,232599996
2024-08-19 09:53:01,77600.0,1000,Buy,232599997
2024-08-19 09:53:01,77600.0,100,Buy,232599998
2024-08-19 09:53:01,77600.0,100,Buy,232599999
2024-08-19 09:53:14,77700.0,1000,Buy,232600325
2024-08-19 09:53:14,77700.0,500,Buy,232600326
2024-08-19 09:53:16,77700.0,400,Buy,232600391
2024-08-19 09:53:16,77700.0,100,Buy,232600390
2024-08-19 09:53:29,77600.0,100,Sell,232600759
2024-08-19 09:53:57,77700.0,1600,Buy,232601764
2024-08-19 09:53:57,77700.0,100,Buy,232601765
2024-08-19 09:53:57,77700.0,100,Buy,232601766
2024-08-19 09:53:57,77800.0,900,Buy,232601767
2024-08-19 09:54:10,77700.0,1000,Buy,232602165
2024-08-19 09:54:14,77700.0,1000,Buy,232602404
2024-08-19 09:54:14,77800.0,100,Buy,232602405
2024-08-19 09:54:14,77800.0,900,Buy,232602406
2024-08-19 09:54:22,77800.0,400,Buy,232602683
2024-08-19 09:54:25,77800.0,5000,Buy,232602762
2024-08-19 09:54:50,77800.0,200,Buy,232603547
2024-08-19 09:54:59,77600.0,100,Sell,232603768
2024-08-19 09:54:59,77700.0,100,Sell,232603767
2024-08-19 09:55:06,77600.0,100,Sell,232603962
2024-08-19 09:55:22,77600.0,100,Sell,232604465
2024-08-19 09:55:32,77600.0,200,Sell,232604817
2024-08-19 09:55:38,77700.0,100,Buy,232605132
2024-08-19 09:55:39,77800.0,100,Buy,232605155
2024-08-19 09:55:39,77800.0,400,Buy,232605154
2024-08-19 09:55:39,77800.0,100,Buy,232605153
2024-08-19 09:55:39,77800.0,100,Buy,232605156
2024-08-19 09:55:39,77800.0,100,Buy,232605151
2024-08-19 09:55:39,77800.0,2000,Buy,232605150
2024-08-19 09:55:39,77700.0,100,Buy,232605149
2024-08-19 09:55:39,77800.0,100,Buy,232605152
2024-08-19 09:55:54,77800.0,500,Buy,232605575
2024-08-19 09:55:54,77800.0,500,Buy,232605576
2024-08-19 09:55:54,77800.0,100,Buy,232605577
2024-08-19 09:55:54,77800.0,100,Buy,232605578
2024-08-19 09:55:54,77800.0,200,Buy,232605574
2024-08-19 09:55:55,77800.0,100,Sell,232605592
2024-08-19 09:55:59,77800.0,300,Sell,232605720
2024-08-19 09:56:00,77800.0,500,Sell,232605728
2024-08-19 09:56:09,77900.0,100,Buy,232605991
2024-08-19 09:56:10,77800.0,3000,Sell,232606015
2024-08-19 09:56:14,77800.0,100,Sell,232606196
2024-08-19 09:56:17,77900.0,4400,Buy,232606269
2024-08-19 09:56:17,77900.0,300,Buy,232606268
2024-08-19 09:56:17,77900.0,200,Buy,232606266
2024-08-19 09:56:17,77900.0,100,Buy,232606267
2024-08-19 09:56:20,77900.0,4000,Buy,232606366
2024-08-19 09:56:20,77900.0,400,Buy,232606367
2024-08-19 09:56:20,77900.0,600,Buy,232606383
2024-08-19 09:56:20,77900.0,400,Buy,232606384
2024-08-19 09:56:20,77900.0,600,Buy,232606365
2024-08-19 09:56:21,77900.0,500,Buy,232606397
2024-08-19 09:56:21,77800.0,400,Sell,232606427
2024-08-19 09:56:22,78000.0,1000,Buy,232606464
2024-08-19 09:56:22,78000.0,100,Buy,232606465
2024-08-19 09:56:22,78000.0,1000,Buy,232606466
2024-08-19 09:56:22,78000.0,200,Buy,232606467
2024-08-19 09:56:22,78000.0,100,Buy,232606468
2024-08-19 09:56:22,78000.0,2000,Buy,232606469
2024-08-19 09:56:22,78000.0,1500,Buy,232606470
2024-08-19 09:56:22,78000.0,100,Buy,232606475
2024-08-19 09:56:22,78000.0,100,Buy,232606473
2024-08-19 09:56:22,78000.0,500,Buy,232606474
2024-08-19 09:56:22,78000.0,100,Buy,232606463
2024-08-19 09:56:22,78000.0,1200,Buy,232606477
2024-08-19 09:56:22,78000.0,2500,Buy,232606478
2024-08-19 09:56:22,78000.0,2000,Buy,232606479
2024-08-19 09:56:22,78000.0,100,Buy,232606480
2024-08-19 09:56:22,78000.0,500,Buy,232606472
2024-08-19 09:56:22,78000.0,100,Buy,232606476
2024-08-19 09:56:22,78000.0,200,Buy,232606462
2024-08-19 09:56:22,78000.0,500,Buy,232606460
2024-08-19 09:56:22,77900.0,1100,Buy,232606443
2024-08-19 09:56:22,77900.0,1500,Buy,232606444
2024-08-19 09:56:22,78000.0,100,Buy,232606445
2024-08-19 09:56:22,78000.0,300,Buy,232606446
2024-08-19 09:56:22,78000.0,200,Buy,232606461
2024-08-19 09:56:22,78000.0,300,Buy,232606448
2024-08-19 09:56:22,78000.0,100,Buy,232606449
2024-08-19 09:56:22,78000.0,500,Buy,232606450
2024-08-19 09:56:22,78000.0,1000,Buy,232606447
2024-08-19 09:56:22,78000.0,100,Buy,232606452
2024-08-19 09:56:22,78000.0,100,Buy,232606453
2024-08-19 09:56:22,78000.0,100,Buy,232606454
2024-08-19 09:56:22,78000.0,100,Buy,232606455
2024-08-19 09:56:22,78000.0,100,Buy,232606456
2024-08-19 09:56:22,78000.0,100,Buy,232606457
2024-08-19 09:56:22,78000.0,300,Buy,232606458
2024-08-19 09:56:22,78000.0,100,Buy,232606459
2024-08-19 09:56:22,78000.0,100,Buy,232606451
2024-08-19 09:56:25,78000.0,200,Sell,232606571
2024-08-19 09:56:29,78000.0,100,Sell,232606675
2024-08-19 09:56:29,78000.0,100,Sell,232606667
2024-08-19 09:56:34,78000.0,100,Sell,232606825
2024-08-19 09:56:42,78200.0,100,Sell,232607055
2024-08-19 09:56:42,78200.0,100,Buy,232607039
2024-08-19 09:56:42,78200.0,2000,Buy,232607038
2024-08-19 09:56:42,78200.0,500,Buy,232607037
2024-08-19 09:56:42,78200.0,100,Buy,232607036
2024-08-19 09:56:42,78100.0,600,Buy,232607034
2024-08-19 09:56:42,78100.0,200,Buy,232607033
2024-08-19 09:56:42,78100.0,100,Buy,232607030
2024-08-19 09:56:42,78100.0,200,Buy,232607035
2024-08-19 09:56:42,78100.0,2000,Buy,232607032
2024-08-19 09:56:42,78100.0,500,Buy,232607031
2024-08-19 09:56:49,78100.0,600,Sell,232607279
2024-08-19 09:56:49,78100.0,100,Sell,232607278
2024-08-19 09:56:54,78300.0,5000,Buy,232607437
2024-08-19 09:57:07,78100.0,1000,Sell,232607904
2024-08-19 09:57:20,78200.0,100,Buy,232608369
2024-08-19 09:57:22,78200.0,200,Sell,232608445
2024-08-19 09:57:31,78200.0,5000,Sell,232608732
2024-08-19 09:57:31,78300.0,1000,Buy,232608739
2024-08-19 09:57:31,78200.0,5000,Sell,232608741
2024-08-19 09:57:38,78300.0,1400,Buy,232608898
2024-08-19 09:57:38,78300.0,500,Buy,232608896
2024-08-19 09:57:38,78300.0,100,Buy,232608897
2024-08-19 09:57:41,78200.0,100,Sell,232608955
2024-08-19 09:57:47,78200.0,500,Buy,232609079
2024-08-19 09:57:50,78200.0,100,Buy,232609217
2024-08-19 09:57:54,78100.0,1400,Sell,232609374
2024-08-19 09:57:54,78100.0,100,Sell,232609375
2024-08-19 09:57:54,78100.0,500,Sell,232609376
2024-08-19 09:57:54,78100.0,1000,Sell,232609377
2024-08-19 09:58:11,78100.0,200,Buy,232609846
2024-08-19 09:58:11,78100.0,100,Sell,232609868
2024-08-19 09:58:15,78100.0,1000,Sell,232609942
2024-08-19 09:58:19,78000.0,100,Sell,232610085
2024-08-19 09:58:25,78000.0,500,Sell,232610342
2024-08-19 09:58:25,78000.0,600,Sell,232610344
2024-08-19 09:58:25,78000.0,9400,Sell,232610341
2024-08-19 09:58:25,78000.0,600,Sell,232610343
2024-08-19 09:58:29,78000.0,100,Sell,232610420
2024-08-19 09:58:30,78000.0,200,Sell,232610454
2024-08-19 09:58:37,77900.0,500,Sell,232610667
2024-08-19 09:58:39,78000.0,500,Buy,232610720
2024-08-19 09:58:39,78000.0,100,Buy,232610736
2024-08-19 09:58:57,77800.0,1000,Sell,232611195
2024-08-19 09:58:57,77800.0,100,Sell,232611196
2024-08-19 09:58:57,77800.0,1000,Sell,232611197
2024-08-19 09:59:08,77600.0,1000,Sell,232611488
2024-08-19 09:59:10,77800.0,400,Buy,232611533
2024-08-19 09:59:31,77800.0,200,Sell,232612265
2024-08-19 09:59:32,77800.0,300,Sell,232612298
2024-08-19 09:59:37,77800.0,100,Sell,232612425
2024-08-19 09:59:40,77800.0,300,Sell,232612520
2024-08-19 09:59:56,77600.0,100,Sell,232613075
2024-08-19 10:00:06,77800.0,700,Buy,232613353
2024-08-19 10:00:06,77800.0,200,Buy,232613354
2024-08-19 10:00:06,77800.0,100,Buy,232613355
2024-08-19 10:00:22,77800.0,400,Buy,232613861
2024-08-19 10:00:22,77800.0,600,Buy,232613862
2024-08-19 10:00:49,77800.0,200,Buy,232614696
2024-08-19 10:01:17,77800.0,300,Buy,232615371
2024-08-19 10:01:32,77700.0,100,Sell,232615779
2024-08-19 10:01:36,77700.0,900,Sell,232615887
2024-08-19 10:01:36,77700.0,200,Sell,232615888
2024-08-19 10:01:36,77700.0,1000,Sell,232615889
2024-08-19 10:01:36,77700.0,100,Sell,232615890
2024-08-19 10:01:42,77700.0,400,Sell,232616098
2024-08-19 10:01:49,77700.0,200,Buy,232616218
2024-08-19 10:01:49,77700.0,1000,Sell,232616229
2024-08-19 10:01:51,77700.0,100,Sell,232616267
2024-08-19 10:01:51,77700.0,2400,Sell,232616277
2024-08-19 10:02:00,77700.0,300,Sell,232616444
2024-08-19 10:02:26,77700.0,2000,Sell,232617040
2024-08-19 10:02:26,77700.0,200,Sell,232617052
2024-08-19 10:02:29,77700.0,1300,Sell,232617132
2024-08-19 10:02:32,77700.0,1200,Sell,232617177
2024-08-19 10:02:34,77700.0,300,Sell,232617259
2024-08-19 10:02:38,77800.0,1300,Buy,232617433
2024-08-19 10:02:38,77800.0,100,Buy,232617432
2024-08-19 10:02:39,77700.0,100,Sell,232617463
2024-08-19 10:02:42,78000.0,100,Buy,232617557
2024-08-19 10:02:42,78000.0,400,Buy,232617556
2024-08-19 10:02:42,78000.0,7000,Buy,232617555
2024-08-19 10:02:42,78000.0,500,Buy,232617554
2024-08-19 10:02:42,78000.0,100,Buy,232617553
2024-08-19 10:02:42,78000.0,300,Buy,232617552
2024-08-19 10:02:42,78000.0,1000,Buy,232617551
2024-08-19 10:02:42,78000.0,500,Buy,232617550
2024-08-19 10:02:42,78000.0,100,Buy,232617549
2024-08-19 10:02:42,78000.0,100,Buy,232617548
2024-08-19 10:02:42,78000.0,100,Buy,232617547
2024-08-19 10:02:42,78000.0,200,Buy,232617546
2024-08-19 10:02:42,78000.0,1000,Buy,232617545
2024-08-19 10:02:42,78000.0,600,Buy,232617543
2024-08-19 10:02:42,77800.0,100,Buy,232617535
2024-08-19 10:02:42,77900.0,100,Buy,232617541
2024-08-19 10:02:42,77800.0,500,Buy,232617528
2024-08-19 10:02:42,77800.0,100,Buy,232617529
2024-08-19 10:02:42,77800.0,100,Buy,232617530
2024-08-19 10:02:42,77800.0,2200,Buy,232617531
2024-08-19 10:02:42,78000.0,100,Buy,232617542
2024-08-19 10:02:42,77800.0,600,Buy,232617533
2024-08-19 10:02:42,77800.0,500,Buy,232617532
2024-08-19 10:02:42,77900.0,1000,Buy,232617536
2024-08-19 10:02:42,77900.0,100,Buy,232617537
2024-08-19 10:02:42,77900.0,600,Buy,232617538
2024-08-19 10:02:42,77900.0,500,Buy,232617539
2024-08-19 10:02:42,77900.0,100,Buy,232617540
2024-08-19 10:02:42,77800.0,300,Buy,232617534
2024-08-19 10:02:55,78100.0,100,Buy,232617856
2024-08-19 10:03:09,78000.0,100,Sell,232618141
2024-08-19 10:03:34,78100.0,200,Buy,232618607
2024-08-19 10:03:37,78100.0,500,Sell,232618680
2024-08-19 10:03:37,78100.0,300,Buy,232618667
2024-08-19 10:03:37,78100.0,2000,Buy,232618666
2024-08-19 10:03:37,78100.0,500,Buy,232618665
2024-08-19 10:03:37,78100.0,200,Buy,232618664
2024-08-19 10:03:43,78100.0,100,Sell,232618774
2024-08-19 10:03:51,78200.0,300,Buy,232618948
2024-08-19 10:03:51,78200.0,200,Buy,232618949
2024-08-19 10:03:54,78200.0,1000,Buy,232618992
2024-08-19 10:03:54,78200.0,100,Buy,232618993
2024-08-19 10:03:54,78200.0,100,Buy,232618994
2024-08-19 10:03:54,78200.0,100,Buy,232618995
2024-08-19 10:03:54,78200.0,200,Buy,232618996
2024-08-19 10:03:54,78200.0,300,Buy,232618997
2024-08-19 10:03:54,78200.0,500,Buy,232618998
2024-08-19 10:03:54,78200.0,100,Buy,232618999
2024-08-19 10:04:04,78200.0,100,Sell,232619266
2024-08-19 10:04:09,78300.0,100,Buy,232619480
2024-08-19 10:04:09,78300.0,100,Buy,232619479
2024-08-19 10:04:09,78300.0,300,Buy,232619478
2024-08-19 10:04:09,78300.0,100,Buy,232619477
2024-08-19 10:04:09,78300.0,600,Buy,232619476
2024-08-19 10:04:13,78500.0,500,Buy,232619673
2024-08-19 10:04:13,78500.0,2000,Buy,232619674
2024-08-19 10:04:13,78500.0,900,Buy,232619675
2024-08-19 10:04:13,78500.0,200,Buy,232619676
2024-08-19 10:04:13,78500.0,100,Buy,232619677
2024-08-19 10:04:13,78500.0,200,Buy,232619678
2024-08-19 10:04:13,78500.0,2000,Buy,232619679
2024-08-19 10:04:13,78500.0,2600,Buy,232619680
2024-08-19 10:04:13,78500.0,500,Buy,232619682
2024-08-19 10:04:13,78500.0,1000,Buy,232619689
2024-08-19 10:04:13,78500.0,400,Buy,232619684
2024-08-19 10:04:13,78500.0,700,Buy,232619685
2024-08-19 10:04:13,78500.0,300,Buy,232619686
2024-08-19 10:04:13,78500.0,100,Buy,232619687
2024-08-19 10:04:13,78500.0,100,Buy,232619688
2024-08-19 10:04:13,78500.0,500,Buy,232619690
2024-08-19 10:04:13,78500.0,500,Buy,232619691
2024-08-19 10:04:13,78500.0,200,Buy,232619672
2024-08-19 10:04:13,78500.0,5000,Buy,232619683
2024-08-19 10:04:13,78500.0,1000,Buy,232619671
2024-08-19 10:04:13,78500.0,100,Buy,232619681
2024-08-19 10:04:13,78500.0,100,Buy,232619669
2024-08-19 10:04:13,78500.0,100,Buy,232619670
2024-08-19 10:04:13,78300.0,100,Buy,232619650
2024-08-19 10:04:13,78300.0,1000,Buy,232619651
2024-08-19 10:04:13,78300.0,600,Buy,232619652
2024-08-19 10:04:13,78300.0,1700,Buy,232619653
2024-08-19 10:04:13,78300.0,200,Buy,232619654
2024-08-19 10:04:13,78300.0,100,Buy,232619655
2024-08-19 10:04:13,78300.0,100,Buy,232619656
2024-08-19 10:04:13,78400.0,2000,Buy,232619658
2024-08-19 10:04:13,78400.0,500,Buy,232619659
2024-08-19 10:04:13,78300.0,500,Buy,232619657
2024-08-19 10:04:13,78400.0,1000,Buy,232619660
2024-08-19 10:04:13,78400.0,100,Buy,232619661
2024-08-19 10:04:13,78400.0,100,Buy,232619662
2024-08-19 10:04:13,78400.0,500,Buy,232619663
2024-08-19 10:04:13,78400.0,300,Buy,232619664
2024-08-19 10:04:13,78400.0,100,Buy,232619665
2024-08-19 10:04:13,78500.0,100,Buy,232619666
2024-08-19 10:04:13,78500.0,100,Buy,232619667
2024-08-19 10:04:13,78500.0,200,Buy,232619668
2024-08-19 10:04:13,78300.0,400,Buy,232619649
2024-08-19 10:04:18,78500.0,400,Sell,232619791
2024-08-19 10:04:18,78600.0,1400,Buy,232619798
2024-08-19 10:04:28,78700.0,1000,Buy,232619945
2024-08-19 10:04:28,78700.0,900,Buy,232619946
2024-08-19 10:04:28,78700.0,100,Buy,232619944
2024-08-19 10:04:28,78500.0,200,Sell,232619950
2024-08-19 10:04:28,78600.0,300,Buy,232619942
2024-08-19 10:04:28,78600.0,2000,Buy,232619941
2024-08-19 10:04:28,78600.0,600,Buy,232619940
2024-08-19 10:04:28,78600.0,100,Buy,232619943
2024-08-19 10:04:29,78700.0,1100,Buy,232619976
2024-08-19 10:04:29,78800.0,100,Buy,232619977
2024-08-19 10:04:29,78800.0,1000,Buy,232619978
2024-08-19 10:04:29,78800.0,300,Buy,232619979
2024-08-19 10:04:32,78600.0,500,Sell,232620143
2024-08-19 10:04:33,78600.0,1500,Sell,232620156
2024-08-19 10:04:33,78600.0,1000,Buy,232620159
2024-08-19 10:04:38,78600.0,300,Buy,232620222
2024-08-19 10:04:41,78800.0,100,Buy,232620318
2024-08-19 10:04:41,78800.0,1000,Buy,232620317
2024-08-19 10:04:41,78800.0,100,Buy,232620319
2024-08-19 10:04:41,78800.0,100,Buy,232620315
2024-08-19 10:04:41,78800.0,1700,Buy,232620314
2024-08-19 10:04:41,78800.0,100,Buy,232620316
2024-08-19 10:04:42,78800.0,500,Sell,232620364
2024-08-19 10:04:44,79000.0,300,Buy,232620433
2024-08-19 10:04:44,79000.0,100,Buy,232620434
2024-08-19 10:04:44,79000.0,100,Buy,232620435
2024-08-19 10:04:44,79000.0,300,Buy,232620436
2024-08-19 10:04:44,79000.0,5000,Buy,232620437
2024-08-19 10:04:44,79000.0,100,Buy,232620438
2024-08-19 10:04:44,79000.0,100,Buy,232620432
2024-08-19 10:04:44,79000.0,1000,Buy,232620441
2024-08-19 10:04:44,79000.0,100,Buy,232620442
2024-08-19 10:04:44,79000.0,200,Buy,232620443
2024-08-19 10:04:44,79000.0,100,Buy,232620444
2024-08-19 10:04:44,79000.0,100,Buy,232620445
2024-08-19 10:04:44,79000.0,100,Buy,232620446
2024-08-19 10:04:44,79000.0,2000,Buy,232620439
2024-08-19 10:04:44,79000.0,100,Buy,232620431
2024-08-19 10:04:44,79000.0,500,Buy,232620440
2024-08-19 10:04:44,79000.0,200,Buy,232620429
2024-08-19 10:04:44,78800.0,500,Sell,232620408
2024-08-19 10:04:44,78900.0,1000,Buy,232620414
2024-08-19 10:04:44,78900.0,500,Buy,232620415
2024-08-19 10:04:44,78900.0,2000,Buy,232620416
2024-08-19 10:04:44,78900.0,100,Buy,232620417
2024-08-19 10:04:44,78900.0,100,Buy,232620418
2024-08-19 10:04:44,78900.0,100,Buy,232620421
2024-08-19 10:04:44,79000.0,100,Buy,232620430
2024-08-19 10:04:44,79000.0,100,Buy,232620423
2024-08-19 10:04:44,79000.0,600,Buy,232620424
2024-08-19 10:04:44,79000.0,1000,Buy,232620425
2024-08-19 10:04:44,79000.0,1000,Buy,232620426
2024-08-19 10:04:44,79000.0,500,Buy,232620427
2024-08-19 10:04:44,79000.0,100,Buy,232620428
2024-08-19 10:04:44,79000.0,200,Buy,232620422
2024-08-19 10:04:45,79000.0,2500,Buy,232620451
2024-08-19 10:04:45,79000.0,600,Buy,232620449
2024-08-19 10:04:45,79000.0,100,Buy,232620450
2024-08-19 10:04:46,78900.0,100,Sell,232620491
2024-08-19 10:04:53,79000.0,100,Buy,232620658
2024-08-19 10:04:53,79000.0,100,Buy,232620659
2024-08-19 10:05:00,79300.0,100,Buy,232620816
2024-08-19 10:05:00,79400.0,100,Buy,232620820
2024-08-19 10:05:00,79300.0,1000,Buy,232620819
2024-08-19 10:05:00,79300.0,2000,Buy,232620818
2024-08-19 10:05:00,79200.0,200,Buy,232620815
2024-08-19 10:05:00,79400.0,2000,Buy,232620821
2024-08-19 10:05:00,79200.0,100,Buy,232620813
2024-08-19 10:05:00,79200.0,2000,Buy,232620814
2024-08-19 10:05:00,79000.0,1000,Sell,232620808
2024-08-19 10:05:00,79100.0,100,Buy,232620809
2024-08-19 10:05:00,79300.0,500,Buy,232620817
2024-08-19 10:05:00,79100.0,200,Buy,232620811
2024-08-19 10:05:00,79100.0,2000,Buy,232620810
2024-08-19 10:05:00,79100.0,500,Buy,232620812
2024-08-19 10:05:05,79400.0,100,Sell,232620916
2024-08-19 10:05:06,79400.0,100,Sell,232620935
2024-08-19 10:05:07,79500.0,1400,Buy,232620982
2024-08-19 10:05:07,79500.0,100,Buy,232620981
2024-08-19 10:05:07,79500.0,100,Buy,232620979
2024-08-19 10:05:07,79500.0,100,Buy,232620977
2024-08-19 10:05:07,79500.0,500,Buy,232620980
2024-08-19 10:05:07,79500.0,300,Buy,232620975
2024-08-19 10:05:07,79500.0,100,Buy,232620976
2024-08-19 10:05:07,79500.0,200,Buy,232620971
2024-08-19 10:05:07,79500.0,100,Buy,232620978
2024-08-19 10:05:07,79500.0,100,Buy,232620973
2024-08-19 10:05:07,79500.0,200,Buy,232620974
2024-08-19 10:05:07,79500.0,500,Buy,232620972
2024-08-19 10:05:08,79500.0,1300,Buy,232621011
2024-08-19 10:05:09,79500.0,300,Buy,232621033
2024-08-19 10:05:09,79500.0,2000,Buy,232621035
2024-08-19 10:05:09,79500.0,1000,Buy,232621036
2024-08-19 10:05:09,79500.0,2000,Buy,232621037
2024-08-19 10:05:09,79500.0,100,Buy,232621038
2024-08-19 10:05:09,79500.0,3700,Buy,232621039
2024-08-19 10:05:09,79500.0,900,Buy,232621034
2024-08-19 10:05:11,79500.0,100,Buy,232621061
2024-08-19 10:05:11,79400.0,100,Sell,232621058
2024-08-19 10:05:11,79500.0,100,Buy,232621060
2024-08-19 10:05:15,79500.0,500,Sell,232621122
2024-08-19 10:05:16,79500.0,100,Sell,232621158
2024-08-19 10:05:17,79500.0,100,Sell,232621167
2024-08-19 10:05:18,79600.0,500,Buy,232621179
2024-08-19 10:05:18,79500.0,100,Sell,232621180
2024-08-19 10:05:22,79500.0,1200,Sell,232621270
2024-08-19 10:05:22,79500.0,800,Sell,232621271
2024-08-19 10:05:22,79600.0,700,Buy,232621277
2024-08-19 10:05:22,79600.0,300,Buy,232621278
2024-08-19 10:05:24,79600.0,1000,Buy,232621313
2024-08-19 10:05:25,79600.0,700,Buy,232621348
2024-08-19 10:05:25,79600.0,200,Buy,232621349
2024-08-19 10:05:25,79600.0,100,Buy,232621350
2024-08-19 10:05:25,79600.0,100,Sell,232621351
2024-08-19 10:05:26,79600.0,1000,Sell,232621361
2024-08-19 10:05:32,79600.0,100,Sell,232621472
2024-08-19 10:05:34,79700.0,100,Buy,232621503
2024-08-19 10:05:35,79700.0,2000,Buy,232621515
2024-08-19 10:05:35,79800.0,2000,Buy,232621516
2024-08-19 10:05:35,79800.0,200,Buy,232621517
2024-08-19 10:05:35,79800.0,600,Buy,232621518
2024-08-19 10:05:35,79800.0,100,Buy,232621519
2024-08-19 10:05:35,79800.0,100,Buy,232621520
2024-08-19 10:05:36,80000.0,400,Buy,232621536
2024-08-19 10:05:36,80000.0,1500,Buy,232621535
2024-08-19 10:05:36,80000.0,200,Buy,232621533
2024-08-19 10:05:36,80000.0,100,Buy,232621532
2024-08-19 10:05:36,80000.0,100,Buy,232621534
2024-08-19 10:05:36,79900.0,100,Buy,232621530
2024-08-19 10:05:36,79900.0,2000,Buy,232621529
2024-08-19 10:05:36,79900.0,100,Buy,232621528
2024-08-19 10:05:36,79900.0,100,Buy,232621527
2024-08-19 10:05:36,79800.0,400,Buy,232621526
2024-08-19 10:05:36,79900.0,100,Buy,232621531
2024-08-19 10:05:38,79600.0,200,Sell,232621626
2024-08-19 10:05:38,79600.0,2800,Sell,232621625
2024-08-19 10:05:38,80000.0,200,Buy,232621577
2024-08-19 10:05:38,80000.0,100,Buy,232621576
2024-08-19 10:05:38,80000.0,200,Buy,232621575
2024-08-19 10:05:38,80000.0,100,Buy,232621573
2024-08-19 10:05:38,80000.0,100,Buy,232621572
2024-08-19 10:05:38,80000.0,200,Buy,232621574
2024-08-19 10:05:38,80000.0,2000,Buy,232621570
2024-08-19 10:05:38,80000.0,1300,Buy,232621569
2024-08-19 10:05:38,80000.0,500,Buy,232621568
2024-08-19 10:05:38,80000.0,700,Buy,232621567
2024-08-19 10:05:38,80000.0,500,Buy,232621566
2024-08-19 10:05:38,80000.0,100,Buy,232621565
2024-08-19 10:05:38,80000.0,1000,Buy,232621564
2024-08-19 10:05:38,80000.0,3000,Buy,232621571
2024-08-19 10:05:44,80000.0,100,Buy,232621776
2024-08-19 10:05:44,80000.0,100,Buy,232621775
2024-08-19 10:05:44,80000.0,100,Buy,232621774
2024-08-19 10:05:44,80000.0,200,Buy,232621773
2024-08-19 10:05:44,80000.0,300,Buy,232621769
2024-08-19 10:05:44,80000.0,500,Buy,232621771
2024-08-19 10:05:44,80000.0,100,Buy,232621770
2024-08-19 10:05:44,80000.0,300,Buy,232621768
2024-08-19 10:05:44,80000.0,100,Buy,232621772
2024-08-19 10:05:44,80000.0,1000,Buy,232621777
2024-08-19 10:05:44,80000.0,100,Buy,232621778
2024-08-19 10:05:44,80000.0,1900,Buy,232621780
2024-08-19 10:05:44,80000.0,1400,Buy,232621795
2024-08-19 10:05:44,80000.0,500,Buy,232621794
2024-08-19 10:05:44,80000.0,200,Buy,232621779
2024-08-19 10:05:44,80000.0,100,Buy,232621792
2024-08-19 10:05:44,80000.0,200,Buy,232621793
2024-08-19 10:05:48,79900.0,9700,Sell,232621908
2024-08-19 10:05:52,80000.0,300,Buy,232621979
2024-08-19 10:05:52,80000.0,100,Buy,232621978
2024-08-19 10:05:52,80000.0,100,Buy,232621977
2024-08-19 10:05:52,79900.0,100,Buy,232621972
2024-08-19 10:05:52,80000.0,200,Buy,232621975
2024-08-19 10:05:52,80000.0,1000,Buy,232621974
2024-08-19 10:05:52,80000.0,3400,Buy,232621973
2024-08-19 10:05:52,80000.0,100,Buy,232621976
2024-08-19 10:05:53,80000.0,700,Buy,232621990
2024-08-19 10:05:53,80000.0,3000,Buy,232621991
2024-08-19 10:05:53,80000.0,1300,Buy,232621992
2024-08-19 10:05:54,80000.0,100,Buy,232622007
2024-08-19 10:05:54,80000.0,400,Buy,232622008
2024-08-19 10:05:54,80000.0,200,Buy,232622005
2024-08-19 10:05:54,80000.0,1200,Buy,232622004
2024-08-19 10:05:54,80000.0,100,Buy,232622006
2024-08-19 10:05:56,79900.0,100,Buy,232622045
2024-08-19 10:05:56,80000.0,500,Buy,232622046
2024-08-19 10:05:56,80000.0,100,Buy,232622077
2024-08-19 10:05:56,80000.0,100,Buy,232622078
2024-08-19 10:05:56,80000.0,300,Buy,232622079
2024-08-19 10:06:00,79800.0,100,Buy,232622131
2024-08-19 10:06:00,79700.0,100,Sell,232622133
2024-08-19 10:06:07,79700.0,300,Sell,232622249
2024-08-19 10:06:07,80000.0,300,Buy,232622232
2024-08-19 10:06:07,79700.0,700,Sell,232622248
2024-08-19 10:06:07,79900.0,1100,Buy,232622230
2024-08-19 10:06:07,79800.0,400,Buy,232622229
2024-08-19 10:06:07,80000.0,200,Buy,232622231
2024-08-19 10:06:12,80000.0,200,Buy,232622354
2024-08-19 10:06:12,79700.0,1000,Buy,232622353
2024-08-19 10:06:12,80000.0,1300,Buy,232622355
2024-08-19 10:06:13,79600.0,300,Sell,232622387
2024-08-19 10:06:13,79600.0,1000,Sell,232622388
2024-08-19 10:06:13,79600.0,100,Sell,232622389
2024-08-19 10:06:18,79900.0,2000,Buy,232622517
2024-08-19 10:06:22,79500.0,2000,Sell,232622564
2024-08-19 10:06:23,79100.0,100,Sell,232622587
2024-08-19 10:06:35,79700.0,100,Buy,232622829
2024-08-19 10:06:53,79500.0,800,Buy,232623233
2024-08-19 10:07:03,79500.0,500,Buy,232623407
2024-08-19 10:07:03,79500.0,200,Buy,232623406
2024-08-19 10:07:03,79500.0,100,Buy,232623399
2024-08-19 10:07:13,79500.0,100,Buy,232623602
2024-08-19 10:07:14,79500.0,100,Buy,232623610
2024-08-19 10:07:27,79200.0,200,Sell,232623920
2024-08-19 10:07:33,79200.0,100,Sell,232624045
2024-08-19 10:07:35,79200.0,100,Sell,232624077
2024-08-19 10:07:35,79100.0,900,Sell,232624078
2024-08-19 10:07:42,79200.0,500,Buy,232624262
2024-08-19 10:07:50,79200.0,100,Sell,232624416
2024-08-19 10:07:51,79200.0,100,Sell,232624423
2024-08-19 10:07:54,79200.0,1300,Sell,232624449
2024-08-19 10:07:54,79200.0,1000,Sell,232624450
2024-08-19 10:07:54,79200.0,100,Sell,232624451
2024-08-19 10:07:58,79200.0,200,Buy,232624498
2024-08-19 10:07:59,79100.0,100,Sell,232624577
2024-08-19 10:08:00,79200.0,100,Buy,232624593
2024-08-19 10:08:05,79100.0,400,Sell,232624670
2024-08-19 10:08:05,79000.0,1000,Sell,232624675
2024-08-19 10:08:05,79000.0,1000,Sell,232624676
2024-08-19 10:08:05,79000.0,300,Sell,232624677
2024-08-19 10:08:05,79000.0,300,Sell,232624678
2024-08-19 10:08:13,79000.0,400,Sell,232624948
2024-08-19 10:08:13,79000.0,400,Sell,232624949
2024-08-19 10:08:42,78800.0,100,Sell,232625445
2024-08-19 10:08:51,78800.0,500,Sell,232625725
2024-08-19 10:08:54,78800.0,200,Sell,232625767
2024-08-19 10:08:58,78800.0,100,Sell,232625866
2024-08-19 10:09:00,78800.0,100,Sell,232625888
2024-08-19 10:09:03,78800.0,200,Buy,232625942
2024-08-19 10:09:06,78800.0,200,Buy,232625985
2024-08-19 10:09:12,78800.0,100,Buy,232626114
2024-08-19 10:09:14,78800.0,900,Buy,232626137
2024-08-19 10:09:14,78800.0,100,Buy,232626138
2024-08-19 10:09:22,78800.0,100,Buy,232626307
2024-08-19 10:09:36,78500.0,100,Sell,232626592
2024-08-19 10:09:47,78800.0,100,Buy,232626728
2024-08-19 10:09:47,78800.0,400,Buy,232626729
2024-08-19 10:10:15,78600.0,500,Sell,232627200
2024-08-19 10:10:15,78500.0,100,Sell,232627201
2024-08-19 10:10:15,78500.0,2000,Sell,232627202
2024-08-19 10:10:15,78500.0,300,Sell,232627203
2024-08-19 10:10:15,78500.0,2100,Sell,232627204
2024-08-19 10:10:21,78500.0,500,Sell,232627312
2024-08-19 10:10:21,78500.0,3500,Sell,232627310
2024-08-19 10:10:21,78500.0,2000,Sell,232627311
2024-08-19 10:10:28,78300.0,3000,Sell,232627447
2024-08-19 10:10:28,78300.0,2000,Sell,232627448
2024-08-19 10:10:29,78500.0,400,Buy,232627464
2024-08-19 10:10:32,78500.0,400,Buy,232627512
2024-08-19 10:10:36,78300.0,1000,Sell,232627586
2024-08-19 10:10:51,78500.0,1000,Buy,232627921
2024-08-19 10:10:52,78300.0,1100,Sell,232627953
2024-08-19 10:11:13,78300.0,100,Sell,232628320
2024-08-19 10:11:25,78300.0,100,Sell,232628543
2024-08-19 10:12:06,78300.0,500,Sell,232629318
2024-08-19 10:12:06,78300.0,500,Sell,232629317
2024-08-19 10:12:06,78300.0,700,Sell,232629315
2024-08-19 10:12:06,78400.0,300,Sell,232629314
2024-08-19 10:12:06,78300.0,200,Sell,232629316
2024-08-19 10:12:09,78300.0,2800,Buy,232629340
2024-08-19 10:12:09,78400.0,400,Buy,232629341
2024-08-19 10:12:09,78500.0,1800,Buy,232629342
2024-08-19 10:12:49,78100.0,100,Sell,232630053
2024-08-19 10:13:02,78500.0,100,Buy,232630220
2024-08-19 10:13:35,78500.0,900,Buy,232630746
2024-08-19 10:13:35,78500.0,300,Buy,232630745
2024-08-19 10:13:35,78500.0,100,Buy,232630744
2024-08-19 10:13:35,78500.0,700,Buy,232630743
2024-08-19 10:13:35,78500.0,100,Buy,232630742
2024-08-19 10:13:35,78500.0,200,Buy,232630738
2024-08-19 10:13:35,78500.0,500,Buy,232630740
2024-08-19 10:13:35,78500.0,1000,Buy,232630741
2024-08-19 10:13:35,78500.0,14800,Buy,232630735
2024-08-19 10:13:35,78500.0,100,Buy,232630737
2024-08-19 10:13:35,78500.0,300,Buy,232630739
2024-08-19 10:13:35,78500.0,1000,Buy,232630736
2024-08-19 10:13:45,78200.0,1200,Sell,232630907
2024-08-19 10:13:45,78200.0,100,Sell,232630908
2024-08-19 10:13:45,78100.0,400,Sell,232630909
2024-08-19 10:13:45,78100.0,100,Sell,232630910
2024-08-19 10:13:45,78100.0,1600,Sell,232630911
2024-08-19 10:14:14,78200.0,100,Sell,232631325
2024-08-19 10:14:26,78200.0,100,Sell,232631555
2024-08-19 10:14:46,78100.0,100,Sell,232631959
2024-08-19 10:14:46,78100.0,1000,Sell,232631958
2024-08-19 10:14:46,78100.0,3000,Sell,232631956
2024-08-19 10:14:46,78100.0,100,Sell,232631957
2024-08-19 10:14:46,78100.0,500,Sell,232631954
2024-08-19 10:14:46,78100.0,3400,Sell,232631953
2024-08-19 10:14:46,78200.0,800,Sell,232631952
2024-08-19 10:14:46,78100.0,1000,Sell,232631955
2024-08-19 10:15:08,78100.0,100,Buy,232632447
2024-08-19 10:15:37,78100.0,100,Buy,232633053
2024-08-19 10:15:37,78100.0,100,Buy,232633054
2024-08-19 10:15:38,78100.0,100,Buy,232633059
2024-08-19 10:15:42,78100.0,200,Sell,232633116
2024-08-19 10:16:03,78100.0,100,Sell,232633663
2024-08-19 10:17:39,78200.0,300,Sell,232635197
2024-08-19 10:17:40,78200.0,100,Sell,232635215
2024-08-19 10:17:51,78200.0,100,Sell,232635420
2024-08-19 10:17:51,78200.0,100,Sell,232635393
2024-08-19 10:19:10,78200.0,100,Sell,232637423
2024-08-19 10:19:10,78200.0,400,Sell,232637421
2024-08-19 10:19:10,78200.0,500,Sell,232637422
2024-08-19 10:19:16,78200.0,100,Sell,232637515
2024-08-19 10:20:13,78300.0,100,Buy,232638721
2024-08-19 10:20:18,78200.0,200,Sell,232638799
2024-08-19 10:20:18,78200.0,100,Sell,232638800
2024-08-19 10:20:18,78200.0,1000,Sell,232638801
2024-08-19 10:20:18,78200.0,100,Sell,232638802
2024-08-19 10:20:18,78200.0,500,Sell,232638803
2024-08-19 10:20:35,78200.0,1400,Buy,232639121
2024-08-19 10:20:35,78200.0,100,Buy,232639120
2024-08-19 10:20:53,78200.0,300,Buy,232639416
2024-08-19 10:20:53,78100.0,100,Sell,232639417
2024-08-19 10:21:13,78200.0,100,Buy,232639803
2024-08-19 10:21:18,78200.0,1200,Buy,232639883
2024-08-19 10:21:18,78200.0,300,Buy,232639884
2024-08-19 10:21:19,78200.0,100,Buy,232639902
2024-08-19 10:22:13,78000.0,500,Sell,232641166
2024-08-19 10:22:13,78000.0,300,Sell,232641167
2024-08-19 10:22:13,78000.0,100,Sell,232641161
2024-08-19 10:22:13,78000.0,500,Sell,232641169
2024-08-19 10:22:13,77900.0,4700,Sell,232641170
2024-08-19 10:22:13,78000.0,2000,Sell,232641165
2024-08-19 10:22:13,78000.0,300,Sell,232641168
2024-08-19 10:22:13,78000.0,500,Sell,232641164
2024-08-19 10:22:13,78000.0,100,Sell,232641159
2024-08-19 10:22:13,78000.0,2000,Sell,232641162
2024-08-19 10:22:13,78000.0,100,Sell,232641160
2024-08-19 10:22:13,78100.0,100,Sell,232641158
2024-08-19 10:22:13,78100.0,200,Sell,232641157
2024-08-19 10:22:13,78100.0,3000,Sell,232641156
2024-08-19 10:22:13,78100.0,500,Sell,232641155
2024-08-19 10:22:13,78000.0,100,Sell,232641163
2024-08-19 10:22:30,77900.0,100,Sell,232641501
2024-08-19 10:22:34,77900.0,500,Sell,232641551
2024-08-19 10:23:46,77900.0,200,Sell,232643422
2024-08-19 10:24:06,77900.0,100,Sell,232644063
2024-08-19 10:24:07,77900.0,100,Sell,232644080
2024-08-19 10:24:09,78000.0,1000,Buy,232644107
2024-08-19 10:25:29,78000.0,100,Sell,232645958
2024-08-19 10:25:43,78000.0,100,Sell,232646201
2024-08-19 10:25:54,78000.0,100,Sell,232646395
2024-08-19 10:26:19,78200.0,200,Buy,232646846
2024-08-19 10:26:19,78200.0,200,Buy,232646847
2024-08-19 10:26:19,78200.0,100,Buy,232646848
2024-08-19 10:26:44,78100.0,200,Buy,232647359
2024-08-19 10:27:02,78100.0,300,Sell,232647839
2024-08-19 10:27:02,78100.0,200,Sell,232647840
2024-08-19 10:27:20,78100.0,100,Sell,232648191
2024-08-19 10:27:24,78200.0,800,Buy,232648292
2024-08-19 10:27:34,78200.0,1000,Buy,232648457
2024-08-19 10:27:34,78200.0,300,Buy,232648458
2024-08-19 10:27:34,78200.0,1000,Buy,232648456
2024-08-19 10:27:34,78200.0,600,Buy,232648452
2024-08-19 10:27:34,78200.0,3000,Buy,232648454
2024-08-19 10:27:34,78200.0,1200,Buy,232648453
2024-08-19 10:27:34,78200.0,800,Buy,232648455
2024-08-19 10:27:45,78300.0,200,Buy,232648682
2024-08-19 10:27:47,78300.0,200,Buy,232648693
2024-08-19 10:27:47,78400.0,1100,Buy,232648705
2024-08-19 10:27:47,78400.0,400,Buy,232648706
2024-08-19 10:28:01,78400.0,600,Buy,232649067
2024-08-19 10:28:06,78300.0,100,Sell,232649158
2024-08-19 10:28:06,78200.0,100,Sell,232649159
2024-08-19 10:28:14,78400.0,100,Buy,232649300
2024-08-19 10:28:18,78400.0,500,Sell,232649380
2024-08-19 10:28:26,78500.0,100,Buy,232649530
2024-08-19 10:28:26,78500.0,100,Buy,232649531
2024-08-19 10:28:46,78500.0,1400,Buy,232650013
2024-08-19 10:28:57,78400.0,100,Sell,232650334
2024-08-19 10:29:03,78500.0,1300,Buy,232650457
2024-08-19 10:29:03,78500.0,200,Buy,232650456
2024-08-19 10:29:03,78500.0,5000,Buy,232650455
2024-08-19 10:29:03,78500.0,500,Buy,232650454
2024-08-19 10:29:03,78500.0,200,Buy,232650452
2024-08-19 10:29:03,78500.0,300,Buy,232650451
2024-08-19 10:29:03,78500.0,400,Buy,232650453
2024-08-19 10:29:03,78500.0,500,Buy,232650448
2024-08-19 10:29:03,78500.0,100,Buy,232650450
2024-08-19 10:29:03,78500.0,500,Buy,232650449
2024-08-19 10:29:12,78500.0,1000,Buy,232650623
2024-08-19 10:29:17,78500.0,200,Buy,232650679
2024-08-19 10:29:19,78500.0,300,Buy,232650700
2024-08-19 10:29:20,78500.0,400,Buy,232650725
2024-08-19 10:29:21,78500.0,100,Buy,232650756
2024-08-19 10:29:21,78500.0,300,Buy,232650753
2024-08-19 10:29:21,78500.0,100,Buy,232650754
2024-08-19 10:29:21,78500.0,100,Buy,232650755
2024-08-19 10:29:25,78500.0,100,Sell,232650798
2024-08-19 10:29:28,78500.0,200,Sell,232650848
2024-08-19 10:29:35,78600.0,200,Buy,232650987
2024-08-19 10:29:56,78500.0,100,Sell,232651423
2024-08-19 10:30:11,78500.0,100,Sell,232651765
2024-08-19 10:30:15,78500.0,100,Sell,232651845
2024-08-19 10:30:17,78600.0,100,Buy,232651882
2024-08-19 10:30:33,78500.0,100,Sell,232652124
2024-08-19 10:30:56,78500.0,100,Sell,232652525
2024-08-19 10:31:05,78700.0,100,Buy,232652718
2024-08-19 10:31:05,78500.0,100,Sell,232652720
2024-08-19 10:31:14,78500.0,100,Sell,232652887
2024-08-19 10:31:50,78500.0,900,Sell,232653563
2024-08-19 10:31:50,78500.0,100,Sell,232653564
2024-08-19 10:31:50,78500.0,1800,Sell,232653565
2024-08-19 10:32:11,78500.0,100,Sell,232654022
2024-08-19 10:32:29,78500.0,2000,Sell,232654301
2024-08-19 10:32:40,78600.0,200,Buy,232654503
2024-08-19 10:32:53,78500.0,5000,Sell,232654697
2024-08-19 10:32:55,78500.0,400,Sell,232654718
2024-08-19 10:33:08,78500.0,600,Sell,232654944
2024-08-19 10:33:25,78500.0,100,Sell,232655175
2024-08-19 10:33:25,78500.0,100,Sell,232655174
2024-08-19 10:33:41,78500.0,100,Sell,232655442
2024-08-19 10:33:47,78500.0,100,Sell,232655539
2024-08-19 10:34:26,78400.0,1000,Sell,232656351
2024-08-19 10:34:26,78400.0,500,Sell,232656352
2024-08-19 10:34:26,78400.0,200,Sell,232656353
2024-08-19 10:34:26,78400.0,900,Sell,232656354
2024-08-19 10:35:23,78200.0,100,Sell,232657328
2024-08-19 10:35:48,78300.0,400,Buy,232657797
2024-08-19 10:35:48,78300.0,100,Buy,232657795
2024-08-19 10:35:49,78300.0,100,Buy,232657805
2024-08-19 10:37:00,78300.0,100,Sell,232659094
2024-08-19 10:37:46,78400.0,200,Sell,232659898
2024-08-19 10:37:46,78300.0,1800,Sell,232659899
2024-08-19 10:37:55,78300.0,1000,Sell,232660045
2024-08-19 10:38:35,78300.0,100,Sell,232660993
2024-08-19 10:38:37,78300.0,100,Sell,232661079
2024-08-19 10:39:56,78400.0,100,Buy,232662613
2024-08-19 10:40:14,78400.0,100,Sell,232663047
2024-08-19 10:41:50,78300.0,100,Sell,232664979
2024-08-19 10:42:10,78500.0,200,Buy,232665432
2024-08-19 10:42:10,78500.0,100,Buy,232665431
2024-08-19 10:42:10,78500.0,300,Buy,232665430
2024-08-19 10:42:10,78500.0,500,Buy,232665429
2024-08-19 10:42:46,78600.0,100,Buy,232666040
2024-08-19 10:42:52,78600.0,100,Sell,232666149
2024-08-19 10:42:52,78500.0,1800,Sell,232666150
2024-08-19 10:43:27,78500.0,100,Sell,232666787
2024-08-19 10:44:01,78600.0,200,Buy,232667358
2024-08-19 10:44:01,78600.0,100,Buy,232667359
2024-08-19 10:44:01,78600.0,200,Buy,232667360
2024-08-19 10:44:07,78600.0,300,Buy,232667490
2024-08-19 10:45:05,78600.0,100,Sell,232668437
2024-08-19 10:45:40,78600.0,100,Sell,232669103
2024-08-19 10:45:47,78600.0,500,Sell,232669267
2024-08-19 10:45:56,78600.0,500,Buy,232669415
2024-08-19 10:46:04,78600.0,300,Buy,232669542
2024-08-19 10:46:41,78600.0,100,Sell,232670339
2024-08-19 10:47:14,78600.0,100,Sell,232670895
2024-08-19 10:47:50,78600.0,400,Buy,232671460
2024-08-19 10:48:17,78600.0,100,Sell,232671933
2024-08-19 10:49:54,78500.0,100,Sell,232674051
2024-08-19 10:50:45,78500.0,1000,Sell,232675204
2024-08-19 10:50:52,78600.0,100,Buy,232675360
2024-08-19 10:50:52,78600.0,100,Buy,232675361
2024-08-19 10:51:12,78600.0,100,Buy,232675790
2024-08-19 10:51:12,78600.0,100,Buy,232675791
2024-08-19 10:51:25,78600.0,200,Sell,232676161
2024-08-19 10:51:31,78500.0,100,Sell,232676397
2024-08-19 10:51:58,78500.0,500,Sell,232677013
2024-08-19 10:52:18,78500.0,5300,Sell,232677338
2024-08-19 10:52:18,78500.0,200,Sell,232677339
2024-08-19 10:53:07,78500.0,100,Sell,232678381
2024-08-19 10:53:36,78500.0,100,Sell,232678885
2024-08-19 10:54:45,78400.0,100,Sell,232680025
2024-08-19 10:56:21,78400.0,100,Sell,232681592
2024-08-19 10:57:58,78300.0,100,Sell,232683614
2024-08-19 10:59:34,78300.0,100,Sell,232685071
2024-08-19 10:59:42,78300.0,200,Sell,232685232
2024-08-19 11:00:02,78200.0,200,Sell,232685602
2024-08-19 11:00:02,78200.0,100,Sell,232685601
2024-08-19 11:00:02,78200.0,3000,Sell,232685600
2024-08-19 11:00:02,78200.0,4900,Sell,232685599
2024-08-19 11:00:02,78300.0,200,Sell,232685597
2024-08-19 11:00:02,78300.0,300,Sell,232685596
2024-08-19 11:00:02,78300.0,500,Sell,232685595
2024-08-19 11:00:02,78300.0,700,Sell,232685594
2024-08-19 11:00:02,78300.0,100,Sell,232685598
2024-08-19 11:00:33,78200.0,100,Sell,232686113
2024-08-19 11:00:50,78200.0,1700,Sell,232686355
2024-08-19 11:00:50,78200.0,100,Sell,232686356
2024-08-19 11:00:50,78200.0,100,Sell,232686357
2024-08-19 11:00:50,78200.0,100,Sell,232686358
2024-08-19 11:00:50,78200.0,500,Sell,232686359
2024-08-19 11:01:11,78000.0,100,Sell,232686674
2024-08-19 11:01:32,78000.0,200,Sell,232687006
2024-08-19 11:01:32,78000.0,100,Sell,232687004
2024-08-19 11:01:32,78000.0,200,Sell,232687005
2024-08-19 11:02:21,78000.0,2000,Sell,232687764
2024-08-19 11:02:48,78000.0,100,Sell,232688278
2024-08-19 11:02:54,78100.0,100,Buy,232688391
2024-08-19 11:04:08,78100.0,100,Sell,232689681
2024-08-19 11:04:24,78100.0,100,Sell,232689992
2024-08-19 11:06:01,78000.0,100,Sell,232691494
2024-08-19 11:06:57,78000.0,600,Sell,232692127
2024-08-19 11:06:57,78000.0,400,Sell,232692128
2024-08-19 11:07:23,78100.0,100,Buy,232692483
2024-08-19 11:07:38,78100.0,100,Buy,232692703
2024-08-19 11:07:38,78100.0,700,Buy,232692704
2024-08-19 11:07:38,78000.0,100,Sell,232692705
2024-08-19 11:07:51,78100.0,100,Buy,232692945
2024-08-19 11:08:14,78100.0,100,Buy,232693342
2024-08-19 11:09:14,78100.0,100,Sell,232694178
2024-08-19 11:10:01,78100.0,300,Sell,232694829
2024-08-19 11:10:01,78100.0,400,Sell,232694830
2024-08-19 11:10:51,78100.0,100,Sell,232695535
2024-08-19 11:12:28,78100.0,100,Sell,232696799
2024-08-19 11:12:38,78100.0,200,Sell,232696949
2024-08-19 11:13:21,78100.0,500,Sell,232697614
2024-08-19 11:14:05,78100.0,100,Sell,232698150
2024-08-19 11:14:21,78100.0,100,Sell,232698397
2024-08-19 11:14:21,78100.0,100,Sell,232698399
2024-08-19 11:14:21,78100.0,100,Sell,232698395
2024-08-19 11:14:21,78100.0,100,Sell,232698396
2024-08-19 11:14:21,78100.0,500,Sell,232698398
2024-08-19 11:14:21,78100.0,200,Sell,232698394
2024-08-19 11:14:32,78100.0,800,Buy,232698541
2024-08-19 11:15:41,78100.0,100,Sell,232699512
2024-08-19 11:16:33,78100.0,1000,Sell,232700265
2024-08-19 11:17:18,78100.0,100,Sell,232700814
2024-08-19 11:17:33,78100.0,1000,Sell,232700975
2024-08-19 11:18:06,78200.0,300,Buy,232701387
2024-08-19 11:18:55,78100.0,100,Sell,232701987
2024-08-19 11:19:02,78100.0,500,Sell,232702071
2024-08-19 11:20:31,78100.0,100,Sell,232703282
2024-08-19 11:20:57,78100.0,100,Sell,232703622
2024-08-19 11:21:03,78100.0,100,Sell,232703681
2024-08-19 11:21:03,78100.0,100,Sell,232703680
2024-08-19 11:21:13,78100.0,100,Buy,232703799
2024-08-19 11:22:08,78000.0,100,Sell,232704542
2024-08-19 11:22:12,78000.0,200,Sell,232704600
2024-08-19 11:22:12,78000.0,300,Sell,232704601
2024-08-19 11:22:29,78000.0,1200,Sell,232704784
2024-08-19 11:22:29,78000.0,1700,Sell,232704785
2024-08-19 11:22:29,78000.0,200,Sell,232704786
2024-08-19 11:22:29,78000.0,1000,Sell,232704787
2024-08-19 11:22:29,78000.0,400,Sell,232704788
2024-08-19 11:22:29,78000.0,100,Sell,232704789
2024-08-19 11:22:29,78000.0,100,Sell,232704790
2024-08-19 11:22:29,78000.0,500,Sell,232704791
2024-08-19 11:22:29,78000.0,800,Sell,232704792
2024-08-19 11:23:11,78100.0,100,Buy,232705244
2024-08-19 11:23:45,78000.0,100,Sell,232705628
2024-08-19 11:24:54,78000.0,100,Sell,232706418
2024-08-19 11:25:22,78000.0,100,Sell,232706784
2024-08-19 11:26:49,78000.0,200,Sell,232708069
2024-08-19 11:26:49,78000.0,100,Sell,232708071
2024-08-19 11:26:49,78000.0,300,Sell,232708072
2024-08-19 11:26:49,78000.0,100,Sell,232708073
2024-08-19 11:26:49,78000.0,100,Sell,232708074
2024-08-19 11:26:49,78000.0,100,Sell,232708075
2024-08-19 11:26:49,78000.0,500,Sell,232708076
2024-08-19 11:26:56,77900.0,100,Sell,232708154
2024-08-19 11:26:56,77900.0,200,Sell,232708155
2024-08-19 11:26:58,77900.0,100,Sell,232708178
2024-08-19 11:28:10,78000.0,100,Buy,232709175
2024-08-19 11:28:35,77900.0,100,Sell,232709525
2024-08-19 11:29:16,77900.0,100,Sell,232710134
2024-08-19 11:29:16,77900.0,200,Sell,232710135
2024-08-19 11:29:16,77900.0,200,Sell,232710133
2024-08-19 12:59:41,77900.0,100,Sell,232711632
2024-08-19 12:59:42,77900.0,100,Sell,232712087
2024-08-19 12:59:48,78000.0,500,Buy,232713937
2024-08-19 12:59:48,78000.0,100,Buy,232713939
2024-08-19 12:59:48,78100.0,100,Buy,232713940
2024-08-19 12:59:48,78100.0,200,Buy,232713941
2024-08-19 12:59:48,78100.0,300,Buy,232713942
2024-08-19 12:59:48,78100.0,200,Buy,232713943
2024-08-19 12:59:48,78100.0,100,Buy,232713944
2024-08-19 12:59:52,77900.0,400,Sell,232714666
2024-08-19 12:59:52,78100.0,500,Sell,232714664
2024-08-19 12:59:52,77900.0,600,Sell,232714665
2024-08-19 13:01:21,77800.0,100,Sell,232717586
2024-08-19 13:01:36,77800.0,100,Sell,232718001
2024-08-19 13:01:36,77800.0,100,Sell,232718002
2024-08-19 13:01:36,77800.0,500,Sell,232718011
2024-08-19 13:02:10,77800.0,100,Sell,232718940
2024-08-19 13:02:12,77800.0,500,Sell,232719013
2024-08-19 13:02:17,77800.0,500,Sell,232719268
2024-08-19 13:02:19,77800.0,100,Sell,232719296
2024-08-19 13:03:07,77800.0,100,Sell,232720633
2024-08-19 13:03:20,77800.0,200,Sell,232721081
2024-08-19 13:03:30,77800.0,200,Sell,232721310
2024-08-19 13:03:38,77800.0,200,Sell,232721516
2024-08-19 13:03:39,77900.0,100,Buy,232721519
2024-08-19 13:03:39,77900.0,500,Buy,232721518
2024-08-19 13:03:52,78000.0,1000,Buy,232721907
2024-08-19 13:03:55,77900.0,100,Sell,232721986
2024-08-19 13:04:30,77900.0,100,Sell,232722973
2024-08-19 13:04:38,77900.0,1300,Sell,232723192
2024-08-19 13:04:53,77900.0,100,Sell,232723762
2024-08-19 13:04:55,77900.0,600,Sell,232723820
2024-08-19 13:05:18,77900.0,100,Buy,232724390
2024-08-19 13:05:18,77900.0,200,Buy,232724391
2024-08-19 13:05:23,78000.0,200,Buy,232724521
2024-08-19 13:05:54,77900.0,200,Sell,232725457
2024-08-19 13:05:54,77900.0,1300,Sell,232725458
2024-08-19 13:06:07,77900.0,100,Sell,232725890
2024-08-19 13:06:11,77900.0,200,Sell,232726002
2024-08-19 13:06:11,77900.0,1600,Sell,232726001
2024-08-19 13:06:39,77800.0,100,Sell,232726777
2024-08-19 13:06:40,77900.0,100,Sell,232726824
2024-08-19 13:06:40,77900.0,200,Buy,232726801
2024-08-19 13:06:40,77900.0,100,Buy,232726802
2024-08-19 13:06:43,77900.0,1400,Sell,232726899
2024-08-19 13:07:22,77900.0,100,Buy,232728091
2024-08-19 13:07:22,77900.0,2900,Buy,232728090
2024-08-19 13:08:11,77900.0,100,Buy,232729745
2024-08-19 13:08:24,77800.0,100,Sell,232730100
2024-08-19 13:08:38,77800.0,300,Sell,232730467
2024-08-19 13:08:40,77800.0,1700,Sell,232730523
2024-08-19 13:08:40,77800.0,500,Sell,232730524
2024-08-19 13:08:40,77800.0,1000,Sell,232730525
2024-08-19 13:08:40,77800.0,100,Sell,232730526
2024-08-19 13:08:40,77800.0,500,Sell,232730527
2024-08-19 13:08:57,77800.0,100,Buy,232730953
2024-08-19 13:09:01,77800.0,300,Buy,232731046
2024-08-19 13:09:19,77800.0,500,Buy,232731487
2024-08-19 13:09:26,77800.0,1000,Buy,232731737
2024-08-19 13:09:57,77800.0,500,Buy,232732378
2024-08-19 13:10:00,77800.0,1500,Buy,232732455
2024-08-19 13:10:00,77800.0,400,Buy,232732456
2024-08-19 13:10:10,77800.0,100,Sell,232732781
2024-08-19 13:10:35,77900.0,200,Buy,232733541
2024-08-19 13:10:35,77900.0,200,Buy,232733542
2024-08-19 13:10:35,77900.0,1600,Buy,232733543
2024-08-19 13:11:42,77900.0,200,Buy,232735353
2024-08-19 13:11:46,77800.0,2700,Sell,232735453
2024-08-19 13:11:56,77800.0,100,Sell,232735869
2024-08-19 13:11:59,77800.0,200,Sell,232735959
2024-08-19 13:11:59,77800.0,100,Sell,232735960
2024-08-19 13:11:59,77800.0,500,Sell,232735961
2024-08-19 13:12:01,77800.0,500,Buy,232736018
2024-08-19 13:12:02,77800.0,1700,Buy,232736062
2024-08-19 13:12:02,77900.0,800,Buy,232736063
2024-08-19 13:12:07,77900.0,100,Sell,232736180
2024-08-19 13:12:16,77900.0,100,Sell,232736495
2024-08-19 13:12:16,77900.0,200,Sell,232736525
2024-08-19 13:12:34,78000.0,100,Buy,232737057
2024-08-19 13:12:34,78000.0,100,Buy,232737058
2024-08-19 13:12:52,78000.0,400,Buy,232737531
2024-08-19 13:12:52,78000.0,200,Buy,232737530
2024-08-19 13:12:52,78000.0,200,Buy,232737529
2024-08-19 13:12:52,78000.0,100,Buy,232737525
2024-08-19 13:12:52,78000.0,200,Buy,232737527
2024-08-19 13:12:52,78000.0,200,Buy,232737526
2024-08-19 13:12:52,78000.0,100,Buy,232737528
2024-08-19 13:12:59,78000.0,400,Sell,232737725
2024-08-19 13:13:08,78000.0,1000,Sell,232738018
2024-08-19 13:13:29,78000.0,1000,Sell,232738639
2024-08-19 13:13:42,78000.0,100,Sell,232739033
2024-08-19 13:13:55,78000.0,200,Sell,232739361
2024-08-19 13:14:57,78000.0,100,Sell,232740884
2024-08-19 13:15:15,78000.0,300,Sell,232741387
2024-08-19 13:15:15,78000.0,100,Sell,232741386
2024-08-19 13:15:28,78000.0,100,Sell,232741731
2024-08-19 13:15:46,78000.0,2000,Sell,232742344
2024-08-19 13:15:46,78000.0,300,Sell,232742348
2024-08-19 13:16:12,77900.0,100,Sell,232743082
2024-08-19 13:16:19,77900.0,100,Sell,232743338
2024-08-19 13:16:41,77900.0,200,Sell,232743895
2024-08-19 13:16:52,77900.0,100,Sell,232744146
2024-08-19 13:16:52,77900.0,1000,Sell,232744147
2024-08-19 13:16:55,77900.0,600,Sell,232744277
2024-08-19 13:16:55,77900.0,200,Sell,232744278
2024-08-19 13:16:55,77900.0,100,Sell,232744279
2024-08-19 13:17:14,77800.0,100,Sell,232744705
2024-08-19 13:17:45,77700.0,1200,Sell,232745447
2024-08-19 13:17:45,77800.0,500,Sell,232745445
2024-08-19 13:17:45,77800.0,300,Sell,232745446
2024-08-19 13:18:07,77700.0,800,Sell,232746012
2024-08-19 13:18:07,77700.0,200,Sell,232746013
2024-08-19 13:18:15,77700.0,100,Sell,232746245
2024-08-19 13:18:59,77800.0,100,Buy,232747554
2024-08-19 13:19:00,77700.0,100,Sell,232747555
2024-08-19 13:19:07,77700.0,100,Sell,232747796
2024-08-19 13:19:10,77800.0,300,Buy,232747876
2024-08-19 13:19:18,77800.0,100,Buy,232748089
2024-08-19 13:19:23,77800.0,200,Buy,232748198
2024-08-19 13:19:26,77800.0,500,Buy,232748295
2024-08-19 13:19:34,77800.0,100,Buy,232748433
2024-08-19 13:19:54,77800.0,100,Buy,232748788
2024-08-19 13:20:00,77800.0,100,Buy,232748963
2024-08-19 13:20:12,77700.0,100,Sell,232749222
2024-08-19 13:20:46,77700.0,100,Sell,232750150
2024-08-19 13:20:54,77700.0,400,Sell,232750339
2024-08-19 13:20:54,77700.0,100,Sell,232750340
2024-08-19 13:20:54,77700.0,500,Sell,232750341
2024-08-19 13:20:54,77700.0,200,Sell,232750342
2024-08-19 13:20:54,77700.0,1000,Sell,232750343
2024-08-19 13:20:54,77700.0,200,Sell,232750344
2024-08-19 13:20:54,77700.0,100,Sell,232750345
2024-08-19 13:21:34,77600.0,100,Sell,232751551
2024-08-19 13:21:35,77700.0,3000,Buy,232751571
2024-08-19 13:21:42,77700.0,200,Buy,232751705
2024-08-19 13:22:06,77700.0,100,Buy,232752333
2024-08-19 13:22:08,77700.0,200,Buy,232752404
2024-08-19 13:22:08,77700.0,100,Buy,232752405
2024-08-19 13:22:08,77700.0,100,Buy,232752406
2024-08-19 13:22:10,77700.0,100,Sell,232752439
2024-08-19 13:22:19,77700.0,100,Buy,232752730
2024-08-19 13:22:31,77700.0,100,Sell,232753017
2024-08-19 13:22:56,77800.0,100,Buy,232753680
2024-08-19 13:23:15,77800.0,100,Buy,232754167
2024-08-19 13:23:15,77800.0,100,Buy,232754168
2024-08-19 13:23:15,77800.0,300,Buy,232754169
2024-08-19 13:23:24,77800.0,1000,Buy,232754439
2024-08-19 13:23:52,77800.0,300,Buy,232755134
2024-08-19 13:24:17,77700.0,100,Sell,232755931
2024-08-19 13:24:21,77800.0,200,Buy,232756110
2024-08-19 13:24:24,77800.0,300,Buy,232756454
2024-08-19 13:24:47,77800.0,900,Buy,232757073
2024-08-19 13:24:52,77900.0,100,Buy,232757179
2024-08-19 13:25:18,77900.0,100,Buy,232757854
2024-08-19 13:25:44,77900.0,200,Buy,232758746
2024-08-19 13:25:44,77900.0,200,Buy,232758747
2024-08-19 13:26:03,77900.0,100,Sell,232759205
2024-08-19 13:27:00,77900.0,100,Sell,232760448
2024-08-19 13:27:24,77900.0,100,Sell,232760947
2024-08-19 13:27:24,77900.0,600,Sell,232760948
2024-08-19 13:27:24,77900.0,200,Sell,232760949
2024-08-19 13:27:49,77800.0,100,Sell,232761533
2024-08-19 13:28:10,77800.0,200,Sell,232762073
2024-08-19 13:28:10,77800.0,1000,Sell,232762072
2024-08-19 13:28:21,77900.0,100,Buy,232762375
2024-08-19 13:28:53,77900.0,100,Sell,232763027
2024-08-19 13:29:14,77800.0,1400,Sell,232763541
2024-08-19 13:29:35,77700.0,100,Sell,232763964
2024-08-19 13:29:52,77800.0,200,Buy,232764361
2024-08-19 13:30:48,77800.0,200,Buy,232765670
2024-08-19 13:31:18,77800.0,600,Buy,232766281
2024-08-19 13:31:21,77700.0,100,Sell,232766341
2024-08-19 13:31:47,77800.0,200,Buy,232766873
2024-08-19 13:31:47,77800.0,200,Buy,232766874
2024-08-19 13:31:50,77700.0,300,Sell,232766931
2024-08-19 13:32:05,77700.0,500,Sell,232767227
2024-08-19 13:32:05,77700.0,100,Sell,232767228
2024-08-19 13:32:05,77700.0,200,Sell,232767229
2024-08-19 13:32:05,77700.0,1200,Sell,232767226
2024-08-19 13:32:29,77700.0,700,Sell,232767857
2024-08-19 13:33:07,77700.0,100,Sell,232768966
2024-08-19 13:34:03,77700.0,1500,Sell,232770245
2024-08-19 13:34:03,77700.0,100,Sell,232770244
2024-08-19 13:34:03,77700.0,1500,Sell,232770242
2024-08-19 13:34:03,77700.0,2000,Sell,232770243
2024-08-19 13:34:03,77700.0,500,Sell,232770240
2024-08-19 13:34:03,77700.0,200,Sell,232770239
2024-08-19 13:34:03,77700.0,100,Sell,232770238
2024-08-19 13:34:03,77700.0,4000,Sell,232770237
2024-08-19 13:34:03,77700.0,100,Sell,232770241
2024-08-19 13:34:17,77700.0,1500,Sell,232770589
2024-08-19 13:34:17,77700.0,200,Sell,232770590
2024-08-19 13:34:17,77700.0,100,Sell,232770591
2024-08-19 13:34:23,77700.0,200,Sell,232770779
2024-08-19 13:34:23,77700.0,800,Sell,232770780
2024-08-19 13:34:33,77700.0,200,Sell,232771089
2024-08-19 13:34:36,77600.0,100,Sell,232771160
2024-08-19 13:34:36,77600.0,300,Sell,232771157
2024-08-19 13:34:36,77600.0,100,Sell,232771156
2024-08-19 13:34:36,77600.0,100,Sell,232771159
2024-08-19 13:34:36,77600.0,1000,Sell,232771154
2024-08-19 13:34:36,77600.0,1000,Sell,232771155
2024-08-19 13:34:36,77600.0,100,Sell,232771152
2024-08-19 13:34:36,77600.0,2200,Sell,232771158
2024-08-19 13:34:36,77600.0,1700,Sell,232771153
2024-08-19 13:34:53,77600.0,100,Sell,232771553
2024-08-19 13:35:23,77600.0,900,Sell,232772312
2024-08-19 13:35:23,77600.0,200,Sell,232772313
2024-08-19 13:35:25,77500.0,500,Sell,232772378
2024-08-19 13:35:25,77500.0,500,Sell,232772379
2024-08-19 13:35:25,77500.0,800,Sell,232772396
2024-08-19 13:35:44,77500.0,1000,Sell,232773036
2024-08-19 13:36:08,77500.0,600,Sell,232773869
2024-08-19 13:36:13,77600.0,900,Buy,232774035
2024-08-19 13:36:13,77600.0,1000,Buy,232774036
2024-08-19 13:36:39,77600.0,100,Sell,232774794
2024-08-19 13:36:45,77600.0,2000,Sell,232774882
2024-08-19 13:36:56,77600.0,100,Sell,232775206
2024-08-19 13:37:07,77600.0,500,Sell,232775459
2024-08-19 13:37:46,77600.0,100,Sell,232776390
2024-08-19 13:38:05,77600.0,200,Sell,232776843
2024-08-19 13:38:24,77600.0,100,Sell,232777265
2024-08-19 13:38:31,77600.0,200,Sell,232777488
2024-08-19 13:38:31,77600.0,100,Sell,232777489
2024-08-19 13:39:54,77600.0,2400,Sell,232779939
2024-08-19 13:39:54,77600.0,400,Sell,232779937
2024-08-19 13:39:54,77600.0,500,Sell,232779938
2024-08-19 13:39:54,77600.0,100,Sell,232779936
2024-08-19 13:39:54,77600.0,1000,Sell,232779934
2024-08-19 13:39:54,77600.0,100,Sell,232779933
2024-08-19 13:39:54,77600.0,200,Sell,232779932
2024-08-19 13:39:54,77600.0,100,Sell,232779935
2024-08-19 13:40:08,77600.0,100,Sell,232780226
2024-08-19 13:40:10,77600.0,100,Sell,232780247
2024-08-19 13:41:56,77600.0,100,Sell,232782596
2024-08-19 13:43:05,77700.0,800,Buy,232784760
2024-08-19 13:43:05,77700.0,100,Buy,232784761
2024-08-19 13:43:05,77700.0,100,Buy,232784762
2024-08-19 13:43:19,77600.0,500,Sell,232785139
2024-08-19 13:43:34,77600.0,100,Sell,232785486
2024-08-19 13:43:42,77600.0,100,Sell,232785651
2024-08-19 13:45:28,77600.0,100,Sell,232788850
2024-08-19 13:45:31,77700.0,900,Buy,232788951
2024-08-19 13:45:31,77800.0,200,Buy,232788952
2024-08-19 13:45:43,77800.0,100,Buy,232789313
2024-08-19 13:45:51,77800.0,200,Buy,232789649
2024-08-19 13:45:51,77800.0,800,Buy,232789650
2024-08-19 13:45:55,77600.0,400,Sell,232789814
2024-08-19 13:47:13,77600.0,100,Sell,232792564
2024-08-19 13:47:20,77600.0,100,Sell,232792855
2024-08-19 13:47:36,77600.0,100,Sell,232793390
2024-08-19 13:49:00,77600.0,100,Sell,232795953
2024-08-19 13:50:46,77700.0,100,Sell,232799631
2024-08-19 13:51:18,77700.0,100,Sell,232800603
2024-08-19 13:52:08,77800.0,200,Buy,232802324
2024-08-19 13:52:31,77800.0,100,Sell,232803172
2024-08-19 13:52:42,77900.0,2000,Buy,232803567
2024-08-19 13:52:42,77900.0,900,Buy,232803565
2024-08-19 13:52:42,77900.0,100,Buy,232803566
2024-08-19 13:52:51,77900.0,1000,Buy,232803931
2024-08-19 13:52:56,77800.0,300,Sell,232804087
2024-08-19 13:52:56,77800.0,100,Sell,232804085
2024-08-19 13:52:56,77800.0,100,Sell,232804086
2024-08-19 13:53:34,77800.0,100,Sell,232805819
2024-08-19 13:53:54,77800.0,200,Sell,232806494
2024-08-19 13:53:54,77800.0,600,Sell,232806493
2024-08-19 13:54:17,77800.0,100,Sell,232807475
2024-08-19 13:54:21,77800.0,500,Sell,232807650
2024-08-19 13:54:21,77800.0,300,Sell,232807651
2024-08-19 13:54:21,77800.0,300,Sell,232807652
2024-08-19 13:54:33,77800.0,100,Buy,232808232
2024-08-19 13:54:34,77800.0,100,Buy,232808244
2024-08-19 13:55:57,77800.0,800,Sell,232810883
2024-08-19 13:56:03,77700.0,100,Sell,232811037
2024-08-19 13:56:23,77800.0,1100,Buy,232811655
2024-08-19 13:57:18,77800.0,400,Sell,232813431
2024-08-19 13:57:49,77800.0,100,Sell,232814195
2024-08-19 13:57:54,77800.0,900,Sell,232814346
2024-08-19 13:58:14,77800.0,100,Buy,232815046
2024-08-19 13:58:14,77800.0,400,Buy,232815047
2024-08-19 13:58:18,77800.0,100,Buy,232815196
2024-08-19 13:59:35,77700.0,100,Sell,232817255
2024-08-19 14:01:21,77800.0,100,Buy,232820161
2024-08-19 14:01:21,77800.0,100,Buy,232820162
2024-08-19 14:01:21,77800.0,100,Buy,232820163
2024-08-19 14:02:19,77800.0,200,Sell,232821592
2024-08-19 14:02:26,77800.0,100,Sell,232821753
2024-08-19 14:02:26,77800.0,100,Sell,232821752
2024-08-19 14:02:26,77800.0,200,Sell,232821751
2024-08-19 14:02:28,77800.0,500,Buy,232821801
2024-08-19 14:02:59,77800.0,500,Buy,232822443
2024-08-19 14:03:06,77800.0,100,Buy,232822624
2024-08-19 14:03:06,77800.0,200,Buy,232822625
2024-08-19 14:04:13,77800.0,1000,Buy,232823978
2024-08-19 14:04:26,77700.0,600,Sell,232824320
2024-08-19 14:04:51,77700.0,100,Sell,232824938
2024-08-19 14:05:56,77700.0,1000,Sell,232826758
2024-08-19 14:06:11,77800.0,100,Buy,232827099
2024-08-19 14:06:16,77700.0,1000,Sell,232827191
2024-08-19 14:06:20,77700.0,100,Sell,232827293
2024-08-19 14:06:20,77700.0,100,Sell,232827292
2024-08-19 14:06:20,77700.0,300,Sell,232827291
2024-08-19 14:06:20,77700.0,100,Sell,232827288
2024-08-19 14:06:20,77700.0,500,Sell,232827289
2024-08-19 14:06:20,77700.0,100,Sell,232827286
2024-08-19 14:06:20,77700.0,100,Sell,232827290
2024-08-19 14:06:20,77700.0,200,Sell,232827287
2024-08-19 14:07:05,77700.0,1200,Buy,232828433
2024-08-19 14:07:26,77600.0,700,Sell,232829095
2024-08-19 14:07:26,77600.0,200,Sell,232829096
2024-08-19 14:07:26,77600.0,100,Sell,232829097
2024-08-19 14:07:40,77600.0,900,Sell,232829505
2024-08-19 14:07:50,77600.0,1000,Sell,232829756
2024-08-19 14:08:02,77600.0,200,Sell,232830037
2024-08-19 14:08:02,77600.0,100,Sell,232830036
2024-08-19 14:08:08,77600.0,200,Sell,232830217
2024-08-19 14:08:08,77600.0,300,Sell,232830216
2024-08-19 14:09:38,77600.0,100,Sell,232832390
2024-08-19 14:09:38,77600.0,400,Sell,232832391
2024-08-19 14:10:01,77600.0,500,Sell,232833027
2024-08-19 14:10:11,77600.0,800,Sell,232833270
2024-08-19 14:10:11,77600.0,1000,Sell,232833271
2024-08-19 14:10:11,77600.0,200,Sell,232833272
2024-08-19 14:10:11,77600.0,100,Sell,232833273
2024-08-19 14:10:11,77600.0,200,Sell,232833274
2024-08-19 14:10:11,77600.0,100,Sell,232833275
2024-08-19 14:10:11,77600.0,500,Sell,232833276
2024-08-19 14:10:26,77600.0,500,Buy,232833764
2024-08-19 14:11:30,77600.0,700,Buy,232835762
2024-08-19 14:11:47,77600.0,200,Buy,232836287
2024-08-19 14:11:51,77500.0,200,Sell,232836428
2024-08-19 14:11:51,77500.0,500,Sell,232836427
2024-08-19 14:12:02,77500.0,100,Sell,232836692
2024-08-19 14:12:09,77500.0,200,Sell,232836914
2024-08-19 14:12:10,77500.0,200,Sell,232836934
2024-08-19 14:12:10,77500.0,100,Sell,232836933
2024-08-19 14:12:10,77500.0,1000,Sell,232836932
2024-08-19 14:12:10,77500.0,100,Sell,232836931
2024-08-19 14:12:10,77500.0,1000,Sell,232836930
2024-08-19 14:12:10,77500.0,500,Sell,232836929
2024-08-19 14:12:10,77500.0,1000,Sell,232836928
2024-08-19 14:12:10,77500.0,100,Sell,232836927
2024-08-19 14:12:10,77500.0,1000,Sell,232836926
2024-08-19 14:12:10,77500.0,200,Sell,232836922
2024-08-19 14:12:10,77500.0,100,Sell,232836924
2024-08-19 14:12:10,77500.0,100,Sell,232836925
2024-08-19 14:12:10,77500.0,500,Sell,232836915
2024-08-19 14:12:10,77500.0,1300,Sell,232836916
2024-08-19 14:12:10,77500.0,500,Sell,232836917
2024-08-19 14:12:10,77500.0,100,Sell,232836921
2024-08-19 14:12:10,77500.0,500,Sell,232836919
2024-08-19 14:12:10,77500.0,500,Sell,232836920
2024-08-19 14:12:10,77500.0,500,Sell,232836918
2024-08-19 14:12:10,77500.0,2000,Sell,232836923
2024-08-19 14:12:18,77400.0,200,Sell,232837211
2024-08-19 14:12:18,77400.0,500,Sell,232837210
2024-08-19 14:12:18,77400.0,200,Sell,232837208
2024-08-19 14:12:18,77400.0,100,Sell,232837209
2024-08-19 14:12:28,77400.0,500,Sell,232837680
2024-08-19 14:12:46,77400.0,100,Sell,232838202
2024-08-19 14:12:54,77400.0,200,Sell,232838435
2024-08-19 14:12:54,77400.0,100,Sell,232838436
2024-08-19 14:12:54,77400.0,200,Sell,232838437
2024-08-19 14:12:54,77300.0,600,Sell,232838438
2024-08-19 14:13:13,77300.0,500,Sell,232839133
2024-08-19 14:13:13,77300.0,1400,Sell,232839131
2024-08-19 14:13:13,77300.0,100,Sell,232839132
2024-08-19 14:13:37,77300.0,100,Sell,232839736
2024-08-19 14:13:37,77300.0,500,Sell,232839734
2024-08-19 14:13:37,77300.0,100,Sell,232839735
2024-08-19 14:13:38,77300.0,100,Buy,232839756
2024-08-19 14:13:55,77300.0,100,Buy,232840153
2024-08-19 14:13:56,77300.0,2100,Buy,232840161
2024-08-19 14:14:04,77300.0,900,Sell,232840322
2024-08-19 14:14:04,77300.0,100,Sell,232840323
2024-08-19 14:15:07,77400.0,100,Buy,232842024
2024-08-19 14:15:11,77400.0,100,Sell,232842137
2024-08-19 14:15:25,77400.0,100,Sell,232842627
2024-08-19 14:15:25,77400.0,100,Sell,232842628
2024-08-19 14:15:29,77400.0,100,Buy,232842732
2024-08-19 14:15:39,77400.0,200,Buy,232843180
2024-08-19 14:15:39,77400.0,200,Buy,232843181
2024-08-19 14:15:56,77400.0,200,Sell,232843802
2024-08-19 14:16:24,77400.0,200,Sell,232844706
2024-08-19 14:16:24,77400.0,100,Sell,232844705
2024-08-19 14:16:32,77400.0,100,Sell,232844975
2024-08-19 14:16:32,77400.0,200,Sell,232844976
2024-08-19 14:16:32,77400.0,100,Sell,232844977
2024-08-19 14:16:32,77400.0,100,Sell,232844978
2024-08-19 14:16:37,77500.0,200,Buy,232845087
2024-08-19 14:16:51,77500.0,3000,Buy,232845629
2024-08-19 14:17:08,77500.0,100,Buy,232846144
2024-08-19 14:17:36,77500.0,200,Buy,232847149
2024-08-19 14:17:36,77500.0,100,Buy,232847150
2024-08-19 14:17:39,77600.0,200,Buy,232847276
2024-08-19 14:17:39,77600.0,200,Buy,232847277
2024-08-19 14:17:39,77500.0,100,Buy,232847274
2024-08-19 14:17:39,77500.0,300,Buy,232847273
2024-08-19 14:17:39,77600.0,200,Buy,232847275
2024-08-19 14:19:15,77600.0,100,Buy,232849557
2024-08-19 14:20:00,77500.0,200,Buy,232850548
2024-08-19 14:20:47,77500.0,100,Buy,232851836
2024-08-19 14:20:51,77500.0,1700,Buy,232851946
2024-08-19 14:20:51,77600.0,100,Buy,232851947
2024-08-19 14:20:51,77600.0,200,Buy,232851948
2024-08-19 14:21:11,77600.0,1000,Buy,232852507
2024-08-19 14:21:55,77500.0,500,Sell,232853855
2024-08-19 14:22:12,77500.0,300,Sell,232854482
2024-08-19 14:22:33,77400.0,100,Sell,232855127
2024-08-19 14:22:48,77400.0,100,Sell,232855476
2024-08-19 14:23:25,77400.0,200,Sell,232856556
2024-08-19 14:23:25,77400.0,200,Sell,232856555
2024-08-19 14:23:25,77400.0,200,Sell,232856553
2024-08-19 14:23:25,77400.0,100,Sell,232856554
2024-08-19 14:23:45,77400.0,200,Sell,232857341
2024-08-19 14:24:01,77500.0,500,Buy,232857939
2024-08-19 14:25:06,77500.0,100,Buy,232859787
2024-08-19 14:25:27,77400.0,3600,Sell,232860488
2024-08-19 14:25:27,77400.0,400,Sell,232860489
2024-08-19 14:25:36,77400.0,100,Sell,232860796
2024-08-19 14:25:36,77400.0,900,Sell,232860797
2024-08-19 14:25:43,77400.0,1100,Sell,232861005
2024-08-19 14:25:43,77400.0,5000,Sell,232861006
2024-08-19 14:26:08,77300.0,100,Sell,232861928
2024-08-19 14:26:08,77300.0,200,Sell,232861926
2024-08-19 14:26:08,77300.0,1000,Sell,232861927
2024-08-19 14:26:08,77300.0,100,Sell,232861925
2024-08-19 14:26:08,77300.0,100,Sell,232861921
2024-08-19 14:26:08,77300.0,100,Sell,232861923
2024-08-19 14:26:08,77300.0,500,Sell,232861920
2024-08-19 14:26:08,77300.0,700,Sell,232861924
2024-08-19 14:26:08,77300.0,200,Sell,232861922
2024-08-19 14:26:12,77200.0,1500,Sell,232862034
2024-08-19 14:26:12,77200.0,3900,Sell,232862035
2024-08-19 14:26:32,77200.0,1100,Sell,232862855
2024-08-19 14:26:32,77200.0,900,Sell,232862856
2024-08-19 14:26:43,77200.0,100,Sell,232863172
2024-08-19 14:26:54,77200.0,200,Sell,232863579
2024-08-19 14:26:54,77200.0,200,Sell,232863580
2024-08-19 14:26:54,77200.0,200,Sell,232863581
2024-08-19 14:26:54,77200.0,100,Sell,232863582
2024-08-19 14:27:04,77200.0,100,Sell,232863961
2024-08-19 14:27:04,77200.0,100,Sell,232863960
2024-08-19 14:27:04,77200.0,300,Sell,232863959
2024-08-19 14:27:04,77200.0,100,Sell,232863958
2024-08-19 14:27:08,77200.0,100,Sell,232864119
2024-08-19 14:27:08,77200.0,300,Sell,232864120
2024-08-19 14:27:15,77000.0,500,Sell,232864390
2024-08-19 14:27:15,77100.0,300,Sell,232864384
2024-08-19 14:27:15,77100.0,100,Sell,232864385
2024-08-19 14:27:15,77100.0,100,Sell,232864386
2024-08-19 14:27:15,77100.0,200,Sell,232864387
2024-08-19 14:27:15,77100.0,400,Sell,232864388
2024-08-19 14:27:15,77100.0,500,Sell,232864389
2024-08-19 14:27:31,77100.0,300,Sell,232865095
2024-08-19 14:27:31,77100.0,100,Sell,232865096
2024-08-19 14:27:32,77100.0,100,Buy,232865117
2024-08-19 14:27:34,77100.0,100,Buy,232865155
2024-08-19 14:27:46,77100.0,100,Buy,232865683
2024-08-19 14:27:47,77000.0,1500,Sell,232865697
2024-08-19 14:27:47,77000.0,500,Sell,232865698
2024-08-19 14:27:47,77000.0,100,Sell,232865699
2024-08-19 14:27:47,77000.0,900,Sell,232865700
2024-08-19 14:27:54,77100.0,100,Buy,232865961
2024-08-19 14:27:58,77100.0,100,Buy,232866103
2024-08-19 14:27:59,77100.0,1700,Buy,232866131
2024-08-19 14:27:59,77100.0,300,Buy,232866132
2024-08-19 14:28:10,77100.0,100,Buy,232866501
2024-08-19 14:28:11,77100.0,100,Buy,232866535
2024-08-19 14:28:36,77200.0,300,Buy,232867448
2024-08-19 14:28:38,77100.0,100,Sell,232867502
2024-08-19 14:28:43,77200.0,100,Buy,232867630
2024-08-19 14:28:46,77200.0,100,Buy,232867724
2024-08-19 14:28:46,77200.0,100,Buy,232867725
2024-08-19 14:28:59,77200.0,600,Buy,232868525
2024-08-19 14:29:00,77200.0,100,Sell,232868550
2024-08-19 14:29:23,77200.0,100,Sell,232869618
2024-08-19 14:29:23,77200.0,100,Sell,232869619
2024-08-19 14:29:23,77200.0,200,Sell,232869620
2024-08-19 14:44:38,77500.0,26100,ATO/ATC,232870994
