time,price,volume,match_type,id
2024-07-26 09:14:40,76500.0,500,ATO/ATC,226562498
2024-07-26 09:15:33,76500.0,600,Buy,226563321
2024-07-26 09:16:02,77000.0,100,Buy,226563793
2024-07-26 09:16:02,77000.0,100,Buy,226563792
2024-07-26 09:16:41,77000.0,500,Buy,226564402
2024-07-26 09:16:41,77000.0,600,Buy,226564404
2024-07-26 09:16:41,77000.0,700,Buy,226564401
2024-07-26 09:16:41,77000.0,200,Buy,226564403
2024-07-26 09:17:06,77000.0,300,Buy,226564832
2024-07-26 09:17:11,76900.0,200,Buy,226564949
2024-07-26 09:17:12,77000.0,100,Buy,226564952
2024-07-26 09:17:15,77000.0,100,Sell,226565021
2024-07-26 09:17:18,77000.0,100,Sell,226565052
2024-07-26 09:18:17,77100.0,100,Buy,226566064
2024-07-26 09:19:11,77200.0,100,Sell,226567100
2024-07-26 09:19:11,77200.0,500,Sell,226567099
2024-07-26 09:19:17,77300.0,100,Buy,226567189
2024-07-26 09:19:34,77300.0,300,Buy,226567555
2024-07-26 09:19:34,77300.0,600,Buy,226567558
2024-07-26 09:19:38,77300.0,100,Buy,226567642
2024-07-26 09:19:43,77300.0,200,Buy,226567705
2024-07-26 09:19:45,77300.0,100,Buy,226567733
2024-07-26 09:19:56,77300.0,100,Sell,226567928
2024-07-26 09:20:12,77300.0,1000,Sell,226568255
2024-07-26 09:20:19,77300.0,1000,Sell,226568388
2024-07-26 09:20:20,77300.0,500,Sell,226568392
2024-07-26 09:20:24,77300.0,1000,Sell,226568453
2024-07-26 09:20:24,77300.0,200,Sell,226568461
2024-07-26 09:20:24,77300.0,2500,Sell,226568463
2024-07-26 09:20:24,77300.0,400,Sell,226568464
2024-07-26 09:20:26,77300.0,1000,Sell,226568477
2024-07-26 09:20:29,77300.0,2500,Sell,226568546
2024-07-26 09:20:47,77300.0,100,Buy,226568792
2024-07-26 09:20:47,77200.0,1200,Buy,226568791
2024-07-26 09:20:47,77200.0,100,Buy,226568790
2024-07-26 09:20:48,77300.0,1600,Sell,226568814
2024-07-26 09:20:57,77300.0,200,Sell,226568958
2024-07-26 09:21:06,77400.0,1000,Buy,226569117
2024-07-26 09:21:06,77400.0,800,Buy,226569119
2024-07-26 09:21:06,77400.0,500,Buy,226569118
2024-07-26 09:21:06,77400.0,100,Buy,226569116
2024-07-26 09:21:06,77300.0,800,Buy,226569111
2024-07-26 09:21:06,77400.0,300,Buy,226569114
2024-07-26 09:21:06,77300.0,1200,Buy,226569113
2024-07-26 09:21:06,77300.0,200,Buy,226569112
2024-07-26 09:21:06,77400.0,100,Buy,226569115
2024-07-26 09:21:34,77300.0,100,Buy,226569555
2024-07-26 09:21:34,77300.0,900,Buy,226569556
2024-07-26 09:22:27,77200.0,100,Sell,226570502
2024-07-26 09:23:05,77100.0,100,Sell,226571213
2024-07-26 09:23:05,77100.0,100,Sell,226571214
2024-07-26 09:23:09,77000.0,2000,Sell,226571303
2024-07-26 09:23:09,77000.0,900,Sell,226571304
2024-07-26 09:23:18,77000.0,1000,Sell,226571472
2024-07-26 09:23:23,77000.0,500,Sell,226571565
2024-07-26 09:23:29,77000.0,100,Sell,226571669
2024-07-26 09:24:06,77000.0,100,Sell,226572389
2024-07-26 09:24:42,77000.0,100,Buy,226573108
2024-07-26 09:24:50,76500.0,200,Sell,226573246
2024-07-26 09:24:50,76500.0,2000,Sell,226573247
2024-07-26 09:24:50,76500.0,1000,Sell,226573248
2024-07-26 09:24:50,76500.0,500,Sell,226573249
2024-07-26 09:24:50,76500.0,1300,Sell,226573250
2024-07-26 09:26:53,76500.0,100,Sell,226575460
2024-07-26 09:29:02,76600.0,100,Sell,226577776
2024-07-26 09:29:02,76500.0,4900,Sell,226577777
2024-07-26 09:30:17,77000.0,100,Buy,226579302
2024-07-26 09:30:17,77000.0,1300,Buy,226579303
2024-07-26 09:30:17,77000.0,900,Buy,226579301
2024-07-26 09:30:17,77000.0,1000,Buy,226579299
2024-07-26 09:30:17,77000.0,100,Buy,226579300
2024-07-26 09:30:17,77000.0,500,Buy,226579298
2024-07-26 09:30:17,77000.0,100,Buy,226579297
2024-07-26 09:30:36,77000.0,300,Buy,226579670
2024-07-26 09:34:00,76600.0,1000,Sell,226583874
2024-07-26 09:34:00,76600.0,500,Sell,226583875
2024-07-26 09:34:58,76600.0,300,Buy,226584942
2024-07-26 09:35:53,76500.0,700,Sell,226585951
2024-07-26 09:35:53,76500.0,100,Sell,226585952
2024-07-26 09:35:53,76500.0,100,Sell,226585953
2024-07-26 09:35:53,76500.0,500,Sell,226585954
2024-07-26 09:35:53,76500.0,100,Sell,226585955
2024-07-26 09:35:53,76500.0,100,Sell,226585956
2024-07-26 09:35:53,76500.0,300,Sell,226585957
2024-07-26 09:35:53,76500.0,100,Sell,226585958
2024-07-26 09:36:20,76500.0,900,Sell,226586412
2024-07-26 09:36:24,76500.0,1000,Sell,226586459
2024-07-26 09:36:24,76500.0,300,Sell,226586460
2024-07-26 09:36:29,76600.0,200,Buy,226586545
2024-07-26 09:36:29,76600.0,8000,Buy,226586546
2024-07-26 09:36:30,76600.0,300,Sell,226586558
2024-07-26 09:38:06,76800.0,100,Buy,226588225
2024-07-26 09:38:23,76600.0,100,Sell,226588473
2024-07-26 09:39:22,76800.0,100,Buy,226589266
2024-07-26 09:40:21,76800.0,100,Buy,226590188
2024-07-26 09:40:39,76600.0,1400,Sell,226590530
2024-07-26 09:40:39,76600.0,1000,Sell,226590531
2024-07-26 09:40:39,76600.0,100,Sell,226590532
2024-07-26 09:41:25,76600.0,100,Buy,226591358
2024-07-26 09:41:51,76600.0,100,Buy,226591723
2024-07-26 09:43:43,76500.0,200,Sell,226593371
2024-07-26 09:43:43,76500.0,100,Sell,226593370
2024-07-26 09:43:43,76500.0,200,Sell,226593369
2024-07-26 09:44:00,76500.0,100,Sell,226593591
2024-07-26 09:44:11,76600.0,100,Buy,226593776
2024-07-26 09:48:55,76600.0,100,Buy,226598259
2024-07-26 09:51:22,76500.0,100,Sell,226600970
2024-07-26 09:52:39,76500.0,200,Sell,226602322
2024-07-26 09:52:39,76500.0,700,Sell,226602323
2024-07-26 09:52:39,76500.0,200,Sell,226602324
2024-07-26 09:52:39,76500.0,100,Sell,226602325
2024-07-26 09:52:39,76500.0,100,Sell,226602326
2024-07-26 09:52:58,76500.0,100,Buy,226602811
2024-07-26 09:54:09,76500.0,15000,Buy,226604335
2024-07-26 09:54:39,76600.0,100,Buy,226604935
2024-07-26 09:54:39,76600.0,100,Buy,226604934
2024-07-26 09:54:39,76600.0,500,Buy,226604933
2024-07-26 09:54:39,76600.0,100,Buy,226604930
2024-07-26 09:54:39,76600.0,100,Buy,226604931
2024-07-26 09:54:39,76500.0,1600,Buy,226604929
2024-07-26 09:54:39,76600.0,1000,Buy,226604932
2024-07-26 09:58:03,76600.0,800,Sell,226608789
2024-07-26 09:58:09,76800.0,5000,Buy,226608888
2024-07-26 09:58:09,76800.0,500,Buy,226608892
2024-07-26 09:58:09,76900.0,4500,Buy,226608893
2024-07-26 09:58:39,77000.0,100,Buy,226609335
2024-07-26 09:58:39,77000.0,300,Buy,226609336
2024-07-26 09:58:39,77000.0,200,Buy,226609334
2024-07-26 09:58:39,77000.0,100,Buy,226609338
2024-07-26 09:58:39,77000.0,600,Buy,226609339
2024-07-26 09:58:39,77000.0,300,Buy,226609337
2024-07-26 09:58:39,77000.0,200,Buy,226609333
2024-07-26 09:58:39,76900.0,500,Buy,226609326
2024-07-26 09:58:39,77000.0,200,Buy,226609331
2024-07-26 09:58:39,77000.0,1500,Buy,226609332
2024-07-26 09:58:39,76900.0,1000,Buy,226609327
2024-07-26 09:58:39,76900.0,500,Buy,226609325
2024-07-26 09:58:39,77000.0,3400,Buy,226609329
2024-07-26 09:58:39,77000.0,600,Buy,226609330
2024-07-26 09:58:39,76900.0,500,Buy,226609328
2024-07-26 09:59:23,77000.0,200,Buy,226610009
2024-07-26 09:59:23,77000.0,200,Buy,226610010
2024-07-26 09:59:23,77000.0,200,Buy,226610011
2024-07-26 09:59:23,77000.0,100,Buy,226610012
2024-07-26 09:59:47,77100.0,100,Buy,226610406
2024-07-26 10:00:28,77100.0,100,Buy,226611142
2024-07-26 10:01:52,77000.0,100,Sell,226612439
2024-07-26 10:01:52,77000.0,200,Sell,226612440
2024-07-26 10:02:27,77000.0,100,Sell,226613044
2024-07-26 10:02:27,77000.0,100,Sell,226613045
2024-07-26 10:02:28,77000.0,100,Buy,226613049
2024-07-26 10:02:32,77100.0,100,Buy,226613092
2024-07-26 10:02:36,77000.0,1000,Sell,226613176
2024-07-26 10:02:39,77100.0,100,Buy,226613235
2024-07-26 10:02:44,77000.0,3100,Sell,226613333
2024-07-26 10:02:49,77000.0,100,Buy,226613430
2024-07-26 10:02:56,77000.0,100,Buy,226613606
2024-07-26 10:02:56,77000.0,100,Buy,226613643
2024-07-26 10:03:02,77000.0,100,Buy,226613742
2024-07-26 10:03:05,77000.0,100,Buy,226613816
2024-07-26 10:03:09,77000.0,100,Buy,226613870
2024-07-26 10:03:14,77000.0,100,Buy,226614050
2024-07-26 10:03:18,77000.0,100,Buy,226614099
2024-07-26 10:03:24,77000.0,100,Buy,226614175
2024-07-26 10:03:36,77000.0,300,Buy,226614329
2024-07-26 10:03:39,77000.0,100,Buy,226614427
2024-07-26 10:03:49,77000.0,100,Buy,226614550
2024-07-26 10:03:55,77000.0,100,Buy,226614659
2024-07-26 10:03:59,77000.0,100,Buy,226614705
2024-07-26 10:04:02,77000.0,100,Buy,226614761
2024-07-26 10:04:31,77000.0,100,Buy,226615196
2024-07-26 10:05:03,77000.0,100,Buy,226615575
2024-07-26 10:05:24,76900.0,100,Sell,226615886
2024-07-26 10:05:32,77000.0,100,Buy,226615967
2024-07-26 10:05:33,77000.0,100,Buy,226615973
2024-07-26 10:06:24,76900.0,100,Sell,226616888
2024-07-26 10:08:14,76900.0,100,Sell,226618290
2024-07-26 10:09:05,77000.0,100,Buy,226619120
2024-07-26 10:09:12,77000.0,400,Buy,226619230
2024-07-26 10:09:14,77000.0,100,Buy,226619300
2024-07-26 10:09:45,77000.0,300,Buy,226619840
2024-07-26 10:12:03,77000.0,200,Buy,226621989
2024-07-26 10:12:03,77000.0,100,Buy,226621990
2024-07-26 10:12:03,77000.0,1000,Buy,226621991
2024-07-26 10:12:03,77000.0,200,Buy,226621992
2024-07-26 10:12:03,77000.0,800,Buy,226621993
2024-07-26 10:13:12,77000.0,100,Buy,226623119
2024-07-26 10:13:12,77000.0,1000,Buy,226623120
2024-07-26 10:13:12,77000.0,300,Buy,226623117
2024-07-26 10:13:12,77000.0,200,Buy,226623116
2024-07-26 10:13:12,77000.0,100,Buy,226623118
2024-07-26 10:13:19,77000.0,500,Sell,226623213
2024-07-26 10:13:29,77000.0,1500,Sell,226623340
2024-07-26 10:13:36,77000.0,200,Sell,226623485
2024-07-26 10:14:02,77000.0,100,Sell,226623933
2024-07-26 10:14:05,77000.0,1000,Sell,226623969
2024-07-26 10:15:13,77000.0,1000,Buy,226625353
2024-07-26 10:16:16,77000.0,100,Buy,226626321
2024-07-26 10:17:09,77000.0,100,Buy,226627190
2024-07-26 10:17:47,77000.0,100,Buy,226627698
2024-07-26 10:18:10,77000.0,100,Buy,226627958
2024-07-26 10:18:29,77000.0,100,Buy,226628238
2024-07-26 10:19:40,77000.0,100,Buy,226629137
2024-07-26 10:20:17,77000.0,100,Buy,226629775
2024-07-26 10:20:47,76900.0,600,Sell,226630150
2024-07-26 10:20:47,76900.0,100,Sell,226630148
2024-07-26 10:20:47,76900.0,300,Sell,226630149
2024-07-26 10:21:19,76900.0,400,Sell,226630710
2024-07-26 10:22:12,77000.0,100,Buy,226631547
2024-07-26 10:22:28,77000.0,100,Buy,226631776
2024-07-26 10:22:33,77000.0,200,Buy,226631846
2024-07-26 10:24:43,77000.0,600,Buy,226633879
2024-07-26 10:26:11,77000.0,100,Buy,226635139
2024-07-26 10:26:11,77000.0,600,Buy,226635134
2024-07-26 10:26:11,77000.0,100,Buy,226635135
2024-07-26 10:26:11,77000.0,100,Buy,226635136
2024-07-26 10:26:11,77000.0,200,Buy,226635137
2024-07-26 10:26:11,77000.0,900,Buy,226635138
2024-07-26 10:26:46,77000.0,100,Sell,226635726
2024-07-26 10:29:06,77000.0,100,Buy,226637589
2024-07-26 10:29:06,77000.0,200,Buy,226637590
2024-07-26 10:29:06,77000.0,100,Buy,226637588
2024-07-26 10:29:37,77000.0,300,Sell,226638075
2024-07-26 10:30:18,77000.0,1000,Sell,226638590
2024-07-26 10:31:18,77000.0,200,Sell,226639425
2024-07-26 10:31:27,77100.0,500,Buy,226639553
2024-07-26 10:31:27,77100.0,1500,Buy,226639554
2024-07-26 10:32:26,77300.0,400,Buy,226640396
2024-07-26 10:32:26,77300.0,200,Buy,226640395
2024-07-26 10:32:26,77300.0,4000,Buy,226640394
2024-07-26 10:32:26,77300.0,100,Buy,226640393
2024-07-26 10:32:26,77300.0,500,Buy,226640392
2024-07-26 10:32:26,77200.0,100,Buy,226640391
2024-07-26 10:32:26,77200.0,200,Buy,226640389
2024-07-26 10:32:26,77200.0,200,Buy,226640388
2024-07-26 10:32:26,77200.0,600,Buy,226640387
2024-07-26 10:32:26,77100.0,1500,Buy,226640386
2024-07-26 10:32:26,77100.0,500,Buy,226640381
2024-07-26 10:32:26,77200.0,200,Buy,226640390
2024-07-26 10:33:01,77300.0,100,Buy,226640890
2024-07-26 10:33:01,77300.0,100,Buy,226640891
2024-07-26 10:33:01,77300.0,100,Buy,226640892
2024-07-26 10:33:01,77300.0,100,Buy,226640893
2024-07-26 10:33:01,77300.0,3000,Buy,226640894
2024-07-26 10:33:12,77300.0,500,Sell,226641041
2024-07-26 10:33:50,77300.0,100,Buy,226641551
2024-07-26 10:33:50,77300.0,3000,Buy,226641552
2024-07-26 10:33:58,77300.0,300,Sell,226641710
2024-07-26 10:34:30,77300.0,100,Buy,226642107
2024-07-26 10:34:35,77300.0,100,Buy,226642251
2024-07-26 10:35:05,77300.0,100,Buy,226642767
2024-07-26 10:35:19,77200.0,800,Buy,226643003
2024-07-26 10:35:19,77300.0,200,Buy,226643004
2024-07-26 10:35:48,77300.0,100,Buy,226643435
2024-07-26 10:35:48,77400.0,300,Buy,226643451
2024-07-26 10:35:48,77400.0,100,Buy,226643450
2024-07-26 10:35:48,77400.0,3000,Buy,226643449
2024-07-26 10:35:48,77400.0,100,Buy,226643448
2024-07-26 10:35:48,77400.0,500,Buy,226643446
2024-07-26 10:35:48,77400.0,100,Buy,226643445
2024-07-26 10:35:48,77400.0,100,Buy,226643444
2024-07-26 10:35:48,77400.0,1000,Buy,226643447
2024-07-26 10:35:48,77400.0,200,Buy,226643442
2024-07-26 10:35:48,77400.0,200,Buy,226643441
2024-07-26 10:35:48,77400.0,100,Buy,226643440
2024-07-26 10:35:48,77400.0,1000,Buy,226643439
2024-07-26 10:35:48,77400.0,100,Buy,226643438
2024-07-26 10:35:48,77400.0,100,Buy,226643437
2024-07-26 10:35:48,77300.0,1400,Buy,226643436
2024-07-26 10:35:48,77400.0,300,Buy,226643443
2024-07-26 10:37:04,77300.0,100,Buy,226644562
2024-07-26 10:37:04,77400.0,300,Buy,226644563
2024-07-26 10:37:04,77400.0,200,Buy,226644564
2024-07-26 10:37:18,77400.0,100,Buy,226644708
2024-07-26 10:37:48,77400.0,100,Buy,226645079
2024-07-26 10:38:02,77500.0,300,Buy,226645287
2024-07-26 10:38:02,77500.0,300,Buy,226645288
2024-07-26 10:38:02,77500.0,300,Buy,226645286
2024-07-26 10:38:02,77500.0,600,Buy,226645285
2024-07-26 10:38:02,77400.0,500,Buy,226645280
2024-07-26 10:38:02,77500.0,100,Buy,226645283
2024-07-26 10:38:02,77500.0,300,Buy,226645282
2024-07-26 10:38:02,77400.0,100,Buy,226645281
2024-07-26 10:38:02,77500.0,500,Buy,226645284
2024-07-26 10:39:16,77500.0,100,Buy,226646171
2024-07-26 10:39:28,77400.0,200,Sell,226646407
2024-07-26 10:41:20,77300.0,100,Buy,226648135
2024-07-26 10:41:46,77200.0,100,Buy,226648623
2024-07-26 10:42:10,77300.0,100,Buy,226648962
2024-07-26 10:42:18,77300.0,100,Buy,226649156
2024-07-26 10:45:02,77400.0,100,Buy,226651547
2024-07-26 10:46:15,77400.0,100,Buy,226652462
2024-07-26 10:47:40,77400.0,100,Buy,226653606
2024-07-26 10:48:28,77300.0,100,Buy,226654341
2024-07-26 10:48:29,77300.0,100,Buy,226654385
2024-07-26 10:48:34,77300.0,100,Buy,226654440
2024-07-26 10:48:35,77300.0,100,Buy,226654473
2024-07-26 10:48:48,77200.0,300,Sell,226654678
2024-07-26 10:49:15,77200.0,100,Buy,226655065
2024-07-26 10:49:17,77200.0,100,Buy,226655085
2024-07-26 10:49:26,77300.0,100,Buy,226655240
2024-07-26 10:50:27,77300.0,100,Buy,226656300
2024-07-26 10:50:33,77300.0,100,Buy,226656424
2024-07-26 10:50:44,77000.0,100,Sell,226656567
2024-07-26 10:50:44,77000.0,1000,Sell,226656571
2024-07-26 10:50:44,77000.0,500,Sell,226656570
2024-07-26 10:50:44,77000.0,100,Sell,226656566
2024-07-26 10:50:44,77000.0,400,Sell,226656569
2024-07-26 10:50:44,77000.0,1000,Sell,226656564
2024-07-26 10:50:44,77000.0,300,Sell,226656565
2024-07-26 10:50:44,77100.0,2000,Sell,226656560
2024-07-26 10:50:44,77000.0,100,Sell,226656568
2024-07-26 10:50:44,77000.0,200,Sell,226656563
2024-07-26 10:50:44,77000.0,2100,Sell,226656562
2024-07-26 10:50:56,77000.0,100,Buy,226656724
2024-07-26 10:51:18,77000.0,100,Buy,226657095
2024-07-26 10:51:38,77000.0,500,Buy,226657396
2024-07-26 10:51:38,77000.0,100,Buy,226657401
2024-07-26 10:52:20,77000.0,100,Buy,226658132
2024-07-26 10:52:27,76900.0,100,Sell,226658201
2024-07-26 10:52:27,76900.0,200,Sell,226658202
2024-07-26 10:52:27,76900.0,1000,Sell,226658203
2024-07-26 10:52:41,76900.0,100,Buy,226658344
2024-07-26 10:52:46,76900.0,500,Buy,226658394
2024-07-26 10:54:09,76600.0,700,Sell,226659590
2024-07-26 10:54:09,76700.0,100,Sell,226659589
2024-07-26 10:54:09,76700.0,100,Sell,226659588
2024-07-26 10:54:09,76700.0,500,Sell,226659587
2024-07-26 10:54:09,76800.0,100,Sell,226659586
2024-07-26 10:54:09,76800.0,100,Sell,226659585
2024-07-26 10:54:09,76800.0,100,Sell,226659580
2024-07-26 10:54:09,76800.0,100,Sell,226659583
2024-07-26 10:54:09,76800.0,100,Sell,226659582
2024-07-26 10:54:09,76800.0,100,Sell,226659581
2024-07-26 10:54:09,76600.0,100,Sell,226659591
2024-07-26 10:54:09,76800.0,600,Sell,226659578
2024-07-26 10:54:09,76800.0,100,Sell,226659577
2024-07-26 10:54:09,76800.0,100,Sell,226659584
2024-07-26 10:54:09,76800.0,100,Sell,226659579
2024-07-26 10:54:33,76600.0,500,Sell,226659881
2024-07-26 10:55:36,76600.0,1000,Sell,226660716
2024-07-26 11:00:01,76600.0,200,Sell,226664065
2024-07-26 11:00:19,76600.0,3200,Sell,226664248
2024-07-26 11:00:19,76600.0,200,Sell,226664249
2024-07-26 11:00:19,76600.0,100,Sell,226664250
2024-07-26 11:00:19,76600.0,200,Sell,226664251
2024-07-26 11:00:19,76600.0,100,Sell,226664252
2024-07-26 11:01:17,76600.0,100,Buy,226665074
2024-07-26 11:01:29,76500.0,100,Sell,226665269
2024-07-26 11:01:29,76500.0,200,Sell,226665270
2024-07-26 11:01:42,76500.0,800,Sell,226665481
2024-07-26 11:01:42,76500.0,200,Sell,226665482
2024-07-26 11:01:43,76500.0,100,Sell,226665500
2024-07-26 11:01:43,76500.0,500,Sell,226665499
2024-07-26 11:01:43,76500.0,500,Sell,226665498
2024-07-26 11:01:43,76500.0,100,Sell,226665496
2024-07-26 11:01:43,76500.0,1000,Sell,226665495
2024-07-26 11:01:43,76500.0,200,Sell,226665494
2024-07-26 11:01:43,76500.0,300,Sell,226665493
2024-07-26 11:01:43,76500.0,200,Sell,226665497
2024-07-26 11:01:50,76400.0,200,Sell,226665578
2024-07-26 11:01:50,76400.0,100,Sell,226665579
2024-07-26 11:01:50,76400.0,100,Sell,226665580
2024-07-26 11:01:50,76400.0,100,Sell,226665581
2024-07-26 11:02:17,76400.0,200,Buy,226665953
2024-07-26 11:02:27,76400.0,300,Buy,226666121
2024-07-26 11:04:26,76400.0,1000,Sell,226667889
2024-07-26 11:05:33,76400.0,500,Sell,226668759
2024-07-26 11:05:33,76400.0,500,Sell,226668760
2024-07-26 11:06:10,76400.0,200,Sell,226669939
2024-07-26 11:06:10,76400.0,200,Sell,226669938
2024-07-26 11:06:10,76400.0,100,Sell,226669937
2024-07-26 11:06:10,76400.0,500,Sell,226669936
2024-07-26 11:06:57,76400.0,400,Sell,226670573
2024-07-26 11:06:57,76400.0,500,Sell,226670574
2024-07-26 11:06:57,76400.0,100,Sell,226670575
2024-07-26 11:09:49,76400.0,200,Sell,226673657
2024-07-26 11:09:49,76400.0,100,Sell,226673658
2024-07-26 11:09:58,76200.0,900,Sell,226673790
2024-07-26 11:09:58,76200.0,400,Sell,226673789
2024-07-26 11:09:58,76200.0,1000,Sell,226673788
2024-07-26 11:09:58,76300.0,500,Sell,226673785
2024-07-26 11:09:58,76300.0,100,Sell,226673787
2024-07-26 11:09:58,76300.0,100,Sell,226673783
2024-07-26 11:09:58,76300.0,100,Sell,226673784
2024-07-26 11:09:58,76300.0,100,Sell,226673779
2024-07-26 11:09:58,76300.0,100,Sell,226673780
2024-07-26 11:09:58,76300.0,100,Sell,226673786
2024-07-26 11:09:58,76300.0,100,Sell,226673782
2024-07-26 11:09:58,76300.0,100,Sell,226673781
2024-07-26 11:12:11,76400.0,1000,Sell,226675504
2024-07-26 11:12:52,76400.0,2000,Sell,226676023
2024-07-26 11:18:31,76500.0,200,Buy,226679941
2024-07-26 11:19:38,76600.0,1100,Buy,226680584
2024-07-26 11:19:38,76600.0,900,Buy,226680585
2024-07-26 11:20:16,76600.0,100,Buy,226680990
2024-07-26 11:20:38,76700.0,200,Buy,226681159
2024-07-26 11:21:47,76900.0,2500,Buy,226682008
2024-07-26 11:21:47,77000.0,200,Buy,226682010
2024-07-26 11:21:47,77000.0,11300,Buy,226682009
2024-07-26 11:21:47,76900.0,500,Buy,226682007
2024-07-26 11:21:47,76800.0,400,Buy,226682005
2024-07-26 11:21:47,76800.0,2000,Buy,226682004
2024-07-26 11:21:47,76900.0,3100,Buy,226682006
2024-07-26 11:25:31,77000.0,100,Buy,226684219
2024-07-26 11:25:31,77000.0,400,Buy,226684220
2024-07-26 11:25:31,77000.0,100,Buy,226684221
2024-07-26 11:25:31,77000.0,200,Buy,226684222
2024-07-26 11:25:31,77000.0,100,Buy,226684223
2024-07-26 11:25:31,77000.0,500,Buy,226684224
2024-07-26 11:25:31,77000.0,600,Buy,226684225
2024-07-26 11:26:09,77000.0,200,Buy,226684842
2024-07-26 11:26:28,76800.0,500,Sell,226685011
2024-07-26 11:26:28,76800.0,3100,Sell,226685012
2024-07-26 11:27:32,76500.0,200,Sell,226685864
2024-07-26 11:27:32,76500.0,900,Sell,226685862
2024-07-26 11:27:32,76600.0,100,Sell,226685861
2024-07-26 11:27:32,76500.0,200,Sell,226685863
2024-07-26 11:28:15,76900.0,100,Buy,226686418
2024-07-26 11:28:32,76900.0,100,Buy,226686561
2024-07-26 11:28:39,76900.0,300,Buy,226686642
2024-07-26 11:28:41,76900.0,200,Sell,226686664
2024-07-26 12:59:43,76900.0,100,Sell,226689602
2024-07-26 12:59:43,76500.0,300,Sell,226689603
2024-07-26 12:59:43,76500.0,400,Sell,226689612
2024-07-26 12:59:57,76800.0,200,Sell,226691791
2024-07-26 13:00:36,76800.0,600,Sell,226692671
2024-07-26 13:01:10,76800.0,200,Sell,226693335
2024-07-26 13:01:59,76500.0,100,Sell,226694509
2024-07-26 13:01:59,76500.0,1000,Sell,226694510
2024-07-26 13:01:59,76500.0,100,Sell,226694507
2024-07-26 13:01:59,76500.0,100,Sell,226694508
2024-07-26 13:01:59,76500.0,1100,Sell,226694506
2024-07-26 13:02:31,76500.0,100,Buy,226695143
2024-07-26 13:03:45,76500.0,200,Buy,226696852
2024-07-26 13:03:58,76500.0,100,Buy,226697177
2024-07-26 13:04:12,76400.0,100,Sell,226697423
2024-07-26 13:04:19,76500.0,100,Buy,226697605
2024-07-26 13:04:57,76500.0,100,Buy,226698412
2024-07-26 13:04:57,76500.0,200,Buy,226698413
2024-07-26 13:04:57,76500.0,1400,Buy,226698414
2024-07-26 13:05:18,76500.0,3000,Buy,226698779
2024-07-26 13:05:23,76500.0,600,Buy,226698900
2024-07-26 13:05:44,76500.0,100,Sell,226699342
2024-07-26 13:07:17,76700.0,200,Buy,226701240
2024-07-26 13:07:17,76700.0,1400,Buy,226701241
2024-07-26 13:08:33,76700.0,500,Buy,226702806
2024-07-26 13:09:19,76700.0,900,Buy,226703884
2024-07-26 13:09:19,76700.0,1100,Buy,226703883
2024-07-26 13:09:52,76700.0,100,Buy,226704743
2024-07-26 13:10:45,76700.0,1000,Sell,226706138
2024-07-26 13:10:49,76700.0,100,Sell,226706252
2024-07-26 13:10:55,76600.0,400,Sell,226706372
2024-07-26 13:12:29,76800.0,300,Buy,226708552
2024-07-26 13:12:33,76600.0,100,Sell,226708714
2024-07-26 13:12:38,76600.0,500,Sell,226708833
2024-07-26 13:12:46,76600.0,100,Buy,226709053
2024-07-26 13:13:31,76500.0,300,Sell,226710112
2024-07-26 13:13:31,76500.0,900,Sell,226710113
2024-07-26 13:13:31,76500.0,300,Sell,226710114
2024-07-26 13:14:28,76500.0,100,Sell,226711420
2024-07-26 13:14:30,76500.0,100,Sell,226711461
2024-07-26 13:15:19,76400.0,100,Sell,226712654
2024-07-26 13:16:15,76500.0,500,Sell,226714115
2024-07-26 13:16:15,76500.0,500,Sell,226714114
2024-07-26 13:16:27,76400.0,1800,Sell,226714501
2024-07-26 13:16:27,76400.0,3200,Sell,226714502
2024-07-26 13:17:25,76400.0,1800,Sell,226716011
2024-07-26 13:17:25,76400.0,100,Sell,226716012
2024-07-26 13:17:25,76400.0,700,Sell,226716013
2024-07-26 13:17:25,76400.0,1000,Sell,226716014
2024-07-26 13:17:25,76400.0,100,Sell,226716015
2024-07-26 13:17:25,76400.0,300,Sell,226716016
2024-07-26 13:17:25,76400.0,100,Sell,226716017
2024-07-26 13:17:25,76400.0,200,Sell,226716018
2024-07-26 13:17:25,76400.0,100,Sell,226716019
2024-07-26 13:17:25,76400.0,500,Sell,226716020
2024-07-26 13:17:25,76400.0,100,Sell,226716021
2024-07-26 13:19:11,76800.0,400,Buy,226718694
2024-07-26 13:19:11,76800.0,100,Buy,226718695
2024-07-26 13:19:18,76800.0,100,Sell,226718909
2024-07-26 13:19:25,76900.0,800,Buy,226719169
2024-07-26 13:19:41,76800.0,100,Sell,226719520
2024-07-26 13:19:41,76500.0,2000,Sell,226719521
2024-07-26 13:19:41,76500.0,100,Sell,226719522
2024-07-26 13:19:41,76500.0,200,Sell,226719523
2024-07-26 13:19:44,76900.0,200,Buy,226719606
2024-07-26 13:19:44,76900.0,300,Buy,226719607
2024-07-26 13:19:44,76900.0,500,Buy,226719609
2024-07-26 13:20:14,76900.0,2000,Sell,226720540
2024-07-26 13:20:19,76900.0,100,Sell,226720684
2024-07-26 13:20:20,77000.0,100,Buy,226720712
2024-07-26 13:21:24,77000.0,2100,Buy,226722573
2024-07-26 13:21:24,77000.0,300,Buy,226722574
2024-07-26 13:21:24,77000.0,1100,Buy,226722576
2024-07-26 13:21:24,77000.0,500,Buy,226722579
2024-07-26 13:21:24,77000.0,200,Buy,226722575
2024-07-26 13:21:24,77000.0,100,Buy,226722577
2024-07-26 13:21:24,77000.0,100,Buy,226722578
2024-07-26 13:21:37,77000.0,2500,Sell,226723014
2024-07-26 13:22:04,77000.0,300,Sell,226723798
2024-07-26 13:22:04,76500.0,300,Sell,226723799
2024-07-26 13:22:04,76500.0,1800,Sell,226723800
2024-07-26 13:22:13,77000.0,300,Buy,226724155
2024-07-26 13:22:20,77000.0,100,Sell,226724344
2024-07-26 13:23:06,77000.0,8000,Sell,226725546
2024-07-26 13:23:30,77000.0,100,Sell,226726315
2024-07-26 13:23:30,76500.0,200,Sell,226726316
2024-07-26 13:23:30,76500.0,100,Sell,226726317
2024-07-26 13:23:30,76500.0,1000,Sell,226726318
2024-07-26 13:23:30,76500.0,600,Sell,226726319
2024-07-26 13:24:20,76500.0,300,Sell,226727765
2024-07-26 13:24:20,76500.0,400,Sell,226727763
2024-07-26 13:24:20,76500.0,1000,Sell,226727764
2024-07-26 13:24:29,77200.0,100,Buy,226727996
2024-07-26 13:27:45,77000.0,100,Sell,226732828
2024-07-26 13:28:01,77000.0,500,Sell,226733147
2024-07-26 13:28:03,77000.0,500,Sell,226733160
2024-07-26 13:28:24,77000.0,100,Sell,226733654
2024-07-26 13:28:30,77000.0,3900,Sell,226733773
2024-07-26 13:28:30,77000.0,1100,Sell,226733774
2024-07-26 13:28:33,77100.0,100,Buy,226733827
2024-07-26 13:28:53,77000.0,1500,Sell,226734227
2024-07-26 13:28:54,77000.0,400,Sell,226734247
2024-07-26 13:30:22,76800.0,200,Sell,226736030
2024-07-26 13:30:22,76800.0,100,Sell,226736033
2024-07-26 13:30:36,76500.0,100,Sell,226736322
2024-07-26 13:30:36,76500.0,2000,Sell,226736323
2024-07-26 13:30:36,76500.0,100,Sell,226736320
2024-07-26 13:30:36,76500.0,500,Sell,226736321
2024-07-26 13:30:43,76700.0,100,Buy,226736478
2024-07-26 13:30:44,77000.0,100,Buy,226736490
2024-07-26 13:30:44,77000.0,100,Buy,226736491
2024-07-26 13:30:56,76800.0,900,Sell,226736690
2024-07-26 13:31:41,77200.0,1600,Buy,226737580
2024-07-26 13:31:41,77200.0,100,Buy,226737579
2024-07-26 13:31:41,77200.0,100,Buy,226737578
2024-07-26 13:31:41,77100.0,1000,Buy,226737576
2024-07-26 13:31:41,77100.0,300,Buy,226737575
2024-07-26 13:31:41,77000.0,100,Buy,226737574
2024-07-26 13:31:41,77000.0,900,Buy,226737573
2024-07-26 13:31:41,77200.0,900,Buy,226737577
2024-07-26 13:32:01,77200.0,900,Buy,226737983
2024-07-26 13:32:01,77200.0,100,Buy,226737982
2024-07-26 13:32:01,77200.0,4400,Buy,226737981
2024-07-26 13:32:01,77200.0,100,Buy,226737979
2024-07-26 13:32:01,77200.0,3000,Buy,226737978
2024-07-26 13:32:01,77200.0,1400,Buy,226737977
2024-07-26 13:32:01,77200.0,100,Buy,226737980
2024-07-26 13:35:19,77200.0,100,Sell,226741890
2024-07-26 13:35:25,77300.0,100,Buy,226742017
2024-07-26 13:35:33,77300.0,100,Buy,226742182
2024-07-26 13:35:33,77200.0,400,Sell,226742183
2024-07-26 13:36:54,77000.0,2000,Sell,226744141
2024-07-26 13:36:54,77000.0,100,Sell,226744142
2024-07-26 13:36:54,77000.0,500,Sell,226744143
2024-07-26 13:37:08,77000.0,100,Buy,226744386
2024-07-26 13:38:10,77000.0,200,Buy,226745728
2024-07-26 13:38:40,76900.0,100,Buy,226746274
2024-07-26 13:38:40,77000.0,9900,Buy,226746275
2024-07-26 13:39:33,77000.0,1700,Buy,226747783
2024-07-26 13:39:40,77000.0,1700,Buy,226747939
2024-07-26 13:40:53,77000.0,100,Buy,226749678
2024-07-26 13:41:55,76900.0,100,Sell,226751332
2024-07-26 13:41:55,76900.0,100,Sell,226751331
2024-07-26 13:42:17,76900.0,100,Buy,226751899
2024-07-26 13:42:30,76900.0,200,Buy,226752224
2024-07-26 13:42:30,76900.0,100,Buy,226752225
2024-07-26 13:42:59,76900.0,100,Buy,226752925
2024-07-26 13:45:29,76900.0,100,Sell,226756444
2024-07-26 13:46:13,76900.0,100,Sell,226757371
2024-07-26 13:47:25,76900.0,100,Sell,226758709
2024-07-26 13:47:25,76900.0,200,Sell,226758710
2024-07-26 13:48:14,76900.0,100,Buy,226759803
2024-07-26 13:49:00,77000.0,500,Buy,226761048
2024-07-26 13:49:00,77000.0,1500,Buy,226761047
2024-07-26 13:49:00,77000.0,200,Buy,226761046
2024-07-26 13:49:00,77000.0,100,Buy,226761045
2024-07-26 13:49:00,77000.0,1400,Buy,226761043
2024-07-26 13:49:00,77000.0,300,Buy,226761041
2024-07-26 13:49:00,76900.0,10000,Buy,226761040
2024-07-26 13:49:00,76900.0,300,Buy,226761039
2024-07-26 13:49:00,77000.0,300,Buy,226761044
2024-07-26 13:49:00,77000.0,400,Buy,226761042
2024-07-26 13:50:03,77000.0,1000,Buy,226762400
2024-07-26 13:50:03,77000.0,2000,Buy,226762401
2024-07-26 13:50:49,77000.0,200,Buy,226763654
2024-07-26 13:52:55,77000.0,200,Buy,226767034
2024-07-26 13:53:05,77000.0,200,Sell,226767367
2024-07-26 13:55:06,77000.0,100,Sell,226770816
2024-07-26 13:55:07,77000.0,500,Sell,226770838
2024-07-26 13:55:17,77100.0,200,Buy,226771175
2024-07-26 13:56:40,77000.0,100,Sell,226773506
2024-07-26 13:56:41,77000.0,900,Sell,226773556
2024-07-26 13:56:53,77000.0,400,Buy,226773924
2024-07-26 13:57:01,77000.0,200,Buy,226774200
2024-07-26 13:58:21,77000.0,500,Buy,226776987
2024-07-26 13:58:21,77000.0,200,Buy,226776986
2024-07-26 13:58:21,77000.0,600,Sell,226776993
2024-07-26 13:58:21,77000.0,100,Buy,226776984
2024-07-26 13:58:21,77000.0,400,Buy,226776983
2024-07-26 13:58:21,77000.0,100,Buy,226776982
2024-07-26 13:58:21,77000.0,100,Buy,226776985
2024-07-26 13:58:53,77000.0,900,Buy,226777810
2024-07-26 13:58:53,77000.0,100,Buy,226777811
2024-07-26 13:58:53,77000.0,700,Buy,226777812
2024-07-26 13:59:18,77000.0,100,Buy,226778598
2024-07-26 13:59:52,76900.0,200,Sell,226779477
2024-07-26 14:01:40,76800.0,400,Sell,226781957
2024-07-26 14:01:40,76800.0,200,Sell,226781956
2024-07-26 14:01:40,76800.0,100,Sell,226781952
2024-07-26 14:01:40,76800.0,200,Sell,226781954
2024-07-26 14:01:40,76800.0,100,Sell,226781953
2024-07-26 14:01:40,76800.0,500,Sell,226781955
2024-07-26 14:01:41,76900.0,300,Buy,226782023
2024-07-26 14:02:36,76900.0,300,Sell,226783223
2024-07-26 14:02:38,76800.0,300,Sell,226783281
2024-07-26 14:03:54,76800.0,100,Sell,226785070
2024-07-26 14:04:37,77100.0,1000,Buy,226785964
2024-07-26 14:04:37,77100.0,100,Buy,226785961
2024-07-26 14:04:37,77100.0,1000,Buy,226785963
2024-07-26 14:04:37,77100.0,100,Buy,226785962
2024-07-26 14:04:37,77100.0,100,Buy,226785960
2024-07-26 14:04:37,77000.0,2000,Buy,226785954
2024-07-26 14:04:37,77100.0,100,Buy,226785958
2024-07-26 14:04:37,77100.0,100,Buy,226785959
2024-07-26 14:04:37,77000.0,4300,Buy,226785955
2024-07-26 14:04:37,77000.0,700,Buy,226785953
2024-07-26 14:04:37,77100.0,100,Buy,226785957
2024-07-26 14:04:37,77100.0,100,Buy,226785956
2024-07-26 14:05:18,77100.0,100,Sell,226786823
2024-07-26 14:05:50,77100.0,200,Sell,226787525
2024-07-26 14:06:12,77100.0,600,Buy,226787986
2024-07-26 14:06:12,77200.0,2600,Buy,226787987
2024-07-26 14:06:12,77200.0,100,Buy,226787988
2024-07-26 14:06:12,77200.0,100,Buy,226787989
2024-07-26 14:06:12,77200.0,1000,Buy,226787990
2024-07-26 14:06:12,77200.0,3700,Buy,226787991
2024-07-26 14:06:12,77200.0,200,Buy,226787992
2024-07-26 14:06:12,77200.0,200,Buy,226787993
2024-07-26 14:06:48,77200.0,500,Sell,226788809
2024-07-26 14:07:01,77200.0,100,Sell,226789073
2024-07-26 14:07:03,77200.0,100,Sell,226789123
2024-07-26 14:07:06,77200.0,500,Sell,226789184
2024-07-26 14:07:13,77300.0,200,Buy,226789312
2024-07-26 14:07:31,77300.0,100,Buy,226789710
2024-07-26 14:07:31,77300.0,100,Buy,226789711
2024-07-26 14:07:36,77400.0,800,Buy,226789871
2024-07-26 14:07:36,77300.0,100,Buy,226789870
2024-07-26 14:07:36,77300.0,100,Buy,226789866
2024-07-26 14:07:36,77300.0,100,Buy,226789867
2024-07-26 14:07:36,77300.0,200,Buy,226789865
2024-07-26 14:07:36,77300.0,100,Buy,226789869
2024-07-26 14:07:36,77300.0,200,Buy,226789863
2024-07-26 14:07:36,77300.0,100,Buy,226789864
2024-07-26 14:07:36,77300.0,900,Buy,226789852
2024-07-26 14:07:36,77300.0,500,Buy,226789853
2024-07-26 14:07:36,77300.0,100,Buy,226789868
2024-07-26 14:07:36,77300.0,200,Buy,226789862
2024-07-26 14:07:36,77300.0,300,Buy,226789854
2024-07-26 14:08:03,77400.0,200,Buy,226790493
2024-07-26 14:08:03,77400.0,700,Buy,226790494
2024-07-26 14:08:03,77400.0,3000,Buy,226790500
2024-07-26 14:08:04,77400.0,300,Buy,226790549
2024-07-26 14:08:04,77400.0,200,Buy,226790550
2024-07-26 14:08:04,77400.0,500,Buy,226790551
2024-07-26 14:08:26,77500.0,100,Buy,226791201
2024-07-26 14:08:28,77400.0,100,Sell,226791280
2024-07-26 14:08:33,77500.0,1000,Buy,226791460
2024-07-26 14:08:33,77500.0,100,Buy,226791464
2024-07-26 14:08:33,77500.0,100,Buy,226791463
2024-07-26 14:08:33,77500.0,200,Buy,226791462
2024-07-26 14:08:33,77500.0,200,Buy,226791457
2024-07-26 14:08:33,77500.0,200,Buy,226791459
2024-07-26 14:08:33,77500.0,100,Buy,226791458
2024-07-26 14:08:33,77500.0,100,Buy,226791461
2024-07-26 14:08:37,77500.0,500,Buy,226791553
2024-07-26 14:08:37,77500.0,100,Buy,226791554
2024-07-26 14:08:37,77500.0,200,Buy,226791555
2024-07-26 14:08:37,77500.0,100,Buy,226791556
2024-07-26 14:08:37,77500.0,100,Buy,226791557
2024-07-26 14:08:37,77500.0,300,Buy,226791558
2024-07-26 14:08:37,77500.0,700,Buy,226791559
2024-07-26 14:08:39,77500.0,100,Buy,226791599
2024-07-26 14:08:39,77500.0,100,Buy,226791611
2024-07-26 14:08:39,77500.0,100,Buy,226791610
2024-07-26 14:08:39,77500.0,600,Buy,226791597
2024-07-26 14:08:39,77500.0,4900,Buy,226791608
2024-07-26 14:08:39,77500.0,100,Buy,226791609
2024-07-26 14:08:39,77500.0,1000,Buy,226791598
2024-07-26 14:08:40,77500.0,1000,Buy,226791613
2024-07-26 14:08:40,77500.0,500,Buy,226791614
2024-07-26 14:08:51,77600.0,300,Buy,226791908
2024-07-26 14:08:51,77600.0,200,Buy,226791907
2024-07-26 14:08:51,77600.0,100,Buy,226791906
2024-07-26 14:08:51,77600.0,400,Buy,226791910
2024-07-26 14:08:51,77600.0,100,Buy,226791904
2024-07-26 14:08:51,77600.0,1000,Buy,226791903
2024-07-26 14:08:51,77600.0,200,Buy,226791893
2024-07-26 14:08:51,77600.0,300,Buy,226791892
2024-07-26 14:08:51,77600.0,100,Buy,226791905
2024-07-26 14:08:51,77600.0,500,Buy,226791909
2024-07-26 14:09:01,77700.0,300,Buy,226792170
2024-07-26 14:09:01,77700.0,100,Buy,226792171
2024-07-26 14:09:01,77700.0,100,Buy,226792172
2024-07-26 14:09:01,77700.0,200,Buy,226792173
2024-07-26 14:09:01,77700.0,300,Buy,226792174
2024-07-26 14:09:01,77800.0,300,Buy,226792175
2024-07-26 14:09:01,77800.0,1500,Buy,226792176
2024-07-26 14:09:01,77800.0,100,Buy,226792177
2024-07-26 14:09:01,77800.0,200,Buy,226792178
2024-07-26 14:09:10,77900.0,1300,Buy,226792407
2024-07-26 14:09:10,77900.0,100,Buy,226792406
2024-07-26 14:09:10,77900.0,200,Buy,226792404
2024-07-26 14:09:10,77900.0,100,Buy,226792403
2024-07-26 14:09:10,77900.0,300,Buy,226792405
2024-07-26 14:09:13,77900.0,300,Buy,226792503
2024-07-26 14:09:26,77900.0,100,Buy,226792856
2024-07-26 14:09:26,77900.0,100,Buy,226792857
2024-07-26 14:09:26,77900.0,800,Buy,226792858
2024-07-26 14:09:30,77900.0,200,Buy,226792957
2024-07-26 14:09:30,77900.0,100,Buy,226792958
2024-07-26 14:09:30,78000.0,300,Buy,226792959
2024-07-26 14:09:30,78000.0,100,Buy,226792960
2024-07-26 14:09:30,78000.0,100,Buy,226792961
2024-07-26 14:09:30,78000.0,500,Buy,226792962
2024-07-26 14:09:30,78000.0,100,Buy,226792963
2024-07-26 14:09:42,78000.0,800,Buy,226793332
2024-07-26 14:09:42,77900.0,400,Buy,226793329
2024-07-26 14:09:42,78000.0,300,Buy,226793330
2024-07-26 14:09:42,78000.0,500,Buy,226793331
2024-07-26 14:09:43,78000.0,1700,Buy,226793370
2024-07-26 14:09:45,78000.0,500,Buy,226793397
2024-07-26 14:09:49,77900.0,500,Buy,226793544
2024-07-26 14:09:52,77900.0,100,Buy,226793629
2024-07-26 14:09:52,78000.0,1900,Buy,226793630
2024-07-26 14:10:00,78000.0,1700,Buy,226793915
2024-07-26 14:10:04,78000.0,2000,Buy,226794057
2024-07-26 14:10:07,78000.0,500,Buy,226794134
2024-07-26 14:10:17,78000.0,100,Buy,226794431
2024-07-26 14:10:17,78000.0,200,Buy,226794430
2024-07-26 14:10:17,78000.0,500,Buy,226794428
2024-07-26 14:10:17,78000.0,800,Buy,226794422
2024-07-26 14:10:17,78000.0,100,Buy,226794429
2024-07-26 14:10:17,78000.0,100,Buy,226794415
2024-07-26 14:10:21,78000.0,100,Buy,226794549
2024-07-26 14:10:21,78000.0,200,Buy,226794547
2024-07-26 14:10:21,78000.0,100,Buy,226794548
2024-07-26 14:10:22,78000.0,300,Buy,226794581
2024-07-26 14:10:22,78000.0,100,Buy,226794580
2024-07-26 14:10:22,78000.0,100,Buy,226794579
2024-07-26 14:10:22,78000.0,300,Buy,226794578
2024-07-26 14:10:22,78000.0,400,Buy,226794573
2024-07-26 14:10:22,78000.0,100,Buy,226794576
2024-07-26 14:10:22,78000.0,200,Buy,226794575
2024-07-26 14:10:22,78000.0,100,Buy,226794574
2024-07-26 14:10:22,78000.0,100,Buy,226794577
2024-07-26 14:10:27,78000.0,700,Buy,226794709
2024-07-26 14:10:27,78000.0,100,Buy,226794708
2024-07-26 14:10:27,78000.0,500,Buy,226794707
2024-07-26 14:10:27,78000.0,400,Buy,226794706
2024-07-26 14:10:27,78000.0,100,Buy,226794705
2024-07-26 14:10:27,78000.0,4000,Buy,226794704
2024-07-26 14:10:27,78000.0,100,Buy,226794703
2024-07-26 14:10:27,78000.0,100,Buy,226794701
2024-07-26 14:10:27,78000.0,1000,Buy,226794699
2024-07-26 14:10:27,78000.0,100,Buy,226794698
2024-07-26 14:10:27,78000.0,200,Buy,226794697
2024-07-26 14:10:27,77900.0,100,Buy,226794696
2024-07-26 14:10:27,78000.0,100,Buy,226794702
2024-07-26 14:10:27,78000.0,500,Buy,226794700
2024-07-26 14:10:28,78000.0,300,Buy,226794748
2024-07-26 14:10:28,78000.0,1400,Buy,226794749
2024-07-26 14:10:29,78000.0,600,Buy,226794764
2024-07-26 14:10:34,78000.0,100,Buy,226794966
2024-07-26 14:10:36,78000.0,100,Sell,226795032
2024-07-26 14:10:41,78100.0,300,Buy,226795202
2024-07-26 14:10:41,78100.0,100,Buy,226795203
2024-07-26 14:10:42,78100.0,100,Buy,226795206
2024-07-26 14:10:42,78200.0,300,Buy,226795207
2024-07-26 14:10:42,78200.0,100,Buy,226795208
2024-07-26 14:10:42,78200.0,100,Buy,226795209
2024-07-26 14:10:42,78200.0,1000,Buy,226795210
2024-07-26 14:10:42,78200.0,100,Buy,226795211
2024-07-26 14:10:42,78200.0,100,Buy,226795212
2024-07-26 14:10:42,78300.0,300,Buy,226795213
2024-07-26 14:10:42,78300.0,600,Buy,226795214
2024-07-26 14:10:42,78300.0,100,Buy,226795215
2024-07-26 14:11:02,78300.0,200,Sell,226795751
2024-07-26 14:11:06,78300.0,100,Sell,226795916
2024-07-26 14:11:29,78300.0,1000,Sell,226796710
2024-07-26 14:11:34,78000.0,1500,Sell,226796841
2024-07-26 14:11:34,78000.0,2000,Sell,226796842
2024-07-26 14:11:34,78000.0,2900,Sell,226796843
2024-07-26 14:11:34,78000.0,600,Sell,226796844
2024-07-26 14:11:34,78000.0,500,Sell,226796845
2024-07-26 14:11:34,78000.0,500,Buy,226796855
2024-07-26 14:11:46,78000.0,1500,Sell,226797180
2024-07-26 14:11:47,78000.0,500,Buy,226797240
2024-07-26 14:11:53,78100.0,200,Sell,226797392
2024-07-26 14:11:54,78100.0,300,Sell,226797405
2024-07-26 14:11:55,78000.0,2000,Buy,226797413
2024-07-26 14:12:04,78000.0,800,Buy,226797664
2024-07-26 14:12:07,78000.0,900,Buy,226797732
2024-07-26 14:12:11,78000.0,100,Sell,226797856
2024-07-26 14:12:20,78000.0,500,Sell,226798088
2024-07-26 14:12:25,78000.0,100,Sell,226798222
2024-07-26 14:12:35,78100.0,100,Sell,226798562
2024-07-26 14:12:39,78100.0,500,Sell,226798680
2024-07-26 14:12:46,78100.0,100,Sell,226798990
2024-07-26 14:13:35,78000.0,400,Sell,226800717
2024-07-26 14:13:35,78000.0,100,Sell,226800718
2024-07-26 14:13:47,78000.0,1900,Sell,226801043
2024-07-26 14:13:47,78000.0,200,Sell,226801044
2024-07-26 14:13:47,78000.0,700,Sell,226801045
2024-07-26 14:13:47,78000.0,200,Sell,226801046
2024-07-26 14:13:52,78000.0,100,Sell,226801160
2024-07-26 14:13:52,78000.0,100,Sell,226801174
2024-07-26 14:13:53,78000.0,900,Sell,226801203
2024-07-26 14:13:59,77900.0,100,Sell,226801411
2024-07-26 14:14:09,78000.0,3900,Buy,226801707
2024-07-26 14:14:18,78000.0,800,Buy,226802039
2024-07-26 14:14:18,78000.0,200,Buy,226802035
2024-07-26 14:14:24,78000.0,200,Buy,226802174
2024-07-26 14:14:35,78000.0,200,Sell,226802605
2024-07-26 14:14:39,78000.0,500,Sell,226802725
2024-07-26 14:14:50,78000.0,1000,Sell,226802965
2024-07-26 14:14:50,78000.0,100,Sell,226802967
2024-07-26 14:15:06,78100.0,500,Buy,226803465
2024-07-26 14:15:32,78100.0,100,Buy,226804296
2024-07-26 14:15:42,78100.0,200,Sell,226804491
2024-07-26 14:16:00,78100.0,100,Sell,226804917
2024-07-26 14:16:13,78100.0,100,Sell,226805251
2024-07-26 14:16:13,78100.0,100,Sell,226805252
2024-07-26 14:16:25,78200.0,300,Buy,226805581
2024-07-26 14:16:25,78200.0,100,Buy,226805578
2024-07-26 14:16:25,78200.0,500,Buy,226805577
2024-07-26 14:16:25,78200.0,1000,Buy,226805574
2024-07-26 14:16:25,78200.0,500,Buy,226805575
2024-07-26 14:16:25,78200.0,500,Buy,226805576
2024-07-26 14:16:25,78200.0,500,Buy,226805573
2024-07-26 14:16:29,78200.0,100,Sell,226805689
2024-07-26 14:16:36,78200.0,2000,Sell,226805901
2024-07-26 14:16:38,78200.0,1300,Sell,226805948
2024-07-26 14:16:57,78100.0,100,Sell,226806505
2024-07-26 14:17:04,78200.0,1700,Buy,226806753
2024-07-26 14:17:53,78200.0,100,Buy,226808202
2024-07-26 14:18:16,78100.0,600,Sell,226808899
2024-07-26 14:18:17,78200.0,300,Buy,226808957
2024-07-26 14:18:18,78200.0,900,Buy,226808996
2024-07-26 14:18:18,78200.0,100,Buy,226808994
2024-07-26 14:18:18,78200.0,100,Buy,226808995
2024-07-26 14:18:18,78200.0,100,Buy,226808992
2024-07-26 14:18:18,78200.0,1600,Buy,226808991
2024-07-26 14:18:18,78200.0,200,Buy,226808993
2024-07-26 14:18:27,78200.0,100,Buy,226809193
2024-07-26 14:18:27,78200.0,100,Buy,226809194
2024-07-26 14:18:27,78200.0,200,Buy,226809195
2024-07-26 14:18:27,78200.0,200,Buy,226809196
2024-07-26 14:18:32,78200.0,100,Sell,226809294
2024-07-26 14:19:26,78200.0,100,Buy,226810809
2024-07-26 14:19:26,78200.0,100,Buy,226810810
2024-07-26 14:19:51,78200.0,800,Sell,226811755
2024-07-26 14:20:22,78200.0,100,Buy,226812622
2024-07-26 14:20:22,78200.0,200,Buy,226812621
2024-07-26 14:20:22,78200.0,1200,Buy,226812619
2024-07-26 14:20:22,78200.0,1000,Buy,226812620
2024-07-26 14:20:33,78200.0,200,Sell,226812890
2024-07-26 14:20:35,78200.0,300,Sell,226812926
2024-07-26 14:20:35,78200.0,200,Sell,226812950
2024-07-26 14:20:35,78200.0,800,Sell,226812951
2024-07-26 14:20:55,78200.0,100,Sell,226813556
2024-07-26 14:20:56,78200.0,3000,Sell,226813587
2024-07-26 14:21:02,78200.0,100,Sell,226813682
2024-07-26 14:21:02,78200.0,500,Sell,226813734
2024-07-26 14:21:16,78200.0,100,Sell,226814310
2024-07-26 14:21:18,78200.0,100,Sell,226814386
2024-07-26 14:21:22,78200.0,200,Sell,226814469
2024-07-26 14:21:34,78200.0,200,Sell,226814846
2024-07-26 14:21:40,78200.0,200,Sell,226815079
2024-07-26 14:21:41,78200.0,100,Sell,226815116
2024-07-26 14:21:41,78200.0,900,Sell,226815115
2024-07-26 14:22:12,78200.0,100,Sell,226816000
2024-07-26 14:22:15,78200.0,500,Sell,226816119
2024-07-26 14:22:15,78200.0,600,Sell,226816120
2024-07-26 14:22:15,78200.0,100,Sell,226816121
2024-07-26 14:22:15,78200.0,500,Sell,226816118
2024-07-26 14:23:24,78200.0,1300,Buy,226818263
2024-07-26 14:23:24,78200.0,700,Buy,226818264
2024-07-26 14:24:09,78200.0,100,Buy,226819631
2024-07-26 14:24:39,78200.0,1000,Buy,226820424
2024-07-26 14:24:39,78200.0,100,Buy,226820425
2024-07-26 14:24:39,78200.0,500,Buy,226820426
2024-07-26 14:24:39,78200.0,300,Buy,226820427
2024-07-26 14:24:39,78200.0,100,Buy,226820428
2024-07-26 14:24:39,78200.0,500,Buy,226820429
2024-07-26 14:25:26,78200.0,300,Buy,226822119
2024-07-26 14:25:26,78200.0,100,Buy,226822118
2024-07-26 14:25:26,78200.0,200,Buy,226822115
2024-07-26 14:25:26,78200.0,200,Buy,226822116
2024-07-26 14:25:26,78200.0,200,Buy,226822117
2024-07-26 14:25:34,78200.0,1000,Buy,226822405
2024-07-26 14:25:36,78200.0,700,Buy,226822438
2024-07-26 14:25:36,78300.0,300,Buy,226822439
2024-07-26 14:25:36,78300.0,100,Buy,226822440
2024-07-26 14:25:36,78300.0,300,Buy,226822441
2024-07-26 14:25:36,78300.0,100,Buy,226822442
2024-07-26 14:25:36,78300.0,1500,Buy,226822443
2024-07-26 14:25:45,78300.0,3000,Buy,226822775
2024-07-26 14:26:17,78300.0,3000,Buy,226823883
2024-07-26 14:26:24,78300.0,2000,Buy,226824161
2024-07-26 14:26:34,78300.0,1200,Buy,226824511
2024-07-26 14:26:34,78300.0,100,Buy,226824510
2024-07-26 14:26:34,78300.0,500,Buy,226824508
2024-07-26 14:26:34,78300.0,1000,Buy,226824509
2024-07-26 14:26:45,78300.0,500,Buy,226824936
2024-07-26 14:26:48,78300.0,3000,Buy,226825016
2024-07-26 14:26:49,78300.0,1200,Buy,226825063
2024-07-26 14:26:49,78300.0,100,Buy,226825064
2024-07-26 14:26:49,78300.0,100,Buy,226825065
2024-07-26 14:26:49,78300.0,100,Buy,226825066
2024-07-26 14:26:49,78300.0,100,Buy,226825067
2024-07-26 14:26:49,78300.0,200,Buy,226825068
2024-07-26 14:26:49,78300.0,500,Buy,226825069
2024-07-26 14:26:49,78300.0,100,Buy,226825070
2024-07-26 14:26:52,78400.0,700,Buy,226825198
2024-07-26 14:26:52,78400.0,100,Buy,226825197
2024-07-26 14:26:52,78400.0,100,Buy,226825195
2024-07-26 14:26:52,78400.0,300,Buy,226825194
2024-07-26 14:26:52,78400.0,800,Buy,226825196
2024-07-26 14:26:53,78400.0,100,Buy,226825226
2024-07-26 14:26:53,78400.0,300,Buy,226825225
2024-07-26 14:26:58,78300.0,100,Sell,226825416
2024-07-26 14:27:13,78300.0,100,Sell,226826130
2024-07-26 14:27:14,78500.0,400,Buy,226826164
2024-07-26 14:27:14,78500.0,1000,Buy,226826165
2024-07-26 14:27:14,78500.0,200,Buy,226826166
2024-07-26 14:27:14,78500.0,300,Buy,226826167
2024-07-26 14:27:14,78500.0,100,Buy,226826168
2024-07-26 14:27:14,78500.0,1000,Buy,226826169
2024-07-26 14:27:20,78500.0,200,Buy,226826392
2024-07-26 14:27:20,78500.0,2300,Buy,226826394
2024-07-26 14:27:20,78500.0,200,Buy,226826390
2024-07-26 14:27:20,78500.0,200,Buy,226826391
2024-07-26 14:27:20,78500.0,100,Buy,226826393
2024-07-26 14:27:21,78500.0,4700,Buy,226826410
2024-07-26 14:27:21,78500.0,400,Buy,226826411
2024-07-26 14:27:21,78500.0,100,Buy,226826412
2024-07-26 14:27:21,78500.0,300,Buy,226826413
2024-07-26 14:27:21,78500.0,100,Buy,226826414
2024-07-26 14:27:21,78500.0,100,Buy,226826415
2024-07-26 14:27:21,78500.0,3500,Buy,226826416
2024-07-26 14:27:21,78500.0,200,Buy,226826417
2024-07-26 14:27:38,78600.0,400,Buy,226827398
2024-07-26 14:27:38,78600.0,100,Buy,226827399
2024-07-26 14:27:38,78600.0,100,Buy,226827400
2024-07-26 14:27:38,78600.0,100,Buy,226827401
2024-07-26 14:27:44,78700.0,100,Buy,226827720
2024-07-26 14:27:48,78600.0,1000,Buy,226827873
2024-07-26 14:27:53,78600.0,200,Buy,226828106
2024-07-26 14:27:56,78600.0,2000,Buy,226828221
2024-07-26 14:28:08,78600.0,500,Buy,226828881
2024-07-26 14:28:15,78600.0,400,Buy,226829151
2024-07-26 14:28:15,78600.0,600,Buy,226829152
2024-07-26 14:28:19,78600.0,100,Buy,226829333
2024-07-26 14:28:24,78600.0,300,Buy,226829608
2024-07-26 14:28:24,78600.0,100,Buy,226829609
2024-07-26 14:28:24,78600.0,100,Buy,226829610
2024-07-26 14:28:33,78600.0,100,Sell,226830077
2024-07-26 14:28:35,78600.0,800,Sell,226830196
2024-07-26 14:28:37,78600.0,100,Sell,226830297
2024-07-26 14:28:45,78600.0,100,Sell,226830654
2024-07-26 14:28:53,78600.0,100,Sell,226831163
2024-07-26 14:28:54,78600.0,200,Sell,226831229
2024-07-26 14:28:55,78700.0,100,Buy,226831273
2024-07-26 14:29:01,78700.0,200,Buy,226831649
2024-07-26 14:29:01,78700.0,100,Buy,226831650
2024-07-26 14:29:01,78700.0,700,Buy,226831651
2024-07-26 14:29:01,78700.0,500,Buy,226831652
2024-07-26 14:29:09,78600.0,100,Sell,226832267
2024-07-26 14:29:10,78700.0,100,Buy,226832281
2024-07-26 14:29:14,78600.0,100,Sell,226832468
2024-07-26 14:29:20,78600.0,900,Sell,226832833
2024-07-26 14:29:20,78600.0,200,Sell,226832834
2024-07-26 14:29:24,78600.0,100,Buy,226833133
2024-07-26 14:29:35,78600.0,200,Sell,226833755
2024-07-26 14:44:38,78300.0,33500,ATO/ATC,226834930
