time,price,volume,match_type,id
2024-07-18 09:14:42,81400.0,17700,ATO/ATC,224075467
2024-07-18 09:14:50,81000.0,100,Sell,224075792
2024-07-18 09:14:50,81000.0,500,Sell,224075793
2024-07-18 09:15:04,81000.0,300,Sell,224076118
2024-07-18 09:15:08,80500.0,100,Sell,224076223
2024-07-18 09:15:08,80500.0,400,Sell,224076222
2024-07-18 09:15:08,80300.0,100,Sell,224076224
2024-07-18 09:16:17,81000.0,1000,Buy,224078535
2024-07-18 09:16:25,81300.0,600,Buy,224078830
2024-07-18 09:16:25,81300.0,400,Buy,224078829
2024-07-18 09:16:44,81300.0,1200,Buy,224079491
2024-07-18 09:16:54,81300.0,200,Buy,224079871
2024-07-18 09:16:54,81300.0,200,Buy,224079872
2024-07-18 09:17:07,81300.0,100,Buy,224080402
2024-07-18 09:17:21,81300.0,100,Sell,224081082
2024-07-18 09:17:28,81400.0,100,Buy,224081337
2024-07-18 09:17:32,81400.0,300,Buy,224081461
2024-07-18 09:17:36,81300.0,500,Sell,224081703
2024-07-18 09:17:36,81300.0,200,Sell,224081704
2024-07-18 09:17:40,81400.0,200,Buy,224081826
2024-07-18 09:17:45,81300.0,300,Sell,224082033
2024-07-18 09:17:45,81300.0,200,Sell,224082034
2024-07-18 09:17:54,81300.0,100,Sell,224082364
2024-07-18 09:17:54,81300.0,100,Sell,224082363
2024-07-18 09:18:04,81300.0,300,Buy,224082815
2024-07-18 09:18:04,81300.0,100,Buy,224082816
2024-07-18 09:18:05,81300.0,100,Sell,224082849
2024-07-18 09:18:06,81300.0,500,Sell,224082874
2024-07-18 09:18:12,81300.0,1000,Sell,224083139
2024-07-18 09:18:13,81300.0,4000,Buy,224083169
2024-07-18 09:18:16,81300.0,500,Sell,224083279
2024-07-18 09:18:29,81300.0,500,Sell,224083802
2024-07-18 09:18:29,81300.0,500,Sell,224083803
2024-07-18 09:18:29,81300.0,2000,Sell,224083804
2024-07-18 09:18:40,81300.0,500,Sell,224084240
2024-07-18 09:18:40,81300.0,200,Sell,224084241
2024-07-18 09:18:40,81200.0,100,Sell,224084242
2024-07-18 09:18:40,81100.0,1200,Sell,224084243
2024-07-18 09:19:01,81000.0,300,Sell,224085169
2024-07-18 09:19:01,81000.0,100,Sell,224085170
2024-07-18 09:19:01,81000.0,400,Sell,224085168
2024-07-18 09:19:01,81100.0,200,Sell,224085166
2024-07-18 09:19:01,81100.0,800,Sell,224085164
2024-07-18 09:19:01,81100.0,400,Sell,224085165
2024-07-18 09:19:01,81000.0,200,Sell,224085167
2024-07-18 09:19:06,80500.0,500,Sell,224085422
2024-07-18 09:19:06,80500.0,100,Sell,224085423
2024-07-18 09:19:33,80500.0,800,Sell,224086619
2024-07-18 09:19:33,80500.0,200,Sell,224086620
2024-07-18 09:19:48,80500.0,500,Sell,224087310
2024-07-18 09:19:48,80500.0,100,Sell,224087332
2024-07-18 09:20:03,80500.0,1200,Sell,224087980
2024-07-18 09:20:03,80500.0,100,Sell,224087981
2024-07-18 09:20:03,80500.0,100,Sell,224087982
2024-07-18 09:20:03,80500.0,800,Sell,224087983
2024-07-18 09:20:05,80500.0,500,Buy,224088141
2024-07-18 09:20:05,80500.0,100,Buy,224088148
2024-07-18 09:20:19,80500.0,500,Buy,224088920
2024-07-18 09:20:24,80500.0,300,Buy,224089032
2024-07-18 09:20:27,80500.0,400,Buy,224089159
2024-07-18 09:20:30,80500.0,800,Buy,224089339
2024-07-18 09:21:06,80600.0,100,Sell,224091068
2024-07-18 09:21:31,80600.0,100,Sell,224092054
2024-07-18 09:22:55,80700.0,100,Sell,224095739
2024-07-18 09:23:03,80700.0,200,Sell,224096000
2024-07-18 09:23:03,80600.0,100,Sell,224096001
2024-07-18 09:23:04,80600.0,300,Sell,224096061
2024-07-18 09:23:04,80600.0,300,Sell,224096062
2024-07-18 09:23:51,80600.0,100,Sell,224097969
2024-07-18 09:23:55,80600.0,100,Sell,224098110
2024-07-18 09:24:02,81000.0,100,Buy,224098417
2024-07-18 09:24:19,81000.0,500,Buy,224099161
2024-07-18 09:24:19,81000.0,500,Buy,224099153
2024-07-18 09:24:19,81000.0,300,Buy,224099152
2024-07-18 09:24:19,81000.0,700,Buy,224099151
2024-07-18 09:24:19,81000.0,2500,Buy,224099150
2024-07-18 09:24:44,81000.0,300,Buy,224100000
2024-07-18 09:25:05,81000.0,100,Buy,224100719
2024-07-18 09:25:07,81000.0,100,Buy,224100851
2024-07-18 09:25:32,81000.0,100,Buy,224101788
2024-07-18 09:25:35,81000.0,200,Buy,224101899
2024-07-18 09:25:48,81000.0,100,Buy,224102396
2024-07-18 09:26:38,80500.0,1000,Buy,224104258
2024-07-18 09:26:38,80500.0,100,Sell,224104254
2024-07-18 09:26:38,80500.0,2000,Sell,224104253
2024-07-18 09:26:38,80500.0,400,Sell,224104252
2024-07-18 09:26:38,80500.0,100,Sell,224104251
2024-07-18 09:26:38,80500.0,100,Sell,224104250
2024-07-18 09:26:38,80500.0,100,Sell,224104249
2024-07-18 09:26:38,80500.0,200,Sell,224104248
2024-07-18 09:26:38,80500.0,2200,Sell,224104247
2024-07-18 09:26:38,80600.0,400,Sell,224104245
2024-07-18 09:26:38,80600.0,500,Sell,224104244
2024-07-18 09:26:38,80600.0,300,Sell,224104243
2024-07-18 09:26:38,80600.0,100,Sell,224104242
2024-07-18 09:26:38,80600.0,100,Sell,224104241
2024-07-18 09:26:38,80600.0,200,Sell,224104240
2024-07-18 09:26:38,80600.0,500,Sell,224104239
2024-07-18 09:26:38,80800.0,100,Sell,224104238
2024-07-18 09:26:38,80500.0,1600,Sell,224104246
2024-07-18 09:26:39,80900.0,100,Buy,224104278
2024-07-18 09:26:39,81000.0,200,Buy,224104279
2024-07-18 09:27:02,80400.0,200,Sell,224105020
2024-07-18 09:27:02,80400.0,400,Sell,224105021
2024-07-18 09:27:05,80900.0,100,Sell,224105078
2024-07-18 09:28:12,80900.0,100,Buy,224107308
2024-07-18 09:28:27,80700.0,200,Sell,224107732
2024-07-18 09:28:35,80900.0,600,Buy,224107922
2024-07-18 09:28:35,80800.0,900,Buy,224107919
2024-07-18 09:28:35,80800.0,100,Buy,224107920
2024-07-18 09:28:35,80900.0,100,Buy,224107921
2024-07-18 09:28:39,80700.0,100,Buy,224108100
2024-07-18 09:28:47,80700.0,100,Buy,224108389
2024-07-18 09:28:47,80500.0,100,Sell,224108445
2024-07-18 09:28:47,80500.0,800,Sell,224108446
2024-07-18 09:28:47,80400.0,9100,Sell,224108447
2024-07-18 09:29:08,80400.0,500,Sell,224109148
2024-07-18 09:29:08,80400.0,500,Sell,224109149
2024-07-18 09:29:17,80400.0,100,Sell,224109324
2024-07-18 09:29:17,80400.0,400,Sell,224109325
2024-07-18 09:29:25,80300.0,200,Sell,224109786
2024-07-18 09:29:25,80300.0,300,Sell,224109787
2024-07-18 09:29:25,80300.0,100,Sell,224109788
2024-07-18 09:29:25,80300.0,400,Sell,224109789
2024-07-18 09:29:34,80300.0,100,Sell,224110105
2024-07-18 09:29:34,80300.0,300,Sell,224110104
2024-07-18 09:29:34,80300.0,500,Sell,224110102
2024-07-18 09:29:34,80300.0,100,Sell,224110101
2024-07-18 09:29:34,80300.0,500,Sell,224110103
2024-07-18 09:29:42,80200.0,100,Sell,224110358
2024-07-18 09:29:45,80200.0,100,Buy,224110475
2024-07-18 09:29:53,80100.0,1000,Sell,224110715
2024-07-18 09:29:54,80000.0,100,Sell,224110764
2024-07-18 09:29:54,80000.0,1400,Sell,224110763
2024-07-18 09:29:54,80000.0,500,Sell,224110756
2024-07-18 09:29:54,80000.0,1000,Sell,224110760
2024-07-18 09:29:54,80000.0,1000,Sell,224110759
2024-07-18 09:29:54,80000.0,100,Sell,224110758
2024-07-18 09:29:54,80000.0,200,Sell,224110757
2024-07-18 09:29:54,80000.0,500,Sell,224110755
2024-07-18 09:29:54,80000.0,100,Sell,224110762
2024-07-18 09:29:54,80000.0,100,Sell,224110753
2024-07-18 09:29:54,80000.0,200,Sell,224110754
2024-07-18 09:29:54,80200.0,300,Buy,224110734
2024-07-18 09:29:54,80100.0,1000,Sell,224110747
2024-07-18 09:29:54,80100.0,1000,Sell,224110748
2024-07-18 09:29:54,80000.0,100,Sell,224110761
2024-07-18 09:29:54,80000.0,1600,Sell,224110749
2024-07-18 09:29:54,80000.0,100,Sell,224110751
2024-07-18 09:29:54,80000.0,800,Sell,224110752
2024-07-18 09:29:54,80000.0,200,Sell,224110750
2024-07-18 09:30:05,80000.0,500,Sell,224111156
2024-07-18 09:30:05,80000.0,200,Sell,224111153
2024-07-18 09:30:05,80000.0,100,Sell,224111154
2024-07-18 09:30:05,80000.0,200,Sell,224111155
2024-07-18 09:30:07,80000.0,1000,Sell,224111231
2024-07-18 09:30:07,80000.0,2500,Sell,224111232
2024-07-18 09:30:13,80000.0,100,Sell,224111484
2024-07-18 09:30:13,80000.0,100,Sell,224111485
2024-07-18 09:30:13,80000.0,800,Sell,224111486
2024-07-18 09:30:15,80000.0,100,Sell,224111597
2024-07-18 09:30:34,80000.0,100,Sell,224112121
2024-07-18 09:30:34,80000.0,500,Sell,224112119
2024-07-18 09:30:34,80000.0,100,Sell,224112120
2024-07-18 09:30:34,80000.0,100,Sell,224112117
2024-07-18 09:30:34,80000.0,500,Sell,224112118
2024-07-18 09:30:34,80000.0,600,Sell,224112116
2024-07-18 09:30:34,80000.0,1100,Sell,224112115
2024-07-18 09:30:40,80300.0,100,Buy,224112343
2024-07-18 09:30:59,80000.0,100,Sell,224112963
2024-07-18 09:30:59,80000.0,100,Sell,224112962
2024-07-18 09:31:01,79900.0,100,Sell,224113036
2024-07-18 09:31:01,79900.0,100,Sell,224113037
2024-07-18 09:31:01,79600.0,400,Sell,224113038
2024-07-18 09:31:33,79600.0,100,Sell,224113865
2024-07-18 09:31:47,80000.0,500,Buy,224114306
2024-07-18 09:31:47,80000.0,100,Buy,224114307
2024-07-18 09:32:43,80100.0,400,Sell,224115986
2024-07-18 09:32:43,80000.0,100,Sell,224115993
2024-07-18 09:32:43,80000.0,100,Sell,224115994
2024-07-18 09:32:43,80000.0,100,Sell,224115995
2024-07-18 09:33:01,80200.0,300,Buy,224116615
2024-07-18 09:33:16,80200.0,500,Buy,224117052
2024-07-18 09:33:31,80200.0,100,Buy,224117459
2024-07-18 09:33:58,80200.0,100,Buy,224118158
2024-07-18 09:34:04,80200.0,100,Buy,224118303
2024-07-18 09:34:07,80200.0,600,Buy,224118366
2024-07-18 09:34:07,80100.0,200,Sell,224118375
2024-07-18 09:34:11,80200.0,100,Buy,224118462
2024-07-18 09:34:27,80100.0,800,Sell,224118923
2024-07-18 09:34:27,80100.0,200,Sell,224118924
2024-07-18 09:34:40,80200.0,100,Buy,224119260
2024-07-18 09:34:59,80000.0,600,Sell,224119719
2024-07-18 09:35:17,80200.0,100,Buy,224120220
2024-07-18 09:35:17,80200.0,500,Buy,224120221
2024-07-18 09:35:48,80200.0,500,Buy,224120884
2024-07-18 09:35:48,80200.0,1000,Buy,224120885
2024-07-18 09:35:48,80200.0,200,Buy,224120886
2024-07-18 09:36:09,80300.0,100,Buy,224121438
2024-07-18 09:36:33,80200.0,300,Sell,224122168
2024-07-18 09:37:27,80300.0,100,Buy,224123615
2024-07-18 09:37:58,80300.0,700,Buy,224124419
2024-07-18 09:37:58,80300.0,700,Buy,224124418
2024-07-18 09:38:18,80300.0,800,Buy,224124999
2024-07-18 09:38:27,80300.0,200,Sell,224125332
2024-07-18 09:38:27,80300.0,100,Sell,224125333
2024-07-18 09:38:57,80300.0,100,Sell,224126212
2024-07-18 09:38:57,80200.0,200,Sell,224126213
2024-07-18 09:38:57,80200.0,300,Sell,224126214
2024-07-18 09:39:38,80300.0,500,Sell,224127155
2024-07-18 09:39:38,80300.0,300,Sell,224127156
2024-07-18 09:39:53,80300.0,200,Buy,224127592
2024-07-18 09:39:53,80400.0,300,Buy,224127593
2024-07-18 09:40:13,80300.0,200,Sell,224128046
2024-07-18 09:40:19,80400.0,100,Buy,224128206
2024-07-18 09:40:20,80400.0,100,Buy,224128217
2024-07-18 09:40:53,80300.0,300,Sell,224129212
2024-07-18 09:40:58,80300.0,200,Sell,224129353
2024-07-18 09:41:08,80400.0,200,Buy,224129629
2024-07-18 09:41:17,80400.0,300,Buy,224129836
2024-07-18 09:41:17,80400.0,100,Buy,224129837
2024-07-18 09:41:43,80200.0,100,Sell,224130609
2024-07-18 09:41:43,80200.0,200,Sell,224130608
2024-07-18 09:41:43,80300.0,300,Sell,224130605
2024-07-18 09:41:43,80300.0,300,Sell,224130606
2024-07-18 09:41:43,80300.0,100,Sell,224130607
2024-07-18 09:42:23,80300.0,100,Sell,224131650
2024-07-18 09:42:31,80400.0,100,Buy,224131884
2024-07-18 09:42:38,80400.0,100,Buy,224132019
2024-07-18 09:42:55,80200.0,300,Sell,224132508
2024-07-18 09:42:55,80200.0,300,Sell,224132509
2024-07-18 09:44:07,80300.0,100,Sell,224133952
2024-07-18 09:44:21,80200.0,100,Sell,224134221
2024-07-18 09:44:21,80200.0,500,Sell,224134220
2024-07-18 09:44:21,80200.0,100,Sell,224134218
2024-07-18 09:44:21,80200.0,1000,Sell,224134219
2024-07-18 09:44:21,80200.0,1100,Sell,224134217
2024-07-18 09:44:21,80200.0,100,Sell,224134215
2024-07-18 09:44:21,80200.0,200,Sell,224134214
2024-07-18 09:44:21,80300.0,200,Sell,224134213
2024-07-18 09:44:21,80300.0,900,Sell,224134212
2024-07-18 09:44:21,80200.0,100,Sell,224134216
2024-07-18 09:45:01,80100.0,100,Sell,224135115
2024-07-18 09:45:01,80100.0,100,Sell,224135116
2024-07-18 09:45:01,80100.0,300,Sell,224135113
2024-07-18 09:45:01,80100.0,1000,Sell,224135114
2024-07-18 09:45:02,80200.0,200,Buy,224135144
2024-07-18 09:45:04,80100.0,500,Sell,224135194
2024-07-18 09:45:26,80200.0,100,Buy,224135703
2024-07-18 09:45:51,80200.0,100,Buy,224136313
2024-07-18 09:45:59,80100.0,400,Sell,224136508
2024-07-18 09:45:59,80100.0,100,Sell,224136509
2024-07-18 09:45:59,80100.0,500,Sell,224136510
2024-07-18 09:45:59,80100.0,100,Sell,224136511
2024-07-18 09:46:24,80100.0,1000,Buy,224137287
2024-07-18 09:46:35,80000.0,100,Sell,224137552
2024-07-18 09:46:53,80000.0,300,Sell,224137947
2024-07-18 09:46:53,80000.0,300,Sell,224137948
2024-07-18 09:47:25,80000.0,200,Sell,224138621
2024-07-18 09:47:25,80000.0,1800,Sell,224138622
2024-07-18 09:47:45,80000.0,1000,Sell,224139045
2024-07-18 09:47:45,80000.0,100,Sell,224139044
2024-07-18 09:47:45,80000.0,100,Sell,224139043
2024-07-18 09:47:45,80000.0,100,Sell,224139042
2024-07-18 09:47:45,80000.0,100,Sell,224139041
2024-07-18 09:47:45,80000.0,100,Sell,224139040
2024-07-18 09:47:45,80000.0,200,Sell,224139039
2024-07-18 09:47:45,80000.0,100,Sell,224139038
2024-07-18 09:47:45,80000.0,100,Sell,224139037
2024-07-18 09:47:45,80000.0,300,Sell,224139034
2024-07-18 09:47:45,80000.0,200,Sell,224139036
2024-07-18 09:47:45,80000.0,100,Sell,224139032
2024-07-18 09:47:45,80000.0,200,Sell,224139022
2024-07-18 09:47:45,80000.0,100,Sell,224139023
2024-07-18 09:47:45,80000.0,2000,Sell,224139033
2024-07-18 09:47:45,80000.0,100,Sell,224139025
2024-07-18 09:47:45,80000.0,2000,Sell,224139026
2024-07-18 09:47:45,80000.0,100,Sell,224139024
2024-07-18 09:47:45,80000.0,100,Sell,224139028
2024-07-18 09:47:45,80000.0,100,Sell,224139029
2024-07-18 09:47:45,80000.0,500,Sell,224139030
2024-07-18 09:47:45,80000.0,200,Sell,224139031
2024-07-18 09:47:45,80000.0,1000,Sell,224139027
2024-07-18 09:47:45,80000.0,100,Sell,224139035
2024-07-18 09:47:49,80000.0,100,Buy,224139155
2024-07-18 09:48:06,80000.0,100,Buy,224139423
2024-07-18 09:48:21,80000.0,100,Buy,224139867
2024-07-18 09:48:22,79900.0,100,Sell,224139880
2024-07-18 09:49:00,80000.0,100,Buy,224140690
2024-07-18 09:49:04,80000.0,500,Buy,224140792
2024-07-18 09:50:20,80000.0,100,Buy,224142436
2024-07-18 09:50:51,79900.0,500,Sell,224143246
2024-07-18 09:50:51,79900.0,100,Sell,224143245
2024-07-18 09:51:12,79900.0,100,Sell,224143720
2024-07-18 09:51:44,79900.0,200,Sell,224144438
2024-07-18 09:51:44,79900.0,100,Sell,224144431
2024-07-18 09:51:44,79900.0,1000,Sell,224144427
2024-07-18 09:51:44,79900.0,100,Sell,224144429
2024-07-18 09:51:44,79900.0,500,Sell,224144430
2024-07-18 09:51:44,79900.0,100,Sell,224144428
2024-07-18 09:51:59,79900.0,100,Sell,224144763
2024-07-18 09:53:01,79900.0,100,Sell,224146320
2024-07-18 09:53:17,79900.0,200,Buy,224146662
2024-07-18 09:53:46,79800.0,200,Sell,224147318
2024-07-18 09:53:46,79800.0,500,Sell,224147319
2024-07-18 09:53:46,79800.0,100,Sell,224147320
2024-07-18 09:53:46,79800.0,2000,Sell,224147321
2024-07-18 09:53:46,79800.0,200,Sell,224147322
2024-07-18 09:54:01,79800.0,500,Sell,224147665
2024-07-18 09:54:04,79800.0,100,Buy,224147711
2024-07-18 09:54:09,79800.0,100,Buy,224147798
2024-07-18 09:54:50,79700.0,100,Sell,224148679
2024-07-18 09:54:50,79700.0,200,Sell,224148680
2024-07-18 09:54:50,79700.0,100,Sell,224148681
2024-07-18 09:54:50,79700.0,200,Sell,224148682
2024-07-18 09:55:00,79800.0,100,Buy,224148952
2024-07-18 09:55:07,79800.0,500,Buy,224149102
2024-07-18 09:55:39,79700.0,700,Sell,224149787
2024-07-18 09:55:39,79700.0,1200,Sell,224149788
2024-07-18 09:55:39,79700.0,800,Sell,224149786
2024-07-18 09:55:40,79700.0,100,Buy,224149819
2024-07-18 09:55:44,79600.0,300,Sell,224149933
2024-07-18 09:55:44,79600.0,100,Sell,224149934
2024-07-18 09:55:44,79600.0,100,Sell,224149935
2024-07-18 09:55:44,79600.0,200,Sell,224149936
2024-07-18 09:55:44,79600.0,200,Sell,224149937
2024-07-18 09:55:44,79600.0,100,Sell,224149938
2024-07-18 09:55:44,79600.0,100,Sell,224149939
2024-07-18 09:55:44,79600.0,900,Sell,224149940
2024-07-18 09:56:01,79500.0,900,Sell,224150358
2024-07-18 09:56:01,79500.0,500,Sell,224150357
2024-07-18 09:56:01,79500.0,500,Sell,224150356
2024-07-18 09:56:01,79500.0,500,Sell,224150355
2024-07-18 09:56:01,79500.0,100,Sell,224150352
2024-07-18 09:56:01,79500.0,300,Sell,224150353
2024-07-18 09:56:01,79500.0,200,Sell,224150354
2024-07-18 09:56:01,79600.0,100,Sell,224150351
2024-07-18 09:56:01,79600.0,100,Sell,224150350
2024-07-18 09:56:12,79500.0,100,Sell,224150626
2024-07-18 09:56:12,79500.0,100,Sell,224150627
2024-07-18 09:56:12,79500.0,300,Sell,224150628
2024-07-18 09:56:12,79500.0,500,Sell,224150629
2024-07-18 09:56:12,79500.0,1000,Sell,224150630
2024-07-18 09:56:12,79500.0,100,Sell,224150631
2024-07-18 09:56:12,79500.0,400,Sell,224150632
2024-07-18 09:56:17,79500.0,100,Sell,224150740
2024-07-18 09:56:57,79600.0,200,Sell,224151664
2024-07-18 09:57:07,79500.0,400,Sell,224151837
2024-07-18 09:57:07,79500.0,200,Sell,224151838
2024-07-18 09:57:35,79500.0,100,Sell,224152419
2024-07-18 09:57:35,79500.0,100,Sell,224152418
2024-07-18 09:57:35,79500.0,300,Sell,224152417
2024-07-18 09:57:35,79500.0,500,Sell,224152414
2024-07-18 09:57:35,79500.0,100,Sell,224152415
2024-07-18 09:57:35,79500.0,300,Sell,224152416
2024-07-18 09:57:35,79500.0,100,Sell,224152413
2024-07-18 09:57:44,79500.0,200,Buy,224152622
2024-07-18 09:57:45,79400.0,500,Sell,224152644
2024-07-18 09:57:45,79400.0,300,Sell,224152645
2024-07-18 09:57:45,79400.0,100,Sell,224152646
2024-07-18 09:58:00,79400.0,100,Buy,224153020
2024-07-18 09:58:22,79400.0,1000,Buy,224153428
2024-07-18 09:58:22,79400.0,1000,Buy,224153427
2024-07-18 09:58:27,79400.0,900,Sell,224153629
2024-07-18 09:58:41,79400.0,500,Sell,224153898
2024-07-18 09:58:41,79400.0,100,Sell,224153897
2024-07-18 09:58:44,79400.0,100,Buy,224154015
2024-07-18 09:58:48,79300.0,100,Sell,224154113
2024-07-18 09:58:48,79300.0,100,Sell,224154114
2024-07-18 09:58:48,79300.0,200,Sell,224154115
2024-07-18 09:58:48,79300.0,200,Sell,224154116
2024-07-18 09:58:54,79400.0,100,Buy,224154209
2024-07-18 09:59:12,79300.0,100,Sell,224154682
2024-07-18 09:59:14,79300.0,100,Sell,224154730
2024-07-18 09:59:14,79300.0,100,Sell,224154731
2024-07-18 09:59:14,79300.0,100,Sell,224154732
2024-07-18 09:59:15,79300.0,200,Buy,224154749
2024-07-18 09:59:41,79300.0,100,Buy,224155565
2024-07-18 10:00:04,79200.0,100,Sell,224156229
2024-07-18 10:00:04,79200.0,300,Sell,224156227
2024-07-18 10:00:04,79200.0,100,Sell,224156228
2024-07-18 10:00:04,79200.0,500,Sell,224156225
2024-07-18 10:00:04,79200.0,1000,Sell,224156224
2024-07-18 10:00:04,79200.0,300,Sell,224156226
2024-07-18 10:00:09,79200.0,200,Buy,224156406
2024-07-18 10:00:10,79200.0,600,Buy,224156429
2024-07-18 10:00:20,79200.0,400,Buy,224156650
2024-07-18 10:00:22,79200.0,600,Buy,224156671
2024-07-18 10:00:23,79200.0,300,Buy,224156690
2024-07-18 10:00:27,79200.0,100,Sell,224156781
2024-07-18 10:00:35,79300.0,100,Buy,224156998
2024-07-18 10:00:36,79300.0,500,Buy,224157013
2024-07-18 10:00:36,79300.0,600,Buy,224157010
2024-07-18 10:00:36,79300.0,500,Buy,224157011
2024-07-18 10:00:36,79300.0,1000,Buy,224157012
2024-07-18 10:00:55,79300.0,100,Buy,224157435
2024-07-18 10:01:00,79300.0,200,Buy,224157535
2024-07-18 10:01:02,79200.0,400,Sell,224157581
2024-07-18 10:01:02,79200.0,2400,Sell,224157582
2024-07-18 10:01:05,79200.0,400,Sell,224157683
2024-07-18 10:01:05,79200.0,100,Sell,224157681
2024-07-18 10:01:05,79200.0,100,Sell,224157682
2024-07-18 10:01:11,79200.0,100,Buy,224157804
2024-07-18 10:01:12,79200.0,400,Buy,224157830
2024-07-18 10:01:17,79200.0,100,Sell,224157911
2024-07-18 10:01:21,79200.0,100,Sell,224158072
2024-07-18 10:01:22,79200.0,100,Sell,224158130
2024-07-18 10:01:25,79200.0,200,Sell,224158308
2024-07-18 10:01:25,79200.0,200,Sell,224158309
2024-07-18 10:01:32,79200.0,600,Buy,224158504
2024-07-18 10:01:32,79200.0,1800,Buy,224158505
2024-07-18 10:01:33,79300.0,500,Buy,224158523
2024-07-18 10:01:44,79300.0,200,Buy,224158744
2024-07-18 10:01:57,79300.0,1000,Sell,224159103
2024-07-18 10:01:57,79300.0,200,Sell,224159104
2024-07-18 10:01:59,79300.0,100,Buy,224159204
2024-07-18 10:02:04,79300.0,200,Buy,224159304
2024-07-18 10:02:05,79300.0,500,Buy,224159332
2024-07-18 10:02:07,79200.0,500,Sell,224159358
2024-07-18 10:02:21,79300.0,1000,Sell,224159673
2024-07-18 10:02:24,79300.0,100,Sell,224159772
2024-07-18 10:02:26,79300.0,200,Buy,224159813
2024-07-18 10:02:43,79400.0,300,Buy,224160189
2024-07-18 10:02:43,79400.0,1700,Buy,224160190
2024-07-18 10:02:44,79400.0,300,Buy,224160204
2024-07-18 10:02:44,79400.0,200,Buy,224160205
2024-07-18 10:02:45,79400.0,400,Buy,224160228
2024-07-18 10:02:46,79400.0,500,Sell,224160248
2024-07-18 10:02:46,79300.0,100,Sell,224160249
2024-07-18 10:02:56,79300.0,200,Sell,224160390
2024-07-18 10:02:56,79300.0,300,Sell,224160391
2024-07-18 10:03:08,79500.0,200,Buy,224160661
2024-07-18 10:03:10,79500.0,500,Buy,224160683
2024-07-18 10:03:11,79500.0,500,Buy,224160702
2024-07-18 10:03:11,79500.0,1000,Buy,224160701
2024-07-18 10:03:11,79500.0,200,Buy,224160700
2024-07-18 10:03:11,79500.0,300,Buy,224160699
2024-07-18 10:03:25,79500.0,100,Sell,224161040
2024-07-18 10:03:27,79500.0,800,Sell,224161085
2024-07-18 10:03:32,79500.0,1000,Buy,224161164
2024-07-18 10:03:33,79500.0,1000,Buy,224161182
2024-07-18 10:03:33,79500.0,1200,Buy,224161190
2024-07-18 10:03:37,79500.0,500,Sell,224161255
2024-07-18 10:03:58,79600.0,1000,Buy,224161792
2024-07-18 10:04:05,79500.0,100,Sell,224161931
2024-07-18 10:04:05,79500.0,100,Sell,224161930
2024-07-18 10:04:05,79500.0,1000,Sell,224161929
2024-07-18 10:04:05,79500.0,100,Sell,224161928
2024-07-18 10:04:05,79400.0,500,Sell,224161932
2024-07-18 10:04:05,79500.0,300,Sell,224161923
2024-07-18 10:04:05,79500.0,500,Sell,224161922
2024-07-18 10:04:05,79600.0,100,Sell,224161921
2024-07-18 10:04:05,79500.0,200,Sell,224161927
2024-07-18 10:04:05,79600.0,800,Sell,224161920
2024-07-18 10:06:27,79500.0,100,Sell,224164969
2024-07-18 10:06:27,79500.0,100,Sell,224164966
2024-07-18 10:06:27,79500.0,100,Sell,224164967
2024-07-18 10:06:27,79500.0,1000,Sell,224164968
2024-07-18 10:06:30,79400.0,500,Sell,224165003
2024-07-18 10:06:44,79400.0,100,Sell,224165297
2024-07-18 10:06:44,79400.0,100,Sell,224165298
2024-07-18 10:06:44,79400.0,100,Sell,224165299
2024-07-18 10:06:44,79400.0,100,Sell,224165300
2024-07-18 10:06:44,79400.0,100,Sell,224165301
2024-07-18 10:06:44,79400.0,100,Sell,224165296
2024-07-18 10:07:14,79400.0,100,Sell,224166149
2024-07-18 10:07:14,79400.0,100,Sell,224166162
2024-07-18 10:07:14,79400.0,100,Sell,224166163
2024-07-18 10:07:28,79400.0,100,Sell,224166466
2024-07-18 10:07:32,79400.0,200,Sell,224166572
2024-07-18 10:07:45,79500.0,200,Buy,224166855
2024-07-18 10:08:39,79500.0,100,Sell,224168624
2024-07-18 10:08:39,79500.0,100,Sell,224168622
2024-07-18 10:08:39,79500.0,100,Sell,224168623
2024-07-18 10:08:43,79400.0,100,Sell,224168692
2024-07-18 10:08:43,79400.0,2000,Sell,224168693
2024-07-18 10:08:43,79400.0,100,Sell,224168694
2024-07-18 10:08:43,79400.0,200,Sell,224168695
2024-07-18 10:08:43,79400.0,100,Sell,224168696
2024-07-18 10:08:43,79400.0,200,Sell,224168697
2024-07-18 10:08:43,79400.0,100,Sell,224168698
2024-07-18 10:08:43,79400.0,100,Sell,224168699
2024-07-18 10:08:43,79400.0,1000,Sell,224168700
2024-07-18 10:08:43,79400.0,100,Sell,224168701
2024-07-18 10:08:45,79400.0,100,Buy,224168752
2024-07-18 10:08:56,79400.0,100,Buy,224169012
2024-07-18 10:08:57,79400.0,200,Buy,224169014
2024-07-18 10:08:59,79400.0,100,Buy,224169074
2024-07-18 10:09:02,79300.0,100,Sell,224169112
2024-07-18 10:09:02,79300.0,200,Sell,224169113
2024-07-18 10:09:02,79300.0,200,Sell,224169114
2024-07-18 10:09:02,79300.0,100,Sell,224169115
2024-07-18 10:09:02,79300.0,100,Sell,224169116
2024-07-18 10:09:02,79300.0,2200,Sell,224169117
2024-07-18 10:09:02,79300.0,1700,Sell,224169110
2024-07-18 10:09:02,79300.0,100,Sell,224169111
2024-07-18 10:09:05,79400.0,500,Buy,224169232
2024-07-18 10:09:09,79400.0,200,Buy,224169335
2024-07-18 10:09:26,79500.0,400,Buy,224169849
2024-07-18 10:09:26,79500.0,1600,Buy,224169850
2024-07-18 10:09:36,79400.0,300,Sell,224170205
2024-07-18 10:09:36,79300.0,700,Sell,224170206
2024-07-18 10:10:21,79300.0,100,Sell,224171821
2024-07-18 10:10:21,79300.0,600,Sell,224171822
2024-07-18 10:10:21,79300.0,500,Sell,224171820
2024-07-18 10:10:21,79300.0,100,Sell,224171818
2024-07-18 10:10:21,79300.0,100,Sell,224171816
2024-07-18 10:10:21,79300.0,100,Sell,224171819
2024-07-18 10:10:21,79300.0,500,Sell,224171817
2024-07-18 10:10:26,79300.0,1000,Sell,224171936
2024-07-18 10:10:40,79400.0,800,Buy,224172255
2024-07-18 10:10:40,79500.0,200,Buy,224172256
2024-07-18 10:10:42,79300.0,400,Sell,224172292
2024-07-18 10:10:42,79300.0,100,Sell,224172293
2024-07-18 10:10:42,79300.0,500,Sell,224172294
2024-07-18 10:10:42,79300.0,600,Sell,224172307
2024-07-18 10:10:49,79300.0,200,Sell,224172486
2024-07-18 10:11:02,79300.0,700,Sell,224172804
2024-07-18 10:11:02,79300.0,300,Sell,224172805
2024-07-18 10:11:37,79300.0,100,Sell,224173961
2024-07-18 10:11:37,79300.0,100,Sell,224173962
2024-07-18 10:11:42,79300.0,100,Sell,224174066
2024-07-18 10:11:42,79200.0,1900,Sell,224174067
2024-07-18 10:11:48,79300.0,200,Sell,224174311
2024-07-18 10:12:34,79300.0,300,Sell,224175595
2024-07-18 10:12:51,79400.0,100,Sell,224176124
2024-07-18 10:12:59,79400.0,400,Sell,224176322
2024-07-18 10:13:44,79400.0,100,Buy,224177471
2024-07-18 10:14:14,79400.0,200,Buy,224178197
2024-07-18 10:14:21,79400.0,200,Buy,224178501
2024-07-18 10:14:41,79300.0,500,Sell,224178938
2024-07-18 10:14:41,79300.0,100,Sell,224178939
2024-07-18 10:14:51,79400.0,200,Buy,224179247
2024-07-18 10:14:56,79300.0,500,Sell,224179396
2024-07-18 10:14:56,79300.0,100,Sell,224179398
2024-07-18 10:14:56,79300.0,100,Sell,224179399
2024-07-18 10:14:56,79300.0,500,Sell,224179400
2024-07-18 10:14:56,79300.0,100,Sell,224179401
2024-07-18 10:14:56,79300.0,200,Sell,224179402
2024-07-18 10:14:56,79300.0,500,Sell,224179397
2024-07-18 10:15:00,79300.0,100,Sell,224179472
2024-07-18 10:15:19,79300.0,100,Buy,224180053
2024-07-18 10:15:23,79300.0,100,Buy,224180142
2024-07-18 10:15:24,79300.0,1000,Buy,224180186
2024-07-18 10:15:25,79300.0,3700,Buy,224180218
2024-07-18 10:15:25,79300.0,500,Buy,224180219
2024-07-18 10:16:18,79300.0,100,Sell,224181615
2024-07-18 10:16:18,79300.0,400,Sell,224181616
2024-07-18 10:17:10,79300.0,1400,Sell,224182916
2024-07-18 10:17:24,79400.0,400,Buy,224183226
2024-07-18 10:17:24,79400.0,3000,Buy,224183227
2024-07-18 10:17:32,79400.0,100,Sell,224183410
2024-07-18 10:17:39,79400.0,200,Buy,224183541
2024-07-18 10:17:40,79400.0,200,Sell,224183560
2024-07-18 10:17:50,79400.0,600,Sell,224183787
2024-07-18 10:18:01,79400.0,200,Buy,224184032
2024-07-18 10:18:07,79400.0,200,Buy,224184199
2024-07-18 10:18:07,79500.0,100,Buy,224184200
2024-07-18 10:18:35,79500.0,2000,Buy,224184790
2024-07-18 10:18:39,79300.0,100,Sell,224184885
2024-07-18 10:18:39,79300.0,200,Sell,224184884
2024-07-18 10:18:39,79300.0,200,Sell,224184882
2024-07-18 10:18:39,79300.0,100,Sell,224184883
2024-07-18 10:19:43,79400.0,100,Buy,224186424
2024-07-18 10:19:50,79400.0,900,Buy,224186559
2024-07-18 10:20:52,79400.0,1100,Sell,224187873
2024-07-18 10:20:52,79400.0,900,Sell,224187874
2024-07-18 10:21:14,79400.0,100,Sell,224188409
2024-07-18 10:21:14,79500.0,100,Buy,224188423
2024-07-18 10:21:29,79500.0,100,Buy,224188781
2024-07-18 10:21:31,79400.0,200,Sell,224188819
2024-07-18 10:21:31,79400.0,700,Sell,224188817
2024-07-18 10:21:31,79400.0,100,Sell,224188818
2024-07-18 10:21:39,79500.0,100,Buy,224188989
2024-07-18 10:21:39,79500.0,100,Buy,224188995
2024-07-18 10:22:04,79500.0,100,Buy,224189484
2024-07-18 10:22:15,79500.0,400,Buy,224189713
2024-07-18 10:22:15,79500.0,1000,Buy,224189712
2024-07-18 10:22:15,79500.0,1000,Buy,224189711
2024-07-18 10:22:15,79500.0,500,Buy,224189710
2024-07-18 10:22:15,79500.0,600,Buy,224189706
2024-07-18 10:22:15,79500.0,300,Buy,224189709
2024-07-18 10:22:15,79500.0,500,Buy,224189708
2024-07-18 10:22:15,79500.0,700,Buy,224189707
2024-07-18 10:22:27,79400.0,100,Sell,224189966
2024-07-18 10:22:27,79400.0,800,Sell,224189971
2024-07-18 10:22:27,79400.0,100,Sell,224189970
2024-07-18 10:22:27,79400.0,300,Sell,224189965
2024-07-18 10:22:27,79400.0,100,Sell,224189968
2024-07-18 10:22:27,79400.0,300,Sell,224189967
2024-07-18 10:22:27,79400.0,300,Sell,224189969
2024-07-18 10:22:37,79400.0,400,Sell,224190150
2024-07-18 10:22:37,79400.0,100,Sell,224190151
2024-07-18 10:22:37,79400.0,100,Sell,224190152
2024-07-18 10:22:54,79500.0,600,Buy,224190476
2024-07-18 10:22:54,79500.0,1400,Buy,224190477
2024-07-18 10:22:56,79500.0,2000,Buy,224190551
2024-07-18 10:22:57,79500.0,600,Buy,224190568
2024-07-18 10:22:57,79500.0,200,Buy,224190569
2024-07-18 10:22:57,79500.0,1000,Buy,224190570
2024-07-18 10:22:58,79500.0,100,Sell,224190579
2024-07-18 10:24:40,79500.0,200,Sell,224192527
2024-07-18 10:24:40,79500.0,100,Sell,224192526
2024-07-18 10:24:40,79500.0,100,Sell,224192525
2024-07-18 10:24:40,79500.0,100,Sell,224192524
2024-07-18 10:24:40,79500.0,100,Sell,224192521
2024-07-18 10:24:40,79500.0,100,Sell,224192523
2024-07-18 10:24:40,79500.0,100,Sell,224192522
2024-07-18 10:25:14,79500.0,200,Sell,224193332
2024-07-18 10:25:14,79500.0,100,Sell,224193333
2024-07-18 10:25:14,79500.0,100,Sell,224193334
2024-07-18 10:25:14,79500.0,100,Sell,224193335
2024-07-18 10:25:14,79500.0,200,Sell,224193336
2024-07-18 10:25:14,79500.0,200,Sell,224193337
2024-07-18 10:25:14,79400.0,200,Sell,224193338
2024-07-18 10:25:14,79400.0,900,Sell,224193339
2024-07-18 10:25:51,79400.0,200,Sell,224193978
2024-07-18 10:26:11,79500.0,100,Sell,224194400
2024-07-18 10:26:11,79500.0,200,Sell,224194399
2024-07-18 10:26:35,79500.0,200,Sell,224194742
2024-07-18 10:26:35,79500.0,400,Sell,224194741
2024-07-18 10:27:27,79600.0,1500,Buy,224195701
2024-07-18 10:27:27,79600.0,1000,Buy,224195699
2024-07-18 10:27:27,79600.0,700,Buy,224195700
2024-07-18 10:27:54,79600.0,100,Buy,224196183
2024-07-18 10:28:03,79500.0,200,Sell,224196315
2024-07-18 10:28:03,79500.0,100,Sell,224196316
2024-07-18 10:28:03,79500.0,100,Sell,224196317
2024-07-18 10:28:03,79500.0,600,Sell,224196318
2024-07-18 10:28:06,79600.0,100,Buy,224196358
2024-07-18 10:28:17,79600.0,300,Buy,224196583
2024-07-18 10:28:28,79600.0,100,Buy,224196774
2024-07-18 10:28:47,79600.0,100,Buy,224197087
2024-07-18 10:28:52,79600.0,300,Buy,224197153
2024-07-18 10:29:36,79600.0,300,Buy,224198065
2024-07-18 10:29:40,79600.0,100,Buy,224198151
2024-07-18 10:30:00,79600.0,100,Buy,224198579
2024-07-18 10:30:33,79500.0,100,Sell,224199190
2024-07-18 10:30:33,79500.0,100,Sell,224199189
2024-07-18 10:30:33,79500.0,400,Sell,224199188
2024-07-18 10:30:39,79600.0,100,Buy,224199362
2024-07-18 10:30:39,79400.0,300,Sell,224199330
2024-07-18 10:30:39,79500.0,200,Sell,224199327
2024-07-18 10:30:39,79500.0,1000,Sell,224199328
2024-07-18 10:30:39,79500.0,500,Sell,224199329
2024-07-18 10:31:32,79600.0,300,Buy,224200458
2024-07-18 10:31:37,79600.0,1000,Buy,224200537
2024-07-18 10:32:10,79600.0,200,Buy,224201037
2024-07-18 10:32:31,79600.0,2000,Buy,224201457
2024-07-18 10:32:31,79600.0,300,Buy,224201458
2024-07-18 10:32:31,79600.0,400,Buy,224201459
2024-07-18 10:32:31,79600.0,1700,Buy,224201460
2024-07-18 10:32:31,79600.0,3400,Buy,224201456
2024-07-18 10:33:01,79700.0,100,Buy,224201940
2024-07-18 10:33:20,79700.0,100,Buy,224202240
2024-07-18 10:33:20,79700.0,100,Buy,224202239
2024-07-18 10:33:22,79700.0,900,Buy,224202267
2024-07-18 10:33:34,79800.0,2000,Buy,224202531
2024-07-18 10:33:36,79800.0,1000,Buy,224202565
2024-07-18 10:33:36,79800.0,100,Buy,224202566
2024-07-18 10:33:58,79800.0,400,Sell,224202974
2024-07-18 10:34:31,79800.0,500,Sell,224203598
2024-07-18 10:34:31,79700.0,100,Sell,224203599
2024-07-18 10:34:45,79700.0,200,Sell,224204034
2024-07-18 10:36:24,79800.0,100,Sell,224205828
2024-07-18 10:36:39,79500.0,3600,Sell,224206077
2024-07-18 10:36:39,79500.0,300,Sell,224206076
2024-07-18 10:36:39,79500.0,200,Sell,224206075
2024-07-18 10:36:39,79500.0,200,Sell,224206074
2024-07-18 10:36:39,79600.0,100,Sell,224206072
2024-07-18 10:36:39,79600.0,100,Sell,224206071
2024-07-18 10:36:39,79600.0,5000,Sell,224206070
2024-07-18 10:36:39,79700.0,100,Sell,224206069
2024-07-18 10:36:39,79700.0,200,Sell,224206068
2024-07-18 10:36:39,79500.0,200,Sell,224206073
2024-07-18 10:37:16,79500.0,200,Sell,224206726
2024-07-18 10:37:16,79500.0,100,Sell,224206728
2024-07-18 10:37:16,79500.0,500,Sell,224206727
2024-07-18 10:37:16,79500.0,200,Sell,224206725
2024-07-18 10:37:16,79500.0,600,Sell,224206722
2024-07-18 10:37:16,79500.0,100,Sell,224206723
2024-07-18 10:37:16,79500.0,400,Sell,224206720
2024-07-18 10:37:16,79500.0,200,Sell,224206724
2024-07-18 10:37:16,79500.0,500,Sell,224206721
2024-07-18 10:37:26,79500.0,200,Buy,224207061
2024-07-18 10:37:42,79500.0,200,Buy,224207322
2024-07-18 10:38:04,79500.0,1800,Buy,224207632
2024-07-18 10:38:04,79500.0,200,Buy,224207633
2024-07-18 10:38:09,79500.0,200,Buy,224207729
2024-07-18 10:38:17,79500.0,100,Buy,224207859
2024-07-18 10:38:19,79400.0,2700,Sell,224207891
2024-07-18 10:38:24,79400.0,2000,Sell,224207925
2024-07-18 10:38:29,79400.0,600,Sell,224208007
2024-07-18 10:38:44,79400.0,1000,Sell,224208175
2024-07-18 10:39:16,79400.0,100,Sell,224208889
2024-07-18 10:39:21,79500.0,200,Buy,224208935
2024-07-18 10:39:53,79400.0,100,Sell,224209440
2024-07-18 10:40:31,79400.0,300,Sell,224210069
2024-07-18 10:40:42,79400.0,200,Sell,224210233
2024-07-18 10:40:52,79400.0,1000,Sell,224210354
2024-07-18 10:41:34,79400.0,100,Sell,224210933
2024-07-18 10:41:53,79400.0,100,Sell,224211182
2024-07-18 10:42:28,79400.0,400,Sell,224211667
2024-07-18 10:42:28,79400.0,100,Sell,224211668
2024-07-18 10:42:28,79400.0,100,Sell,224211669
2024-07-18 10:42:35,79400.0,100,Sell,224211768
2024-07-18 10:42:35,79400.0,100,Sell,224211767
2024-07-18 10:42:35,79400.0,100,Sell,224211766
2024-07-18 10:42:35,79400.0,300,Sell,224211769
2024-07-18 10:42:35,79400.0,100,Sell,224211764
2024-07-18 10:42:35,79400.0,100,Sell,224211763
2024-07-18 10:42:35,79400.0,1000,Sell,224211762
2024-07-18 10:42:35,79400.0,100,Sell,224211761
2024-07-18 10:42:35,79400.0,100,Sell,224211765
2024-07-18 10:42:41,79500.0,200,Buy,224211826
2024-07-18 10:43:17,79500.0,100,Buy,224212318
2024-07-18 10:43:24,79500.0,200,Buy,224212416
2024-07-18 10:43:35,79400.0,200,Sell,224212538
2024-07-18 10:44:59,79500.0,200,Buy,224213613
2024-07-18 10:45:25,79400.0,200,Sell,224213895
2024-07-18 10:45:25,79400.0,800,Sell,224213896
2024-07-18 10:45:25,79400.0,1000,Sell,224213897
2024-07-18 10:45:25,79400.0,500,Sell,224213894
2024-07-18 10:45:25,79400.0,200,Sell,224213902
2024-07-18 10:45:25,79400.0,100,Sell,224213899
2024-07-18 10:45:25,79400.0,1000,Sell,224213900
2024-07-18 10:45:25,79400.0,200,Sell,224213901
2024-07-18 10:45:25,79400.0,100,Sell,224213903
2024-07-18 10:45:25,79400.0,100,Sell,224213898
2024-07-18 10:45:25,79400.0,100,Sell,224213893
2024-07-18 10:45:25,79400.0,1000,Sell,224213887
2024-07-18 10:45:25,79400.0,500,Sell,224213891
2024-07-18 10:45:25,79400.0,900,Sell,224213892
2024-07-18 10:45:25,79400.0,500,Sell,224213881
2024-07-18 10:45:25,79400.0,700,Sell,224213882
2024-07-18 10:45:25,79400.0,500,Sell,224213883
2024-07-18 10:45:25,79400.0,200,Sell,224213884
2024-07-18 10:45:25,79400.0,200,Sell,224213886
2024-07-18 10:45:25,79400.0,200,Sell,224213885
2024-07-18 10:45:25,79400.0,100,Sell,224213889
2024-07-18 10:45:25,79400.0,400,Sell,224213890
2024-07-18 10:45:25,79400.0,100,Sell,224213888
2024-07-18 10:45:36,79400.0,100,Buy,224214022
2024-07-18 10:45:51,79400.0,100,Buy,224214223
2024-07-18 10:45:52,79400.0,100,Buy,224214242
2024-07-18 10:45:52,79300.0,100,Sell,224214250
2024-07-18 10:45:52,79300.0,500,Sell,224214251
2024-07-18 10:45:52,79300.0,200,Sell,224214252
2024-07-18 10:45:52,79300.0,100,Sell,224214253
2024-07-18 10:45:52,79300.0,1000,Sell,224214254
2024-07-18 10:45:52,79300.0,100,Sell,224214255
2024-07-18 10:46:12,79400.0,100,Buy,224214468
2024-07-18 10:46:26,79300.0,400,Sell,224214660
2024-07-18 10:46:26,79300.0,200,Sell,224214661
2024-07-18 10:46:30,79400.0,100,Buy,224214695
2024-07-18 10:46:51,79300.0,100,Sell,224214932
2024-07-18 10:46:51,79300.0,200,Sell,224214933
2024-07-18 10:46:51,79300.0,100,Sell,224214934
2024-07-18 10:46:51,79300.0,200,Sell,224214935
2024-07-18 10:46:51,79300.0,100,Sell,224214936
2024-07-18 10:46:51,79300.0,100,Sell,224214937
2024-07-18 10:46:51,79300.0,200,Sell,224214938
2024-07-18 10:46:51,79300.0,200,Sell,224214939
2024-07-18 10:46:51,79300.0,100,Sell,224214940
2024-07-18 10:46:51,79300.0,100,Sell,224214941
2024-07-18 10:46:51,79300.0,300,Sell,224214942
2024-07-18 10:46:51,79300.0,200,Sell,224214930
2024-07-18 10:46:51,79300.0,100,Sell,224214931
2024-07-18 10:47:35,79300.0,200,Sell,224215547
2024-07-18 10:47:47,79400.0,100,Buy,224215732
2024-07-18 10:48:02,79400.0,200,Buy,224215947
2024-07-18 10:48:06,79400.0,100,Buy,224216006
2024-07-18 10:48:06,79400.0,400,Buy,224216005
2024-07-18 10:48:21,79400.0,300,Buy,224216228
2024-07-18 10:48:30,79400.0,100,Buy,224216375
2024-07-18 10:48:51,79400.0,500,Buy,224216663
2024-07-18 10:49:08,79400.0,200,Buy,224216970
2024-07-18 10:49:35,79400.0,100,Buy,224217421
2024-07-18 10:49:39,79400.0,100,Buy,224217488
2024-07-18 10:49:40,79400.0,300,Buy,224217495
2024-07-18 10:49:46,79400.0,300,Buy,224217546
2024-07-18 10:50:24,79400.0,100,Sell,224218103
2024-07-18 10:50:24,79400.0,100,Sell,224218104
2024-07-18 10:50:24,79300.0,100,Sell,224218105
2024-07-18 10:50:24,79300.0,300,Sell,224218106
2024-07-18 10:51:10,79400.0,100,Sell,224218711
2024-07-18 10:51:17,79400.0,100,Buy,224218801
2024-07-18 10:51:32,79400.0,100,Buy,224219017
2024-07-18 10:51:34,79400.0,1000,Buy,224219063
2024-07-18 10:51:34,79400.0,2000,Buy,224219062
2024-07-18 10:51:43,79500.0,300,Buy,224219174
2024-07-18 10:52:03,79400.0,300,Sell,224219524
2024-07-18 10:52:03,79300.0,1700,Sell,224219525
2024-07-18 10:52:17,79300.0,100,Buy,224219743
2024-07-18 10:52:17,79300.0,100,Sell,224219738
2024-07-18 10:52:17,79300.0,200,Sell,224219737
2024-07-18 10:52:17,79300.0,200,Sell,224219736
2024-07-18 10:52:17,79300.0,100,Sell,224219735
2024-07-18 10:52:17,79300.0,100,Sell,224219734
2024-07-18 10:52:17,79300.0,300,Sell,224219733
2024-07-18 10:52:17,79300.0,3000,Sell,224219732
2024-07-18 10:52:17,79300.0,300,Sell,224219731
2024-07-18 10:52:17,79300.0,200,Sell,224219728
2024-07-18 10:52:17,79300.0,500,Sell,224219729
2024-07-18 10:52:17,79300.0,200,Sell,224219721
2024-07-18 10:52:17,79300.0,100,Sell,224219722
2024-07-18 10:52:17,79300.0,100,Sell,224219723
2024-07-18 10:52:17,79300.0,100,Sell,224219730
2024-07-18 10:52:17,79300.0,30000,Sell,224219725
2024-07-18 10:52:17,79300.0,200,Sell,224219726
2024-07-18 10:52:17,79300.0,100,Sell,224219727
2024-07-18 10:52:17,79300.0,800,Sell,224219724
2024-07-18 10:52:18,79300.0,2000,Buy,224219749
2024-07-18 10:52:39,79200.0,100,Sell,224220069
2024-07-18 10:52:39,79200.0,28000,Sell,224220068
2024-07-18 10:52:39,79200.0,600,Sell,224220067
2024-07-18 10:52:39,79200.0,300,Sell,224220066
2024-07-18 10:52:39,79200.0,100,Sell,224220065
2024-07-18 10:52:39,79200.0,200,Sell,224220064
2024-07-18 10:52:39,79200.0,100,Sell,224220063
2024-07-18 10:52:39,79200.0,3000,Sell,224220062
2024-07-18 10:52:39,79200.0,200,Sell,224220061
2024-07-18 10:52:39,79200.0,200,Sell,224220060
2024-07-18 10:52:39,79200.0,500,Sell,224220057
2024-07-18 10:52:39,79200.0,200,Sell,224220058
2024-07-18 10:52:39,79200.0,100,Sell,224220056
2024-07-18 10:52:39,79200.0,100,Sell,224220054
2024-07-18 10:52:39,79200.0,10000,Sell,224220053
2024-07-18 10:52:39,79200.0,100,Sell,224220052
2024-07-18 10:52:39,79200.0,100,Sell,224220051
2024-07-18 10:52:39,79200.0,100,Sell,224220050
2024-07-18 10:52:39,79200.0,100,Sell,224220049
2024-07-18 10:52:39,79200.0,5200,Sell,224220048
2024-07-18 10:52:39,79200.0,500,Sell,224220059
2024-07-18 10:52:39,79200.0,200,Sell,224220055
2024-07-18 10:52:40,79300.0,100,Buy,224220109
2024-07-18 10:53:22,79300.0,100,Buy,224220668
2024-07-18 10:53:32,79300.0,200,Buy,224220770
2024-07-18 10:53:49,79300.0,500,Buy,224220953
2024-07-18 10:53:51,79300.0,400,Buy,224220975
2024-07-18 10:53:51,79300.0,1600,Buy,224220976
2024-07-18 10:53:55,79300.0,100,Buy,224221013
2024-07-18 10:54:00,79300.0,100,Buy,224221054
2024-07-18 10:54:01,79200.0,100,Sell,224221071
2024-07-18 10:54:01,79200.0,100,Sell,224221072
2024-07-18 10:54:01,79200.0,100,Sell,224221073
2024-07-18 10:54:01,79200.0,200,Sell,224221074
2024-07-18 10:54:01,79200.0,400,Sell,224221075
2024-07-18 10:54:01,79200.0,100,Sell,224221076
2024-07-18 10:54:01,79200.0,100,Sell,224221077
2024-07-18 10:54:22,79200.0,500,Sell,224221376
2024-07-18 10:54:22,79100.0,100,Sell,224221377
2024-07-18 10:55:04,79100.0,100,Sell,224221873
2024-07-18 10:55:12,79100.0,300,Sell,224221936
2024-07-18 10:55:21,79100.0,100,Sell,224222018
2024-07-18 10:56:22,79200.0,600,Buy,224222827
2024-07-18 10:56:27,79200.0,100,Buy,224222915
2024-07-18 10:56:41,79200.0,100,Buy,224223071
2024-07-18 10:56:56,79200.0,100,Buy,224223292
2024-07-18 10:57:05,79200.0,100,Sell,224223468
2024-07-18 10:57:05,79200.0,100,Sell,224223469
2024-07-18 10:57:14,79200.0,100,Buy,224223564
2024-07-18 10:57:19,79100.0,100,Sell,224223625
2024-07-18 10:57:19,79100.0,100,Sell,224223624
2024-07-18 10:57:19,79100.0,200,Sell,224223623
2024-07-18 10:57:19,79100.0,100,Sell,224223622
2024-07-18 10:57:19,79100.0,100,Sell,224223621
2024-07-18 10:57:19,79100.0,100,Sell,224223620
2024-07-18 10:57:19,79100.0,100,Sell,224223619
2024-07-18 10:57:19,79100.0,200,Sell,224223617
2024-07-18 10:57:19,79200.0,300,Buy,224223605
2024-07-18 10:57:19,79100.0,100,Sell,224223613
2024-07-18 10:57:19,79100.0,100,Sell,224223618
2024-07-18 10:57:19,79100.0,100,Sell,224223615
2024-07-18 10:57:19,79100.0,200,Sell,224223616
2024-07-18 10:57:19,79100.0,500,Sell,224223614
2024-07-18 10:57:39,79200.0,400,Buy,224223894
2024-07-18 10:57:45,79100.0,100,Sell,224223966
2024-07-18 10:58:17,79200.0,100,Sell,224224435
2024-07-18 10:58:17,79100.0,900,Sell,224224436
2024-07-18 10:58:17,79100.0,100,Sell,224224437
2024-07-18 10:58:17,79100.0,100,Sell,224224438
2024-07-18 10:58:17,79100.0,100,Sell,224224439
2024-07-18 10:58:17,79100.0,100,Sell,224224440
2024-07-18 10:58:17,79100.0,200,Sell,224224441
2024-07-18 10:58:17,79100.0,100,Sell,224224442
2024-07-18 10:58:17,79100.0,100,Sell,224224443
2024-07-18 10:58:17,79100.0,200,Sell,224224444
2024-07-18 10:58:20,79000.0,400,Sell,224224484
2024-07-18 10:58:20,79100.0,100,Sell,224224482
2024-07-18 10:58:20,79000.0,100,Sell,224224483
2024-07-18 10:58:21,79000.0,300,Sell,224224497
2024-07-18 10:58:21,79000.0,100,Sell,224224507
2024-07-18 10:58:31,79000.0,500,Sell,224224709
2024-07-18 10:58:31,79000.0,100,Sell,224224708
2024-07-18 10:58:31,79000.0,100,Sell,224224707
2024-07-18 10:58:31,79000.0,100,Sell,224224702
2024-07-18 10:58:31,79000.0,1300,Sell,224224706
2024-07-18 10:58:31,79000.0,500,Sell,224224705
2024-07-18 10:58:31,79000.0,15000,Sell,224224704
2024-07-18 10:58:31,79000.0,400,Sell,224224703
2024-07-18 10:58:31,79000.0,200,Sell,224224701
2024-07-18 10:58:31,79000.0,100,Sell,224224690
2024-07-18 10:58:31,79000.0,1700,Sell,224224699
2024-07-18 10:58:31,79000.0,200,Sell,224224698
2024-07-18 10:58:31,79000.0,100,Sell,224224697
2024-07-18 10:58:31,79000.0,100,Sell,224224696
2024-07-18 10:58:31,79000.0,100,Sell,224224695
2024-07-18 10:58:31,79000.0,100,Sell,224224693
2024-07-18 10:58:31,79000.0,1000,Sell,224224691
2024-07-18 10:58:31,79000.0,100,Sell,224224710
2024-07-18 10:58:31,79000.0,100,Sell,224224700
2024-07-18 10:58:31,79000.0,1000,Sell,224224711
2024-07-18 10:58:31,79000.0,300,Sell,224224720
2024-07-18 10:58:31,79000.0,1000,Sell,224224713
2024-07-18 10:58:31,79000.0,800,Sell,224224732
2024-07-18 10:58:31,79000.0,200,Sell,224224731
2024-07-18 10:58:31,79000.0,100,Sell,224224730
2024-07-18 10:58:31,79000.0,500,Sell,224224729
2024-07-18 10:58:31,79000.0,1000,Sell,224224728
2024-07-18 10:58:31,79000.0,200,Sell,224224727
2024-07-18 10:58:31,79000.0,100,Sell,224224726
2024-07-18 10:58:31,79000.0,500,Sell,224224725
2024-07-18 10:58:31,79000.0,500,Sell,224224724
2024-07-18 10:58:31,79000.0,100,Sell,224224723
2024-07-18 10:58:31,79000.0,300,Sell,224224722
2024-07-18 10:58:31,79000.0,400,Sell,224224721
2024-07-18 10:58:31,79000.0,200,Sell,224224689
2024-07-18 10:58:31,79000.0,100,Sell,224224719
2024-07-18 10:58:31,79000.0,300,Sell,224224718
2024-07-18 10:58:31,79000.0,500,Sell,224224717
2024-07-18 10:58:31,79000.0,5000,Sell,224224716
2024-07-18 10:58:31,79000.0,500,Sell,224224715
2024-07-18 10:58:31,79000.0,600,Sell,224224714
2024-07-18 10:58:31,79000.0,500,Sell,224224712
2024-07-18 10:58:31,79000.0,300,Sell,224224688
2024-07-18 10:58:31,79000.0,300,Sell,224224694
2024-07-18 10:58:31,79000.0,100,Sell,224224686
2024-07-18 10:58:31,79000.0,200,Sell,224224662
2024-07-18 10:58:31,79000.0,100,Sell,224224661
2024-07-18 10:58:31,79000.0,20000,Sell,224224660
2024-07-18 10:58:31,79000.0,200,Sell,224224659
2024-07-18 10:58:31,79000.0,200,Sell,224224658
2024-07-18 10:58:31,79000.0,100,Sell,224224657
2024-07-18 10:58:31,79000.0,100,Sell,224224656
2024-07-18 10:58:31,79000.0,200,Sell,224224655
2024-07-18 10:58:31,79000.0,500,Sell,224224654
2024-07-18 10:58:31,79000.0,200,Sell,224224653
2024-07-18 10:58:31,79000.0,500,Sell,224224652
2024-07-18 10:58:31,79000.0,1000,Sell,224224651
2024-07-18 10:58:31,79000.0,1000,Sell,224224687
2024-07-18 10:58:31,79000.0,100,Sell,224224649
2024-07-18 10:58:31,79000.0,1000,Sell,224224648
2024-07-18 10:58:31,79000.0,200,Sell,224224647
2024-07-18 10:58:31,79000.0,500,Sell,224224646
2024-07-18 10:58:31,79000.0,200,Sell,224224645
2024-07-18 10:58:31,79000.0,5200,Sell,224224644
2024-07-18 10:58:31,79000.0,1000,Sell,224224663
2024-07-18 10:58:31,79000.0,200,Sell,224224664
2024-07-18 10:58:31,79000.0,100,Sell,224224650
2024-07-18 10:58:31,79000.0,600,Sell,224224666
2024-07-18 10:58:31,79000.0,1000,Sell,224224665
2024-07-18 10:58:31,79000.0,100,Sell,224224685
2024-07-18 10:58:31,79000.0,100,Sell,224224684
2024-07-18 10:58:31,79000.0,100,Sell,224224683
2024-07-18 10:58:31,79000.0,300,Sell,224224682
2024-07-18 10:58:31,79000.0,100,Sell,224224681
2024-07-18 10:58:31,79000.0,2600,Sell,224224680
2024-07-18 10:58:31,79000.0,100,Sell,224224679
2024-07-18 10:58:31,79000.0,200,Sell,224224678
2024-07-18 10:58:31,79000.0,100,Sell,224224677
2024-07-18 10:58:31,79000.0,500,Sell,224224692
2024-07-18 10:58:31,79000.0,100,Sell,224224675
2024-07-18 10:58:31,79000.0,100,Sell,224224667
2024-07-18 10:58:31,79000.0,200,Sell,224224669
2024-07-18 10:58:31,79000.0,100,Sell,224224676
2024-07-18 10:58:31,79000.0,200,Sell,224224670
2024-07-18 10:58:31,79000.0,100,Sell,224224668
2024-07-18 10:58:31,79000.0,2000,Sell,224224672
2024-07-18 10:58:31,79000.0,300,Sell,224224673
2024-07-18 10:58:31,79000.0,100,Sell,224224674
2024-07-18 10:58:31,79000.0,1000,Sell,224224671
2024-07-18 10:58:48,79000.0,200,Sell,224224994
2024-07-18 10:58:48,79000.0,100,Sell,224224995
2024-07-18 10:58:48,79000.0,500,Sell,224224996
2024-07-18 10:58:48,79000.0,200,Sell,224224997
2024-07-18 10:58:53,79000.0,100,Sell,224225070
2024-07-18 10:58:57,79000.0,200,Sell,224225140
2024-07-18 10:58:57,79000.0,100,Sell,224225139
2024-07-18 10:58:57,79000.0,200,Sell,224225136
2024-07-18 10:58:57,79000.0,100,Sell,224225137
2024-07-18 10:58:57,79000.0,100,Sell,224225138
2024-07-18 10:59:26,79000.0,300,Sell,224225482
2024-07-18 10:59:26,79000.0,100,Sell,224225481
2024-07-18 10:59:26,79100.0,100,Sell,224225480
2024-07-18 10:59:31,79000.0,200,Sell,224225570
2024-07-18 10:59:31,79000.0,500,Sell,224225576
2024-07-18 10:59:31,79000.0,800,Sell,224225575
2024-07-18 10:59:31,79000.0,100,Sell,224225577
2024-07-18 10:59:31,79000.0,400,Sell,224225573
2024-07-18 10:59:31,79000.0,500,Sell,224225572
2024-07-18 10:59:31,79000.0,200,Sell,224225571
2024-07-18 10:59:31,79000.0,100,Sell,224225574
2024-07-18 10:59:32,79000.0,100,Buy,224225596
2024-07-18 11:00:04,78900.0,400,Sell,224226046
2024-07-18 11:00:04,78900.0,100,Sell,224226045
2024-07-18 11:00:05,79000.0,100,Buy,224226054
2024-07-18 11:00:05,79000.0,100,Buy,224226055
2024-07-18 11:00:05,79000.0,100,Buy,224226068
2024-07-18 11:00:28,79000.0,200,Buy,224226393
2024-07-18 11:00:29,78900.0,200,Sell,224226401
2024-07-18 11:00:29,78900.0,300,Sell,224226403
2024-07-18 11:00:29,78900.0,200,Sell,224226402
2024-07-18 11:00:29,78900.0,100,Sell,224226400
2024-07-18 11:00:29,78900.0,500,Sell,224226398
2024-07-18 11:00:29,78900.0,100,Sell,224226396
2024-07-18 11:00:29,78900.0,100,Sell,224226399
2024-07-18 11:00:29,78900.0,200,Sell,224226397
2024-07-18 11:00:40,78900.0,200,Buy,224226548
2024-07-18 11:01:03,78900.0,100,Buy,224227252
2024-07-18 11:01:05,78900.0,100,Buy,224227277
2024-07-18 11:01:22,78900.0,200,Buy,224227503
2024-07-18 11:01:27,78900.0,100,Buy,224227606
2024-07-18 11:01:31,78900.0,100,Buy,224227648
2024-07-18 11:02:09,78900.0,200,Buy,224228289
2024-07-18 11:02:17,78800.0,1800,Sell,224228456
2024-07-18 11:02:17,78800.0,100,Sell,224228454
2024-07-18 11:02:17,78800.0,100,Sell,224228455
2024-07-18 11:02:18,78800.0,600,Sell,224228475
2024-07-18 11:02:24,78800.0,300,Sell,224228594
2024-07-18 11:02:28,78800.0,300,Sell,224228700
2024-07-18 11:02:29,78800.0,300,Sell,224228701
2024-07-18 11:02:29,78800.0,100,Sell,224228702
2024-07-18 11:02:29,78800.0,100,Sell,224228703
2024-07-18 11:02:29,78800.0,100,Sell,224228704
2024-07-18 11:02:29,78800.0,100,Sell,224228705
2024-07-18 11:02:29,78800.0,100,Sell,224228706
2024-07-18 11:02:29,78800.0,200,Sell,224228707
2024-07-18 11:02:33,78800.0,100,Buy,224228776
2024-07-18 11:02:54,78700.0,200,Sell,224229345
2024-07-18 11:02:58,78700.0,100,Sell,224229426
2024-07-18 11:02:58,78700.0,100,Sell,224229427
2024-07-18 11:02:58,78700.0,100,Sell,224229428
2024-07-18 11:02:58,78700.0,100,Sell,224229423
2024-07-18 11:03:11,78600.0,100,Sell,224229668
2024-07-18 11:03:11,78600.0,100,Sell,224229669
2024-07-18 11:03:12,78600.0,400,Sell,224229672
2024-07-18 11:03:12,78600.0,100,Sell,224229673
2024-07-18 11:03:12,78600.0,100,Sell,224229674
2024-07-18 11:03:12,78600.0,300,Sell,224229675
2024-07-18 11:03:17,78500.0,500,Sell,224229781
2024-07-18 11:03:17,78500.0,300,Sell,224229782
2024-07-18 11:03:17,78500.0,100,Sell,224229783
2024-07-18 11:03:17,78500.0,2000,Sell,224229784
2024-07-18 11:03:17,78500.0,200,Sell,224229785
2024-07-18 11:03:17,78500.0,100,Sell,224229786
2024-07-18 11:03:17,78500.0,700,Sell,224229791
2024-07-18 11:03:17,78500.0,300,Sell,224229788
2024-07-18 11:03:17,78500.0,500,Sell,224229789
2024-07-18 11:03:17,78500.0,1000,Sell,224229790
2024-07-18 11:03:17,78500.0,1000,Sell,224229780
2024-07-18 11:03:17,78500.0,100,Sell,224229792
2024-07-18 11:03:17,78500.0,500,Sell,224229787
2024-07-18 11:03:17,78500.0,100,Sell,224229779
2024-07-18 11:03:17,78500.0,1200,Sell,224229764
2024-07-18 11:03:17,78500.0,100,Sell,224229777
2024-07-18 11:03:17,78500.0,200,Sell,224229763
2024-07-18 11:03:17,78500.0,100,Sell,224229765
2024-07-18 11:03:17,78500.0,200,Sell,224229778
2024-07-18 11:03:17,78500.0,200,Sell,224229767
2024-07-18 11:03:17,78500.0,1000,Sell,224229768
2024-07-18 11:03:17,78500.0,2000,Sell,224229769
2024-07-18 11:03:17,78500.0,100,Sell,224229766
2024-07-18 11:03:17,78500.0,30000,Sell,224229771
2024-07-18 11:03:17,78500.0,100,Sell,224229772
2024-07-18 11:03:17,78500.0,200,Sell,224229773
2024-07-18 11:03:17,78500.0,100,Sell,224229774
2024-07-18 11:03:17,78500.0,1000,Sell,224229775
2024-07-18 11:03:17,78500.0,200,Sell,224229776
2024-07-18 11:03:17,78500.0,500,Sell,224229770
2024-07-18 11:03:28,78500.0,100,Buy,224229996
2024-07-18 11:03:29,78400.0,200,Sell,224230011
2024-07-18 11:03:29,78400.0,100,Sell,224230012
2024-07-18 11:03:37,78400.0,200,Buy,224230174
2024-07-18 11:03:53,78200.0,700,Sell,224230620
2024-07-18 11:03:53,78200.0,300,Sell,224230619
2024-07-18 11:03:53,78200.0,100,Sell,224230618
2024-07-18 11:03:53,78200.0,200,Sell,224230617
2024-07-18 11:03:53,78300.0,100,Sell,224230614
2024-07-18 11:03:53,78300.0,100,Sell,224230615
2024-07-18 11:03:53,78400.0,100,Sell,224230611
2024-07-18 11:03:53,78200.0,200,Sell,224230616
2024-07-18 11:03:53,78300.0,100,Sell,224230613
2024-07-18 11:03:53,78400.0,100,Sell,224230612
2024-07-18 11:04:12,78300.0,100,Sell,224231022
2024-07-18 11:04:12,78200.0,300,Sell,224231023
2024-07-18 11:04:12,78200.0,100,Sell,224231024
2024-07-18 11:04:14,78200.0,300,Buy,224231113
2024-07-18 11:04:18,78200.0,500,Buy,224231176
2024-07-18 11:04:27,78200.0,100,Buy,224231439
2024-07-18 11:04:28,78200.0,200,Buy,224231505
2024-07-18 11:04:35,78200.0,300,Buy,224231666
2024-07-18 11:04:36,78200.0,1000,Buy,224231681
2024-07-18 11:04:41,78200.0,200,Buy,224231885
2024-07-18 11:04:44,78200.0,500,Buy,224231960
2024-07-18 11:04:47,78200.0,1000,Buy,224232028
2024-07-18 11:04:48,78200.0,400,Buy,224232045
2024-07-18 11:05:01,78400.0,100,Buy,224232497
2024-07-18 11:05:12,78400.0,100,Buy,224232766
2024-07-18 11:05:13,78200.0,100,Sell,224232785
2024-07-18 11:05:19,78400.0,100,Buy,224232895
2024-07-18 11:05:26,78400.0,100,Buy,224233085
2024-07-18 11:05:38,78400.0,100,Sell,224233340
2024-07-18 11:05:38,78400.0,400,Sell,224233341
2024-07-18 11:05:43,78400.0,200,Sell,224233439
2024-07-18 11:05:43,78400.0,100,Sell,224233440
2024-07-18 11:05:50,78400.0,100,Buy,224233556
2024-07-18 11:05:57,78300.0,100,Sell,224233758
2024-07-18 11:05:57,78300.0,100,Sell,224233759
2024-07-18 11:06:00,78300.0,100,Buy,224233838
2024-07-18 11:06:14,78300.0,300,Buy,224234124
2024-07-18 11:06:14,78300.0,200,Buy,224234142
2024-07-18 11:06:15,78200.0,100,Sell,224234161
2024-07-18 11:06:15,78200.0,1400,Sell,224234162
2024-07-18 11:06:17,78200.0,600,Sell,224234206
2024-07-18 11:06:23,78300.0,200,Buy,224234306
2024-07-18 11:06:30,78300.0,200,Buy,224234460
2024-07-18 11:06:30,78300.0,300,Buy,224234461
2024-07-18 11:06:52,78300.0,100,Buy,224234828
2024-07-18 11:06:55,78300.0,100,Buy,224234881
2024-07-18 11:07:11,78300.0,100,Buy,224235209
2024-07-18 11:07:12,78300.0,900,Buy,224235218
2024-07-18 11:07:16,78300.0,1500,Buy,224235282
2024-07-18 11:07:40,78300.0,200,Sell,224235734
2024-07-18 11:07:42,78400.0,100,Buy,224235759
2024-07-18 11:07:43,78300.0,1000,Sell,224235798
2024-07-18 11:08:01,78300.0,200,Sell,224236216
2024-07-18 11:08:10,78400.0,100,Buy,224236344
2024-07-18 11:08:13,78400.0,500,Buy,224236479
2024-07-18 11:08:21,78400.0,100,Buy,224236658
2024-07-18 11:08:29,78400.0,3000,Buy,224236847
2024-07-18 11:08:36,78400.0,100,Buy,224236946
2024-07-18 11:08:40,78400.0,500,Buy,224237021
2024-07-18 11:08:43,78400.0,200,Buy,224237043
2024-07-18 11:09:25,78500.0,5000,Buy,224238099
2024-07-18 11:09:27,78400.0,800,Sell,224238134
2024-07-18 11:09:27,78400.0,300,Sell,224238135
2024-07-18 11:09:39,78500.0,100,Buy,224238356
2024-07-18 11:09:47,78500.0,100,Buy,224238800
2024-07-18 11:09:52,78500.0,100,Buy,224238868
2024-07-18 11:10:08,78500.0,100,Buy,224239173
2024-07-18 11:10:08,78500.0,500,Buy,224239174
2024-07-18 11:10:08,78500.0,400,Buy,224239175
2024-07-18 11:10:08,78500.0,100,Buy,224239242
2024-07-18 11:10:15,78400.0,200,Sell,224239424
2024-07-18 11:10:15,78400.0,400,Sell,224239425
2024-07-18 11:10:23,78400.0,100,Sell,224239546
2024-07-18 11:10:50,78400.0,100,Sell,224240077
2024-07-18 11:10:51,78500.0,100,Buy,224240113
2024-07-18 11:10:55,78500.0,300,Buy,224240160
2024-07-18 11:10:55,78500.0,100,Buy,224240162
2024-07-18 11:10:55,78500.0,100,Buy,224240161
2024-07-18 11:11:04,78500.0,100,Buy,224240339
2024-07-18 11:11:20,78500.0,200,Buy,224240740
2024-07-18 11:11:25,78500.0,400,Buy,224240829
2024-07-18 11:11:25,78500.0,600,Buy,224240830
2024-07-18 11:12:17,78500.0,100,Buy,224241775
2024-07-18 11:12:25,78500.0,500,Buy,224241965
2024-07-18 11:12:49,78400.0,100,Sell,224242357
2024-07-18 11:13:00,78400.0,100,Sell,224242665
2024-07-18 11:13:00,78400.0,100,Sell,224242664
2024-07-18 11:13:00,78400.0,100,Sell,224242663
2024-07-18 11:13:00,78400.0,200,Sell,224242662
2024-07-18 11:13:00,78400.0,500,Sell,224242661
2024-07-18 11:13:00,78400.0,100,Sell,224242659
2024-07-18 11:13:00,78400.0,200,Sell,224242658
2024-07-18 11:13:00,78400.0,100,Sell,224242657
2024-07-18 11:13:00,78400.0,200,Sell,224242656
2024-07-18 11:13:00,78400.0,1300,Sell,224242655
2024-07-18 11:13:00,78400.0,100,Sell,224242660
2024-07-18 11:13:08,78400.0,100,Sell,224242802
2024-07-18 11:13:10,78400.0,500,Sell,224242851
2024-07-18 11:13:10,78400.0,500,Sell,224242850
2024-07-18 11:13:10,78400.0,200,Sell,224242844
2024-07-18 11:13:10,78400.0,100,Sell,224242848
2024-07-18 11:13:10,78400.0,300,Sell,224242847
2024-07-18 11:13:10,78400.0,100,Sell,224242849
2024-07-18 11:13:26,78400.0,500,Buy,224243071
2024-07-18 11:13:26,78400.0,500,Buy,224243072
2024-07-18 11:13:32,78400.0,100,Buy,224243183
2024-07-18 11:13:37,78400.0,100,Buy,224243251
2024-07-18 11:13:43,78400.0,500,Buy,224243335
2024-07-18 11:14:00,78400.0,100,Buy,224243722
2024-07-18 11:14:06,78400.0,1700,Buy,224243832
2024-07-18 11:14:06,78400.0,300,Buy,224243833
2024-07-18 11:14:07,78400.0,100,Buy,224243873
2024-07-18 11:14:09,78400.0,300,Buy,224243897
2024-07-18 11:14:13,78300.0,600,Sell,224243981
2024-07-18 11:14:15,78300.0,100,Sell,224244028
2024-07-18 11:14:15,78300.0,300,Sell,224244027
2024-07-18 11:14:15,78300.0,6500,Sell,224244024
2024-07-18 11:14:15,78300.0,500,Sell,224244025
2024-07-18 11:14:15,78300.0,2000,Sell,224244026
2024-07-18 11:14:23,78400.0,1500,Buy,224244211
2024-07-18 11:14:33,78400.0,200,Sell,224244535
2024-07-18 11:15:31,78300.0,5000,Sell,224245957
2024-07-18 11:15:31,78300.0,100,Sell,224245966
2024-07-18 11:15:31,78300.0,300,Sell,224245967
2024-07-18 11:15:31,78300.0,1400,Sell,224245968
2024-07-18 11:15:40,78300.0,1000,Sell,224246113
2024-07-18 11:15:41,78300.0,600,Sell,224246128
2024-07-18 11:15:41,78300.0,500,Sell,224246129
2024-07-18 11:15:41,78300.0,100,Sell,224246130
2024-07-18 11:15:41,78300.0,100,Sell,224246131
2024-07-18 11:15:41,78300.0,400,Sell,224246132
2024-07-18 11:15:49,78300.0,200,Buy,224246504
2024-07-18 11:15:51,78200.0,1000,Sell,224246554
2024-07-18 11:15:51,78300.0,100,Buy,224246551
2024-07-18 11:16:15,78200.0,100,Sell,224247109
2024-07-18 11:16:15,78200.0,500,Sell,224247110
2024-07-18 11:16:15,78200.0,100,Sell,224247111
2024-07-18 11:16:15,78200.0,100,Sell,224247112
2024-07-18 11:16:15,78200.0,100,Sell,224247113
2024-07-18 11:16:15,78200.0,100,Sell,224247114
2024-07-18 11:16:16,78300.0,100,Buy,224247128
2024-07-18 11:16:17,78200.0,100,Sell,224247168
2024-07-18 11:16:17,78200.0,900,Sell,224247169
2024-07-18 11:16:18,78200.0,200,Sell,224247194
2024-07-18 11:16:18,78200.0,100,Sell,224247198
2024-07-18 11:16:18,78200.0,200,Sell,224247197
2024-07-18 11:16:18,78200.0,100,Sell,224247196
2024-07-18 11:16:18,78200.0,100,Sell,224247195
2024-07-18 11:16:18,78200.0,400,Sell,224247193
2024-07-18 11:16:18,78200.0,500,Sell,224247191
2024-07-18 11:16:18,78200.0,100,Sell,224247186
2024-07-18 11:16:18,78200.0,100,Sell,224247190
2024-07-18 11:16:18,78200.0,100,Sell,224247189
2024-07-18 11:16:18,78200.0,500,Sell,224247188
2024-07-18 11:16:18,78200.0,200,Sell,224247187
2024-07-18 11:16:18,78200.0,100,Sell,224247192
2024-07-18 11:16:34,78200.0,100,Buy,224247656
2024-07-18 11:16:37,78200.0,100,Buy,224247720
2024-07-18 11:16:41,78100.0,100,Buy,224247795
2024-07-18 11:16:41,78100.0,300,Sell,224247782
2024-07-18 11:16:41,78100.0,100,Sell,224247781
2024-07-18 11:16:41,78100.0,100,Sell,224247780
2024-07-18 11:16:41,78100.0,500,Sell,224247779
2024-07-18 11:16:41,78100.0,100,Sell,224247778
2024-07-18 11:16:41,78100.0,200,Sell,224247777
2024-07-18 11:16:41,78100.0,600,Sell,224247776
2024-07-18 11:16:41,78100.0,100,Sell,224247774
2024-07-18 11:16:41,78100.0,100,Sell,224247773
2024-07-18 11:16:41,78100.0,100,Sell,224247772
2024-07-18 11:16:41,78100.0,100,Sell,224247771
2024-07-18 11:16:41,78100.0,400,Sell,224247770
2024-07-18 11:16:41,78100.0,500,Sell,224247769
2024-07-18 11:16:41,78100.0,100,Sell,224247768
2024-07-18 11:16:41,78100.0,300,Sell,224247767
2024-07-18 11:16:41,78100.0,1000,Sell,224247766
2024-07-18 11:16:41,78100.0,100,Sell,224247775
2024-07-18 11:16:48,78100.0,200,Buy,224247948
2024-07-18 11:16:48,78100.0,100,Buy,224247949
2024-07-18 11:16:50,78000.0,100,Sell,224248008
2024-07-18 11:16:50,78000.0,900,Sell,224248010
2024-07-18 11:16:50,78000.0,200,Sell,224248009
2024-07-18 11:16:50,78000.0,100,Sell,224248007
2024-07-18 11:16:50,78000.0,100,Sell,224248005
2024-07-18 11:16:50,78000.0,300,Sell,224248004
2024-07-18 11:16:50,78000.0,200,Sell,224248003
2024-07-18 11:16:50,78000.0,100,Sell,224248006
2024-07-18 11:16:58,78000.0,100,Sell,224248161
2024-07-18 11:16:58,78000.0,100,Sell,224248162
2024-07-18 11:16:58,78000.0,1000,Sell,224248163
2024-07-18 11:16:58,78000.0,200,Sell,224248164
2024-07-18 11:16:58,78000.0,200,Sell,224248165
2024-07-18 11:16:58,78000.0,300,Sell,224248166
2024-07-18 11:16:58,78000.0,900,Sell,224248167
2024-07-18 11:17:09,78100.0,900,Buy,224248339
2024-07-18 11:17:16,78000.0,100,Sell,224248464
2024-07-18 11:17:16,78000.0,100,Sell,224248465
2024-07-18 11:17:25,78000.0,400,Sell,224248598
2024-07-18 11:17:25,78000.0,600,Sell,224248599
2024-07-18 11:17:59,78100.0,200,Buy,224249558
2024-07-18 11:18:11,78000.0,200,Sell,224249846
2024-07-18 11:18:11,78000.0,400,Sell,224249845
2024-07-18 11:18:14,78100.0,2700,Buy,224249907
2024-07-18 11:18:15,78100.0,100,Buy,224249929
2024-07-18 11:18:20,78100.0,200,Buy,224250114
2024-07-18 11:18:28,78100.0,100,Buy,224250239
2024-07-18 11:18:36,78100.0,500,Buy,224250470
2024-07-18 11:18:37,78100.0,100,Buy,224250490
2024-07-18 11:18:40,78100.0,100,Buy,224250512
2024-07-18 11:18:40,78100.0,100,Buy,224250513
2024-07-18 11:19:42,78200.0,500,Buy,224251814
2024-07-18 11:20:00,78200.0,200,Buy,224252174
2024-07-18 11:20:01,78100.0,100,Sell,224252211
2024-07-18 11:20:02,78100.0,300,Sell,224252224
2024-07-18 11:20:02,78100.0,200,Sell,224252223
2024-07-18 11:20:02,78100.0,100,Sell,224252226
2024-07-18 11:20:02,78100.0,2700,Sell,224252225
2024-07-18 11:20:02,78100.0,5000,Sell,224252222
2024-07-18 11:20:02,78100.0,200,Sell,224252221
2024-07-18 11:20:02,78100.0,100,Sell,224252220
2024-07-18 11:20:02,78100.0,500,Sell,224252216
2024-07-18 11:20:02,78100.0,5000,Sell,224252217
2024-07-18 11:20:02,78100.0,200,Sell,224252215
2024-07-18 11:20:02,78100.0,100,Sell,224252219
2024-07-18 11:20:02,78100.0,500,Sell,224252218
2024-07-18 11:20:15,78200.0,500,Buy,224252461
2024-07-18 11:20:20,78100.0,100,Sell,224252554
2024-07-18 11:20:20,78100.0,500,Sell,224252555
2024-07-18 11:20:23,78100.0,600,Buy,224252614
2024-07-18 11:20:32,78100.0,200,Buy,224252784
2024-07-18 11:20:59,78200.0,100,Buy,224253287
2024-07-18 11:21:16,78200.0,500,Buy,224253674
2024-07-18 11:21:28,78200.0,1000,Buy,224253928
2024-07-18 11:21:31,78100.0,100,Sell,224253989
2024-07-18 11:21:31,78100.0,100,Sell,224253990
2024-07-18 11:21:31,78100.0,100,Sell,224253991
2024-07-18 11:21:31,78100.0,500,Sell,224253992
2024-07-18 11:21:31,78100.0,300,Sell,224253993
2024-07-18 11:21:37,78100.0,200,Buy,224254073
2024-07-18 11:21:41,78100.0,100,Buy,224254170
2024-07-18 11:21:46,78100.0,200,Buy,224254280
2024-07-18 11:21:50,78100.0,400,Buy,224254383
2024-07-18 11:22:09,78100.0,600,Sell,224254634
2024-07-18 11:22:19,78100.0,100,Sell,224254817
2024-07-18 11:22:19,78100.0,200,Sell,224254818
2024-07-18 11:22:36,78200.0,100,Buy,224255146
2024-07-18 11:22:46,78200.0,200,Buy,224255299
2024-07-18 11:22:46,78200.0,1300,Buy,224255300
2024-07-18 11:22:59,78200.0,500,Buy,224255522
2024-07-18 11:23:05,78200.0,300,Buy,224255650
2024-07-18 11:23:08,78200.0,200,Buy,224255691
2024-07-18 11:23:23,78200.0,200,Buy,224255976
2024-07-18 11:23:28,78200.0,100,Buy,224256067
2024-07-18 11:23:44,78200.0,100,Buy,224256328
2024-07-18 11:24:17,78200.0,100,Buy,224256913
2024-07-18 11:24:20,78200.0,300,Buy,224256945
2024-07-18 11:24:20,78200.0,200,Buy,224256944
2024-07-18 11:24:30,78200.0,200,Buy,224257109
2024-07-18 11:24:30,78200.0,200,Buy,224257110
2024-07-18 11:24:39,78200.0,400,Buy,224257241
2024-07-18 11:24:39,78200.0,1600,Buy,224257242
2024-07-18 11:24:40,78200.0,2000,Buy,224257287
2024-07-18 11:24:44,78200.0,2000,Buy,224257327
2024-07-18 11:24:50,78200.0,2000,Buy,224257434
2024-07-18 11:24:50,78200.0,400,Buy,224257436
2024-07-18 11:24:50,78200.0,600,Buy,224257437
2024-07-18 11:24:58,78200.0,500,Buy,224257610
2024-07-18 11:24:59,78200.0,2000,Buy,224257613
2024-07-18 11:25:00,78200.0,900,Buy,224257685
2024-07-18 11:25:00,78200.0,100,Buy,224257683
2024-07-18 11:25:00,78200.0,1000,Buy,224257684
2024-07-18 11:25:00,78200.0,2000,Buy,224257681
2024-07-18 11:25:00,78200.0,2000,Buy,224257652
2024-07-18 11:25:00,78200.0,1700,Buy,224257682
2024-07-18 11:25:06,78300.0,2000,Buy,224257810
2024-07-18 11:25:07,78300.0,1900,Buy,224257827
2024-07-18 11:25:07,78300.0,800,Buy,224257828
2024-07-18 11:25:07,78300.0,1000,Buy,224257829
2024-07-18 11:25:15,78300.0,200,Sell,224258021
2024-07-18 11:25:15,78200.0,1000,Sell,224258022
2024-07-18 11:25:26,78200.0,300,Sell,224258202
2024-07-18 11:25:26,78200.0,500,Sell,224258203
2024-07-18 11:25:34,78200.0,1500,Sell,224258431
2024-07-18 11:25:34,78200.0,100,Sell,224258432
2024-07-18 11:25:34,78200.0,400,Sell,224258433
2024-07-18 11:26:07,78300.0,300,Sell,224259093
2024-07-18 11:26:07,78200.0,300,Sell,224259094
2024-07-18 11:26:39,78200.0,1000,Sell,224259717
2024-07-18 11:27:21,78200.0,1700,Sell,224260405
2024-07-18 11:27:21,78200.0,300,Sell,224260404
2024-07-18 11:27:37,78200.0,200,Sell,224260645
2024-07-18 11:28:28,78200.0,100,Sell,224261548
2024-07-18 11:28:40,78300.0,100,Buy,224261825
2024-07-18 11:29:35,78300.0,200,Sell,224262755
2024-07-18 12:59:40,78300.0,100,Sell,224263630
2024-07-18 12:59:40,78300.0,100,Sell,224263631
2024-07-18 12:59:40,78300.0,100,Sell,224263632
2024-07-18 12:59:44,78400.0,100,Buy,224265003
2024-07-18 12:59:49,78400.0,100,Buy,224266930
2024-07-18 12:59:50,78300.0,300,Sell,224267091
2024-07-18 12:59:51,78400.0,500,Buy,224267184
2024-07-18 12:59:57,78300.0,100,Sell,224268185
2024-07-18 13:00:00,78400.0,100,Buy,224268440
2024-07-18 13:00:01,78200.0,100,Sell,224268762
2024-07-18 13:00:01,78200.0,300,Sell,224268754
2024-07-18 13:00:01,78200.0,100,Sell,224268755
2024-07-18 13:00:01,78200.0,300,Sell,224268756
2024-07-18 13:00:01,78200.0,1000,Sell,224268757
2024-07-18 13:00:01,78200.0,100,Sell,224268758
2024-07-18 13:00:01,78200.0,200,Sell,224268759
2024-07-18 13:00:01,78200.0,1000,Sell,224268760
2024-07-18 13:00:01,78200.0,200,Sell,224268761
2024-07-18 13:00:01,78200.0,100,Sell,224268763
2024-07-18 13:00:01,78100.0,100,Sell,224268770
2024-07-18 13:00:01,78200.0,100,Sell,224268765
2024-07-18 13:00:01,78200.0,100,Sell,224268766
2024-07-18 13:00:01,78100.0,800,Sell,224268767
2024-07-18 13:00:01,78100.0,500,Sell,224268768
2024-07-18 13:00:01,78100.0,100,Sell,224268769
2024-07-18 13:00:01,78200.0,100,Sell,224268753
2024-07-18 13:00:01,78100.0,100,Sell,224268771
2024-07-18 13:00:01,78100.0,300,Sell,224268772
2024-07-18 13:00:01,78100.0,12300,Sell,224268773
2024-07-18 13:00:01,78100.0,100,Sell,224268774
2024-07-18 13:00:01,78200.0,100,Sell,224268764
2024-07-18 13:00:01,78200.0,1000,Sell,224268752
2024-07-18 13:00:01,78200.0,100,Sell,224268749
2024-07-18 13:00:01,78200.0,100,Sell,224268750
2024-07-18 13:00:01,78300.0,100,Sell,224268728
2024-07-18 13:00:01,78300.0,1000,Sell,224268729
2024-07-18 13:00:01,78300.0,500,Sell,224268730
2024-07-18 13:00:01,78300.0,100,Sell,224268731
2024-07-18 13:00:01,78300.0,100,Sell,224268732
2024-07-18 13:00:01,78300.0,100,Sell,224268733
2024-07-18 13:00:01,78300.0,100,Sell,224268734
2024-07-18 13:00:01,78200.0,100,Sell,224268751
2024-07-18 13:00:01,78300.0,100,Sell,224268736
2024-07-18 13:00:01,78300.0,100,Sell,224268737
2024-07-18 13:00:01,78300.0,700,Sell,224268738
2024-07-18 13:00:01,78300.0,200,Sell,224268735
2024-07-18 13:00:01,78300.0,300,Sell,224268740
2024-07-18 13:00:01,78300.0,1000,Sell,224268741
2024-07-18 13:00:01,78300.0,500,Sell,224268742
2024-07-18 13:00:01,78300.0,100,Sell,224268743
2024-07-18 13:00:01,78300.0,100,Sell,224268744
2024-07-18 13:00:01,78300.0,100,Sell,224268745
2024-07-18 13:00:01,78300.0,200,Sell,224268746
2024-07-18 13:00:01,78200.0,200,Sell,224268747
2024-07-18 13:00:01,78200.0,1000,Sell,224268748
2024-07-18 13:00:01,78300.0,1000,Sell,224268739
2024-07-18 13:00:06,78100.0,100,Sell,224269169
2024-07-18 13:00:06,78100.0,100,Sell,224269170
2024-07-18 13:00:06,78100.0,100,Sell,224269171
2024-07-18 13:00:06,78100.0,600,Sell,224269180
2024-07-18 13:00:06,78100.0,100,Sell,224269173
2024-07-18 13:00:06,78100.0,200,Sell,224269168
2024-07-18 13:00:06,78100.0,600,Sell,224269176
2024-07-18 13:00:06,78100.0,200,Sell,224269172
2024-07-18 13:00:06,78100.0,200,Sell,224269167
2024-07-18 13:00:06,78100.0,100,Sell,224269175
2024-07-18 13:00:06,78100.0,1000,Sell,224269165
2024-07-18 13:00:06,78100.0,1000,Sell,224269166
2024-07-18 13:00:06,78100.0,1900,Sell,224269157
2024-07-18 13:00:06,78100.0,300,Sell,224269158
2024-07-18 13:00:06,78100.0,100,Sell,224269159
2024-07-18 13:00:06,78100.0,300,Sell,224269174
2024-07-18 13:00:06,78100.0,200,Sell,224269160
2024-07-18 13:00:06,78100.0,2000,Sell,224269163
2024-07-18 13:00:06,78100.0,100,Sell,224269164
2024-07-18 13:00:06,78100.0,100,Sell,224269161
2024-07-18 13:00:06,78100.0,100,Sell,224269162
2024-07-18 13:00:22,78300.0,100,Sell,224269954
2024-07-18 13:01:13,78300.0,300,Sell,224271423
2024-07-18 13:01:18,78200.0,100,Sell,224271557
2024-07-18 13:01:18,78100.0,4900,Sell,224271560
2024-07-18 13:01:24,78300.0,100,Buy,224271772
2024-07-18 13:01:27,78300.0,600,Buy,224271943
2024-07-18 13:01:27,78300.0,400,Buy,224271944
2024-07-18 13:02:49,78300.0,100,Buy,224275255
2024-07-18 13:02:58,78300.0,100,Buy,224275533
2024-07-18 13:02:58,78300.0,400,Buy,224275534
2024-07-18 13:03:16,78400.0,200,Buy,224276829
2024-07-18 13:03:37,78400.0,300,Buy,224277520
2024-07-18 13:03:38,78400.0,100,Buy,224277536
2024-07-18 13:03:43,78400.0,100,Buy,224277790
2024-07-18 13:03:59,78400.0,100,Sell,224278397
2024-07-18 13:03:59,78400.0,100,Sell,224278396
2024-07-18 13:03:59,78400.0,400,Sell,224278394
2024-07-18 13:03:59,78400.0,100,Sell,224278395
2024-07-18 13:04:04,78300.0,100,Sell,224278573
2024-07-18 13:04:04,78300.0,500,Sell,224278574
2024-07-18 13:04:28,78400.0,300,Buy,224279755
2024-07-18 13:04:28,78400.0,2400,Buy,224279756
2024-07-18 13:04:34,78400.0,100,Buy,224280011
2024-07-18 13:04:35,78300.0,100,Sell,224280048
2024-07-18 13:04:44,78300.0,400,Sell,224280418
2024-07-18 13:04:44,78300.0,500,Sell,224280419
2024-07-18 13:04:44,78300.0,800,Sell,224280420
2024-07-18 13:04:47,78400.0,300,Buy,224280530
2024-07-18 13:04:55,78400.0,100,Buy,224280832
2024-07-18 13:05:04,78400.0,100,Buy,224281194
2024-07-18 13:05:04,78400.0,200,Buy,224281195
2024-07-18 13:05:26,78400.0,100,Buy,224282274
2024-07-18 13:05:37,78300.0,500,Sell,224282749
2024-07-18 13:05:37,78300.0,100,Sell,224282751
2024-07-18 13:05:37,78300.0,200,Sell,224282748
2024-07-18 13:05:37,78300.0,100,Sell,224282750
2024-07-18 13:05:45,78300.0,2000,Buy,224283173
2024-07-18 13:06:07,78300.0,100,Buy,224284084
2024-07-18 13:06:16,78300.0,400,Buy,224284528
2024-07-18 13:06:16,78300.0,100,Buy,224284529
2024-07-18 13:06:17,78300.0,1000,Buy,224284546
2024-07-18 13:06:28,78300.0,900,Buy,224285053
2024-07-18 13:06:28,78300.0,2000,Buy,224285054
2024-07-18 13:06:28,78300.0,200,Buy,224285055
2024-07-18 13:06:33,78300.0,200,Sell,224285274
2024-07-18 13:06:33,78300.0,1700,Sell,224285293
2024-07-18 13:06:33,78300.0,300,Sell,224285294
2024-07-18 13:06:42,78400.0,1000,Buy,224285683
2024-07-18 13:06:42,78400.0,2700,Buy,224285681
2024-07-18 13:06:42,78400.0,200,Buy,224285682
2024-07-18 13:06:44,78300.0,400,Sell,224285759
2024-07-18 13:06:44,78400.0,1100,Sell,224285758
2024-07-18 13:06:53,78300.0,500,Sell,224286302
2024-07-18 13:07:06,78300.0,200,Sell,224286750
2024-07-18 13:07:16,78400.0,500,Buy,224287155
2024-07-18 13:07:17,78400.0,1000,Buy,224287191
2024-07-18 13:07:19,78400.0,100,Buy,224287283
2024-07-18 13:07:26,78400.0,100,Buy,224287578
2024-07-18 13:07:36,78400.0,200,Buy,224288025
2024-07-18 13:07:36,78400.0,300,Buy,224288024
2024-07-18 13:07:44,78400.0,1000,Buy,224288497
2024-07-18 13:07:53,78400.0,100,Buy,224289117
2024-07-18 13:08:02,78300.0,600,Sell,224289518
2024-07-18 13:08:11,78300.0,200,Sell,224289823
2024-07-18 13:08:24,78400.0,200,Buy,224290263
2024-07-18 13:08:28,78400.0,200,Buy,224290514
2024-07-18 13:08:37,78400.0,300,Buy,224290900
2024-07-18 13:08:37,78400.0,300,Buy,224290898
2024-07-18 13:08:37,78400.0,400,Buy,224290899
2024-07-18 13:08:42,78500.0,2000,Buy,224291120
2024-07-18 13:08:42,78500.0,1000,Buy,224291121
2024-07-18 13:08:42,78500.0,100,Buy,224291122
2024-07-18 13:08:42,78500.0,100,Buy,224291123
2024-07-18 13:08:42,78500.0,1300,Buy,224291124
2024-07-18 13:08:42,78500.0,500,Buy,224291119
2024-07-18 13:08:44,78500.0,700,Buy,224291215
2024-07-18 13:08:53,78600.0,1000,Buy,224291465
2024-07-18 13:08:53,78600.0,300,Buy,224291466
2024-07-18 13:08:53,78600.0,1900,Buy,224291464
2024-07-18 13:09:11,78600.0,300,Sell,224292248
2024-07-18 13:09:12,78600.0,500,Sell,224292281
2024-07-18 13:09:14,78600.0,100,Sell,224292378
2024-07-18 13:09:16,78600.0,100,Sell,224292433
2024-07-18 13:09:16,78600.0,900,Sell,224292432
2024-07-18 13:09:23,78600.0,300,Sell,224292658
2024-07-18 13:09:23,78600.0,300,Sell,224292636
2024-07-18 13:09:28,78600.0,200,Sell,224292941
2024-07-18 13:09:44,78500.0,100,Sell,224293512
2024-07-18 13:09:44,78500.0,1000,Sell,224293513
2024-07-18 13:09:44,78500.0,500,Sell,224293514
2024-07-18 13:09:44,78500.0,100,Sell,224293515
2024-07-18 13:10:02,78500.0,300,Buy,224294127
2024-07-18 13:10:15,78400.0,1000,Sell,224294579
2024-07-18 13:10:16,78500.0,200,Buy,224294655
2024-07-18 13:10:48,78500.0,500,Buy,224295764
2024-07-18 13:10:56,78500.0,500,Sell,224296062
2024-07-18 13:10:59,78500.0,300,Buy,224296160
2024-07-18 13:11:42,78500.0,700,Sell,224297598
2024-07-18 13:11:42,78500.0,600,Sell,224297599
2024-07-18 13:11:42,78500.0,100,Sell,224297600
2024-07-18 13:11:42,78500.0,100,Sell,224297601
2024-07-18 13:11:45,78500.0,300,Sell,224297700
2024-07-18 13:11:45,78400.0,300,Sell,224297701
2024-07-18 13:11:45,78500.0,900,Sell,224297698
2024-07-18 13:11:45,78500.0,500,Sell,224297699
2024-07-18 13:12:00,78400.0,600,Sell,224298273
2024-07-18 13:12:46,78500.0,1000,Buy,224299949
2024-07-18 13:13:26,78600.0,200,Buy,224301172
2024-07-18 13:13:26,78600.0,100,Buy,224301173
2024-07-18 13:13:26,78600.0,100,Buy,224301174
2024-07-18 13:13:26,78600.0,300,Buy,224301175
2024-07-18 13:13:35,78600.0,100,Sell,224301442
2024-07-18 13:13:57,78500.0,200,Sell,224302006
2024-07-18 13:13:57,78500.0,100,Sell,224302005
2024-07-18 13:13:57,78600.0,200,Sell,224302003
2024-07-18 13:13:57,78600.0,200,Sell,224302004
2024-07-18 13:14:05,78600.0,100,Sell,224302209
2024-07-18 13:14:14,78700.0,1000,Buy,224302457
2024-07-18 13:14:14,78700.0,1000,Buy,224302458
2024-07-18 13:14:33,78700.0,300,Sell,224303075
2024-07-18 13:14:35,78900.0,100,Buy,224303145
2024-07-18 13:14:35,78900.0,200,Buy,224303144
2024-07-18 13:14:35,78800.0,100,Buy,224303142
2024-07-18 13:14:35,78900.0,300,Buy,224303143
2024-07-18 13:14:35,78800.0,300,Buy,224303141
2024-07-18 13:14:57,79000.0,1000,Buy,224303990
2024-07-18 13:15:11,78900.0,200,Sell,224304384
2024-07-18 13:15:13,78900.0,100,Sell,224304451
2024-07-18 13:15:13,78900.0,100,Sell,224304452
2024-07-18 13:15:18,78900.0,400,Sell,224304625
2024-07-18 13:15:23,78900.0,300,Sell,224304807
2024-07-18 13:15:35,78900.0,200,Sell,224305067
2024-07-18 13:15:41,78900.0,300,Sell,224305308
2024-07-18 13:15:46,79000.0,500,Buy,224305417
2024-07-18 13:15:46,79000.0,100,Buy,224305418
2024-07-18 13:15:46,79000.0,100,Buy,224305419
2024-07-18 13:15:58,78900.0,200,Sell,224305853
2024-07-18 13:15:58,78900.0,100,Sell,224305852
2024-07-18 13:15:58,78900.0,300,Sell,224305851
2024-07-18 13:16:11,79000.0,100,Buy,224306235
2024-07-18 13:16:11,79000.0,1000,Buy,224306234
2024-07-18 13:16:11,79000.0,900,Buy,224306233
2024-07-18 13:16:12,79000.0,100,Buy,224306259
2024-07-18 13:16:12,79000.0,500,Buy,224306257
2024-07-18 13:16:12,79000.0,500,Buy,224306258
2024-07-18 13:16:13,79000.0,300,Sell,224306310
2024-07-18 13:16:40,79000.0,1600,Sell,224306985
2024-07-18 13:16:40,79000.0,2000,Sell,224306986
2024-07-18 13:16:40,79000.0,100,Sell,224306987
2024-07-18 13:16:40,79000.0,500,Sell,224306988
2024-07-18 13:16:40,79000.0,200,Sell,224306989
2024-07-18 13:16:59,79000.0,600,Buy,224307558
2024-07-18 13:16:59,79000.0,100,Buy,224307559
2024-07-18 13:16:59,79000.0,400,Buy,224307560
2024-07-18 13:16:59,79000.0,500,Buy,224307561
2024-07-18 13:17:04,79000.0,100,Sell,224307672
2024-07-18 13:17:06,78900.0,500,Sell,224307746
2024-07-18 13:17:06,78900.0,500,Sell,224307744
2024-07-18 13:17:06,78900.0,100,Sell,224307745
2024-07-18 13:17:06,78900.0,800,Sell,224307742
2024-07-18 13:17:06,79000.0,3300,Sell,224307740
2024-07-18 13:17:06,78900.0,700,Sell,224307743
2024-07-18 13:17:06,79000.0,3500,Sell,224307741
2024-07-18 13:17:07,78900.0,500,Buy,224307751
2024-07-18 13:17:26,78800.0,100,Sell,224308353
2024-07-18 13:17:28,78800.0,400,Sell,224308427
2024-07-18 13:17:28,78800.0,200,Sell,224308428
2024-07-18 13:17:29,78800.0,100,Buy,224308502
2024-07-18 13:17:45,78800.0,100,Buy,224308972
2024-07-18 13:17:47,78800.0,300,Buy,224309057
2024-07-18 13:17:56,78700.0,800,Sell,224309235
2024-07-18 13:17:56,78700.0,200,Sell,224309236
2024-07-18 13:17:56,78700.0,1500,Sell,224309237
2024-07-18 13:17:56,78700.0,500,Sell,224309238
2024-07-18 13:17:56,78700.0,300,Sell,224309239
2024-07-18 13:17:58,78700.0,400,Buy,224309267
2024-07-18 13:18:02,78700.0,200,Buy,224309380
2024-07-18 13:18:07,78600.0,200,Sell,224309493
2024-07-18 13:18:07,78600.0,100,Sell,224309492
2024-07-18 13:18:18,78600.0,200,Buy,224309784
2024-07-18 13:18:18,78600.0,1000,Buy,224309785
2024-07-18 13:18:20,78600.0,700,Sell,224309834
2024-07-18 13:18:20,78500.0,2000,Sell,224309835
2024-07-18 13:18:20,78500.0,500,Sell,224309836
2024-07-18 13:18:20,78500.0,500,Sell,224309837
2024-07-18 13:18:20,78500.0,500,Sell,224309838
2024-07-18 13:18:21,78500.0,1800,Sell,224309840
2024-07-18 13:18:21,78500.0,100,Sell,224309842
2024-07-18 13:18:21,78500.0,100,Sell,224309841
2024-07-18 13:19:37,78600.0,100,Sell,224312152
2024-07-18 13:19:56,78600.0,100,Sell,224312806
2024-07-18 13:19:56,78600.0,100,Sell,224312807
2024-07-18 13:19:56,78600.0,300,Sell,224312808
2024-07-18 13:19:56,78600.0,100,Sell,224312809
2024-07-18 13:19:58,78600.0,100,Buy,224312918
2024-07-18 13:19:58,78500.0,900,Sell,224312874
2024-07-18 13:20:01,78600.0,300,Sell,224313114
2024-07-18 13:20:03,78800.0,500,Buy,224313154
2024-07-18 13:20:04,78800.0,2400,Buy,224313165
2024-07-18 13:20:04,78800.0,500,Buy,224313166
2024-07-18 13:20:21,78800.0,100,Buy,224313639
2024-07-18 13:20:28,78700.0,100,Sell,224313937
2024-07-18 13:20:44,78700.0,100,Sell,224314415
2024-07-18 13:20:50,78700.0,100,Sell,224314750
2024-07-18 13:20:52,78900.0,2000,Buy,224314801
2024-07-18 13:20:52,78900.0,2000,Buy,224314800
2024-07-18 13:20:52,78800.0,600,Buy,224314798
2024-07-18 13:20:52,78800.0,100,Buy,224314799
2024-07-18 13:21:07,78900.0,200,Sell,224315199
2024-07-18 13:21:37,78900.0,100,Sell,224316240
2024-07-18 13:21:44,78900.0,400,Sell,224316492
2024-07-18 13:21:47,78900.0,100,Sell,224316554
2024-07-18 13:22:25,78900.0,500,Buy,224317775
2024-07-18 13:23:19,78700.0,100,Sell,224320065
2024-07-18 13:23:19,78700.0,100,Sell,224320063
2024-07-18 13:23:19,78700.0,100,Sell,224320064
2024-07-18 13:23:21,78700.0,400,Buy,224320107
2024-07-18 13:23:43,78700.0,500,Buy,224321051
2024-07-18 13:23:46,78700.0,100,Buy,224321211
2024-07-18 13:23:55,78600.0,600,Sell,224321542
2024-07-18 13:24:04,78700.0,100,Buy,224321984
2024-07-18 13:24:17,78600.0,1000,Sell,224322689
2024-07-18 13:24:28,78600.0,500,Sell,224323144
2024-07-18 13:24:38,78600.0,500,Sell,224323379
2024-07-18 13:24:44,78600.0,1000,Sell,224323642
2024-07-18 13:25:01,78600.0,1000,Sell,224324374
2024-07-18 13:25:05,78600.0,100,Sell,224324536
2024-07-18 13:25:13,78600.0,300,Sell,224324788
2024-07-18 13:25:53,78700.0,100,Buy,224326043
2024-07-18 13:25:56,78700.0,500,Buy,224326191
2024-07-18 13:26:23,78700.0,100,Buy,224327029
2024-07-18 13:27:01,78700.0,1300,Buy,224328160
2024-07-18 13:27:01,78700.0,2000,Buy,224328159
2024-07-18 13:27:01,78700.0,100,Buy,224328157
2024-07-18 13:27:01,78700.0,100,Buy,224328158
2024-07-18 13:27:08,78700.0,200,Buy,224328348
2024-07-18 13:27:09,78700.0,500,Buy,224328362
2024-07-18 13:27:09,78700.0,300,Buy,224328363
2024-07-18 13:27:14,78800.0,600,Buy,224328515
2024-07-18 13:27:38,78800.0,100,Buy,224329252
2024-07-18 13:27:50,78800.0,100,Buy,224329672
2024-07-18 13:27:53,78800.0,100,Sell,224329753
2024-07-18 13:27:53,78700.0,400,Sell,224329754
2024-07-18 13:27:53,78600.0,100,Sell,224329755
2024-07-18 13:28:30,78800.0,300,Sell,224330749
2024-07-18 13:29:18,78800.0,100,Sell,224331986
2024-07-18 13:29:18,78800.0,100,Sell,224331987
2024-07-18 13:29:18,78800.0,300,Sell,224331988
2024-07-18 13:29:22,78800.0,100,Sell,224332130
2024-07-18 13:29:27,78900.0,400,Buy,224332292
2024-07-18 13:29:27,78900.0,100,Buy,224332291
2024-07-18 13:29:34,78900.0,100,Buy,224332548
2024-07-18 13:29:45,78900.0,100,Buy,224332966
2024-07-18 13:29:47,78900.0,100,Buy,224333012
2024-07-18 13:29:47,78900.0,1000,Buy,224333013
2024-07-18 13:29:48,78900.0,800,Buy,224333025
2024-07-18 13:29:49,78900.0,200,Buy,224333030
2024-07-18 13:29:57,78900.0,300,Buy,224333362
2024-07-18 13:29:57,78900.0,200,Buy,224333363
2024-07-18 13:30:18,78900.0,100,Buy,224333926
2024-07-18 13:30:18,78900.0,100,Buy,224333927
2024-07-18 13:30:18,78900.0,100,Buy,224333928
2024-07-18 13:30:27,78900.0,400,Sell,224334248
2024-07-18 13:30:34,78900.0,100,Sell,224334482
2024-07-18 13:30:46,78800.0,100,Sell,224334862
2024-07-18 13:30:46,78800.0,100,Sell,224334860
2024-07-18 13:30:46,78800.0,300,Sell,224334861
2024-07-18 13:30:46,78800.0,200,Sell,224334858
2024-07-18 13:30:46,78800.0,600,Sell,224334857
2024-07-18 13:30:46,78800.0,500,Sell,224334859
2024-07-18 13:30:47,78800.0,100,Buy,224334880
2024-07-18 13:30:47,78800.0,100,Buy,224334881
2024-07-18 13:31:51,78600.0,500,Sell,224337162
2024-07-18 13:31:51,78600.0,100,Sell,224337163
2024-07-18 13:33:00,78800.0,8000,Buy,224339657
2024-07-18 13:33:00,78800.0,200,Buy,224339658
2024-07-18 13:33:03,78900.0,400,Buy,224339760
2024-07-18 13:33:08,78800.0,100,Sell,224339949
2024-07-18 13:33:38,78900.0,500,Buy,224340997
2024-07-18 13:33:49,78900.0,100,Buy,224341343
2024-07-18 13:33:54,78900.0,100,Buy,224341487
2024-07-18 13:34:07,78900.0,100,Buy,224341996
2024-07-18 13:34:07,78900.0,100,Buy,224341997
2024-07-18 13:34:11,78900.0,500,Buy,224342122
2024-07-18 13:34:17,78900.0,1000,Buy,224342435
2024-07-18 13:34:28,78900.0,2000,Buy,224342867
2024-07-18 13:34:28,78900.0,400,Buy,224342866
2024-07-18 13:34:38,78700.0,800,Sell,224343259
2024-07-18 13:34:38,78800.0,500,Sell,224343258
2024-07-18 13:34:38,78800.0,100,Sell,224343257
2024-07-18 13:34:38,78900.0,600,Sell,224343253
2024-07-18 13:34:38,78800.0,1000,Sell,224343255
2024-07-18 13:34:38,78800.0,100,Sell,224343256
2024-07-18 13:34:38,78800.0,200,Sell,224343254
2024-07-18 13:35:14,78900.0,1000,Buy,224344612
2024-07-18 13:35:14,78900.0,1000,Buy,224344614
2024-07-18 13:35:36,78900.0,1000,Sell,224345261
2024-07-18 13:35:41,79000.0,200,Buy,224345416
2024-07-18 13:35:49,78900.0,500,Sell,224345659
2024-07-18 13:35:49,78900.0,100,Sell,224345660
2024-07-18 13:36:00,79000.0,500,Buy,224346045
2024-07-18 13:36:18,79000.0,100,Buy,224346573
2024-07-18 13:36:18,79000.0,100,Buy,224346584
2024-07-18 13:36:40,79000.0,100,Buy,224347193
2024-07-18 13:36:40,79000.0,200,Buy,224347194
2024-07-18 13:36:40,79000.0,1000,Buy,224347195
2024-07-18 13:36:40,79000.0,800,Buy,224347196
2024-07-18 13:36:41,79000.0,200,Buy,224347235
2024-07-18 13:36:41,79000.0,100,Buy,224347236
2024-07-18 13:36:41,79000.0,1000,Buy,224347237
2024-07-18 13:36:41,79000.0,100,Buy,224347238
2024-07-18 13:36:46,79100.0,1900,Buy,224347372
2024-07-18 13:36:46,79100.0,100,Buy,224347371
2024-07-18 13:36:47,79100.0,100,Buy,224347423
2024-07-18 13:36:47,79100.0,1900,Buy,224347424
2024-07-18 13:36:48,79100.0,100,Buy,224347465
2024-07-18 13:36:56,79200.0,100,Buy,224347713
2024-07-18 13:36:56,79200.0,1000,Buy,224347714
2024-07-18 13:36:56,79200.0,900,Buy,224347715
2024-07-18 13:36:58,79100.0,200,Buy,224347769
2024-07-18 13:37:02,79200.0,100,Buy,224347877
2024-07-18 13:37:10,79300.0,100,Buy,224348153
2024-07-18 13:37:10,79300.0,4300,Buy,224348154
2024-07-18 13:37:22,79300.0,100,Buy,224348498
2024-07-18 13:37:27,79300.0,100,Buy,224348668
2024-07-18 13:37:34,79300.0,500,Buy,224348845
2024-07-18 13:37:34,79300.0,400,Buy,224348846
2024-07-18 13:37:35,79300.0,500,Buy,224348889
2024-07-18 13:37:36,79400.0,100,Buy,224348903
2024-07-18 13:37:36,79300.0,100,Buy,224348902
2024-07-18 13:37:36,79500.0,300,Buy,224348904
2024-07-18 13:37:51,79500.0,100,Buy,224349363
2024-07-18 13:37:51,79500.0,200,Buy,224349364
2024-07-18 13:37:51,79500.0,700,Buy,224349365
2024-07-18 13:38:11,79500.0,200,Buy,224349986
2024-07-18 13:38:37,79500.0,100,Buy,224350829
2024-07-18 13:38:37,79500.0,200,Buy,224350830
2024-07-18 13:38:45,79300.0,400,Sell,224351091
2024-07-18 13:38:45,79500.0,100,Buy,224351092
2024-07-18 13:38:51,79500.0,100,Buy,224351211
2024-07-18 13:38:54,79500.0,500,Buy,224351320
2024-07-18 13:39:14,79500.0,200,Buy,224351987
2024-07-18 13:39:18,79500.0,100,Buy,224352067
2024-07-18 13:39:22,79500.0,100,Buy,224352188
2024-07-18 13:39:45,79500.0,700,Buy,224352892
2024-07-18 13:39:47,79300.0,600,Sell,224352958
2024-07-18 13:40:23,79500.0,100,Buy,224353966
2024-07-18 13:40:27,79500.0,3000,Buy,224354098
2024-07-18 13:40:34,79500.0,1900,Buy,224354289
2024-07-18 13:40:34,79500.0,100,Buy,224354290
2024-07-18 13:40:34,79500.0,500,Buy,224354291
2024-07-18 13:40:34,79500.0,400,Buy,224354292
2024-07-18 13:40:34,79500.0,300,Buy,224354293
2024-07-18 13:40:34,79400.0,6700,Sell,224354298
2024-07-18 13:40:38,79500.0,600,Sell,224354427
2024-07-18 13:40:41,79500.0,300,Sell,224354500
2024-07-18 13:41:04,79500.0,200,Sell,224355215
2024-07-18 13:41:10,79600.0,500,Buy,224355347
2024-07-18 13:41:13,79600.0,100,Sell,224355462
2024-07-18 13:41:15,79600.0,100,Buy,224355551
2024-07-18 13:41:30,79500.0,100,Sell,224355952
2024-07-18 13:41:30,79500.0,3900,Sell,224355950
2024-07-18 13:41:30,79500.0,2000,Sell,224355951
2024-07-18 13:41:38,79600.0,1000,Buy,224356187
2024-07-18 13:41:38,80000.0,3600,Buy,224356197
2024-07-18 13:41:38,80000.0,300,Buy,224356196
2024-07-18 13:41:38,80000.0,500,Buy,224356195
2024-07-18 13:41:38,80000.0,300,Buy,224356194
2024-07-18 13:41:38,80000.0,300,Buy,224356193
2024-07-18 13:41:38,79600.0,800,Buy,224356186
2024-07-18 13:41:38,80000.0,1000,Buy,224356191
2024-07-18 13:41:38,80000.0,400,Buy,224356190
2024-07-18 13:41:38,79900.0,100,Buy,224356189
2024-07-18 13:41:38,79800.0,100,Buy,224356188
2024-07-18 13:41:38,80000.0,600,Buy,224356192
2024-07-18 13:41:47,79900.0,100,Sell,224356427
2024-07-18 13:41:58,80000.0,1400,Buy,224356782
2024-07-18 13:41:58,80000.0,600,Buy,224356783
2024-07-18 13:42:17,80000.0,100,Buy,224357345
2024-07-18 13:42:58,79900.0,100,Buy,224358473
2024-07-18 13:43:12,79800.0,1200,Sell,224358830
2024-07-18 13:43:38,79600.0,200,Sell,224359625
2024-07-18 13:43:45,79500.0,100,Sell,224359830
2024-07-18 13:43:45,79500.0,100,Sell,224359831
2024-07-18 13:43:45,79500.0,100,Sell,224359833
2024-07-18 13:43:45,79500.0,200,Sell,224359834
2024-07-18 13:43:45,79500.0,100,Sell,224359832
2024-07-18 13:43:59,79500.0,800,Sell,224360316
2024-07-18 13:43:59,79500.0,200,Sell,224360317
2024-07-18 13:45:43,79700.0,100,Buy,224363479
2024-07-18 13:46:26,79800.0,1000,Buy,224364501
2024-07-18 13:46:34,79800.0,1000,Buy,224364666
2024-07-18 13:46:44,79800.0,500,Buy,224364907
2024-07-18 13:46:57,79800.0,100,Buy,224365210
2024-07-18 13:47:05,79800.0,400,Buy,224365543
2024-07-18 13:47:15,79500.0,400,Sell,224365784
2024-07-18 13:47:15,79500.0,100,Sell,224365785
2024-07-18 13:47:15,79500.0,200,Sell,224365783
2024-07-18 13:47:15,79600.0,200,Sell,224365781
2024-07-18 13:47:15,79500.0,100,Sell,224365782
2024-07-18 13:47:44,79500.0,100,Sell,224366381
2024-07-18 13:47:44,79500.0,300,Sell,224366382
2024-07-18 13:47:44,79500.0,200,Sell,224366380
2024-07-18 13:48:26,79500.0,200,Sell,224367448
2024-07-18 13:48:26,79500.0,900,Sell,224367449
2024-07-18 13:48:48,79400.0,100,Sell,224367951
2024-07-18 13:48:48,79400.0,200,Sell,224367952
2024-07-18 13:48:59,79400.0,200,Buy,224368218
2024-07-18 13:49:30,79300.0,200,Sell,224369029
2024-07-18 13:49:30,79300.0,200,Sell,224369030
2024-07-18 13:49:30,79300.0,100,Sell,224369031
2024-07-18 13:49:30,79300.0,300,Sell,224369032
2024-07-18 13:49:30,79300.0,200,Sell,224369033
2024-07-18 13:50:08,79400.0,200,Buy,224370035
2024-07-18 13:50:08,79500.0,100,Buy,224370036
2024-07-18 13:50:19,79300.0,300,Sell,224370247
2024-07-18 13:50:36,79300.0,500,Sell,224370622
2024-07-18 13:50:36,79300.0,400,Sell,224370623
2024-07-18 13:50:36,79300.0,100,Sell,224370621
2024-07-18 13:50:53,79300.0,600,Sell,224371108
2024-07-18 13:50:54,79300.0,100,Sell,224371147
2024-07-18 13:50:54,79300.0,400,Sell,224371148
2024-07-18 13:51:00,79300.0,100,Buy,224371304
2024-07-18 13:51:21,79300.0,400,Buy,224372102
2024-07-18 13:51:42,79200.0,600,Sell,224372778
2024-07-18 13:51:44,79300.0,600,Buy,224372814
2024-07-18 13:52:12,79400.0,200,Buy,224373678
2024-07-18 13:52:15,79300.0,200,Sell,224373849
2024-07-18 13:53:10,79300.0,200,Sell,224375622
2024-07-18 13:53:10,79300.0,100,Sell,224375623
2024-07-18 13:53:14,79200.0,300,Sell,224375842
2024-07-18 13:53:19,79300.0,100,Buy,224376018
2024-07-18 13:53:20,79200.0,5000,Sell,224376026
2024-07-18 13:53:20,79200.0,1600,Sell,224376025
2024-07-18 13:53:20,79200.0,100,Sell,224376029
2024-07-18 13:53:20,79200.0,100,Sell,224376027
2024-07-18 13:53:20,79200.0,1000,Sell,224376028
2024-07-18 13:53:34,79100.0,500,Sell,224376523
2024-07-18 13:53:41,79100.0,1000,Sell,224376750
2024-07-18 13:53:47,79000.0,1400,Sell,224376893
2024-07-18 13:53:47,79000.0,200,Sell,224376892
2024-07-18 13:53:47,79100.0,200,Sell,224376889
2024-07-18 13:53:47,79100.0,500,Sell,224376890
2024-07-18 13:53:47,79000.0,600,Sell,224376891
2024-07-18 13:53:54,79000.0,400,Sell,224377155
2024-07-18 13:54:03,79000.0,300,Sell,224377439
2024-07-18 13:54:12,79000.0,500,Sell,224377817
2024-07-18 13:54:12,79000.0,1000,Sell,224377816
2024-07-18 13:54:12,79000.0,100,Sell,224377815
2024-07-18 13:54:12,79000.0,27000,Sell,224377818
2024-07-18 13:54:12,79000.0,1000,Sell,224377813
2024-07-18 13:54:12,79000.0,100,Sell,224377812
2024-07-18 13:54:12,79000.0,100,Sell,224377811
2024-07-18 13:54:12,79000.0,300,Sell,224377814
2024-07-18 13:54:12,79000.0,2900,Sell,224377810
2024-07-18 13:54:15,79200.0,100,Buy,224377924
2024-07-18 13:54:16,79000.0,1000,Sell,224377955
2024-07-18 13:54:21,79000.0,100,Sell,224378158
2024-07-18 13:54:21,79000.0,100,Sell,224378159
2024-07-18 13:54:21,79000.0,500,Sell,224378161
2024-07-18 13:54:21,79000.0,300,Sell,224378162
2024-07-18 13:54:21,79000.0,2000,Sell,224378157
2024-07-18 13:54:21,79000.0,800,Sell,224378160
2024-07-18 13:54:26,79000.0,100,Sell,224378346
2024-07-18 13:54:26,79000.0,100,Sell,224378347
2024-07-18 13:54:37,79000.0,200,Sell,224378587
2024-07-18 13:54:37,79000.0,1000,Sell,224378588
2024-07-18 13:55:04,78900.0,800,Sell,224379376
2024-07-18 13:55:04,78900.0,200,Sell,224379374
2024-07-18 13:55:04,78900.0,200,Sell,224379375
2024-07-18 13:55:10,79000.0,200,Buy,224379495
2024-07-18 13:55:16,78900.0,200,Sell,224379625
2024-07-18 13:55:40,78800.0,300,Sell,224380372
2024-07-18 13:55:40,78900.0,200,Sell,224380370
2024-07-18 13:55:40,78900.0,100,Sell,224380371
2024-07-18 13:56:01,78800.0,100,Sell,224381068
2024-07-18 13:56:01,78800.0,900,Sell,224381069
2024-07-18 13:56:06,78800.0,100,Sell,224381378
2024-07-18 13:56:07,78900.0,100,Buy,224381407
2024-07-18 13:56:46,78900.0,100,Buy,224383000
2024-07-18 13:57:05,78800.0,100,Sell,224383737
2024-07-18 13:57:05,78800.0,100,Sell,224383738
2024-07-18 13:57:05,78800.0,500,Sell,224383739
2024-07-18 13:57:05,78800.0,300,Sell,224383740
2024-07-18 13:57:14,78800.0,100,Sell,224383996
2024-07-18 13:57:23,78800.0,100,Sell,224384569
2024-07-18 13:57:33,78700.0,100,Sell,224384989
2024-07-18 13:57:33,78700.0,200,Sell,224384987
2024-07-18 13:57:33,78700.0,100,Sell,224384988
2024-07-18 13:57:37,78800.0,100,Buy,224385162
2024-07-18 13:57:50,78800.0,400,Buy,224385627
2024-07-18 13:57:50,78800.0,500,Buy,224385628
2024-07-18 13:57:50,78800.0,100,Buy,224385629
2024-07-18 13:57:58,78800.0,500,Sell,224386095
2024-07-18 13:58:05,78800.0,500,Sell,224386446
2024-07-18 13:58:05,78800.0,500,Sell,224386447
2024-07-18 13:58:18,78800.0,100,Sell,224387166
2024-07-18 13:58:38,78800.0,200,Sell,224388277
2024-07-18 13:58:38,78800.0,300,Sell,224388276
2024-07-18 13:58:55,78800.0,100,Sell,224389315
2024-07-18 13:58:55,78800.0,400,Sell,224389316
2024-07-18 13:59:01,78700.0,200,Sell,224389655
2024-07-18 13:59:09,78700.0,700,Sell,224390233
2024-07-18 13:59:09,78700.0,100,Sell,224390234
2024-07-18 13:59:22,78700.0,900,Sell,224391305
2024-07-18 13:59:22,78700.0,100,Sell,224391306
2024-07-18 13:59:28,78700.0,100,Sell,224391850
2024-07-18 13:59:28,78600.0,400,Sell,224391851
2024-07-18 13:59:28,78600.0,300,Sell,224391852
2024-07-18 13:59:33,78600.0,200,Sell,224392361
2024-07-18 13:59:33,78600.0,200,Sell,224392360
2024-07-18 13:59:33,78600.0,100,Sell,224392359
2024-07-18 13:59:33,78600.0,100,Sell,224392357
2024-07-18 13:59:33,78600.0,100,Sell,224392358
2024-07-18 13:59:33,78600.0,300,Sell,224392355
2024-07-18 13:59:33,78600.0,100,Sell,224392354
2024-07-18 13:59:33,78600.0,100,Sell,224392353
2024-07-18 13:59:33,78600.0,700,Sell,224392352
2024-07-18 13:59:33,78600.0,100,Sell,224392356
2024-07-18 13:59:38,78600.0,400,Sell,224392825
2024-07-18 13:59:38,78600.0,500,Sell,224392828
2024-07-18 13:59:38,78600.0,100,Sell,224392827
2024-07-18 13:59:38,78600.0,100,Sell,224392826
2024-07-18 13:59:38,78600.0,100,Sell,224392824
2024-07-18 13:59:38,78600.0,200,Sell,224392823
2024-07-18 13:59:38,78600.0,1000,Sell,224392822
2024-07-18 13:59:38,78600.0,500,Sell,224392821
2024-07-18 13:59:38,78600.0,100,Sell,224392820
2024-07-18 13:59:38,78600.0,300,Sell,224392802
2024-07-18 13:59:38,78600.0,300,Sell,224392801
2024-07-18 13:59:43,78600.0,200,Sell,224393185
2024-07-18 13:59:56,78600.0,300,Sell,224394292
2024-07-18 14:00:01,78500.0,100,Sell,224394723
2024-07-18 14:00:01,78500.0,400,Sell,224394724
2024-07-18 14:00:01,78500.0,100,Sell,224394725
2024-07-18 14:00:01,78500.0,300,Sell,224394726
2024-07-18 14:00:01,78500.0,100,Sell,224394729
2024-07-18 14:00:01,78500.0,100,Sell,224394728
2024-07-18 14:00:01,78500.0,1000,Sell,224394722
2024-07-18 14:00:01,78500.0,1000,Sell,224394730
2024-07-18 14:00:01,78500.0,200,Sell,224394731
2024-07-18 14:00:01,78500.0,500,Sell,224394727
2024-07-18 14:00:01,78500.0,100,Sell,224394721
2024-07-18 14:00:01,78500.0,300,Sell,224394717
2024-07-18 14:00:01,78500.0,500,Sell,224394719
2024-07-18 14:00:01,78500.0,100,Sell,224394718
2024-07-18 14:00:01,78500.0,2000,Sell,224394716
2024-07-18 14:00:01,78500.0,500,Sell,224394715
2024-07-18 14:00:01,78500.0,100,Sell,224394714
2024-07-18 14:00:01,78500.0,500,Sell,224394713
2024-07-18 14:00:01,78500.0,600,Sell,224394712
2024-07-18 14:00:01,78500.0,100,Sell,224394711
2024-07-18 14:00:01,78500.0,3800,Sell,224394710
2024-07-18 14:00:01,78500.0,5000,Sell,224394709
2024-07-18 14:00:01,78500.0,3000,Sell,224394708
2024-07-18 14:00:01,78500.0,200,Sell,224394720
2024-07-18 14:00:02,78400.0,500,Sell,224394852
2024-07-18 14:00:11,78400.0,100,Sell,224395621
2024-07-18 14:00:11,78400.0,300,Sell,224395620
2024-07-18 14:00:11,78400.0,800,Sell,224395619
2024-07-18 14:00:11,78400.0,300,Sell,224395617
2024-07-18 14:00:11,78400.0,500,Sell,224395616
2024-07-18 14:00:11,78400.0,100,Sell,224395618
2024-07-18 14:00:12,78400.0,200,Sell,224395775
2024-07-18 14:00:16,78400.0,100,Sell,224396012
2024-07-18 14:00:16,78400.0,500,Sell,224396013
2024-07-18 14:00:16,78400.0,100,Sell,224396014
2024-07-18 14:00:16,78400.0,200,Sell,224396015
2024-07-18 14:00:16,78400.0,200,Sell,224396016
2024-07-18 14:00:28,78400.0,700,Buy,224396924
2024-07-18 14:00:28,78400.0,300,Buy,224396925
2024-07-18 14:00:30,78300.0,200,Sell,224396987
2024-07-18 14:00:30,78300.0,200,Sell,224396988
2024-07-18 14:00:30,78300.0,100,Sell,224396989
2024-07-18 14:00:33,78300.0,200,Sell,224397154
2024-07-18 14:00:33,78300.0,500,Sell,224397153
2024-07-18 14:00:33,78300.0,100,Sell,224397151
2024-07-18 14:00:33,78300.0,1000,Sell,224397150
2024-07-18 14:00:33,78300.0,100,Sell,224397152
2024-07-18 14:00:33,78300.0,100,Sell,224397149
2024-07-18 14:00:42,78300.0,200,Sell,224397806
2024-07-18 14:00:42,78300.0,200,Sell,224397807
2024-07-18 14:00:46,78400.0,500,Buy,224398202
2024-07-18 14:00:59,78300.0,100,Sell,224399208
2024-07-18 14:01:03,78300.0,100,Sell,224399431
2024-07-18 14:01:03,78300.0,100,Sell,224399432
2024-07-18 14:01:06,78300.0,100,Buy,224399577
2024-07-18 14:01:07,78300.0,700,Buy,224399636
2024-07-18 14:01:07,78400.0,2200,Buy,224399637
2024-07-18 14:01:07,78400.0,100,Buy,224399638
2024-07-18 14:01:13,78200.0,100,Sell,224400058
2024-07-18 14:01:18,78300.0,100,Buy,224400499
2024-07-18 14:01:23,78300.0,300,Buy,224400983
2024-07-18 14:01:28,78200.0,200,Sell,224401349
2024-07-18 14:01:28,78200.0,100,Sell,224401351
2024-07-18 14:01:28,78200.0,300,Sell,224401347
2024-07-18 14:01:28,78200.0,100,Sell,224401348
2024-07-18 14:01:28,78200.0,100,Sell,224401350
2024-07-18 14:01:28,78200.0,1000,Sell,224401346
2024-07-18 14:01:47,78300.0,500,Buy,224403252
2024-07-18 14:01:47,78300.0,500,Buy,224403253
2024-07-18 14:01:54,78300.0,1000,Sell,224403948
2024-07-18 14:02:28,78300.0,1900,Sell,224407719
2024-07-18 14:03:01,78400.0,100,Sell,224410238
2024-07-18 14:03:10,78300.0,100,Sell,224411139
2024-07-18 14:03:10,78300.0,1100,Sell,224411138
2024-07-18 14:03:18,78400.0,200,Buy,224411783
2024-07-18 14:03:18,78500.0,1200,Buy,224411784
2024-07-18 14:03:23,78400.0,1000,Buy,224412133
2024-07-18 14:03:26,78500.0,100,Buy,224412290
2024-07-18 14:03:35,78500.0,100,Buy,224413082
2024-07-18 14:03:39,78500.0,200,Buy,224413405
2024-07-18 14:03:43,78500.0,100,Buy,224413664
2024-07-18 14:03:45,78400.0,100,Sell,224413819
2024-07-18 14:03:46,78500.0,100,Buy,224413862
2024-07-18 14:03:46,78500.0,7700,Buy,224413861
2024-07-18 14:03:46,78500.0,1100,Buy,224413863
2024-07-18 14:04:00,78600.0,500,Buy,224414933
2024-07-18 14:04:15,78800.0,200,Buy,224415886
2024-07-18 14:04:22,78800.0,100,Buy,224416409
2024-07-18 14:04:23,78800.0,100,Buy,224416461
2024-07-18 14:04:28,78800.0,100,Buy,224416749
2024-07-18 14:04:35,78900.0,100,Buy,224417189
2024-07-18 14:04:46,78900.0,400,Buy,224417769
2024-07-18 14:04:57,78900.0,100,Sell,224418379
2024-07-18 14:04:57,78900.0,100,Sell,224418380
2024-07-18 14:04:58,78900.0,1000,Buy,224418409
2024-07-18 14:05:03,78900.0,100,Buy,224418669
2024-07-18 14:05:04,78900.0,100,Buy,224418706
2024-07-18 14:05:08,78800.0,2000,Sell,224418929
2024-07-18 14:05:08,78800.0,400,Sell,224418968
2024-07-18 14:05:14,78900.0,500,Buy,224419373
2024-07-18 14:05:17,78800.0,100,Sell,224419565
2024-07-18 14:05:17,78800.0,1900,Sell,224419564
2024-07-18 14:05:18,78900.0,100,Buy,224419586
2024-07-18 14:05:36,78900.0,800,Sell,224420791
2024-07-18 14:05:43,78900.0,1200,Buy,224421092
2024-07-18 14:05:43,79000.0,600,Buy,224421093
2024-07-18 14:05:43,79000.0,100,Buy,224421094
2024-07-18 14:05:43,79000.0,100,Buy,224421095
2024-07-18 14:05:55,79000.0,100,Buy,224421633
2024-07-18 14:05:58,78900.0,100,Sell,224421794
2024-07-18 14:05:58,78900.0,100,Sell,224421805
2024-07-18 14:06:09,78900.0,800,Buy,224422439
2024-07-18 14:06:09,78900.0,100,Buy,224422440
2024-07-18 14:06:11,78900.0,100,Sell,224422560
2024-07-18 14:06:16,78900.0,200,Buy,224422782
2024-07-18 14:06:22,79000.0,900,Buy,224423082
2024-07-18 14:06:22,79000.0,500,Buy,224423081
2024-07-18 14:06:22,79000.0,400,Buy,224423080
2024-07-18 14:06:22,78900.0,1200,Buy,224423079
2024-07-18 14:06:48,79000.0,100,Buy,224424326
2024-07-18 14:07:00,79200.0,300,Buy,224424877
2024-07-18 14:07:00,79300.0,100,Buy,224424878
2024-07-18 14:07:00,79000.0,700,Buy,224424876
2024-07-18 14:08:05,79200.0,500,Buy,224427431
2024-07-18 14:08:24,79200.0,200,Buy,224428380
2024-07-18 14:08:24,79300.0,200,Buy,224428384
2024-07-18 14:08:40,79300.0,500,Buy,224429159
2024-07-18 14:08:40,79200.0,500,Sell,224429170
2024-07-18 14:08:40,79000.0,500,Sell,224429171
2024-07-18 14:08:40,79000.0,100,Sell,224429172
2024-07-18 14:08:40,79000.0,400,Sell,224429173
2024-07-18 14:08:40,79200.0,200,Sell,224429169
2024-07-18 14:08:53,79000.0,500,Buy,224429732
2024-07-18 14:08:57,79000.0,600,Buy,224429953
2024-07-18 14:09:05,79000.0,2000,Sell,224430212
2024-07-18 14:09:08,79000.0,1400,Buy,224430312
2024-07-18 14:09:16,79200.0,100,Buy,224430617
2024-07-18 14:09:26,79000.0,2000,Sell,224431040
2024-07-18 14:09:26,79000.0,500,Sell,224431038
2024-07-18 14:09:26,79000.0,100,Sell,224431039
2024-07-18 14:09:29,79000.0,300,Buy,224431266
2024-07-18 14:09:37,79000.0,100,Buy,224431609
2024-07-18 14:09:43,79000.0,400,Buy,224431823
2024-07-18 14:09:43,79000.0,200,Buy,224431824
2024-07-18 14:09:49,79000.0,100,Buy,224432054
2024-07-18 14:09:58,79000.0,100,Sell,224432526
2024-07-18 14:10:02,79300.0,200,Buy,224432768
2024-07-18 14:10:17,79000.0,800,Sell,224433285
2024-07-18 14:10:17,79000.0,2000,Sell,224433286
