time,price,volume,match_type,id
2024-08-21 09:14:38,77500.0,1800,ATO/ATC,233327191
2024-08-21 09:14:41,77800.0,100,Buy,233327491
2024-08-21 09:15:02,78000.0,100,Buy,233328092
2024-08-21 09:15:02,78000.0,300,Buy,233328094
2024-08-21 09:15:02,78000.0,100,Buy,233328091
2024-08-21 09:15:02,78000.0,500,Buy,233328093
2024-08-21 09:15:06,78000.0,700,Buy,233328254
2024-08-21 09:15:06,78000.0,1500,Buy,233328255
2024-08-21 09:15:39,77800.0,100,Buy,233329289
2024-08-21 09:15:39,77800.0,2900,Buy,233329290
2024-08-21 09:15:46,77800.0,4400,Buy,233329615
2024-08-21 09:16:07,77800.0,100,Sell,233330449
2024-08-21 09:16:23,77800.0,200,Sell,233331064
2024-08-21 09:17:02,77800.0,2300,Sell,233332655
2024-08-21 09:17:16,77800.0,100,Buy,233333345
2024-08-21 09:17:44,77800.0,100,Buy,233334535
2024-08-21 09:17:46,77800.0,100,Sell,233334630
2024-08-21 09:17:47,77800.0,200,Sell,233334658
2024-08-21 09:18:25,77800.0,600,Sell,233336059
2024-08-21 09:19:04,77600.0,200,Sell,233337711
2024-08-21 09:19:40,77600.0,800,Sell,233339191
2024-08-21 09:19:40,77600.0,4200,Sell,233339192
2024-08-21 09:19:50,77800.0,100,Buy,233339589
2024-08-21 09:19:58,77600.0,200,Sell,233339927
2024-08-21 09:20:12,77600.0,400,Sell,233340410
2024-08-21 09:20:40,77600.0,200,Sell,233341528
2024-08-21 09:20:40,77600.0,1000,Sell,233341529
2024-08-21 09:20:59,77500.0,200,Sell,233342370
2024-08-21 09:20:59,77500.0,1900,Sell,233342368
2024-08-21 09:20:59,77500.0,2000,Sell,233342369
2024-08-21 09:22:05,77300.0,1000,Sell,233345491
2024-08-21 09:22:06,77300.0,200,Sell,233345503
2024-08-21 09:22:06,77300.0,300,Sell,233345504
2024-08-21 09:22:25,77500.0,100,Buy,233346331
2024-08-21 09:23:08,77500.0,800,Buy,233348038
2024-08-21 09:23:08,77500.0,1000,Buy,233348039
2024-08-21 09:23:08,77500.0,500,Buy,233348040
2024-08-21 09:23:23,77500.0,1000,Sell,233348591
2024-08-21 09:24:25,77500.0,400,Sell,233351207
2024-08-21 09:24:36,77500.0,2300,Sell,233351680
2024-08-21 09:24:36,77500.0,500,Sell,233351681
2024-08-21 09:24:59,77500.0,100,Buy,233352769
2024-08-21 09:24:59,77500.0,100,Buy,233352787
2024-08-21 09:25:48,77500.0,1900,Buy,233354941
2024-08-21 09:25:48,77500.0,200,Buy,233354942
2024-08-21 09:25:56,77500.0,100,Buy,233355329
2024-08-21 09:26:17,77500.0,100,Buy,233356197
2024-08-21 09:27:29,77600.0,1000,Buy,233359065
2024-08-21 09:27:34,77600.0,100,Buy,233359273
2024-08-21 09:28:35,77600.0,100,Buy,233362217
2024-08-21 09:28:45,77600.0,1000,Buy,233362664
2024-08-21 09:28:58,77600.0,100,Buy,233363433
2024-08-21 09:28:58,77600.0,400,Buy,233363434
2024-08-21 09:29:23,77600.0,100,Buy,233364693
2024-08-21 09:29:23,77600.0,100,Buy,233364691
2024-08-21 09:29:23,77600.0,300,Buy,233364692
2024-08-21 09:30:08,77700.0,100,Buy,233367039
2024-08-21 09:30:43,77700.0,100,Buy,233368787
2024-08-21 09:30:48,77700.0,100,Buy,233369038
2024-08-21 09:31:13,77700.0,200,Buy,233370206
2024-08-21 09:31:43,77700.0,100,Buy,233371657
2024-08-21 09:32:43,77800.0,100,Buy,233374932
2024-08-21 09:33:24,77800.0,100,Buy,233376860
2024-08-21 09:33:40,77800.0,200,Buy,233377671
2024-08-21 09:33:40,77800.0,100,Buy,233377672
2024-08-21 09:33:40,77800.0,700,Buy,233377673
2024-08-21 09:33:42,77800.0,300,Buy,233377779
2024-08-21 09:35:12,77700.0,300,Sell,233380886
2024-08-21 09:35:12,77700.0,200,Sell,233380887
2024-08-21 09:35:17,77800.0,100,Buy,233381058
2024-08-21 09:35:34,77800.0,100,Buy,233381732
2024-08-21 09:35:52,77800.0,100,Buy,233382307
2024-08-21 09:35:52,77800.0,100,Buy,233382306
2024-08-21 09:36:04,77800.0,200,Buy,233382784
2024-08-21 09:36:07,77800.0,100,Buy,233382840
2024-08-21 09:37:15,77700.0,100,Sell,233384973
2024-08-21 09:37:16,77700.0,3900,Sell,233385016
2024-08-21 09:37:16,77700.0,200,Sell,233385017
2024-08-21 09:37:31,77600.0,100,Sell,233385488
2024-08-21 09:37:31,77600.0,400,Sell,233385489
2024-08-21 09:37:35,77600.0,100,Sell,233385572
2024-08-21 09:37:35,77600.0,100,Sell,233385571
2024-08-21 09:37:35,77600.0,200,Sell,233385570
2024-08-21 09:37:35,77600.0,1600,Sell,233385568
2024-08-21 09:37:35,77600.0,100,Sell,233385569
2024-08-21 09:37:52,77700.0,100,Buy,233386213
2024-08-21 09:38:10,77700.0,300,Buy,233386793
2024-08-21 09:38:13,77700.0,1600,Buy,233386864
2024-08-21 09:38:13,77700.0,100,Buy,233386865
2024-08-21 09:38:13,77700.0,300,Buy,233386866
2024-08-21 09:38:43,77600.0,4000,Sell,233387753
2024-08-21 09:38:43,77600.0,500,Sell,233387752
2024-08-21 09:39:40,77600.0,100,Buy,233389159
2024-08-21 09:39:46,77600.0,100,Buy,233389312
2024-08-21 09:39:46,77600.0,200,Buy,233389311
2024-08-21 09:39:54,77600.0,900,Buy,233389527
2024-08-21 09:40:26,77800.0,100,Buy,233390382
2024-08-21 09:41:32,77700.0,200,Buy,233392208
2024-08-21 09:42:31,77700.0,100,Buy,233393729
2024-08-21 09:43:01,77700.0,100,Buy,233394482
2024-08-21 09:43:47,77600.0,100,Sell,233395797
2024-08-21 09:43:47,77600.0,100,Sell,233395798
2024-08-21 09:43:48,77600.0,100,Sell,233395803
2024-08-21 09:44:06,77600.0,500,Buy,233396309
2024-08-21 09:44:28,77600.0,500,Buy,233396961
2024-08-21 09:44:48,77600.0,400,Buy,233397494
2024-08-21 09:45:35,77700.0,100,Buy,233398747
2024-08-21 09:45:36,77700.0,300,Buy,233398787
2024-08-21 09:45:36,77700.0,300,Buy,233398788
2024-08-21 09:45:59,77700.0,200,Buy,233399396
2024-08-21 09:45:59,77700.0,1400,Buy,233399397
2024-08-21 09:45:59,77700.0,100,Buy,233399394
2024-08-21 09:45:59,77700.0,100,Buy,233399395
2024-08-21 09:45:59,77700.0,200,Buy,233399393
2024-08-21 09:46:14,77700.0,100,Buy,233399752
2024-08-21 09:46:34,77700.0,100,Sell,233400336
2024-08-21 09:46:34,77700.0,500,Sell,233400335
2024-08-21 09:47:27,77700.0,100,Buy,233401681
2024-08-21 09:47:34,77700.0,300,Buy,233401867
2024-08-21 09:47:34,77700.0,500,Buy,233401868
2024-08-21 09:48:10,77700.0,100,Buy,233402714
2024-08-21 09:49:31,77700.0,100,Buy,233404719
2024-08-21 09:49:31,77700.0,100,Buy,233404718
2024-08-21 09:49:31,77700.0,400,Buy,233404717
2024-08-21 09:50:05,77600.0,100,Sell,233405452
2024-08-21 09:50:05,77600.0,100,Sell,233405453
2024-08-21 09:50:05,77600.0,200,Sell,233405454
2024-08-21 09:50:05,77600.0,4000,Sell,233405451
2024-08-21 09:50:44,77600.0,100,Buy,233406375
2024-08-21 09:50:58,77600.0,500,Buy,233406775
2024-08-21 09:51:50,77600.0,200,Buy,233407999
2024-08-21 09:51:50,77600.0,800,Buy,233408000
2024-08-21 09:51:55,77600.0,200,Buy,233408101
2024-08-21 09:53:19,77700.0,100,Buy,233410324
2024-08-21 09:55:34,77700.0,500,Buy,233413544
2024-08-21 09:55:39,77600.0,400,Sell,233413684
2024-08-21 09:55:53,77700.0,100,Buy,233414044
2024-08-21 09:57:43,77600.0,300,Sell,233417173
2024-08-21 09:58:26,77700.0,900,Buy,233418474
2024-08-21 09:58:26,77700.0,300,Buy,233418475
2024-08-21 09:58:28,77700.0,100,Buy,233418516
2024-08-21 10:00:22,77700.0,1000,Buy,233421996
2024-08-21 10:00:39,77700.0,3600,Buy,233422359
2024-08-21 10:00:39,77700.0,500,Buy,233422360
2024-08-21 10:00:39,77700.0,100,Buy,233422361
2024-08-21 10:00:39,77700.0,500,Buy,233422362
2024-08-21 10:00:59,77800.0,100,Buy,233422940
2024-08-21 10:00:59,77800.0,100,Buy,233422939
2024-08-21 10:00:59,77800.0,100,Buy,233422938
2024-08-21 10:00:59,77800.0,100,Buy,233422935
2024-08-21 10:00:59,77800.0,900,Buy,233422934
2024-08-21 10:00:59,77800.0,100,Buy,233422937
2024-08-21 10:00:59,77800.0,500,Buy,233422932
2024-08-21 10:00:59,77800.0,100,Buy,233422933
2024-08-21 10:00:59,77800.0,100,Buy,233422928
2024-08-21 10:00:59,77800.0,2000,Buy,233422929
2024-08-21 10:00:59,77800.0,100,Buy,233422936
2024-08-21 10:00:59,77800.0,1000,Buy,233422931
2024-08-21 10:00:59,77800.0,500,Buy,233422930
2024-08-21 10:01:00,77900.0,100,Buy,233422981
2024-08-21 10:01:00,77900.0,1900,Buy,233422982
2024-08-21 10:01:00,77900.0,100,Buy,233422979
2024-08-21 10:01:00,77900.0,100,Buy,233422978
2024-08-21 10:01:00,77900.0,500,Buy,233422980
2024-08-21 10:01:02,77900.0,100,Buy,233423008
2024-08-21 10:01:14,77900.0,100,Buy,233423246
2024-08-21 10:01:17,77900.0,4700,Buy,233423335
2024-08-21 10:01:18,77900.0,7200,Buy,233423376
2024-08-21 10:01:18,77900.0,500,Buy,233423377
2024-08-21 10:01:18,77900.0,2000,Buy,233423378
2024-08-21 10:01:18,77900.0,200,Buy,233423379
2024-08-21 10:01:18,77900.0,1100,Buy,233423380
2024-08-21 10:01:27,78000.0,400,Buy,233423772
2024-08-21 10:01:27,78000.0,100,Buy,233423773
2024-08-21 10:01:27,78000.0,100,Buy,233423771
2024-08-21 10:01:27,78000.0,100,Buy,233423769
2024-08-21 10:01:27,77900.0,300,Buy,233423767
2024-08-21 10:01:27,78000.0,100,Buy,233423770
2024-08-21 10:01:27,78000.0,200,Buy,233423768
2024-08-21 10:01:30,78000.0,100,Buy,233423858
2024-08-21 10:01:30,78000.0,200,Buy,233423880
2024-08-21 10:01:30,78000.0,100,Buy,233423879
2024-08-21 10:01:30,78000.0,8000,Buy,233423878
2024-08-21 10:01:30,78000.0,400,Buy,233423877
2024-08-21 10:01:30,78000.0,500,Buy,233423874
2024-08-21 10:01:30,78000.0,300,Buy,233423873
2024-08-21 10:01:30,78000.0,1800,Buy,233423872
2024-08-21 10:01:30,78000.0,100,Buy,233423871
2024-08-21 10:01:30,78000.0,1000,Buy,233423870
2024-08-21 10:01:30,78000.0,300,Buy,233423876
2024-08-21 10:01:30,78000.0,100,Buy,233423868
2024-08-21 10:01:30,78000.0,200,Buy,233423869
2024-08-21 10:01:30,78000.0,500,Buy,233423859
2024-08-21 10:01:30,78000.0,200,Buy,233423860
2024-08-21 10:01:30,78000.0,300,Buy,233423861
2024-08-21 10:01:30,78000.0,300,Buy,233423862
2024-08-21 10:01:30,78000.0,100,Buy,233423875
2024-08-21 10:01:30,78000.0,100,Buy,233423864
2024-08-21 10:01:30,78000.0,200,Buy,233423865
2024-08-21 10:01:30,78000.0,100,Buy,233423866
2024-08-21 10:01:30,78000.0,100,Buy,233423867
2024-08-21 10:01:30,78000.0,5000,Buy,233423863
2024-08-21 10:01:57,78000.0,200,Buy,233424682
2024-08-21 10:01:57,78000.0,100,Buy,233424681
2024-08-21 10:01:57,78100.0,200,Buy,233424683
2024-08-21 10:01:57,78200.0,100,Buy,233424684
2024-08-21 10:02:03,78200.0,100,Buy,233424886
2024-08-21 10:02:03,78200.0,100,Buy,233424885
2024-08-21 10:02:09,78200.0,200,Buy,233424998
2024-08-21 10:02:09,78200.0,600,Buy,233424999
2024-08-21 10:02:09,78200.0,1000,Buy,233425000
2024-08-21 10:02:09,78200.0,1000,Buy,233425001
2024-08-21 10:02:30,78300.0,100,Buy,233425597
2024-08-21 10:02:30,78300.0,200,Buy,233425598
2024-08-21 10:02:30,78300.0,100,Buy,233425599
2024-08-21 10:02:30,78400.0,100,Buy,233425600
2024-08-21 10:02:33,78500.0,2000,Buy,233425632
2024-08-21 10:02:42,78500.0,1000,Buy,233425812
2024-08-21 10:02:42,78500.0,500,Buy,233425813
2024-08-21 10:02:42,78500.0,200,Buy,233425814
2024-08-21 10:02:42,78500.0,300,Buy,233425815
2024-08-21 10:02:42,78500.0,3000,Buy,233425811
2024-08-21 10:02:43,78500.0,200,Buy,233425824
2024-08-21 10:02:43,78500.0,200,Buy,233425825
2024-08-21 10:02:43,78500.0,800,Buy,233425826
2024-08-21 10:02:43,78500.0,200,Buy,233425827
2024-08-21 10:02:43,78500.0,500,Buy,233425828
2024-08-21 10:02:55,78600.0,200,Buy,233426286
2024-08-21 10:02:56,78700.0,100,Buy,233426290
2024-08-21 10:02:56,78700.0,100,Buy,233426288
2024-08-21 10:02:56,78700.0,100,Buy,233426289
2024-08-21 10:03:00,78700.0,500,Buy,233426461
2024-08-21 10:03:01,78700.0,400,Buy,233426492
2024-08-21 10:03:01,78800.0,300,Buy,233426493
2024-08-21 10:03:01,78800.0,200,Buy,233426494
2024-08-21 10:03:01,78800.0,300,Buy,233426495
2024-08-21 10:03:05,79000.0,4700,Buy,233426565
2024-08-21 10:03:05,79000.0,400,Buy,233426564
2024-08-21 10:03:05,79000.0,100,Buy,233426563
2024-08-21 10:03:05,78900.0,1000,Buy,233426559
2024-08-21 10:03:05,78900.0,100,Buy,233426561
2024-08-21 10:03:05,78900.0,200,Buy,233426560
2024-08-21 10:03:05,78900.0,500,Buy,233426558
2024-08-21 10:03:05,79000.0,3000,Buy,233426562
2024-08-21 10:03:06,78800.0,400,Sell,233426580
2024-08-21 10:03:13,79000.0,3000,Buy,233426799
2024-08-21 10:03:17,79000.0,100,Buy,233426906
2024-08-21 10:03:19,79000.0,200,Buy,233426957
2024-08-21 10:03:20,79000.0,900,Buy,233427016
2024-08-21 10:03:20,79000.0,100,Buy,233427015
2024-08-21 10:03:20,79000.0,2000,Buy,233427014
2024-08-21 10:03:22,79000.0,1000,Buy,233427079
2024-08-21 10:03:22,79000.0,100,Buy,233427078
2024-08-21 10:03:22,79000.0,100,Buy,233427077
2024-08-21 10:03:22,79000.0,200,Buy,233427074
2024-08-21 10:03:22,79000.0,100,Buy,233427075
2024-08-21 10:03:22,79000.0,200,Buy,233427073
2024-08-21 10:03:22,79000.0,100,Buy,233427076
2024-08-21 10:03:22,79000.0,500,Buy,233427071
2024-08-21 10:03:22,79000.0,100,Buy,233427066
2024-08-21 10:03:22,79000.0,500,Buy,233427067
2024-08-21 10:03:22,79000.0,200,Buy,233427072
2024-08-21 10:03:22,79000.0,300,Buy,233427069
2024-08-21 10:03:22,79000.0,200,Buy,233427070
2024-08-21 10:03:22,79000.0,100,Buy,233427068
2024-08-21 10:03:23,79000.0,100,Sell,233427104
2024-08-21 10:03:35,79100.0,300,Buy,233427514
2024-08-21 10:03:35,79100.0,200,Buy,233427515
2024-08-21 10:03:35,79100.0,100,Buy,233427516
2024-08-21 10:03:35,79200.0,100,Buy,233427517
2024-08-21 10:03:37,79100.0,100,Buy,233427553
2024-08-21 10:03:47,79200.0,100,Buy,233427851
2024-08-21 10:04:38,79000.0,1200,Sell,233429493
2024-08-21 10:04:38,79000.0,100,Sell,233429494
2024-08-21 10:04:38,79000.0,300,Sell,233429495
2024-08-21 10:04:42,79000.0,200,Sell,233429630
2024-08-21 10:04:56,78800.0,500,Sell,233430139
2024-08-21 10:05:07,78800.0,100,Sell,233430602
2024-08-21 10:05:07,78800.0,400,Sell,233430603
2024-08-21 10:05:07,79000.0,300,Buy,233430592
2024-08-21 10:05:07,79000.0,1700,Buy,233430593
2024-08-21 10:05:12,79000.0,100,Buy,233430843
2024-08-21 10:05:12,79000.0,100,Buy,233430842
2024-08-21 10:05:12,79000.0,100,Buy,233430844
2024-08-21 10:05:12,79000.0,500,Buy,233430845
2024-08-21 10:05:12,79000.0,200,Buy,233430846
2024-08-21 10:05:12,79000.0,100,Buy,233430847
2024-08-21 10:05:12,79000.0,900,Buy,233430848
2024-08-21 10:05:12,78800.0,100,Sell,233430849
2024-08-21 10:05:20,79000.0,1000,Buy,233431112
2024-08-21 10:05:22,79000.0,200,Buy,233431187
2024-08-21 10:05:41,78800.0,200,Sell,233431954
2024-08-21 10:05:41,78800.0,7300,Sell,233431952
2024-08-21 10:05:41,78800.0,500,Sell,233431953
2024-08-21 10:06:11,78800.0,100,Buy,233433275
2024-08-21 10:06:12,78800.0,3900,Buy,233433320
2024-08-21 10:06:12,78800.0,100,Buy,233433321
2024-08-21 10:06:12,78800.0,200,Buy,233433322
2024-08-21 10:06:18,78800.0,100,Sell,233433571
2024-08-21 10:06:21,78700.0,100,Buy,233433669
2024-08-21 10:06:38,78700.0,100,Sell,233434367
2024-08-21 10:06:40,78700.0,200,Sell,233434457
2024-08-21 10:07:06,78500.0,4500,Sell,233435410
2024-08-21 10:07:07,78500.0,200,Sell,233435446
2024-08-21 10:07:32,78500.0,1000,Sell,233436178
2024-08-21 10:07:35,78500.0,1200,Sell,233436299
2024-08-21 10:07:36,78500.0,200,Buy,233436329
2024-08-21 10:07:36,78500.0,100,Buy,233436330
2024-08-21 10:07:36,78700.0,400,Buy,233436331
2024-08-21 10:07:36,78700.0,100,Buy,233436332
2024-08-21 10:07:36,78700.0,4200,Buy,233436333
2024-08-21 10:07:53,78700.0,100,Buy,233436916
2024-08-21 10:08:45,78500.0,4000,Buy,233438753
2024-08-21 10:09:03,78500.0,100,Sell,233439384
2024-08-21 10:09:03,78500.0,100,Sell,233439382
2024-08-21 10:09:03,78500.0,100,Sell,233439383
2024-08-21 10:09:36,78500.0,400,Buy,233440509
2024-08-21 10:09:36,78500.0,4600,Buy,233440510
2024-08-21 10:09:42,78500.0,200,Buy,233440690
2024-08-21 10:09:42,78500.0,100,Buy,233440691
2024-08-21 10:09:42,78500.0,1500,Buy,233440692
2024-08-21 10:09:50,78700.0,100,Buy,233440923
2024-08-21 10:09:51,78500.0,100,Sell,233440982
2024-08-21 10:10:00,78500.0,100,Sell,233441211
2024-08-21 10:10:54,78500.0,100,Sell,233442840
2024-08-21 10:10:54,78500.0,200,Sell,233442838
2024-08-21 10:10:54,78500.0,4000,Sell,233442837
2024-08-21 10:10:54,78500.0,100,Sell,233442839
2024-08-21 10:11:11,78500.0,300,Buy,233443359
2024-08-21 10:11:16,78500.0,300,Buy,233443700
2024-08-21 10:11:16,78500.0,100,Buy,233443701
2024-08-21 10:11:20,78500.0,100,Buy,233443911
2024-08-21 10:11:43,78400.0,100,Sell,233444801
2024-08-21 10:12:44,78400.0,400,Buy,233446343
2024-08-21 10:12:44,78400.0,100,Buy,233446344
2024-08-21 10:12:44,78400.0,500,Buy,233446345
2024-08-21 10:13:39,78400.0,1500,Buy,233447821
2024-08-21 10:13:39,78400.0,1000,Buy,233447822
2024-08-21 10:13:54,78500.0,100,Buy,233448093
2024-08-21 10:13:54,78500.0,100,Buy,233448094
2024-08-21 10:13:54,78700.0,100,Buy,233448095
2024-08-21 10:13:55,78700.0,100,Buy,233448111
2024-08-21 10:15:01,78600.0,100,Buy,233449819
2024-08-21 10:15:01,78600.0,100,Buy,233449820
2024-08-21 10:15:03,78600.0,600,Buy,233449843
2024-08-21 10:15:03,78600.0,2400,Buy,233449844
2024-08-21 10:15:24,78600.0,500,Buy,233450320
2024-08-21 10:15:53,78600.0,500,Buy,233451087
2024-08-21 10:15:54,78600.0,100,Buy,233451113
2024-08-21 10:15:54,78600.0,1600,Buy,233451111
2024-08-21 10:15:54,78600.0,100,Buy,233451112
2024-08-21 10:16:01,78600.0,300,Sell,233451321
2024-08-21 10:16:02,78600.0,100,Sell,233451371
2024-08-21 10:16:23,78700.0,400,Buy,233451883
2024-08-21 10:16:23,78700.0,100,Buy,233451884
2024-08-21 10:16:29,78700.0,100,Buy,233452097
2024-08-21 10:16:29,78700.0,100,Buy,233452092
2024-08-21 10:16:29,78700.0,100,Buy,233452093
2024-08-21 10:16:29,78700.0,300,Buy,233452094
2024-08-21 10:16:40,78700.0,100,Buy,233452366
2024-08-21 10:16:58,78700.0,500,Buy,233452816
2024-08-21 10:16:58,78700.0,200,Buy,233452817
2024-08-21 10:16:58,78700.0,400,Buy,233452818
2024-08-21 10:16:58,78700.0,1000,Buy,233452819
2024-08-21 10:17:28,78900.0,1000,Buy,233453731
2024-08-21 10:17:28,78800.0,100,Buy,233453725
2024-08-21 10:17:28,78800.0,100,Buy,233453726
2024-08-21 10:17:28,78800.0,500,Buy,233453727
2024-08-21 10:17:28,78800.0,100,Buy,233453728
2024-08-21 10:17:28,78800.0,400,Buy,233453729
2024-08-21 10:17:28,78800.0,800,Buy,233453730
2024-08-21 10:17:49,78900.0,500,Buy,233454270
2024-08-21 10:17:49,78900.0,100,Buy,233454268
2024-08-21 10:17:49,78900.0,300,Buy,233454269
2024-08-21 10:18:18,78900.0,500,Buy,233454902
2024-08-21 10:18:18,78900.0,500,Buy,233454903
2024-08-21 10:18:18,78900.0,4300,Buy,233454901
2024-08-21 10:18:19,78900.0,700,Sell,233454955
2024-08-21 10:18:32,78900.0,100,Buy,233455324
2024-08-21 10:18:34,78900.0,200,Buy,233455365
2024-08-21 10:18:34,78900.0,600,Buy,233455366
2024-08-21 10:18:34,79000.0,200,Buy,233455367
2024-08-21 10:18:35,78800.0,2000,Sell,233455402
2024-08-21 10:18:36,78700.0,1300,Sell,233455408
2024-08-21 10:18:36,78700.0,800,Sell,233455409
2024-08-21 10:18:36,78700.0,1900,Sell,233455407
2024-08-21 10:18:38,78700.0,100,Sell,233455473
2024-08-21 10:18:46,78700.0,300,Sell,233455692
2024-08-21 10:18:47,78900.0,100,Buy,233455722
2024-08-21 10:18:59,78900.0,400,Buy,233456115
2024-08-21 10:18:59,78900.0,100,Buy,233456116
2024-08-21 10:19:04,78900.0,100,Buy,233456226
2024-08-21 10:19:20,78800.0,900,Buy,233456772
2024-08-21 10:19:44,78900.0,100,Buy,233457363
2024-08-21 10:19:53,78800.0,100,Sell,233457563
2024-08-21 10:19:53,78800.0,100,Sell,233457562
2024-08-21 10:20:54,78800.0,800,Buy,233459201
2024-08-21 10:20:54,78800.0,500,Buy,233459202
2024-08-21 10:20:54,78800.0,200,Buy,233459203
2024-08-21 10:20:54,78800.0,100,Buy,233459204
2024-08-21 10:20:54,78900.0,1700,Buy,233459242
2024-08-21 10:21:06,78800.0,100,Sell,233459526
2024-08-21 10:21:16,79000.0,100,Buy,233459747
2024-08-21 10:21:16,78900.0,1200,Buy,233459740
2024-08-21 10:21:16,78900.0,300,Buy,233459741
2024-08-21 10:21:16,78900.0,400,Buy,233459742
2024-08-21 10:21:16,78900.0,100,Buy,233459743
2024-08-21 10:21:16,78900.0,100,Buy,233459744
2024-08-21 10:21:16,78900.0,300,Buy,233459745
2024-08-21 10:21:16,78900.0,100,Buy,233459746
2024-08-21 10:21:22,78800.0,400,Sell,233459913
2024-08-21 10:21:22,78800.0,300,Sell,233459912
2024-08-21 10:21:33,78800.0,200,Buy,233460148
2024-08-21 10:21:33,79000.0,100,Buy,233460149
2024-08-21 10:21:39,79000.0,100,Buy,233460252
2024-08-21 10:22:19,78900.0,200,Buy,233461378
2024-08-21 10:22:21,78900.0,500,Sell,233461430
2024-08-21 10:22:27,78900.0,500,Sell,233461526
2024-08-21 10:22:38,78900.0,100,Sell,233461737
2024-08-21 10:22:38,78900.0,200,Sell,233461748
2024-08-21 10:22:46,78900.0,1000,Sell,233461922
2024-08-21 10:22:52,78900.0,1500,Sell,233462061
2024-08-21 10:23:44,78800.0,600,Sell,233463282
2024-08-21 10:24:13,78900.0,100,Buy,233464026
2024-08-21 10:24:14,78800.0,500,Sell,233464039
2024-08-21 10:24:43,78900.0,200,Buy,233464722
2024-08-21 10:25:01,78900.0,5300,Buy,233465181
2024-08-21 10:25:01,78900.0,600,Buy,233465182
2024-08-21 10:25:01,78900.0,100,Buy,233465180
2024-08-21 10:25:01,78900.0,100,Buy,233465183
2024-08-21 10:25:01,78900.0,400,Buy,233465178
2024-08-21 10:25:01,78900.0,500,Buy,233465177
2024-08-21 10:25:01,78900.0,100,Buy,233465176
2024-08-21 10:25:01,78900.0,400,Buy,233465179
2024-08-21 10:25:01,78900.0,500,Buy,233465175
2024-08-21 10:25:12,78900.0,400,Buy,233465610
2024-08-21 10:25:12,78800.0,200,Sell,233465602
2024-08-21 10:25:12,78900.0,100,Buy,233465609
2024-08-21 10:25:22,78800.0,1400,Sell,233465879
2024-08-21 10:25:22,78800.0,100,Sell,233465878
2024-08-21 10:25:22,78800.0,500,Sell,233465874
2024-08-21 10:25:22,78800.0,100,Sell,233465876
2024-08-21 10:25:22,78800.0,500,Sell,233465875
2024-08-21 10:25:22,78800.0,5000,Sell,233465877
2024-08-21 10:25:23,78800.0,600,Sell,233465901
2024-08-21 10:26:35,78700.0,1200,Sell,233467965
2024-08-21 10:26:37,78700.0,800,Sell,233468033
2024-08-21 10:26:37,78700.0,4000,Sell,233468034
2024-08-21 10:26:37,78700.0,100,Sell,233468035
2024-08-21 10:26:37,78700.0,1000,Sell,233468036
2024-08-21 10:26:37,78700.0,200,Sell,233468037
2024-08-21 10:26:48,78800.0,100,Buy,233468442
2024-08-21 10:27:25,78600.0,7800,Sell,233469514
2024-08-21 10:27:25,78600.0,100,Sell,233469515
2024-08-21 10:27:25,78600.0,100,Sell,233469516
2024-08-21 10:28:30,78600.0,1000,Buy,233471177
2024-08-21 10:28:30,78600.0,100,Buy,233471178
2024-08-21 10:29:22,78600.0,100,Buy,233473115
2024-08-21 10:29:43,78500.0,1300,Sell,233473888
2024-08-21 10:29:54,78500.0,900,Sell,233474220
2024-08-21 10:30:02,78400.0,2500,Sell,233474462
2024-08-21 10:30:02,78400.0,3500,Sell,233474463
2024-08-21 10:30:27,78400.0,500,Sell,233475370
2024-08-21 10:30:40,78300.0,100,Sell,233475778
2024-08-21 10:31:34,78200.0,200,Sell,233478129
2024-08-21 10:31:34,78200.0,300,Sell,233478130
2024-08-21 10:31:54,78200.0,1000,Sell,233478831
2024-08-21 10:31:57,78300.0,100,Buy,233478990
2024-08-21 10:32:02,78200.0,200,Sell,233479182
2024-08-21 10:32:02,78200.0,500,Sell,233479183
2024-08-21 10:32:02,78100.0,100,Sell,233479184
2024-08-21 10:32:02,78200.0,700,Sell,233479181
2024-08-21 10:32:10,78100.0,600,Sell,233479497
2024-08-21 10:32:19,78100.0,300,Sell,233479897
2024-08-21 10:32:30,78000.0,2700,Sell,233480492
2024-08-21 10:32:30,78000.0,100,Sell,233480491
2024-08-21 10:32:30,78000.0,200,Sell,233480490
2024-08-21 10:32:30,78000.0,500,Sell,233480488
2024-08-21 10:32:30,78000.0,1000,Sell,233480489
2024-08-21 10:32:30,78000.0,1500,Sell,233480487
2024-08-21 10:32:37,78100.0,1000,Buy,233480819
2024-08-21 10:32:52,78000.0,300,Sell,233481488
2024-08-21 10:33:06,77900.0,3100,Sell,233482163
2024-08-21 10:33:06,78000.0,200,Buy,233482164
2024-08-21 10:33:06,77900.0,400,Sell,233482162
2024-08-21 10:33:08,78000.0,4800,Sell,233482241
2024-08-21 10:33:31,78000.0,1000,Sell,233483140
2024-08-21 10:33:41,77900.0,1000,Sell,233483552
2024-08-21 10:33:59,77900.0,900,Sell,233484421
2024-08-21 10:34:09,77900.0,100,Buy,233484888
2024-08-21 10:34:12,77900.0,300,Sell,233485008
2024-08-21 10:34:31,77900.0,100,Buy,233485957
2024-08-21 10:35:02,77800.0,200,Sell,233487501
2024-08-21 10:35:04,77900.0,100,Buy,233487571
2024-08-21 10:35:09,77800.0,200,Sell,233487781
2024-08-21 10:35:12,77800.0,100,Sell,233487889
2024-08-21 10:35:27,77800.0,100,Buy,233488700
2024-08-21 10:35:52,77700.0,5000,Sell,233489739
2024-08-21 10:36:43,77700.0,100,Sell,233491893
2024-08-21 10:37:06,77800.0,100,Buy,233492731
2024-08-21 10:37:07,77700.0,500,Sell,233492767
2024-08-21 10:37:09,77800.0,400,Buy,233492880
2024-08-21 10:37:15,77700.0,600,Sell,233493179
2024-08-21 10:37:26,77800.0,100,Buy,233493647
2024-08-21 10:37:26,77800.0,500,Buy,233493648
2024-08-21 10:37:43,77900.0,100,Buy,233494195
2024-08-21 10:37:52,77900.0,700,Buy,233494525
2024-08-21 10:37:52,77900.0,100,Buy,233494526
2024-08-21 10:38:19,78000.0,200,Buy,233495479
2024-08-21 10:39:08,78000.0,200,Buy,233496970
2024-08-21 10:39:08,78000.0,300,Buy,233496969
2024-08-21 10:39:36,77900.0,100,Sell,233497896
2024-08-21 10:39:40,78000.0,100,Buy,233498000
2024-08-21 10:41:10,78000.0,200,Buy,233500405
2024-08-21 10:41:10,78000.0,500,Buy,233500406
2024-08-21 10:41:10,78000.0,1000,Buy,233500407
2024-08-21 10:41:10,78000.0,300,Buy,233500408
2024-08-21 10:41:16,78000.0,1000,Buy,233500557
2024-08-21 10:41:16,78000.0,500,Buy,233500556
2024-08-21 10:41:16,78000.0,100,Buy,233500555
2024-08-21 10:41:47,78000.0,100,Sell,233501206
2024-08-21 10:41:54,78200.0,300,Buy,233501380
2024-08-21 10:42:15,78300.0,100,Buy,233501825
2024-08-21 10:42:24,78400.0,100,Buy,233502089
2024-08-21 10:42:24,78400.0,500,Buy,233502090
2024-08-21 10:42:24,78500.0,300,Buy,233502091
2024-08-21 10:42:24,78500.0,1000,Buy,233502092
2024-08-21 10:42:24,78500.0,100,Buy,233502093
2024-08-21 10:42:24,78500.0,100,Buy,233502094
2024-08-21 10:42:24,78500.0,1000,Buy,233502095
2024-08-21 10:42:24,78500.0,500,Buy,233502096
2024-08-21 10:42:24,78500.0,100,Buy,233502097
2024-08-21 10:42:24,78500.0,200,Buy,233502098
2024-08-21 10:42:24,78500.0,1100,Buy,233502099
2024-08-21 10:42:26,78000.0,300,Sell,233502132
2024-08-21 10:43:27,78100.0,100,Sell,233503713
2024-08-21 10:44:49,78500.0,100,Buy,233505279
2024-08-21 10:45:23,78500.0,500,Buy,233505810
2024-08-21 10:45:23,78500.0,100,Buy,233505809
2024-08-21 10:45:23,78500.0,100,Buy,233505808
2024-08-21 10:45:23,78500.0,800,Buy,233505807
2024-08-21 10:45:31,78500.0,500,Buy,233505949
2024-08-21 10:46:01,78500.0,100,Buy,233506412
2024-08-21 10:46:14,78500.0,300,Buy,233506623
2024-08-21 10:46:50,78600.0,500,Buy,233507251
2024-08-21 10:46:50,78600.0,200,Buy,233507252
2024-08-21 10:47:24,78500.0,100,Buy,233507839
2024-08-21 10:47:45,78500.0,400,Buy,233508231
2024-08-21 10:47:49,78500.0,300,Buy,233508328
2024-08-21 10:48:02,78100.0,100,Sell,233508581
2024-08-21 10:49:58,78500.0,100,Buy,233510567
2024-08-21 10:52:05,78100.0,300,Sell,233512466
2024-08-21 10:52:05,78200.0,100,Sell,233512465
2024-08-21 10:52:30,78100.0,900,Sell,233512837
2024-08-21 10:52:30,78100.0,100,Sell,233512838
2024-08-21 10:52:33,78500.0,100,Buy,233512881
2024-08-21 10:55:03,78400.0,100,Buy,233515516
2024-08-21 10:55:07,78500.0,100,Buy,233515564
2024-08-21 10:56:43,78100.0,100,Sell,233517212
2024-08-21 10:57:21,78100.0,200,Buy,233517808
2024-08-21 10:57:42,78400.0,100,Buy,233518127
2024-08-21 10:59:03,78000.0,100,Sell,233519347
2024-08-21 10:59:03,78000.0,100,Sell,233519351
2024-08-21 10:59:03,78000.0,500,Sell,233519350
2024-08-21 10:59:03,78000.0,500,Sell,233519346
2024-08-21 10:59:03,78000.0,300,Sell,233519348
2024-08-21 10:59:03,78000.0,500,Sell,233519349
2024-08-21 10:59:51,78000.0,100,Sell,233520135
2024-08-21 11:00:12,78000.0,100,Sell,233520524
2024-08-21 11:00:16,78300.0,100,Buy,233520618
2024-08-21 11:01:38,78000.0,100,Sell,233522194
2024-08-21 11:01:38,78000.0,4900,Sell,233522193
2024-08-21 11:02:44,78000.0,100,Buy,233523355
2024-08-21 11:02:51,78000.0,100,Buy,233523465
2024-08-21 11:02:55,77900.0,500,Sell,233523525
2024-08-21 11:02:55,77900.0,100,Sell,233523526
2024-08-21 11:02:55,77800.0,3100,Sell,233523527
2024-08-21 11:03:14,77700.0,100,Sell,233523859
2024-08-21 11:03:14,77700.0,1100,Sell,233523860
2024-08-21 11:03:14,77700.0,500,Sell,233523858
2024-08-21 11:03:14,77800.0,100,Sell,233523856
2024-08-21 11:03:14,77800.0,100,Sell,233523855
2024-08-21 11:03:14,77800.0,1300,Sell,233523854
2024-08-21 11:03:14,77700.0,800,Sell,233523857
2024-08-21 11:03:17,78000.0,200,Buy,233523920
2024-08-21 11:03:35,77700.0,3000,Sell,233524392
2024-08-21 11:05:25,78000.0,100,Buy,233526467
2024-08-21 11:07:47,77900.0,500,Buy,233529099
2024-08-21 11:08:00,77900.0,100,Buy,233529283
2024-08-21 11:08:24,77900.0,400,Buy,233529672
2024-08-21 11:08:46,77700.0,500,Sell,233530148
2024-08-21 11:08:46,77700.0,100,Sell,233530147
2024-08-21 11:08:46,77700.0,900,Sell,233530146
2024-08-21 11:09:24,77700.0,400,Sell,233530829
2024-08-21 11:10:15,77700.0,600,Sell,233531906
2024-08-21 11:10:15,77700.0,100,Sell,233531907
2024-08-21 11:10:15,77700.0,100,Sell,233531908
2024-08-21 11:10:34,77900.0,100,Buy,233532257
2024-08-21 11:11:21,77900.0,200,Buy,233533179
2024-08-21 11:11:53,78000.0,200,Buy,233533751
2024-08-21 11:11:53,78000.0,2300,Buy,233533750
2024-08-21 11:11:53,78000.0,200,Buy,233533752
2024-08-21 11:11:53,77900.0,300,Buy,233533748
2024-08-21 11:11:53,77900.0,400,Buy,233533746
2024-08-21 11:11:53,77900.0,200,Buy,233533749
2024-08-21 11:11:53,77900.0,200,Buy,233533747
2024-08-21 11:12:19,78000.0,100,Sell,233534286
2024-08-21 11:12:27,78000.0,500,Sell,233534479
2024-08-21 11:12:51,77700.0,300,Sell,233535028
2024-08-21 11:12:51,77700.0,1000,Sell,233535027
2024-08-21 11:12:51,77700.0,500,Sell,233535029
2024-08-21 11:12:51,77700.0,300,Sell,233535025
2024-08-21 11:12:51,77800.0,200,Sell,233535024
2024-08-21 11:12:51,78000.0,600,Sell,233535023
2024-08-21 11:12:51,77700.0,100,Sell,233535026
2024-08-21 11:13:09,78200.0,100,Buy,233535366
2024-08-21 11:14:50,77800.0,200,Sell,233536945
2024-08-21 11:15:43,78100.0,100,Buy,233537806
2024-08-21 11:17:38,78100.0,900,Buy,233539797
2024-08-21 11:17:38,78100.0,1000,Buy,233539798
2024-08-21 11:17:38,78200.0,1400,Buy,233539799
2024-08-21 11:17:38,78200.0,400,Buy,233539800
2024-08-21 11:17:38,78200.0,1300,Buy,233539801
2024-08-21 11:18:18,78200.0,100,Buy,233540555
2024-08-21 11:20:52,78200.0,100,Buy,233543510
2024-08-21 11:23:27,78200.0,100,Buy,233545606
2024-08-21 11:26:01,78200.0,100,Buy,233547607
2024-08-21 11:27:29,78000.0,200,Buy,233548761
2024-08-21 11:28:37,78000.0,100,Buy,233549714
2024-08-21 11:29:26,78000.0,100,Buy,233550476
2024-08-21 12:59:36,77900.0,100,Sell,233550819
2024-08-21 12:59:37,78000.0,100,Buy,233551048
2024-08-21 12:59:40,78000.0,100,Buy,233551964
2024-08-21 12:59:41,77800.0,100,Sell,233552272
2024-08-21 12:59:51,78000.0,300,Buy,233553533
2024-08-21 13:00:10,78000.0,100,Buy,233554500
2024-08-21 13:01:17,77800.0,3000,Sell,233556015
2024-08-21 13:01:17,77800.0,1000,Sell,233556014
2024-08-21 13:01:17,77800.0,700,Sell,233556013
2024-08-21 13:01:17,77800.0,100,Sell,233556010
2024-08-21 13:01:17,77800.0,100,Sell,233556011
2024-08-21 13:01:17,77800.0,100,Sell,233556009
2024-08-21 13:01:17,77800.0,100,Sell,233556012
2024-08-21 13:01:44,77800.0,100,Buy,233556602
2024-08-21 13:02:01,77800.0,100,Buy,233556955
2024-08-21 13:02:01,77800.0,300,Buy,233556956
2024-08-21 13:02:02,78000.0,100,Buy,233556995
2024-08-21 13:02:19,77800.0,100,Sell,233557383
2024-08-21 13:02:19,77800.0,600,Sell,233557381
2024-08-21 13:02:19,77800.0,400,Sell,233557382
2024-08-21 13:02:25,77800.0,100,Buy,233557590
2024-08-21 13:03:16,77800.0,500,Buy,233558753
2024-08-21 13:03:19,77800.0,400,Buy,233558795
2024-08-21 13:03:24,77800.0,200,Buy,233558929
2024-08-21 13:03:52,77700.0,100,Sell,233559645
2024-08-21 13:03:57,77700.0,100,Sell,233559781
2024-08-21 13:04:10,77700.0,300,Sell,233560181
2024-08-21 13:04:10,77700.0,1200,Sell,233560182
2024-08-21 13:04:24,77700.0,2000,Sell,233560503
2024-08-21 13:04:28,77800.0,100,Buy,233560614
2024-08-21 13:05:11,77800.0,100,Buy,233561806
2024-08-21 13:06:16,77800.0,100,Buy,233563675
2024-08-21 13:06:40,77800.0,1000,Buy,233564256
2024-08-21 13:06:55,77800.0,100,Buy,233564831
2024-08-21 13:06:55,77800.0,300,Buy,233564840
2024-08-21 13:06:55,77800.0,500,Buy,233564841
2024-08-21 13:06:55,77800.0,200,Buy,233564842
2024-08-21 13:07:05,77800.0,100,Buy,233565187
2024-08-21 13:08:20,78000.0,400,Buy,233567702
2024-08-21 13:08:20,78000.0,200,Buy,233567703
2024-08-21 13:08:45,78000.0,1200,Buy,233568315
2024-08-21 13:09:22,78000.0,100,Buy,233569374
2024-08-21 13:09:34,78000.0,900,Buy,233569672
2024-08-21 13:09:34,78000.0,100,Buy,233569673
2024-08-21 13:09:34,78000.0,4000,Buy,233569674
2024-08-21 13:09:35,78000.0,1000,Buy,233569725
2024-08-21 13:09:35,78000.0,500,Buy,233569726
2024-08-21 13:10:25,78000.0,100,Sell,233570975
2024-08-21 13:11:12,78000.0,500,Sell,233572167
2024-08-21 13:11:29,78100.0,100,Buy,233572604
2024-08-21 13:11:39,78200.0,100,Buy,233572901
2024-08-21 13:11:48,78200.0,100,Buy,233573081
2024-08-21 13:13:15,78000.0,400,Sell,233575199
2024-08-21 13:13:19,78200.0,100,Buy,233575297
2024-08-21 13:13:26,78200.0,100,Buy,233575474
2024-08-21 13:13:26,78200.0,100,Buy,233575475
2024-08-21 13:13:53,78200.0,100,Buy,233576292
2024-08-21 13:14:15,78200.0,100,Buy,233576829
2024-08-21 13:14:16,78200.0,100,Buy,233576861
2024-08-21 13:14:31,78200.0,200,Buy,233577308
2024-08-21 13:14:57,78200.0,200,Sell,233578071
2024-08-21 13:15:37,78200.0,300,Sell,233579356
2024-08-21 13:15:55,78200.0,100,Sell,233579878
2024-08-21 13:15:55,78200.0,300,Sell,233579877
2024-08-21 13:15:58,78200.0,300,Sell,233579948
2024-08-21 13:16:42,78200.0,100,Buy,233581405
2024-08-21 13:18:01,78200.0,100,Buy,233583829
2024-08-21 13:18:04,78200.0,500,Buy,233583907
2024-08-21 13:18:04,78200.0,1500,Buy,233583905
2024-08-21 13:18:04,78200.0,1000,Buy,233583906
2024-08-21 13:19:41,78100.0,500,Sell,233587007
2024-08-21 13:19:53,78200.0,700,Buy,233587543
2024-08-21 13:20:04,78200.0,100,Sell,233587910
2024-08-21 13:21:03,78200.0,200,Sell,233589688
2024-08-21 13:21:18,78100.0,500,Sell,233590180
2024-08-21 13:21:35,78100.0,1000,Sell,233590672
2024-08-21 13:21:45,78200.0,100,Buy,233590961
2024-08-21 13:22:00,78100.0,500,Sell,233591407
2024-08-21 13:23:14,78100.0,500,Sell,233593700
2024-08-21 13:25:34,78100.0,100,Sell,233597859
2024-08-21 13:25:34,78100.0,200,Sell,233597860
2024-08-21 13:25:42,78200.0,100,Buy,233598143
2024-08-21 13:26:20,78200.0,100,Buy,233599152
2024-08-21 13:27:28,78200.0,300,Buy,233600983
2024-08-21 13:27:28,78200.0,100,Buy,233600984
2024-08-21 13:27:28,78200.0,1000,Buy,233600985
2024-08-21 13:27:45,78200.0,500,Sell,233601427
2024-08-21 13:27:49,78200.0,100,Sell,233601502
2024-08-21 13:28:00,78200.0,100,Buy,233601816
2024-08-21 13:29:11,78200.0,100,Buy,233603743
2024-08-21 13:29:11,78200.0,100,Buy,233603744
2024-08-21 13:29:11,78200.0,300,Buy,233603745
2024-08-21 13:29:12,78100.0,200,Sell,233603759
2024-08-21 13:29:38,78100.0,1600,Sell,233604310
2024-08-21 13:29:38,78100.0,2400,Sell,233604311
2024-08-21 13:29:40,78100.0,100,Sell,233604385
2024-08-21 13:29:40,78100.0,200,Sell,233604386
2024-08-21 13:30:28,78000.0,100,Sell,233605472
2024-08-21 13:30:28,78000.0,200,Sell,233605471
2024-08-21 13:30:28,78000.0,700,Sell,233605469
2024-08-21 13:30:28,78000.0,2900,Sell,233605468
2024-08-21 13:30:28,78000.0,100,Sell,233605470
2024-08-21 13:30:46,78000.0,100,Sell,233605960
2024-08-21 13:30:46,78000.0,100,Sell,233605961
2024-08-21 13:30:55,78000.0,100,Buy,233606260
2024-08-21 13:31:06,77800.0,4700,Sell,233606573
2024-08-21 13:31:06,77800.0,100,Sell,233606572
2024-08-21 13:31:06,77800.0,100,Sell,233606571
2024-08-21 13:31:06,77800.0,5000,Sell,233606569
2024-08-21 13:31:06,77900.0,100,Sell,233606568
2024-08-21 13:31:06,77900.0,500,Sell,233606567
2024-08-21 13:31:06,77800.0,500,Sell,233606570
2024-08-21 13:32:47,77800.0,300,Sell,233610178
2024-08-21 13:32:47,77800.0,100,Sell,233610179
2024-08-21 13:32:47,77800.0,300,Sell,233610180
2024-08-21 13:33:07,77800.0,200,Sell,233610811
2024-08-21 13:34:13,77900.0,300,Buy,233612817
2024-08-21 13:34:26,77900.0,1000,Buy,233613191
2024-08-21 13:34:42,77800.0,100,Sell,233613618
2024-08-21 13:34:42,77800.0,1000,Sell,233613617
2024-08-21 13:34:42,77800.0,100,Sell,233613614
2024-08-21 13:34:42,77800.0,500,Sell,233613615
2024-08-21 13:34:42,77800.0,100,Sell,233613613
2024-08-21 13:34:42,77800.0,200,Sell,233613616
2024-08-21 13:34:43,77900.0,100,Buy,233613631
2024-08-21 13:35:58,77800.0,100,Sell,233615905
2024-08-21 13:36:33,77900.0,100,Buy,233617069
2024-08-21 13:37:15,77900.0,100,Buy,233618691
2024-08-21 13:38:45,77800.0,1000,Sell,233621849
2024-08-21 13:38:45,77800.0,300,Sell,233621847
2024-08-21 13:38:45,77800.0,100,Sell,233621848
2024-08-21 13:40:56,77900.0,500,Sell,233627700
2024-08-21 13:43:33,77900.0,100,Sell,233633394
2024-08-21 13:45:13,78000.0,200,Buy,233637193
2024-08-21 13:45:13,78000.0,100,Buy,233637194
2024-08-21 13:45:13,78000.0,1600,Buy,233637195
2024-08-21 13:45:13,78000.0,1000,Buy,233637196
2024-08-21 13:45:13,78000.0,700,Buy,233637197
2024-08-21 13:45:13,78000.0,400,Buy,233637198
2024-08-21 13:45:22,78000.0,500,Buy,233637466
2024-08-21 13:45:43,78000.0,200,Sell,233638293
2024-08-21 13:45:43,78000.0,100,Buy,233638277
2024-08-21 13:45:52,78000.0,900,Sell,233638596
2024-08-21 13:46:04,78000.0,100,Buy,233638972
2024-08-21 13:46:10,78000.0,100,Sell,233639259
2024-08-21 13:46:29,78000.0,100,Sell,233639919
2024-08-21 13:46:49,77900.0,100,Sell,233640463
2024-08-21 13:47:46,77900.0,500,Sell,233642373
2024-08-21 13:48:02,77900.0,500,Sell,233643008
2024-08-21 13:48:04,77900.0,100,Sell,233643052
2024-08-21 13:48:39,77900.0,300,Sell,233644145
2024-08-21 13:48:39,77900.0,400,Sell,233644144
2024-08-21 13:48:40,77900.0,100,Sell,233644158
2024-08-21 13:49:07,77900.0,100,Sell,233645063
2024-08-21 13:49:07,77900.0,200,Sell,233645064
2024-08-21 13:49:07,77900.0,200,Sell,233645065
2024-08-21 13:49:33,77900.0,300,Sell,233646281
2024-08-21 13:49:33,77900.0,100,Sell,233646282
2024-08-21 13:49:33,77900.0,100,Sell,233646283
2024-08-21 13:49:33,77900.0,100,Sell,233646284
2024-08-21 13:49:33,77900.0,100,Sell,233646285
2024-08-21 13:50:14,77900.0,100,Buy,233648103
2024-08-21 13:50:46,77800.0,600,Sell,233649271
2024-08-21 13:50:46,77800.0,200,Sell,233649270
2024-08-21 13:50:46,77800.0,200,Sell,233649269
2024-08-21 13:50:46,77800.0,100,Sell,233649268
2024-08-21 13:50:46,77800.0,100,Sell,233649267
2024-08-21 13:50:46,77800.0,300,Sell,233649264
2024-08-21 13:50:46,77800.0,1000,Sell,233649266
2024-08-21 13:50:46,77800.0,2000,Sell,233649262
2024-08-21 13:50:46,77800.0,5000,Sell,233649263
2024-08-21 13:50:46,77800.0,300,Sell,233649256
2024-08-21 13:50:46,77800.0,100,Sell,233649257
2024-08-21 13:50:46,77800.0,100,Sell,233649258
2024-08-21 13:50:46,77800.0,5000,Sell,233649265
2024-08-21 13:50:46,77800.0,300,Sell,233649260
2024-08-21 13:50:46,77800.0,500,Sell,233649261
2024-08-21 13:50:46,77800.0,100,Sell,233649259
2024-08-21 13:52:03,77800.0,500,Sell,233652422
2024-08-21 13:52:03,77800.0,500,Sell,233652423
2024-08-21 13:52:33,77800.0,200,Sell,233653937
2024-08-21 13:52:34,77800.0,300,Sell,233653974
2024-08-21 13:53:32,77800.0,600,Sell,233656239
2024-08-21 13:55:01,77800.0,1000,Sell,233659310
2024-08-21 13:55:18,77800.0,400,Sell,233659913
2024-08-21 13:55:18,77800.0,300,Sell,233659914
2024-08-21 13:55:28,77800.0,100,Sell,233660226
2024-08-21 13:55:45,77800.0,200,Buy,233660838
2024-08-21 13:56:51,77800.0,200,Sell,233662708
2024-08-21 13:57:57,77800.0,500,Buy,233665017
2024-08-21 13:58:29,77800.0,700,Buy,233665920
2024-08-21 13:58:29,77800.0,100,Buy,233665919
2024-08-21 13:58:29,77800.0,200,Buy,233665918
2024-08-21 13:58:43,77800.0,500,Buy,233666389
2024-08-21 13:59:00,77800.0,500,Buy,233666869
2024-08-21 13:59:34,77700.0,100,Sell,233667748
2024-08-21 14:01:00,77700.0,5000,Sell,233669991
2024-08-21 14:01:00,77700.0,200,Sell,233669992
2024-08-21 14:01:00,77700.0,100,Sell,233669993
2024-08-21 14:01:00,77700.0,200,Sell,233669994
2024-08-21 14:01:00,77700.0,1500,Sell,233669990
2024-08-21 14:01:47,77700.0,100,Sell,233671179
2024-08-21 14:01:47,77700.0,200,Sell,233671180
2024-08-21 14:01:47,77700.0,500,Sell,233671182
2024-08-21 14:01:47,77700.0,200,Sell,233671183
2024-08-21 14:01:47,77700.0,400,Sell,233671184
2024-08-21 14:01:47,77700.0,400,Sell,233671185
2024-08-21 14:01:47,77700.0,200,Sell,233671181
2024-08-21 14:02:21,77600.0,1000,Sell,233672007
2024-08-21 14:02:41,77600.0,1000,Sell,233672553
2024-08-21 14:03:15,77600.0,400,Sell,233673811
2024-08-21 14:04:50,77600.0,1000,Sell,233676955
2024-08-21 14:04:50,77700.0,500,Sell,233676954
2024-08-21 14:05:51,77700.0,100,Sell,233678553
2024-08-21 14:05:57,77700.0,100,Sell,233678785
2024-08-21 14:06:21,77700.0,400,Sell,233679447
2024-08-21 14:06:21,77700.0,100,Sell,233679448
2024-08-21 14:06:26,77700.0,300,Buy,233679592
2024-08-21 14:06:43,77700.0,100,Buy,233680002
2024-08-21 14:07:02,77700.0,1000,Buy,233680607
2024-08-21 14:07:13,77700.0,100,Buy,233680920
2024-08-21 14:07:21,77700.0,100,Buy,233681170
2024-08-21 14:07:26,77700.0,300,Buy,233681473
2024-08-21 14:07:39,77700.0,200,Sell,233681898
2024-08-21 14:08:16,77700.0,100,Buy,233682851
2024-08-21 14:10:13,77800.0,100,Buy,233687311
2024-08-21 14:10:59,77700.0,200,Sell,233688955
2024-08-21 14:11:04,77700.0,1000,Sell,233689117
2024-08-21 14:12:45,77700.0,800,Sell,233692098
2024-08-21 14:13:13,77700.0,300,Sell,233693009
2024-08-21 14:13:48,77700.0,300,Sell,233693954
2024-08-21 14:14:34,77800.0,100,Buy,233695420
2024-08-21 14:15:56,77800.0,200,Buy,233698111
2024-08-21 14:15:56,77800.0,1300,Buy,233698112
2024-08-21 14:16:29,77800.0,700,Buy,233698983
2024-08-21 14:16:29,77800.0,100,Buy,233698984
2024-08-21 14:17:04,77800.0,400,Buy,233700193
2024-08-21 14:17:04,77800.0,100,Buy,233700194
2024-08-21 14:17:04,77800.0,500,Buy,233700195
2024-08-21 14:17:12,77800.0,100,Buy,233700453
2024-08-21 14:17:16,77800.0,900,Buy,233700548
2024-08-21 14:17:54,77800.0,100,Sell,233701646
2024-08-21 14:17:54,77800.0,100,Sell,233701647
2024-08-21 14:17:54,77800.0,100,Sell,233701648
2024-08-21 14:18:55,77800.0,100,Buy,233703866
2024-08-21 14:19:04,77800.0,200,Buy,233704188
2024-08-21 14:19:35,77400.0,300,Sell,233705979
2024-08-21 14:19:35,77300.0,100,Sell,233705986
2024-08-21 14:19:35,77300.0,1000,Sell,233705985
2024-08-21 14:19:35,77300.0,300,Sell,233705984
2024-08-21 14:19:35,77300.0,200,Sell,233705983
2024-08-21 14:19:35,77300.0,200,Sell,233705982
2024-08-21 14:19:35,77300.0,100,Sell,233705981
2024-08-21 14:19:35,77300.0,100,Sell,233705980
2024-08-21 14:19:35,77400.0,100,Sell,233705978
2024-08-21 14:19:35,77500.0,500,Sell,233705972
2024-08-21 14:19:35,77400.0,200,Sell,233705976
2024-08-21 14:19:35,77400.0,300,Sell,233705975
2024-08-21 14:19:35,77500.0,100,Sell,233705974
2024-08-21 14:19:35,77500.0,300,Sell,233705973
2024-08-21 14:19:35,77300.0,500,Sell,233705987
2024-08-21 14:19:35,77500.0,500,Sell,233705971
2024-08-21 14:19:35,77500.0,5000,Sell,233705970
2024-08-21 14:19:35,77500.0,400,Sell,233705969
2024-08-21 14:19:35,77500.0,300,Sell,233705968
2024-08-21 14:19:35,77400.0,400,Sell,233705977
2024-08-21 14:19:35,77300.0,100,Sell,233705988
2024-08-21 14:19:35,77200.0,1000,Sell,233705995
2024-08-21 14:19:35,77300.0,600,Sell,233705990
2024-08-21 14:19:35,77200.0,100,Sell,233706011
2024-08-21 14:19:35,77200.0,500,Sell,233706010
2024-08-21 14:19:35,77200.0,600,Sell,233706009
2024-08-21 14:19:35,77200.0,3000,Sell,233706008
2024-08-21 14:19:35,77200.0,1000,Sell,233706007
2024-08-21 14:19:35,77200.0,300,Sell,233706006
2024-08-21 14:19:35,77200.0,100,Sell,233706005
2024-08-21 14:19:35,77200.0,200,Sell,233706004
2024-08-21 14:19:35,77200.0,1000,Sell,233706003
2024-08-21 14:19:35,77300.0,300,Sell,233705989
2024-08-21 14:19:35,77200.0,1000,Sell,233706002
2024-08-21 14:19:35,77200.0,100,Sell,233706000
2024-08-21 14:19:35,77200.0,200,Sell,233705999
2024-08-21 14:19:35,77200.0,200,Sell,233705998
2024-08-21 14:19:35,77200.0,200,Sell,233705997
2024-08-21 14:19:35,77200.0,300,Sell,233705996
2024-08-21 14:19:35,77500.0,2000,Sell,233705967
2024-08-21 14:19:35,77200.0,100,Sell,233705994
2024-08-21 14:19:35,77200.0,100,Sell,233705993
2024-08-21 14:19:35,77300.0,3000,Sell,233705991
2024-08-21 14:19:35,77200.0,1000,Sell,233706001
2024-08-21 14:19:35,77500.0,100,Sell,233705966
2024-08-21 14:19:35,77300.0,100,Sell,233705992
2024-08-21 14:19:35,77500.0,200,Sell,233705964
2024-08-21 14:19:35,77600.0,300,Sell,233705938
2024-08-21 14:19:35,77600.0,1500,Sell,233705937
2024-08-21 14:19:35,77600.0,200,Sell,233705936
2024-08-21 14:19:35,77600.0,100,Sell,233705935
2024-08-21 14:19:35,77600.0,300,Sell,233705934
2024-08-21 14:19:35,77600.0,300,Sell,233705932
2024-08-21 14:19:35,77700.0,100,Sell,233705931
2024-08-21 14:19:35,77700.0,10000,Sell,233705930
2024-08-21 14:19:35,77700.0,3000,Sell,233705929
2024-08-21 14:19:35,77600.0,100,Sell,233705939
2024-08-21 14:19:35,77700.0,100,Sell,233705928
2024-08-21 14:19:35,77700.0,1000,Sell,233705926
2024-08-21 14:19:35,77700.0,400,Sell,233705925
2024-08-21 14:19:35,77700.0,200,Sell,233705924
2024-08-21 14:19:35,77700.0,1000,Sell,233705923
2024-08-21 14:19:35,77700.0,2000,Sell,233705922
2024-08-21 14:19:35,77700.0,100,Sell,233705921
2024-08-21 14:19:35,77700.0,400,Sell,233705920
2024-08-21 14:19:35,77800.0,1000,Sell,233705919
2024-08-21 14:19:35,77500.0,100,Sell,233705965
2024-08-21 14:19:35,77700.0,200,Sell,233705927
2024-08-21 14:19:35,77600.0,2000,Sell,233705940
2024-08-21 14:19:35,77600.0,8000,Sell,233705933
2024-08-21 14:19:35,77600.0,700,Sell,233705942
2024-08-21 14:19:35,77500.0,200,Sell,233705963
2024-08-21 14:19:35,77500.0,100,Sell,233705962
2024-08-21 14:19:35,77500.0,500,Sell,233705961
2024-08-21 14:19:35,77600.0,100,Sell,233705941
2024-08-21 14:19:35,77500.0,200,Sell,233705959
2024-08-21 14:19:35,77500.0,200,Sell,233705958
2024-08-21 14:19:35,77500.0,300,Sell,233705957
2024-08-21 14:19:35,77500.0,300,Sell,233705956
2024-08-21 14:19:35,77500.0,200,Sell,233705955
2024-08-21 14:19:35,77500.0,100,Sell,233705954
2024-08-21 14:19:35,77500.0,1000,Sell,233705960
2024-08-21 14:19:35,77500.0,1000,Sell,233705951
2024-08-21 14:19:35,77500.0,2000,Sell,233705952
2024-08-21 14:19:35,77600.0,100,Sell,233705943
2024-08-21 14:19:35,77600.0,2000,Sell,233705945
2024-08-21 14:19:35,77500.0,100,Sell,233705946
2024-08-21 14:19:35,77600.0,500,Sell,233705944
2024-08-21 14:19:35,77500.0,200,Sell,233705948
2024-08-21 14:19:35,77500.0,500,Sell,233705949
2024-08-21 14:19:35,77500.0,4000,Sell,233705950
2024-08-21 14:19:35,77500.0,4000,Sell,233705947
2024-08-21 14:19:50,77200.0,100,Buy,233706514
2024-08-21 14:19:52,77200.0,1000,Buy,233706582
2024-08-21 14:20:00,77000.0,100,Sell,233706878
2024-08-21 14:20:00,77000.0,100,Sell,233706879
2024-08-21 14:20:00,77000.0,500,Sell,233706880
2024-08-21 14:20:00,77000.0,1000,Sell,233706881
2024-08-21 14:20:00,77000.0,1000,Sell,233706882
2024-08-21 14:20:00,77000.0,500,Sell,233706907
2024-08-21 14:20:00,77000.0,500,Sell,233706884
2024-08-21 14:20:00,77000.0,2000,Sell,233706905
2024-08-21 14:20:00,77000.0,300,Sell,233706906
2024-08-21 14:20:00,77000.0,100,Sell,233706908
2024-08-21 14:20:00,77000.0,800,Sell,233706877
2024-08-21 14:20:00,77000.0,100,Sell,233706883
2024-08-21 14:20:00,77000.0,100,Sell,233706876
2024-08-21 14:20:00,77000.0,300,Sell,233706866
2024-08-21 14:20:00,77000.0,300,Sell,233706872
2024-08-21 14:20:00,77000.0,100,Sell,233706873
2024-08-21 14:20:00,77100.0,100,Sell,233706860
2024-08-21 14:20:00,77100.0,300,Sell,233706861
2024-08-21 14:20:00,77100.0,1000,Sell,233706862
2024-08-21 14:20:00,77100.0,2000,Sell,233706863
2024-08-21 14:20:00,77100.0,100,Sell,233706864
2024-08-21 14:20:00,77100.0,200,Sell,233706859
2024-08-21 14:20:00,77000.0,1000,Sell,233706867
2024-08-21 14:20:00,77000.0,3000,Sell,233706868
2024-08-21 14:20:00,77000.0,300,Sell,233706869
2024-08-21 14:20:00,77000.0,900,Sell,233706870
2024-08-21 14:20:00,77000.0,100,Sell,233706871
2024-08-21 14:20:00,77000.0,200,Sell,233706865
2024-08-21 14:20:06,77000.0,200,Buy,233707122
2024-08-21 14:20:18,77000.0,500,Buy,233707741
2024-08-21 14:20:19,77000.0,1000,Buy,233707774
2024-08-21 14:20:25,77000.0,1300,Buy,233707985
2024-08-21 14:20:25,77000.0,200,Buy,233707986
2024-08-21 14:21:12,77000.0,1000,Sell,233710431
2024-08-21 14:21:12,77000.0,100,Sell,233710430
2024-08-21 14:21:12,77000.0,100,Sell,233710429
2024-08-21 14:21:12,77000.0,300,Sell,233710428
2024-08-21 14:21:12,77000.0,100,Sell,233710427
2024-08-21 14:21:12,77000.0,100,Sell,233710426
2024-08-21 14:21:12,77000.0,500,Sell,233710425
2024-08-21 14:21:12,77000.0,100,Sell,233710421
2024-08-21 14:21:12,77000.0,100,Sell,233710423
2024-08-21 14:21:12,77000.0,100,Sell,233710422
2024-08-21 14:21:12,77000.0,100,Sell,233710420
2024-08-21 14:21:12,77000.0,100,Sell,233710419
2024-08-21 14:21:12,77000.0,100,Sell,233710418
2024-08-21 14:21:12,77000.0,1500,Sell,233710417
2024-08-21 14:21:12,77100.0,200,Sell,233710416
2024-08-21 14:21:12,77000.0,100,Sell,233710424
2024-08-21 14:21:13,77000.0,400,Buy,233710456
2024-08-21 14:21:34,77000.0,2200,Sell,233711252
2024-08-21 14:21:34,77000.0,200,Sell,233711251
2024-08-21 14:21:34,77100.0,100,Sell,233711250
2024-08-21 14:21:34,77100.0,500,Sell,233711248
2024-08-21 14:21:34,77100.0,12000,Sell,233711249
2024-08-21 14:21:59,77000.0,2800,Sell,233712390
2024-08-21 14:21:59,77000.0,500,Sell,233712391
2024-08-21 14:22:27,77000.0,1000,Sell,233713831
2024-08-21 14:22:27,77000.0,100,Sell,233713830
2024-08-21 14:22:27,77000.0,100,Sell,233713827
2024-08-21 14:22:27,77000.0,200,Sell,233713828
2024-08-21 14:22:27,77000.0,5000,Sell,233713826
2024-08-21 14:22:27,77000.0,1000,Sell,233713829
2024-08-21 14:22:27,77000.0,400,Sell,233713824
2024-08-21 14:22:27,77100.0,100,Sell,233713819
2024-08-21 14:22:27,77100.0,900,Sell,233713820
2024-08-21 14:22:27,77000.0,100,Sell,233713825
2024-08-21 14:22:27,77000.0,100,Sell,233713822
2024-08-21 14:22:27,77000.0,200,Sell,233713821
2024-08-21 14:22:27,77000.0,500,Sell,233713823
2024-08-21 14:22:28,77000.0,17500,Buy,233713845
2024-08-21 14:22:32,77000.0,2700,Buy,233714090
2024-08-21 14:23:07,77800.0,100,Buy,233715517
2024-08-21 14:23:07,77800.0,100,Buy,233715518
2024-08-21 14:23:07,77800.0,200,Buy,233715519
2024-08-21 14:23:15,77800.0,100,Buy,233715865
2024-08-21 14:23:45,77800.0,300,Buy,233717538
2024-08-21 14:24:31,77000.0,3000,Sell,233719756
2024-08-21 14:24:31,77000.0,100,Sell,233719758
2024-08-21 14:24:31,77000.0,5000,Sell,233719759
2024-08-21 14:24:31,77000.0,1200,Sell,233719760
2024-08-21 14:24:31,77000.0,100,Sell,233719761
2024-08-21 14:24:31,77000.0,200,Sell,233719762
2024-08-21 14:24:31,77000.0,100,Sell,233719763
2024-08-21 14:24:31,77000.0,500,Sell,233719767
2024-08-21 14:24:31,77000.0,1000,Sell,233719765
2024-08-21 14:24:31,77000.0,500,Sell,233719766
2024-08-21 14:24:31,77000.0,1000,Sell,233719755
2024-08-21 14:24:31,77000.0,100,Sell,233719770
2024-08-21 14:24:31,77000.0,200,Sell,233719771
2024-08-21 14:24:31,77000.0,300,Sell,233719772
2024-08-21 14:24:31,77000.0,600,Sell,233719773
2024-08-21 14:24:31,77000.0,1000,Sell,233719764
2024-08-21 14:24:31,77000.0,200,Sell,233719754
2024-08-21 14:24:31,77000.0,500,Sell,233719769
2024-08-21 14:24:31,77000.0,200,Sell,233719752
2024-08-21 14:24:31,77000.0,7300,Sell,233719753
2024-08-21 14:24:31,77200.0,100,Sell,233719735
2024-08-21 14:24:31,77200.0,100,Sell,233719736
2024-08-21 14:24:31,77200.0,600,Sell,233719737
2024-08-21 14:24:31,77200.0,100,Sell,233719738
2024-08-21 14:24:31,77200.0,200,Sell,233719739
2024-08-21 14:24:31,77100.0,600,Sell,233719740
2024-08-21 14:24:31,77100.0,200,Sell,233719741
2024-08-21 14:24:31,77100.0,1000,Sell,233719742
2024-08-21 14:24:31,77000.0,100,Sell,233719768
2024-08-21 14:24:31,77100.0,100,Sell,233719744
2024-08-21 14:24:31,77100.0,1000,Sell,233719745
2024-08-21 14:24:31,77100.0,100,Sell,233719746
2024-08-21 14:24:31,77000.0,100,Sell,233719747
2024-08-21 14:24:31,77000.0,1000,Sell,233719748
2024-08-21 14:24:31,77000.0,500,Sell,233719749
2024-08-21 14:24:31,77000.0,200,Sell,233719750
2024-08-21 14:24:31,77100.0,500,Sell,233719743
2024-08-21 14:24:31,77000.0,200,Sell,233719751
2024-08-21 14:24:39,77000.0,200,Buy,233720170
2024-08-21 14:25:22,77000.0,400,Sell,233722510
2024-08-21 14:25:22,77000.0,500,Sell,233722522
2024-08-21 14:25:22,77000.0,100,Sell,233722523
2024-08-21 14:25:22,77000.0,500,Sell,233722524
2024-08-21 14:25:22,77000.0,100,Sell,233722525
2024-08-21 14:25:22,77000.0,200,Sell,233722530
2024-08-21 14:25:22,77000.0,100,Sell,233722527
2024-08-21 14:25:22,77000.0,500,Sell,233722528
2024-08-21 14:25:22,77000.0,600,Sell,233722529
2024-08-21 14:25:22,77000.0,200,Sell,233722531
2024-08-21 14:25:22,77000.0,2000,Buy,233722534
2024-08-21 14:25:22,77000.0,5000,Buy,233722535
2024-08-21 14:25:22,77000.0,1000,Sell,233722526
2024-08-21 14:25:22,77000.0,100,Sell,233722509
2024-08-21 14:25:22,77000.0,200,Sell,233722507
2024-08-21 14:25:22,77000.0,300,Sell,233722506
2024-08-21 14:25:22,77100.0,100,Sell,233722494
2024-08-21 14:25:22,77000.0,400,Sell,233722495
2024-08-21 14:25:22,77000.0,100,Sell,233722508
2024-08-21 14:25:22,77000.0,100,Sell,233722497
2024-08-21 14:25:22,77000.0,1000,Sell,233722498
2024-08-21 14:25:22,77000.0,100,Sell,233722496
2024-08-21 14:25:22,77000.0,100,Sell,233722500
2024-08-21 14:25:22,77000.0,1000,Sell,233722502
2024-08-21 14:25:22,77000.0,5000,Sell,233722503
2024-08-21 14:25:22,77000.0,200,Sell,233722504
2024-08-21 14:25:22,77000.0,100,Sell,233722505
2024-08-21 14:25:22,77000.0,200,Sell,233722499
2024-08-21 14:25:22,77000.0,500,Sell,233722501
2024-08-21 14:25:23,77000.0,200,Buy,233722566
2024-08-21 14:25:23,77000.0,100,Buy,233722583
2024-08-21 14:25:23,77000.0,100,Buy,233722641
2024-08-21 14:25:25,77000.0,100,Buy,233722734
2024-08-21 14:25:32,77000.0,200,Buy,233723201
2024-08-21 14:25:32,77000.0,400,Buy,233723184
2024-08-21 14:25:33,76900.0,1200,Sell,233723282
2024-08-21 14:25:33,77000.0,200,Buy,233723266
2024-08-21 14:25:33,76900.0,300,Sell,233723281
2024-08-21 14:25:36,77000.0,1400,Buy,233723405
2024-08-21 14:25:44,76900.0,2600,Sell,233723706
2024-08-21 14:25:46,76800.0,900,Sell,233723878
2024-08-21 14:25:46,76800.0,100,Sell,233723877
2024-08-21 14:25:46,76800.0,2600,Sell,233723876
2024-08-21 14:25:46,76800.0,100,Sell,233723873
2024-08-21 14:25:46,76800.0,100,Sell,233723872
2024-08-21 14:25:46,76800.0,200,Sell,233723871
2024-08-21 14:25:46,76800.0,100,Sell,233723870
2024-08-21 14:25:46,76800.0,2000,Sell,233723869
2024-08-21 14:25:46,76800.0,300,Sell,233723868
2024-08-21 14:25:46,76800.0,300,Sell,233723867
2024-08-21 14:25:46,76800.0,100,Sell,233723875
2024-08-21 14:25:46,76900.0,200,Sell,233723841
2024-08-21 14:25:46,76800.0,300,Sell,233723866
2024-08-21 14:25:46,76900.0,1200,Sell,233723832
2024-08-21 14:25:46,76900.0,500,Sell,233723833
2024-08-21 14:25:46,76900.0,100,Sell,233723834
2024-08-21 14:25:46,76900.0,2000,Sell,233723835
2024-08-21 14:25:46,76800.0,100,Sell,233723874
2024-08-21 14:25:46,76900.0,100,Sell,233723836
2024-08-21 14:25:46,76900.0,100,Sell,233723837
2024-08-21 14:25:46,76900.0,100,Sell,233723838
2024-08-21 14:25:46,76900.0,2000,Sell,233723839
2024-08-21 14:25:46,76900.0,100,Sell,233723840
2024-08-21 14:25:49,76800.0,500,Buy,233724055
2024-08-21 14:25:51,76800.0,2900,Buy,233724200
2024-08-21 14:25:55,76800.0,1000,Buy,233724519
2024-08-21 14:26:00,76700.0,100,Sell,233724843
2024-08-21 14:26:00,76700.0,100,Sell,233724844
2024-08-21 14:26:00,76700.0,100,Sell,233724846
2024-08-21 14:26:00,76600.0,300,Sell,233724847
2024-08-21 14:26:00,76800.0,100,Buy,233724934
2024-08-21 14:26:00,76700.0,100,Sell,233724842
2024-08-21 14:26:00,76700.0,300,Sell,233724845
2024-08-21 14:26:10,76500.0,2000,Sell,233725542
2024-08-21 14:26:10,76500.0,100,Buy,233725560
2024-08-21 14:26:10,76500.0,100,Sell,233725546
2024-08-21 14:26:10,76500.0,1500,Sell,233725545
2024-08-21 14:26:10,76500.0,500,Sell,233725544
2024-08-21 14:26:10,76500.0,100,Sell,233725543
2024-08-21 14:26:10,76500.0,500,Sell,233725540
2024-08-21 14:26:10,76600.0,100,Sell,233725539
2024-08-21 14:26:10,76600.0,500,Sell,233725534
2024-08-21 14:26:10,76600.0,1000,Sell,233725535
2024-08-21 14:26:10,76500.0,500,Sell,233725541
2024-08-21 14:26:10,76600.0,100,Sell,233725537
2024-08-21 14:26:10,76600.0,400,Sell,233725538
2024-08-21 14:26:10,76600.0,200,Sell,233725536
2024-08-21 14:26:11,76500.0,500,Buy,233725575
2024-08-21 14:26:11,76500.0,100,Buy,233725588
2024-08-21 14:26:11,76500.0,200,Buy,233725615
2024-08-21 14:26:11,76500.0,100,Buy,233725625
2024-08-21 14:26:12,76500.0,100,Buy,233725653
2024-08-21 14:26:17,76500.0,200,Buy,233725896
2024-08-21 14:26:19,76500.0,100,Buy,233726029
2024-08-21 14:26:19,76500.0,100,Buy,233726005
2024-08-21 14:26:22,76500.0,100,Buy,233726213
2024-08-21 14:26:22,76500.0,100,Buy,233726227
2024-08-21 14:26:24,76500.0,100,Buy,233726250
2024-08-21 14:26:24,76500.0,300,Buy,233726251
2024-08-21 14:26:24,76500.0,400,Buy,233726256
2024-08-21 14:26:26,76500.0,200,Sell,233726353
2024-08-21 14:26:26,76500.0,100,Sell,233726351
2024-08-21 14:26:26,76500.0,600,Sell,233726350
2024-08-21 14:26:26,76500.0,100,Sell,233726352
2024-08-21 14:26:34,76500.0,800,Sell,233726683
2024-08-21 14:26:34,76500.0,700,Sell,233726684
2024-08-21 14:26:36,76500.0,300,Sell,233726790
2024-08-21 14:26:36,76500.0,500,Sell,233726791
2024-08-21 14:26:36,76500.0,200,Sell,233726792
2024-08-21 14:26:36,76500.0,1000,Sell,233726793
2024-08-21 14:26:37,76500.0,500,Sell,233726822
2024-08-21 14:26:39,76500.0,100,Sell,233726917
2024-08-21 14:26:39,76500.0,200,Sell,233726916
2024-08-21 14:26:39,76500.0,400,Sell,233726915
2024-08-21 14:26:39,76500.0,300,Sell,233726911
2024-08-21 14:26:39,76500.0,200,Sell,233726913
2024-08-21 14:26:39,76500.0,100,Sell,233726912
2024-08-21 14:26:39,76500.0,1500,Sell,233726910
2024-08-21 14:26:39,76500.0,100,Sell,233726914
2024-08-21 14:26:40,76300.0,800,Sell,233726981
2024-08-21 14:26:40,76300.0,100,Sell,233726980
2024-08-21 14:26:40,76300.0,100,Sell,233726979
2024-08-21 14:26:40,76400.0,500,Sell,233726977
2024-08-21 14:26:40,76400.0,100,Sell,233726976
2024-08-21 14:26:40,76400.0,1000,Sell,233726975
2024-08-21 14:26:40,76400.0,300,Sell,233726974
2024-08-21 14:26:40,76300.0,100,Sell,233726978
2024-08-21 14:26:41,76300.0,100,Sell,233727124
2024-08-21 14:26:41,76500.0,100,Buy,233727168
2024-08-21 14:26:41,76500.0,500,Buy,233727177
2024-08-21 14:26:51,76500.0,100,Sell,233727754
2024-08-21 14:26:54,76600.0,400,Sell,233727936
2024-08-21 14:26:54,76500.0,14400,Sell,233727937
2024-08-21 14:26:54,76500.0,100,Sell,233727938
2024-08-21 14:26:54,76500.0,100,Sell,233727939
2024-08-21 14:26:58,76500.0,100,Sell,233728148
2024-08-21 14:27:08,76500.0,100,Sell,233728864
2024-08-21 14:27:08,76500.0,500,Sell,233728863
2024-08-21 14:27:08,76500.0,100,Sell,233728865
2024-08-21 14:27:08,76500.0,300,Sell,233728861
2024-08-21 14:27:08,76600.0,200,Sell,233728860
2024-08-21 14:27:08,76500.0,300,Sell,233728862
2024-08-21 14:27:17,76000.0,200,Sell,233729480
2024-08-21 14:27:17,76000.0,100,Sell,233729479
2024-08-21 14:27:17,76000.0,8800,Sell,233729478
2024-08-21 14:27:17,76000.0,900,Sell,233729477
2024-08-21 14:27:17,76000.0,100,Sell,233729476
2024-08-21 14:27:17,76000.0,200,Sell,233729475
2024-08-21 14:27:17,76000.0,2000,Sell,233729474
2024-08-21 14:27:17,76000.0,300,Sell,233729473
2024-08-21 14:27:17,76000.0,100,Sell,233729471
2024-08-21 14:27:17,76000.0,300,Sell,233729470
2024-08-21 14:27:17,76000.0,1000,Sell,233729469
2024-08-21 14:27:17,76000.0,1000,Sell,233729468
2024-08-21 14:27:17,76000.0,1000,Sell,233729467
2024-08-21 14:27:17,76000.0,100,Sell,233729481
2024-08-21 14:27:17,76000.0,200,Sell,233729472
2024-08-21 14:27:17,76000.0,10000,Sell,233729482
2024-08-21 14:27:17,76000.0,200,Sell,233729491
2024-08-21 14:27:17,76000.0,100,Sell,233729484
2024-08-21 14:27:17,76000.0,100,Sell,233729499
2024-08-21 14:27:17,76000.0,8000,Sell,233729498
2024-08-21 14:27:17,76000.0,100,Sell,233729496
2024-08-21 14:27:17,76000.0,500,Sell,233729495
2024-08-21 14:27:17,76000.0,100,Sell,233729494
2024-08-21 14:27:17,76000.0,100,Sell,233729493
2024-08-21 14:27:17,76000.0,1000,Sell,233729483
2024-08-21 14:27:17,76000.0,100,Sell,233729492
2024-08-21 14:27:17,76000.0,100,Sell,233729490
2024-08-21 14:27:17,76000.0,100,Sell,233729489
2024-08-21 14:27:17,76000.0,200,Sell,233729488
2024-08-21 14:27:17,76000.0,500,Sell,233729487
2024-08-21 14:27:17,76000.0,500,Sell,233729486
2024-08-21 14:27:17,76000.0,300,Sell,233729485
2024-08-21 14:27:17,76000.0,400,Sell,233729466
2024-08-21 14:27:17,76100.0,500,Sell,233729465
2024-08-21 14:27:17,76000.0,100,Sell,233729497
2024-08-21 14:27:17,76200.0,100,Sell,233729463
2024-08-21 14:27:17,76300.0,100,Sell,233729443
2024-08-21 14:27:17,76300.0,1000,Sell,233729442
2024-08-21 14:27:17,76300.0,100,Sell,233729441
2024-08-21 14:27:17,76400.0,200,Sell,233729440
2024-08-21 14:27:17,76500.0,300,Sell,233729439
2024-08-21 14:27:17,76500.0,1000,Sell,233729438
2024-08-21 14:27:17,76300.0,400,Sell,233729444
2024-08-21 14:27:17,76500.0,100,Sell,233729437
2024-08-21 14:27:17,76500.0,1000,Sell,233729435
2024-08-21 14:27:17,76500.0,100,Sell,233729433
2024-08-21 14:27:17,76500.0,100,Sell,233729432
2024-08-21 14:27:17,76500.0,2000,Sell,233729431
2024-08-21 14:27:17,76500.0,500,Sell,233729430
2024-08-21 14:27:17,76600.0,100,Sell,233729429
2024-08-21 14:27:17,76500.0,300,Sell,233729436
2024-08-21 14:27:17,76300.0,800,Sell,233729445
2024-08-21 14:27:17,76500.0,100,Sell,233729434
2024-08-21 14:27:17,76300.0,100,Sell,233729447
2024-08-21 14:27:17,76300.0,500,Sell,233729446
2024-08-21 14:27:17,76200.0,1000,Sell,233729462
2024-08-21 14:27:17,76200.0,100,Sell,233729461
2024-08-21 14:27:17,76200.0,100,Sell,233729460
2024-08-21 14:27:17,76200.0,100,Sell,233729459
2024-08-21 14:27:17,76200.0,200,Sell,233729458
2024-08-21 14:27:17,76200.0,5000,Sell,233729457
2024-08-21 14:27:17,76200.0,300,Sell,233729456
2024-08-21 14:27:17,76100.0,1000,Sell,233729464
2024-08-21 14:27:17,76300.0,100,Sell,233729454
2024-08-21 14:27:17,76300.0,100,Sell,233729455
2024-08-21 14:27:17,76300.0,200,Sell,233729453
2024-08-21 14:27:17,76300.0,300,Sell,233729452
2024-08-21 14:27:17,76300.0,100,Sell,233729451
2024-08-21 14:27:17,76300.0,300,Sell,233729450
2024-08-21 14:27:17,76300.0,500,Sell,233729449
2024-08-21 14:27:17,76300.0,100,Sell,233729448
2024-08-21 14:27:18,76000.0,100,Buy,233729682
2024-08-21 14:27:19,76000.0,100,Buy,233729706
2024-08-21 14:27:24,76000.0,1600,Buy,233729910
2024-08-21 14:27:25,76000.0,100,Buy,233729943
2024-08-21 14:27:28,76100.0,100,Buy,233730103
2024-08-21 14:27:28,76000.0,400,Buy,233730102
2024-08-21 14:27:33,76000.0,4200,Sell,233730388
2024-08-21 14:27:33,76000.0,200,Sell,233730387
2024-08-21 14:27:33,76000.0,100,Sell,233730386
2024-08-21 14:27:33,76000.0,500,Sell,233730385
2024-08-21 14:27:36,76100.0,100,Buy,233730488
2024-08-21 14:27:36,76100.0,500,Buy,233730499
2024-08-21 14:27:37,76100.0,800,Buy,233730566
2024-08-21 14:27:39,76100.0,100,Buy,233730722
2024-08-21 14:27:43,76100.0,400,Sell,233730914
2024-08-21 14:27:43,76100.0,100,Sell,233730913
2024-08-21 14:27:44,76000.0,2200,Sell,233730960
2024-08-21 14:27:44,76000.0,1000,Sell,233730940
2024-08-21 14:27:44,76000.0,1900,Sell,233730939
2024-08-21 14:27:44,76000.0,300,Sell,233730938
2024-08-21 14:27:44,76000.0,5000,Sell,233730937
2024-08-21 14:27:44,76000.0,200,Sell,233730936
2024-08-21 14:27:44,76000.0,1000,Sell,233730935
2024-08-21 14:27:44,76000.0,500,Sell,233730934
2024-08-21 14:27:44,76000.0,500,Sell,233730932
2024-08-21 14:27:44,76100.0,400,Sell,233730926
2024-08-21 14:27:44,76100.0,200,Sell,233730927
2024-08-21 14:27:44,76000.0,1100,Sell,233730928
2024-08-21 14:27:44,76000.0,200,Sell,233730933
2024-08-21 14:27:44,76000.0,100,Sell,233730930
2024-08-21 14:27:44,76000.0,500,Sell,233730931
2024-08-21 14:27:44,76000.0,1000,Sell,233730929
2024-08-21 14:27:47,76500.0,1000,Buy,233731216
2024-08-21 14:27:47,76100.0,200,Sell,233731218
2024-08-21 14:27:47,76100.0,200,Sell,233731219
2024-08-21 14:27:47,76100.0,200,Sell,233731220
2024-08-21 14:27:47,76000.0,300,Sell,233731221
2024-08-21 14:27:47,76100.0,100,Sell,233731217
2024-08-21 14:27:49,76100.0,500,Sell,233731375
2024-08-21 14:27:49,76100.0,200,Sell,233731373
2024-08-21 14:27:49,76100.0,100,Sell,233731374
2024-08-21 14:27:50,76100.0,2300,Buy,233731381
2024-08-21 14:27:51,76100.0,3300,Sell,233731444
2024-08-21 14:28:04,76200.0,1000,Sell,233732083
2024-08-21 14:28:04,76200.0,100,Sell,233732084
2024-08-21 14:28:04,76100.0,1400,Sell,233732085
2024-08-21 14:28:08,76100.0,1200,Sell,233732327
2024-08-21 14:28:23,76200.0,500,Sell,233733140
2024-08-21 14:28:26,76200.0,500,Sell,233733310
2024-08-21 14:28:26,76200.0,100,Sell,233733311
2024-08-21 14:28:26,76200.0,100,Sell,233733312
2024-08-21 14:28:33,76300.0,500,Sell,233733732
2024-08-21 14:28:45,76300.0,600,Sell,233734488
2024-08-21 14:28:45,76300.0,100,Sell,233734487
2024-08-21 14:28:45,76300.0,100,Sell,233734485
2024-08-21 14:28:45,76300.0,500,Sell,233734486
2024-08-21 14:28:45,76300.0,400,Sell,233734484
2024-08-21 14:28:45,76300.0,300,Sell,233734480
2024-08-21 14:28:45,76300.0,100,Sell,233734482
2024-08-21 14:28:45,76300.0,1000,Sell,233734481
2024-08-21 14:28:45,76300.0,200,Sell,233734479
2024-08-21 14:28:45,76300.0,1500,Sell,233734478
2024-08-21 14:28:45,76300.0,200,Sell,233734483
2024-08-21 14:28:52,76300.0,100,Sell,233735009
2024-08-21 14:28:52,76300.0,100,Sell,233735008
2024-08-21 14:28:52,76300.0,100,Sell,233735006
2024-08-21 14:28:52,76300.0,100,Sell,233735005
2024-08-21 14:28:52,76300.0,200,Sell,233735007
2024-08-21 14:28:52,76300.0,100,Sell,233735003
2024-08-21 14:28:52,76300.0,1000,Sell,233735002
2024-08-21 14:28:52,76300.0,500,Sell,233735001
2024-08-21 14:28:52,76300.0,600,Sell,233735000
2024-08-21 14:28:52,76400.0,1000,Sell,233734999
2024-08-21 14:28:52,76300.0,100,Sell,233735004
2024-08-21 14:28:55,76400.0,100,Sell,233735214
2024-08-21 14:28:55,76300.0,200,Sell,233735215
2024-08-21 14:28:55,76300.0,300,Sell,233735216
2024-08-21 14:28:55,76300.0,100,Sell,233735217
2024-08-21 14:28:59,76400.0,100,Sell,233735535
2024-08-21 14:28:59,76400.0,400,Sell,233735536
2024-08-21 14:29:13,76800.0,500,Buy,233736427
2024-08-21 14:29:31,76800.0,100,Sell,233737321
2024-08-21 14:44:40,77100.0,61500,ATO/ATC,233738928
