time,price,volume,match_type,id
2024-07-19 09:14:40,81600.0,11200,ATO/ATC,224500973
2024-07-19 09:14:42,81400.0,500,Sell,224501176
2024-07-19 09:14:42,81600.0,500,Sell,224501174
2024-07-19 09:14:42,81500.0,1000,Sell,224501175
2024-07-19 09:15:07,81000.0,600,Sell,224501624
2024-07-19 09:15:09,81000.0,100,Sell,224501702
2024-07-19 09:15:09,81000.0,200,Sell,224501717
2024-07-19 09:15:09,81000.0,100,Sell,224501716
2024-07-19 09:15:09,81000.0,2000,Sell,224501715
2024-07-19 09:15:09,81000.0,200,Sell,224501714
2024-07-19 09:15:09,81000.0,5000,Sell,224501713
2024-07-19 09:15:09,81000.0,3000,Sell,224501712
2024-07-19 09:15:09,81000.0,100,Sell,224501711
2024-07-19 09:15:09,81000.0,400,Sell,224501710
2024-07-19 09:15:09,81000.0,200,Sell,224501709
2024-07-19 09:15:09,81000.0,100,Sell,224501708
2024-07-19 09:15:09,81000.0,200,Sell,224501707
2024-07-19 09:15:09,81000.0,4000,Sell,224501706
2024-07-19 09:15:09,81000.0,100,Sell,224501705
2024-07-19 09:15:09,81000.0,200,Sell,224501704
2024-07-19 09:15:09,81000.0,200,Sell,224501703
2024-07-19 09:15:09,81000.0,1900,Sell,224501701
2024-07-19 09:17:19,80900.0,1000,Buy,224505088
2024-07-19 09:17:39,80200.0,500,Sell,224505661
2024-07-19 09:17:39,80200.0,100,Sell,224505660
2024-07-19 09:18:44,80300.0,200,Sell,224507670
2024-07-19 09:19:04,80300.0,100,Sell,224508304
2024-07-19 09:19:38,80300.0,100,Sell,224509242
2024-07-19 09:19:42,80300.0,100,Sell,224509412
2024-07-19 09:19:42,80300.0,100,Sell,224509413
2024-07-19 09:19:43,80200.0,1900,Sell,224509462
2024-07-19 09:19:44,80300.0,1000,Buy,224509498
2024-07-19 09:19:53,80300.0,800,Buy,224509759
2024-07-19 09:19:53,80300.0,1200,Buy,224509760
2024-07-19 09:20:00,80000.0,100,Sell,224509977
2024-07-19 09:20:00,80000.0,200,Sell,224509976
2024-07-19 09:20:00,80000.0,200,Sell,224509974
2024-07-19 09:20:00,80000.0,100,Sell,224509975
2024-07-19 09:20:00,80000.0,1000,Sell,224509973
2024-07-19 09:20:12,80300.0,100,Sell,224510300
2024-07-19 09:20:12,80200.0,100,Sell,224510301
2024-07-19 09:20:12,80000.0,400,Sell,224510302
2024-07-19 09:20:23,80000.0,500,Sell,224510597
2024-07-19 09:21:02,80000.0,400,Sell,224511678
2024-07-19 09:21:02,80000.0,1000,Sell,224511677
2024-07-19 09:21:02,80000.0,100,Sell,224511676
2024-07-19 09:21:05,80000.0,200,Sell,224511747
2024-07-19 09:21:17,80000.0,100,Sell,224512025
2024-07-19 09:21:17,80000.0,100,Sell,224512026
2024-07-19 09:21:17,80000.0,100,Sell,224512027
2024-07-19 09:21:17,80000.0,100,Sell,224512028
2024-07-19 09:21:17,80000.0,400,Sell,224512024
2024-07-19 09:21:24,80000.0,100,Buy,224512310
2024-07-19 09:21:41,80000.0,100,Buy,224512845
2024-07-19 09:22:44,80000.0,500,Sell,224514457
2024-07-19 09:22:44,80000.0,100,Sell,224514456
2024-07-19 09:22:46,80000.0,500,Sell,224514494
2024-07-19 09:22:46,80000.0,100,Sell,224514493
2024-07-19 09:23:14,80000.0,700,Sell,224515243
2024-07-19 09:23:14,80000.0,700,Sell,224515244
2024-07-19 09:23:48,80000.0,300,Sell,224516041
2024-07-19 09:23:48,80000.0,500,Sell,224516042
2024-07-19 09:23:48,80000.0,100,Sell,224516043
2024-07-19 09:23:48,80000.0,100,Sell,224516044
2024-07-19 09:24:34,80000.0,400,Sell,224516974
2024-07-19 09:24:34,80100.0,100,Sell,224516973
2024-07-19 09:25:01,80000.0,1100,Sell,224517625
2024-07-19 09:25:17,80000.0,600,Sell,224517966
2024-07-19 09:25:45,80100.0,100,Sell,224518577
2024-07-19 09:26:30,80100.0,100,Sell,224519824
2024-07-19 09:27:49,80200.0,300,Sell,224522426
2024-07-19 09:27:49,80200.0,300,Sell,224522427
2024-07-19 09:28:00,80200.0,200,Sell,224523012
2024-07-19 09:28:00,80200.0,100,Sell,224523013
2024-07-19 09:29:33,80600.0,2900,Buy,224526479
2024-07-19 09:29:42,80600.0,700,Buy,224526840
2024-07-19 09:29:55,80600.0,1000,Buy,224527224
2024-07-19 09:30:22,80300.0,300,Sell,224528473
2024-07-19 09:30:22,80300.0,100,Sell,224528474
2024-07-19 09:30:22,80200.0,200,Sell,224528475
2024-07-19 09:30:25,80600.0,400,Buy,224528639
2024-07-19 09:30:35,80700.0,2000,Buy,224529019
2024-07-19 09:30:35,80700.0,2600,Buy,224529020
2024-07-19 09:30:47,80800.0,4000,Buy,224529634
2024-07-19 09:30:47,80800.0,1200,Buy,224529635
2024-07-19 09:30:47,80700.0,100,Buy,224529622
2024-07-19 09:30:47,80700.0,300,Buy,224529633
2024-07-19 09:31:04,81000.0,300,Buy,224530441
2024-07-19 09:31:04,81000.0,300,Buy,224530440
2024-07-19 09:31:07,81000.0,18000,Buy,224530563
2024-07-19 09:31:07,81000.0,500,Buy,224530564
2024-07-19 09:31:07,81000.0,600,Buy,224530565
2024-07-19 09:31:07,81000.0,200,Buy,224530562
2024-07-19 09:31:18,81000.0,600,Sell,224531142
2024-07-19 09:31:56,81300.0,100,Buy,224533060
2024-07-19 09:31:57,81300.0,100,Sell,224533131
2024-07-19 09:32:04,81100.0,1000,Sell,224533425
2024-07-19 09:32:42,81100.0,100,Buy,224535452
2024-07-19 09:32:46,81100.0,100,Buy,224535560
2024-07-19 09:32:52,81100.0,200,Sell,224535835
2024-07-19 09:32:54,81000.0,100,Sell,224536036
2024-07-19 09:32:54,81000.0,500,Sell,224536037
2024-07-19 09:33:03,81100.0,1000,Buy,224536400
2024-07-19 09:33:04,81100.0,2000,Sell,224536428
2024-07-19 09:33:27,81100.0,100,Sell,224537585
2024-07-19 09:34:04,81100.0,100,Sell,224539147
2024-07-19 09:34:25,81100.0,1000,Sell,224540226
2024-07-19 09:34:26,81100.0,300,Sell,224540295
2024-07-19 09:34:30,81200.0,200,Buy,224540427
2024-07-19 09:34:30,81200.0,800,Buy,224540426
2024-07-19 09:34:34,81000.0,300,Sell,224540608
2024-07-19 09:34:34,81000.0,300,Sell,224540607
2024-07-19 09:34:34,81000.0,1000,Sell,224540609
2024-07-19 09:34:34,81100.0,2000,Sell,224540605
2024-07-19 09:34:34,81100.0,100,Sell,224540604
2024-07-19 09:34:34,81100.0,600,Sell,224540603
2024-07-19 09:34:34,81000.0,500,Sell,224540606
2024-07-19 09:34:40,81100.0,300,Buy,224540891
2024-07-19 09:34:40,81000.0,200,Buy,224540890
2024-07-19 09:34:53,81000.0,500,Buy,224541536
2024-07-19 09:34:55,81000.0,500,Buy,224541569
2024-07-19 09:34:55,81100.0,300,Buy,224541570
2024-07-19 09:35:09,81000.0,500,Buy,224542235
2024-07-19 09:35:27,81000.0,100,Sell,224542987
2024-07-19 09:35:27,81000.0,500,Sell,224542986
2024-07-19 09:35:29,81000.0,1500,Sell,224543059
2024-07-19 09:36:39,80800.0,100,Sell,224545483
2024-07-19 09:36:39,80800.0,300,Sell,224545484
2024-07-19 09:36:39,80800.0,100,Sell,224545485
2024-07-19 09:36:39,80800.0,800,Sell,224545486
2024-07-19 09:36:39,80800.0,100,Sell,224545487
2024-07-19 09:36:39,80800.0,1000,Sell,224545488
2024-07-19 09:36:39,80800.0,4500,Sell,224545482
2024-07-19 09:36:41,80700.0,1100,Sell,224545543
2024-07-19 09:36:42,80700.0,1100,Sell,224545606
2024-07-19 09:37:24,80700.0,300,Sell,224547098
2024-07-19 09:37:59,80700.0,600,Sell,224548134
2024-07-19 09:39:06,80700.0,100,Sell,224550014
2024-07-19 09:39:06,80800.0,100,Sell,224550012
2024-07-19 09:39:06,80700.0,200,Sell,224550013
2024-07-19 09:39:21,80700.0,400,Sell,224550488
2024-07-19 09:39:21,80700.0,100,Sell,224550489
2024-07-19 09:39:21,80700.0,1000,Sell,224550490
2024-07-19 09:39:21,80700.0,1500,Sell,224550491
2024-07-19 09:40:31,80800.0,600,Sell,224552533
2024-07-19 09:41:25,80700.0,500,Sell,224553918
2024-07-19 09:41:25,80700.0,500,Sell,224553917
2024-07-19 09:41:25,80800.0,500,Sell,224553914
2024-07-19 09:41:25,80800.0,100,Sell,224553915
2024-07-19 09:41:25,80800.0,200,Sell,224553901
2024-07-19 09:41:25,80800.0,200,Sell,224553916
2024-07-19 09:41:42,80700.0,100,Sell,224554373
2024-07-19 09:43:04,80700.0,200,Sell,224556310
2024-07-19 09:43:04,80700.0,400,Sell,224556311
2024-07-19 09:43:27,80800.0,2000,Buy,224556940
2024-07-19 09:44:05,80800.0,2000,Sell,224558120
2024-07-19 09:44:14,80800.0,100,Sell,224558354
2024-07-19 09:44:14,80800.0,500,Sell,224558353
2024-07-19 09:45:36,80800.0,600,Sell,224560347
2024-07-19 09:46:17,80800.0,400,Sell,224561398
2024-07-19 09:47:41,80600.0,100,Sell,224563190
2024-07-19 09:47:41,80600.0,100,Sell,224563191
2024-07-19 09:47:41,80500.0,100,Sell,224563192
2024-07-19 09:47:41,80500.0,200,Sell,224563193
2024-07-19 09:48:09,80600.0,600,Sell,224563803
2024-07-19 09:48:48,80500.0,100,Sell,224564629
2024-07-19 09:48:48,80500.0,2200,Sell,224564630
2024-07-19 09:48:48,80500.0,200,Sell,224564628
2024-07-19 09:48:48,80600.0,1400,Sell,224564624
2024-07-19 09:48:48,80600.0,100,Sell,224564626
2024-07-19 09:48:48,80500.0,800,Sell,224564627
2024-07-19 09:48:48,80600.0,200,Sell,224564625
2024-07-19 09:48:50,80500.0,800,Sell,224564728
2024-07-19 09:48:50,80500.0,1000,Sell,224564729
2024-07-19 09:48:50,80500.0,100,Sell,224564730
2024-07-19 09:49:34,80400.0,200,Sell,224565792
2024-07-19 09:49:34,80400.0,1000,Sell,224565793
2024-07-19 09:49:49,80200.0,2000,Sell,224566122
2024-07-19 09:49:54,80400.0,300,Buy,224566220
2024-07-19 09:49:59,80200.0,700,Sell,224566300
2024-07-19 09:49:59,80200.0,200,Sell,224566301
2024-07-19 09:49:59,80200.0,1100,Sell,224566302
2024-07-19 09:50:11,80200.0,900,Sell,224566530
2024-07-19 09:50:11,80200.0,100,Sell,224566531
2024-07-19 09:50:41,80300.0,500,Sell,224567173
2024-07-19 09:50:41,80300.0,100,Sell,224567174
2024-07-19 09:50:44,80200.0,300,Sell,224567331
2024-07-19 09:50:44,80200.0,200,Sell,224567330
2024-07-19 09:51:01,80200.0,700,Sell,224567714
2024-07-19 09:51:01,80300.0,200,Buy,224567699
2024-07-19 09:51:01,80300.0,100,Sell,224567713
2024-07-19 09:51:46,80200.0,200,Sell,224568860
2024-07-19 09:52:08,80200.0,100,Sell,224569469
2024-07-19 09:52:08,80200.0,100,Sell,224569470
2024-07-19 09:52:27,80400.0,1600,Buy,224570060
2024-07-19 09:52:27,80400.0,400,Buy,224570061
2024-07-19 09:52:29,80300.0,200,Sell,224570088
2024-07-19 09:52:29,80200.0,1600,Sell,224570089
2024-07-19 09:52:29,80400.0,200,Sell,224570087
2024-07-19 09:53:00,80200.0,100,Sell,224570994
2024-07-19 09:53:03,80200.0,300,Sell,224571084
2024-07-19 09:53:03,80200.0,300,Sell,224571085
2024-07-19 09:53:03,80200.0,100,Sell,224571086
2024-07-19 09:53:03,80200.0,300,Sell,224571087
2024-07-19 09:53:14,80200.0,600,Sell,224571434
2024-07-19 09:53:58,80200.0,100,Sell,224572738
2024-07-19 09:53:58,80200.0,100,Sell,224572739
2024-07-19 09:54:21,80200.0,200,Sell,224573421
2024-07-19 09:54:31,80200.0,100,Sell,224573773
2024-07-19 09:54:31,80200.0,200,Sell,224573774
2024-07-19 09:54:31,80200.0,1700,Sell,224573775
2024-07-19 09:55:28,80200.0,600,Sell,224575332
2024-07-19 09:55:28,80200.0,100,Sell,224575333
2024-07-19 09:55:28,80200.0,100,Sell,224575334
2024-07-19 09:55:28,80200.0,200,Sell,224575335
2024-07-19 09:55:44,80200.0,300,Sell,224575800
2024-07-19 09:55:46,80100.0,100,Sell,224575829
2024-07-19 09:55:46,80100.0,100,Sell,224575828
2024-07-19 09:55:46,80100.0,200,Sell,224575827
2024-07-19 09:55:46,80100.0,100,Sell,224575826
2024-07-19 09:55:46,80100.0,100,Sell,224575825
2024-07-19 09:55:58,80000.0,100,Sell,224576190
2024-07-19 09:55:58,80000.0,900,Sell,224576191
2024-07-19 09:55:58,80000.0,100,Sell,224576192
2024-07-19 09:55:58,80000.0,600,Sell,224576189
2024-07-19 09:55:58,80000.0,100,Sell,224576194
2024-07-19 09:55:58,80000.0,100,Sell,224576195
2024-07-19 09:55:58,80000.0,500,Sell,224576196
2024-07-19 09:55:58,80000.0,300,Sell,224576197
2024-07-19 09:55:58,80000.0,500,Sell,224576198
2024-07-19 09:55:58,80000.0,500,Sell,224576205
2024-07-19 09:55:58,80000.0,300,Sell,224576200
2024-07-19 09:55:58,80000.0,100,Sell,224576201
2024-07-19 09:55:58,80000.0,100,Sell,224576202
2024-07-19 09:55:58,80000.0,100,Sell,224576203
2024-07-19 09:55:58,80000.0,100,Sell,224576204
2024-07-19 09:55:58,80000.0,1000,Sell,224576206
2024-07-19 09:55:58,80000.0,1000,Sell,224576207
2024-07-19 09:55:58,80000.0,4200,Sell,224576208
2024-07-19 09:55:58,80000.0,500,Sell,224576199
2024-07-19 09:55:58,80000.0,2500,Sell,224576188
2024-07-19 09:55:58,80000.0,5000,Sell,224576193
2024-07-19 09:55:58,80000.0,100,Sell,224576186
2024-07-19 09:55:58,80100.0,3000,Sell,224576167
2024-07-19 09:55:58,80100.0,500,Sell,224576168
2024-07-19 09:55:58,80100.0,100,Sell,224576169
2024-07-19 09:55:58,80100.0,100,Sell,224576170
2024-07-19 09:55:58,80100.0,200,Sell,224576171
2024-07-19 09:55:58,80100.0,200,Sell,224576172
2024-07-19 09:55:58,80000.0,1000,Sell,224576173
2024-07-19 09:55:58,80000.0,100,Sell,224576174
2024-07-19 09:55:58,80000.0,100,Sell,224576175
2024-07-19 09:55:58,80100.0,400,Sell,224576166
2024-07-19 09:55:58,80000.0,100,Sell,224576177
2024-07-19 09:55:58,80000.0,1000,Sell,224576176
2024-07-19 09:55:58,80000.0,100,Sell,224576185
2024-07-19 09:55:58,80000.0,500,Sell,224576184
2024-07-19 09:55:58,80000.0,400,Sell,224576183
2024-07-19 09:55:58,80000.0,1000,Sell,224576187
2024-07-19 09:55:58,80000.0,2000,Sell,224576181
2024-07-19 09:55:58,80000.0,100,Sell,224576180
2024-07-19 09:55:58,80000.0,100,Sell,224576179
2024-07-19 09:55:58,80000.0,100,Sell,224576182
2024-07-19 09:55:58,80000.0,200,Sell,224576178
2024-07-19 09:57:42,80000.0,100,Sell,224578284
2024-07-19 09:57:42,80000.0,100,Sell,224578283
2024-07-19 09:57:42,80000.0,200,Sell,224578281
2024-07-19 09:57:42,80000.0,100,Sell,224578285
2024-07-19 09:57:42,80000.0,100,Sell,224578279
2024-07-19 09:57:42,80000.0,100,Sell,224578278
2024-07-19 09:57:42,80000.0,1800,Sell,224578277
2024-07-19 09:57:42,80000.0,100,Sell,224578280
2024-07-19 09:57:42,80000.0,400,Sell,224578282
2024-07-19 09:57:51,80100.0,100,Buy,224578493
2024-07-19 09:57:51,80000.0,200,Sell,224578498
2024-07-19 09:57:51,80000.0,300,Sell,224578499
2024-07-19 09:57:51,80000.0,100,Sell,224578500
2024-07-19 09:57:51,80000.0,400,Sell,224578501
2024-07-19 09:58:19,80000.0,100,Sell,224579335
2024-07-19 09:58:19,80000.0,100,Sell,224579330
2024-07-19 09:58:19,80000.0,100,Sell,224579331
2024-07-19 09:58:19,80000.0,100,Sell,224579332
2024-07-19 09:58:19,80000.0,100,Sell,224579333
2024-07-19 09:58:19,80000.0,100,Sell,224579334
2024-07-19 09:58:32,80000.0,100,Sell,224579562
2024-07-19 09:59:45,80000.0,100,Sell,224580814
2024-07-19 09:59:45,80000.0,100,Sell,224580815
2024-07-19 09:59:45,80000.0,100,Sell,224580816
2024-07-19 09:59:45,80000.0,500,Sell,224580817
2024-07-19 09:59:45,80000.0,1000,Sell,224580818
2024-07-19 09:59:45,80000.0,100,Sell,224580819
2024-07-19 09:59:45,80000.0,500,Sell,224580820
2024-07-19 09:59:45,80000.0,100,Sell,224580821
2024-07-19 09:59:45,80000.0,500,Sell,224580813
2024-07-19 10:00:29,80000.0,1800,Sell,224581642
2024-07-19 10:00:29,80000.0,100,Sell,224581640
2024-07-19 10:00:29,80100.0,100,Sell,224581639
2024-07-19 10:00:29,80000.0,500,Sell,224581641
2024-07-19 10:00:51,80100.0,200,Sell,224581998
2024-07-19 10:00:51,80100.0,300,Sell,224581999
2024-07-19 10:00:51,80000.0,100,Sell,224582000
2024-07-19 10:01:14,80000.0,8000,Sell,224582493
2024-07-19 10:03:03,80000.0,1400,Sell,224584593
2024-07-19 10:03:03,80000.0,100,Sell,224584591
2024-07-19 10:03:03,80000.0,2000,Sell,224584592
2024-07-19 10:03:03,80000.0,1000,Sell,224584589
2024-07-19 10:03:03,80000.0,200,Sell,224584588
2024-07-19 10:03:03,80000.0,300,Sell,224584590
2024-07-19 10:03:24,80000.0,600,Sell,224585040
2024-07-19 10:03:45,80000.0,2000,Sell,224585427
2024-07-19 10:03:45,80000.0,500,Sell,224585428
2024-07-19 10:03:45,80000.0,100,Sell,224585429
2024-07-19 10:04:16,80000.0,500,Sell,224586172
2024-07-19 10:04:53,80200.0,100,Buy,224587030
2024-07-19 10:04:53,80200.0,100,Buy,224587031
2024-07-19 10:04:53,80200.0,800,Buy,224587032
2024-07-19 10:05:10,80200.0,200,Buy,224587435
2024-07-19 10:05:16,80000.0,200,Sell,224587585
2024-07-19 10:05:16,80000.0,100,Sell,224587586
2024-07-19 10:05:16,80000.0,1000,Sell,224587587
2024-07-19 10:05:16,80000.0,500,Sell,224587588
2024-07-19 10:05:16,80000.0,500,Sell,224587589
2024-07-19 10:05:16,80000.0,2500,Sell,224587590
2024-07-19 10:05:16,80000.0,200,Sell,224587584
2024-07-19 10:05:35,80000.0,300,Sell,224588038
2024-07-19 10:05:56,79900.0,100,Sell,224588449
2024-07-19 10:05:56,79900.0,100,Sell,224588450
2024-07-19 10:05:56,79900.0,100,Sell,224588448
2024-07-19 10:05:56,80000.0,100,Sell,224588445
2024-07-19 10:05:56,79900.0,100,Sell,224588447
2024-07-19 10:05:56,79900.0,100,Sell,224588446
2024-07-19 10:07:36,79900.0,1400,Sell,224590987
2024-07-19 10:08:28,79900.0,100,Sell,224592574
2024-07-19 10:08:28,79900.0,500,Sell,224592573
2024-07-19 10:09:32,79900.0,100,Sell,224594425
2024-07-19 10:09:32,79900.0,200,Sell,224594424
2024-07-19 10:09:32,79900.0,100,Sell,224594426
2024-07-19 10:09:33,80000.0,100,Buy,224594451
2024-07-19 10:09:51,80000.0,200,Buy,224595032
2024-07-19 10:10:04,80000.0,2000,Buy,224595651
2024-07-19 10:10:30,80000.0,700,Buy,224596691
2024-07-19 10:10:30,80000.0,100,Buy,224596692
2024-07-19 10:10:38,80000.0,200,Sell,224596935
2024-07-19 10:10:42,80000.0,1000,Buy,224597000
2024-07-19 10:11:01,79900.0,100,Sell,224597590
2024-07-19 10:11:01,79900.0,500,Sell,224597591
2024-07-19 10:11:02,79900.0,500,Sell,224597610
2024-07-19 10:11:03,79900.0,100,Sell,224597645
2024-07-19 10:11:03,79900.0,100,Sell,224597646
2024-07-19 10:11:06,79800.0,100,Sell,224597721
2024-07-19 10:11:06,79800.0,100,Sell,224597723
2024-07-19 10:11:06,79800.0,700,Sell,224597722
2024-07-19 10:11:06,79800.0,100,Sell,224597720
2024-07-19 10:11:06,79800.0,300,Sell,224597718
2024-07-19 10:11:06,79800.0,100,Sell,224597717
2024-07-19 10:11:06,79800.0,100,Sell,224597719
2024-07-19 10:11:30,79800.0,1100,Sell,224598477
2024-07-19 10:13:10,79700.0,300,Sell,224600525
2024-07-19 10:13:10,79700.0,100,Sell,224600526
2024-07-19 10:13:33,79700.0,100,Sell,224601143
2024-07-19 10:13:33,79700.0,100,Sell,224601144
2024-07-19 10:13:33,79700.0,300,Sell,224601145
2024-07-19 10:13:33,79700.0,100,Sell,224601146
2024-07-19 10:15:49,80000.0,100,Buy,224604121
2024-07-19 10:16:06,79800.0,100,Sell,224604551
2024-07-19 10:16:06,79700.0,100,Sell,224604552
2024-07-19 10:16:06,79700.0,300,Sell,224604553
2024-07-19 10:16:06,79700.0,100,Sell,224604554
2024-07-19 10:16:35,79700.0,300,Sell,224605312
2024-07-19 10:16:36,79700.0,100,Sell,224605318
2024-07-19 10:16:36,79700.0,200,Sell,224605317
2024-07-19 10:17:15,79800.0,200,Sell,224606115
2024-07-19 10:18:38,79800.0,600,Sell,224607885
2024-07-19 10:19:51,79800.0,100,Sell,224609489
2024-07-19 10:19:51,79800.0,200,Sell,224609488
2024-07-19 10:19:51,79800.0,200,Sell,224609484
2024-07-19 10:19:51,79800.0,100,Sell,224609486
2024-07-19 10:19:51,79800.0,200,Sell,224609485
2024-07-19 10:19:51,79800.0,500,Sell,224609487
2024-07-19 10:19:55,79800.0,100,Buy,224609548
2024-07-19 10:20:00,79800.0,100,Buy,224609634
2024-07-19 10:20:01,79800.0,100,Buy,224609638
2024-07-19 10:20:24,79800.0,100,Buy,224610234
2024-07-19 10:20:30,79800.0,200,Buy,224610460
2024-07-19 10:20:31,79800.0,100,Buy,224610471
2024-07-19 10:20:37,80000.0,100,Buy,224610637
2024-07-19 10:21:11,79800.0,400,Sell,224611356
2024-07-19 10:21:11,79800.0,100,Sell,224611357
2024-07-19 10:21:11,79800.0,100,Sell,224611358
2024-07-19 10:21:27,80000.0,1000,Buy,224611901
2024-07-19 10:22:24,80000.0,200,Buy,224613358
2024-07-19 10:22:32,80000.0,1000,Buy,224613561
2024-07-19 10:22:37,80000.0,100,Buy,224613714
2024-07-19 10:23:16,79900.0,100,Sell,224614930
2024-07-19 10:23:28,79900.0,100,Sell,224615222
2024-07-19 10:23:36,79800.0,100,Sell,224615440
2024-07-19 10:23:43,79800.0,100,Sell,224615560
2024-07-19 10:23:43,79800.0,500,Sell,224615561
2024-07-19 10:23:44,79800.0,100,Sell,224615579
2024-07-19 10:23:44,79800.0,500,Sell,224615581
2024-07-19 10:23:44,79800.0,700,Sell,224615577
2024-07-19 10:23:44,79800.0,200,Sell,224615578
2024-07-19 10:23:44,79800.0,100,Sell,224615580
2024-07-19 10:24:40,79900.0,100,Buy,224617137
2024-07-19 10:25:54,79900.0,100,Buy,224618844
2024-07-19 10:25:54,79900.0,200,Buy,224618845
2024-07-19 10:25:54,79900.0,100,Buy,224618846
2024-07-19 10:26:16,79800.0,200,Sell,224619285
2024-07-19 10:26:16,79800.0,300,Sell,224619283
2024-07-19 10:26:16,79800.0,100,Sell,224619284
2024-07-19 10:26:53,79900.0,100,Buy,224619940
2024-07-19 10:27:30,79800.0,100,Sell,224620914
2024-07-19 10:28:16,79800.0,300,Sell,224622017
2024-07-19 10:28:22,79900.0,100,Buy,224622131
2024-07-19 10:28:47,79900.0,100,Buy,224622618
2024-07-19 10:28:48,79800.0,400,Sell,224622627
2024-07-19 10:28:48,79800.0,200,Sell,224622628
2024-07-19 10:29:19,79900.0,200,Buy,224623460
2024-07-19 10:29:30,79800.0,200,Sell,224623696
2024-07-19 10:30:44,79800.0,100,Sell,224625026
2024-07-19 10:30:44,79800.0,1000,Sell,224625027
2024-07-19 10:30:44,79800.0,200,Sell,224625028
2024-07-19 10:30:58,79800.0,100,Sell,224625296
2024-07-19 10:30:58,79800.0,100,Sell,224625295
2024-07-19 10:30:58,79800.0,1000,Sell,224625294
2024-07-19 10:30:58,79800.0,500,Sell,224625293
2024-07-19 10:30:58,79800.0,100,Sell,224625292
2024-07-19 10:30:59,79700.0,100,Sell,224625321
2024-07-19 10:30:59,79700.0,700,Sell,224625320
2024-07-19 10:30:59,79700.0,2000,Sell,224625319
2024-07-19 10:30:59,79700.0,100,Sell,224625318
2024-07-19 10:30:59,79700.0,200,Sell,224625317
2024-07-19 10:30:59,79700.0,1000,Sell,224625316
2024-07-19 10:30:59,79700.0,100,Sell,224625315
2024-07-19 10:30:59,79700.0,100,Sell,224625310
2024-07-19 10:30:59,79700.0,100,Sell,224625313
2024-07-19 10:30:59,79700.0,100,Sell,224625312
2024-07-19 10:30:59,79700.0,800,Sell,224625311
2024-07-19 10:30:59,79700.0,300,Sell,224625309
2024-07-19 10:30:59,79700.0,200,Sell,224625308
2024-07-19 10:30:59,79700.0,300,Sell,224625307
2024-07-19 10:30:59,79700.0,500,Sell,224625306
2024-07-19 10:30:59,79700.0,500,Sell,224625314
2024-07-19 10:31:20,79600.0,100,Sell,224625683
2024-07-19 10:31:20,79600.0,100,Sell,224625684
2024-07-19 10:31:20,79600.0,400,Sell,224625685
2024-07-19 10:31:21,79600.0,100,Sell,224625716
2024-07-19 10:31:21,79600.0,100,Sell,224625719
2024-07-19 10:31:21,79600.0,100,Sell,224625715
2024-07-19 10:31:21,79600.0,100,Sell,224625718
2024-07-19 10:31:21,79600.0,100,Sell,224625713
2024-07-19 10:31:21,79600.0,500,Sell,224625714
2024-07-19 10:31:21,79600.0,1600,Sell,224625711
2024-07-19 10:31:21,79600.0,1000,Sell,224625717
2024-07-19 10:31:21,79600.0,100,Sell,224625712
2024-07-19 10:31:33,79600.0,100,Sell,224625871
2024-07-19 10:31:33,79600.0,200,Sell,224625872
2024-07-19 10:33:14,79600.0,100,Sell,224628118
2024-07-19 10:33:14,79600.0,200,Sell,224628119
2024-07-19 10:33:14,79600.0,100,Sell,224628120
2024-07-19 10:33:39,79600.0,500,Sell,224628736
2024-07-19 10:33:39,79600.0,3500,Sell,224628737
2024-07-19 10:33:53,79500.0,500,Sell,224629014
2024-07-19 10:33:53,79500.0,100,Sell,224629015
2024-07-19 10:34:24,79500.0,100,Sell,224630133
2024-07-19 10:34:24,79500.0,400,Sell,224630132
2024-07-19 10:34:24,79500.0,100,Sell,224630130
2024-07-19 10:34:24,79500.0,1000,Sell,224630128
2024-07-19 10:34:24,79500.0,100,Sell,224630131
2024-07-19 10:34:24,79500.0,100,Sell,224630126
2024-07-19 10:34:24,79500.0,500,Sell,224630127
2024-07-19 10:34:24,79500.0,500,Sell,224630122
2024-07-19 10:34:24,79500.0,100,Sell,224630123
2024-07-19 10:34:24,79500.0,100,Sell,224630129
2024-07-19 10:34:24,79500.0,500,Sell,224630125
2024-07-19 10:34:24,79500.0,500,Sell,224630124
2024-07-19 10:34:36,79600.0,500,Buy,224630365
2024-07-19 10:36:08,79600.0,100,Sell,224632200
2024-07-19 10:36:08,79600.0,200,Sell,224632201
2024-07-19 10:36:08,79600.0,100,Sell,224632202
2024-07-19 10:36:25,79500.0,100,Sell,224632507
2024-07-19 10:36:25,79500.0,100,Sell,224632506
2024-07-19 10:36:25,79500.0,400,Sell,224632505
2024-07-19 10:36:39,79500.0,200,Sell,224632848
2024-07-19 10:36:39,79500.0,200,Sell,224632847
2024-07-19 10:36:39,79500.0,100,Sell,224632846
2024-07-19 10:36:39,79500.0,100,Sell,224632845
2024-07-19 10:36:39,79500.0,100,Sell,224632844
2024-07-19 10:36:39,79500.0,300,Sell,224632843
2024-07-19 10:36:39,79500.0,100,Sell,224632842
2024-07-19 10:36:39,79500.0,100,Sell,224632841
2024-07-19 10:36:39,79500.0,200,Sell,224632849
2024-07-19 10:36:39,79500.0,100,Sell,224632840
2024-07-19 10:36:39,79500.0,100,Sell,224632838
2024-07-19 10:36:39,79500.0,100,Sell,224632837
2024-07-19 10:36:39,79500.0,100,Sell,224632836
2024-07-19 10:36:39,79500.0,100,Sell,224632835
2024-07-19 10:36:39,79500.0,500,Sell,224632834
2024-07-19 10:36:39,79500.0,200,Sell,224632833
2024-07-19 10:36:39,79500.0,200,Sell,224632832
2024-07-19 10:36:39,79500.0,800,Sell,224632831
2024-07-19 10:36:39,79500.0,500,Sell,224632839
2024-07-19 10:36:45,79500.0,200,Buy,224632973
2024-07-19 10:36:46,79500.0,5700,Buy,224633027
2024-07-19 10:37:31,79500.0,200,Sell,224633886
2024-07-19 10:37:31,79500.0,100,Sell,224633887
2024-07-19 10:37:31,79500.0,200,Sell,224633888
2024-07-19 10:37:31,79500.0,100,Buy,224633905
2024-07-19 10:37:31,79500.0,800,Sell,224633885
2024-07-19 10:37:39,79500.0,100,Buy,224634032
2024-07-19 10:37:50,79500.0,500,Buy,224634192
2024-07-19 10:38:37,79600.0,100,Buy,224635075
2024-07-19 10:38:58,79500.0,100,Sell,224635472
2024-07-19 10:38:58,79500.0,200,Sell,224635473
2024-07-19 10:38:58,79600.0,100,Sell,224635470
2024-07-19 10:38:58,79600.0,200,Sell,224635471
2024-07-19 10:39:23,79900.0,100,Buy,224635890
2024-07-19 10:39:57,79600.0,100,Sell,224636454
2024-07-19 10:40:47,80000.0,300,Buy,224637171
2024-07-19 10:40:47,80000.0,500,Buy,224637172
2024-07-19 10:40:47,80000.0,200,Buy,224637173
2024-07-19 10:41:30,79600.0,600,Sell,224637812
2024-07-19 10:44:03,79800.0,100,Sell,224640557
2024-07-19 10:44:03,79700.0,100,Sell,224640558
2024-07-19 10:44:03,79700.0,400,Sell,224640559
2024-07-19 10:44:53,79700.0,500,Sell,224641688
2024-07-19 10:45:41,79800.0,100,Buy,224642645
2024-07-19 10:46:02,79800.0,400,Buy,224643201
2024-07-19 10:46:14,79800.0,900,Sell,224643461
2024-07-19 10:46:35,79800.0,600,Sell,224643939
2024-07-19 10:47:15,79900.0,100,Buy,224644934
2024-07-19 10:47:16,79900.0,100,Sell,224644949
2024-07-19 10:47:45,79800.0,300,Sell,224645695
2024-07-19 10:47:45,79800.0,100,Sell,224645696
2024-07-19 10:47:45,79800.0,100,Sell,224645697
2024-07-19 10:47:57,79800.0,100,Sell,224646009
2024-07-19 10:49:08,79700.0,300,Sell,224648018
2024-07-19 10:49:08,79800.0,100,Sell,224648011
2024-07-19 10:49:08,79800.0,100,Sell,224648016
2024-07-19 10:49:08,79700.0,100,Sell,224648017
2024-07-19 10:49:24,79800.0,100,Sell,224648512
2024-07-19 10:49:32,79800.0,100,Buy,224648776
2024-07-19 10:49:44,79800.0,100,Buy,224649119
2024-07-19 10:50:05,79700.0,700,Sell,224649662
2024-07-19 10:50:05,79700.0,200,Sell,224649663
2024-07-19 10:50:05,79700.0,100,Sell,224649664
2024-07-19 10:51:02,79600.0,1000,Sell,224651070
2024-07-19 10:51:02,79600.0,100,Sell,224651069
2024-07-19 10:51:02,79600.0,100,Sell,224651068
2024-07-19 10:51:02,79600.0,200,Sell,224651067
2024-07-19 10:51:02,79600.0,100,Sell,224651065
2024-07-19 10:51:02,79600.0,300,Sell,224651064
2024-07-19 10:51:02,79600.0,100,Sell,224651066
2024-07-19 10:51:20,79600.0,100,Buy,224651556
2024-07-19 10:51:35,79600.0,100,Buy,224652122
2024-07-19 10:51:40,79500.0,300,Sell,224652209
2024-07-19 10:51:40,79500.0,200,Sell,224652210
2024-07-19 10:51:40,79500.0,100,Sell,224652211
2024-07-19 10:51:43,79600.0,100,Buy,224652294
2024-07-19 10:51:52,79500.0,100,Sell,224652522
2024-07-19 10:52:05,79600.0,100,Buy,224652806
2024-07-19 10:52:36,79500.0,1000,Sell,224653497
2024-07-19 10:52:36,79500.0,100,Sell,224653496
2024-07-19 10:52:36,79500.0,100,Sell,224653495
2024-07-19 10:52:36,79500.0,500,Sell,224653494
2024-07-19 10:52:36,79500.0,300,Sell,224653492
2024-07-19 10:52:36,79500.0,100,Sell,224653493
2024-07-19 10:52:36,79500.0,2500,Sell,224653490
2024-07-19 10:52:36,79500.0,100,Sell,224653489
2024-07-19 10:52:36,79500.0,100,Sell,224653488
2024-07-19 10:52:36,79500.0,100,Sell,224653487
2024-07-19 10:52:36,79500.0,300,Sell,224653486
2024-07-19 10:52:36,79500.0,500,Sell,224653485
2024-07-19 10:52:36,79500.0,100,Sell,224653491
2024-07-19 10:52:37,79500.0,300,Buy,224653506
2024-07-19 10:52:44,79400.0,100,Sell,224653636
2024-07-19 10:52:44,79400.0,300,Sell,224653637
2024-07-19 10:52:44,79400.0,100,Sell,224653635
2024-07-19 10:52:44,79400.0,1000,Sell,224653630
2024-07-19 10:52:44,79400.0,200,Sell,224653633
2024-07-19 10:52:44,79400.0,300,Sell,224653632
2024-07-19 10:52:44,79400.0,300,Sell,224653631
2024-07-19 10:52:44,79400.0,100,Sell,224653634
2024-07-19 10:52:58,79400.0,500,Buy,224653997
2024-07-19 10:53:07,79400.0,100,Buy,224654264
2024-07-19 10:53:34,79300.0,100,Sell,224654909
2024-07-19 10:53:34,79300.0,100,Sell,224654910
2024-07-19 10:53:55,79400.0,100,Buy,224655353
2024-07-19 10:53:56,79400.0,500,Buy,224655362
2024-07-19 10:53:56,79400.0,700,Buy,224655363
2024-07-19 10:53:59,79400.0,200,Buy,224655426
2024-07-19 10:54:13,79400.0,100,Sell,224655656
2024-07-19 10:54:13,79300.0,500,Sell,224655659
2024-07-19 10:54:13,79400.0,200,Buy,224655654
2024-07-19 10:54:42,79300.0,400,Sell,224656238
2024-07-19 10:54:42,79300.0,600,Sell,224656239
2024-07-19 10:55:41,79300.0,400,Sell,224657481
2024-07-19 10:55:41,79300.0,100,Sell,224657482
2024-07-19 10:55:58,79300.0,100,Sell,224657854
2024-07-19 10:55:58,79300.0,100,Sell,224657853
2024-07-19 10:55:58,79300.0,200,Sell,224657851
2024-07-19 10:55:58,79300.0,100,Sell,224657850
2024-07-19 10:55:58,79300.0,100,Sell,224657849
2024-07-19 10:55:58,79300.0,200,Sell,224657852
2024-07-19 10:56:18,79000.0,2000,Sell,224658447
2024-07-19 10:56:18,79000.0,200,Sell,224658448
2024-07-19 10:56:18,79000.0,100,Sell,224658449
2024-07-19 10:56:18,79000.0,100,Sell,224658452
2024-07-19 10:56:18,79000.0,500,Sell,224658453
2024-07-19 10:56:18,79000.0,100,Sell,224658454
2024-07-19 10:56:18,79000.0,400,Sell,224658455
2024-07-19 10:56:18,79000.0,300,Sell,224658457
2024-07-19 10:56:18,79000.0,500,Sell,224658458
2024-07-19 10:56:18,79000.0,2500,Sell,224658459
2024-07-19 10:56:18,79000.0,200,Sell,224658460
2024-07-19 10:56:18,79000.0,100,Sell,224658461
2024-07-19 10:56:18,79000.0,100,Sell,224658462
2024-07-19 10:56:18,79000.0,1000,Sell,224658463
2024-07-19 10:56:18,79000.0,5500,Sell,224658464
2024-07-19 10:56:18,79000.0,600,Sell,224658456
2024-07-19 10:56:18,79000.0,100,Sell,224658446
2024-07-19 10:56:18,79000.0,100,Sell,224658442
2024-07-19 10:56:18,79000.0,100,Sell,224658444
2024-07-19 10:56:18,79200.0,500,Sell,224658428
2024-07-19 10:56:18,79200.0,100,Sell,224658429
2024-07-19 10:56:18,79200.0,300,Sell,224658430
2024-07-19 10:56:18,79200.0,100,Sell,224658431
2024-07-19 10:56:18,79200.0,5100,Sell,224658432
2024-07-19 10:56:18,79200.0,100,Sell,224658433
2024-07-19 10:56:18,79100.0,7800,Sell,224658434
2024-07-19 10:56:18,79100.0,200,Sell,224658435
2024-07-19 10:56:18,79100.0,100,Sell,224658436
2024-07-19 10:56:18,79100.0,100,Sell,224658437
2024-07-19 10:56:18,79100.0,100,Sell,224658438
2024-07-19 10:56:18,79000.0,200,Sell,224658439
2024-07-19 10:56:18,79000.0,100,Sell,224658440
2024-07-19 10:56:18,79000.0,300,Sell,224658441
2024-07-19 10:56:18,79000.0,200,Sell,224658443
2024-07-19 10:56:18,79000.0,200,Sell,224658445
2024-07-19 10:56:45,79100.0,300,Sell,224659137
2024-07-19 10:56:45,79100.0,200,Sell,224659135
2024-07-19 10:56:45,79100.0,100,Sell,224659136
2024-07-19 10:57:28,79200.0,100,Sell,224660298
2024-07-19 10:57:28,79100.0,500,Sell,224660299
2024-07-19 10:57:28,79100.0,200,Sell,224660300
2024-07-19 10:57:28,79100.0,500,Sell,224660301
2024-07-19 10:57:28,79100.0,4000,Sell,224660302
2024-07-19 10:57:28,79000.0,4700,Sell,224660303
2024-07-19 10:57:40,79100.0,100,Sell,224660556
2024-07-19 10:57:42,79100.0,400,Sell,224660603
2024-07-19 10:57:42,79100.0,500,Sell,224660604
2024-07-19 10:57:42,79000.0,19100,Sell,224660605
2024-07-19 10:58:09,79100.0,500,Sell,224661131
2024-07-19 10:58:09,79000.0,9500,Sell,224661132
2024-07-19 10:58:24,79000.0,6000,Sell,224661415
2024-07-19 10:58:29,79300.0,200,Buy,224661465
2024-07-19 10:58:30,79300.0,100,Sell,224661497
2024-07-19 10:58:45,79100.0,1000,Sell,224661849
2024-07-19 10:58:45,79000.0,2300,Sell,224661877
2024-07-19 10:58:45,79000.0,100,Sell,224661876
2024-07-19 10:58:45,79000.0,300,Sell,224661875
2024-07-19 10:58:45,79000.0,1000,Sell,224661874
2024-07-19 10:58:45,79000.0,200,Sell,224661873
2024-07-19 10:58:45,79000.0,500,Sell,224661871
2024-07-19 10:58:45,79000.0,100,Sell,224661870
2024-07-19 10:58:45,79000.0,100,Sell,224661869
2024-07-19 10:58:45,79000.0,200,Sell,224661868
2024-07-19 10:58:45,79000.0,100,Sell,224661867
2024-07-19 10:58:45,79000.0,100,Sell,224661866
2024-07-19 10:58:45,79000.0,1200,Sell,224661865
2024-07-19 10:58:45,79000.0,500,Sell,224661864
2024-07-19 10:58:45,79100.0,400,Sell,224661848
2024-07-19 10:58:45,79000.0,100,Sell,224661862
2024-07-19 10:58:45,79000.0,100,Sell,224661861
2024-07-19 10:58:45,79000.0,200,Sell,224661860
2024-07-19 10:58:45,79000.0,1000,Sell,224661859
2024-07-19 10:58:45,79000.0,300,Sell,224661858
2024-07-19 10:58:45,79000.0,100,Sell,224661857
2024-07-19 10:58:45,79000.0,500,Sell,224661856
2024-07-19 10:58:45,79000.0,300,Sell,224661855
2024-07-19 10:58:45,79000.0,200,Sell,224661854
2024-07-19 10:58:45,79000.0,1200,Sell,224661853
2024-07-19 10:58:45,79000.0,100,Sell,224661852
2024-07-19 10:58:45,79000.0,200,Sell,224661851
2024-07-19 10:58:45,79000.0,5200,Sell,224661850
2024-07-19 10:58:45,79000.0,1000,Sell,224661863
2024-07-19 10:58:55,79000.0,700,Sell,224662038
2024-07-19 10:58:55,79000.0,9300,Sell,224662039
2024-07-19 10:59:09,79000.0,1500,Sell,224662261
2024-07-19 10:59:17,79000.0,600,Sell,224662355
2024-07-19 10:59:18,79000.0,6000,Sell,224662369
2024-07-19 10:59:35,79000.0,100,Sell,224662655
2024-07-19 10:59:35,79000.0,1300,Sell,224662666
2024-07-19 10:59:35,79000.0,100,Sell,224662665
2024-07-19 10:59:35,79000.0,200,Sell,224662664
2024-07-19 10:59:35,79000.0,300,Sell,224662663
2024-07-19 10:59:35,79000.0,100,Sell,224662662
2024-07-19 10:59:35,79000.0,100,Sell,224662661
2024-07-19 10:59:35,79000.0,300,Sell,224662660
2024-07-19 10:59:35,79000.0,500,Sell,224662659
2024-07-19 10:59:35,79000.0,500,Sell,224662658
2024-07-19 10:59:35,79000.0,200,Sell,224662657
2024-07-19 10:59:35,79000.0,500,Sell,224662656
2024-07-19 10:59:35,79000.0,1000,Sell,224662653
2024-07-19 10:59:35,79000.0,100,Sell,224662654
2024-07-19 10:59:35,79000.0,2600,Sell,224662639
2024-07-19 10:59:35,79000.0,600,Sell,224662651
2024-07-19 10:59:35,79000.0,300,Sell,224662650
2024-07-19 10:59:35,79000.0,500,Sell,224662649
2024-07-19 10:59:35,79000.0,2000,Sell,224662648
2024-07-19 10:59:35,79000.0,100,Sell,224662647
2024-07-19 10:59:35,79000.0,100,Sell,224662646
2024-07-19 10:59:35,79000.0,500,Sell,224662645
2024-07-19 10:59:35,79000.0,300,Sell,224662644
2024-07-19 10:59:35,79000.0,100,Sell,224662643
2024-07-19 10:59:35,79000.0,100,Sell,224662642
2024-07-19 10:59:35,79000.0,100,Sell,224662641
2024-07-19 10:59:35,79000.0,1000,Sell,224662640
2024-07-19 10:59:35,79000.0,400,Sell,224662652
2024-07-19 10:59:40,79000.0,400,Sell,224662741
2024-07-19 11:00:08,79000.0,100,Sell,224663208
2024-07-19 11:00:20,79400.0,100,Buy,224663402
2024-07-19 11:00:39,79100.0,500,Buy,224663787
2024-07-19 11:00:55,79100.0,100,Buy,224664013
2024-07-19 11:01:28,79100.0,100,Buy,224664528
2024-07-19 11:01:31,79100.0,100,Buy,224664611
2024-07-19 11:01:40,79100.0,200,Buy,224664807
2024-07-19 11:01:50,79100.0,300,Sell,224664972
2024-07-19 11:01:50,79100.0,200,Sell,224664973
2024-07-19 11:01:50,79000.0,100,Sell,224664979
2024-07-19 11:02:29,79000.0,100,Sell,224665695
2024-07-19 11:02:29,79000.0,100,Sell,224665689
2024-07-19 11:02:29,79000.0,100,Sell,224665690
2024-07-19 11:02:29,79000.0,100,Sell,224665691
2024-07-19 11:02:29,79000.0,300,Sell,224665692
2024-07-19 11:02:29,79000.0,100,Sell,224665693
2024-07-19 11:02:29,79000.0,200,Sell,224665694
2024-07-19 11:02:31,79000.0,500,Sell,224665734
2024-07-19 11:02:31,79000.0,400,Sell,224665735
2024-07-19 11:02:31,79000.0,100,Sell,224665733
2024-07-19 11:02:31,79000.0,100,Sell,224665731
2024-07-19 11:02:31,79000.0,100,Sell,224665730
2024-07-19 11:02:31,79000.0,100,Sell,224665729
2024-07-19 11:02:31,79000.0,3700,Sell,224665728
2024-07-19 11:02:31,79000.0,100,Sell,224665732
2024-07-19 11:04:22,79100.0,600,Sell,224667318
2024-07-19 11:06:42,79300.0,100,Sell,224670455
2024-07-19 11:06:55,79100.0,400,Sell,224670695
2024-07-19 11:06:55,79200.0,100,Sell,224670694
2024-07-19 11:06:55,79100.0,100,Sell,224670696
2024-07-19 11:09:16,79300.0,100,Buy,224674583
2024-07-19 11:09:22,79300.0,200,Buy,224674797
2024-07-19 11:09:24,79300.0,200,Buy,224674828
2024-07-19 11:09:27,79100.0,200,Sell,224674933
2024-07-19 11:09:27,79100.0,100,Sell,224674932
2024-07-19 11:09:27,79100.0,100,Sell,224674929
2024-07-19 11:09:27,79100.0,100,Sell,224674930
2024-07-19 11:09:27,79100.0,100,Sell,224674931
2024-07-19 11:09:37,79200.0,500,Sell,224675301
2024-07-19 11:11:23,79300.0,400,Buy,224680338
2024-07-19 11:11:23,79400.0,100,Buy,224680339
2024-07-19 11:11:31,79100.0,300,Sell,224680560
2024-07-19 11:11:31,79100.0,200,Sell,224680562
2024-07-19 11:11:31,79100.0,200,Sell,224680561
2024-07-19 11:11:31,79100.0,1000,Sell,224680559
2024-07-19 11:11:31,79200.0,100,Sell,224680557
2024-07-19 11:11:31,79200.0,100,Sell,224680556
2024-07-19 11:11:31,79200.0,1000,Sell,224680555
2024-07-19 11:11:31,79200.0,100,Sell,224680554
2024-07-19 11:11:31,79100.0,500,Sell,224680558
2024-07-19 11:11:31,79200.0,500,Sell,224680553
2024-07-19 11:12:00,79000.0,100,Sell,224681506
2024-07-19 11:12:00,79000.0,500,Sell,224681507
2024-07-19 11:12:13,79000.0,200,Sell,224681899
2024-07-19 11:12:13,79000.0,100,Sell,224681900
2024-07-19 11:12:13,79000.0,100,Sell,224681901
2024-07-19 11:12:13,79000.0,500,Sell,224681902
2024-07-19 11:12:13,79000.0,100,Sell,224681903
2024-07-19 11:12:13,79000.0,100,Sell,224681904
2024-07-19 11:12:13,79000.0,4200,Sell,224681905
2024-07-19 11:12:13,79000.0,1000,Sell,224681908
2024-07-19 11:12:13,79000.0,2000,Sell,224681907
2024-07-19 11:12:13,79000.0,100,Sell,224681909
2024-07-19 11:12:13,79000.0,100,Sell,224681910
2024-07-19 11:12:13,79000.0,200,Sell,224681911
2024-07-19 11:12:13,79000.0,100,Sell,224681912
2024-07-19 11:12:13,79000.0,400,Sell,224681913
2024-07-19 11:12:13,79000.0,1000,Sell,224681906
2024-07-19 11:12:13,79000.0,100,Sell,224681898
2024-07-19 11:12:13,79000.0,100,Sell,224681889
2024-07-19 11:12:13,79000.0,100,Sell,224681896
2024-07-19 11:12:13,79000.0,100,Sell,224681897
2024-07-19 11:12:13,79000.0,500,Sell,224681880
2024-07-19 11:12:13,79000.0,100,Sell,224681881
2024-07-19 11:12:13,79000.0,200,Sell,224681882
2024-07-19 11:12:13,79000.0,100,Sell,224681883
2024-07-19 11:12:13,79000.0,500,Sell,224681884
2024-07-19 11:12:13,79000.0,300,Sell,224681886
2024-07-19 11:12:13,79000.0,200,Sell,224681885
2024-07-19 11:12:13,79000.0,1000,Sell,224681888
2024-07-19 11:12:13,79000.0,300,Sell,224681890
2024-07-19 11:12:13,79000.0,500,Sell,224681891
2024-07-19 11:12:13,79000.0,500,Sell,224681892
2024-07-19 11:12:13,79000.0,1000,Sell,224681893
2024-07-19 11:12:13,79000.0,2000,Sell,224681894
2024-07-19 11:12:13,79000.0,100,Sell,224681895
2024-07-19 11:12:13,79000.0,100,Sell,224681887
2024-07-19 11:12:15,79000.0,100,Sell,224681995
2024-07-19 11:12:15,79000.0,100,Sell,224681997
2024-07-19 11:12:15,79000.0,1300,Sell,224681996
2024-07-19 11:12:15,79000.0,300,Sell,224681994
2024-07-19 11:12:15,79000.0,600,Sell,224681989
2024-07-19 11:12:15,79000.0,100,Sell,224681992
2024-07-19 11:12:15,79000.0,1500,Sell,224681991
2024-07-19 11:12:15,79000.0,300,Sell,224681990
2024-07-19 11:12:15,79000.0,100,Sell,224681993
2024-07-19 11:12:18,79000.0,600,Buy,224682118
2024-07-19 11:12:42,79000.0,400,Sell,224683059
2024-07-19 11:12:55,79000.0,2000,Buy,224683531
2024-07-19 11:13:03,79000.0,100,Buy,224683702
2024-07-19 11:13:06,79000.0,100,Buy,224683801
2024-07-19 11:13:29,79000.0,400,Buy,224684543
2024-07-19 11:14:15,78900.0,100,Sell,224685787
2024-07-19 11:14:18,79000.0,700,Buy,224685866
2024-07-19 11:14:18,79000.0,300,Buy,224685867
2024-07-19 11:14:32,78900.0,600,Sell,224686215
2024-07-19 11:16:21,78900.0,100,Sell,224689446
2024-07-19 11:16:21,79000.0,100,Sell,224689445
2024-07-19 11:16:59,79000.0,500,Sell,224690379
2024-07-19 11:17:05,79000.0,500,Sell,224690488
2024-07-19 11:17:05,78900.0,100,Sell,224690489
2024-07-19 11:17:11,78900.0,200,Sell,224690659
2024-07-19 11:18:11,79000.0,100,Buy,224691877
2024-07-19 11:18:24,79000.0,100,Sell,224692147
2024-07-19 11:18:28,79000.0,100,Buy,224692255
2024-07-19 11:18:42,79000.0,100,Buy,224692477
2024-07-19 11:18:45,79000.0,700,Buy,224692533
2024-07-19 11:18:50,78900.0,600,Sell,224692683
2024-07-19 11:18:50,78900.0,100,Sell,224692682
2024-07-19 11:18:50,78900.0,1600,Sell,224692681
2024-07-19 11:18:50,78900.0,100,Sell,224692680
2024-07-19 11:18:50,78900.0,100,Sell,224692677
2024-07-19 11:18:50,78900.0,100,Sell,224692676
2024-07-19 11:18:50,78900.0,100,Sell,224692679
2024-07-19 11:18:50,78900.0,2000,Sell,224692674
2024-07-19 11:18:50,78900.0,100,Sell,224692675
2024-07-19 11:18:50,78900.0,400,Sell,224692666
2024-07-19 11:18:50,78900.0,1000,Sell,224692670
2024-07-19 11:18:50,78900.0,500,Sell,224692678
2024-07-19 11:18:50,78900.0,300,Sell,224692672
2024-07-19 11:18:50,78900.0,100,Sell,224692673
2024-07-19 11:18:50,78900.0,200,Sell,224692671
2024-07-19 11:19:37,79000.0,500,Sell,224693641
2024-07-19 11:19:37,78900.0,100,Sell,224693642
2024-07-19 11:19:50,79100.0,100,Buy,224693889
2024-07-19 11:20:12,79100.0,900,Buy,224694363
2024-07-19 11:20:13,79100.0,100,Sell,224694377
2024-07-19 11:20:47,79200.0,100,Buy,224694987
2024-07-19 11:21:23,79200.0,900,Buy,224695768
2024-07-19 11:21:24,79200.0,100,Sell,224695781
2024-07-19 11:26:34,79400.0,100,Buy,224701163
2024-07-19 11:26:54,79400.0,1300,Buy,224701471
2024-07-19 11:28:33,79400.0,100,Buy,224702760
2024-07-19 11:29:13,79400.0,100,Buy,224703264
2024-07-19 12:59:37,79300.0,100,Sell,224703724
2024-07-19 12:59:38,79300.0,1000,Buy,224703957
2024-07-19 12:59:38,79300.0,100,Buy,224703956
2024-07-19 12:59:39,79300.0,100,Buy,224704530
2024-07-19 12:59:42,79300.0,300,Buy,224705417
2024-07-19 12:59:44,79400.0,500,Buy,224706127
2024-07-19 12:59:46,79400.0,100,Buy,224706795
2024-07-19 12:59:53,79400.0,100,Buy,224708126
2024-07-19 12:59:59,79400.0,7500,Buy,224708613
2024-07-19 12:59:59,79400.0,1600,Buy,224708614
2024-07-19 12:59:59,79400.0,700,Buy,224708615
2024-07-19 12:59:59,79400.0,200,Buy,224708616
2024-07-19 13:00:05,79400.0,100,Buy,224709622
2024-07-19 13:00:23,79400.0,100,Buy,224710302
2024-07-19 13:02:21,79400.0,100,Buy,224716046
2024-07-19 13:02:27,79400.0,100,Buy,224716252
2024-07-19 13:02:41,79400.0,800,Buy,224716849
2024-07-19 13:02:47,79400.0,200,Buy,224717025
2024-07-19 13:03:11,79400.0,300,Sell,224718097
2024-07-19 13:03:57,79400.0,200,Buy,224719628
2024-07-19 13:04:26,79400.0,100,Sell,224720662
2024-07-19 13:05:57,79400.0,100,Sell,224723722
2024-07-19 13:06:24,79400.0,100,Buy,224724487
2024-07-19 13:06:24,79400.0,400,Buy,224724486
2024-07-19 13:06:36,79400.0,1200,Sell,224724855
2024-07-19 13:06:37,79400.0,300,Sell,224724908
2024-07-19 13:06:54,79400.0,100,Buy,224725396
2024-07-19 13:08:09,79300.0,200,Sell,224727611
2024-07-19 13:08:15,79300.0,2000,Buy,224727843
2024-07-19 13:08:34,79300.0,1000,Buy,224728392
2024-07-19 13:08:49,79300.0,200,Buy,224728774
2024-07-19 13:09:11,79300.0,100,Buy,224729482
2024-07-19 13:09:19,79300.0,100,Buy,224729726
2024-07-19 13:11:10,79300.0,100,Sell,224732965
2024-07-19 13:11:10,79300.0,100,Sell,224732964
2024-07-19 13:11:25,79300.0,200,Sell,224733355
2024-07-19 13:11:47,79300.0,100,Sell,224734010
2024-07-19 13:13:26,79400.0,100,Buy,224736762
2024-07-19 13:14:01,79400.0,400,Buy,224737926
2024-07-19 13:15:06,79400.0,100,Buy,224740440
2024-07-19 13:15:12,79300.0,100,Sell,224740670
2024-07-19 13:15:24,79300.0,100,Sell,224741009
2024-07-19 13:15:51,79400.0,200,Buy,224741815
2024-07-19 13:15:51,79400.0,300,Sell,224741818
2024-07-19 13:17:23,79400.0,100,Sell,224744538
2024-07-19 13:18:06,79500.0,100,Buy,224745624
2024-07-19 13:18:07,79500.0,400,Buy,224745682
2024-07-19 13:18:12,79500.0,1000,Buy,224745847
2024-07-19 13:18:46,79500.0,500,Buy,224746887
2024-07-19 13:18:59,79400.0,100,Sell,224747315
2024-07-19 13:20:26,79400.0,100,Sell,224750151
2024-07-19 13:21:02,79400.0,100,Sell,224751160
2024-07-19 13:21:49,79400.0,600,Sell,224752334
2024-07-19 13:22:17,79400.0,200,Sell,224753280
2024-07-19 13:22:46,79400.0,100,Sell,224754353
2024-07-19 13:22:46,79400.0,100,Sell,224754352
2024-07-19 13:22:46,79400.0,100,Sell,224754351
2024-07-19 13:22:46,79400.0,100,Sell,224754349
2024-07-19 13:22:46,79400.0,100,Sell,224754347
2024-07-19 13:22:46,79400.0,200,Sell,224754350
2024-07-19 13:22:46,79400.0,100,Sell,224754348
2024-07-19 13:23:46,79400.0,100,Buy,224756310
2024-07-19 13:24:41,79400.0,100,Buy,224758134
2024-07-19 13:24:42,79300.0,500,Sell,224758159
2024-07-19 13:24:42,79300.0,100,Sell,224758160
2024-07-19 13:24:42,79300.0,100,Sell,224758158
2024-07-19 13:24:42,79300.0,400,Sell,224758156
2024-07-19 13:24:42,79300.0,800,Sell,224758157
2024-07-19 13:24:58,79300.0,100,Buy,224758609
2024-07-19 13:27:41,79300.0,100,Sell,224763580
2024-07-19 13:27:41,79300.0,100,Sell,224763581
2024-07-19 13:28:17,79400.0,100,Buy,224764819
2024-07-19 13:28:17,79400.0,100,Buy,224764820
2024-07-19 13:28:34,79400.0,300,Sell,224765339
2024-07-19 13:28:34,79400.0,100,Sell,224765340
2024-07-19 13:28:55,79400.0,100,Buy,224765983
2024-07-19 13:29:24,79400.0,100,Buy,224766998
2024-07-19 13:29:29,79500.0,600,Buy,224767119
2024-07-19 13:30:10,79500.0,100,Buy,224768524
2024-07-19 13:30:10,79500.0,200,Buy,224768525
2024-07-19 13:30:10,79500.0,400,Buy,224768526
2024-07-19 13:30:10,79500.0,400,Buy,224768527
2024-07-19 13:31:28,79500.0,100,Buy,224770986
2024-07-19 13:31:30,79400.0,1000,Sell,224771056
2024-07-19 13:31:30,79400.0,100,Sell,224771055
2024-07-19 13:31:30,79400.0,500,Sell,224771054
2024-07-19 13:31:34,79400.0,100,Buy,224771164
2024-07-19 13:31:40,79400.0,100,Buy,224771364
2024-07-19 13:34:16,79500.0,200,Buy,224776170
2024-07-19 13:34:16,79500.0,200,Buy,224776171
2024-07-19 13:34:16,79500.0,100,Buy,224776172
2024-07-19 13:34:22,79500.0,100,Buy,224776416
2024-07-19 13:34:22,79500.0,100,Buy,224776417
2024-07-19 13:35:07,79500.0,1500,Sell,224777732
2024-07-19 13:35:07,79500.0,500,Sell,224777731
2024-07-19 13:35:07,79500.0,100,Sell,224777729
2024-07-19 13:35:07,79500.0,200,Sell,224777728
2024-07-19 13:35:07,79500.0,100,Sell,224777730
2024-07-19 13:35:11,79500.0,100,Buy,224777873
2024-07-19 13:35:19,79500.0,100,Buy,224778122
2024-07-19 13:35:37,79500.0,900,Buy,224778651
2024-07-19 13:35:41,79500.0,500,Buy,224778754
2024-07-19 13:35:58,79500.0,500,Buy,224779240
2024-07-19 13:36:01,79500.0,1000,Buy,224779354
2024-07-19 13:36:13,79500.0,100,Buy,224779701
2024-07-19 13:36:51,79500.0,500,Buy,224780943
2024-07-19 13:37:05,79500.0,400,Buy,224781281
2024-07-19 13:37:05,79500.0,100,Buy,224781280
2024-07-19 13:37:22,79500.0,200,Buy,224781744
2024-07-19 13:37:22,79500.0,100,Buy,224781745
2024-07-19 13:38:11,79500.0,400,Buy,224783013
2024-07-19 13:38:14,79500.0,900,Buy,224783090
2024-07-19 13:38:49,79500.0,600,Sell,224783971
2024-07-19 13:38:49,79500.0,1000,Sell,224783972
2024-07-19 13:39:34,79500.0,1000,Buy,224785213
2024-07-19 13:39:38,79500.0,400,Buy,224785292
2024-07-19 13:39:38,79500.0,100,Buy,224785293
2024-07-19 13:40:04,79400.0,300,Sell,224786202
2024-07-19 13:41:39,79400.0,200,Sell,224789687
2024-07-19 13:41:39,79400.0,100,Sell,224789688
2024-07-19 13:43:16,79400.0,500,Sell,224792727
2024-07-19 13:44:32,79400.0,100,Sell,224795545
2024-07-19 13:44:32,79400.0,200,Sell,224795546
2024-07-19 13:44:32,79400.0,100,Sell,224795544
2024-07-19 13:44:32,79400.0,400,Sell,224795539
2024-07-19 13:44:32,79400.0,100,Sell,224795542
2024-07-19 13:44:32,79400.0,500,Sell,224795540
2024-07-19 13:44:32,79400.0,200,Sell,224795543
2024-07-19 13:44:32,79400.0,200,Sell,224795541
2024-07-19 13:45:05,79400.0,200,Sell,224796942
2024-07-19 13:45:05,79400.0,400,Sell,224796943
2024-07-19 13:45:26,79500.0,400,Buy,224797834
2024-07-19 13:45:26,79500.0,500,Buy,224797835
2024-07-19 13:47:29,79700.0,100,Buy,224802625
2024-07-19 13:48:19,79800.0,1000,Buy,224804148
2024-07-19 13:48:19,79800.0,100,Buy,224804149
2024-07-19 13:49:23,79500.0,100,Sell,224806385
2024-07-19 13:49:23,79500.0,300,Sell,224806386
2024-07-19 13:49:23,79500.0,100,Sell,224806387
2024-07-19 13:49:23,79500.0,100,Sell,224806389
2024-07-19 13:49:23,79500.0,100,Sell,224806388
2024-07-19 13:49:36,79500.0,300,Buy,224806781
2024-07-19 13:49:41,79500.0,1200,Buy,224806928
2024-07-19 13:50:02,79500.0,500,Buy,224807721
2024-07-19 13:50:15,79500.0,2300,Buy,224808113
2024-07-19 13:50:15,79500.0,100,Buy,224808114
2024-07-19 13:50:20,79500.0,300,Sell,224808257
2024-07-19 13:52:19,79600.0,500,Sell,224812131
2024-07-19 13:52:19,79600.0,1000,Sell,224812132
2024-07-19 13:53:04,79600.0,100,Sell,224813542
2024-07-19 13:53:04,79600.0,200,Sell,224813543
2024-07-19 13:53:04,79600.0,100,Sell,224813544
2024-07-19 13:53:04,79500.0,2300,Sell,224813545
2024-07-19 13:53:04,79500.0,3300,Sell,224813546
2024-07-19 13:53:24,79500.0,3500,Sell,224814251
2024-07-19 13:54:36,79800.0,200,Buy,224817016
2024-07-19 13:54:36,79800.0,100,Buy,224817017
2024-07-19 13:55:37,79800.0,200,Buy,224819523
2024-07-19 13:55:58,79800.0,100,Buy,224820508
2024-07-19 13:56:40,79800.0,100,Buy,224822161
2024-07-19 13:56:40,79800.0,100,Buy,224822162
2024-07-19 13:56:40,79800.0,300,Buy,224822163
2024-07-19 13:56:46,79500.0,400,Sell,224822445
2024-07-19 13:56:46,79500.0,100,Sell,224822444
2024-07-19 13:56:46,79500.0,300,Sell,224822446
2024-07-19 13:56:46,79600.0,100,Sell,224822442
2024-07-19 13:56:46,79500.0,2000,Sell,224822443
2024-07-19 13:56:46,79600.0,100,Sell,224822441
2024-07-19 13:57:36,79500.0,500,Sell,224824156
2024-07-19 13:59:42,79800.0,100,Buy,224828313
2024-07-19 13:59:59,79900.0,100,Buy,224828812
2024-07-19 14:00:01,79800.0,100,Sell,224828849
2024-07-19 14:00:27,79900.0,100,Buy,224829688
2024-07-19 14:00:57,79800.0,800,Sell,224830641
2024-07-19 14:00:57,79800.0,100,Sell,224830642
2024-07-19 14:00:57,79800.0,100,Buy,224830643
2024-07-19 14:00:57,79900.0,1000,Buy,224830644
2024-07-19 14:01:30,79900.0,100,Buy,224831798
2024-07-19 14:01:39,80000.0,1000,Buy,224832102
2024-07-19 14:01:39,80000.0,300,Buy,224832100
2024-07-19 14:01:39,80000.0,200,Buy,224832099
2024-07-19 14:01:39,80000.0,500,Buy,224832098
2024-07-19 14:01:39,80000.0,300,Buy,224832101
2024-07-19 14:01:39,79900.0,1000,Buy,224832096
2024-07-19 14:01:39,79900.0,500,Buy,224832095
2024-07-19 14:01:39,80000.0,800,Buy,224832097
2024-07-19 14:01:39,79900.0,200,Buy,224832094
2024-07-19 14:01:39,79900.0,200,Buy,224832093
2024-07-19 14:01:56,80000.0,900,Buy,224832690
2024-07-19 14:02:13,80000.0,400,Buy,224833364
2024-07-19 14:02:44,79700.0,100,Sell,224835107
2024-07-19 14:02:44,79500.0,300,Sell,224835126
2024-07-19 14:02:44,79500.0,600,Sell,224835125
2024-07-19 14:02:44,79500.0,300,Sell,224835124
2024-07-19 14:02:44,79500.0,100,Sell,224835123
2024-07-19 14:02:44,79500.0,500,Sell,224835122
2024-07-19 14:02:44,79500.0,100,Sell,224835121
2024-07-19 14:02:44,79500.0,2000,Sell,224835120
2024-07-19 14:02:44,79500.0,100,Sell,224835118
2024-07-19 14:02:44,79500.0,500,Sell,224835127
2024-07-19 14:02:44,79600.0,200,Sell,224835116
2024-07-19 14:02:44,79600.0,100,Sell,224835110
2024-07-19 14:02:44,79600.0,500,Sell,224835109
2024-07-19 14:02:44,79600.0,200,Sell,224835108
2024-07-19 14:02:44,79500.0,200,Sell,224835119
2024-07-19 14:02:44,79500.0,1200,Sell,224835117
2024-07-19 14:02:49,79900.0,100,Sell,224835251
2024-07-19 14:02:59,79900.0,100,Sell,224835677
2024-07-19 14:04:39,79600.0,100,Sell,224839002
2024-07-19 14:05:13,79600.0,100,Sell,224840103
2024-07-19 14:05:13,79600.0,900,Sell,224840102
2024-07-19 14:05:21,79600.0,100,Sell,224840376
2024-07-19 14:06:14,79600.0,300,Sell,224842250
2024-07-19 14:06:16,79600.0,100,Sell,224842289
2024-07-19 14:07:04,79700.0,800,Sell,224843973
2024-07-19 14:07:04,79600.0,500,Sell,224843974
2024-07-19 14:07:04,79600.0,100,Sell,224843975
2024-07-19 14:07:04,79600.0,500,Sell,224843976
2024-07-19 14:07:04,79600.0,3100,Sell,224843977
2024-07-19 14:07:05,79600.0,500,Sell,224843991
2024-07-19 14:07:59,79600.0,500,Sell,224847250
2024-07-19 14:08:34,79600.0,100,Sell,224851867
2024-07-19 14:08:35,79600.0,800,Sell,224851922
2024-07-19 14:08:35,79600.0,400,Sell,224851923
2024-07-19 14:08:56,79600.0,100,Sell,224854158
2024-07-19 14:08:57,79600.0,200,Sell,224854247
2024-07-19 14:08:59,79600.0,100,Sell,224854424
2024-07-19 14:09:00,79600.0,200,Sell,224854443
2024-07-19 14:09:15,79600.0,1000,Sell,224856011
2024-07-19 14:09:29,79600.0,400,Sell,224857364
2024-07-19 14:09:29,79600.0,100,Sell,224857363
2024-07-19 14:09:29,79600.0,100,Sell,224857359
2024-07-19 14:09:29,79600.0,200,Sell,224857361
2024-07-19 14:09:29,79600.0,1000,Sell,224857360
2024-07-19 14:09:29,79600.0,200,Sell,224857362
2024-07-19 14:09:33,79600.0,600,Sell,224858010
2024-07-19 14:09:33,79600.0,100,Sell,224858011
2024-07-19 14:09:49,79500.0,300,Sell,224860019
2024-07-19 14:09:49,79500.0,300,Sell,224860021
2024-07-19 14:09:49,79500.0,100,Sell,224860022
2024-07-19 14:09:49,79500.0,200,Sell,224860023
2024-07-19 14:09:49,79500.0,500,Sell,224860024
2024-07-19 14:09:49,79500.0,100,Sell,224860025
2024-07-19 14:09:49,79500.0,500,Sell,224860020
2024-07-19 14:09:59,79500.0,300,Sell,224861412
2024-07-19 14:09:59,79500.0,200,Sell,224861414
2024-07-19 14:09:59,79500.0,100,Sell,224861413
2024-07-19 14:09:59,79500.0,500,Sell,224861411
2024-07-19 14:09:59,79500.0,800,Sell,224861409
2024-07-19 14:09:59,79500.0,100,Sell,224861410
2024-07-19 14:09:59,79500.0,200,Sell,224861408
2024-07-19 14:10:01,79500.0,300,Sell,224861625
2024-07-19 14:10:06,79500.0,300,Sell,224862459
2024-07-19 14:10:06,79500.0,700,Sell,224862460
2024-07-19 14:10:09,79500.0,200,Sell,224862725
2024-07-19 14:10:14,79500.0,100,Sell,224863152
2024-07-19 14:10:15,79500.0,200,Sell,224863391
2024-07-19 14:10:15,79500.0,100,Sell,224863392
2024-07-19 14:10:22,79500.0,200,Buy,224864225
2024-07-19 14:10:26,79400.0,600,Sell,224864713
2024-07-19 14:10:26,79400.0,200,Sell,224864714
2024-07-19 14:10:26,79400.0,100,Sell,224864712
2024-07-19 14:10:40,79400.0,100,Buy,224866176
2024-07-19 14:11:29,79400.0,100,Buy,224872945
2024-07-19 14:11:50,79400.0,100,Buy,224875106
2024-07-19 14:11:56,79400.0,100,Buy,224875493
2024-07-19 14:12:00,79300.0,400,Sell,224875877
2024-07-19 14:12:00,79300.0,400,Sell,224875876
2024-07-19 14:12:00,79300.0,200,Sell,224875874
2024-07-19 14:12:00,79300.0,1000,Sell,224875875
2024-07-19 14:12:01,79400.0,100,Buy,224875937
2024-07-19 14:12:07,79400.0,2000,Buy,224876401
2024-07-19 14:12:17,79400.0,500,Buy,224877176
2024-07-19 14:13:09,79400.0,200,Buy,224881166
2024-07-19 14:13:14,79300.0,100,Sell,224881518
2024-07-19 14:13:14,79300.0,100,Sell,224881517
2024-07-19 14:13:14,79300.0,100,Sell,224881516
2024-07-19 14:13:14,79300.0,100,Sell,224881515
2024-07-19 14:13:14,79300.0,300,Sell,224881514
2024-07-19 14:13:14,79300.0,100,Sell,224881512
2024-07-19 14:13:14,79300.0,100,Sell,224881511
2024-07-19 14:13:14,79300.0,200,Sell,224881510
2024-07-19 14:13:14,79300.0,100,Sell,224881509
2024-07-19 14:13:14,79300.0,100,Sell,224881508
2024-07-19 14:13:14,79300.0,700,Sell,224881513
2024-07-19 14:13:25,79300.0,100,Buy,224882425
2024-07-19 14:13:30,79300.0,1000,Buy,224882735
2024-07-19 14:13:32,79300.0,300,Buy,224882812
2024-07-19 14:13:33,79300.0,700,Sell,224882918
2024-07-19 14:13:36,79300.0,100,Buy,224883094
2024-07-19 14:13:42,79200.0,1000,Sell,224883508
2024-07-19 14:13:42,79200.0,500,Sell,224883509
2024-07-19 14:13:42,79200.0,300,Sell,224883510
2024-07-19 14:13:42,79200.0,100,Sell,224883511
2024-07-19 14:13:42,79200.0,100,Sell,224883512
2024-07-19 14:13:42,79200.0,7600,Sell,224883513
2024-07-19 14:13:42,79300.0,100,Sell,224883507
2024-07-19 14:14:05,79200.0,3400,Sell,224884930
2024-07-19 14:14:05,79300.0,1000,Sell,224884927
2024-07-19 14:14:05,79300.0,100,Sell,224884928
2024-07-19 14:14:05,79300.0,500,Sell,224884929
2024-07-19 14:14:37,79300.0,500,Buy,224886998
2024-07-19 14:14:43,79300.0,800,Sell,224887306
2024-07-19 14:15:04,79300.0,300,Sell,224888325
2024-07-19 14:15:22,79400.0,600,Buy,224889186
2024-07-19 14:15:30,79400.0,100,Buy,224889511
2024-07-19 14:15:37,79500.0,500,Buy,224889866
2024-07-19 14:15:37,79500.0,100,Buy,224889867
2024-07-19 14:15:49,79500.0,400,Buy,224890441
2024-07-19 14:16:23,79500.0,2700,Sell,224891926
2024-07-19 14:16:51,79500.0,1500,Sell,224893025
2024-07-19 14:16:51,79500.0,2800,Sell,224893023
2024-07-19 14:16:51,79500.0,200,Sell,224893024
2024-07-19 14:17:00,79500.0,500,Buy,224893475
2024-07-19 14:17:00,79500.0,1000,Buy,224893476
2024-07-19 14:17:09,79500.0,200,Sell,224893758
2024-07-19 14:17:20,79500.0,300,Sell,224894259
2024-07-19 14:17:33,79600.0,100,Buy,224894674
2024-07-19 14:18:02,79600.0,200,Buy,224895842
2024-07-19 14:18:12,79500.0,3000,Sell,224896218
2024-07-19 14:19:31,79500.0,500,Sell,224900041
2024-07-19 14:20:06,79600.0,100,Sell,224901697
2024-07-19 14:20:06,79700.0,200,Sell,224901696
2024-07-19 14:20:20,79800.0,200,Buy,224902532
2024-07-19 14:20:41,79600.0,2700,Sell,224904035
2024-07-19 14:20:41,79600.0,100,Sell,224904033
2024-07-19 14:20:41,79600.0,200,Sell,224904034
2024-07-19 14:20:56,79600.0,2300,Sell,224905243
2024-07-19 14:20:56,79500.0,700,Sell,224905244
2024-07-19 14:20:56,79500.0,2000,Sell,224905250
2024-07-19 14:21:07,79500.0,300,Sell,224906111
2024-07-19 14:21:07,79500.0,100,Sell,224906139
2024-07-19 14:21:16,79500.0,1000,Sell,224906713
2024-07-19 14:21:16,79500.0,100,Sell,224906712
2024-07-19 14:21:16,79500.0,4500,Sell,224906714
2024-07-19 14:21:16,79500.0,1000,Sell,224906711
2024-07-19 14:21:16,79500.0,800,Sell,224906707
2024-07-19 14:21:16,79500.0,100,Sell,224906709
2024-07-19 14:21:16,79500.0,1000,Sell,224906708
2024-07-19 14:21:16,79500.0,1400,Sell,224906706
2024-07-19 14:21:16,79500.0,100,Sell,224906710
2024-07-19 14:21:20,79500.0,100,Sell,224906998
2024-07-19 14:21:21,79500.0,400,Sell,224907119
2024-07-19 14:21:21,79500.0,300,Sell,224907120
2024-07-19 14:21:21,79500.0,300,Sell,224907121
2024-07-19 14:21:28,79200.0,2400,Sell,224907625
2024-07-19 14:21:28,79200.0,200,Sell,224907624
2024-07-19 14:21:28,79300.0,100,Sell,224907622
2024-07-19 14:21:28,79300.0,100,Sell,224907621
2024-07-19 14:21:28,79300.0,1500,Sell,224907620
2024-07-19 14:21:28,79300.0,500,Sell,224907619
2024-07-19 14:21:28,79200.0,1600,Sell,224907623
2024-07-19 14:21:28,79300.0,100,Sell,224907617
2024-07-19 14:21:28,79300.0,400,Sell,224907616
2024-07-19 14:21:28,79400.0,200,Sell,224907615
2024-07-19 14:21:28,79400.0,600,Sell,224907614
2024-07-19 14:21:28,79400.0,500,Sell,224907613
2024-07-19 14:21:28,79400.0,100,Sell,224907612
2024-07-19 14:21:28,79500.0,700,Sell,224907611
2024-07-19 14:21:28,79300.0,1000,Sell,224907618
2024-07-19 14:21:36,79200.0,1100,Sell,224908208
2024-07-19 14:21:36,79200.0,100,Sell,224908209
2024-07-19 14:21:41,79200.0,200,Sell,224908466
2024-07-19 14:21:41,79200.0,100,Sell,224908467
2024-07-19 14:21:41,79200.0,400,Sell,224908468
2024-07-19 14:21:53,79200.0,1000,Sell,224909370
2024-07-19 14:22:13,79800.0,100,Buy,224910967
2024-07-19 14:22:13,79600.0,100,Buy,224910966
2024-07-19 14:23:46,79200.0,2000,Sell,224916152
2024-07-19 14:23:46,79200.0,100,Sell,224916145
2024-07-19 14:23:46,79200.0,100,Sell,224916151
2024-07-19 14:23:46,79200.0,100,Sell,224916150
2024-07-19 14:23:46,79200.0,100,Sell,224916149
2024-07-19 14:23:46,79200.0,500,Sell,224916148
2024-07-19 14:23:46,79200.0,100,Sell,224916147
2024-07-19 14:23:46,79200.0,100,Sell,224916146
2024-07-19 14:23:46,79200.0,500,Sell,224916144
2024-07-19 14:23:46,79200.0,100,Sell,224916116
2024-07-19 14:23:46,79200.0,100,Sell,224916124
2024-07-19 14:23:46,79200.0,1600,Sell,224916115
2024-07-19 14:23:46,79200.0,600,Sell,224916117
2024-07-19 14:23:46,79200.0,500,Sell,224916118
2024-07-19 14:23:46,79200.0,100,Sell,224916119
2024-07-19 14:23:46,79200.0,100,Sell,224916125
2024-07-19 14:23:46,79200.0,100,Sell,224916121
2024-07-19 14:23:46,79200.0,1000,Sell,224916122
2024-07-19 14:23:46,79200.0,1000,Sell,224916123
2024-07-19 14:23:46,79200.0,100,Sell,224916120
2024-07-19 14:23:49,79200.0,100,Buy,224916319
2024-07-19 14:24:02,79200.0,1000,Buy,224916951
2024-07-19 14:24:10,79200.0,200,Sell,224917379
2024-07-19 14:24:10,79200.0,100,Sell,224917380
2024-07-19 14:24:26,79200.0,200,Sell,224918309
2024-07-19 14:24:28,79200.0,100,Sell,224918430
2024-07-19 14:24:46,79200.0,1400,Sell,224919592
2024-07-19 14:24:46,79200.0,600,Sell,224919593
2024-07-19 14:25:07,79200.0,300,Sell,224920915
2024-07-19 14:25:07,79200.0,400,Sell,224920913
2024-07-19 14:25:07,79200.0,300,Sell,224920914
2024-07-19 14:25:15,79200.0,300,Sell,224921397
2024-07-19 14:25:16,79400.0,1900,Buy,224921435
2024-07-19 14:25:24,79400.0,100,Buy,224921866
2024-07-19 14:25:24,79200.0,100,Sell,224921874
2024-07-19 14:25:24,79200.0,100,Sell,224921873
2024-07-19 14:25:24,79200.0,100,Sell,224921872
2024-07-19 14:25:24,79200.0,200,Sell,224921875
2024-07-19 14:25:24,79200.0,200,Sell,224921870
2024-07-19 14:25:24,79200.0,100,Sell,224921869
2024-07-19 14:25:24,79200.0,900,Sell,224921868
2024-07-19 14:25:24,79400.0,400,Sell,224921867
2024-07-19 14:25:24,79200.0,900,Sell,224921871
2024-07-19 14:25:30,79400.0,100,Sell,224922179
2024-07-19 14:25:32,79200.0,1000,Sell,224922237
2024-07-19 14:25:53,79200.0,500,Sell,224923296
2024-07-19 14:26:25,79200.0,100,Sell,224924906
2024-07-19 14:26:25,79200.0,300,Sell,224924909
2024-07-19 14:26:25,79200.0,100,Sell,224924908
2024-07-19 14:26:25,79200.0,200,Sell,224924907
2024-07-19 14:26:25,79200.0,100,Sell,224924905
2024-07-19 14:26:25,79300.0,200,Sell,224924899
2024-07-19 14:26:25,79200.0,1000,Sell,224924903
2024-07-19 14:26:25,79200.0,200,Sell,224924902
2024-07-19 14:26:25,79200.0,500,Sell,224924901
2024-07-19 14:26:25,79200.0,300,Sell,224924900
2024-07-19 14:26:25,79200.0,200,Sell,224924904
2024-07-19 14:26:33,79200.0,1000,Buy,224925448
2024-07-19 14:26:38,79100.0,100,Sell,224925643
2024-07-19 14:26:38,79100.0,100,Sell,224925644
2024-07-19 14:26:38,79100.0,400,Sell,224925645
2024-07-19 14:26:38,79100.0,300,Sell,224925646
2024-07-19 14:26:38,79100.0,100,Sell,224925647
2024-07-19 14:26:49,79200.0,100,Buy,224926232
2024-07-19 14:26:52,79200.0,100,Buy,224926354
2024-07-19 14:26:53,79200.0,100,Buy,224926407
2024-07-19 14:27:10,79200.0,200,Buy,224927264
2024-07-19 14:27:10,79200.0,1500,Buy,224927263
2024-07-19 14:27:12,79200.0,100,Sell,224927357
2024-07-19 14:27:23,79400.0,200,Buy,224928082
2024-07-19 14:27:23,79400.0,200,Buy,224928083
2024-07-19 14:27:38,79300.0,500,Buy,224929278
2024-07-19 14:28:17,79300.0,500,Buy,224931374
2024-07-19 14:28:28,79700.0,300,Buy,224931889
2024-07-19 14:28:28,79700.0,100,Buy,224931890
2024-07-19 14:28:50,79300.0,600,Sell,224933348
2024-07-19 14:29:01,79300.0,200,Sell,224934334
2024-07-19 14:29:03,79700.0,1000,Buy,224934437
2024-07-19 14:29:26,79300.0,100,Sell,224936173
2024-07-19 14:29:26,79300.0,100,Sell,224936174
2024-07-19 14:44:41,79000.0,83000,ATO/ATC,224938168
