time,price,volume,match_type,id
2024-07-24 09:14:39,71500.0,26900,ATO/ATC,225854153
2024-07-24 09:14:41,71300.0,1400,Sell,225854559
2024-07-24 09:14:41,71500.0,3300,Sell,225854557
2024-07-24 09:14:41,71400.0,300,Sell,225854558
2024-07-24 09:14:53,71500.0,1000,Sell,225855080
2024-07-24 09:14:55,71500.0,600,Sell,225855112
2024-07-24 09:14:56,71500.0,100,Buy,225855129
2024-07-24 09:14:56,71500.0,900,Buy,225855144
2024-07-24 09:15:09,71400.0,1600,Sell,225855585
2024-07-24 09:15:25,71400.0,100,Buy,225856077
2024-07-24 09:15:32,71300.0,1000,Sell,225856274
2024-07-24 09:15:32,71300.0,2000,Sell,225856275
2024-07-24 09:15:32,71300.0,300,Sell,225856291
2024-07-24 09:15:32,71200.0,300,Sell,225856292
2024-07-24 09:15:32,71100.0,100,Sell,225856293
2024-07-24 09:15:32,71100.0,300,Sell,225856294
2024-07-24 09:15:32,71400.0,100,Buy,225856311
2024-07-24 09:15:34,71300.0,100,Buy,225856365
2024-07-24 09:15:37,71300.0,100,Buy,225856444
2024-07-24 09:15:40,71300.0,800,Buy,225856691
2024-07-24 09:15:40,71400.0,200,Buy,225856692
2024-07-24 09:15:52,71300.0,100,Buy,225857092
2024-07-24 09:15:52,71300.0,100,Buy,225857147
2024-07-24 09:16:02,71300.0,300,Buy,225857542
2024-07-24 09:16:05,71200.0,100,Buy,225857634
2024-07-24 09:16:17,71100.0,700,Sell,225858119
2024-07-24 09:16:17,71100.0,500,Sell,225858120
2024-07-24 09:16:17,71100.0,1000,Sell,225858121
2024-07-24 09:16:17,71100.0,1700,Sell,225858122
2024-07-24 09:16:17,71100.0,1000,Sell,225858123
2024-07-24 09:16:17,71100.0,100,Sell,225858124
2024-07-24 09:16:22,71000.0,2000,Sell,225858343
2024-07-24 09:16:22,71000.0,1000,Sell,225858346
2024-07-24 09:16:22,71000.0,100,Sell,225858345
2024-07-24 09:16:22,71000.0,100,Sell,225858344
2024-07-24 09:16:22,71000.0,100,Sell,225858342
2024-07-24 09:16:22,71000.0,100,Sell,225858340
2024-07-24 09:16:22,71100.0,200,Sell,225858336
2024-07-24 09:16:22,71000.0,100,Sell,225858339
2024-07-24 09:16:22,71000.0,300,Sell,225858338
2024-07-24 09:16:22,71100.0,200,Sell,225858337
2024-07-24 09:16:22,71000.0,200,Sell,225858341
2024-07-24 09:16:31,71100.0,100,Sell,225858718
2024-07-24 09:16:31,71000.0,900,Sell,225858719
2024-07-24 09:16:31,71000.0,100,Sell,225858730
2024-07-24 09:16:34,71000.0,100,Sell,225858871
2024-07-24 09:16:34,71000.0,100,Sell,225858870
2024-07-24 09:16:34,71000.0,1000,Sell,225858869
2024-07-24 09:16:34,71000.0,100,Sell,225858868
2024-07-24 09:16:34,71000.0,100,Sell,225858867
2024-07-24 09:16:34,71000.0,100,Sell,225858866
2024-07-24 09:16:34,71000.0,5000,Sell,225858864
2024-07-24 09:16:34,71000.0,200,Sell,225858863
2024-07-24 09:16:34,71000.0,500,Sell,225858862
2024-07-24 09:16:34,71000.0,800,Sell,225858861
2024-07-24 09:16:34,71000.0,100,Sell,225858860
2024-07-24 09:16:34,71000.0,500,Sell,225858865
2024-07-24 09:16:36,71000.0,1200,Buy,225858945
2024-07-24 09:16:52,70900.0,300,Sell,225859482
2024-07-24 09:16:59,70900.0,500,Buy,225859796
2024-07-24 09:17:04,70800.0,300,Sell,225860001
2024-07-24 09:17:09,70800.0,1000,Sell,225860209
2024-07-24 09:17:16,70500.0,200,Sell,225860571
2024-07-24 09:17:16,70500.0,100,Sell,225860570
2024-07-24 09:17:16,70600.0,1000,Sell,225860569
2024-07-24 09:17:16,70600.0,400,Sell,225860568
2024-07-24 09:17:16,70700.0,300,Sell,225860566
2024-07-24 09:17:16,70600.0,300,Sell,225860567
2024-07-24 09:17:18,70800.0,2000,Buy,225860616
2024-07-24 09:17:18,71000.0,100,Sell,225860644
2024-07-24 09:17:18,71000.0,1000,Buy,225860631
2024-07-24 09:17:18,71000.0,500,Buy,225860630
2024-07-24 09:17:18,71000.0,800,Buy,225860627
2024-07-24 09:17:18,71000.0,7000,Buy,225860626
2024-07-24 09:17:18,70900.0,100,Buy,225860625
2024-07-24 09:17:18,71000.0,300,Buy,225860629
2024-07-24 09:17:18,70900.0,500,Buy,225860623
2024-07-24 09:17:18,70900.0,200,Buy,225860624
2024-07-24 09:17:18,70800.0,1000,Buy,225860617
2024-07-24 09:17:18,70800.0,400,Buy,225860618
2024-07-24 09:17:18,70800.0,1500,Buy,225860619
2024-07-24 09:17:18,71000.0,400,Buy,225860628
2024-07-24 09:17:18,70900.0,2000,Buy,225860621
2024-07-24 09:17:18,70900.0,300,Buy,225860622
2024-07-24 09:17:18,70900.0,200,Buy,225860620
2024-07-24 09:17:19,71000.0,100,Sell,225860685
2024-07-24 09:17:20,71100.0,800,Buy,225860772
2024-07-24 09:17:23,71000.0,300,Sell,225860885
2024-07-24 09:17:29,71100.0,100,Buy,225861353
2024-07-24 09:17:30,71000.0,200,Sell,225861376
2024-07-24 09:17:36,71000.0,1500,Sell,225861590
2024-07-24 09:17:46,71000.0,400,Sell,225862079
2024-07-24 09:17:48,71000.0,4200,Sell,225862141
2024-07-24 09:17:48,71000.0,300,Sell,225862142
2024-07-24 09:17:50,71000.0,500,Buy,225862236
2024-07-24 09:17:51,71000.0,100,Sell,225862282
2024-07-24 09:17:56,71000.0,300,Sell,225862486
2024-07-24 09:17:56,71000.0,100,Sell,225862485
2024-07-24 09:17:59,71000.0,100,Buy,225862665
2024-07-24 09:17:59,71000.0,100,Buy,225862666
2024-07-24 09:18:03,71000.0,100,Buy,225862878
2024-07-24 09:18:08,71000.0,100,Buy,225863105
2024-07-24 09:18:09,71000.0,100,Buy,225863157
2024-07-24 09:18:16,71000.0,100,Buy,225863447
2024-07-24 09:18:18,71000.0,200,Buy,225863600
2024-07-24 09:18:19,71000.0,300,Buy,225863628
2024-07-24 09:18:25,71000.0,100,Buy,225863928
2024-07-24 09:18:27,70900.0,100,Sell,225863993
2024-07-24 09:18:30,71000.0,100,Buy,225864166
2024-07-24 09:18:50,71000.0,100,Buy,225865180
2024-07-24 09:18:50,71000.0,100,Buy,225865178
2024-07-24 09:18:50,71000.0,100,Buy,225865179
2024-07-24 09:18:53,70900.0,200,Sell,225865323
2024-07-24 09:18:55,71000.0,200,Buy,225865408
2024-07-24 09:19:00,70900.0,100,Sell,225865622
2024-07-24 09:19:00,70900.0,100,Sell,225865623
2024-07-24 09:19:00,70900.0,200,Sell,225865624
2024-07-24 09:19:00,70900.0,100,Sell,225865625
2024-07-24 09:19:03,70900.0,100,Sell,225865749
2024-07-24 09:19:03,70900.0,500,Sell,225865750
2024-07-24 09:19:05,70900.0,100,Buy,225865809
2024-07-24 09:19:08,70900.0,1000,Buy,225865950
2024-07-24 09:19:11,71000.0,1000,Buy,225866096
2024-07-24 09:19:11,71000.0,3800,Buy,225866097
2024-07-24 09:19:11,71000.0,100,Buy,225866095
2024-07-24 09:19:11,71000.0,6000,Buy,225866092
2024-07-24 09:19:11,71000.0,400,Buy,225866093
2024-07-24 09:19:11,71000.0,400,Buy,225866091
2024-07-24 09:19:11,71000.0,1000,Buy,225866094
2024-07-24 09:19:11,70900.0,2300,Buy,225866090
2024-07-24 09:19:13,70800.0,300,Sell,225866254
2024-07-24 09:19:15,70900.0,100,Buy,225866426
2024-07-24 09:19:15,70900.0,200,Buy,225866430
2024-07-24 09:19:16,71000.0,100,Buy,225866471
2024-07-24 09:19:18,71000.0,100,Buy,225866539
2024-07-24 09:19:18,71000.0,1000,Buy,225866540
2024-07-24 09:19:18,71000.0,100,Buy,225866541
2024-07-24 09:19:21,71100.0,1100,Buy,225866660
2024-07-24 09:19:21,71100.0,300,Buy,225866661
2024-07-24 09:19:22,71200.0,2000,Buy,225866689
2024-07-24 09:19:25,71000.0,500,Sell,225866818
2024-07-24 09:19:30,71300.0,100,Buy,225867030
2024-07-24 09:19:33,71300.0,700,Sell,225867139
2024-07-24 09:19:34,71400.0,3000,Buy,225867235
2024-07-24 09:19:35,71800.0,900,Buy,225867263
2024-07-24 09:19:40,71300.0,500,Sell,225867478
2024-07-24 09:19:57,71400.0,100,Sell,225868120
2024-07-24 09:19:57,71400.0,500,Sell,225868121
2024-07-24 09:19:57,71400.0,2700,Sell,225868122
2024-07-24 09:19:57,71300.0,900,Sell,225868123
2024-07-24 09:19:57,71300.0,800,Sell,225868124
2024-07-24 09:20:00,71400.0,200,Sell,225868311
2024-07-24 09:20:18,71400.0,200,Sell,225869030
2024-07-24 09:20:22,71400.0,800,Sell,225869182
2024-07-24 09:20:22,71400.0,500,Sell,225869183
2024-07-24 09:20:22,71400.0,200,Sell,225869184
2024-07-24 09:20:22,71400.0,500,Sell,225869185
2024-07-24 09:20:32,71500.0,300,Sell,225869507
2024-07-24 09:20:42,71600.0,200,Sell,225869887
2024-07-24 09:20:50,71800.0,100,Buy,225870175
2024-07-24 09:20:54,71800.0,100,Buy,225870363
2024-07-24 09:20:54,71800.0,3900,Buy,225870369
2024-07-24 09:21:16,71800.0,600,Sell,225871139
2024-07-24 09:21:18,72000.0,300,Buy,225871219
2024-07-24 09:21:23,72000.0,100,Buy,225871393
2024-07-24 09:21:29,72000.0,300,Buy,225871599
2024-07-24 09:21:31,72000.0,5000,Sell,225871652
2024-07-24 09:21:40,72000.0,300,Sell,225871919
2024-07-24 09:21:58,72400.0,100,Buy,225872521
2024-07-24 09:21:59,72000.0,100,Sell,225872574
2024-07-24 09:22:15,72100.0,1000,Sell,225873076
2024-07-24 09:22:15,72100.0,3000,Sell,225873077
2024-07-24 09:22:26,72200.0,100,Sell,225873470
2024-07-24 09:22:28,72500.0,100,Buy,225873560
2024-07-24 09:22:28,72400.0,400,Buy,225873559
2024-07-24 09:22:28,72300.0,100,Buy,225873558
2024-07-24 09:22:52,72500.0,200,Sell,225874404
2024-07-24 09:22:55,72500.0,200,Sell,225874515
2024-07-24 09:22:55,72500.0,100,Sell,225874516
2024-07-24 09:22:55,72500.0,500,Sell,225874517
2024-07-24 09:22:55,72500.0,300,Buy,225874518
2024-07-24 09:22:56,72500.0,1000,Buy,225874540
2024-07-24 09:23:03,72500.0,100,Buy,225874768
2024-07-24 09:23:09,73000.0,1000,Buy,225875007
2024-07-24 09:23:09,73000.0,300,Buy,225875003
2024-07-24 09:23:09,73000.0,100,Buy,225875006
2024-07-24 09:23:09,73000.0,500,Buy,225875005
2024-07-24 09:23:09,73000.0,3600,Buy,225875004
2024-07-24 09:23:09,73000.0,1000,Buy,225875002
2024-07-24 09:23:09,72800.0,300,Buy,225874995
2024-07-24 09:23:09,73000.0,100,Buy,225875000
2024-07-24 09:23:09,72700.0,2900,Buy,225874994
2024-07-24 09:23:09,72800.0,1000,Buy,225874996
2024-07-24 09:23:09,73000.0,1000,Buy,225875001
2024-07-24 09:23:09,73000.0,2000,Buy,225874998
2024-07-24 09:23:09,73000.0,200,Buy,225874999
2024-07-24 09:23:09,73000.0,100,Buy,225874997
2024-07-24 09:23:19,73000.0,200,Sell,225875382
2024-07-24 09:23:20,73100.0,300,Buy,225875427
2024-07-24 09:23:40,73100.0,400,Buy,225876085
2024-07-24 09:23:40,73000.0,100,Sell,225876099
2024-07-24 09:23:43,73000.0,1000,Sell,225876190
2024-07-24 09:23:52,73000.0,1500,Sell,225876459
2024-07-24 09:23:55,73000.0,2000,Sell,225876547
2024-07-24 09:23:56,73000.0,200,Sell,225876568
2024-07-24 09:23:56,73000.0,900,Sell,225876608
2024-07-24 09:24:04,72900.0,100,Buy,225876861
2024-07-24 09:24:04,72900.0,100,Buy,225876876
2024-07-24 09:24:11,72900.0,100,Buy,225877143
2024-07-24 09:24:14,72900.0,300,Buy,225877225
2024-07-24 09:24:14,73000.0,100,Buy,225877226
2024-07-24 09:24:14,73000.0,100,Buy,225877227
2024-07-24 09:24:16,73000.0,900,Buy,225877277
2024-07-24 09:24:16,73000.0,1100,Buy,225877278
2024-07-24 09:24:39,72900.0,300,Sell,225878175
2024-07-24 09:24:49,72700.0,100,Sell,225878533
2024-07-24 09:25:01,72700.0,1000,Sell,225879054
2024-07-24 09:25:10,72800.0,1300,Sell,225879382
2024-07-24 09:25:12,72800.0,1000,Sell,225879445
2024-07-24 09:25:20,72900.0,200,Buy,225879773
2024-07-24 09:25:20,72900.0,200,Buy,225879774
2024-07-24 09:25:20,72900.0,1500,Buy,225879775
2024-07-24 09:25:20,72900.0,1000,Buy,225879776
2024-07-24 09:25:39,72900.0,100,Sell,225880575
2024-07-24 09:25:39,72900.0,400,Sell,225880576
2024-07-24 09:25:42,72800.0,100,Sell,225880658
2024-07-24 09:25:53,72900.0,100,Buy,225881050
2024-07-24 09:26:32,72800.0,500,Sell,225882459
2024-07-24 09:26:34,72900.0,500,Buy,225882517
2024-07-24 09:26:41,72900.0,100,Buy,225882745
2024-07-24 09:26:45,72800.0,100,Sell,225882877
2024-07-24 09:26:47,72800.0,200,Sell,225882991
2024-07-24 09:26:50,72800.0,800,Sell,225883069
2024-07-24 09:26:50,72800.0,300,Sell,225883070
2024-07-24 09:26:56,72800.0,1000,Buy,225883328
2024-07-24 09:26:59,72800.0,700,Buy,225883412
2024-07-24 09:26:59,72800.0,1300,Buy,225883413
2024-07-24 09:27:07,72800.0,500,Buy,225883784
2024-07-24 09:27:11,72800.0,100,Buy,225883932
2024-07-24 09:27:12,72900.0,100,Buy,225883971
2024-07-24 09:27:12,72900.0,800,Buy,225883968
2024-07-24 09:27:12,72900.0,400,Buy,225883967
2024-07-24 09:27:12,72900.0,1900,Buy,225883970
2024-07-24 09:27:12,72900.0,500,Buy,225883965
2024-07-24 09:27:12,72900.0,500,Buy,225883966
2024-07-24 09:27:12,72800.0,100,Buy,225883962
2024-07-24 09:27:12,72900.0,100,Buy,225883969
2024-07-24 09:27:12,72900.0,600,Buy,225883963
2024-07-24 09:27:12,72900.0,500,Buy,225883964
2024-07-24 09:27:28,73000.0,1000,Buy,225884518
2024-07-24 09:27:28,73000.0,1000,Buy,225884519
2024-07-24 09:27:28,73000.0,100,Buy,225884520
2024-07-24 09:27:28,73000.0,500,Buy,225884521
2024-07-24 09:27:28,73000.0,1000,Buy,225884522
2024-07-24 09:27:28,73000.0,100,Buy,225884523
2024-07-24 09:27:28,73000.0,500,Buy,225884524
2024-07-24 09:27:28,73000.0,200,Buy,225884525
2024-07-24 09:27:28,73000.0,1000,Buy,225884517
2024-07-24 09:27:29,73000.0,2600,Sell,225884566
2024-07-24 09:27:29,72900.0,400,Sell,225884567
2024-07-24 09:27:49,73000.0,100,Sell,225885393
2024-07-24 09:27:54,72900.0,600,Sell,225885541
2024-07-24 09:28:21,72800.0,100,Buy,225886549
2024-07-24 09:28:28,72800.0,200,Buy,225886763
2024-07-24 09:29:18,72700.0,700,Sell,225888429
2024-07-24 09:29:18,72700.0,300,Sell,225888438
2024-07-24 09:29:41,72700.0,200,Buy,225889370
2024-07-24 09:29:55,72700.0,200,Buy,225889894
2024-07-24 09:30:04,72500.0,100,Sell,225890169
2024-07-24 09:30:04,72500.0,200,Sell,225890170
2024-07-24 09:30:17,72500.0,400,Sell,225890494
2024-07-24 09:30:34,72700.0,500,Buy,225890965
2024-07-24 09:30:38,72500.0,200,Sell,225891052
2024-07-24 09:30:44,72500.0,100,Sell,225891320
2024-07-24 09:30:56,72500.0,500,Sell,225891734
2024-07-24 09:30:56,72500.0,200,Sell,225891736
2024-07-24 09:30:56,72500.0,100,Sell,225891735
2024-07-24 09:30:56,72500.0,100,Sell,225891732
2024-07-24 09:30:56,72500.0,100,Sell,225891733
2024-07-24 09:31:20,72300.0,500,Sell,225892548
2024-07-24 09:31:42,72400.0,200,Buy,225893113
2024-07-24 09:31:42,72500.0,500,Buy,225893114
2024-07-24 09:31:42,72500.0,200,Buy,225893115
2024-07-24 09:31:42,72500.0,1100,Buy,225893116
2024-07-24 09:31:53,72500.0,100,Buy,225893482
2024-07-24 09:31:53,72500.0,300,Buy,225893483
2024-07-24 09:31:58,72500.0,1300,Sell,225893665
2024-07-24 09:31:59,72500.0,1700,Buy,225893710
2024-07-24 09:32:00,72700.0,100,Buy,225893733
2024-07-24 09:32:00,72700.0,200,Buy,225893734
2024-07-24 09:32:00,72700.0,400,Buy,225893735
2024-07-24 09:32:00,72700.0,1100,Buy,225893732
2024-07-24 09:32:05,72900.0,100,Buy,225893959
2024-07-24 09:32:05,73000.0,8900,Buy,225893963
2024-07-24 09:32:05,73000.0,1000,Buy,225893962
2024-07-24 09:32:05,73000.0,500,Buy,225893961
2024-07-24 09:32:05,73000.0,700,Buy,225893960
2024-07-24 09:32:05,72900.0,500,Buy,225893958
2024-07-24 09:32:05,72800.0,100,Buy,225893950
2024-07-24 09:32:05,72900.0,100,Buy,225893956
2024-07-24 09:32:05,72900.0,200,Buy,225893955
2024-07-24 09:32:05,72800.0,500,Buy,225893954
2024-07-24 09:32:05,72800.0,1000,Buy,225893953
2024-07-24 09:32:05,72800.0,5300,Buy,225893952
2024-07-24 09:32:05,72800.0,100,Buy,225893951
2024-07-24 09:32:05,72900.0,1000,Buy,225893957
2024-07-24 09:32:07,73000.0,1000,Buy,225893997
2024-07-24 09:32:07,73000.0,100,Buy,225893996
2024-07-24 09:32:07,73000.0,1100,Buy,225893995
2024-07-24 09:32:12,73100.0,5200,Buy,225894145
2024-07-24 09:32:12,73100.0,200,Buy,225894144
2024-07-24 09:32:12,73100.0,1000,Buy,225894110
2024-07-24 09:32:12,73100.0,300,Buy,225894142
2024-07-24 09:32:12,73100.0,400,Buy,225894143
2024-07-24 09:32:14,73100.0,4800,Buy,225894180
2024-07-24 09:32:14,73100.0,200,Buy,225894181
2024-07-24 09:32:14,73100.0,100,Buy,225894182
2024-07-24 09:32:14,73100.0,100,Buy,225894183
2024-07-24 09:32:14,73100.0,100,Buy,225894184
2024-07-24 09:32:14,73100.0,800,Buy,225894185
2024-07-24 09:32:22,73100.0,100,Buy,225894445
2024-07-24 09:32:23,73100.0,1000,Sell,225894500
2024-07-24 09:32:23,73100.0,1500,Buy,225894478
2024-07-24 09:32:23,73100.0,1500,Buy,225894479
2024-07-24 09:32:23,73100.0,500,Buy,225894476
2024-07-24 09:32:23,73100.0,400,Buy,225894475
2024-07-24 09:32:23,73100.0,4000,Buy,225894477
2024-07-24 09:32:24,73200.0,100,Buy,225894518
2024-07-24 09:32:24,73200.0,100,Buy,225894519
2024-07-24 09:32:24,73200.0,3000,Buy,225894520
2024-07-24 09:32:24,73200.0,100,Buy,225894521
2024-07-24 09:32:24,73100.0,100,Sell,225894529
2024-07-24 09:32:27,73300.0,100,Buy,225894646
2024-07-24 09:32:27,73300.0,600,Buy,225894647
2024-07-24 09:32:27,73300.0,100,Buy,225894648
2024-07-24 09:32:27,73300.0,100,Buy,225894649
2024-07-24 09:32:27,73300.0,500,Buy,225894650
2024-07-24 09:32:28,73400.0,100,Buy,225894682
2024-07-24 09:32:28,73400.0,1000,Buy,225894681
2024-07-24 09:32:28,73400.0,100,Buy,225894680
2024-07-24 09:32:31,73500.0,1000,Buy,225894746
2024-07-24 09:32:31,73500.0,100,Buy,225894747
2024-07-24 09:33:00,73600.0,100,Buy,225895578
2024-07-24 09:33:00,73500.0,100,Sell,225895588
2024-07-24 09:33:00,73500.0,800,Sell,225895589
2024-07-24 09:33:14,73500.0,1000,Buy,225895900
2024-07-24 09:33:15,73500.0,100,Buy,225895910
2024-07-24 09:33:49,73500.0,100,Buy,225896674
2024-07-24 09:33:58,73500.0,100,Buy,225896944
2024-07-24 09:34:08,73500.0,100,Buy,225897191
2024-07-24 09:34:08,73500.0,800,Buy,225897192
2024-07-24 09:34:08,73500.0,200,Buy,225897193
2024-07-24 09:34:14,73500.0,100,Buy,225897383
2024-07-24 09:34:14,73500.0,100,Buy,225897382
2024-07-24 09:34:14,73500.0,800,Buy,225897381
2024-07-24 09:34:34,73500.0,100,Buy,225897873
2024-07-24 09:34:41,73500.0,100,Buy,225898008
2024-07-24 09:34:51,73500.0,100,Buy,225898245
2024-07-24 09:35:00,73500.0,100,Buy,225898547
2024-07-24 09:35:23,73500.0,100,Buy,225899253
2024-07-24 09:35:24,73500.0,200,Buy,225899275
2024-07-24 09:35:34,73500.0,100,Buy,225899562
2024-07-24 09:35:41,73500.0,200,Buy,225899738
2024-07-24 09:35:41,73500.0,500,Buy,225899739
2024-07-24 09:35:43,73500.0,500,Buy,225899806
2024-07-24 09:36:01,73600.0,100,Buy,225900198
2024-07-24 09:36:04,73600.0,1000,Sell,225900271
2024-07-24 09:36:11,73700.0,100,Buy,225900515
2024-07-24 09:36:11,73700.0,100,Buy,225900514
2024-07-24 09:36:15,73700.0,100,Buy,225900578
2024-07-24 09:36:15,73700.0,100,Buy,225900576
2024-07-24 09:36:15,73700.0,100,Buy,225900577
2024-07-24 09:36:24,73800.0,100,Buy,225900812
2024-07-24 09:36:36,73900.0,100,Buy,225901100
2024-07-24 09:36:36,73900.0,100,Buy,225901101
2024-07-24 09:36:36,73900.0,400,Buy,225901102
2024-07-24 09:36:36,74000.0,100,Buy,225901103
2024-07-24 09:36:36,74000.0,100,Buy,225901104
2024-07-24 09:36:36,74000.0,200,Buy,225901105
2024-07-24 09:36:36,74000.0,200,Buy,225901106
2024-07-24 09:36:36,74000.0,1500,Buy,225901107
2024-07-24 09:36:44,74000.0,100,Buy,225901309
2024-07-24 09:36:44,74000.0,100,Buy,225901308
2024-07-24 09:36:44,74000.0,500,Buy,225901307
2024-07-24 09:36:44,74000.0,100,Buy,225901306
2024-07-24 09:36:44,74000.0,600,Buy,225901305
2024-07-24 09:36:44,74000.0,900,Buy,225901304
2024-07-24 09:37:03,74100.0,600,Buy,225901853
2024-07-24 09:37:12,74100.0,400,Buy,225902013
2024-07-24 09:37:12,74100.0,100,Buy,225902014
2024-07-24 09:37:13,74100.0,200,Sell,225902041
2024-07-24 09:37:18,74200.0,500,Buy,225902161
2024-07-24 09:37:25,74200.0,200,Sell,225902363
2024-07-24 09:37:31,74300.0,100,Buy,225902516
2024-07-24 09:37:38,74900.0,300,Buy,225902679
2024-07-24 09:37:38,74500.0,100,Buy,225902677
2024-07-24 09:37:38,74500.0,100,Buy,225902678
2024-07-24 09:37:38,74400.0,100,Buy,225902675
2024-07-24 09:37:38,74400.0,100,Buy,225902671
2024-07-24 09:37:38,74500.0,100,Buy,225902676
2024-07-24 09:37:41,74300.0,100,Sell,225902736
2024-07-24 09:37:42,74800.0,100,Buy,225902787
2024-07-24 09:37:58,74700.0,200,Buy,225903207
2024-07-24 09:37:58,74800.0,500,Buy,225903208
2024-07-24 09:37:58,74800.0,500,Buy,225903224
2024-07-24 09:38:23,74300.0,800,Sell,225903813
2024-07-24 09:38:25,74700.0,100,Buy,225903869
2024-07-24 09:38:25,74700.0,200,Buy,225903870
2024-07-24 09:38:30,74300.0,1000,Sell,225903995
2024-07-24 09:38:41,74300.0,200,Sell,225904181
2024-07-24 09:38:48,74300.0,100,Sell,225904321
2024-07-24 09:38:49,74300.0,100,Sell,225904342
2024-07-24 09:38:49,74300.0,300,Sell,225904340
2024-07-24 09:38:49,74300.0,300,Sell,225904341
2024-07-24 09:38:52,74300.0,100,Buy,225904423
2024-07-24 09:39:00,74300.0,200,Buy,225904587
2024-07-24 09:39:03,74300.0,200,Buy,225904645
2024-07-24 09:39:23,74300.0,100,Buy,225905285
2024-07-24 09:39:24,74300.0,100,Buy,225905326
2024-07-24 09:39:58,74300.0,100,Sell,225906156
2024-07-24 09:40:02,74300.0,200,Buy,225906255
2024-07-24 09:40:11,74100.0,100,Sell,225906520
2024-07-24 09:40:18,74100.0,100,Sell,225906690
2024-07-24 09:40:18,74100.0,900,Sell,225906691
2024-07-24 09:40:24,74200.0,100,Sell,225906835
2024-07-24 09:40:24,74100.0,100,Sell,225906836
2024-07-24 09:40:39,74000.0,200,Sell,225907163
2024-07-24 09:40:49,74000.0,500,Sell,225907438
2024-07-24 09:41:01,74000.0,900,Sell,225907748
2024-07-24 09:41:01,74000.0,100,Sell,225907747
2024-07-24 09:41:05,74100.0,100,Buy,225907823
2024-07-24 09:41:18,74000.0,100,Sell,225908252
2024-07-24 09:41:18,74000.0,900,Sell,225908253
2024-07-24 09:41:18,74100.0,100,Buy,225908251
2024-07-24 09:41:29,74000.0,100,Sell,225908563
2024-07-24 09:41:39,74100.0,100,Buy,225908760
2024-07-24 09:41:54,74100.0,300,Buy,225909088
2024-07-24 09:41:57,74100.0,300,Buy,225909166
2024-07-24 09:42:13,74100.0,200,Buy,225909636
2024-07-24 09:42:13,74100.0,100,Buy,225909637
2024-07-24 09:42:25,74000.0,1500,Sell,225909873
2024-07-24 09:42:30,74100.0,400,Buy,225909985
2024-07-24 09:42:44,74100.0,500,Buy,225910291
2024-07-24 09:42:46,74000.0,500,Sell,225910329
2024-07-24 09:42:46,74000.0,500,Sell,225910328
2024-07-24 09:42:53,74000.0,1000,Sell,225910522
2024-07-24 09:42:56,74000.0,1000,Sell,225910607
2024-07-24 09:42:56,74000.0,100,Sell,225910608
2024-07-24 09:42:56,74000.0,900,Sell,225910609
2024-07-24 09:42:57,74100.0,1100,Buy,225910646
2024-07-24 09:43:11,74000.0,200,Sell,225910975
2024-07-24 09:43:11,74000.0,100,Sell,225910976
2024-07-24 09:43:11,74000.0,200,Sell,225910977
2024-07-24 09:43:12,74100.0,200,Buy,225911002
2024-07-24 09:43:22,74100.0,200,Buy,225911276
2024-07-24 09:43:44,74000.0,200,Sell,225911687
2024-07-24 09:43:57,74100.0,500,Buy,225912019
2024-07-24 09:44:43,74100.0,1000,Buy,225913062
2024-07-24 09:44:43,74100.0,100,Buy,225913075
2024-07-24 09:45:08,74100.0,100,Buy,225913715
2024-07-24 09:45:08,74100.0,100,Buy,225913724
2024-07-24 09:45:10,74100.0,500,Buy,225913777
2024-07-24 09:45:18,74100.0,1500,Buy,225913915
2024-07-24 09:45:29,74100.0,200,Buy,225914193
2024-07-24 09:45:39,74000.0,100,Sell,225914418
2024-07-24 09:45:48,74000.0,300,Sell,225914656
2024-07-24 09:45:52,74000.0,100,Sell,225914738
2024-07-24 09:45:52,74000.0,500,Sell,225914739
2024-07-24 09:45:56,74000.0,1000,Sell,225914831
2024-07-24 09:45:59,74100.0,18500,Buy,225914870
2024-07-24 09:45:59,74100.0,100,Buy,225914871
2024-07-24 09:45:59,74100.0,500,Buy,225914872
2024-07-24 09:45:59,74100.0,900,Buy,225914873
2024-07-24 09:46:08,74100.0,100,Buy,225915062
2024-07-24 09:46:08,74100.0,200,Buy,225915063
2024-07-24 09:46:16,74100.0,200,Sell,225915222
2024-07-24 09:46:40,74100.0,800,Buy,225915776
2024-07-24 09:46:43,74100.0,200,Sell,225915871
2024-07-24 09:47:04,74100.0,500,Sell,225916342
2024-07-24 09:47:16,74200.0,100,Buy,225916627
2024-07-24 09:47:18,74100.0,100,Sell,225916652
2024-07-24 09:47:37,74100.0,300,Sell,225917212
2024-07-24 09:47:51,74200.0,300,Buy,225917565
2024-07-24 09:47:51,74200.0,100,Buy,225917566
2024-07-24 09:47:51,74200.0,500,Buy,225917567
2024-07-24 09:47:51,74200.0,300,Buy,225917568
2024-07-24 09:48:06,74200.0,2000,Buy,225918129
2024-07-24 09:48:11,74200.0,500,Buy,225918279
2024-07-24 09:48:11,74200.0,200,Buy,225918283
2024-07-24 09:48:20,74200.0,100,Buy,225918521
2024-07-24 09:48:42,74200.0,1000,Buy,225919139
2024-07-24 09:48:48,74200.0,900,Buy,225919253
2024-07-24 09:48:48,74200.0,100,Buy,225919254
2024-07-24 09:48:52,74200.0,200,Buy,225919358
2024-07-24 09:49:05,74200.0,500,Buy,225919613
2024-07-24 09:49:05,74300.0,1700,Buy,225919614
2024-07-24 09:49:05,74300.0,300,Buy,225919615
2024-07-24 09:49:05,74300.0,200,Buy,225919616
2024-07-24 09:49:05,74200.0,100,Buy,225919612
2024-07-24 09:49:38,74900.0,1000,Buy,225920504
2024-07-24 09:49:38,74900.0,200,Buy,225920503
2024-07-24 09:49:38,74800.0,2000,Buy,225920502
2024-07-24 09:49:38,74800.0,1000,Buy,225920501
2024-07-24 09:49:38,74800.0,100,Buy,225920500
2024-07-24 09:49:38,74800.0,100,Buy,225920499
2024-07-24 09:49:38,74700.0,200,Buy,225920496
2024-07-24 09:49:38,74600.0,500,Buy,225920495
2024-07-24 09:49:38,74600.0,100,Buy,225920494
2024-07-24 09:49:38,74600.0,1000,Buy,225920493
2024-07-24 09:49:38,74600.0,400,Buy,225920492
2024-07-24 09:49:38,74500.0,3100,Buy,225920491
2024-07-24 09:49:38,74700.0,200,Buy,225920497
2024-07-24 09:49:38,74800.0,100,Buy,225920498
2024-07-24 09:49:45,74400.0,100,Sell,225920743
2024-07-24 09:49:55,74100.0,1700,Sell,225920974
2024-07-24 09:49:55,74400.0,100,Sell,225920969
2024-07-24 09:49:55,74300.0,2200,Sell,225920970
2024-07-24 09:49:55,74300.0,300,Sell,225920971
2024-07-24 09:49:55,74300.0,600,Sell,225920972
2024-07-24 09:49:55,74100.0,100,Sell,225920973
2024-07-24 09:50:06,74400.0,500,Sell,225921288
2024-07-24 09:50:16,74900.0,900,Buy,225921488
2024-07-24 09:50:16,74800.0,100,Buy,225921487
2024-07-24 09:50:41,74800.0,100,Buy,225922255
2024-07-24 09:50:48,74400.0,100,Sell,225922470
2024-07-24 09:51:02,74800.0,1000,Buy,225922825
2024-07-24 09:51:13,74400.0,300,Buy,225923148
2024-07-24 09:51:21,74400.0,200,Buy,225923357
2024-07-24 09:52:40,74400.0,500,Sell,225925474
2024-07-24 09:52:40,74400.0,1000,Sell,225925475
2024-07-24 09:52:56,74400.0,100,Buy,225925974
2024-07-24 09:52:58,74300.0,200,Sell,225926013
2024-07-24 09:53:06,74300.0,500,Buy,225926317
2024-07-24 09:53:09,74100.0,100,Sell,225926460
2024-07-24 09:53:09,74100.0,100,Sell,225926459
2024-07-24 09:53:09,74100.0,300,Sell,225926457
2024-07-24 09:53:09,74100.0,500,Sell,225926458
2024-07-24 09:53:18,74100.0,100,Sell,225926826
2024-07-24 09:53:20,74100.0,500,Sell,225926931
2024-07-24 09:53:25,74100.0,800,Sell,225927120
2024-07-24 09:53:25,74100.0,300,Sell,225927121
2024-07-24 09:53:25,74100.0,700,Sell,225927122
2024-07-24 09:53:25,74100.0,100,Sell,225927123
2024-07-24 09:53:25,74100.0,500,Sell,225927124
2024-07-24 09:53:25,74100.0,1200,Sell,225927125
2024-07-24 09:53:25,74100.0,1400,Sell,225927126
2024-07-24 09:53:39,74000.0,200,Sell,225927489
2024-07-24 09:53:39,74000.0,100,Sell,225927486
2024-07-24 09:53:39,74000.0,1000,Sell,225927488
2024-07-24 09:53:39,74000.0,1000,Sell,225927484
2024-07-24 09:53:39,74000.0,1000,Sell,225927485
2024-07-24 09:53:39,74000.0,15500,Sell,225927482
2024-07-24 09:53:39,74000.0,100,Sell,225927487
2024-07-24 09:53:39,74000.0,200,Sell,225927483
2024-07-24 09:53:41,73800.0,100,Sell,225927551
2024-07-24 09:53:41,73900.0,100,Sell,225927549
2024-07-24 09:53:41,73800.0,100,Sell,225927550
2024-07-24 09:53:43,74000.0,500,Buy,225927632
2024-07-24 09:53:44,74000.0,100,Buy,225927661
2024-07-24 09:53:52,74000.0,300,Buy,225927928
2024-07-24 09:53:52,74000.0,200,Sell,225927929
2024-07-24 09:53:52,73800.0,1200,Sell,225927930
2024-07-24 09:53:52,73800.0,600,Buy,225927967
2024-07-24 09:54:02,73700.0,100,Sell,225928532
2024-07-24 09:54:04,73800.0,400,Buy,225928666
2024-07-24 09:54:05,73800.0,100,Buy,225928698
2024-07-24 09:54:31,73700.0,400,Sell,225929680
2024-07-24 09:54:34,73700.0,300,Sell,225929816
2024-07-24 09:54:34,73700.0,500,Sell,225929814
2024-07-24 09:54:34,73700.0,200,Sell,225929815
2024-07-24 09:54:44,73700.0,200,Sell,225930083
2024-07-24 09:54:59,73700.0,100,Buy,225930456
2024-07-24 09:55:03,73700.0,500,Sell,225930575
2024-07-24 09:55:24,73700.0,100,Sell,225931260
2024-07-24 09:56:49,73600.0,100,Buy,225933851
2024-07-24 09:57:27,73500.0,300,Sell,225935201
2024-07-24 09:57:41,73500.0,100,Sell,225935734
2024-07-24 09:58:12,73500.0,100,Sell,225937054
2024-07-24 09:58:17,73500.0,100,Sell,225937241
2024-07-24 09:58:42,73500.0,100,Sell,225938046
2024-07-24 09:58:42,73500.0,200,Sell,225938047
2024-07-24 09:58:57,73500.0,100,Sell,225938669
2024-07-24 09:58:57,73500.0,500,Sell,225938668
2024-07-24 09:58:57,73500.0,300,Sell,225938666
2024-07-24 09:58:57,73500.0,500,Sell,225938667
2024-07-24 09:59:11,73400.0,100,Sell,225939124
2024-07-24 09:59:22,73400.0,100,Sell,225939563
2024-07-24 09:59:44,73400.0,100,Sell,225940556
2024-07-24 10:00:33,73400.0,100,Buy,225942875
2024-07-24 10:00:33,73400.0,200,Buy,225942952
2024-07-24 10:00:35,73300.0,100,Sell,225943115
2024-07-24 10:00:42,73300.0,100,Sell,225943374
2024-07-24 10:00:42,73300.0,100,Sell,225943375
2024-07-24 10:01:03,73100.0,200,Sell,225944198
2024-07-24 10:01:03,73100.0,100,Sell,225944197
2024-07-24 10:01:03,73100.0,100,Sell,225944199
2024-07-24 10:01:03,73100.0,11000,Sell,225944195
2024-07-24 10:01:03,73200.0,1000,Sell,225944194
2024-07-24 10:01:03,73100.0,2500,Sell,225944196
2024-07-24 10:01:04,73100.0,100,Buy,225944240
2024-07-24 10:01:11,73000.0,100,Sell,225944846
2024-07-24 10:01:11,73000.0,200,Sell,225944847
2024-07-24 10:01:11,73000.0,200,Sell,225944848
2024-07-24 10:01:11,73000.0,300,Sell,225944849
2024-07-24 10:01:11,73000.0,100,Sell,225944850
2024-07-24 10:01:11,73000.0,100,Sell,225944851
2024-07-24 10:01:21,73000.0,300,Sell,225945396
2024-07-24 10:01:30,73100.0,400,Sell,225945778
2024-07-24 10:01:30,73000.0,1600,Sell,225945779
2024-07-24 10:01:42,73000.0,1000,Sell,225946482
2024-07-24 10:01:42,73000.0,500,Sell,225946483
2024-07-24 10:01:42,73000.0,100,Sell,225946484
2024-07-24 10:01:44,73000.0,100,Sell,225946617
2024-07-24 10:01:44,73000.0,400,Sell,225946615
2024-07-24 10:01:44,73000.0,100,Sell,225946616
2024-07-24 10:01:53,73000.0,200,Buy,225947008
2024-07-24 10:02:45,72900.0,200,Buy,225950472
2024-07-24 10:03:03,72900.0,1000,Buy,225951560
2024-07-24 10:03:17,72900.0,1000,Buy,225952335
2024-07-24 10:03:21,72900.0,200,Buy,225952586
2024-07-24 10:03:24,72900.0,100,Buy,225952756
2024-07-24 10:03:26,72900.0,1000,Buy,225952895
2024-07-24 10:03:26,72700.0,500,Sell,225952903
2024-07-24 10:03:27,72700.0,500,Buy,225952966
2024-07-24 10:03:37,72700.0,500,Buy,225953542
2024-07-24 10:03:38,72700.0,1000,Buy,225953669
2024-07-24 10:03:41,72900.0,100,Buy,225953886
2024-07-24 10:03:43,73000.0,1200,Buy,225953966
2024-07-24 10:03:43,73000.0,1000,Buy,225953967
2024-07-24 10:03:43,73000.0,3700,Buy,225953968
2024-07-24 10:03:44,73000.0,500,Buy,225954000
2024-07-24 10:03:44,73000.0,1000,Buy,225953998
2024-07-24 10:03:44,73000.0,100,Buy,225953999
2024-07-24 10:03:44,73000.0,2300,Buy,225953997
2024-07-24 10:03:46,73100.0,2300,Buy,225954105
2024-07-24 10:03:47,73100.0,1700,Buy,225954132
2024-07-24 10:04:12,73200.0,300,Buy,225955295
2024-07-24 10:04:12,73300.0,100,Buy,225955296
2024-07-24 10:04:12,73300.0,300,Buy,225955297
2024-07-24 10:04:16,73400.0,100,Sell,225955471
2024-07-24 10:04:28,73400.0,200,Sell,225955983
2024-07-24 10:04:28,73400.0,300,Sell,225955984
2024-07-24 10:04:33,73600.0,500,Buy,225956209
2024-07-24 10:04:33,73600.0,300,Buy,225956211
2024-07-24 10:04:33,73600.0,3000,Buy,225956210
2024-07-24 10:04:33,73600.0,100,Buy,225956208
2024-07-24 10:04:33,73500.0,200,Buy,225956206
2024-07-24 10:04:33,73500.0,200,Buy,225956207
2024-07-24 10:04:33,73500.0,600,Buy,225956205
2024-07-24 10:04:46,73600.0,4000,Sell,225956733
2024-07-24 10:04:50,73600.0,100,Sell,225956892
2024-07-24 10:04:52,73700.0,100,Buy,225956944
2024-07-24 10:04:53,73700.0,500,Buy,225956968
2024-07-24 10:05:10,73700.0,100,Buy,225957573
2024-07-24 10:05:13,73700.0,200,Buy,225957677
2024-07-24 10:05:15,73700.0,200,Buy,225957759
2024-07-24 10:05:49,73700.0,100,Sell,225958978
2024-07-24 10:05:54,73700.0,400,Sell,225959208
2024-07-24 10:05:54,73700.0,200,Sell,225959209
2024-07-24 10:05:57,73700.0,100,Buy,225959258
2024-07-24 10:06:16,73600.0,2000,Sell,225959797
2024-07-24 10:06:16,73600.0,1000,Sell,225959796
2024-07-24 10:06:47,73600.0,500,Buy,225960691
2024-07-24 10:07:28,73500.0,100,Sell,225962108
2024-07-24 10:08:19,73500.0,100,Sell,225963888
2024-07-24 10:08:28,73500.0,100,Sell,225964155
2024-07-24 10:08:28,73500.0,100,Sell,225964156
2024-07-24 10:08:32,73500.0,100,Buy,225964288
2024-07-24 10:08:40,73500.0,200,Buy,225964560
2024-07-24 10:08:40,73500.0,600,Buy,225964561
2024-07-24 10:08:40,73500.0,100,Buy,225964562
2024-07-24 10:08:50,73500.0,100,Sell,225964876
2024-07-24 10:09:01,73600.0,100,Buy,225965207
2024-07-24 10:09:03,73500.0,100,Buy,225965292
2024-07-24 10:09:06,73400.0,100,Sell,225965409
2024-07-24 10:09:40,73500.0,100,Sell,225966216
2024-07-24 10:09:52,73500.0,100,Sell,225966520
2024-07-24 10:10:41,73500.0,100,Sell,225967958
2024-07-24 10:11:08,73600.0,100,Buy,225968757
2024-07-24 10:11:27,73500.0,100,Sell,225969287
2024-07-24 10:11:38,73500.0,100,Sell,225969516
2024-07-24 10:11:41,73500.0,100,Sell,225969637
2024-07-24 10:11:44,73600.0,100,Buy,225969723
2024-07-24 10:11:50,73600.0,100,Buy,225969864
2024-07-24 10:12:50,73500.0,100,Sell,225971260
2024-07-24 10:12:50,73400.0,400,Sell,225971261
2024-07-24 10:13:38,73400.0,100,Sell,225972824
2024-07-24 10:13:52,73500.0,100,Buy,225973304
2024-07-24 10:13:54,73400.0,100,Sell,225973364
2024-07-24 10:13:54,73400.0,200,Sell,225973362
2024-07-24 10:13:54,73400.0,100,Sell,225973363
2024-07-24 10:13:54,73400.0,400,Sell,225973360
2024-07-24 10:13:54,73400.0,400,Sell,225973359
2024-07-24 10:13:54,73400.0,500,Sell,225973361
2024-07-24 10:14:14,73200.0,100,Sell,225974007
2024-07-24 10:14:14,73200.0,100,Sell,225974008
2024-07-24 10:14:14,73100.0,100,Sell,225974009
2024-07-24 10:14:14,73000.0,200,Sell,225974010
2024-07-24 10:14:50,73400.0,500,Sell,225975280
2024-07-24 10:14:50,73100.0,3900,Sell,225975281
2024-07-24 10:14:54,73400.0,100,Buy,225975394
2024-07-24 10:14:57,73100.0,500,Sell,225975447
2024-07-24 10:14:59,73400.0,100,Buy,225975527
2024-07-24 10:15:32,73400.0,300,Buy,225976504
2024-07-24 10:15:32,73400.0,200,Buy,225976505
2024-07-24 10:16:22,73000.0,4800,Sell,225978121
2024-07-24 10:16:22,73000.0,300,Sell,225978120
2024-07-24 10:16:22,73100.0,500,Sell,225978064
2024-07-24 10:16:22,73100.0,5100,Sell,225978118
2024-07-24 10:16:22,73000.0,9800,Sell,225978119
2024-07-24 10:16:22,73200.0,600,Sell,225978063
2024-07-24 10:17:39,73000.0,300,Sell,225981346
2024-07-24 10:17:39,73000.0,200,Sell,225981345
2024-07-24 10:18:03,73300.0,300,Buy,225982282
2024-07-24 10:18:03,73300.0,100,Buy,225982283
2024-07-24 10:18:03,73300.0,100,Buy,225982284
2024-07-24 10:19:33,73000.0,10000,Sell,225986050
2024-07-24 10:19:33,73000.0,200,Sell,225986048
2024-07-24 10:19:33,73000.0,200,Sell,225986049
2024-07-24 10:19:33,73000.0,200,Sell,225986046
2024-07-24 10:19:33,73000.0,200,Sell,225986045
2024-07-24 10:19:33,73100.0,100,Sell,225986044
2024-07-24 10:19:33,73000.0,500,Sell,225986047
2024-07-24 10:19:34,73000.0,2600,Buy,225986082
2024-07-24 10:19:34,73000.0,100,Buy,225986077
2024-07-24 10:19:43,73300.0,300,Buy,225986389
2024-07-24 10:19:59,73200.0,100,Buy,225987170
2024-07-24 10:20:01,73300.0,1000,Buy,225987239
2024-07-24 10:20:15,73000.0,200,Sell,225987873
2024-07-24 10:20:31,73300.0,100,Buy,225988631
2024-07-24 10:20:36,73000.0,100,Sell,225988882
2024-07-24 10:21:36,73100.0,300,Sell,225992799
2024-07-24 10:22:01,73100.0,600,Sell,225994132
2024-07-24 10:22:20,73100.0,100,Sell,225995219
2024-07-24 10:22:30,73000.0,100,Sell,225995759
2024-07-24 10:22:30,73000.0,500,Sell,225995760
2024-07-24 10:22:30,73000.0,100,Sell,225995758
2024-07-24 10:22:30,73000.0,1400,Sell,225995754
2024-07-24 10:22:30,73000.0,1000,Sell,225995756
2024-07-24 10:22:30,73000.0,100,Sell,225995757
2024-07-24 10:22:30,73000.0,1000,Sell,225995755
2024-07-24 10:22:32,73000.0,800,Buy,225995847
2024-07-24 10:22:42,73000.0,500,Sell,225996401
2024-07-24 10:22:42,73000.0,100,Sell,225996400
2024-07-24 10:22:43,73000.0,1400,Buy,225996419
2024-07-24 10:22:55,73000.0,100,Sell,225996980
2024-07-24 10:22:55,73000.0,100,Sell,225996981
2024-07-24 10:22:56,73100.0,100,Buy,225997041
2024-07-24 10:23:19,73000.0,100,Sell,225998262
2024-07-24 10:23:45,73000.0,800,Sell,225999318
2024-07-24 10:23:45,73000.0,100,Sell,225999319
2024-07-24 10:23:45,73000.0,100,Sell,225999320
2024-07-24 10:23:45,73000.0,100,Sell,225999321
2024-07-24 10:23:45,73000.0,100,Sell,225999322
2024-07-24 10:23:46,73000.0,3800,Buy,225999388
2024-07-24 10:24:43,73000.0,100,Sell,226002357
2024-07-24 10:24:43,73000.0,500,Sell,226002358
2024-07-24 10:25:06,73000.0,200,Sell,226003340
2024-07-24 10:25:06,73000.0,300,Sell,226003335
2024-07-24 10:25:11,73000.0,100,Sell,226003757
2024-07-24 10:25:38,73200.0,100,Buy,226005068
2024-07-24 10:25:38,73300.0,100,Buy,226005069
2024-07-24 10:25:38,73300.0,100,Buy,226005070
2024-07-24 10:26:04,73000.0,100,Sell,226006509
2024-07-24 10:26:26,73000.0,900,Sell,226007905
2024-07-24 10:26:26,73000.0,100,Sell,226007906
2024-07-24 10:26:40,73000.0,100,Sell,226008723
2024-07-24 10:26:40,73000.0,100,Sell,226008724
2024-07-24 10:27:02,73000.0,100,Buy,226010033
2024-07-24 10:27:18,73100.0,100,Buy,226011061
2024-07-24 10:27:18,73000.0,200,Buy,226011060
2024-07-24 10:27:18,73000.0,100,Buy,226011059
2024-07-24 10:27:18,73000.0,100,Buy,226011057
2024-07-24 10:27:18,73000.0,500,Buy,226011058
2024-07-24 10:27:27,73100.0,100,Buy,226011707
2024-07-24 10:28:13,72900.0,900,Sell,226014632
2024-07-24 10:28:13,72900.0,100,Sell,226014633
2024-07-24 10:29:11,72900.0,100,Buy,226018304
2024-07-24 10:29:32,72900.0,100,Buy,226019433
2024-07-24 10:29:46,72800.0,100,Sell,226020338
2024-07-24 10:29:48,72800.0,100,Sell,226020554
2024-07-24 10:29:48,72800.0,100,Sell,226020555
2024-07-24 10:29:48,72800.0,100,Sell,226020556
2024-07-24 10:29:48,72800.0,200,Sell,226020557
2024-07-24 10:30:11,72800.0,100,Sell,226021845
2024-07-24 10:30:14,72800.0,100,Sell,226022032
2024-07-24 10:30:19,72800.0,300,Buy,226022415
2024-07-24 10:30:25,72800.0,100,Sell,226022704
2024-07-24 10:30:39,72800.0,100,Sell,226023484
2024-07-24 10:30:39,72800.0,100,Sell,226023485
2024-07-24 10:30:58,72900.0,900,Buy,226024755
2024-07-24 10:30:58,72900.0,700,Buy,226024756
2024-07-24 10:30:58,72900.0,500,Buy,226024757
2024-07-24 10:30:58,73000.0,500,Buy,226024758
2024-07-24 10:30:58,73100.0,200,Buy,226024759
2024-07-24 10:30:58,73100.0,200,Buy,226024760
2024-07-24 10:31:00,73100.0,300,Buy,226024861
2024-07-24 10:31:00,73100.0,200,Buy,226024860
2024-07-24 10:31:00,73100.0,3000,Buy,226024859
2024-07-24 10:31:00,73100.0,100,Buy,226024857
2024-07-24 10:31:00,73100.0,300,Buy,226024856
2024-07-24 10:31:00,73100.0,200,Buy,226024854
2024-07-24 10:31:00,73100.0,3500,Buy,226024858
2024-07-24 10:31:00,73100.0,200,Buy,226024855
2024-07-24 10:31:02,73200.0,300,Buy,226025066
2024-07-24 10:31:02,73200.0,600,Buy,226025067
2024-07-24 10:31:12,73300.0,1000,Buy,226025646
2024-07-24 10:31:12,73300.0,100,Buy,226025647
2024-07-24 10:31:12,73300.0,1000,Buy,226025648
2024-07-24 10:31:12,73300.0,100,Buy,226025649
2024-07-24 10:31:12,73300.0,1000,Buy,226025650
2024-07-24 10:31:25,73500.0,100,Buy,226026367
2024-07-24 10:31:25,73500.0,100,Buy,226026369
2024-07-24 10:31:25,73500.0,100,Buy,226026365
2024-07-24 10:31:25,73500.0,2000,Buy,226026364
2024-07-24 10:31:25,73500.0,100,Buy,226026366
2024-07-24 10:31:25,73500.0,500,Buy,226026368
2024-07-24 10:31:46,73500.0,100,Sell,226027505
2024-07-24 10:31:46,73500.0,400,Sell,226027506
2024-07-24 10:31:46,73300.0,6800,Sell,226027507
2024-07-24 10:31:46,73300.0,2000,Buy,226027515
2024-07-24 10:31:51,73300.0,700,Buy,226027772
2024-07-24 10:32:14,73300.0,300,Sell,226028791
2024-07-24 10:32:14,73300.0,500,Sell,226028792
2024-07-24 10:32:14,73300.0,2600,Sell,226028793
2024-07-24 10:32:15,73300.0,1800,Buy,226028868
2024-07-24 10:32:16,73300.0,4800,Buy,226028887
2024-07-24 10:33:12,73100.0,100,Sell,226030774
2024-07-24 10:33:19,73100.0,600,Buy,226031098
2024-07-24 10:33:26,73200.0,400,Buy,226031321
2024-07-24 10:33:29,73200.0,500,Buy,226031397
2024-07-24 10:34:14,73100.0,400,Sell,226032517
2024-07-24 10:34:14,73100.0,600,Sell,226032518
2024-07-24 10:34:14,73100.0,500,Sell,226032519
2024-07-24 10:34:14,73100.0,200,Sell,226032520
2024-07-24 10:34:14,73100.0,500,Sell,226032521
2024-07-24 10:34:14,73100.0,800,Sell,226032522
2024-07-24 10:35:15,73100.0,700,Sell,226034230
2024-07-24 10:36:15,73100.0,200,Sell,226035732
2024-07-24 10:37:00,73100.0,100,Sell,226036820
2024-07-24 10:37:13,73100.0,200,Sell,226037177
2024-07-24 10:37:13,73100.0,500,Sell,226037178
2024-07-24 10:37:13,73100.0,300,Sell,226037179
2024-07-24 10:37:22,73100.0,100,Sell,226037398
2024-07-24 10:39:03,73200.0,100,Buy,226039528
2024-07-24 10:39:04,73200.0,200,Buy,226039555
2024-07-24 10:39:04,73200.0,300,Buy,226039556
2024-07-24 10:39:04,73200.0,800,Buy,226039554
2024-07-24 10:39:43,73300.0,1000,Buy,226040374
2024-07-24 10:39:44,73300.0,100,Buy,226040410
2024-07-24 10:39:59,73400.0,500,Buy,226040689
2024-07-24 10:40:06,73300.0,500,Sell,226040792
2024-07-24 10:40:07,73300.0,2500,Buy,226040799
2024-07-24 10:40:27,73400.0,100,Buy,226041192
2024-07-24 10:41:42,73400.0,800,Buy,226042771
2024-07-24 10:43:11,73500.0,500,Buy,226045138
2024-07-24 10:43:22,73500.0,100,Buy,226045346
2024-07-24 10:43:29,73500.0,100,Buy,226045479
2024-07-24 10:43:32,73500.0,500,Buy,226045536
2024-07-24 10:43:35,73400.0,500,Sell,226045632
2024-07-24 10:43:35,73400.0,500,Sell,226045633
2024-07-24 10:43:35,73400.0,200,Sell,226045634
2024-07-24 10:43:35,73400.0,200,Sell,226045631
2024-07-24 10:43:52,73500.0,800,Buy,226046037
2024-07-24 10:43:52,73500.0,100,Buy,226046038
2024-07-24 10:43:53,73500.0,100,Sell,226046049
2024-07-24 10:44:39,73600.0,600,Buy,226047151
2024-07-24 10:44:55,73600.0,600,Buy,226047692
2024-07-24 10:45:00,73600.0,400,Buy,226047808
2024-07-24 10:45:14,73600.0,100,Buy,226048212
2024-07-24 10:45:27,73600.0,100,Buy,226048804
2024-07-24 10:45:27,73600.0,100,Buy,226048805
2024-07-24 10:46:04,73700.0,100,Buy,226050449
2024-07-24 10:46:05,73700.0,1400,Buy,226050520
2024-07-24 10:46:05,73700.0,100,Buy,226050519
2024-07-24 10:46:05,73700.0,200,Buy,226050506
2024-07-24 10:46:05,73700.0,200,Buy,226050517
2024-07-24 10:46:05,73700.0,100,Buy,226050518
2024-07-24 10:46:21,73700.0,1000,Buy,226051260
2024-07-24 10:46:29,73700.0,1000,Buy,226051571
2024-07-24 10:46:31,73700.0,1600,Buy,226051618
2024-07-24 10:46:44,73800.0,5000,Buy,226052029
2024-07-24 10:46:44,73800.0,400,Buy,226052060
2024-07-24 10:46:51,74000.0,100,Buy,226052297
2024-07-24 10:46:51,74000.0,1000,Buy,226052295
2024-07-24 10:46:51,74000.0,1500,Buy,226052294
2024-07-24 10:46:51,74000.0,500,Buy,226052296
2024-07-24 10:46:51,74000.0,100,Buy,226052292
2024-07-24 10:46:51,74000.0,200,Buy,226052291
2024-07-24 10:46:51,74000.0,100,Buy,226052290
2024-07-24 10:46:51,74000.0,1000,Buy,226052289
2024-07-24 10:46:51,74000.0,500,Buy,226052293
2024-07-24 10:46:54,74500.0,2900,Buy,226052427
2024-07-24 10:46:54,74500.0,100,Buy,226052425
2024-07-24 10:46:54,74400.0,500,Buy,226052424
2024-07-24 10:46:54,74300.0,300,Buy,226052423
2024-07-24 10:46:54,74200.0,200,Buy,226052422
2024-07-24 10:46:54,74100.0,1000,Buy,226052421
2024-07-24 10:46:54,74500.0,2000,Buy,226052426
2024-07-24 10:46:54,74000.0,200,Buy,226052419
2024-07-24 10:46:54,74000.0,500,Buy,226052418
2024-07-24 10:46:54,74000.0,200,Buy,226052417
2024-07-24 10:46:54,74000.0,100,Buy,226052416
2024-07-24 10:46:54,74000.0,600,Buy,226052415
2024-07-24 10:46:54,74000.0,400,Buy,226052414
2024-07-24 10:46:54,74100.0,1000,Buy,226052420
2024-07-24 10:47:18,74500.0,100,Buy,226053440
2024-07-24 10:47:39,74500.0,100,Buy,226054122
2024-07-24 10:47:39,74500.0,100,Buy,226054123
2024-07-24 10:47:39,74500.0,300,Buy,226054124
2024-07-24 10:47:49,74500.0,500,Buy,226054449
2024-07-24 10:48:13,74100.0,100,Sell,226055211
2024-07-24 10:49:11,74100.0,100,Sell,226057573
2024-07-24 10:49:18,74100.0,300,Sell,226057902
2024-07-24 10:49:18,74100.0,100,Sell,226057903
2024-07-24 10:49:44,74100.0,500,Buy,226058829
2024-07-24 10:50:25,74100.0,100,Buy,226060226
2024-07-24 10:51:24,74400.0,100,Buy,226061899
2024-07-24 10:54:46,74000.0,2400,Sell,226067672
2024-07-24 10:54:46,74000.0,500,Sell,226067671
2024-07-24 10:54:46,74000.0,100,Sell,226067669
2024-07-24 10:54:46,74000.0,400,Sell,226067668
2024-07-24 10:54:46,74000.0,500,Sell,226067670
2024-07-24 10:55:00,74000.0,100,Sell,226068023
2024-07-24 10:55:00,74000.0,300,Sell,226068024
2024-07-24 10:55:00,74000.0,100,Sell,226068022
2024-07-24 10:55:01,74000.0,100,Sell,226068044
2024-07-24 10:55:46,73700.0,8400,Sell,226069024
2024-07-24 10:55:46,73700.0,100,Sell,226069025
2024-07-24 10:56:08,73600.0,100,Sell,226069514
2024-07-24 10:56:08,73600.0,200,Sell,226069515
2024-07-24 10:56:08,73600.0,700,Sell,226069516
2024-07-24 10:56:33,73600.0,100,Sell,226069971
2024-07-24 10:56:49,73600.0,200,Sell,226070267
2024-07-24 10:56:49,73600.0,1000,Sell,226070268
2024-07-24 10:57:15,73600.0,100,Buy,226070943
2024-07-24 10:57:31,73600.0,100,Buy,226071225
2024-07-24 10:57:35,73600.0,500,Buy,226071277
2024-07-24 10:57:35,73600.0,100,Buy,226071278
2024-07-24 10:57:35,73600.0,3500,Buy,226071276
2024-07-24 10:57:57,73600.0,500,Sell,226071582
2024-07-24 10:58:13,73600.0,400,Sell,226071875
2024-07-24 10:58:13,73600.0,100,Sell,226071876
2024-07-24 10:58:24,73600.0,1600,Buy,226072006
2024-07-24 10:58:25,73600.0,100,Buy,226072023
2024-07-24 10:58:56,73600.0,400,Buy,226072462
2024-07-24 10:59:05,73600.0,4300,Buy,226072592
2024-07-24 11:00:15,73600.0,1000,Buy,226073838
2024-07-24 11:00:16,73600.0,3600,Buy,226073850
2024-07-24 11:00:16,73600.0,100,Buy,226073851
2024-07-24 11:00:38,73700.0,100,Buy,226074159
2024-07-24 11:06:51,73800.0,100,Buy,226078737
2024-07-24 11:07:14,73800.0,1300,Buy,226079017
2024-07-24 11:07:30,73800.0,100,Buy,226079172
2024-07-24 11:07:45,73800.0,100,Buy,226079325
2024-07-24 11:07:52,73800.0,600,Buy,226079397
2024-07-24 11:07:52,73800.0,100,Buy,226079398
2024-07-24 11:08:45,73800.0,100,Sell,226080124
2024-07-24 11:09:28,73800.0,200,Sell,226080752
2024-07-24 11:09:28,73800.0,200,Sell,226080753
2024-07-24 11:09:40,73800.0,100,Buy,226080941
2024-07-24 11:12:42,74000.0,100,Buy,226083575
2024-07-24 11:13:12,74000.0,300,Buy,226083978
2024-07-24 11:13:37,74000.0,100,Buy,226084393
2024-07-24 11:13:49,74000.0,300,Buy,226084570
2024-07-24 11:14:02,74000.0,3000,Buy,226084739
2024-07-24 11:14:04,74000.0,100,Buy,226084760
2024-07-24 11:14:04,74000.0,500,Buy,226084759
2024-07-24 11:14:42,74200.0,100,Buy,226085287
2024-07-24 11:14:42,74200.0,100,Buy,226085288
2024-07-24 11:14:42,74300.0,100,Buy,226085289
2024-07-24 11:14:42,74400.0,200,Buy,226085290
2024-07-24 11:15:00,74200.0,200,Sell,226085556
2024-07-24 11:15:00,74400.0,100,Buy,226085557
2024-07-24 11:15:15,74400.0,300,Buy,226085829
2024-07-24 11:15:34,74400.0,200,Buy,226086110
2024-07-24 11:15:34,74400.0,100,Buy,226086111
2024-07-24 11:15:34,74400.0,100,Buy,226086112
2024-07-24 11:15:34,74400.0,100,Buy,226086113
2024-07-24 11:15:34,74400.0,100,Buy,226086115
2024-07-24 11:15:34,74400.0,100,Buy,226086117
2024-07-24 11:15:34,74400.0,100,Buy,226086114
2024-07-24 11:15:34,74400.0,100,Buy,226086116
2024-07-24 11:17:10,74300.0,300,Buy,226087601
2024-07-24 11:17:10,74300.0,200,Buy,226087602
2024-07-24 11:17:36,74300.0,300,Buy,226087990
2024-07-24 11:17:36,74400.0,200,Buy,226087991
2024-07-24 11:18:25,74300.0,100,Sell,226088826
2024-07-24 11:19:33,74300.0,100,Buy,226089802
2024-07-24 11:19:45,74300.0,100,Sell,226089962
2024-07-24 11:20:26,74300.0,700,Buy,226090487
2024-07-24 11:20:50,74300.0,200,Buy,226090797
2024-07-24 11:21:24,74300.0,200,Buy,226091236
2024-07-24 11:23:10,74300.0,100,Buy,226092714
2024-07-24 11:25:36,74100.0,1000,Sell,226094665
2024-07-24 11:25:36,74100.0,100,Sell,226094666
2024-07-24 11:25:36,74100.0,1000,Sell,226094667
2024-07-24 11:26:05,74000.0,500,Sell,226094971
2024-07-24 11:26:33,74100.0,100,Buy,226095253
2024-07-24 11:27:18,74100.0,400,Buy,226095812
2024-07-24 11:27:53,74100.0,100,Sell,226096335
2024-07-24 12:59:38,74100.0,100,Buy,226097895
2024-07-24 12:59:38,74100.0,100,Buy,226097898
2024-07-24 12:59:38,74100.0,100,Buy,226098169
2024-07-24 12:59:38,74000.0,100,Sell,226097893
2024-07-24 12:59:42,74100.0,200,Sell,226099344
2024-07-24 12:59:42,74000.0,500,Sell,226099345
2024-07-24 12:59:48,74100.0,200,Sell,226100708
2024-07-24 12:59:56,74200.0,100,Buy,226101487
2024-07-24 13:00:02,74100.0,100,Sell,226101897
2024-07-24 13:00:02,74100.0,100,Sell,226101896
2024-07-24 13:00:02,74100.0,700,Sell,226101898
2024-07-24 13:00:02,74100.0,100,Sell,226101894
2024-07-24 13:00:02,74100.0,100,Sell,226101895
2024-07-24 13:00:02,74100.0,500,Sell,226101893
2024-07-24 13:01:45,74100.0,200,Sell,226104181
2024-07-24 13:02:46,74100.0,100,Sell,226105351
2024-07-24 13:02:46,74100.0,100,Sell,226105350
2024-07-24 13:03:15,74100.0,100,Buy,226105883
2024-07-24 13:04:20,74100.0,500,Buy,226107118
2024-07-24 13:05:00,74100.0,200,Buy,226107870
2024-07-24 13:05:37,74100.0,500,Buy,226108612
2024-07-24 13:05:37,74100.0,500,Buy,226108613
2024-07-24 13:05:39,74000.0,500,Sell,226108651
2024-07-24 13:08:51,74100.0,400,Buy,226114814
2024-07-24 13:08:52,74100.0,500,Buy,226114842
2024-07-24 13:08:52,74100.0,200,Buy,226114840
2024-07-24 13:08:52,74100.0,100,Buy,226114841
2024-07-24 13:08:54,74100.0,500,Sell,226114908
2024-07-24 13:09:15,74100.0,200,Sell,226115674
2024-07-24 13:10:18,74100.0,1100,Sell,226117879
2024-07-24 13:10:18,74100.0,100,Sell,226117880
2024-07-24 13:10:18,74100.0,100,Sell,226117881
2024-07-24 13:10:18,74100.0,200,Sell,226117882
2024-07-24 13:10:18,74100.0,200,Sell,226117883
2024-07-24 13:10:27,74100.0,900,Buy,226118266
2024-07-24 13:10:46,74100.0,500,Sell,226118888
2024-07-24 13:11:02,74200.0,100,Buy,226119654
2024-07-24 13:11:31,74200.0,300,Buy,226120690
2024-07-24 13:11:31,74200.0,200,Buy,226120691
2024-07-24 13:11:54,74200.0,200,Buy,226121433
2024-07-24 13:11:54,74200.0,800,Buy,226121432
2024-07-24 13:12:12,74300.0,100,Buy,226121953
2024-07-24 13:12:12,74300.0,100,Buy,226121952
2024-07-24 13:12:13,74300.0,100,Buy,226121982
2024-07-24 13:12:13,74300.0,100,Buy,226121981
2024-07-24 13:12:13,74300.0,200,Buy,226121980
2024-07-24 13:12:13,74300.0,100,Buy,226121979
2024-07-24 13:12:13,74300.0,300,Buy,226121974
2024-07-24 13:12:13,74300.0,100,Buy,226121977
2024-07-24 13:12:13,74300.0,1000,Buy,226121975
2024-07-24 13:12:13,74300.0,200,Buy,226121978
2024-07-24 13:12:13,74300.0,100,Buy,226121976
2024-07-24 13:12:43,74400.0,500,Buy,226122898
2024-07-24 13:12:43,74400.0,500,Buy,226122905
2024-07-24 13:12:43,74400.0,300,Buy,226122904
2024-07-24 13:12:43,74400.0,100,Buy,226122903
2024-07-24 13:12:43,74400.0,200,Buy,226122906
2024-07-24 13:12:43,74400.0,100,Buy,226122901
2024-07-24 13:12:43,74400.0,500,Buy,226122900
2024-07-24 13:12:43,74400.0,2000,Buy,226122899
2024-07-24 13:12:43,74400.0,600,Buy,226122902
2024-07-24 13:13:45,74500.0,600,Buy,226124868
2024-07-24 13:13:45,74500.0,200,Buy,226124869
2024-07-24 13:13:45,74500.0,100,Buy,226124870
2024-07-24 13:13:45,74500.0,100,Buy,226124867
2024-07-24 13:13:49,74500.0,100,Buy,226125049
2024-07-24 13:13:49,74500.0,200,Buy,226125050
2024-07-24 13:13:49,74500.0,300,Buy,226125051
2024-07-24 13:13:52,74500.0,200,Buy,226125181
2024-07-24 13:14:00,74600.0,100,Buy,226125427
2024-07-24 13:14:03,74600.0,1000,Buy,226125513
2024-07-24 13:14:17,74500.0,100,Sell,226125899
2024-07-24 13:14:17,74500.0,300,Sell,226125898
2024-07-24 13:14:22,74500.0,100,Buy,226126030
2024-07-24 13:14:25,74500.0,400,Buy,226126127
2024-07-24 13:14:38,74500.0,100,Buy,226126595
2024-07-24 13:14:43,74500.0,100,Sell,226126708
2024-07-24 13:14:53,74500.0,900,Sell,226127071
2024-07-24 13:14:53,74500.0,100,Buy,226127084
2024-07-24 13:15:48,74500.0,100,Sell,226128644
2024-07-24 13:15:48,74500.0,100,Sell,226128645
2024-07-24 13:15:48,74500.0,400,Sell,226128646
2024-07-24 13:16:04,74500.0,100,Sell,226129219
2024-07-24 13:16:06,74500.0,100,Buy,226129264
2024-07-24 13:16:06,74500.0,100,Buy,226129265
2024-07-24 13:16:24,74500.0,100,Sell,226129756
2024-07-24 13:16:24,74500.0,100,Sell,226129757
2024-07-24 13:16:53,74500.0,100,Sell,226130614
2024-07-24 13:17:15,74500.0,100,Sell,226131090
2024-07-24 13:17:18,74500.0,200,Sell,226131236
2024-07-24 13:17:19,74600.0,1900,Buy,226131254
2024-07-24 13:17:19,74600.0,100,Buy,226131255
2024-07-24 13:17:19,74600.0,100,Buy,226131256
2024-07-24 13:17:19,74600.0,100,Buy,226131257
2024-07-24 13:17:19,74600.0,200,Buy,226131258
2024-07-24 13:17:19,74600.0,100,Buy,226131259
2024-07-24 13:17:19,74600.0,200,Buy,226131260
2024-07-24 13:17:19,74600.0,100,Buy,226131261
2024-07-24 13:17:23,74600.0,200,Sell,226131373
2024-07-24 13:17:32,74700.0,100,Buy,226131618
2024-07-24 13:18:28,74700.0,100,Buy,226133002
2024-07-24 13:18:53,74600.0,200,Sell,226133572
2024-07-24 13:19:01,74600.0,100,Sell,226133780
2024-07-24 13:19:01,74600.0,100,Sell,226133783
2024-07-24 13:19:01,74600.0,3600,Sell,226133779
2024-07-24 13:19:01,74600.0,100,Sell,226133781
2024-07-24 13:19:01,74600.0,100,Sell,226133782
2024-07-24 13:19:04,74600.0,100,Sell,226133833
2024-07-24 13:19:08,74600.0,400,Buy,226133918
2024-07-24 13:19:09,74700.0,1000,Buy,226133936
2024-07-24 13:19:21,74600.0,500,Sell,226134189
2024-07-24 13:19:28,74600.0,100,Sell,226134358
2024-07-24 13:19:54,74600.0,200,Sell,226135009
2024-07-24 13:19:59,74700.0,1000,Buy,226135091
2024-07-24 13:20:00,74600.0,100,Sell,226135108
2024-07-24 13:20:48,74600.0,1300,Buy,226136393
2024-07-24 13:20:51,74600.0,600,Buy,226136443
2024-07-24 13:20:51,74600.0,400,Buy,226136444
2024-07-24 13:20:58,74600.0,100,Buy,226136610
2024-07-24 13:20:58,74600.0,100,Buy,226136611
2024-07-24 13:21:07,74600.0,100,Buy,226136864
2024-07-24 13:21:12,74600.0,200,Buy,226136996
2024-07-24 13:21:33,74600.0,100,Buy,226137556
2024-07-24 13:21:42,74600.0,1000,Buy,226137762
2024-07-24 13:21:57,74600.0,100,Buy,226138150
2024-07-24 13:22:27,74700.0,100,Buy,226139016
2024-07-24 13:22:33,74700.0,700,Buy,226139182
2024-07-24 13:22:33,74700.0,300,Buy,226139183
2024-07-24 13:22:48,74700.0,200,Buy,226139661
2024-07-24 13:22:48,74700.0,100,Buy,226139662
2024-07-24 13:22:48,74700.0,200,Buy,226139663
2024-07-24 13:22:48,74700.0,200,Buy,226139664
2024-07-24 13:22:48,74700.0,100,Buy,226139665
2024-07-24 13:22:48,74700.0,200,Buy,226139666
2024-07-24 13:22:53,74700.0,200,Buy,226139795
2024-07-24 13:22:53,74700.0,100,Buy,226139794
2024-07-24 13:22:53,74700.0,100,Buy,226139792
2024-07-24 13:22:53,74700.0,100,Buy,226139793
2024-07-24 13:22:53,74700.0,100,Buy,226139791
2024-07-24 13:23:08,74700.0,100,Buy,226140297
2024-07-24 13:23:09,74700.0,200,Buy,226140329
2024-07-24 13:23:09,74700.0,700,Buy,226140334
2024-07-24 13:23:24,74800.0,1000,Buy,226140774
2024-07-24 13:23:55,74800.0,700,Buy,226141722
2024-07-24 13:24:01,74700.0,100,Sell,226141905
2024-07-24 13:24:16,74800.0,300,Buy,226142432
2024-07-24 13:24:16,74800.0,700,Buy,226142433
2024-07-24 13:24:21,74800.0,400,Buy,226142626
2024-07-24 13:24:27,74800.0,500,Buy,226142859
2024-07-24 13:24:28,74800.0,300,Buy,226142892
2024-07-24 13:24:28,74800.0,100,Buy,226142888
2024-07-24 13:24:28,74800.0,100,Buy,226142893
2024-07-24 13:24:28,74800.0,200,Buy,226142891
2024-07-24 13:24:28,74800.0,500,Buy,226142886
2024-07-24 13:24:28,74800.0,200,Buy,226142889
2024-07-24 13:24:28,74800.0,100,Buy,226142887
2024-07-24 13:24:28,74800.0,600,Buy,226142885
2024-07-24 13:24:28,74800.0,100,Buy,226142890
2024-07-24 13:24:46,74900.0,500,Buy,226143745
2024-07-24 13:25:07,74900.0,500,Buy,226144480
2024-07-24 13:25:07,74900.0,200,Buy,226144481
2024-07-24 13:25:07,74900.0,300,Buy,226144482
2024-07-24 13:25:10,74900.0,200,Buy,226144636
2024-07-24 13:25:10,74900.0,200,Buy,226144637
2024-07-24 13:25:10,74900.0,200,Buy,226144635
2024-07-24 13:25:10,74900.0,100,Buy,226144639
2024-07-24 13:25:10,74900.0,500,Buy,226144638
2024-07-24 13:25:10,74900.0,100,Buy,226144634
2024-07-24 13:25:10,74900.0,100,Buy,226144628
2024-07-24 13:25:10,74900.0,100,Buy,226144632
2024-07-24 13:25:10,74900.0,500,Buy,226144633
2024-07-24 13:25:10,74900.0,100,Buy,226144629
2024-07-24 13:25:10,74900.0,700,Buy,226144627
2024-07-24 13:25:10,74900.0,100,Buy,226144631
2024-07-24 13:25:10,74900.0,100,Buy,226144630
2024-07-24 13:25:21,74900.0,500,Sell,226145077
2024-07-24 13:25:26,75000.0,100,Buy,226145248
2024-07-24 13:25:26,75000.0,400,Buy,226145249
2024-07-24 13:25:37,75000.0,100,Buy,226145884
2024-07-24 13:25:45,75000.0,500,Buy,226146415
2024-07-24 13:25:45,75000.0,1000,Buy,226146416
2024-07-24 13:25:45,75000.0,500,Buy,226146417
2024-07-24 13:25:51,75000.0,200,Buy,226146684
2024-07-24 13:25:56,75000.0,500,Buy,226146869
2024-07-24 13:25:56,75000.0,2000,Buy,226146871
2024-07-24 13:25:56,75000.0,100,Buy,226146870
2024-07-24 13:25:56,75000.0,500,Buy,226146857
2024-07-24 13:25:56,75000.0,800,Buy,226146867
2024-07-24 13:25:56,75000.0,100,Buy,226146868
2024-07-24 13:25:57,75000.0,100,Buy,226146957
2024-07-24 13:25:57,75000.0,200,Buy,226146958
2024-07-24 13:25:57,75000.0,100,Buy,226146959
2024-07-24 13:25:57,75000.0,200,Buy,226146954
2024-07-24 13:25:57,75000.0,100,Buy,226146961
2024-07-24 13:25:57,75000.0,200,Buy,226146962
2024-07-24 13:25:57,75000.0,300,Buy,226146963
2024-07-24 13:25:57,75000.0,400,Buy,226146960
2024-07-24 13:25:57,75000.0,100,Buy,226146956
2024-07-24 13:25:57,75000.0,300,Buy,226146952
2024-07-24 13:25:57,75000.0,3800,Buy,226146953
2024-07-24 13:25:57,75000.0,100,Buy,226146944
2024-07-24 13:25:57,75000.0,200,Buy,226146943
2024-07-24 13:25:57,75000.0,100,Buy,226146942
2024-07-24 13:25:57,75000.0,600,Buy,226146941
2024-07-24 13:25:57,75000.0,100,Buy,226146940
2024-07-24 13:25:57,75000.0,200,Buy,226146939
2024-07-24 13:25:57,75000.0,200,Buy,226146955
2024-07-24 13:25:58,75100.0,200,Buy,226147025
2024-07-24 13:25:58,75100.0,100,Buy,226147026
2024-07-24 13:26:09,75200.0,100,Buy,226147700
2024-07-24 13:26:10,75200.0,300,Buy,226147757
2024-07-24 13:26:10,75200.0,100,Buy,226147746
2024-07-24 13:26:10,75200.0,200,Buy,226147748
2024-07-24 13:26:31,75300.0,300,Buy,226148672
2024-07-24 13:26:36,75200.0,1000,Sell,226148935
2024-07-24 13:26:49,75300.0,1000,Buy,226149740
2024-07-24 13:26:58,75300.0,100,Buy,226150128
2024-07-24 13:27:00,75300.0,500,Buy,226150247
2024-07-24 13:27:02,75300.0,500,Buy,226150320
2024-07-24 13:27:03,75300.0,200,Buy,226150396
2024-07-24 13:27:09,75300.0,100,Buy,226150719
2024-07-24 13:27:12,75300.0,100,Buy,226150886
2024-07-24 13:27:12,75300.0,200,Buy,226150885
2024-07-24 13:27:12,75300.0,300,Buy,226150884
2024-07-24 13:27:13,75300.0,100,Buy,226150911
2024-07-24 13:27:16,75300.0,100,Buy,226151193
2024-07-24 13:27:22,75300.0,300,Buy,226151481
2024-07-24 13:27:22,75300.0,200,Buy,226151482
2024-07-24 13:27:23,75300.0,200,Buy,226151576
2024-07-24 13:27:41,75400.0,200,Buy,226152420
2024-07-24 13:27:41,75400.0,200,Buy,226152421
2024-07-24 13:27:41,75400.0,600,Buy,226152422
2024-07-24 13:27:50,75400.0,100,Buy,226152904
2024-07-24 13:27:58,75400.0,100,Buy,226153249
2024-07-24 13:28:02,75400.0,100,Buy,226153463
2024-07-24 13:28:05,75400.0,100,Buy,226153591
2024-07-24 13:28:05,75400.0,100,Buy,226153592
2024-07-24 13:28:07,75400.0,100,Buy,226153630
2024-07-24 13:28:10,75300.0,400,Sell,226153815
2024-07-24 13:28:10,75300.0,100,Sell,226153814
2024-07-24 13:28:32,75400.0,300,Buy,226155053
2024-07-24 13:28:32,75400.0,700,Buy,226155054
2024-07-24 13:28:32,75300.0,300,Sell,226155062
2024-07-24 13:28:32,75300.0,100,Sell,226155063
2024-07-24 13:28:32,75300.0,200,Sell,226155064
2024-07-24 13:28:33,75300.0,100,Buy,226155087
2024-07-24 13:28:41,75300.0,300,Buy,226155462
2024-07-24 13:29:01,75300.0,100,Sell,226156446
2024-07-24 13:29:06,75300.0,100,Sell,226156679
2024-07-24 13:29:07,75300.0,100,Buy,226156724
2024-07-24 13:29:15,75300.0,700,Sell,226157022
2024-07-24 13:29:15,75300.0,300,Sell,226157021
2024-07-24 13:29:21,75300.0,200,Sell,226157311
2024-07-24 13:29:23,75400.0,200,Buy,226157393
2024-07-24 13:29:23,75400.0,300,Buy,226157391
2024-07-24 13:29:23,75400.0,500,Buy,226157392
2024-07-24 13:29:35,75400.0,200,Buy,226157940
2024-07-24 13:29:40,75400.0,500,Buy,226158162
2024-07-24 13:29:41,75400.0,100,Buy,226158207
2024-07-24 13:29:41,75400.0,500,Buy,226158208
2024-07-24 13:29:41,75400.0,400,Buy,226158209
2024-07-24 13:29:43,75500.0,1500,Buy,226158286
2024-07-24 13:29:43,75500.0,1000,Buy,226158285
2024-07-24 13:29:43,75500.0,200,Buy,226158283
2024-07-24 13:29:43,75500.0,1000,Buy,226158284
2024-07-24 13:29:43,75500.0,200,Buy,226158280
2024-07-24 13:29:43,75500.0,100,Buy,226158279
2024-07-24 13:29:43,75500.0,100,Buy,226158278
2024-07-24 13:29:43,75400.0,600,Buy,226158277
2024-07-24 13:29:43,75500.0,100,Buy,226158281
2024-07-24 13:29:43,75500.0,200,Buy,226158282
2024-07-24 13:29:50,75400.0,100,Buy,226158557
2024-07-24 13:29:52,75400.0,400,Buy,226158625
2024-07-24 13:29:52,75500.0,100,Buy,226158626
2024-07-24 13:30:13,75500.0,100,Buy,226159674
2024-07-24 13:30:13,75500.0,100,Buy,226159675
2024-07-24 13:30:13,75500.0,1000,Buy,226159676
2024-07-24 13:30:13,75500.0,200,Buy,226159677
2024-07-24 13:31:26,75500.0,700,Sell,226163069
2024-07-24 13:31:26,75500.0,100,Sell,226163068
2024-07-24 13:31:27,75500.0,100,Sell,226163103
2024-07-24 13:31:38,75500.0,200,Sell,226163570
2024-07-24 13:31:38,75500.0,200,Sell,226163569
2024-07-24 13:31:38,75500.0,1600,Sell,226163571
2024-07-24 13:31:50,75600.0,100,Buy,226164126
2024-07-24 13:31:50,75500.0,1000,Sell,226164149
2024-07-24 13:31:50,75500.0,2000,Sell,226164168
2024-07-24 13:31:52,75500.0,400,Sell,226164252
2024-07-24 13:31:52,75500.0,1000,Sell,226164253
2024-07-24 13:31:52,75500.0,600,Sell,226164254
2024-07-24 13:31:55,75500.0,200,Sell,226164389
2024-07-24 13:31:56,75500.0,100,Sell,226164437
2024-07-24 13:32:05,75500.0,300,Sell,226164916
2024-07-24 13:32:05,75500.0,100,Sell,226164917
2024-07-24 13:32:05,75500.0,100,Sell,226164918
2024-07-24 13:32:06,75500.0,100,Sell,226164998
2024-07-24 13:32:07,75500.0,200,Sell,226165055
2024-07-24 13:32:07,75500.0,800,Sell,226165054
2024-07-24 13:32:09,75500.0,100,Sell,226165162
2024-07-24 13:32:10,75500.0,700,Sell,226165208
2024-07-24 13:32:12,75500.0,100,Buy,226165284
2024-07-24 13:32:19,75500.0,200,Buy,226165593
2024-07-24 13:32:19,75500.0,800,Buy,226165594
2024-07-24 13:32:26,75400.0,100,Sell,226165923
2024-07-24 13:32:27,75400.0,100,Sell,226165978
2024-07-24 13:32:28,75400.0,100,Sell,226165999
2024-07-24 13:32:29,75400.0,100,Sell,226166036
2024-07-24 13:32:33,75400.0,100,Sell,226166228
2024-07-24 13:32:34,75400.0,100,Sell,226166238
2024-07-24 13:32:34,75300.0,100,Sell,226166239
2024-07-24 13:32:38,75300.0,500,Sell,226166405
2024-07-24 13:32:45,75300.0,2000,Sell,226166689
2024-07-24 13:32:48,75300.0,100,Sell,226166820
2024-07-24 13:32:48,75500.0,1000,Buy,226166825
2024-07-24 13:32:49,75300.0,200,Sell,226166856
2024-07-24 13:32:50,75300.0,100,Sell,226166871
2024-07-24 13:33:01,75400.0,500,Buy,226167226
2024-07-24 13:33:01,75400.0,100,Buy,226167231
2024-07-24 13:33:01,75400.0,100,Buy,226167232
2024-07-24 13:33:09,75500.0,1200,Buy,226167632
2024-07-24 13:33:09,75500.0,100,Buy,226167633
2024-07-24 13:33:09,75500.0,500,Buy,226167634
2024-07-24 13:33:09,75500.0,200,Buy,226167635
2024-07-24 13:33:09,75500.0,1000,Buy,226167636
2024-07-24 13:33:09,75500.0,100,Buy,226167637
2024-07-24 13:33:15,75500.0,400,Sell,226167820
2024-07-24 13:33:20,75500.0,100,Sell,226168019
2024-07-24 13:33:22,75500.0,100,Sell,226168160
2024-07-24 13:33:26,75500.0,700,Sell,226168260
2024-07-24 13:33:29,75500.0,500,Sell,226168420
2024-07-24 13:33:31,75000.0,100,Sell,226168511
2024-07-24 13:33:31,75000.0,100,Sell,226168510
2024-07-24 13:33:31,75200.0,300,Sell,226168504
2024-07-24 13:33:31,75000.0,100,Sell,226168508
2024-07-24 13:33:31,75000.0,1000,Sell,226168507
2024-07-24 13:33:31,75100.0,300,Sell,226168506
2024-07-24 13:33:31,75100.0,700,Sell,226168505
2024-07-24 13:33:31,75200.0,300,Sell,226168503
2024-07-24 13:33:31,75000.0,500,Sell,226168509
2024-07-24 13:33:31,75300.0,100,Sell,226168501
2024-07-24 13:33:31,75400.0,300,Sell,226168494
2024-07-24 13:33:31,75400.0,100,Sell,226168495
2024-07-24 13:33:31,75300.0,100,Sell,226168496
2024-07-24 13:33:31,75200.0,700,Sell,226168502
2024-07-24 13:33:31,75300.0,600,Sell,226168498
2024-07-24 13:33:31,75300.0,100,Sell,226168500
2024-07-24 13:33:31,75300.0,200,Sell,226168497
2024-07-24 13:33:31,75300.0,1000,Sell,226168499
2024-07-24 13:33:32,75000.0,13400,Buy,226168546
2024-07-24 13:33:39,75500.0,500,Buy,226168799
2024-07-24 13:33:39,75500.0,100,Buy,226168800
2024-07-24 13:33:39,75500.0,100,Buy,226168801
2024-07-24 13:33:42,75500.0,100,Sell,226168912
2024-07-24 13:33:48,75500.0,200,Sell,226169107
2024-07-24 13:33:49,75300.0,100,Sell,226169125
2024-07-24 13:34:23,75300.0,100,Sell,226170346
2024-07-24 13:34:27,75000.0,1000,Sell,226170501
2024-07-24 13:34:27,75000.0,100,Sell,226170500
2024-07-24 13:34:27,75000.0,100,Sell,226170499
2024-07-24 13:34:28,75000.0,200,Buy,226170526
2024-07-24 13:34:31,75000.0,600,Buy,226170606
2024-07-24 13:34:38,75000.0,400,Sell,226170890
2024-07-24 13:34:41,75000.0,100,Buy,226171003
2024-07-24 13:35:05,75000.0,500,Sell,226171655
2024-07-24 13:35:22,75200.0,100,Buy,226172135
2024-07-24 13:35:31,75200.0,500,Sell,226172355
2024-07-24 13:35:42,75200.0,100,Sell,226172617
2024-07-24 13:36:12,75200.0,300,Sell,226173376
2024-07-24 13:36:13,75200.0,200,Buy,226173408
2024-07-24 13:36:19,75200.0,300,Sell,226173538
2024-07-24 13:36:23,75200.0,100,Sell,226173616
2024-07-24 13:36:40,75200.0,100,Sell,226173988
2024-07-24 13:36:45,75200.0,100,Sell,226174102
2024-07-24 13:36:59,75200.0,200,Sell,226174374
2024-07-24 13:36:59,75200.0,100,Sell,226174375
2024-07-24 13:37:01,75200.0,100,Buy,226174416
2024-07-24 13:37:04,75200.0,600,Buy,226174505
2024-07-24 13:37:04,75200.0,300,Buy,226174506
2024-07-24 13:37:04,75200.0,100,Buy,226174507
2024-07-24 13:37:14,75200.0,400,Buy,226174725
2024-07-24 13:37:30,75100.0,500,Sell,226175093
2024-07-24 13:37:43,75100.0,3000,Sell,226175403
2024-07-24 13:37:56,75200.0,600,Buy,226175699
2024-07-24 13:37:56,75200.0,400,Buy,226175700
2024-07-24 13:38:14,75200.0,100,Buy,226176131
2024-07-24 13:38:24,75200.0,300,Sell,226176349
2024-07-24 13:38:24,75200.0,200,Sell,226176348
2024-07-24 13:38:34,75200.0,2000,Sell,226176577
2024-07-24 13:38:45,75100.0,100,Sell,226176886
2024-07-24 13:38:47,75300.0,1000,Buy,226176917
2024-07-24 13:39:15,75300.0,300,Buy,226177495
2024-07-24 13:39:31,75200.0,100,Sell,226177848
2024-07-24 13:39:34,75200.0,300,Sell,226177909
2024-07-24 13:39:38,75300.0,1000,Buy,226178017
2024-07-24 13:40:15,75300.0,400,Buy,226178908
2024-07-24 13:40:29,75300.0,200,Buy,226179283
2024-07-24 13:40:29,75300.0,100,Buy,226179284
2024-07-24 13:40:29,75300.0,100,Buy,226179285
2024-07-24 13:40:29,75300.0,100,Buy,226179286
2024-07-24 13:40:29,75300.0,500,Buy,226179287
2024-07-24 13:40:47,75300.0,500,Buy,226179642
2024-07-24 13:41:10,75200.0,500,Sell,226180172
2024-07-24 13:41:10,75200.0,100,Sell,226180170
2024-07-24 13:41:10,75200.0,400,Sell,226180171
2024-07-24 13:41:16,75300.0,300,Buy,226180306
2024-07-24 13:41:17,75300.0,700,Buy,226180328
2024-07-24 13:41:17,75300.0,100,Buy,226180329
2024-07-24 13:41:17,75300.0,100,Buy,226180330
2024-07-24 13:41:17,75400.0,100,Buy,226180331
2024-07-24 13:41:17,75400.0,3000,Buy,226180332
2024-07-24 13:41:17,75400.0,400,Buy,226180333
2024-07-24 13:41:17,75500.0,300,Buy,226180334
2024-07-24 13:41:17,75500.0,100,Buy,226180335
2024-07-24 13:41:17,75500.0,100,Buy,226180336
2024-07-24 13:41:17,75500.0,900,Buy,226180337
2024-07-24 13:41:17,75500.0,500,Buy,226180338
2024-07-24 13:41:17,75500.0,100,Buy,226180339
2024-07-24 13:41:17,75500.0,100,Buy,226180340
2024-07-24 13:41:21,75500.0,100,Buy,226180462
2024-07-24 13:41:21,75500.0,900,Buy,226180461
2024-07-24 13:42:01,75100.0,1400,Sell,226181317
2024-07-24 13:42:12,75500.0,1000,Buy,226181567
2024-07-24 13:42:16,75500.0,100,Buy,226181646
2024-07-24 13:42:16,75500.0,200,Buy,226181647
2024-07-24 13:42:19,75500.0,100,Buy,226181732
2024-07-24 13:43:03,75500.0,200,Buy,226182865
2024-07-24 13:43:03,75500.0,200,Buy,226182866
2024-07-24 13:43:03,75500.0,600,Buy,226182867
2024-07-24 13:43:17,75500.0,400,Buy,226183237
2024-07-24 13:43:20,75500.0,100,Buy,226183326
2024-07-24 13:43:42,75400.0,100,Sell,226183894
2024-07-24 13:43:54,75500.0,900,Buy,226184089
2024-07-24 13:43:54,75500.0,100,Buy,226184090
2024-07-24 13:44:17,75400.0,300,Buy,226184622
2024-07-24 13:44:39,75100.0,100,Sell,226185236
2024-07-24 13:44:39,75100.0,900,Sell,226185235
2024-07-24 13:44:46,75400.0,200,Buy,226185444
2024-07-24 13:44:55,75400.0,200,Sell,226185654
2024-07-24 13:44:56,75400.0,500,Sell,226185678
2024-07-24 13:45:14,75500.0,100,Buy,226185994
2024-07-24 13:45:18,75500.0,400,Buy,226186060
2024-07-24 13:45:37,75500.0,500,Buy,226186509
2024-07-24 13:45:37,75500.0,100,Buy,226186510
2024-07-24 13:45:37,75500.0,100,Buy,226186511
2024-07-24 13:45:37,75500.0,300,Buy,226186512
2024-07-24 13:45:45,75400.0,100,Sell,226186657
2024-07-24 13:45:45,75400.0,1000,Sell,226186658
2024-07-24 13:46:18,75500.0,300,Buy,226187365
2024-07-24 13:46:28,75500.0,100,Buy,226187510
2024-07-24 13:46:28,75500.0,100,Buy,226187511
2024-07-24 13:46:28,75500.0,200,Buy,226187512
2024-07-24 13:46:47,75500.0,100,Sell,226187911
2024-07-24 13:47:00,75500.0,200,Sell,226188182
2024-07-24 13:47:04,75500.0,100,Sell,226188241
2024-07-24 13:47:19,75600.0,100,Buy,226188632
2024-07-24 13:47:19,75600.0,200,Buy,226188633
2024-07-24 13:47:23,75500.0,100,Sell,226188719
2024-07-24 13:47:30,75500.0,100,Sell,226188843
2024-07-24 13:47:57,75600.0,100,Buy,226189413
2024-07-24 13:48:19,75600.0,400,Buy,226189906
2024-07-24 13:48:40,75500.0,100,Sell,226190446
2024-07-24 13:48:40,75500.0,900,Sell,226190447
2024-07-24 13:48:43,75500.0,100,Sell,226190493
2024-07-24 13:48:43,75500.0,100,Sell,226190494
2024-07-24 13:49:01,75500.0,300,Sell,226190828
2024-07-24 13:49:20,75600.0,300,Buy,226191216
2024-07-24 13:49:43,75500.0,200,Sell,226191732
2024-07-24 13:49:47,75500.0,300,Sell,226191815
2024-07-24 13:50:10,75500.0,100,Sell,226192423
2024-07-24 13:50:20,75600.0,200,Buy,226192673
2024-07-24 13:50:20,75600.0,100,Buy,226192674
2024-07-24 13:50:46,75600.0,200,Buy,226193267
2024-07-24 13:50:46,75600.0,100,Buy,226193264
2024-07-24 13:50:46,75600.0,100,Buy,226193265
2024-07-24 13:50:46,75600.0,100,Buy,226193266
2024-07-24 13:51:09,75600.0,100,Buy,226193793
2024-07-24 13:51:09,75600.0,100,Buy,226193796
2024-07-24 13:51:09,75600.0,800,Buy,226193792
2024-07-24 13:51:09,75600.0,100,Buy,226193794
2024-07-24 13:51:09,75600.0,100,Buy,226193795
2024-07-24 13:51:20,75600.0,100,Sell,226194025
2024-07-24 13:51:21,75700.0,100,Buy,226194036
2024-07-24 13:51:21,75700.0,300,Buy,226194037
2024-07-24 13:51:30,75700.0,100,Buy,226194218
2024-07-24 13:51:31,75700.0,100,Buy,226194229
2024-07-24 13:51:35,75800.0,300,Buy,226194297
2024-07-24 13:51:35,75800.0,100,Buy,226194296
2024-07-24 13:51:35,75800.0,10000,Buy,226194295
2024-07-24 13:51:35,75800.0,500,Buy,226194294
2024-07-24 13:51:35,75800.0,200,Buy,226194293
2024-07-24 13:51:35,75800.0,100,Buy,226194292
2024-07-24 13:51:35,75800.0,300,Buy,226194289
2024-07-24 13:51:35,75800.0,500,Buy,226194290
2024-07-24 13:51:35,75700.0,100,Buy,226194287
2024-07-24 13:51:35,75700.0,200,Buy,226194286
2024-07-24 13:51:35,75700.0,100,Buy,226194285
2024-07-24 13:51:35,75700.0,800,Buy,226194284
2024-07-24 13:51:35,75800.0,500,Buy,226194291
2024-07-24 13:51:35,75800.0,100,Buy,226194288
2024-07-24 13:52:09,75900.0,100,Buy,226195024
2024-07-24 13:52:13,75800.0,200,Sell,226195122
2024-07-24 13:52:17,76000.0,300,Buy,226195199
2024-07-24 13:52:17,75900.0,500,Buy,226195198
2024-07-24 13:52:17,75900.0,300,Buy,226195196
2024-07-24 13:52:17,75900.0,1000,Buy,226195197
2024-07-24 13:52:21,76000.0,300,Buy,226195279
2024-07-24 13:53:00,75900.0,100,Buy,226196501
2024-07-24 13:53:01,75900.0,400,Buy,226196515
2024-07-24 13:53:01,76000.0,600,Buy,226196516
2024-07-24 13:53:10,76000.0,100,Buy,226196759
2024-07-24 13:53:10,76000.0,400,Buy,226196758
2024-07-24 13:53:10,76000.0,300,Buy,226196757
2024-07-24 13:53:10,76000.0,200,Buy,226196755
2024-07-24 13:53:10,76000.0,1000,Buy,226196754
2024-07-24 13:53:10,76000.0,100,Buy,226196753
2024-07-24 13:53:10,76000.0,500,Buy,226196752
2024-07-24 13:53:10,76000.0,200,Buy,226196751
2024-07-24 13:53:10,76000.0,100,Buy,226196750
2024-07-24 13:53:10,76000.0,200,Buy,226196748
2024-07-24 13:53:10,76000.0,200,Buy,226196760
2024-07-24 13:53:10,76000.0,1000,Buy,226196746
2024-07-24 13:53:10,76000.0,100,Buy,226196745
2024-07-24 13:53:10,76000.0,1000,Buy,226196744
2024-07-24 13:53:10,76000.0,200,Buy,226196743
2024-07-24 13:53:10,76000.0,100,Buy,226196735
2024-07-24 13:53:10,76000.0,100,Buy,226196734
2024-07-24 13:53:10,76000.0,100,Buy,226196733
2024-07-24 13:53:10,76000.0,200,Buy,226196732
2024-07-24 13:53:10,76000.0,500,Buy,226196749
2024-07-24 13:53:10,76000.0,300,Buy,226196747
2024-07-24 13:53:23,76000.0,500,Sell,226197049
2024-07-24 13:53:50,76000.0,300,Sell,226197651
2024-07-24 13:53:53,76000.0,500,Sell,226197751
2024-07-24 13:54:00,76000.0,100,Sell,226197929
2024-07-24 13:54:21,76000.0,500,Sell,226198580
2024-07-24 13:54:25,76000.0,100,Sell,226198710
2024-07-24 13:54:28,76000.0,1300,Sell,226198838
2024-07-24 13:54:38,76000.0,100,Sell,226199229
2024-07-24 13:54:41,76000.0,200,Sell,226199339
2024-07-24 13:54:41,76000.0,300,Sell,226199340
2024-07-24 13:54:41,76000.0,200,Sell,226199341
2024-07-24 13:54:41,76000.0,300,Sell,226199342
2024-07-24 13:54:47,76000.0,100,Sell,226199545
2024-07-24 13:54:47,76000.0,200,Sell,226199558
2024-07-24 13:54:52,76000.0,300,Sell,226199960
2024-07-24 13:54:52,76000.0,200,Sell,226199957
2024-07-24 13:54:52,76000.0,400,Sell,226199958
2024-07-24 13:54:52,76000.0,100,Sell,226199959
2024-07-24 13:54:54,76000.0,100,Sell,226200076
2024-07-24 13:54:57,76000.0,100,Sell,226200214
2024-07-24 13:55:03,76000.0,100,Sell,226200450
2024-07-24 13:55:03,76000.0,300,Sell,226200451
2024-07-24 13:55:03,76000.0,500,Sell,226200452
2024-07-24 13:55:12,76000.0,100,Buy,226200960
2024-07-24 13:55:12,76000.0,900,Buy,226200961
2024-07-24 13:55:21,76000.0,100,Buy,226201427
2024-07-24 13:55:21,76000.0,400,Buy,226201428
2024-07-24 13:55:22,76000.0,300,Buy,226201453
2024-07-24 13:55:49,75900.0,200,Sell,226202910
2024-07-24 13:55:52,75900.0,900,Sell,226202992
2024-07-24 13:55:57,75800.0,200,Sell,226203359
2024-07-24 13:55:57,75800.0,500,Sell,226203358
2024-07-24 13:56:00,75700.0,100,Sell,226203603
2024-07-24 13:56:00,75600.0,100,Sell,226203604
2024-07-24 13:56:00,75500.0,1000,Sell,226203605
2024-07-24 13:56:00,75500.0,200,Sell,226203606
2024-07-24 13:56:00,75500.0,1600,Sell,226203607
2024-07-24 13:56:09,75500.0,100,Sell,226203938
2024-07-24 13:56:23,75800.0,300,Buy,226204678
2024-07-24 13:56:49,75500.0,2000,Sell,226205855
2024-07-24 13:56:53,75500.0,300,Sell,226206008
2024-07-24 13:56:53,75500.0,700,Sell,226206009
2024-07-24 13:56:56,75500.0,300,Sell,226206144
2024-07-24 13:56:56,75500.0,500,Sell,226206235
2024-07-24 13:56:58,75500.0,500,Sell,226206298
2024-07-24 13:56:58,75500.0,500,Sell,226206299
2024-07-24 13:57:06,75500.0,200,Sell,226206680
2024-07-24 13:57:06,75500.0,300,Sell,226206679
2024-07-24 13:57:06,75500.0,500,Sell,226206668
2024-07-24 13:57:06,75500.0,900,Sell,226206670
2024-07-24 13:57:06,75500.0,1000,Sell,226206669
2024-07-24 13:57:06,75500.0,600,Sell,226206671
2024-07-24 13:57:08,75500.0,700,Sell,226206753
2024-07-24 13:57:08,75500.0,900,Sell,226206754
2024-07-24 13:57:08,75500.0,900,Sell,226206755
2024-07-24 13:57:08,75500.0,900,Sell,226206756
2024-07-24 13:57:08,75500.0,100,Sell,226206757
2024-07-24 13:57:08,75500.0,900,Sell,226206758
2024-07-24 13:57:16,75500.0,200,Buy,226207036
2024-07-24 13:57:19,75400.0,100,Sell,226207141
2024-07-24 13:57:20,75500.0,100,Buy,226207178
2024-07-24 13:57:20,75500.0,400,Buy,226207177
2024-07-24 13:57:21,75500.0,400,Buy,226207225
2024-07-24 13:57:23,75500.0,400,Buy,226207256
2024-07-24 13:57:27,75500.0,100,Buy,226207387
2024-07-24 13:57:27,75500.0,100,Buy,226207385
2024-07-24 13:57:27,75500.0,100,Buy,226207386
2024-07-24 13:57:34,75500.0,100,Buy,226207583
2024-07-24 13:57:34,75500.0,800,Buy,226207586
2024-07-24 13:57:53,75500.0,100,Buy,226208305
2024-07-24 13:57:58,75400.0,200,Sell,226208441
2024-07-24 13:58:24,75500.0,200,Buy,226209244
2024-07-24 13:58:24,75500.0,100,Buy,226209245
2024-07-24 13:58:26,75500.0,900,Buy,226209313
2024-07-24 13:58:27,75400.0,400,Sell,226209329
2024-07-24 13:58:27,75400.0,100,Sell,226209330
2024-07-24 13:58:29,75400.0,500,Sell,226209377
2024-07-24 13:58:50,75400.0,400,Sell,226209952
2024-07-24 13:58:50,75400.0,100,Sell,226209953
2024-07-24 13:59:17,75500.0,100,Buy,226210859
2024-07-24 13:59:17,75500.0,100,Buy,226210857
2024-07-24 13:59:17,75500.0,200,Buy,226210858
2024-07-24 13:59:17,75500.0,500,Buy,226210856
2024-07-24 13:59:24,75400.0,300,Sell,226211086
2024-07-24 13:59:24,75500.0,300,Buy,226211087
2024-07-24 13:59:30,75400.0,700,Sell,226211300
2024-07-24 13:59:30,75400.0,300,Sell,226211301
2024-07-24 13:59:34,75400.0,1000,Sell,226211433
2024-07-24 13:59:39,75400.0,500,Sell,226211606
2024-07-24 13:59:39,75400.0,200,Sell,226211607
2024-07-24 13:59:39,75400.0,800,Sell,226211608
2024-07-24 14:00:00,75400.0,800,Sell,226212100
2024-07-24 14:00:08,75500.0,800,Buy,226212326
2024-07-24 14:00:08,75500.0,100,Buy,226212325
2024-07-24 14:00:21,75400.0,200,Sell,226212644
2024-07-24 14:00:25,75500.0,200,Buy,226212739
2024-07-24 14:00:25,75500.0,200,Buy,226212740
2024-07-24 14:00:31,75400.0,100,Sell,226212907
2024-07-24 14:00:59,75500.0,300,Buy,226213639
2024-07-24 14:00:59,75500.0,500,Buy,226213640
2024-07-24 14:00:59,75500.0,100,Buy,226213641
2024-07-24 14:01:04,75500.0,200,Buy,226213779
2024-07-24 14:01:25,75600.0,300,Buy,226214239
2024-07-24 14:01:33,75600.0,500,Buy,226214483
2024-07-24 14:01:33,75600.0,700,Buy,226214481
2024-07-24 14:01:33,75600.0,800,Buy,226214482
2024-07-24 14:01:37,75500.0,100,Sell,226214564
2024-07-24 14:01:52,75000.0,400,Sell,226215060
2024-07-24 14:01:52,75000.0,100,Sell,226215065
2024-07-24 14:01:52,75000.0,100,Sell,226215064
2024-07-24 14:01:52,75000.0,100,Sell,226215063
2024-07-24 14:01:52,75000.0,100,Sell,226215062
2024-07-24 14:01:52,75000.0,500,Sell,226215061
2024-07-24 14:01:52,75100.0,200,Sell,226215059
2024-07-24 14:01:52,75400.0,3100,Sell,226215054
2024-07-24 14:01:52,75200.0,3000,Sell,226215057
2024-07-24 14:01:52,75200.0,100,Sell,226215056
2024-07-24 14:01:52,75400.0,100,Sell,226215055
2024-07-24 14:01:52,75500.0,900,Sell,226215053
2024-07-24 14:01:52,75500.0,400,Sell,226215051
2024-07-24 14:01:52,75100.0,4900,Sell,226215058
2024-07-24 14:01:52,75500.0,1000,Sell,226215052
2024-07-24 14:02:26,75800.0,100,Buy,226216152
2024-07-24 14:02:26,75800.0,100,Buy,226216151
2024-07-24 14:02:26,75800.0,200,Buy,226216150
2024-07-24 14:02:36,75800.0,100,Buy,226216427
2024-07-24 14:03:26,75900.0,300,Buy,226217675
2024-07-24 14:03:31,75900.0,100,Buy,226217783
2024-07-24 14:03:48,75900.0,500,Buy,226218047
2024-07-24 14:03:48,75900.0,200,Buy,226218048
2024-07-24 14:03:48,75900.0,500,Buy,226218049
2024-07-24 14:03:48,75900.0,200,Buy,226218050
2024-07-24 14:03:48,75900.0,600,Buy,226218046
2024-07-24 14:04:06,75900.0,200,Buy,226218470
2024-07-24 14:04:06,75900.0,100,Buy,226218471
2024-07-24 14:04:27,76000.0,300,Buy,226218939
2024-07-24 14:04:31,76000.0,300,Buy,226219013
2024-07-24 14:04:31,76000.0,300,Buy,226219010
2024-07-24 14:04:31,76000.0,2000,Buy,226219012
2024-07-24 14:04:31,76000.0,500,Buy,226219008
2024-07-24 14:04:31,76000.0,100,Buy,226219007
2024-07-24 14:04:31,76000.0,300,Buy,226219009
2024-07-24 14:04:31,76000.0,500,Buy,226219011
2024-07-24 14:04:57,76000.0,100,Buy,226219542
2024-07-24 14:05:15,76000.0,100,Buy,226220019
2024-07-24 14:05:27,76000.0,400,Buy,226220275
2024-07-24 14:05:31,75900.0,700,Sell,226220344
2024-07-24 14:05:31,75900.0,100,Sell,226220345
2024-07-24 14:05:31,75900.0,200,Sell,226220346
2024-07-24 14:05:31,75900.0,1000,Sell,226220347
2024-07-24 14:05:54,76000.0,100,Buy,226220743
2024-07-24 14:06:06,75900.0,900,Sell,226221026
2024-07-24 14:06:06,75900.0,100,Sell,226221025
2024-07-24 14:06:11,76000.0,300,Buy,226221105
2024-07-24 14:06:13,75900.0,100,Sell,226221141
2024-07-24 14:06:28,75900.0,300,Buy,226221634
2024-07-24 14:06:44,75600.0,900,Sell,226222051
2024-07-24 14:06:44,75600.0,100,Sell,226222050
2024-07-24 14:07:17,75600.0,100,Sell,226222966
2024-07-24 14:07:17,75600.0,300,Sell,226222967
2024-07-24 14:07:28,75900.0,300,Buy,226223271
2024-07-24 14:07:29,75600.0,100,Sell,226223285
2024-07-24 14:07:30,75600.0,300,Sell,226223319
2024-07-24 14:08:29,75900.0,400,Buy,226224649
2024-07-24 14:09:29,75900.0,300,Buy,226226241
2024-07-24 14:09:35,75900.0,100,Buy,226226357
2024-07-24 14:09:40,75900.0,2000,Buy,226226454
2024-07-24 14:10:14,75900.0,100,Buy,226227132
2024-07-24 14:10:29,75900.0,300,Buy,226227479
2024-07-24 14:10:34,75900.0,500,Buy,226227550
2024-07-24 14:10:34,75900.0,100,Buy,226227551
2024-07-24 14:10:34,75900.0,300,Buy,226227552
2024-07-24 14:10:34,75900.0,400,Buy,226227553
2024-07-24 14:10:34,75900.0,400,Buy,226227554
2024-07-24 14:10:34,75900.0,1100,Buy,226227549
2024-07-24 14:10:36,75900.0,200,Sell,226227592
2024-07-24 14:10:53,75900.0,400,Buy,226227973
2024-07-24 14:10:53,75900.0,500,Sell,226227975
2024-07-24 14:10:54,75900.0,100,Sell,226228001
2024-07-24 14:10:55,75900.0,200,Buy,226228007
2024-07-24 14:11:21,75900.0,300,Sell,226228539
2024-07-24 14:11:21,75900.0,200,Sell,226228540
2024-07-24 14:11:30,76000.0,400,Buy,226228682
2024-07-24 14:11:39,75900.0,200,Sell,226228830
2024-07-24 14:11:55,75900.0,600,Sell,226229156
2024-07-24 14:12:30,75900.0,300,Buy,226229806
2024-07-24 14:12:37,75900.0,100,Buy,226229924
2024-07-24 14:12:37,75900.0,200,Buy,226229925
2024-07-24 14:12:37,75900.0,500,Buy,226229926
2024-07-24 14:12:37,75900.0,1000,Buy,226229927
2024-07-24 14:12:37,75900.0,200,Buy,226229928
2024-07-24 14:12:42,75900.0,100,Buy,226230014
2024-07-24 14:13:31,76000.0,300,Buy,226231144
2024-07-24 14:13:35,75900.0,500,Sell,226231241
2024-07-24 14:14:06,75900.0,100,Sell,226231862
2024-07-24 14:14:08,75900.0,100,Sell,226231887
2024-07-24 14:14:10,76000.0,100,Buy,226231916
2024-07-24 14:14:18,76000.0,200,Buy,226232076
2024-07-24 14:14:18,76000.0,1000,Buy,226232075
2024-07-24 14:14:18,76000.0,1000,Buy,226232074
2024-07-24 14:14:18,76000.0,300,Buy,226232072
2024-07-24 14:14:18,76000.0,100,Buy,226232071
2024-07-24 14:14:18,76000.0,100,Buy,226232070
2024-07-24 14:14:18,76000.0,300,Buy,226232073
2024-07-24 14:14:31,76000.0,300,Buy,226232380
2024-07-24 14:14:31,76000.0,100,Buy,226232381
2024-07-24 14:15:07,76000.0,100,Buy,226233293
2024-07-24 14:15:09,75900.0,200,Sell,226233335
2024-07-24 14:15:09,75900.0,300,Sell,226233336
2024-07-24 14:15:32,76000.0,300,Buy,226234000
2024-07-24 14:15:36,75900.0,100,Sell,226234088
2024-07-24 14:15:54,75900.0,500,Sell,226234619
2024-07-24 14:15:54,75900.0,2000,Sell,226234618
2024-07-24 14:15:54,75900.0,800,Sell,226234620
2024-07-24 14:15:54,75900.0,1000,Sell,226234616
2024-07-24 14:15:54,75900.0,600,Sell,226234615
2024-07-24 14:15:54,75900.0,100,Sell,226234617
2024-07-24 14:16:04,76000.0,200,Buy,226234951
2024-07-24 14:16:05,75900.0,2000,Sell,226234957
2024-07-24 14:16:06,75900.0,1200,Sell,226234999
2024-07-24 14:16:06,75900.0,600,Sell,226235000
2024-07-24 14:16:06,75900.0,100,Sell,226235001
2024-07-24 14:16:32,75900.0,300,Buy,226235900
2024-07-24 14:16:50,75900.0,300,Buy,226236637
2024-07-24 14:16:50,75900.0,300,Buy,226236638
2024-07-24 14:16:50,75900.0,100,Buy,226236639
2024-07-24 14:16:52,75900.0,100,Sell,226236686
2024-07-24 14:17:14,75900.0,100,Sell,226237751
2024-07-24 14:17:27,75900.0,100,Sell,226238431
2024-07-24 14:17:33,76000.0,300,Buy,226238734
2024-07-24 14:17:33,76000.0,100,Buy,226238733
2024-07-24 14:17:36,76000.0,700,Buy,226239040
2024-07-24 14:17:36,76000.0,200,Buy,226239041
2024-07-24 14:17:36,76000.0,100,Buy,226239042
2024-07-24 14:17:38,75900.0,100,Sell,226239237
2024-07-24 14:17:44,76000.0,300,Buy,226239764
2024-07-24 14:17:44,76000.0,2000,Buy,226239765
2024-07-24 14:17:44,76000.0,1000,Buy,226239766
2024-07-24 14:17:56,75900.0,300,Sell,226240309
2024-07-24 14:18:00,75900.0,100,Sell,226240491
2024-07-24 14:18:04,76000.0,1500,Buy,226240742
2024-07-24 14:18:04,76000.0,900,Buy,226240743
2024-07-24 14:18:05,76000.0,1000,Buy,226240803
2024-07-24 14:18:18,76000.0,100,Buy,226241551
2024-07-24 14:18:32,76000.0,1000,Buy,226242300
2024-07-24 14:18:32,76000.0,500,Buy,226242299
2024-07-24 14:18:32,76000.0,7500,Buy,226242296
2024-07-24 14:18:32,76000.0,100,Buy,226242297
2024-07-24 14:18:32,76000.0,200,Buy,226242298
2024-07-24 14:18:32,76000.0,500,Buy,226242255
2024-07-24 14:18:33,76000.0,300,Buy,226242316
2024-07-24 14:18:33,76000.0,1000,Buy,226242340
2024-07-24 14:18:33,76000.0,100,Buy,226242339
2024-07-24 14:18:33,76000.0,500,Buy,226242338
2024-07-24 14:18:33,76000.0,300,Buy,226242337
2024-07-24 14:18:33,76000.0,1000,Buy,226242315
2024-07-24 14:18:33,76000.0,300,Buy,226242328
2024-07-24 14:18:33,76000.0,300,Buy,226242319
2024-07-24 14:18:33,76000.0,100,Buy,226242318
2024-07-24 14:18:33,76000.0,100,Buy,226242317
2024-07-24 14:18:33,76000.0,2400,Buy,226242334
2024-07-24 14:18:34,76100.0,100,Buy,226242386
2024-07-24 14:18:34,76100.0,1600,Buy,226242385
2024-07-24 14:18:34,76100.0,500,Buy,226242383
2024-07-24 14:18:34,76100.0,7600,Buy,226242384
2024-07-24 14:18:34,76100.0,1000,Buy,226242380
2024-07-24 14:18:34,76100.0,300,Buy,226242379
2024-07-24 14:18:34,76100.0,200,Buy,226242382
2024-07-24 14:18:34,76100.0,200,Buy,226242381
2024-07-24 14:19:06,76200.0,300,Buy,226244180
2024-07-24 14:19:06,76200.0,400,Buy,226244181
2024-07-24 14:19:07,76200.0,100,Buy,226244240
2024-07-24 14:19:07,76200.0,100,Buy,226244241
2024-07-24 14:19:16,76200.0,200,Sell,226244786
2024-07-24 14:19:48,76300.0,300,Buy,226246626
2024-07-24 14:19:53,76300.0,200,Sell,226247029
2024-07-24 14:19:55,76400.0,400,Buy,226247109
2024-07-24 14:19:55,76400.0,300,Buy,226247108
2024-07-24 14:20:18,76400.0,100,Buy,226248281
2024-07-24 14:20:29,76300.0,200,Sell,226248854
2024-07-24 14:20:29,76300.0,500,Sell,226248855
2024-07-24 14:20:29,76300.0,100,Sell,226248856
2024-07-24 14:20:29,76200.0,100,Sell,226248857
2024-07-24 14:20:29,76200.0,200,Sell,226248858
2024-07-24 14:20:29,76200.0,200,Sell,226248859
2024-07-24 14:20:29,76200.0,500,Sell,226248860
2024-07-24 14:20:29,76200.0,100,Sell,226248861
2024-07-24 14:20:29,76100.0,500,Sell,226248862
2024-07-24 14:20:29,76100.0,1000,Sell,226248863
2024-07-24 14:20:29,76000.0,1500,Sell,226248864
2024-07-24 14:20:29,76300.0,100,Sell,226248853
2024-07-24 14:20:50,76000.0,4900,Sell,226250057
2024-07-24 14:20:50,76300.0,100,Sell,226250056
2024-07-24 14:21:16,76300.0,100,Buy,226251872
2024-07-24 14:21:16,76300.0,200,Buy,226251873
2024-07-24 14:21:16,76400.0,200,Buy,226251874
2024-07-24 14:21:16,76400.0,200,Buy,226251875
2024-07-24 14:21:16,76400.0,100,Buy,226251876
2024-07-24 14:21:16,76400.0,500,Buy,226251877
2024-07-24 14:21:16,76400.0,100,Buy,226251878
2024-07-24 14:21:16,76400.0,200,Buy,226251879
2024-07-24 14:21:16,76400.0,100,Buy,226251880
2024-07-24 14:21:16,76500.0,100,Buy,226251881
2024-07-24 14:21:16,76500.0,200,Buy,226251882
2024-07-24 14:21:37,76100.0,200,Sell,226253807
2024-07-24 14:21:37,76100.0,500,Sell,226253806
2024-07-24 14:21:38,76100.0,300,Buy,226253883
2024-07-24 14:23:37,76300.0,700,Buy,226262306
2024-07-24 14:23:37,76300.0,4300,Buy,226262305
2024-07-24 14:23:45,76500.0,300,Buy,226262777
2024-07-24 14:23:45,76500.0,300,Buy,226262778
2024-07-24 14:23:45,76500.0,1000,Buy,226262779
2024-07-24 14:23:45,76500.0,500,Buy,226262780
2024-07-24 14:23:45,76500.0,100,Buy,226262781
2024-07-24 14:23:45,76500.0,200,Buy,226262782
2024-07-24 14:23:45,76500.0,100,Buy,226262783
2024-07-24 14:23:45,76500.0,500,Buy,226262784
2024-07-24 14:23:45,76500.0,200,Buy,226262785
2024-07-24 14:23:45,76500.0,3000,Buy,226262786
2024-07-24 14:23:45,76500.0,100,Buy,226262776
2024-07-24 14:23:47,76600.0,300,Buy,226262898
2024-07-24 14:23:47,76600.0,100,Buy,226262899
2024-07-24 14:24:00,76600.0,200,Sell,226263618
2024-07-24 14:24:10,76700.0,100,Buy,226264301
2024-07-24 14:24:16,76700.0,200,Buy,226264818
2024-07-24 14:24:16,76700.0,500,Buy,226264819
2024-07-24 14:24:16,76700.0,200,Buy,226264820
2024-07-24 14:24:16,76700.0,100,Buy,226264821
2024-07-24 14:24:16,76800.0,200,Buy,226264822
2024-07-24 14:24:16,76800.0,2000,Buy,226264823
2024-07-24 14:24:16,76800.0,300,Buy,226264824
2024-07-24 14:24:16,76800.0,600,Buy,226264825
2024-07-24 14:24:16,76800.0,100,Buy,226264826
2024-07-24 14:24:16,76800.0,100,Buy,226264827
2024-07-24 14:24:16,76800.0,100,Buy,226264828
2024-07-24 14:24:16,76800.0,500,Buy,226264829
2024-07-24 14:24:27,76800.0,100,Sell,226265533
2024-07-24 14:24:54,76900.0,700,Buy,226267265
2024-07-24 14:24:54,76900.0,300,Buy,226267264
2024-07-24 14:25:09,76900.0,1000,Buy,226268175
2024-07-24 14:25:10,76800.0,1000,Sell,226268234
2024-07-24 14:25:26,76800.0,100,Sell,226269441
2024-07-24 14:25:27,76900.0,1300,Buy,226269520
2024-07-24 14:25:37,76900.0,900,Buy,226270168
2024-07-24 14:25:40,76900.0,1000,Buy,226270411
2024-07-24 14:25:45,76900.0,100,Buy,226270710
2024-07-24 14:25:45,76900.0,1000,Buy,226270711
2024-07-24 14:25:45,76900.0,900,Buy,226270712
2024-07-24 14:25:52,76900.0,200,Buy,226271118
2024-07-24 14:25:56,76900.0,1000,Buy,226271340
2024-07-24 14:26:05,76900.0,300,Buy,226271927
2024-07-24 14:26:10,76900.0,1000,Buy,226272236
2024-07-24 14:26:12,76800.0,200,Sell,226272322
2024-07-24 14:26:17,76800.0,1000,Sell,226272573
2024-07-24 14:26:18,76900.0,1600,Buy,226272667
2024-07-24 14:26:18,76900.0,100,Buy,226272668
2024-07-24 14:26:18,76900.0,100,Buy,226272669
2024-07-24 14:26:18,76900.0,200,Buy,226272670
2024-07-24 14:26:21,76900.0,100,Sell,226272838
2024-07-24 14:26:23,76900.0,1000,Sell,226272936
2024-07-24 14:26:28,76900.0,500,Sell,226273258
2024-07-24 14:26:31,76900.0,1000,Sell,226273417
2024-07-24 14:26:33,76900.0,100,Sell,226273504
2024-07-24 14:26:36,76900.0,300,Sell,226273749
2024-07-24 14:26:36,76900.0,100,Sell,226273750
2024-07-24 14:26:42,76900.0,100,Buy,226274106
2024-07-24 14:26:48,76900.0,500,Buy,226274420
2024-07-24 14:26:52,76900.0,300,Buy,226274716
2024-07-24 14:26:58,76900.0,600,Buy,226274997
2024-07-24 14:27:14,76900.0,100,Buy,226275935
2024-07-24 14:27:14,76900.0,100,Buy,226275936
2024-07-24 14:27:14,76900.0,400,Buy,226275937
2024-07-24 14:27:32,76900.0,100,Buy,226276904
2024-07-24 14:27:37,76800.0,500,Sell,226277184
2024-07-24 14:27:38,76900.0,200,Buy,226277238
2024-07-24 14:27:38,76900.0,600,Buy,226277239
2024-07-24 14:27:38,76900.0,200,Buy,226277240
2024-07-24 14:27:44,76900.0,300,Buy,226277380
2024-07-24 14:27:50,76800.0,500,Sell,226277771
2024-07-24 14:28:03,76900.0,800,Buy,226278400
2024-07-24 14:28:13,76900.0,100,Buy,226279062
2024-07-24 14:28:22,76900.0,200,Buy,226279449
2024-07-24 14:28:23,76900.0,100,Buy,226279470
2024-07-24 14:28:29,76900.0,200,Buy,226279797
2024-07-24 14:28:40,76900.0,200,Buy,226280344
2024-07-24 14:28:43,76800.0,100,Sell,226280580
2024-07-24 14:28:44,76900.0,200,Buy,226280613
2024-07-24 14:28:47,77000.0,2000,Buy,226280736
2024-07-24 14:28:47,77000.0,300,Buy,226280738
2024-07-24 14:28:47,77000.0,100,Buy,226280737
2024-07-24 14:28:47,77000.0,200,Buy,226280735
2024-07-24 14:28:47,77000.0,3700,Buy,226280739
2024-07-24 14:28:47,76900.0,100,Buy,226280733
2024-07-24 14:28:47,76900.0,200,Buy,226280732
2024-07-24 14:28:47,76900.0,100,Buy,226280731
2024-07-24 14:28:47,76900.0,500,Buy,226280730
2024-07-24 14:28:47,76900.0,2700,Buy,226280729
2024-07-24 14:28:47,77000.0,100,Buy,226280734
2024-07-24 14:28:51,77000.0,200,Buy,226280968
2024-07-24 14:28:51,77000.0,1000,Buy,226280967
2024-07-24 14:28:51,77000.0,100,Buy,226280966
2024-07-24 14:28:51,77000.0,100,Buy,226280965
2024-07-24 14:28:51,77000.0,1000,Buy,226280964
2024-07-24 14:28:51,77000.0,100,Buy,226280969
2024-07-24 14:28:51,77000.0,100,Buy,226280962
2024-07-24 14:28:51,77000.0,200,Buy,226280961
2024-07-24 14:28:51,77000.0,700,Buy,226280960
2024-07-24 14:28:51,77000.0,100,Buy,226280959
2024-07-24 14:28:51,77000.0,6300,Buy,226280958
2024-07-24 14:28:51,77000.0,100,Buy,226280963
2024-07-24 14:29:05,77000.0,100,Buy,226281746
2024-07-24 14:29:07,77300.0,100,Buy,226281893
2024-07-24 14:29:07,77300.0,300,Buy,226281892
2024-07-24 14:29:07,77200.0,300,Buy,226281891
2024-07-24 14:29:07,77100.0,100,Buy,226281889
2024-07-24 14:29:07,77100.0,300,Buy,226281888
2024-07-24 14:29:07,77000.0,300,Buy,226281887
2024-07-24 14:29:07,77100.0,100,Buy,226281890
2024-07-24 14:29:13,76800.0,100,Sell,226282188
2024-07-24 14:29:16,77000.0,200,Sell,226282311
2024-07-24 14:29:16,77300.0,900,Buy,226282314
2024-07-24 14:29:16,77300.0,100,Buy,226282315
2024-07-24 14:29:25,77300.0,100,Buy,226282711
2024-07-24 14:29:25,77300.0,400,Buy,226282712
2024-07-24 14:29:31,77300.0,100,Buy,226282981
2024-07-24 14:44:40,77200.0,67600,ATO/ATC,226284210
