time,price,volume,match_type,id
2024-08-20 09:14:38,77500.0,11000,ATO/ATC,232874035
2024-08-20 09:15:16,77800.0,100,Buy,232874811
2024-08-20 09:15:37,77800.0,100,Buy,232875257
2024-08-20 09:17:13,77800.0,100,Buy,232877566
2024-08-20 09:18:06,77500.0,600,Sell,232878716
2024-08-20 09:18:54,77500.0,500,Sell,232880013
2024-08-20 09:18:54,77500.0,100,Sell,232880012
2024-08-20 09:18:54,77500.0,100,Sell,232880011
2024-08-20 09:18:54,77500.0,1000,Sell,232880010
2024-08-20 09:18:54,77500.0,1300,Sell,232880005
2024-08-20 09:18:54,77500.0,1000,Sell,232880008
2024-08-20 09:18:54,77500.0,100,Sell,232880006
2024-08-20 09:18:54,77500.0,2000,Sell,232880009
2024-08-20 09:18:54,77500.0,100,Sell,232880007
2024-08-20 09:19:07,77500.0,100,Buy,232880438
2024-08-20 09:19:24,77500.0,100,Buy,232880836
2024-08-20 09:19:45,77500.0,100,Buy,232881511
2024-08-20 09:20:08,77400.0,500,Buy,232882058
2024-08-20 09:20:22,77100.0,100,Sell,232882380
2024-08-20 09:21:40,77400.0,100,Buy,232884399
2024-08-20 09:22:00,77400.0,400,Buy,232884854
2024-08-20 09:22:00,77400.0,100,Buy,232884855
2024-08-20 09:22:08,77400.0,100,Buy,232885035
2024-08-20 09:22:32,77200.0,100,Buy,232885719
2024-08-20 09:22:52,77200.0,100,Buy,232886276
2024-08-20 09:23:33,77200.0,200,Sell,232887434
2024-08-20 09:23:59,77200.0,500,Sell,232888173
2024-08-20 09:25:36,77300.0,300,Sell,232890889
2024-08-20 09:26:04,77400.0,200,Buy,232891546
2024-08-20 09:26:11,77300.0,200,Sell,232891749
2024-08-20 09:26:11,77300.0,100,Sell,232891750
2024-08-20 09:26:32,77300.0,100,Buy,232892282
2024-08-20 09:26:36,77400.0,600,Buy,232892385
2024-08-20 09:26:43,77300.0,100,Sell,232892617
2024-08-20 09:26:48,77300.0,100,Sell,232892740
2024-08-20 09:27:05,77400.0,1100,Buy,232893208
2024-08-20 09:27:34,77300.0,100,Sell,232893970
2024-08-20 09:27:42,77400.0,100,Buy,232894177
2024-08-20 09:28:38,77400.0,200,Buy,232895662
2024-08-20 09:28:42,77400.0,100,Buy,232895775
2024-08-20 09:28:47,77400.0,200,Buy,232895921
2024-08-20 09:28:47,77400.0,300,Buy,232895922
2024-08-20 09:29:35,77400.0,500,Buy,232897170
2024-08-20 09:29:35,77400.0,100,Buy,232897171
2024-08-20 09:31:14,77400.0,2400,Sell,232899593
2024-08-20 09:31:14,77400.0,3000,Sell,232899594
2024-08-20 09:31:14,77400.0,500,Sell,232899595
2024-08-20 09:31:19,77400.0,100,Buy,232899678
2024-08-20 09:31:21,77500.0,100,Buy,232899741
2024-08-20 09:32:21,77500.0,100,Buy,232901324
2024-08-20 09:32:30,77500.0,500,Buy,232901641
2024-08-20 09:32:34,77500.0,700,Buy,232901743
2024-08-20 09:33:26,77500.0,1000,Buy,232903166
2024-08-20 09:33:27,77500.0,100,Buy,232903179
2024-08-20 09:34:00,77500.0,200,Buy,232904022
2024-08-20 09:34:01,77500.0,100,Buy,232904048
2024-08-20 09:34:51,77500.0,100,Buy,232905535
2024-08-20 09:35:29,77500.0,100,Buy,232906497
2024-08-20 09:35:53,77400.0,200,Sell,232907114
2024-08-20 09:35:53,77400.0,200,Sell,232907115
2024-08-20 09:36:17,77400.0,600,Sell,232907887
2024-08-20 09:36:17,77400.0,300,Sell,232907885
2024-08-20 09:36:17,77400.0,100,Sell,232907886
2024-08-20 09:36:23,77400.0,400,Sell,232908040
2024-08-20 09:36:23,77400.0,300,Sell,232908041
2024-08-20 09:36:38,77300.0,200,Sell,232908456
2024-08-20 09:36:38,77300.0,500,Sell,232908457
2024-08-20 09:36:38,77300.0,100,Sell,232908458
2024-08-20 09:36:38,77300.0,100,Sell,232908459
2024-08-20 09:36:38,77300.0,2000,Sell,232908463
2024-08-20 09:36:38,77300.0,100,Sell,232908464
2024-08-20 09:36:38,77300.0,500,Sell,232908465
2024-08-20 09:36:38,77300.0,200,Sell,232908466
2024-08-20 09:36:38,77300.0,500,Sell,232908467
2024-08-20 09:36:38,77300.0,100,Sell,232908468
2024-08-20 09:36:42,77400.0,100,Buy,232908551
2024-08-20 09:36:57,77400.0,400,Buy,232908908
2024-08-20 09:37:08,77500.0,100,Buy,232909241
2024-08-20 09:37:27,77500.0,1000,Buy,232909827
2024-08-20 09:38:04,77400.0,100,Sell,232911142
2024-08-20 09:38:04,77400.0,400,Sell,232911143
2024-08-20 09:38:19,77500.0,100,Buy,232911595
2024-08-20 09:38:24,77500.0,9600,Buy,232911804
2024-08-20 09:38:24,77500.0,200,Buy,232911806
2024-08-20 09:38:24,77500.0,100,Buy,232911807
2024-08-20 09:38:32,77500.0,100,Buy,232912074
2024-08-20 09:39:18,77500.0,1800,Buy,232913731
2024-08-20 09:39:18,77500.0,200,Buy,232913733
2024-08-20 09:39:18,77500.0,1000,Buy,232913734
2024-08-20 09:39:22,77500.0,100,Buy,232913800
2024-08-20 09:39:48,77500.0,200,Buy,232914610
2024-08-20 09:39:48,77500.0,100,Buy,232914609
2024-08-20 09:39:58,77800.0,100,Buy,232914875
2024-08-20 09:42:01,77800.0,100,Buy,232918104
2024-08-20 09:42:18,77800.0,100,Buy,232918525
2024-08-20 09:42:35,77800.0,1000,Buy,232919044
2024-08-20 09:43:31,77700.0,100,Sell,232920980
2024-08-20 09:43:43,77800.0,100,Buy,232921537
2024-08-20 09:44:40,77800.0,100,Buy,232923180
2024-08-20 09:45:44,77800.0,1000,Buy,232924849
2024-08-20 09:45:50,77800.0,1300,Buy,232924965
2024-08-20 09:45:50,77800.0,200,Buy,232924964
2024-08-20 09:45:50,77800.0,300,Buy,232924963
2024-08-20 09:45:50,77800.0,300,Buy,232924961
2024-08-20 09:45:50,77800.0,2200,Buy,232924960
2024-08-20 09:45:50,77800.0,500,Buy,232924962
2024-08-20 09:45:55,77800.0,700,Buy,232925096
2024-08-20 09:45:55,77800.0,200,Buy,232925097
2024-08-20 09:45:55,77800.0,1000,Buy,232925098
2024-08-20 09:45:58,77800.0,300,Sell,232925151
2024-08-20 09:46:53,77900.0,100,Buy,232926751
2024-08-20 09:46:53,77900.0,700,Buy,232926752
2024-08-20 09:46:53,77900.0,200,Buy,232926753
2024-08-20 09:47:11,78000.0,200,Buy,232927211
2024-08-20 09:47:20,78000.0,100,Buy,232927528
2024-08-20 09:47:28,78000.0,100,Buy,232927691
2024-08-20 09:47:28,78000.0,100,Buy,232927690
2024-08-20 09:47:28,78000.0,400,Buy,232927689
2024-08-20 09:47:30,78000.0,200,Buy,232927815
2024-08-20 09:47:30,78000.0,300,Buy,232927810
2024-08-20 09:47:30,78000.0,1100,Buy,232927809
2024-08-20 09:47:30,78000.0,300,Buy,232927808
2024-08-20 09:47:30,78000.0,200,Buy,232927807
2024-08-20 09:47:30,78000.0,200,Buy,232927806
2024-08-20 09:47:30,78000.0,400,Buy,232927799
2024-08-20 09:47:30,78000.0,300,Buy,232927804
2024-08-20 09:47:30,78000.0,100,Buy,232927800
2024-08-20 09:47:30,78000.0,100,Buy,232927801
2024-08-20 09:47:30,78000.0,1500,Buy,232927805
2024-08-20 09:47:30,78000.0,100,Buy,232927803
2024-08-20 09:47:30,78000.0,100,Buy,232927802
2024-08-20 09:47:42,78000.0,400,Sell,232928101
2024-08-20 09:47:42,78000.0,100,Sell,232928100
2024-08-20 09:48:04,78000.0,100,Sell,232928739
2024-08-20 09:48:20,78000.0,100,Sell,232929114
2024-08-20 09:48:35,78000.0,700,Buy,232929629
2024-08-20 09:49:29,77900.0,1000,Buy,232931009
2024-08-20 09:50:00,78000.0,100,Buy,232932137
2024-08-20 09:50:00,77800.0,1000,Sell,232932090
2024-08-20 09:50:00,77800.0,200,Sell,232932088
2024-08-20 09:50:00,77800.0,1300,Sell,232932087
2024-08-20 09:50:00,77800.0,500,Sell,232932089
2024-08-20 09:51:58,77900.0,100,Buy,232936153
2024-08-20 09:52:41,78000.0,100,Buy,232937504
2024-08-20 09:52:58,78000.0,200,Buy,232938162
2024-08-20 09:53:04,77900.0,100,Sell,232938359
2024-08-20 09:53:07,77900.0,600,Sell,232938399
2024-08-20 09:53:44,78000.0,100,Buy,232939535
2024-08-20 09:54:33,77900.0,300,Sell,232941022
2024-08-20 09:54:47,77900.0,300,Sell,232941328
2024-08-20 09:54:47,77900.0,100,Sell,232941329
2024-08-20 09:54:57,77900.0,100,Sell,232941558
2024-08-20 09:55:12,77900.0,300,Buy,232941886
2024-08-20 09:55:20,77900.0,100,Buy,232942087
2024-08-20 09:55:27,77900.0,100,Buy,232942310
2024-08-20 09:55:27,77900.0,100,Buy,232942311
2024-08-20 09:55:27,77900.0,100,Buy,232942312
2024-08-20 09:56:03,77900.0,100,Buy,232943381
2024-08-20 09:56:18,77900.0,100,Buy,232943736
2024-08-20 09:56:30,77800.0,100,Sell,232944118
2024-08-20 09:58:00,77900.0,100,Buy,232946765
2024-08-20 10:00:40,77900.0,100,Buy,232951541
2024-08-20 10:00:53,77800.0,100,Sell,232951820
2024-08-20 10:00:53,77800.0,700,Sell,232951818
2024-08-20 10:00:53,77800.0,200,Sell,232951819
2024-08-20 10:02:24,77800.0,100,Sell,232954353
2024-08-20 10:02:29,77800.0,100,Sell,232954539
2024-08-20 10:02:29,77800.0,200,Sell,232954540
2024-08-20 10:02:34,77800.0,100,Sell,232954624
2024-08-20 10:02:35,77800.0,1700,Sell,232954635
2024-08-20 10:02:35,77800.0,100,Sell,232954636
2024-08-20 10:02:35,77800.0,500,Sell,232954637
2024-08-20 10:02:41,77800.0,200,Buy,232954801
2024-08-20 10:03:20,77800.0,100,Buy,232956015
2024-08-20 10:04:14,77800.0,100,Buy,232957297
2024-08-20 10:04:51,77700.0,500,Sell,232958533
2024-08-20 10:04:53,77700.0,200,Sell,232958609
2024-08-20 10:05:06,77700.0,200,Sell,232959039
2024-08-20 10:05:08,77700.0,200,Sell,232959082
2024-08-20 10:05:08,77700.0,100,Sell,232959081
2024-08-20 10:05:08,77700.0,100,Sell,232959083
2024-08-20 10:05:54,77600.0,10000,Sell,232960398
2024-08-20 10:06:00,77600.0,100,Sell,232960530
2024-08-20 10:06:00,77600.0,900,Sell,232960531
2024-08-20 10:06:01,77700.0,100,Buy,232960567
2024-08-20 10:06:19,77600.0,1100,Sell,232961005
2024-08-20 10:06:19,77600.0,100,Sell,232961006
2024-08-20 10:06:19,77600.0,300,Sell,232961007
2024-08-20 10:07:22,77600.0,100,Buy,232962571
2024-08-20 10:08:40,77600.0,100,Buy,232964384
2024-08-20 10:10:27,77600.0,100,Buy,232967185
2024-08-20 10:10:42,77500.0,400,Sell,232967607
2024-08-20 10:11:04,77500.0,200,Sell,232968242
2024-08-20 10:11:10,77500.0,100,Sell,232968392
2024-08-20 10:11:10,77500.0,200,Sell,232968393
2024-08-20 10:11:10,77500.0,100,Sell,232968394
2024-08-20 10:11:20,77600.0,100,Buy,232968731
2024-08-20 10:11:42,77500.0,100,Sell,232969450
2024-08-20 10:11:42,77500.0,500,Sell,232969449
2024-08-20 10:11:42,77500.0,1000,Sell,232969448
2024-08-20 10:11:42,77500.0,100,Sell,232969447
2024-08-20 10:11:42,77500.0,100,Sell,232969446
2024-08-20 10:11:42,77500.0,500,Sell,232969445
2024-08-20 10:11:42,77500.0,200,Sell,232969443
2024-08-20 10:11:42,77500.0,200,Sell,232969442
2024-08-20 10:11:42,77500.0,800,Sell,232969444
2024-08-20 10:11:42,77500.0,200,Sell,232969423
2024-08-20 10:11:42,77500.0,500,Sell,232969438
2024-08-20 10:11:42,77500.0,1000,Sell,232969441
2024-08-20 10:11:42,77500.0,300,Sell,232969440
2024-08-20 10:11:42,77500.0,200,Sell,232969439
2024-08-20 10:11:55,77400.0,100,Sell,232969876
2024-08-20 10:12:02,77400.0,200,Sell,232970075
2024-08-20 10:12:04,77400.0,200,Sell,232970149
2024-08-20 10:12:04,77400.0,300,Sell,232970150
2024-08-20 10:12:19,77400.0,200,Sell,232970610
2024-08-20 10:12:40,77400.0,100,Buy,232971302
2024-08-20 10:12:43,77400.0,100,Buy,232971371
2024-08-20 10:13:00,77400.0,200,Buy,232971840
2024-08-20 10:13:07,77400.0,300,Buy,232972060
2024-08-20 10:13:16,77400.0,200,Buy,232972286
2024-08-20 10:13:21,77400.0,300,Buy,232972480
2024-08-20 10:13:59,77400.0,100,Buy,232973290
2024-08-20 10:14:18,77400.0,100,Buy,232973650
2024-08-20 10:15:30,77400.0,100,Buy,232975740
2024-08-20 10:15:38,77300.0,100,Sell,232975899
2024-08-20 10:15:38,77300.0,500,Sell,232975897
2024-08-20 10:15:38,77300.0,200,Sell,232975898
2024-08-20 10:15:54,77300.0,100,Sell,232976253
2024-08-20 10:15:57,77300.0,100,Sell,232976349
2024-08-20 10:15:57,77300.0,100,Sell,232976348
2024-08-20 10:15:57,77300.0,100,Sell,232976350
2024-08-20 10:16:39,77300.0,100,Buy,232977416
2024-08-20 10:16:53,77200.0,200,Sell,232977751
2024-08-20 10:17:02,77200.0,200,Sell,232977959
2024-08-20 10:17:02,77200.0,200,Sell,232977958
2024-08-20 10:17:02,77200.0,100,Sell,232977955
2024-08-20 10:17:02,77200.0,100,Sell,232977956
2024-08-20 10:17:02,77200.0,100,Sell,232977957
2024-08-20 10:17:12,77200.0,200,Sell,232978199
2024-08-20 10:17:30,77200.0,100,Sell,232978569
2024-08-20 10:17:30,77200.0,100,Sell,232978570
2024-08-20 10:17:30,77200.0,100,Sell,232978571
2024-08-20 10:17:30,77200.0,100,Sell,232978572
2024-08-20 10:17:30,77200.0,500,Sell,232978573
2024-08-20 10:17:30,77200.0,100,Sell,232978574
2024-08-20 10:17:33,77200.0,100,Sell,232978616
2024-08-20 10:17:33,77200.0,100,Sell,232978617
2024-08-20 10:17:33,77200.0,500,Sell,232978614
2024-08-20 10:17:33,77200.0,100,Sell,232978615
2024-08-20 10:17:36,77200.0,500,Sell,232978703
2024-08-20 10:17:36,77200.0,100,Sell,232978704
2024-08-20 10:17:36,77200.0,200,Sell,232978705
2024-08-20 10:17:36,77200.0,100,Sell,232978706
2024-08-20 10:17:36,77200.0,100,Sell,232978702
2024-08-20 10:18:02,77200.0,100,Sell,232979299
2024-08-20 10:18:59,77200.0,100,Sell,232980652
2024-08-20 10:19:20,77200.0,100,Buy,232981061
2024-08-20 10:19:32,77200.0,100,Sell,232981384
2024-08-20 10:19:46,77200.0,100,Buy,232981608
2024-08-20 10:21:59,77300.0,100,Buy,232984678
2024-08-20 10:24:39,77300.0,100,Buy,232987784
2024-08-20 10:24:50,77300.0,100,Buy,232988036
2024-08-20 10:27:19,77300.0,100,Buy,232990715
2024-08-20 10:28:59,77200.0,400,Sell,232992655
2024-08-20 10:29:23,77200.0,300,Sell,232993326
2024-08-20 10:29:30,77200.0,200,Sell,232993467
2024-08-20 10:29:43,77200.0,100,Sell,232993944
2024-08-20 10:29:43,77200.0,100,Sell,232993945
2024-08-20 10:29:43,77200.0,500,Sell,232993946
2024-08-20 10:29:43,77200.0,1800,Sell,232993947
2024-08-20 10:29:59,77300.0,100,Buy,232994507
2024-08-20 10:29:59,77200.0,100,Sell,232994508
2024-08-20 10:30:12,77300.0,400,Buy,232994893
2024-08-20 10:32:12,77300.0,100,Buy,232997235
2024-08-20 10:32:39,77300.0,100,Buy,232997784
2024-08-20 10:34:15,77300.0,1000,Buy,232999449
2024-08-20 10:34:22,77300.0,100,Buy,232999541
2024-08-20 10:34:30,77300.0,200,Buy,232999645
2024-08-20 10:34:55,77300.0,500,Buy,233000015
2024-08-20 10:35:19,77300.0,100,Buy,233000458
2024-08-20 10:35:33,77300.0,800,Buy,233000669
2024-08-20 10:36:14,77300.0,700,Buy,233001420
2024-08-20 10:36:20,77200.0,100,Sell,233001573
2024-08-20 10:37:23,77200.0,300,Sell,233002584
2024-08-20 10:37:59,77300.0,100,Buy,233003119
2024-08-20 10:38:25,77300.0,200,Buy,233003468
2024-08-20 10:38:25,77300.0,1800,Buy,233003469
2024-08-20 10:40:39,77300.0,100,Buy,233005453
2024-08-20 10:40:42,77300.0,100,Buy,233005500
2024-08-20 10:42:29,77200.0,100,Sell,233007042
2024-08-20 10:42:44,77200.0,200,Sell,233007298
2024-08-20 10:43:13,77200.0,100,Sell,233007720
2024-08-20 10:43:13,77200.0,400,Sell,233007721
2024-08-20 10:43:19,77300.0,100,Buy,233007831
2024-08-20 10:44:14,77300.0,100,Buy,233008701
2024-08-20 10:45:13,77300.0,100,Buy,233009532
2024-08-20 10:45:14,77300.0,3700,Buy,233009545
2024-08-20 10:45:14,77300.0,400,Buy,233009546
2024-08-20 10:45:14,77300.0,200,Buy,233009547
2024-08-20 10:45:14,77300.0,400,Buy,233009548
2024-08-20 10:45:14,77300.0,400,Buy,233009549
2024-08-20 10:45:14,77300.0,300,Buy,233009550
2024-08-20 10:45:16,77300.0,700,Buy,233009602
2024-08-20 10:45:16,77300.0,200,Buy,233009601
2024-08-20 10:45:16,77300.0,100,Buy,233009597
2024-08-20 10:45:16,77300.0,300,Buy,233009599
2024-08-20 10:45:16,77300.0,200,Buy,233009598
2024-08-20 10:45:16,77300.0,200,Buy,233009600
2024-08-20 10:45:22,77300.0,100,Buy,233009661
2024-08-20 10:45:22,77300.0,1000,Buy,233009662
2024-08-20 10:45:58,77400.0,100,Buy,233010116
2024-08-20 10:48:06,77400.0,200,Buy,233011809
2024-08-20 10:48:06,77400.0,100,Buy,233011808
2024-08-20 10:48:06,77400.0,300,Buy,233011810
2024-08-20 10:48:06,77400.0,200,Buy,233011806
2024-08-20 10:48:06,77400.0,100,Buy,233011807
2024-08-20 10:48:06,77400.0,200,Buy,233011805
2024-08-20 10:48:38,77500.0,100,Buy,233012241
2024-08-20 10:48:43,77500.0,1000,Buy,233012322
2024-08-20 10:50:14,77400.0,100,Sell,233013495
2024-08-20 10:50:39,77400.0,200,Sell,233013988
2024-08-20 10:51:18,77500.0,100,Buy,233014631
2024-08-20 10:53:58,77500.0,100,Buy,233017527
2024-08-20 10:54:31,77400.0,600,Sell,233018164
2024-08-20 10:54:37,77400.0,200,Sell,233018303
2024-08-20 10:54:41,77400.0,100,Sell,233018371
2024-08-20 10:55:56,77400.0,100,Sell,233020063
2024-08-20 10:56:38,77500.0,100,Buy,233020883
2024-08-20 10:58:09,77400.0,100,Sell,233022527
2024-08-20 10:58:34,77400.0,200,Sell,233023264
2024-08-20 10:59:18,77500.0,100,Buy,233024143
2024-08-20 11:01:35,77400.0,100,Sell,233027202
2024-08-20 11:01:35,77400.0,300,Sell,233027201
2024-08-20 11:01:40,77400.0,100,Sell,233027418
2024-08-20 11:01:58,77500.0,100,Buy,233027881
2024-08-20 11:02:01,77400.0,100,Sell,233027969
2024-08-20 11:02:30,77400.0,1100,Sell,233028612
2024-08-20 11:04:38,77400.0,100,Buy,233031588
2024-08-20 11:05:55,77300.0,1400,Sell,233033182
2024-08-20 11:05:55,77300.0,100,Sell,233033183
2024-08-20 11:06:37,77200.0,400,Sell,233034022
2024-08-20 11:06:37,77200.0,600,Sell,233034024
2024-08-20 11:06:37,77200.0,100,Sell,233034023
2024-08-20 11:06:37,77200.0,100,Sell,233034021
2024-08-20 11:06:37,77200.0,100,Sell,233034019
2024-08-20 11:06:37,77200.0,100,Sell,233034020
2024-08-20 11:06:37,77200.0,600,Sell,233034018
2024-08-20 11:06:53,77200.0,100,Sell,233034396
2024-08-20 11:06:53,77200.0,400,Sell,233034394
2024-08-20 11:06:53,77200.0,1000,Sell,233034395
2024-08-20 11:07:18,77300.0,100,Buy,233034803
2024-08-20 11:08:49,77300.0,500,Buy,233036450
2024-08-20 11:09:58,77300.0,100,Buy,233037749
2024-08-20 11:10:56,77300.0,100,Buy,233038808
2024-08-20 11:10:56,77300.0,100,Buy,233038809
2024-08-20 11:11:45,77300.0,100,Buy,233039576
2024-08-20 11:11:45,77200.0,900,Sell,233039590
2024-08-20 11:11:46,77200.0,1000,Sell,233039601
2024-08-20 11:11:46,77200.0,100,Sell,233039602
2024-08-20 11:12:23,77200.0,300,Sell,233040367
2024-08-20 11:12:38,77300.0,100,Buy,233040615
2024-08-20 11:13:19,77300.0,100,Buy,233041635
2024-08-20 11:13:19,77200.0,300,Sell,233041617
2024-08-20 11:13:19,77200.0,100,Sell,233041615
2024-08-20 11:13:19,77200.0,100,Sell,233041616
2024-08-20 11:13:19,77200.0,900,Sell,233041614
2024-08-20 11:13:38,77300.0,100,Buy,233041936
2024-08-20 11:15:17,77300.0,100,Buy,233043450
2024-08-20 11:16:03,77200.0,200,Sell,233044180
2024-08-20 11:16:03,77200.0,300,Sell,233044181
2024-08-20 11:16:17,77300.0,300,Buy,233044371
2024-08-20 11:16:56,77300.0,1000,Buy,233044862
2024-08-20 11:17:05,77200.0,1700,Sell,233044977
2024-08-20 11:17:05,77200.0,300,Sell,233044976
2024-08-20 11:17:37,77200.0,300,Sell,233045352
2024-08-20 11:17:37,77200.0,100,Sell,233045356
2024-08-20 11:17:37,77200.0,100,Sell,233045353
2024-08-20 11:17:37,77200.0,100,Sell,233045354
2024-08-20 11:17:37,77200.0,2500,Sell,233045355
2024-08-20 11:17:57,77200.0,100,Buy,233045661
2024-08-20 11:18:41,77200.0,100,Buy,233046290
2024-08-20 11:19:57,77200.0,1700,Buy,233047455
2024-08-20 11:19:57,77200.0,200,Buy,233047456
2024-08-20 11:19:57,77200.0,300,Buy,233047457
2024-08-20 11:19:57,77200.0,100,Buy,233047458
2024-08-20 11:20:37,77200.0,100,Buy,233047996
2024-08-20 11:20:44,77200.0,100,Buy,233048068
2024-08-20 11:20:58,77200.0,100,Sell,233048231
2024-08-20 11:20:58,77200.0,200,Sell,233048232
2024-08-20 11:21:09,77200.0,100,Sell,233048354
2024-08-20 11:21:09,77200.0,1400,Sell,233048353
2024-08-20 11:21:20,77200.0,100,Buy,233048485
2024-08-20 11:21:30,77200.0,100,Buy,233048614
2024-08-20 11:21:55,77200.0,100,Buy,233048997
2024-08-20 11:22:14,77200.0,1000,Buy,233049220
2024-08-20 11:22:17,77200.0,500,Buy,233049243
2024-08-20 11:23:01,77200.0,1700,Buy,233049828
2024-08-20 11:23:01,77200.0,1500,Buy,233049829
2024-08-20 11:23:01,77200.0,200,Buy,233049830
2024-08-20 11:23:17,77300.0,100,Buy,233049989
2024-08-20 11:24:13,77200.0,400,Sell,233050750
2024-08-20 11:25:06,77200.0,300,Sell,233051524
2024-08-20 11:25:48,77200.0,200,Sell,233052052
2024-08-20 11:26:17,77200.0,100,Sell,233052529
2024-08-20 11:26:23,77200.0,2500,Sell,233052616
2024-08-20 11:26:30,77300.0,100,Buy,233052719
2024-08-20 11:26:33,77200.0,2000,Sell,233052766
2024-08-20 11:27:37,77300.0,1000,Buy,233053715
2024-08-20 11:28:38,77300.0,100,Buy,233054446
2024-08-20 12:59:38,77100.0,300,Sell,233055194
2024-08-20 12:59:38,77100.0,100,Sell,233055193
2024-08-20 12:59:38,77100.0,500,Sell,233055192
2024-08-20 12:59:38,77100.0,200,Sell,233055191
2024-08-20 12:59:38,77100.0,500,Sell,233055190
2024-08-20 12:59:38,77100.0,500,Sell,233055189
2024-08-20 12:59:38,77100.0,200,Sell,233055188
2024-08-20 12:59:38,77200.0,200,Sell,233055186
2024-08-20 12:59:38,77200.0,100,Sell,233055185
2024-08-20 12:59:38,77200.0,100,Sell,233055184
2024-08-20 12:59:38,77200.0,100,Sell,233055183
2024-08-20 12:59:38,77200.0,100,Sell,233055182
2024-08-20 12:59:38,77200.0,100,Sell,233055181
2024-08-20 12:59:38,77200.0,1100,Sell,233055180
2024-08-20 12:59:38,77100.0,400,Sell,233055187
2024-08-20 12:59:48,77200.0,100,Sell,233058183
2024-08-20 12:59:48,77200.0,200,Sell,233058184
2024-08-20 12:59:50,77200.0,800,Sell,233058410
2024-08-20 13:00:01,77100.0,200,Sell,233059628
2024-08-20 13:00:15,77100.0,200,Sell,233060327
2024-08-20 13:00:45,77100.0,200,Sell,233061598
2024-08-20 13:00:51,77100.0,100,Sell,233061824
2024-08-20 13:01:17,77200.0,200,Buy,233062898
2024-08-20 13:01:17,77200.0,100,Buy,233062899
2024-08-20 13:01:17,77200.0,200,Buy,233062897
2024-08-20 13:01:28,77100.0,2400,Sell,233063311
2024-08-20 13:01:28,77100.0,300,Sell,233063310
2024-08-20 13:01:28,77100.0,100,Sell,233063309
2024-08-20 13:01:28,77100.0,1000,Sell,233063306
2024-08-20 13:01:28,77100.0,100,Sell,233063305
2024-08-20 13:01:28,77100.0,2500,Sell,233063308
2024-08-20 13:01:28,77100.0,100,Sell,233063303
2024-08-20 13:01:28,77100.0,1000,Sell,233063302
2024-08-20 13:01:28,77100.0,600,Sell,233063301
2024-08-20 13:01:28,77100.0,500,Sell,233063300
2024-08-20 13:01:28,77100.0,500,Sell,233063299
2024-08-20 13:01:28,77100.0,500,Sell,233063304
2024-08-20 13:01:28,77100.0,200,Sell,233063307
2024-08-20 13:02:06,77100.0,600,Sell,233064591
2024-08-20 13:02:06,77100.0,100,Sell,233064592
2024-08-20 13:02:06,77100.0,100,Sell,233064593
2024-08-20 13:02:06,77100.0,200,Sell,233064594
2024-08-20 13:02:13,77100.0,400,Sell,233064804
2024-08-20 13:02:13,77000.0,4000,Sell,233064805
2024-08-20 13:02:33,77000.0,1000,Sell,233065398
2024-08-20 13:02:43,77000.0,200,Sell,233065713
2024-08-20 13:03:20,77200.0,100,Buy,233066950
2024-08-20 13:03:55,77200.0,100,Sell,233068336
2024-08-20 13:04:09,77300.0,200,Buy,233068975
2024-08-20 13:04:12,77200.0,300,Sell,233069097
2024-08-20 13:05:03,77200.0,500,Buy,233071280
2024-08-20 13:05:29,77200.0,200,Sell,233072347
2024-08-20 13:05:55,77200.0,200,Buy,233073775
2024-08-20 13:05:57,77200.0,100,Buy,233073829
2024-08-20 13:05:57,77200.0,100,Buy,233073828
2024-08-20 13:06:13,77100.0,100,Sell,233074622
2024-08-20 13:06:16,77200.0,100,Buy,233074746
2024-08-20 13:06:22,77100.0,400,Sell,233075014
2024-08-20 13:06:29,77100.0,200,Sell,233075221
2024-08-20 13:06:32,77100.0,100,Sell,233075352
2024-08-20 13:06:39,77200.0,200,Buy,233075708
2024-08-20 13:06:41,77100.0,500,Sell,233075810
2024-08-20 13:06:41,77100.0,200,Sell,233075818
2024-08-20 13:06:41,77100.0,100,Sell,233075819
2024-08-20 13:06:57,77100.0,100,Sell,233076683
2024-08-20 13:06:57,77100.0,200,Sell,233076684
2024-08-20 13:07:04,77200.0,300,Buy,233077068
2024-08-20 13:07:38,77200.0,100,Buy,233078503
2024-08-20 13:07:38,77200.0,400,Buy,233078502
2024-08-20 13:08:08,77200.0,200,Buy,233079899
2024-08-20 13:08:16,77200.0,100,Buy,233080294
2024-08-20 13:08:16,77200.0,100,Buy,233080295
2024-08-20 13:08:21,77100.0,200,Sell,233080520
2024-08-20 13:08:26,77100.0,100,Sell,233080763
2024-08-20 13:08:28,77200.0,100,Buy,233080867
2024-08-20 13:08:39,77200.0,100,Sell,233081324
2024-08-20 13:08:39,77100.0,500,Sell,233081325
2024-08-20 13:08:39,77100.0,1400,Sell,233081326
2024-08-20 13:08:54,77300.0,100,Buy,233082073
2024-08-20 13:09:30,77200.0,300,Buy,233083642
2024-08-20 13:09:32,77200.0,700,Buy,233083680
2024-08-20 13:10:02,77200.0,300,Sell,233085008
2024-08-20 13:10:20,77100.0,600,Sell,233085859
2024-08-20 13:10:20,77100.0,3000,Sell,233085860
2024-08-20 13:10:20,77100.0,100,Sell,233085861
2024-08-20 13:10:20,77100.0,300,Sell,233085862
2024-08-20 13:10:21,77200.0,300,Buy,233085913
2024-08-20 13:10:23,77200.0,100,Buy,233085985
2024-08-20 13:10:37,77200.0,200,Buy,233086808
2024-08-20 13:10:59,77300.0,200,Buy,233087724
2024-08-20 13:11:09,77300.0,100,Buy,233088263
2024-08-20 13:12:26,77300.0,100,Buy,233091832
2024-08-20 13:12:43,77300.0,100,Buy,233092868
2024-08-20 13:13:13,77300.0,100,Buy,233094715
2024-08-20 13:13:24,77300.0,100,Buy,233095541
2024-08-20 13:13:31,77300.0,200,Buy,233096187
2024-08-20 13:13:31,77300.0,700,Buy,233096188
2024-08-20 13:13:40,77300.0,300,Buy,233096873
2024-08-20 13:13:40,77300.0,200,Buy,233096874
2024-08-20 13:13:40,77300.0,100,Buy,233096875
2024-08-20 13:14:04,77400.0,800,Buy,233099002
2024-08-20 13:14:04,77400.0,100,Buy,233099003
2024-08-20 13:14:04,77400.0,100,Buy,233099004
2024-08-20 13:14:07,77400.0,200,Buy,233099172
2024-08-20 13:14:11,77500.0,200,Buy,233099365
2024-08-20 13:14:11,77500.0,200,Buy,233099363
2024-08-20 13:14:11,77500.0,100,Buy,233099364
2024-08-20 13:14:51,77400.0,500,Sell,233102604
2024-08-20 13:15:00,77500.0,400,Buy,233103464
2024-08-20 13:15:00,77500.0,1000,Buy,233103462
2024-08-20 13:15:00,77500.0,100,Buy,233103463
2024-08-20 13:15:14,77500.0,300,Buy,233104383
2024-08-20 13:15:14,77500.0,100,Buy,233104384
2024-08-20 13:15:14,77500.0,1000,Buy,233104385
2024-08-20 13:15:14,77500.0,800,Buy,233104386
2024-08-20 13:15:14,77500.0,100,Buy,233104387
2024-08-20 13:15:14,77500.0,700,Buy,233104388
2024-08-20 13:15:20,77500.0,300,Buy,233104822
2024-08-20 13:15:20,77500.0,200,Buy,233104823
2024-08-20 13:15:27,77500.0,100,Sell,233105282
2024-08-20 13:15:38,77500.0,100,Sell,233105935
2024-08-20 13:15:39,77600.0,100,Buy,233106051
2024-08-20 13:15:55,77600.0,100,Buy,233107231
2024-08-20 13:15:55,77600.0,100,Buy,233107232
2024-08-20 13:16:06,77600.0,900,Buy,233107865
2024-08-20 13:16:32,77600.0,200,Buy,233109335
2024-08-20 13:16:49,77600.0,2800,Sell,233110198
2024-08-20 13:16:51,77600.0,1500,Buy,233110268
2024-08-20 13:16:57,77600.0,200,Buy,233110466
2024-08-20 13:17:01,77600.0,100,Buy,233110637
2024-08-20 13:17:09,77600.0,1500,Buy,233111084
2024-08-20 13:17:46,77500.0,400,Sell,233112961
2024-08-20 13:17:46,77500.0,100,Sell,233112959
2024-08-20 13:17:46,77500.0,500,Sell,233112960
2024-08-20 13:17:54,77600.0,100,Buy,233113286
2024-08-20 13:17:58,77500.0,600,Sell,233113435
2024-08-20 13:17:58,77500.0,1000,Sell,233113436
2024-08-20 13:17:58,77500.0,700,Sell,233113437
2024-08-20 13:19:31,77500.0,2300,Sell,233118043
2024-08-20 13:19:31,77500.0,200,Sell,233118044
2024-08-20 13:19:31,77500.0,1000,Sell,233118045
2024-08-20 13:19:31,77500.0,600,Sell,233118046
2024-08-20 13:19:31,77500.0,300,Sell,233118047
2024-08-20 13:19:31,77500.0,100,Sell,233118048
2024-08-20 13:19:31,77500.0,2900,Sell,233118049
2024-08-20 13:19:31,77500.0,1000,Sell,233118050
2024-08-20 13:20:09,77500.0,100,Buy,233119601
2024-08-20 13:20:20,77500.0,200,Buy,233120018
2024-08-20 13:20:20,77500.0,1500,Buy,233120015
2024-08-20 13:20:20,77500.0,100,Buy,233120016
2024-08-20 13:20:20,77500.0,200,Buy,233120017
2024-08-20 13:21:32,77400.0,300,Sell,233122508
2024-08-20 13:21:32,77400.0,100,Sell,233122509
2024-08-20 13:21:32,77400.0,100,Sell,233122510
2024-08-20 13:21:32,77400.0,1000,Sell,233122511
2024-08-20 13:21:57,77400.0,100,Sell,233123315
2024-08-20 13:21:57,77400.0,100,Sell,233123316
2024-08-20 13:22:24,77400.0,100,Buy,233124295
2024-08-20 13:22:48,77400.0,700,Buy,233125205
2024-08-20 13:22:48,77400.0,300,Buy,233125206
2024-08-20 13:23:36,77400.0,300,Sell,233126673
2024-08-20 13:24:18,77400.0,1000,Buy,233127975
2024-08-20 13:24:27,77400.0,300,Buy,233128318
2024-08-20 13:24:39,77400.0,100,Buy,233128707
2024-08-20 13:24:51,77400.0,1000,Buy,233129155
2024-08-20 13:25:11,77300.0,100,Sell,233129777
2024-08-20 13:26:20,77300.0,100,Sell,233131956
2024-08-20 13:26:54,77300.0,100,Buy,233133248
2024-08-20 13:27:20,77300.0,100,Buy,233134284
2024-08-20 13:27:37,77300.0,200,Buy,233135048
2024-08-20 13:27:37,77300.0,100,Buy,233135049
2024-08-20 13:27:37,77300.0,500,Buy,233135050
2024-08-20 13:27:40,77300.0,100,Sell,233135235
2024-08-20 13:27:58,77300.0,200,Sell,233136150
2024-08-20 13:28:57,77300.0,800,Sell,233139929
2024-08-20 13:29:08,77400.0,100,Buy,233140736
2024-08-20 13:29:11,77300.0,300,Sell,233140885
2024-08-20 13:29:55,77400.0,200,Buy,233143871
2024-08-20 13:29:55,77400.0,1700,Buy,233143869
2024-08-20 13:29:55,77400.0,100,Buy,233143870
2024-08-20 13:30:10,77500.0,100,Buy,233144813
2024-08-20 13:30:10,77500.0,100,Buy,233144814
2024-08-20 13:31:22,77500.0,100,Sell,233149743
2024-08-20 13:31:23,77600.0,100,Buy,233149790
2024-08-20 13:31:25,77500.0,100,Sell,233149934
2024-08-20 13:31:55,77500.0,200,Sell,233151898
2024-08-20 13:32:24,77500.0,400,Sell,233153834
2024-08-20 13:32:24,77500.0,100,Sell,233153835
2024-08-20 13:32:34,77500.0,200,Sell,233154516
2024-08-20 13:32:45,77500.0,200,Sell,233155231
2024-08-20 13:32:45,77500.0,200,Sell,233155230
2024-08-20 13:32:45,77500.0,100,Sell,233155228
2024-08-20 13:32:45,77500.0,300,Sell,233155229
2024-08-20 13:32:45,77500.0,1200,Sell,233155227
2024-08-20 13:32:51,77500.0,200,Buy,233155657
2024-08-20 13:33:21,77500.0,600,Buy,233157377
2024-08-20 13:33:38,77600.0,100,Buy,233158451
2024-08-20 13:34:29,77600.0,100,Buy,233161485
2024-08-20 13:34:29,77600.0,100,Buy,233161486
2024-08-20 13:35:07,77700.0,1000,Buy,233163744
2024-08-20 13:35:07,77700.0,100,Buy,233163745
2024-08-20 13:35:07,77700.0,600,Buy,233163746
2024-08-20 13:35:36,77700.0,100,Sell,233165972
2024-08-20 13:35:42,77700.0,200,Sell,233166368
2024-08-20 13:35:53,77700.0,100,Buy,233166984
2024-08-20 13:36:02,77700.0,2000,Buy,233167547
2024-08-20 13:36:37,77700.0,5000,Buy,233169309
2024-08-20 13:36:39,77700.0,100,Buy,233169395
2024-08-20 13:36:59,77700.0,200,Buy,233170463
2024-08-20 13:37:41,77700.0,1000,Buy,233173176
2024-08-20 13:38:02,77700.0,100,Buy,233174428
2024-08-20 13:38:08,77700.0,100,Buy,233174729
2024-08-20 13:38:47,77700.0,700,Buy,233177050
2024-08-20 13:39:31,77600.0,2000,Sell,233179221
2024-08-20 13:39:31,77600.0,3000,Sell,233179222
2024-08-20 13:39:31,77600.0,500,Sell,233179223
2024-08-20 13:39:38,77600.0,300,Sell,233179610
2024-08-20 13:39:57,77600.0,300,Buy,233180460
2024-08-20 13:39:57,77600.0,200,Buy,233180459
2024-08-20 13:39:57,77600.0,500,Buy,233180458
2024-08-20 13:40:20,77600.0,500,Buy,233181473
2024-08-20 13:40:23,77600.0,100,Buy,233181629
2024-08-20 13:40:36,77500.0,2400,Sell,233182234
2024-08-20 13:40:36,77500.0,300,Sell,233182235
2024-08-20 13:40:36,77500.0,100,Sell,233182236
2024-08-20 13:41:32,77500.0,1000,Buy,233184736
2024-08-20 13:42:17,77500.0,200,Buy,233186909
2024-08-20 13:42:38,77500.0,100,Buy,233187824
2024-08-20 13:43:10,77400.0,100,Sell,233189438
2024-08-20 13:43:48,77400.0,200,Sell,233191217
2024-08-20 13:43:56,77400.0,200,Sell,233191442
2024-08-20 13:43:57,77400.0,200,Sell,233191465
2024-08-20 13:44:08,77400.0,500,Sell,233191875
2024-08-20 13:44:44,77400.0,900,Sell,233193420
2024-08-20 13:44:53,77500.0,100,Buy,233193821
2024-08-20 13:45:03,77500.0,100,Buy,233194243
2024-08-20 13:45:43,77500.0,200,Buy,233195652
2024-08-20 13:45:49,77500.0,100,Buy,233195866
2024-08-20 13:45:59,77500.0,100,Buy,233196302
2024-08-20 13:46:12,77500.0,1000,Buy,233196744
2024-08-20 13:46:27,77500.0,900,Buy,233197322
2024-08-20 13:47:08,77500.0,100,Buy,233198939
2024-08-20 13:47:17,77500.0,2000,Buy,233199301
2024-08-20 13:49:14,77500.0,500,Buy,233204705
2024-08-20 13:49:23,77500.0,100,Buy,233205172
2024-08-20 13:50:25,77400.0,100,Sell,233208127
2024-08-20 13:50:56,77400.0,2800,Sell,233209883
2024-08-20 13:50:56,77400.0,1000,Sell,233209881
2024-08-20 13:50:56,77400.0,800,Sell,233209880
2024-08-20 13:50:56,77400.0,400,Sell,233209882
2024-08-20 13:51:13,77400.0,400,Sell,233210791
2024-08-20 13:51:38,77500.0,100,Buy,233212294
2024-08-20 13:52:16,77500.0,100,Buy,233214721
2024-08-20 13:53:17,77500.0,100,Buy,233218294
2024-08-20 13:53:28,77500.0,400,Buy,233218940
2024-08-20 13:53:28,77500.0,600,Buy,233218941
2024-08-20 13:53:53,77500.0,100,Buy,233220539
2024-08-20 13:54:15,77500.0,300,Buy,233221938
2024-08-20 13:54:16,77500.0,2000,Buy,233221994
2024-08-20 13:54:17,77500.0,100,Buy,233222040
2024-08-20 13:54:43,77500.0,1000,Buy,233223989
2024-08-20 13:54:47,77500.0,1000,Buy,233224315
2024-08-20 13:54:57,77500.0,2000,Buy,233224922
2024-08-20 13:54:58,77500.0,2000,Buy,233224959
2024-08-20 13:54:58,77500.0,100,Buy,233224960
2024-08-20 13:54:58,77500.0,100,Buy,233224961
2024-08-20 13:54:58,77500.0,1300,Buy,233224962
2024-08-20 13:54:58,77500.0,600,Buy,233224963
2024-08-20 13:54:58,77500.0,200,Buy,233224964
2024-08-20 13:54:58,77500.0,100,Buy,233224974
2024-08-20 13:54:58,77500.0,1300,Buy,233224975
2024-08-20 13:54:58,77500.0,100,Buy,233224976
2024-08-20 13:54:58,77500.0,2000,Buy,233224977
2024-08-20 13:54:58,77500.0,1400,Buy,233224958
2024-08-20 13:55:30,77600.0,100,Buy,233227169
2024-08-20 13:55:39,77600.0,200,Buy,233227782
2024-08-20 13:56:08,77600.0,100,Buy,233229385
2024-08-20 13:56:09,77600.0,100,Buy,233229435
2024-08-20 13:56:09,77600.0,700,Buy,233229432
2024-08-20 13:56:09,77600.0,400,Buy,233229433
2024-08-20 13:56:09,77600.0,200,Buy,233229434
2024-08-20 13:56:18,77700.0,500,Buy,233230001
2024-08-20 13:56:18,77700.0,200,Buy,233230002
2024-08-20 13:56:18,77700.0,100,Buy,233230003
2024-08-20 13:56:18,77700.0,200,Buy,233230004
2024-08-20 13:56:40,77600.0,200,Sell,233231142
2024-08-20 13:57:29,77700.0,800,Buy,233233820
2024-08-20 13:57:45,77600.0,1900,Sell,233234655
2024-08-20 13:58:23,77700.0,100,Buy,233236607
2024-08-20 13:58:31,77700.0,200,Buy,233236997
2024-08-20 13:58:31,77700.0,800,Buy,233236998
2024-08-20 13:59:34,77700.0,100,Buy,233240314
2024-08-20 13:59:47,77700.0,100,Buy,233241018
2024-08-20 13:59:56,77700.0,100,Buy,233241450
2024-08-20 14:00:38,77700.0,100,Buy,233243466
2024-08-20 14:00:43,77700.0,100,Buy,233243809
2024-08-20 14:00:53,77700.0,400,Buy,233244208
2024-08-20 14:00:53,77700.0,600,Buy,233244209
2024-08-20 14:02:53,77800.0,100,Buy,233249610
2024-08-20 14:02:54,77700.0,200,Sell,233249663
2024-08-20 14:03:34,77700.0,1500,Sell,233251798
2024-08-20 14:03:41,77700.0,100,Sell,233252076
2024-08-20 14:03:43,77700.0,200,Sell,233252246
2024-08-20 14:03:43,77700.0,100,Sell,233252247
2024-08-20 14:03:43,77700.0,700,Sell,233252248
2024-08-20 14:03:47,77700.0,100,Sell,233252396
2024-08-20 14:03:47,77700.0,300,Sell,233252395
2024-08-20 14:04:22,77700.0,1000,Buy,233254267
2024-08-20 14:04:27,77700.0,3600,Buy,233254554
2024-08-20 14:04:27,77700.0,700,Buy,233254555
2024-08-20 14:04:27,77700.0,500,Buy,233254556
2024-08-20 14:04:27,77800.0,100,Buy,233254557
2024-08-20 14:04:27,77800.0,100,Buy,233254558
2024-08-20 14:04:36,77600.0,200,Sell,233254963
2024-08-20 14:05:08,77800.0,100,Buy,233256564
2024-08-20 14:05:10,77700.0,100,Sell,233256640
2024-08-20 14:05:25,77700.0,100,Buy,233257273
2024-08-20 14:05:38,77700.0,1000,Buy,233257838
2024-08-20 14:05:40,77700.0,1000,Buy,233257908
2024-08-20 14:05:53,77700.0,1800,Buy,233258574
2024-08-20 14:07:19,77700.0,700,Sell,233262189
2024-08-20 14:07:19,77700.0,500,Sell,233262188
2024-08-20 14:07:19,77700.0,200,Sell,233262187
2024-08-20 14:07:23,77700.0,100,Buy,233262329
2024-08-20 14:07:32,77700.0,100,Buy,233262677
2024-08-20 14:07:34,77600.0,1300,Sell,233262764
2024-08-20 14:07:34,77600.0,100,Sell,233262765
2024-08-20 14:08:15,77700.0,100,Buy,233264553
2024-08-20 14:08:25,77600.0,200,Sell,233265015
2024-08-20 14:08:55,77600.0,200,Sell,233266277
2024-08-20 14:09:37,77700.0,100,Buy,233267894
2024-08-20 14:10:19,77700.0,500,Buy,233269764
2024-08-20 14:11:42,77700.0,300,Buy,233273593
2024-08-20 14:11:52,77700.0,100,Buy,233274260
2024-08-20 14:12:05,77600.0,400,Sell,233275019
2024-08-20 14:12:05,77600.0,3000,Sell,233275018
2024-08-20 14:12:05,77600.0,1000,Sell,233275015
2024-08-20 14:12:05,77600.0,100,Sell,233275016
2024-08-20 14:12:05,77600.0,500,Sell,233275017
2024-08-20 14:12:06,77600.0,300,Sell,233275057
2024-08-20 14:12:11,77600.0,300,Sell,233275291
2024-08-20 14:12:50,77600.0,500,Sell,233277322
2024-08-20 14:12:58,77600.0,2000,Sell,233277920
2024-08-20 14:12:58,77600.0,500,Sell,233277919
2024-08-20 14:12:58,77600.0,600,Sell,233277918
2024-08-20 14:12:58,77600.0,100,Sell,233277921
2024-08-20 14:12:58,77600.0,300,Sell,233277916
2024-08-20 14:12:58,77600.0,400,Sell,233277915
2024-08-20 14:12:58,77600.0,100,Sell,233277909
2024-08-20 14:12:58,77600.0,100,Sell,233277917
2024-08-20 14:13:33,77600.0,100,Buy,233280001
2024-08-20 14:14:07,77600.0,100,Buy,233282004
2024-08-20 14:14:17,77500.0,1000,Sell,233282403
2024-08-20 14:14:17,77500.0,200,Sell,233282404
2024-08-20 14:14:17,77500.0,1000,Sell,233282405
2024-08-20 14:14:17,77500.0,1800,Sell,233282406
2024-08-20 14:14:27,77500.0,8200,Sell,233282898
2024-08-20 14:14:27,77500.0,100,Sell,233282899
2024-08-20 14:14:27,77500.0,500,Sell,233282900
2024-08-20 14:14:27,77500.0,200,Sell,233282901
2024-08-20 14:14:28,77500.0,100,Sell,233282940
2024-08-20 14:14:28,77500.0,200,Sell,233282941
2024-08-20 14:14:28,77500.0,200,Sell,233282938
2024-08-20 14:14:28,77500.0,300,Sell,233282937
2024-08-20 14:14:28,77500.0,100,Sell,233282939
2024-08-20 14:14:52,77500.0,200,Sell,233284252
2024-08-20 14:15:04,77500.0,500,Sell,233284711
2024-08-20 14:15:23,77500.0,100,Buy,233285684
2024-08-20 14:15:37,77500.0,100,Buy,233286550
2024-08-20 14:15:44,77500.0,100,Buy,233286818
2024-08-20 14:16:22,77500.0,100,Buy,233289058
2024-08-20 14:16:56,77400.0,100,Sell,233290745
2024-08-20 14:16:56,77400.0,400,Sell,233290744
2024-08-20 14:16:56,77400.0,100,Sell,233290743
2024-08-20 14:16:56,77400.0,100,Sell,233290741
2024-08-20 14:16:56,77400.0,2000,Sell,233290742
2024-08-20 14:16:56,77400.0,100,Sell,233290739
2024-08-20 14:16:56,77400.0,100,Sell,233290738
2024-08-20 14:16:56,77400.0,100,Sell,233290737
2024-08-20 14:16:56,77400.0,1800,Sell,233290734
2024-08-20 14:16:56,77400.0,5000,Sell,233290740
2024-08-20 14:17:36,77300.0,800,Sell,233292638
2024-08-20 14:17:46,77300.0,500,Sell,233293174
2024-08-20 14:17:47,77300.0,200,Sell,233293212
2024-08-20 14:18:19,77300.0,1300,Sell,233294635
2024-08-20 14:18:19,77300.0,1000,Sell,233294636
2024-08-20 14:18:19,77300.0,100,Sell,233294637
2024-08-20 14:18:19,77300.0,1000,Sell,233294638
2024-08-20 14:18:19,77300.0,100,Sell,233294639
2024-08-20 14:18:19,77300.0,1700,Sell,233294640
2024-08-20 14:18:23,77300.0,200,Sell,233294852
2024-08-20 14:18:23,77400.0,200,Buy,233294831
2024-08-20 14:18:23,77400.0,200,Buy,233294832
2024-08-20 14:18:23,77300.0,300,Sell,233294851
2024-08-20 14:18:29,77300.0,500,Sell,233295128
2024-08-20 14:18:29,77300.0,100,Sell,233295124
2024-08-20 14:18:30,77300.0,100,Sell,233295147
2024-08-20 14:18:30,77300.0,200,Sell,233295148
2024-08-20 14:18:36,77300.0,200,Sell,233295396
2024-08-20 14:18:37,77400.0,100,Buy,233295449
2024-08-20 14:20:04,77400.0,100,Buy,233299294
2024-08-20 14:20:25,77400.0,500,Buy,233300122
2024-08-20 14:20:37,77200.0,400,Sell,233300788
2024-08-20 14:20:37,77200.0,100,Sell,233300787
2024-08-20 14:20:37,77200.0,100,Sell,233300786
2024-08-20 14:20:37,77200.0,100,Sell,233300785
2024-08-20 14:20:37,77300.0,1000,Sell,233300783
2024-08-20 14:20:37,77300.0,1000,Sell,233300781
2024-08-20 14:20:37,77300.0,200,Sell,233300780
2024-08-20 14:20:37,77300.0,100,Sell,233300779
2024-08-20 14:20:37,77200.0,1000,Sell,233300784
2024-08-20 14:20:37,77300.0,1000,Sell,233300782
2024-08-20 14:20:52,77400.0,100,Buy,233301356
2024-08-20 14:21:02,77200.0,500,Sell,233301765
2024-08-20 14:21:02,77200.0,1000,Sell,233301768
2024-08-20 14:21:02,77200.0,100,Sell,233301767
2024-08-20 14:21:02,77200.0,1000,Sell,233301766
2024-08-20 14:21:02,77200.0,200,Sell,233301764
2024-08-20 14:21:02,77200.0,100,Sell,233301762
2024-08-20 14:21:02,77200.0,200,Sell,233301761
2024-08-20 14:21:02,77200.0,100,Sell,233301760
2024-08-20 14:21:02,77300.0,100,Sell,233301759
2024-08-20 14:21:02,77300.0,100,Sell,233301758
2024-08-20 14:21:02,77200.0,500,Sell,233301763
2024-08-20 14:21:04,77200.0,200,Buy,233301833
2024-08-20 14:21:08,77200.0,900,Buy,233301994
2024-08-20 14:21:09,77200.0,100,Sell,233302016
2024-08-20 14:21:38,77400.0,400,Buy,233303045
2024-08-20 14:22:08,77200.0,600,Sell,233304161
2024-08-20 14:22:08,77200.0,1400,Sell,233304162
2024-08-20 14:22:13,77400.0,1000,Buy,233304418
2024-08-20 14:22:21,77200.0,300,Sell,233304668
2024-08-20 14:22:22,77200.0,300,Sell,233304701
2024-08-20 14:22:22,77200.0,300,Sell,233304698
2024-08-20 14:22:22,77200.0,200,Sell,233304699
2024-08-20 14:22:22,77200.0,100,Sell,233304700
2024-08-20 14:22:40,77200.0,1000,Buy,233305283
2024-08-20 14:22:46,77200.0,100,Buy,233305475
2024-08-20 14:22:57,77200.0,700,Buy,233305839
2024-08-20 14:23:07,77400.0,100,Buy,233306184
2024-08-20 14:23:59,77400.0,100,Buy,233308171
2024-08-20 14:24:03,77200.0,100,Sell,233308276
2024-08-20 14:24:13,77200.0,100,Sell,233308585
2024-08-20 14:24:13,77200.0,500,Sell,233308584
2024-08-20 14:24:13,77200.0,1000,Sell,233308582
2024-08-20 14:24:13,77200.0,300,Sell,233308583
2024-08-20 14:24:13,77200.0,300,Sell,233308580
2024-08-20 14:24:13,77200.0,500,Sell,233308579
2024-08-20 14:24:13,77200.0,100,Sell,233308578
2024-08-20 14:24:13,77200.0,1700,Sell,233308577
2024-08-20 14:24:13,77200.0,300,Sell,233308581
2024-08-20 14:24:17,77200.0,100,Buy,233308704
2024-08-20 14:24:28,77200.0,100,Buy,233309181
2024-08-20 14:24:30,77200.0,200,Buy,233309270
2024-08-20 14:25:00,77200.0,100,Sell,233310313
2024-08-20 14:25:22,77300.0,100,Buy,233311144
2024-08-20 14:25:56,77300.0,100,Buy,233312452
2024-08-20 14:26:56,77300.0,100,Sell,233314824
2024-08-20 14:26:56,77300.0,1000,Sell,233314823
2024-08-20 14:26:56,77300.0,500,Sell,233314821
2024-08-20 14:26:56,77300.0,300,Sell,233314820
2024-08-20 14:26:56,77300.0,100,Sell,233314822
2024-08-20 14:27:29,77200.0,100,Sell,233316328
2024-08-20 14:27:29,77200.0,100,Sell,233316334
2024-08-20 14:27:29,77200.0,500,Sell,233316333
2024-08-20 14:27:29,77200.0,100,Sell,233316332
2024-08-20 14:27:29,77200.0,100,Sell,233316330
2024-08-20 14:27:29,77200.0,100,Sell,233316329
2024-08-20 14:27:29,77200.0,200,Sell,233316327
2024-08-20 14:27:29,77200.0,100,Sell,233316331
2024-08-20 14:27:29,77200.0,100,Sell,233316325
2024-08-20 14:27:29,77200.0,500,Sell,233316324
2024-08-20 14:27:29,77200.0,200,Sell,233316323
2024-08-20 14:27:29,77200.0,200,Sell,233316322
2024-08-20 14:27:29,77200.0,200,Sell,233316321
2024-08-20 14:27:29,77300.0,100,Sell,233316320
2024-08-20 14:27:29,77300.0,100,Sell,233316319
2024-08-20 14:27:29,77300.0,100,Sell,233316318
2024-08-20 14:27:29,77200.0,400,Sell,233316326
2024-08-20 14:27:37,77200.0,100,Buy,233316684
2024-08-20 14:27:42,77200.0,100,Buy,233316956
2024-08-20 14:27:43,77200.0,100,Buy,233316999
2024-08-20 14:27:59,77200.0,1000,Buy,233317622
2024-08-20 14:28:00,77200.0,100,Buy,233317668
2024-08-20 14:28:04,77200.0,400,Buy,233317835
2024-08-20 14:28:04,77200.0,200,Buy,233317836
2024-08-20 14:28:11,77200.0,600,Sell,233318097
2024-08-20 14:28:11,77200.0,400,Sell,233318096
2024-08-20 14:28:24,77200.0,100,Sell,233318718
2024-08-20 14:28:24,77200.0,500,Sell,233318719
2024-08-20 14:28:24,77200.0,1400,Sell,233318720
2024-08-20 14:28:38,77200.0,1000,Sell,233319344
2024-08-20 14:28:44,77300.0,500,Buy,233319693
2024-08-20 14:29:01,77200.0,100,Sell,233320580
2024-08-20 14:29:01,77200.0,100,Sell,233320581
2024-08-20 14:29:01,77200.0,200,Sell,233320582
2024-08-20 14:29:01,77200.0,300,Sell,233320583
2024-08-20 14:29:01,77200.0,300,Sell,233320584
2024-08-20 14:29:16,77200.0,100,Sell,233321351
2024-08-20 14:29:16,77200.0,100,Sell,233321358
2024-08-20 14:29:16,77200.0,500,Sell,233321359
2024-08-20 14:29:16,77200.0,300,Sell,233321360
2024-08-20 14:44:39,77200.0,16500,ATO/ATC,233323591
