time,price,volume,match_type,id
2024-08-16 09:14:38,72300.0,1800,ATO/ATC,231987830
2024-08-16 09:15:32,72300.0,100,Buy,231988680
2024-08-16 09:15:37,72300.0,100,Buy,231988772
2024-08-16 09:15:55,72000.0,300,Sell,231989075
2024-08-16 09:15:55,72000.0,5000,Sell,231989076
2024-08-16 09:16:44,72000.0,3000,Buy,231990146
2024-08-16 09:16:55,72000.0,100,Buy,231990367
2024-08-16 09:17:49,71900.0,100,Buy,231991690
2024-08-16 09:20:00,72000.0,200,Buy,231994386
2024-08-16 09:20:12,72000.0,1400,Buy,231994640
2024-08-16 09:20:12,72000.0,500,Buy,231994641
2024-08-16 09:20:12,72000.0,100,Buy,231994642
2024-08-16 09:20:12,72000.0,1000,Buy,231994643
2024-08-16 09:21:15,72000.0,2000,Sell,231995936
2024-08-16 09:21:15,72000.0,100,Sell,231995937
2024-08-16 09:21:40,72000.0,500,Buy,231996362
2024-08-16 09:22:31,72000.0,100,Buy,231997271
2024-08-16 09:22:38,72000.0,100,Buy,231997372
2024-08-16 09:23:06,71800.0,1600,Sell,231997751
2024-08-16 09:23:06,71800.0,500,Sell,231997748
2024-08-16 09:23:06,71900.0,100,Sell,231997747
2024-08-16 09:23:06,71900.0,100,Sell,231997746
2024-08-16 09:23:06,71800.0,4000,Sell,231997750
2024-08-16 09:23:06,71900.0,500,Sell,231997744
2024-08-16 09:23:06,71900.0,1000,Sell,231997745
2024-08-16 09:23:06,71900.0,500,Sell,231997740
2024-08-16 09:23:06,71900.0,100,Sell,231997741
2024-08-16 09:23:06,71800.0,500,Sell,231997749
2024-08-16 09:23:06,71900.0,1000,Sell,231997742
2024-08-16 09:23:06,71900.0,100,Sell,231997743
2024-08-16 09:23:57,71800.0,400,Sell,231998710
2024-08-16 09:24:59,71900.0,100,Buy,231999886
2024-08-16 09:26:08,71900.0,400,Buy,232001044
2024-08-16 09:26:08,71900.0,600,Buy,232001045
2024-08-16 09:26:21,71900.0,100,Buy,232001221
2024-08-16 09:26:23,71900.0,200,Sell,232001285
2024-08-16 09:27:55,71900.0,100,Buy,232002854
2024-08-16 09:27:59,71900.0,200,Buy,232002902
2024-08-16 09:28:07,71900.0,600,Buy,232003038
2024-08-16 09:30:24,71900.0,400,Sell,232005420
2024-08-16 09:30:24,71900.0,200,Sell,232005421
2024-08-16 09:30:24,71900.0,1000,Sell,232005422
2024-08-16 09:31:15,71900.0,3000,Buy,232006206
2024-08-16 09:31:41,71900.0,400,Buy,232006598
2024-08-16 09:31:41,71900.0,100,Buy,232006599
2024-08-16 09:31:41,71900.0,300,Buy,232006600
2024-08-16 09:31:50,71900.0,100,Buy,232006741
2024-08-16 09:32:06,71900.0,100,Buy,232006941
2024-08-16 09:32:10,71900.0,100,Buy,232006995
2024-08-16 09:33:41,71900.0,500,Buy,232008902
2024-08-16 09:33:58,71900.0,100,Buy,232009130
2024-08-16 09:34:03,71900.0,100,Buy,232009212
2024-08-16 09:34:15,71900.0,400,Buy,232009565
2024-08-16 09:34:18,71900.0,100,Buy,232009658
2024-08-16 09:34:23,71900.0,200,Buy,232009739
2024-08-16 09:34:56,71900.0,300,Buy,232010537
2024-08-16 09:36:59,71900.0,100,Buy,232013556
2024-08-16 09:37:20,71900.0,600,Buy,232014224
2024-08-16 09:37:20,71900.0,1900,Buy,232014223
2024-08-16 09:38:05,71900.0,100,Buy,232015581
2024-08-16 09:38:57,72000.0,200,Buy,232017300
2024-08-16 09:39:18,72000.0,100,Buy,232018095
2024-08-16 09:40:13,72000.0,6900,Buy,232020934
2024-08-16 09:40:13,72000.0,100,Buy,232020935
2024-08-16 09:40:13,72000.0,1000,Buy,232020936
2024-08-16 09:40:13,72000.0,1500,Buy,232020937
2024-08-16 09:40:13,72000.0,300,Buy,232020938
2024-08-16 09:40:13,72000.0,200,Buy,232020939
2024-08-16 09:40:19,72000.0,300,Buy,232021266
2024-08-16 09:40:19,72000.0,200,Buy,232021267
2024-08-16 09:41:36,72200.0,100,Buy,232024854
2024-08-16 09:41:36,72300.0,500,Buy,232024855
2024-08-16 09:41:36,72400.0,100,Buy,232024856
2024-08-16 09:42:34,72400.0,100,Buy,232027487
2024-08-16 09:42:41,72400.0,500,Buy,232027834
2024-08-16 09:43:07,72500.0,17200,Buy,232028831
2024-08-16 09:43:07,72500.0,500,Buy,232028830
2024-08-16 09:43:07,72400.0,600,Buy,232028829
2024-08-16 09:43:07,72400.0,100,Buy,232028827
2024-08-16 09:43:07,72400.0,200,Buy,232028826
2024-08-16 09:43:07,72400.0,300,Buy,232028825
2024-08-16 09:43:07,72400.0,100,Buy,232028828
2024-08-16 09:43:19,72500.0,500,Buy,232029252
2024-08-16 09:43:26,72500.0,1500,Buy,232029544
2024-08-16 09:43:40,72500.0,100,Buy,232030239
2024-08-16 09:43:41,72500.0,100,Buy,232030274
2024-08-16 09:43:54,72500.0,200,Buy,232030823
2024-08-16 09:43:54,72500.0,100,Buy,232030822
2024-08-16 09:43:54,72600.0,2400,Buy,232030825
2024-08-16 09:43:54,72500.0,1000,Buy,232030820
2024-08-16 09:43:54,72500.0,200,Buy,232030821
2024-08-16 09:43:54,72600.0,500,Buy,232030824
2024-08-16 09:43:54,72500.0,600,Buy,232030819
2024-08-16 09:44:11,72600.0,500,Buy,232031384
2024-08-16 09:45:00,72600.0,100,Buy,232033095
2024-08-16 09:45:19,72600.0,100,Buy,232033731
2024-08-16 09:45:41,72600.0,100,Buy,232034293
2024-08-16 09:46:08,72600.0,100,Buy,232034973
2024-08-16 09:46:08,72600.0,500,Buy,232034974
2024-08-16 09:46:08,72600.0,700,Buy,232034975
2024-08-16 09:46:20,72600.0,500,Sell,232035255
2024-08-16 09:46:32,72700.0,500,Buy,232035601
2024-08-16 09:46:32,72700.0,200,Buy,232035602
2024-08-16 09:46:32,72700.0,100,Buy,232035603
2024-08-16 09:46:33,72700.0,500,Sell,232035637
2024-08-16 09:47:33,72700.0,200,Sell,232037083
2024-08-16 09:47:35,72700.0,1200,Sell,232037141
2024-08-16 09:47:35,72700.0,100,Sell,232037191
2024-08-16 09:50:21,72600.0,2000,Sell,232041324
2024-08-16 09:50:24,72600.0,300,Sell,232041379
2024-08-16 09:50:39,72600.0,900,Sell,232041754
2024-08-16 09:52:35,72600.0,100,Buy,232044459
2024-08-16 09:55:45,72600.0,900,Buy,232049317
2024-08-16 09:55:45,72600.0,700,Buy,232049316
2024-08-16 09:57:31,72500.0,100,Sell,232051246
2024-08-16 09:59:09,72400.0,700,Sell,232053068
2024-08-16 10:00:36,72400.0,1000,Sell,232055086
2024-08-16 10:02:31,72400.0,7300,Sell,232057972
2024-08-16 10:02:48,72400.0,100,Sell,232058533
2024-08-16 10:04:19,72400.0,100,Sell,232060494
2024-08-16 10:04:20,72400.0,400,Sell,232060498
2024-08-16 10:06:06,72400.0,300,Sell,232063268
2024-08-16 10:06:25,72500.0,100,Buy,232063703
2024-08-16 10:06:32,72500.0,100,Buy,232063847
2024-08-16 10:06:32,72500.0,100,Buy,232063846
2024-08-16 10:06:32,72500.0,800,Buy,232063845
2024-08-16 10:07:01,72500.0,200,Buy,232064606
2024-08-16 10:07:42,72500.0,100,Buy,232065630
2024-08-16 10:08:14,72500.0,3000,Buy,232066581
2024-08-16 10:08:24,72500.0,200,Buy,232066860
2024-08-16 10:08:54,72500.0,100,Buy,232067562
2024-08-16 10:09:50,72500.0,1400,Buy,232069412
2024-08-16 10:09:50,72500.0,600,Buy,232069413
2024-08-16 10:10:22,72500.0,800,Buy,232070441
2024-08-16 10:10:22,72500.0,100,Buy,232070440
2024-08-16 10:10:59,72500.0,200,Buy,232071732
2024-08-16 10:10:59,72500.0,100,Buy,232071733
2024-08-16 10:12:24,72600.0,100,Buy,232074632
2024-08-16 10:12:24,72600.0,300,Buy,232074639
2024-08-16 10:12:24,72600.0,100,Buy,232074638
2024-08-16 10:12:24,72600.0,100,Buy,232074637
2024-08-16 10:12:24,72600.0,100,Buy,232074640
2024-08-16 10:12:24,72600.0,700,Buy,232074635
2024-08-16 10:12:24,72600.0,2000,Buy,232074634
2024-08-16 10:12:24,72600.0,300,Buy,232074633
2024-08-16 10:12:24,72600.0,500,Buy,232074636
2024-08-16 10:13:08,72700.0,100,Buy,232075937
2024-08-16 10:13:08,72700.0,100,Buy,232075938
2024-08-16 10:13:08,72700.0,1000,Buy,232075939
2024-08-16 10:13:08,72700.0,500,Buy,232075940
2024-08-16 10:13:08,72700.0,100,Buy,232075941
2024-08-16 10:13:37,72800.0,100,Buy,232077325
2024-08-16 10:14:07,72800.0,100,Buy,232078522
2024-08-16 10:15:01,72800.0,1000,Buy,232081054
2024-08-16 10:15:01,72800.0,100,Buy,232081055
2024-08-16 10:15:01,72800.0,300,Buy,232081052
2024-08-16 10:15:01,72800.0,200,Buy,232081053
2024-08-16 10:15:15,72900.0,100,Buy,232081839
2024-08-16 10:15:31,72900.0,400,Buy,232082735
2024-08-16 10:15:31,72900.0,500,Buy,232082736
2024-08-16 10:15:31,72900.0,100,Buy,232082737
2024-08-16 10:15:31,72900.0,200,Buy,232082738
2024-08-16 10:15:39,73000.0,100,Buy,232083105
2024-08-16 10:15:40,72900.0,200,Sell,232083135
2024-08-16 10:15:41,73000.0,100,Buy,232083259
2024-08-16 10:15:41,73000.0,100,Buy,232083258
2024-08-16 10:15:41,73000.0,1900,Buy,232083257
2024-08-16 10:15:41,73000.0,100,Buy,232083256
2024-08-16 10:15:41,73000.0,100,Buy,232083255
2024-08-16 10:15:41,73000.0,100,Buy,232083251
2024-08-16 10:15:41,73000.0,100,Buy,232083253
2024-08-16 10:15:41,73000.0,100,Buy,232083252
2024-08-16 10:15:41,73000.0,200,Buy,232083250
2024-08-16 10:15:41,73000.0,500,Buy,232083249
2024-08-16 10:15:41,73000.0,1900,Buy,232083248
2024-08-16 10:15:41,73000.0,500,Buy,232083254
2024-08-16 10:15:56,73100.0,100,Buy,232084066
2024-08-16 10:16:04,73100.0,400,Buy,232084446
2024-08-16 10:16:14,73200.0,100,Buy,232084942
2024-08-16 10:16:26,73200.0,100,Buy,232085586
2024-08-16 10:16:26,73200.0,100,Buy,232085590
2024-08-16 10:16:26,73200.0,500,Buy,232085589
2024-08-16 10:16:26,73200.0,400,Buy,232085585
2024-08-16 10:16:26,73200.0,100,Buy,232085587
2024-08-16 10:16:26,73200.0,900,Buy,232085588
2024-08-16 10:16:34,73200.0,400,Sell,232086086
2024-08-16 10:16:34,73200.0,100,Sell,232086085
2024-08-16 10:16:40,73300.0,100,Buy,232086455
2024-08-16 10:16:46,73300.0,400,Buy,232086764
2024-08-16 10:16:46,73300.0,100,Buy,232086765
2024-08-16 10:17:00,73300.0,100,Buy,232087549
2024-08-16 10:17:00,73400.0,500,Buy,232087550
2024-08-16 10:17:00,73400.0,3000,Buy,232087551
2024-08-16 10:17:00,73400.0,500,Buy,232087552
2024-08-16 10:17:00,73500.0,500,Buy,232087553
2024-08-16 10:17:46,73300.0,200,Buy,232090381
2024-08-16 10:18:28,73200.0,100,Sell,232093141
2024-08-16 10:18:31,73300.0,300,Buy,232093264
2024-08-16 10:18:31,73300.0,100,Buy,232093265
2024-08-16 10:19:13,73300.0,100,Buy,232096069
2024-08-16 10:19:13,73300.0,200,Buy,232096070
2024-08-16 10:19:13,73300.0,300,Buy,232096071
2024-08-16 10:19:13,73300.0,200,Buy,232096072
2024-08-16 10:19:14,73300.0,1100,Sell,232096144
2024-08-16 10:19:30,73400.0,100,Buy,232097125
2024-08-16 10:19:48,73400.0,600,Buy,232098384
2024-08-16 10:19:48,73400.0,1900,Buy,232098383
2024-08-16 10:20:34,73400.0,200,Buy,232101491
2024-08-16 10:20:34,73400.0,200,Buy,232101492
2024-08-16 10:20:34,73400.0,400,Buy,232101490
2024-08-16 10:21:33,73300.0,1000,Buy,232105852
2024-08-16 10:22:16,73500.0,4100,Buy,232109068
2024-08-16 10:22:16,73400.0,3000,Buy,232109065
2024-08-16 10:22:16,73500.0,100,Buy,232109067
2024-08-16 10:22:16,73300.0,200,Buy,232109063
2024-08-16 10:22:16,73300.0,1000,Buy,232109062
2024-08-16 10:22:16,73400.0,100,Buy,232109064
2024-08-16 10:22:16,73400.0,900,Buy,232109066
2024-08-16 10:22:42,73500.0,900,Buy,232110759
2024-08-16 10:22:42,73500.0,100,Buy,232110760
2024-08-16 10:22:42,73500.0,1000,Buy,232110761
2024-08-16 10:22:56,73500.0,100,Buy,232111887
2024-08-16 10:23:43,73500.0,100,Buy,232115382
2024-08-16 10:23:43,73400.0,100,Buy,232115381
2024-08-16 10:23:46,73500.0,100,Buy,232115611
2024-08-16 10:25:38,73400.0,300,Buy,232123659
2024-08-16 10:25:38,73400.0,100,Buy,232123658
2024-08-16 10:25:38,73400.0,100,Buy,232123660
2024-08-16 10:26:51,73400.0,500,Buy,232129385
2024-08-16 10:27:12,73400.0,1500,Buy,232130773
2024-08-16 10:27:12,73400.0,200,Buy,232130774
2024-08-16 10:27:12,73400.0,500,Buy,232130775
2024-08-16 10:27:12,73400.0,100,Buy,232130776
2024-08-16 10:27:35,73400.0,200,Sell,232132170
2024-08-16 10:27:52,73400.0,100,Sell,232133260
2024-08-16 10:28:09,73400.0,200,Sell,232134708
2024-08-16 10:28:13,73500.0,100,Buy,232135083
2024-08-16 10:28:24,73500.0,5000,Buy,232135746
2024-08-16 10:28:28,73500.0,2200,Buy,232135907
2024-08-16 10:28:35,73500.0,100,Buy,232136277
2024-08-16 10:28:35,73500.0,200,Buy,232136280
2024-08-16 10:28:35,73500.0,100,Buy,232136279
2024-08-16 10:28:35,73500.0,100,Buy,232136278
2024-08-16 10:28:35,73500.0,200,Buy,232136276
2024-08-16 10:28:35,73500.0,2000,Buy,232136274
2024-08-16 10:28:35,73500.0,2000,Buy,232136273
2024-08-16 10:28:35,73500.0,1500,Buy,232136272
2024-08-16 10:28:35,73500.0,100,Buy,232136271
2024-08-16 10:28:35,73500.0,1400,Buy,232136270
2024-08-16 10:28:35,73500.0,100,Buy,232136275
2024-08-16 10:28:43,73600.0,100,Buy,232136732
2024-08-16 10:29:06,73600.0,100,Buy,232137974
2024-08-16 10:29:06,73600.0,1500,Buy,232137975
2024-08-16 10:29:06,73600.0,400,Buy,232137972
2024-08-16 10:29:06,73600.0,100,Buy,232137973
2024-08-16 10:29:29,73700.0,500,Buy,232139243
2024-08-16 10:29:29,73700.0,100,Buy,232139244
2024-08-16 10:29:29,73700.0,200,Buy,232139245
2024-08-16 10:29:29,73700.0,200,Buy,232139246
2024-08-16 10:29:29,73700.0,200,Buy,232139247
2024-08-16 10:29:29,73700.0,100,Buy,232139248
2024-08-16 10:29:54,73800.0,2000,Buy,232140555
2024-08-16 10:29:54,73800.0,300,Buy,232140554
2024-08-16 10:29:54,73800.0,100,Buy,232140552
2024-08-16 10:29:54,73800.0,100,Buy,232140553
2024-08-16 10:29:54,73800.0,500,Buy,232140551
2024-08-16 10:29:54,73800.0,500,Buy,232140546
2024-08-16 10:29:54,73800.0,200,Buy,232140547
2024-08-16 10:29:54,73800.0,2000,Buy,232140550
2024-08-16 10:29:54,73800.0,500,Buy,232140549
2024-08-16 10:29:54,73800.0,100,Buy,232140548
2024-08-16 10:30:14,73800.0,500,Sell,232141585
2024-08-16 10:30:14,73900.0,100,Buy,232141574
2024-08-16 10:30:27,73800.0,1000,Sell,232142436
2024-08-16 10:30:32,73900.0,100,Buy,232142661
2024-08-16 10:30:44,73900.0,200,Buy,232143278
2024-08-16 10:31:05,73900.0,100,Buy,232144578
2024-08-16 10:31:29,73900.0,200,Buy,232146120
2024-08-16 10:31:49,73800.0,1300,Sell,232147349
2024-08-16 10:31:50,73800.0,100,Sell,232147478
2024-08-16 10:31:55,73900.0,1000,Buy,232147863
2024-08-16 10:31:56,73800.0,1800,Sell,232147895
2024-08-16 10:31:56,73800.0,1000,Sell,232147896
2024-08-16 10:31:56,73800.0,200,Sell,232147897
2024-08-16 10:31:59,73800.0,100,Sell,232148036
2024-08-16 10:32:05,73800.0,500,Sell,232148355
2024-08-16 10:32:14,73800.0,200,Sell,232148867
2024-08-16 10:32:16,73800.0,500,Buy,232148962
2024-08-16 10:32:38,73800.0,100,Buy,232149995
2024-08-16 10:32:38,73800.0,100,Buy,232149996
2024-08-16 10:32:38,73800.0,500,Buy,232149997
2024-08-16 10:32:38,73800.0,300,Buy,232149994
2024-08-16 10:32:41,73800.0,200,Sell,232150107
2024-08-16 10:32:52,73800.0,800,Sell,232150532
2024-08-16 10:32:54,73800.0,1000,Sell,232150641
2024-08-16 10:32:56,73800.0,2000,Sell,232150760
2024-08-16 10:33:04,73800.0,1000,Sell,232151127
2024-08-16 10:33:08,73700.0,100,Sell,232151344
2024-08-16 10:33:08,73800.0,800,Sell,232151342
2024-08-16 10:33:08,73800.0,100,Sell,232151343
2024-08-16 10:33:27,73900.0,100,Buy,232152280
2024-08-16 10:33:28,73800.0,500,Sell,232152379
2024-08-16 10:33:39,73700.0,100,Sell,232152818
2024-08-16 10:33:39,73700.0,100,Sell,232152819
2024-08-16 10:33:55,73700.0,300,Buy,232153572
2024-08-16 10:33:59,73700.0,100,Sell,232153761
2024-08-16 10:34:22,73700.0,100,Sell,232154755
2024-08-16 10:34:22,73700.0,100,Sell,232154756
2024-08-16 10:34:24,73600.0,200,Sell,232154901
2024-08-16 10:34:42,73600.0,200,Sell,232155857
2024-08-16 10:34:46,73600.0,100,Sell,232155985
2024-08-16 10:34:52,73600.0,400,Sell,232156250
2024-08-16 10:34:52,73600.0,600,Sell,232156251
2024-08-16 10:34:56,73700.0,1000,Buy,232156380
2024-08-16 10:35:39,73700.0,500,Sell,232158068
2024-08-16 10:35:42,73700.0,200,Sell,232158171
2024-08-16 10:35:42,73800.0,100,Buy,232158172
2024-08-16 10:36:37,73700.0,1000,Sell,232160098
2024-08-16 10:36:49,73700.0,2000,Sell,232160568
2024-08-16 10:36:51,73700.0,4000,Sell,232160627
2024-08-16 10:37:07,73600.0,200,Sell,232161108
2024-08-16 10:37:07,73600.0,100,Sell,232161106
2024-08-16 10:37:07,73600.0,200,Sell,232161107
2024-08-16 10:37:12,73600.0,200,Sell,232161273
2024-08-16 10:37:12,73500.0,2200,Sell,232161274
2024-08-16 10:37:12,73500.0,1300,Sell,232161275
2024-08-16 10:37:22,73500.0,3700,Sell,232161577
2024-08-16 10:37:47,73500.0,4800,Buy,232162467
2024-08-16 10:38:36,73500.0,300,Buy,232164013
2024-08-16 10:38:37,73400.0,2000,Sell,232164020
2024-08-16 10:38:37,73400.0,1000,Sell,232164021
2024-08-16 10:38:54,73400.0,500,Buy,232164610
2024-08-16 10:39:31,73500.0,100,Buy,232165551
2024-08-16 10:39:43,73500.0,100,Buy,232165998
2024-08-16 10:39:48,73300.0,200,Sell,232166112
2024-08-16 10:40:35,73300.0,200,Sell,232167687
2024-08-16 10:40:56,73500.0,100,Buy,232168301
2024-08-16 10:41:24,73500.0,900,Buy,232169141
2024-08-16 10:41:24,73500.0,100,Buy,232169142
2024-08-16 10:42:58,73500.0,100,Buy,232171599
2024-08-16 10:43:41,73500.0,500,Buy,232172461
2024-08-16 10:43:44,73500.0,1500,Buy,232172570
2024-08-16 10:45:12,73500.0,300,Buy,232174656
2024-08-16 10:45:53,73500.0,200,Buy,232175747
2024-08-16 10:45:53,73500.0,200,Buy,232175746
2024-08-16 10:45:53,73500.0,1200,Buy,232175742
2024-08-16 10:45:53,73500.0,500,Buy,232175744
2024-08-16 10:45:53,73500.0,500,Buy,232175743
2024-08-16 10:45:53,73500.0,300,Buy,232175745
2024-08-16 10:46:15,73600.0,100,Buy,232176301
2024-08-16 10:46:17,73500.0,100,Sell,232176334
2024-08-16 10:46:17,73500.0,400,Sell,232176335
2024-08-16 10:46:34,73600.0,100,Buy,232176697
2024-08-16 10:47:56,73600.0,100,Buy,232178473
2024-08-16 10:48:23,73600.0,100,Buy,232179034
2024-08-16 10:48:51,73600.0,100,Buy,232179773
2024-08-16 10:50:05,73600.0,200,Buy,232182419
2024-08-16 10:50:05,73600.0,100,Buy,232182420
2024-08-16 10:50:05,73600.0,400,Buy,232182421
2024-08-16 10:50:05,73600.0,300,Buy,232182418
2024-08-16 10:50:13,73600.0,100,Buy,232182616
2024-08-16 10:51:13,73600.0,100,Buy,232185340
2024-08-16 10:51:31,73600.0,400,Buy,232186244
2024-08-16 10:51:31,73600.0,200,Buy,232186245
2024-08-16 10:51:31,73600.0,100,Buy,232186246
2024-08-16 10:51:31,73600.0,100,Buy,232186247
2024-08-16 10:52:06,73600.0,400,Buy,232187760
2024-08-16 10:52:06,73600.0,100,Buy,232187761
2024-08-16 10:52:06,73600.0,200,Buy,232187762
2024-08-16 10:53:03,73600.0,200,Sell,232190720
2024-08-16 10:54:01,73700.0,600,Buy,232193393
2024-08-16 10:54:19,73700.0,1000,Buy,232194451
2024-08-16 10:54:19,73700.0,100,Buy,232194452
2024-08-16 10:54:19,73700.0,400,Buy,232194471
2024-08-16 10:54:19,73700.0,500,Buy,232194472
2024-08-16 10:54:19,73700.0,3900,Buy,232194450
2024-08-16 10:54:43,73800.0,200,Buy,232195792
2024-08-16 10:55:01,73800.0,200,Buy,232196886
2024-08-16 10:55:01,73800.0,100,Buy,232196887
2024-08-16 10:55:32,73800.0,100,Buy,232198502
2024-08-16 10:55:32,73800.0,1600,Buy,232198504
2024-08-16 10:55:32,73800.0,100,Buy,232198503
2024-08-16 10:55:32,73800.0,500,Buy,232198500
2024-08-16 10:55:32,73800.0,400,Buy,232198501
2024-08-16 10:55:32,73800.0,100,Buy,232198498
2024-08-16 10:55:32,73800.0,100,Buy,232198499
2024-08-16 10:55:32,73800.0,1000,Buy,232198495
2024-08-16 10:55:32,73800.0,100,Buy,232198494
2024-08-16 10:55:32,73800.0,100,Buy,232198497
2024-08-16 10:55:32,73800.0,2000,Buy,232198496
2024-08-16 10:55:33,73800.0,400,Buy,232198541
2024-08-16 10:55:33,73800.0,500,Buy,232198542
2024-08-16 10:55:33,73800.0,200,Buy,232198543
2024-08-16 10:56:26,73800.0,100,Buy,232201938
2024-08-16 10:56:41,74000.0,100,Buy,232202849
2024-08-16 10:56:41,74000.0,300,Buy,232202842
2024-08-16 10:56:41,74000.0,100,Buy,232202843
2024-08-16 10:56:41,74000.0,100,Buy,232202844
2024-08-16 10:56:41,74000.0,1000,Buy,232202845
2024-08-16 10:56:41,74000.0,100,Buy,232202846
2024-08-16 10:56:41,74000.0,100,Buy,232202841
2024-08-16 10:56:41,74000.0,100,Buy,232202847
2024-08-16 10:56:41,74000.0,200,Buy,232202848
2024-08-16 10:56:41,74000.0,300,Buy,232202850
2024-08-16 10:56:41,74000.0,500,Buy,232202858
2024-08-16 10:56:41,74000.0,100,Buy,232202852
2024-08-16 10:56:41,74000.0,200,Buy,232202853
2024-08-16 10:56:41,74000.0,100,Buy,232202854
2024-08-16 10:56:41,74000.0,2000,Buy,232202859
2024-08-16 10:56:41,74000.0,200,Buy,232202860
2024-08-16 10:56:41,74000.0,100,Buy,232202861
2024-08-16 10:56:41,74000.0,200,Buy,232202862
2024-08-16 10:56:41,74000.0,500,Buy,232202863
2024-08-16 10:56:41,74000.0,300,Buy,232202840
2024-08-16 10:56:41,74000.0,100,Buy,232202851
2024-08-16 10:56:41,74000.0,700,Buy,232202839
2024-08-16 10:56:41,73900.0,200,Buy,232202821
2024-08-16 10:56:41,74000.0,200,Buy,232202837
2024-08-16 10:56:41,73800.0,100,Buy,232202816
2024-08-16 10:56:41,73800.0,200,Buy,232202817
2024-08-16 10:56:41,73900.0,700,Buy,232202818
2024-08-16 10:56:41,73900.0,100,Buy,232202819
2024-08-16 10:56:41,73900.0,800,Buy,232202820
2024-08-16 10:56:41,73900.0,200,Buy,232202822
2024-08-16 10:56:41,73900.0,1000,Buy,232202823
2024-08-16 10:56:41,73900.0,500,Buy,232202824
2024-08-16 10:56:41,74000.0,3000,Buy,232202838
2024-08-16 10:56:41,73900.0,500,Buy,232202826
2024-08-16 10:56:41,73900.0,100,Buy,232202825
2024-08-16 10:56:41,73900.0,2400,Buy,232202828
2024-08-16 10:56:41,73900.0,2800,Buy,232202829
2024-08-16 10:56:41,74000.0,500,Buy,232202830
2024-08-16 10:56:41,74000.0,200,Buy,232202831
2024-08-16 10:56:41,74000.0,100,Buy,232202832
2024-08-16 10:56:41,74000.0,100,Buy,232202833
2024-08-16 10:56:41,74000.0,500,Buy,232202834
2024-08-16 10:56:41,74000.0,100,Buy,232202835
2024-08-16 10:56:41,74000.0,100,Buy,232202836
2024-08-16 10:56:41,73900.0,1000,Buy,232202827
2024-08-16 10:56:43,74100.0,100,Buy,232202967
2024-08-16 10:56:43,74100.0,100,Buy,232202968
2024-08-16 10:56:43,74100.0,100,Buy,232202966
2024-08-16 10:56:43,74100.0,100,Buy,232202964
2024-08-16 10:56:43,74100.0,500,Buy,232202962
2024-08-16 10:56:43,74100.0,100,Buy,232202963
2024-08-16 10:56:43,74100.0,100,Buy,232202965
2024-08-16 10:57:11,74200.0,300,Buy,232204739
2024-08-16 10:57:40,74200.0,200,Buy,232206288
2024-08-16 10:57:40,74200.0,100,Buy,232206289
2024-08-16 10:58:01,74200.0,500,Sell,232207382
2024-08-16 10:58:07,74200.0,200,Sell,232207695
2024-08-16 10:58:43,74200.0,200,Sell,232209636
2024-08-16 10:58:43,74200.0,100,Sell,232209637
2024-08-16 10:58:49,74200.0,200,Sell,232209841
2024-08-16 10:58:49,74200.0,100,Sell,232209842
2024-08-16 10:58:49,74200.0,700,Sell,232209843
2024-08-16 10:59:04,74300.0,500,Buy,232210753
2024-08-16 10:59:04,74300.0,100,Buy,232210754
2024-08-16 10:59:26,74300.0,100,Buy,232211832
2024-08-16 10:59:26,74300.0,100,Buy,232211831
2024-08-16 10:59:26,74300.0,100,Buy,232211830
2024-08-16 10:59:31,74300.0,100,Buy,232212061
2024-08-16 10:59:43,74300.0,400,Sell,232212750
2024-08-16 10:59:43,74300.0,100,Sell,232212751
2024-08-16 10:59:58,74300.0,500,Buy,232213846
2024-08-16 11:00:16,74400.0,500,Buy,232214931
2024-08-16 11:00:16,74400.0,1500,Buy,232214932
2024-08-16 11:00:21,74400.0,200,Buy,232215125
2024-08-16 11:00:34,74400.0,300,Buy,232215878
2024-08-16 11:00:34,74400.0,100,Buy,232215879
2024-08-16 11:00:46,74400.0,100,Sell,232216384
2024-08-16 11:00:50,74500.0,500,Buy,232216686
2024-08-16 11:00:50,74500.0,200,Buy,232216687
2024-08-16 11:00:50,74500.0,200,Buy,232216685
2024-08-16 11:00:50,74500.0,2800,Buy,232216691
2024-08-16 11:00:50,74500.0,3000,Buy,232216689
2024-08-16 11:00:50,74500.0,100,Buy,232216684
2024-08-16 11:00:50,74500.0,200,Buy,232216690
2024-08-16 11:00:50,74500.0,100,Buy,232216682
2024-08-16 11:00:50,74500.0,100,Buy,232216683
2024-08-16 11:00:50,74500.0,1000,Buy,232216676
2024-08-16 11:00:50,74500.0,500,Buy,232216677
2024-08-16 11:00:50,74500.0,200,Buy,232216678
2024-08-16 11:00:50,74500.0,100,Buy,232216688
2024-08-16 11:00:50,74500.0,500,Buy,232216679
2024-08-16 11:00:50,74500.0,400,Buy,232216680
2024-08-16 11:00:50,74500.0,100,Buy,232216681
2024-08-16 11:00:54,74400.0,1000,Sell,232216854
2024-08-16 11:00:59,74500.0,1200,Buy,232217098
2024-08-16 11:01:16,74500.0,100,Sell,232217953
2024-08-16 11:01:23,74600.0,100,Buy,232218185
2024-08-16 11:01:23,74600.0,100,Buy,232218186
2024-08-16 11:01:23,74600.0,500,Buy,232218187
2024-08-16 11:01:46,74600.0,700,Sell,232219248
2024-08-16 11:01:47,74700.0,100,Buy,232219255
2024-08-16 11:01:47,74700.0,100,Buy,232219256
2024-08-16 11:01:47,74700.0,500,Buy,232219257
2024-08-16 11:02:25,74700.0,200,Sell,232221382
2024-08-16 11:02:31,74700.0,100,Sell,232221774
2024-08-16 11:02:31,74700.0,100,Sell,232221775
2024-08-16 11:02:31,74700.0,100,Sell,232221772
2024-08-16 11:02:31,74700.0,200,Sell,232221773
2024-08-16 11:02:40,74800.0,200,Buy,232222201
2024-08-16 11:02:40,74800.0,100,Buy,232222200
2024-08-16 11:02:40,74800.0,100,Buy,232222199
2024-08-16 11:02:40,74800.0,100,Buy,232222198
2024-08-16 11:02:52,74700.0,100,Sell,232222741
2024-08-16 11:03:20,74600.0,3100,Sell,232224145
2024-08-16 11:03:30,74600.0,100,Buy,232224472
2024-08-16 11:03:32,74500.0,1800,Sell,232224561
2024-08-16 11:03:56,74600.0,500,Sell,232225541
2024-08-16 11:04:15,74800.0,300,Buy,232226247
2024-08-16 11:04:18,74600.0,200,Sell,232226353
2024-08-16 11:04:20,74600.0,500,Sell,232226407
2024-08-16 11:04:20,74500.0,1800,Sell,232226408
2024-08-16 11:04:20,74600.0,1200,Sell,232226405
2024-08-16 11:04:20,74600.0,500,Sell,232226406
2024-08-16 11:05:16,74500.0,100,Sell,232228486
2024-08-16 11:05:16,74500.0,100,Sell,232228487
2024-08-16 11:05:16,74500.0,800,Sell,232228488
2024-08-16 11:05:16,74500.0,200,Sell,232228498
2024-08-16 11:05:16,74500.0,300,Sell,232228499
2024-08-16 11:06:28,74500.0,300,Buy,232231150
2024-08-16 11:09:34,74500.0,600,Buy,232237488
2024-08-16 11:09:34,74500.0,300,Buy,232237491
2024-08-16 11:09:34,74500.0,1000,Buy,232237487
2024-08-16 11:09:34,74500.0,100,Buy,232237490
2024-08-16 11:09:34,74500.0,300,Buy,232237485
2024-08-16 11:09:34,74500.0,100,Buy,232237486
2024-08-16 11:09:34,74500.0,400,Buy,232237482
2024-08-16 11:09:34,74500.0,200,Buy,232237489
2024-08-16 11:09:34,74500.0,200,Buy,232237483
2024-08-16 11:09:34,74500.0,100,Buy,232237484
2024-08-16 11:10:00,74500.0,300,Sell,232238220
2024-08-16 11:11:04,74500.0,200,Sell,232240393
2024-08-16 11:11:08,74500.0,1200,Sell,232240484
2024-08-16 11:11:08,74500.0,800,Sell,232240485
2024-08-16 11:11:18,74500.0,2500,Sell,232240707
2024-08-16 11:11:18,74500.0,300,Sell,232240708
2024-08-16 11:12:53,74500.0,300,Buy,232243558
2024-08-16 11:13:41,74500.0,900,Buy,232245038
2024-08-16 11:13:41,74500.0,100,Buy,232245039
2024-08-16 11:13:46,74400.0,100,Sell,232245169
2024-08-16 11:13:46,74400.0,300,Sell,232245145
2024-08-16 11:13:46,74400.0,200,Sell,232245144
2024-08-16 11:14:46,74400.0,100,Sell,232247017
2024-08-16 11:14:51,74400.0,200,Sell,232247158
2024-08-16 11:14:52,74400.0,100,Sell,232247184
2024-08-16 11:15:10,74400.0,200,Sell,232247581
2024-08-16 11:15:12,74400.0,100,Sell,232247615
2024-08-16 11:15:17,74400.0,200,Sell,232247803
2024-08-16 11:15:17,74400.0,300,Sell,232247804
2024-08-16 11:15:21,74400.0,100,Sell,232247891
2024-08-16 11:15:49,74400.0,100,Sell,232248772
2024-08-16 11:15:52,74400.0,100,Sell,232248876
2024-08-16 11:16:09,74400.0,300,Sell,232249415
2024-08-16 11:16:22,74400.0,200,Sell,232249831
2024-08-16 11:16:30,74500.0,700,Buy,232250176
2024-08-16 11:16:30,74500.0,300,Buy,232250175
2024-08-16 11:16:30,74500.0,300,Buy,232250174
2024-08-16 11:16:30,74500.0,100,Buy,232250172
2024-08-16 11:16:30,74500.0,2000,Buy,232250173
2024-08-16 11:16:30,74500.0,100,Buy,232250170
2024-08-16 11:16:30,74500.0,500,Buy,232250169
2024-08-16 11:16:30,74500.0,200,Buy,232250168
2024-08-16 11:16:30,74500.0,500,Buy,232250167
2024-08-16 11:16:30,74500.0,100,Buy,232250166
2024-08-16 11:16:30,74500.0,200,Buy,232250171
2024-08-16 11:17:48,74500.0,100,Buy,232252508
2024-08-16 11:17:48,74500.0,100,Buy,232252509
2024-08-16 11:17:48,74500.0,500,Buy,232252510
2024-08-16 11:18:53,74500.0,1000,Buy,232254189
2024-08-16 11:18:53,74500.0,100,Buy,232254190
2024-08-16 11:18:53,74500.0,200,Buy,232254188
2024-08-16 11:18:53,74500.0,100,Buy,232254187
2024-08-16 11:18:53,74500.0,500,Buy,232254186
2024-08-16 11:18:53,74500.0,500,Buy,232254185
2024-08-16 11:18:53,74500.0,100,Buy,232254184
2024-08-16 11:18:53,74500.0,2000,Buy,232254183
2024-08-16 11:19:18,74500.0,100,Buy,232254832
2024-08-16 11:19:18,74500.0,100,Buy,232254835
2024-08-16 11:19:42,74400.0,100,Sell,232255368
2024-08-16 11:19:44,74400.0,200,Sell,232255396
2024-08-16 11:21:05,74400.0,200,Sell,232257254
2024-08-16 11:21:30,74400.0,100,Sell,232257796
2024-08-16 11:21:37,74400.0,200,Sell,232258020
2024-08-16 11:22:17,74400.0,500,Sell,232258889
2024-08-16 11:22:28,74500.0,100,Buy,232259151
2024-08-16 11:22:40,74500.0,100,Buy,232259387
2024-08-16 11:22:40,74500.0,100,Buy,232259388
2024-08-16 11:22:40,74500.0,800,Buy,232259389
2024-08-16 11:22:54,74400.0,100,Sell,232259811
2024-08-16 11:22:56,74500.0,200,Buy,232259877
2024-08-16 11:23:32,74500.0,800,Buy,232260820
2024-08-16 11:23:32,74500.0,500,Buy,232260819
2024-08-16 11:23:32,74500.0,100,Buy,232260818
2024-08-16 11:23:32,74500.0,800,Buy,232260814
2024-08-16 11:23:32,74500.0,100,Buy,232260816
2024-08-16 11:23:32,74500.0,100,Buy,232260815
2024-08-16 11:23:32,74500.0,300,Buy,232260817
2024-08-16 11:23:45,74500.0,300,Sell,232261084
2024-08-16 11:23:51,74500.0,200,Sell,232261209
2024-08-16 11:23:55,74400.0,200,Sell,232261273
2024-08-16 11:24:12,74400.0,100,Sell,232261602
2024-08-16 11:24:12,74400.0,100,Sell,232261603
2024-08-16 11:24:18,74400.0,200,Buy,232261729
2024-08-16 11:25:02,74300.0,1000,Sell,232262752
2024-08-16 11:25:06,74300.0,1000,Sell,232262808
2024-08-16 11:25:28,74300.0,200,Buy,232263387
2024-08-16 11:26:40,74200.0,300,Sell,232264813
2024-08-16 11:27:19,74200.0,200,Sell,232265815
2024-08-16 11:27:26,74200.0,500,Sell,232265958
2024-08-16 11:27:30,74200.0,300,Sell,232266060
2024-08-16 11:27:47,74000.0,3000,Sell,232266424
2024-08-16 11:27:48,74200.0,200,Buy,232266445
2024-08-16 12:59:37,74200.0,100,Buy,232269117
2024-08-16 12:59:37,74200.0,300,Sell,232268896
2024-08-16 12:59:37,74200.0,100,Sell,232268897
2024-08-16 12:59:39,74300.0,1000,Buy,232269743
2024-08-16 12:59:39,74300.0,800,Buy,232269742
2024-08-16 12:59:39,74200.0,500,Buy,232269741
2024-08-16 12:59:46,74300.0,1300,Sell,232272117
2024-08-16 12:59:55,74200.0,400,Sell,232273590
2024-08-16 12:59:55,74200.0,100,Sell,232273589
2024-08-16 13:00:00,74300.0,700,Buy,232274099
2024-08-16 13:00:05,74400.0,100,Buy,232274703
2024-08-16 13:01:06,74300.0,200,Buy,232278249
2024-08-16 13:01:23,74400.0,1900,Buy,232279153
2024-08-16 13:01:23,74400.0,500,Buy,232279154
2024-08-16 13:03:30,74500.0,300,Buy,232284619
2024-08-16 13:04:00,74500.0,500,Buy,232285941
2024-08-16 13:04:42,74500.0,900,Buy,232288285
2024-08-16 13:04:42,74500.0,200,Buy,232288283
2024-08-16 13:04:42,74500.0,100,Buy,232288284
2024-08-16 13:04:50,74500.0,100,Buy,232288669
2024-08-16 13:04:50,74500.0,4000,Buy,232288671
2024-08-16 13:04:50,74500.0,900,Buy,232288672
2024-08-16 13:05:11,74500.0,2000,Buy,232289630
2024-08-16 13:05:13,74500.0,200,Buy,232289752
2024-08-16 13:05:13,74500.0,500,Buy,232289753
2024-08-16 13:05:13,74500.0,100,Buy,232289750
2024-08-16 13:05:13,74500.0,300,Buy,232289751
2024-08-16 13:05:13,74500.0,100,Buy,232289749
2024-08-16 13:05:19,74500.0,200,Buy,232289993
2024-08-16 13:05:27,74400.0,100,Sell,232290379
2024-08-16 13:06:00,74400.0,1100,Sell,232291930
2024-08-16 13:06:22,74400.0,100,Sell,232293120
2024-08-16 13:06:27,74500.0,200,Buy,232293448
2024-08-16 13:06:35,74500.0,300,Buy,232293895
2024-08-16 13:06:35,74500.0,100,Buy,232293896
2024-08-16 13:06:40,74500.0,100,Sell,232294192
2024-08-16 13:06:45,74500.0,100,Buy,232294476
2024-08-16 13:07:05,74500.0,100,Sell,232295477
2024-08-16 13:07:41,74500.0,200,Buy,232297107
2024-08-16 13:07:41,74500.0,800,Buy,232297108
2024-08-16 13:08:36,74500.0,200,Buy,232300978
2024-08-16 13:08:36,74500.0,100,Buy,232300979
2024-08-16 13:08:36,74500.0,6300,Buy,232300980
2024-08-16 13:08:36,74500.0,100,Buy,232300981
2024-08-16 13:09:46,74500.0,200,Sell,232305279
2024-08-16 13:09:55,74600.0,100,Buy,232305779
2024-08-16 13:10:23,74600.0,100,Buy,232307626
2024-08-16 13:11:20,74600.0,1000,Buy,232311223
2024-08-16 13:11:40,74500.0,500,Sell,232312545
2024-08-16 13:11:49,74500.0,1000,Sell,232312977
2024-08-16 13:12:03,74600.0,1000,Buy,232313969
2024-08-16 13:12:21,74500.0,100,Sell,232314859
2024-08-16 13:12:45,74500.0,100,Sell,232316246
2024-08-16 13:12:53,74500.0,200,Sell,232316724
2024-08-16 13:12:56,74500.0,100,Sell,232316883
2024-08-16 13:14:41,74600.0,100,Buy,232322670
2024-08-16 13:15:05,74600.0,200,Buy,232323911
2024-08-16 13:15:05,74600.0,100,Buy,232323912
2024-08-16 13:15:05,74600.0,800,Buy,232323913
2024-08-16 13:15:46,74500.0,100,Sell,232325903
2024-08-16 13:16:00,74500.0,200,Sell,232326611
2024-08-16 13:16:28,74500.0,100,Sell,232327883
2024-08-16 13:17:01,74500.0,100,Sell,232329623
2024-08-16 13:17:06,74500.0,100,Sell,232329893
2024-08-16 13:17:10,74500.0,500,Sell,232330069
2024-08-16 13:17:10,74500.0,100,Sell,232330070
2024-08-16 13:17:10,74500.0,100,Sell,232330071
2024-08-16 13:17:10,74500.0,100,Sell,232330072
2024-08-16 13:17:10,74500.0,100,Sell,232330073
2024-08-16 13:17:10,74500.0,100,Sell,232330074
2024-08-16 13:17:12,74500.0,100,Sell,232330115
2024-08-16 13:17:33,74500.0,400,Buy,232331101
2024-08-16 13:18:01,74500.0,500,Sell,232332373
2024-08-16 13:18:01,74500.0,100,Sell,232332383
2024-08-16 13:18:01,74500.0,100,Sell,232332384
2024-08-16 13:18:01,74500.0,200,Sell,232332385
2024-08-16 13:18:09,74500.0,100,Buy,232332782
2024-08-16 13:18:31,74500.0,100,Sell,232333973
2024-08-16 13:18:35,74500.0,500,Sell,232334222
2024-08-16 13:19:07,74500.0,200,Sell,232335851
2024-08-16 13:20:27,74500.0,200,Sell,232339621
2024-08-16 13:20:35,74500.0,400,Sell,232340064
2024-08-16 13:21:21,74500.0,100,Sell,232342520
2024-08-16 13:21:21,74500.0,300,Sell,232342521
2024-08-16 13:21:21,74500.0,300,Sell,232342522
2024-08-16 13:21:21,74500.0,300,Sell,232342519
2024-08-16 13:21:53,74600.0,500,Buy,232343938
2024-08-16 13:21:53,74500.0,100,Sell,232343940
2024-08-16 13:22:08,74500.0,100,Sell,232344566
2024-08-16 13:22:14,74500.0,200,Sell,232344837
2024-08-16 13:22:21,74500.0,100,Sell,232345100
2024-08-16 13:22:36,74500.0,100,Sell,232345896
2024-08-16 13:22:37,74500.0,400,Sell,232345937
2024-08-16 13:22:37,74500.0,100,Sell,232345936
2024-08-16 13:22:38,74500.0,100,Sell,232345991
2024-08-16 13:22:38,74500.0,500,Sell,232345969
2024-08-16 13:22:59,74500.0,300,Sell,232347061
2024-08-16 13:23:06,74500.0,100,Buy,232347389
2024-08-16 13:23:20,74500.0,600,Buy,232348135
2024-08-16 13:24:03,74500.0,100,Buy,232350191
2024-08-16 13:25:18,74400.0,100,Sell,232353254
2024-08-16 13:25:18,74400.0,900,Sell,232353255
2024-08-16 13:25:21,74400.0,100,Sell,232353403
2024-08-16 13:25:21,74400.0,100,Sell,232353404
2024-08-16 13:25:38,74400.0,100,Sell,232354069
2024-08-16 13:25:38,74400.0,100,Sell,232354070
2024-08-16 13:25:51,74500.0,200,Buy,232354572
2024-08-16 13:26:15,74500.0,100,Buy,232355571
2024-08-16 13:26:15,74500.0,100,Buy,232355572
2024-08-16 13:26:15,74500.0,100,Buy,232355573
2024-08-16 13:26:15,74500.0,700,Buy,232355574
2024-08-16 13:26:49,74400.0,1000,Sell,232356745
2024-08-16 13:27:08,74400.0,500,Sell,232357672
2024-08-16 13:28:28,74400.0,200,Sell,232360978
2024-08-16 13:28:52,74400.0,800,Sell,232362179
2024-08-16 13:28:52,74400.0,200,Sell,232362178
2024-08-16 13:28:54,74400.0,500,Sell,232362247
2024-08-16 13:29:28,74400.0,200,Sell,232363569
2024-08-16 13:29:32,74400.0,1000,Sell,232363733
2024-08-16 13:30:34,74400.0,500,Sell,232367051
2024-08-16 13:30:40,74500.0,300,Buy,232367438
2024-08-16 13:30:40,74500.0,500,Buy,232367439
2024-08-16 13:30:40,74500.0,800,Buy,232367440
2024-08-16 13:31:21,74500.0,100,Buy,232368987
2024-08-16 13:31:21,74500.0,100,Buy,232368986
2024-08-16 13:31:21,74500.0,100,Buy,232368985
2024-08-16 13:31:21,74500.0,200,Buy,232368984
2024-08-16 13:31:21,74500.0,100,Buy,232368982
2024-08-16 13:31:21,74500.0,2000,Buy,232368981
2024-08-16 13:31:21,74500.0,1200,Buy,232368980
2024-08-16 13:31:21,74500.0,100,Buy,232368983
2024-08-16 13:31:35,74500.0,200,Sell,232369673
2024-08-16 13:31:40,74600.0,700,Buy,232369912
2024-08-16 13:31:40,74600.0,100,Buy,232369913
2024-08-16 13:31:40,74600.0,100,Buy,232369914
2024-08-16 13:31:40,74600.0,100,Buy,232369915
2024-08-16 13:31:48,74600.0,100,Buy,232370361
2024-08-16 13:31:48,74600.0,100,Buy,232370360
2024-08-16 13:31:50,74600.0,500,Buy,232370462
2024-08-16 13:31:50,74600.0,600,Buy,232370459
2024-08-16 13:31:50,74600.0,300,Buy,232370460
2024-08-16 13:31:50,74600.0,3000,Buy,232370461
2024-08-16 13:31:51,74700.0,500,Buy,232370502
2024-08-16 13:31:51,74700.0,100,Buy,232370501
2024-08-16 13:31:51,74700.0,100,Buy,232370500
2024-08-16 13:31:51,74700.0,100,Buy,232370499
2024-08-16 13:31:51,74700.0,100,Buy,232370498
2024-08-16 13:31:51,74700.0,2700,Buy,232370497
2024-08-16 13:31:51,74700.0,100,Buy,232370496
2024-08-16 13:31:51,74700.0,100,Buy,232370494
2024-08-16 13:31:51,74700.0,3000,Buy,232370493
2024-08-16 13:31:51,74700.0,100,Buy,232370492
2024-08-16 13:31:51,74700.0,200,Buy,232370491
2024-08-16 13:31:51,74700.0,500,Buy,232370490
2024-08-16 13:31:51,74700.0,1000,Buy,232370489
2024-08-16 13:31:51,74700.0,200,Buy,232370495
2024-08-16 13:31:52,74800.0,100,Buy,232370529
2024-08-16 13:31:52,74800.0,500,Buy,232370530
2024-08-16 13:31:52,74800.0,200,Buy,232370527
2024-08-16 13:31:52,74800.0,100,Buy,232370528
2024-08-16 13:31:52,74800.0,100,Buy,232370526
2024-08-16 13:32:24,74800.0,500,Buy,232372185
2024-08-16 13:32:31,74800.0,4000,Buy,232372633
2024-08-16 13:32:31,74800.0,400,Buy,232372634
2024-08-16 13:32:42,74800.0,200,Sell,232373106
2024-08-16 13:33:04,74800.0,200,Sell,232374174
2024-08-16 13:33:15,74800.0,200,Sell,232374674
2024-08-16 13:33:20,74600.0,100,Sell,232374974
2024-08-16 13:33:20,74500.0,400,Sell,232374975
2024-08-16 13:33:22,74800.0,100,Buy,232375058
2024-08-16 13:34:22,74600.0,100,Sell,232377610
2024-08-16 13:34:42,74600.0,200,Sell,232378279
2024-08-16 13:34:59,74600.0,100,Sell,232379114
2024-08-16 13:35:19,74800.0,100,Buy,232380013
2024-08-16 13:35:19,74800.0,200,Buy,232380014
2024-08-16 13:35:23,74600.0,100,Sell,232380251
2024-08-16 13:36:38,74800.0,100,Buy,232383081
2024-08-16 13:37:13,74800.0,100,Buy,232384449
2024-08-16 13:37:18,74800.0,100,Buy,232384589
2024-08-16 13:37:18,74800.0,200,Buy,232384587
2024-08-16 13:37:18,74800.0,600,Buy,232384586
2024-08-16 13:37:18,74800.0,100,Buy,232384588
2024-08-16 13:37:24,74800.0,100,Buy,232384786
2024-08-16 13:37:26,74900.0,100,Buy,232384854
2024-08-16 13:37:26,74800.0,200,Buy,232384853
2024-08-16 13:37:26,74800.0,100,Buy,232384852
2024-08-16 13:37:26,74800.0,100,Buy,232384851
2024-08-16 13:37:26,74800.0,100,Buy,232384845
2024-08-16 13:37:26,74800.0,1000,Buy,232384849
2024-08-16 13:37:26,74800.0,1000,Buy,232384848
2024-08-16 13:37:26,74800.0,100,Buy,232384847
2024-08-16 13:37:26,74800.0,200,Buy,232384846
2024-08-16 13:37:26,74800.0,100,Buy,232384850
2024-08-16 13:37:26,74900.0,2000,Buy,232384855
2024-08-16 13:37:34,74800.0,2500,Buy,232385130
2024-08-16 13:37:46,74800.0,100,Sell,232385590
2024-08-16 13:37:49,74800.0,200,Sell,232385666
2024-08-16 13:38:03,74800.0,500,Sell,232386211
2024-08-16 13:38:04,74900.0,500,Buy,232386228
2024-08-16 13:38:27,74900.0,100,Buy,232386957
2024-08-16 13:38:46,74900.0,100,Buy,232387805
2024-08-16 13:38:46,74900.0,700,Buy,232387807
2024-08-16 13:38:46,74900.0,100,Buy,232387806
2024-08-16 13:38:46,74900.0,100,Buy,232387803
2024-08-16 13:38:46,74900.0,1000,Buy,232387802
2024-08-16 13:38:46,74900.0,500,Buy,232387801
2024-08-16 13:38:46,74900.0,400,Buy,232387800
2024-08-16 13:38:46,74900.0,100,Buy,232387804
2024-08-16 13:38:55,74900.0,100,Buy,232388063
2024-08-16 13:38:55,74900.0,500,Buy,232388064
2024-08-16 13:39:29,74900.0,100,Buy,232389497
2024-08-16 13:39:52,74900.0,100,Buy,232390488
2024-08-16 13:39:54,74800.0,700,Sell,232390641
2024-08-16 13:39:55,74800.0,1500,Sell,232390675
2024-08-16 13:39:55,74800.0,2000,Sell,232390673
2024-08-16 13:39:55,74800.0,1000,Sell,232390672
2024-08-16 13:39:55,74800.0,500,Sell,232390674
2024-08-16 13:39:57,74800.0,300,Sell,232390780
2024-08-16 13:39:58,74800.0,200,Sell,232390852
2024-08-16 13:39:58,74800.0,800,Sell,232390853
2024-08-16 13:40:06,74800.0,500,Sell,232391219
2024-08-16 13:40:57,74800.0,300,Buy,232393396
2024-08-16 13:41:21,74700.0,500,Sell,232394354
2024-08-16 13:41:28,74700.0,500,Sell,232394695
2024-08-16 13:41:32,74700.0,200,Sell,232394864
2024-08-16 13:41:34,74700.0,1000,Sell,232394911
2024-08-16 13:41:44,74700.0,500,Sell,232395243
2024-08-16 13:41:46,74800.0,200,Buy,232395312
2024-08-16 13:41:46,74800.0,900,Buy,232395313
2024-08-16 13:41:48,74700.0,300,Sell,232395378
2024-08-16 13:41:48,74700.0,200,Sell,232395379
2024-08-16 13:41:48,74700.0,100,Sell,232395380
2024-08-16 13:41:58,74700.0,100,Buy,232395729
2024-08-16 13:42:09,74700.0,100,Buy,232396176
2024-08-16 13:42:39,74600.0,100,Sell,232397623
2024-08-16 13:42:46,74600.0,1400,Sell,232397872
2024-08-16 13:42:46,74600.0,100,Sell,232397871
2024-08-16 13:42:46,74600.0,300,Sell,232397869
2024-08-16 13:42:46,74600.0,1000,Sell,232397870
2024-08-16 13:42:46,74600.0,400,Sell,232397868
2024-08-16 13:43:46,74600.0,2000,Sell,232400038
2024-08-16 13:43:50,74600.0,100,Sell,232400192
2024-08-16 13:43:50,74600.0,100,Sell,232400193
2024-08-16 13:43:50,74600.0,2700,Sell,232400194
2024-08-16 13:44:02,74600.0,200,Sell,232400527
2024-08-16 13:44:29,74600.0,100,Sell,232401378
2024-08-16 13:44:42,74600.0,1000,Sell,232401769
2024-08-16 13:44:43,74600.0,1000,Sell,232401797
2024-08-16 13:44:43,74600.0,500,Sell,232401798
2024-08-16 13:45:29,74600.0,200,Buy,232403456
2024-08-16 13:45:29,74600.0,200,Buy,232403457
2024-08-16 13:45:29,74600.0,100,Buy,232403458
2024-08-16 13:45:52,74600.0,200,Buy,232404348
2024-08-16 13:45:57,74600.0,100,Buy,232404526
2024-08-16 13:46:18,74600.0,400,Buy,232405504
2024-08-16 13:46:18,74600.0,100,Buy,232405503
2024-08-16 13:46:18,74600.0,400,Buy,232405484
2024-08-16 13:46:18,74600.0,100,Buy,232405485
2024-08-16 13:46:19,74600.0,100,Buy,232405522
2024-08-16 13:47:01,74600.0,2000,Buy,232407105
2024-08-16 13:47:03,74600.0,500,Buy,232407131
2024-08-16 13:47:03,74600.0,100,Buy,232407132
2024-08-16 13:47:09,74600.0,200,Sell,232407373
2024-08-16 13:47:28,74600.0,1200,Sell,232408200
2024-08-16 13:47:59,74600.0,100,Sell,232409520
2024-08-16 13:48:15,74700.0,800,Buy,232410198
2024-08-16 13:48:15,74700.0,3200,Buy,232410178
2024-08-16 13:48:15,74700.0,100,Buy,232410179
2024-08-16 13:48:15,74700.0,700,Buy,232410180
2024-08-16 13:48:44,74800.0,1600,Buy,232411207
2024-08-16 13:48:54,74700.0,200,Sell,232411546
2024-08-16 13:48:54,74700.0,9800,Buy,232411547
2024-08-16 13:49:37,74700.0,200,Sell,232413226
2024-08-16 13:49:37,74700.0,200,Sell,232413227
2024-08-16 13:49:37,74700.0,100,Sell,232413228
2024-08-16 13:49:50,74700.0,900,Sell,232413719
2024-08-16 13:49:50,74700.0,100,Sell,232413720
2024-08-16 13:49:57,74700.0,100,Sell,232413981
2024-08-16 13:50:07,74700.0,300,Sell,232414302
2024-08-16 13:50:22,74700.0,200,Buy,232414776
2024-08-16 13:50:22,74700.0,700,Buy,232414775
2024-08-16 13:51:17,74700.0,500,Sell,232417247
2024-08-16 13:51:27,74800.0,1500,Buy,232417595
2024-08-16 13:51:34,74800.0,200,Buy,232417988
2024-08-16 13:51:34,74800.0,200,Buy,232417989
2024-08-16 13:51:34,74800.0,500,Buy,232417990
2024-08-16 13:51:34,74800.0,900,Buy,232417991
2024-08-16 13:51:34,74800.0,100,Buy,232417992
2024-08-16 13:51:34,74800.0,300,Buy,232417993
2024-08-16 13:51:34,74900.0,200,Buy,232417994
2024-08-16 13:51:39,74700.0,100,Sell,232418203
2024-08-16 13:51:44,74700.0,700,Sell,232418404
2024-08-16 13:51:44,74700.0,1600,Sell,232418403
2024-08-16 13:51:44,74700.0,500,Sell,232418400
2024-08-16 13:51:44,74700.0,100,Sell,232418401
2024-08-16 13:51:44,74700.0,500,Sell,232418402
2024-08-16 13:51:45,74700.0,26600,Buy,232418422
2024-08-16 13:52:32,74700.0,100,Sell,232420376
2024-08-16 13:53:06,74800.0,100,Sell,232421837
2024-08-16 13:53:06,74800.0,2900,Sell,232421838
2024-08-16 13:53:22,74700.0,100,Sell,232422331
2024-08-16 13:53:35,74700.0,100,Sell,232422755
2024-08-16 13:53:53,74800.0,100,Buy,232423323
2024-08-16 13:53:53,74800.0,100,Buy,232423324
2024-08-16 13:53:56,75000.0,500,Buy,232423457
2024-08-16 13:53:56,75000.0,500,Buy,232423458
2024-08-16 13:53:56,75000.0,200,Buy,232423459
2024-08-16 13:53:56,75000.0,100,Buy,232423460
2024-08-16 13:53:56,75000.0,100,Buy,232423480
2024-08-16 13:53:56,75000.0,100,Buy,232423461
2024-08-16 13:53:56,75000.0,500,Buy,232423462
2024-08-16 13:53:56,75000.0,200,Buy,232423463
2024-08-16 13:53:56,75000.0,200,Buy,232423481
2024-08-16 13:53:56,75000.0,5000,Buy,232423456
2024-08-16 13:53:56,75000.0,200,Buy,232423455
2024-08-16 13:53:56,74900.0,1500,Buy,232423448
2024-08-16 13:53:56,75000.0,100,Buy,232423453
2024-08-16 13:53:56,75000.0,300,Buy,232423452
2024-08-16 13:53:56,75000.0,100,Buy,232423451
2024-08-16 13:53:56,74900.0,100,Buy,232423450
2024-08-16 13:53:56,74900.0,200,Buy,232423449
2024-08-16 13:53:56,74900.0,1000,Buy,232423447
2024-08-16 13:53:56,74900.0,100,Buy,232423446
2024-08-16 13:53:56,74900.0,1000,Buy,232423445
2024-08-16 13:53:56,74900.0,3000,Buy,232423444
2024-08-16 13:53:56,74900.0,300,Buy,232423443
2024-08-16 13:53:56,75000.0,1200,Buy,232423454
2024-08-16 13:54:09,75000.0,100,Buy,232424105
2024-08-16 13:54:09,75000.0,300,Buy,232424104
2024-08-16 13:54:09,75000.0,100,Buy,232424103
2024-08-16 13:54:09,75000.0,200,Buy,232424102
2024-08-16 13:54:09,75000.0,200,Buy,232424097
2024-08-16 13:54:09,75000.0,100,Buy,232424100
2024-08-16 13:54:09,75000.0,2000,Buy,232424099
2024-08-16 13:54:09,75000.0,200,Buy,232424098
2024-08-16 13:54:09,75000.0,2000,Buy,232424106
2024-08-16 13:54:09,75000.0,300,Buy,232424101
2024-08-16 13:54:09,75000.0,600,Buy,232424107
2024-08-16 13:54:09,75000.0,500,Buy,232424112
2024-08-16 13:54:09,75000.0,100,Buy,232424109
2024-08-16 13:54:09,75000.0,2000,Buy,232424110
2024-08-16 13:54:09,75000.0,3000,Buy,232424111
2024-08-16 13:54:09,75000.0,5000,Buy,232424113
2024-08-16 13:54:09,75000.0,100,Buy,232424114
2024-08-16 13:54:09,75000.0,1100,Buy,232424115
2024-08-16 13:54:09,75000.0,19800,Buy,232424116
2024-08-16 13:54:09,75000.0,200,Buy,232424117
2024-08-16 13:54:09,75000.0,100,Buy,232424118
2024-08-16 13:54:09,75000.0,1000,Buy,232424119
2024-08-16 13:54:09,75000.0,400,Buy,232424108
2024-08-16 13:54:09,75000.0,200,Buy,232424095
2024-08-16 13:54:09,75000.0,100,Buy,232424096
2024-08-16 13:54:09,75000.0,200,Buy,232424093
2024-08-16 13:54:09,75000.0,300,Buy,232424070
2024-08-16 13:54:09,75000.0,200,Buy,232424071
2024-08-16 13:54:09,75000.0,200,Buy,232424072
2024-08-16 13:54:09,75000.0,300,Buy,232424074
2024-08-16 13:54:09,75000.0,19200,Buy,232424075
2024-08-16 13:54:09,75000.0,200,Buy,232424076
2024-08-16 13:54:09,75000.0,1000,Buy,232424077
2024-08-16 13:54:09,75000.0,100,Buy,232424078
2024-08-16 13:54:09,75000.0,100,Buy,232424079
2024-08-16 13:54:09,75000.0,1000,Buy,232424080
2024-08-16 13:54:09,75000.0,300,Buy,232424081
2024-08-16 13:54:09,75000.0,100,Buy,232424073
2024-08-16 13:54:09,75000.0,10000,Buy,232424083
2024-08-16 13:54:09,75000.0,100,Buy,232424082
2024-08-16 13:54:09,75000.0,200,Buy,232424092
2024-08-16 13:54:09,75000.0,100,Buy,232424091
2024-08-16 13:54:09,75000.0,200,Buy,232424090
2024-08-16 13:54:09,75000.0,100,Buy,232424089
2024-08-16 13:54:09,75000.0,100,Buy,232424094
2024-08-16 13:54:09,75000.0,100,Buy,232424087
2024-08-16 13:54:09,75000.0,1500,Buy,232424086
2024-08-16 13:54:09,75000.0,300,Buy,232424085
2024-08-16 13:54:09,75000.0,1000,Buy,232424084
2024-08-16 13:54:09,75000.0,300,Buy,232424088
2024-08-16 13:54:10,75100.0,100,Buy,232424174
2024-08-16 13:54:10,75100.0,500,Buy,232424171
2024-08-16 13:54:10,75100.0,100,Buy,232424172
2024-08-16 13:54:10,75100.0,300,Buy,232424173
2024-08-16 13:54:12,75200.0,2000,Buy,232424303
2024-08-16 13:54:12,75200.0,1000,Buy,232424302
2024-08-16 13:54:12,75200.0,500,Buy,232424301
2024-08-16 13:54:12,75200.0,100,Buy,232424299
2024-08-16 13:54:12,75200.0,200,Buy,232424300
2024-08-16 13:54:13,75300.0,300,Buy,232424337
2024-08-16 13:54:13,75300.0,100,Buy,232424338
2024-08-16 13:54:13,75300.0,100,Buy,232424339
2024-08-16 13:54:13,75300.0,500,Buy,232424340
2024-08-16 13:54:13,75300.0,200,Buy,232424341
2024-08-16 13:54:22,75300.0,100,Buy,232424636
2024-08-16 13:54:23,75300.0,100,Buy,232424874
2024-08-16 13:54:41,75400.0,300,Buy,232425915
2024-08-16 13:54:41,75400.0,100,Buy,232425914
2024-08-16 13:54:41,75300.0,500,Buy,232425912
2024-08-16 13:54:41,75400.0,100,Buy,232425913
2024-08-16 13:54:46,75400.0,700,Buy,232426282
2024-08-16 13:54:46,75400.0,500,Buy,232426283
2024-08-16 13:54:46,75400.0,500,Buy,232426284
2024-08-16 13:54:46,75400.0,100,Buy,232426285
2024-08-16 13:54:46,75500.0,200,Buy,232426286
2024-08-16 13:54:46,75500.0,2000,Buy,232426287
2024-08-16 13:54:46,75500.0,5000,Buy,232426288
2024-08-16 13:54:46,75500.0,1000,Buy,232426289
2024-08-16 13:54:51,75400.0,100,Sell,232426425
2024-08-16 13:54:52,75500.0,1000,Buy,232426476
2024-08-16 13:54:52,75500.0,1000,Buy,232426475
2024-08-16 13:54:52,75500.0,1000,Buy,232426474
2024-08-16 13:54:52,75500.0,100,Buy,232426473
2024-08-16 13:54:52,75500.0,100,Buy,232426472
2024-08-16 13:54:52,75500.0,100,Buy,232426470
2024-08-16 13:54:52,75500.0,700,Buy,232426477
2024-08-16 13:54:52,75500.0,2600,Buy,232426469
2024-08-16 13:54:52,75500.0,3000,Buy,232426471
2024-08-16 13:54:52,75500.0,1000,Buy,232426467
2024-08-16 13:54:52,75500.0,5000,Buy,232426466
2024-08-16 13:54:52,75500.0,2000,Buy,232426465
2024-08-16 13:54:52,75500.0,2000,Buy,232426464
2024-08-16 13:54:52,75500.0,200,Buy,232426463
2024-08-16 13:54:52,75500.0,100,Buy,232426462
2024-08-16 13:54:52,75500.0,11000,Buy,232426461
2024-08-16 13:54:52,75500.0,2000,Buy,232426460
2024-08-16 13:54:52,75500.0,100,Buy,232426468
2024-08-16 13:54:54,75600.0,100,Buy,232426633
2024-08-16 13:54:55,75600.0,100,Buy,232426637
2024-08-16 13:54:55,75600.0,100,Buy,232426636
2024-08-16 13:54:55,75600.0,100,Buy,232426634
2024-08-16 13:54:55,75600.0,500,Buy,232426635
2024-08-16 13:54:59,75500.0,200,Sell,232426827
2024-08-16 13:55:00,75500.0,200,Sell,232426886
2024-08-16 13:55:10,75700.0,100,Buy,232427461
2024-08-16 13:55:14,75900.0,100,Buy,232427575
2024-08-16 13:55:14,75900.0,100,Buy,232427579
2024-08-16 13:55:14,75900.0,200,Buy,232427578
2024-08-16 13:55:14,75900.0,100,Buy,232427577
2024-08-16 13:55:14,75900.0,1000,Buy,232427576
2024-08-16 13:55:14,75900.0,100,Buy,232427574
2024-08-16 13:55:14,75900.0,100,Buy,232427580
2024-08-16 13:55:14,75800.0,100,Buy,232427572
2024-08-16 13:55:14,75700.0,100,Buy,232427567
2024-08-16 13:55:14,75700.0,100,Buy,232427568
2024-08-16 13:55:14,75800.0,200,Buy,232427573
2024-08-16 13:55:14,75700.0,100,Buy,232427570
2024-08-16 13:55:14,75700.0,300,Buy,232427569
2024-08-16 13:55:14,75800.0,3000,Buy,232427571
2024-08-16 13:55:15,75900.0,4400,Sell,232427652
2024-08-16 13:55:30,75700.0,600,Buy,232428373
2024-08-16 13:55:30,75700.0,4400,Buy,232428374
2024-08-16 13:55:36,75700.0,100,Buy,232428805
2024-08-16 13:55:36,75700.0,100,Buy,232428806
2024-08-16 13:55:37,75800.0,100,Buy,232428849
2024-08-16 13:55:44,75900.0,100,Buy,232429210
2024-08-16 13:55:50,75900.0,100,Buy,232429371
2024-08-16 13:55:50,75900.0,300,Buy,232429370
2024-08-16 13:55:50,75900.0,100,Buy,232429372
2024-08-16 13:55:50,75900.0,100,Buy,232429368
2024-08-16 13:55:50,75900.0,400,Buy,232429367
2024-08-16 13:55:50,75900.0,2000,Buy,232429369
2024-08-16 13:55:53,76000.0,800,Buy,232429517
2024-08-16 13:55:53,76000.0,100,Buy,232429518
2024-08-16 13:55:53,76000.0,200,Buy,232429519
2024-08-16 13:55:53,76000.0,300,Buy,232429520
2024-08-16 13:55:53,76000.0,200,Buy,232429521
2024-08-16 13:55:53,76000.0,2000,Buy,232429522
2024-08-16 13:55:53,76000.0,1400,Buy,232429523
2024-08-16 13:55:56,76000.0,100,Buy,232429618
2024-08-16 13:55:56,76000.0,100,Buy,232429620
2024-08-16 13:55:56,76000.0,100,Buy,232429619
2024-08-16 13:55:56,76000.0,100,Buy,232429617
2024-08-16 13:55:56,76000.0,200,Buy,232429615
2024-08-16 13:55:56,76000.0,100,Buy,232429614
2024-08-16 13:55:56,76000.0,1300,Buy,232429613
2024-08-16 13:55:56,76000.0,100,Buy,232429612
2024-08-16 13:55:56,76000.0,300,Buy,232429616
2024-08-16 13:55:56,76000.0,600,Buy,232429611
2024-08-16 13:55:58,75900.0,100,Sell,232429730
2024-08-16 13:55:59,75900.0,400,Sell,232429764
2024-08-16 13:56:00,75900.0,700,Buy,232429890
2024-08-16 13:56:01,76000.0,1000,Buy,232429912
2024-08-16 13:56:01,76000.0,200,Buy,232429913
2024-08-16 13:56:01,76000.0,100,Buy,232429914
2024-08-16 13:56:01,76000.0,400,Buy,232429915
2024-08-16 13:56:01,76000.0,100,Buy,232429916
2024-08-16 13:56:01,76000.0,200,Buy,232429917
2024-08-16 13:56:01,76000.0,400,Buy,232429921
2024-08-16 13:56:01,76000.0,100,Buy,232429919
2024-08-16 13:56:01,76000.0,200,Buy,232429920
2024-08-16 13:56:01,76000.0,100,Buy,232429922
2024-08-16 13:56:01,76000.0,300,Buy,232429923
2024-08-16 13:56:01,76000.0,300,Buy,232429925
2024-08-16 13:56:01,76000.0,3300,Buy,232429926
2024-08-16 13:56:01,76000.0,100,Buy,232429918
2024-08-16 13:56:01,76000.0,300,Buy,232429911
2024-08-16 13:56:01,76000.0,100,Buy,232429902
2024-08-16 13:56:01,76000.0,1400,Buy,232429909
2024-08-16 13:56:01,76000.0,400,Buy,232429910
2024-08-16 13:56:01,75900.0,900,Buy,232429894
2024-08-16 13:56:01,76000.0,4900,Buy,232429895
2024-08-16 13:56:01,76000.0,500,Buy,232429896
2024-08-16 13:56:01,76000.0,500,Buy,232429897
2024-08-16 13:56:01,76000.0,1000,Buy,232429898
2024-08-16 13:56:01,76000.0,500,Buy,232429899
2024-08-16 13:56:01,76000.0,1500,Buy,232429901
2024-08-16 13:56:01,76000.0,500,Buy,232429903
2024-08-16 13:56:01,76000.0,100,Buy,232429904
2024-08-16 13:56:01,76000.0,1300,Buy,232429905
2024-08-16 13:56:01,76000.0,200,Buy,232429906
2024-08-16 13:56:01,76000.0,1000,Buy,232429907
2024-08-16 13:56:01,76000.0,1000,Buy,232429908
2024-08-16 13:56:01,76000.0,200,Buy,232429900
2024-08-16 13:56:04,75900.0,1000,Buy,232430073
2024-08-16 13:56:09,75900.0,1000,Buy,232430235
2024-08-16 13:56:09,75900.0,300,Buy,232430236
2024-08-16 13:56:10,76000.0,1000,Buy,232430281
2024-08-16 13:56:18,75900.0,700,Sell,232430611
2024-08-16 13:56:37,76000.0,300,Buy,232431419
2024-08-16 13:56:37,76000.0,400,Buy,232431422
2024-08-16 13:56:37,76000.0,100,Buy,232431421
2024-08-16 13:56:37,76000.0,300,Buy,232431420
2024-08-16 13:56:37,76000.0,500,Buy,232431418
2024-08-16 13:56:37,75800.0,100,Sell,232431402
2024-08-16 13:56:37,76000.0,100,Buy,232431416
2024-08-16 13:56:37,76000.0,700,Buy,232431415
2024-08-16 13:56:37,75900.0,100,Buy,232431414
2024-08-16 13:56:37,75900.0,1300,Buy,232431413
2024-08-16 13:56:37,76000.0,1000,Buy,232431417
2024-08-16 13:56:48,76000.0,300,Sell,232431874
2024-08-16 13:56:53,76100.0,100,Buy,232432044
2024-08-16 13:56:57,76100.0,100,Buy,232432189
2024-08-16 13:56:57,76000.0,500,Sell,232432188
2024-08-16 13:57:28,76100.0,1000,Buy,232433380
2024-08-16 13:57:28,76100.0,100,Buy,232433379
2024-08-16 13:57:31,76100.0,3000,Buy,232433491
2024-08-16 13:57:31,76100.0,300,Buy,232433492
2024-08-16 13:57:31,76100.0,100,Buy,232433493
2024-08-16 13:57:31,76100.0,500,Buy,232433494
2024-08-16 13:57:31,76100.0,100,Buy,232433495
2024-08-16 13:57:33,76100.0,500,Sell,232433581
2024-08-16 13:57:33,76000.0,100,Sell,232433582
2024-08-16 13:57:34,76000.0,3000,Sell,232433594
2024-08-16 13:57:36,76100.0,500,Sell,232433657
2024-08-16 13:57:43,76000.0,200,Sell,232433868
2024-08-16 13:57:50,76200.0,300,Buy,232434122
2024-08-16 13:57:50,76200.0,500,Buy,232434121
2024-08-16 13:57:50,76200.0,100,Buy,232434120
2024-08-16 13:57:50,76200.0,1000,Buy,232434117
2024-08-16 13:57:50,76200.0,100,Buy,232434116
2024-08-16 13:57:50,76200.0,300,Buy,232434119
2024-08-16 13:57:50,76100.0,200,Buy,232434114
2024-08-16 13:57:50,76200.0,200,Buy,232434115
2024-08-16 13:57:50,76100.0,500,Buy,232434110
2024-08-16 13:57:50,76100.0,1000,Buy,232434111
2024-08-16 13:57:50,76200.0,300,Buy,232434118
2024-08-16 13:57:50,76100.0,100,Buy,232434113
2024-08-16 13:57:50,76100.0,400,Buy,232434112
2024-08-16 13:58:01,76200.0,100,Buy,232434612
2024-08-16 13:58:06,76200.0,300,Buy,232434760
2024-08-16 13:58:11,76100.0,100,Sell,232434897
2024-08-16 13:58:11,76100.0,700,Buy,232434901
2024-08-16 13:58:11,76200.0,300,Buy,232434902
2024-08-16 13:58:21,76000.0,2000,Sell,232435280
2024-08-16 13:58:23,76100.0,100,Buy,232435302
2024-08-16 13:58:27,76100.0,100,Buy,232435485
2024-08-16 13:58:40,76200.0,100,Buy,232435965
2024-08-16 13:58:45,76100.0,100,Sell,232436178
2024-08-16 13:58:53,76200.0,100,Buy,232436408
2024-08-16 13:58:59,76200.0,100,Buy,232436584
2024-08-16 13:58:59,76200.0,200,Buy,232436585
2024-08-16 13:59:04,76100.0,500,Sell,232436699
2024-08-16 13:59:04,76100.0,500,Sell,232436700
2024-08-16 13:59:07,76200.0,100,Buy,232436812
2024-08-16 13:59:09,76100.0,500,Sell,232436879
2024-08-16 13:59:17,76200.0,100,Buy,232437146
2024-08-16 13:59:42,76000.0,500,Sell,232438302
2024-08-16 13:59:49,76000.0,500,Sell,232438545
2024-08-16 13:59:51,76000.0,1000,Sell,232438639
2024-08-16 13:59:52,76100.0,200,Buy,232438645
2024-08-16 13:59:55,76000.0,3000,Sell,232438776
2024-08-16 13:59:59,76000.0,700,Sell,232438924
2024-08-16 13:59:59,76000.0,100,Sell,232438925
2024-08-16 13:59:59,76000.0,100,Sell,232438926
2024-08-16 13:59:59,76000.0,100,Sell,232438927
2024-08-16 14:00:02,76000.0,200,Sell,232439036
2024-08-16 14:00:02,76000.0,100,Sell,232439034
2024-08-16 14:00:02,76000.0,500,Sell,232439035
2024-08-16 14:00:15,76000.0,300,Buy,232439476
2024-08-16 14:00:15,76000.0,100,Buy,232439477
2024-08-16 14:00:15,76000.0,100,Buy,232439478
2024-08-16 14:00:15,76000.0,100,Buy,232439479
2024-08-16 14:00:15,76000.0,1000,Buy,232439480
2024-08-16 14:00:15,76000.0,100,Sell,232439495
2024-08-16 14:00:15,76000.0,200,Buy,232439475
2024-08-16 14:00:22,76000.0,1000,Sell,232439786
2024-08-16 14:00:22,76000.0,500,Sell,232439787
2024-08-16 14:00:25,76000.0,100,Sell,232439937
2024-08-16 14:00:39,76000.0,100,Sell,232440440
2024-08-16 14:00:39,76100.0,100,Buy,232440456
2024-08-16 14:00:42,76000.0,100,Sell,232440539
2024-08-16 14:00:45,76000.0,300,Sell,232440775
2024-08-16 14:00:46,76000.0,100,Sell,232440823
2024-08-16 14:00:50,76100.0,100,Buy,232440949
2024-08-16 14:00:53,76000.0,100,Sell,232441049
2024-08-16 14:00:58,76000.0,700,Sell,232441217
2024-08-16 14:01:00,76100.0,100,Buy,232441296
2024-08-16 14:01:10,76000.0,300,Sell,232441603
2024-08-16 14:01:18,76100.0,100,Buy,232441852
2024-08-16 14:01:28,76000.0,3200,Sell,232442131
2024-08-16 14:01:28,76000.0,3900,Sell,232442129
2024-08-16 14:01:28,76000.0,500,Sell,232442130
2024-08-16 14:01:36,76000.0,2000,Sell,232442371
2024-08-16 14:01:39,76100.0,100,Buy,232442473
2024-08-16 14:01:45,76000.0,300,Sell,232442685
2024-08-16 14:01:46,76000.0,1000,Sell,232442694
2024-08-16 14:01:51,76000.0,100,Sell,232442870
2024-08-16 14:01:53,76100.0,100,Buy,232442959
2024-08-16 14:01:54,76000.0,1000,Sell,232442991
2024-08-16 14:01:56,76000.0,100,Sell,232443047
2024-08-16 14:01:56,76000.0,300,Sell,232443046
2024-08-16 14:02:06,75900.0,100,Sell,232443528
2024-08-16 14:02:10,76000.0,300,Buy,232443667
2024-08-16 14:02:19,75900.0,500,Sell,232443987
2024-08-16 14:02:27,75900.0,200,Sell,232444198
2024-08-16 14:02:28,75900.0,1100,Sell,232444251
2024-08-16 14:02:36,75900.0,3100,Sell,232444544
2024-08-16 14:02:36,75900.0,100,Sell,232444545
2024-08-16 14:02:56,75900.0,600,Buy,232445303
2024-08-16 14:02:56,75900.0,4000,Buy,232445304
2024-08-16 14:02:56,75900.0,200,Buy,232445305
2024-08-16 14:03:02,75900.0,10000,Sell,232445514
2024-08-16 14:03:03,75900.0,100,Sell,232445523
2024-08-16 14:03:13,75900.0,100,Sell,232445885
2024-08-16 14:03:19,75900.0,400,Sell,232446128
2024-08-16 14:03:19,75900.0,100,Sell,232446129
2024-08-16 14:03:19,75900.0,100,Sell,232446130
2024-08-16 14:03:19,75900.0,100,Buy,232446131
2024-08-16 14:03:19,75900.0,2200,Sell,232446127
2024-08-16 14:03:45,75900.0,100,Buy,232447116
2024-08-16 14:03:52,75900.0,400,Buy,232447363
2024-08-16 14:03:52,75900.0,400,Buy,232447364
2024-08-16 14:03:52,75900.0,1000,Buy,232447361
2024-08-16 14:03:52,75900.0,300,Buy,232447362
2024-08-16 14:03:52,75900.0,1000,Buy,232447360
2024-08-16 14:04:01,76000.0,100,Buy,232447662
2024-08-16 14:04:12,75800.0,5000,Sell,232448044
2024-08-16 14:04:12,75800.0,1000,Sell,232448045
2024-08-16 14:04:12,75700.0,100,Sell,232448046
2024-08-16 14:04:12,75700.0,3400,Sell,232448047
2024-08-16 14:04:12,75900.0,500,Sell,232448043
2024-08-16 14:05:24,75900.0,100,Buy,232450746
2024-08-16 14:05:31,75800.0,300,Sell,232450993
2024-08-16 14:05:57,75800.0,300,Sell,232451784
2024-08-16 14:05:57,75800.0,200,Sell,232451783
2024-08-16 14:06:36,75800.0,100,Sell,232453036
2024-08-16 14:06:43,75800.0,200,Sell,232453240
2024-08-16 14:06:48,75800.0,400,Sell,232453484
2024-08-16 14:06:48,75800.0,1000,Sell,232453485
2024-08-16 14:06:48,75800.0,500,Sell,232453486
2024-08-16 14:06:48,75800.0,100,Sell,232453487
2024-08-16 14:06:48,75800.0,100,Sell,232453488
2024-08-16 14:06:49,75800.0,200,Sell,232453561
2024-08-16 14:06:49,75800.0,200,Sell,232453562
2024-08-16 14:06:51,75800.0,600,Buy,232453650
2024-08-16 14:06:52,75800.0,200,Buy,232453667
2024-08-16 14:06:57,75800.0,300,Buy,232453902
2024-08-16 14:07:00,75900.0,200,Buy,232453985
2024-08-16 14:07:00,75800.0,100,Sell,232453997
2024-08-16 14:07:06,75800.0,100,Sell,232454222
2024-08-16 14:07:06,75800.0,200,Sell,232454220
2024-08-16 14:07:06,75800.0,200,Sell,232454221
2024-08-16 14:07:15,75800.0,500,Sell,232454630
2024-08-16 14:07:15,75800.0,500,Sell,232454631
2024-08-16 14:07:34,75800.0,1000,Sell,232455277
2024-08-16 14:07:39,75800.0,100,Sell,232455428
2024-08-16 14:07:49,75800.0,1000,Sell,232455654
2024-08-16 14:08:10,75900.0,400,Buy,232456344
2024-08-16 14:08:32,75900.0,100,Buy,232457060
2024-08-16 14:08:48,75900.0,200,Buy,232457604
2024-08-16 14:08:52,75900.0,200,Buy,232457707
2024-08-16 14:09:06,75900.0,1000,Buy,232458139
2024-08-16 14:09:06,75900.0,1000,Buy,232458140
2024-08-16 14:09:15,75900.0,200,Buy,232458556
2024-08-16 14:09:15,75900.0,100,Sell,232458557
2024-08-16 14:09:16,75900.0,200,Buy,232458612
2024-08-16 14:09:26,75900.0,300,Buy,232458848
2024-08-16 14:09:35,75900.0,500,Buy,232459186
2024-08-16 14:10:44,75900.0,2000,Buy,232461286
2024-08-16 14:10:44,75900.0,100,Buy,232461285
2024-08-16 14:10:44,75900.0,900,Buy,232461284
2024-08-16 14:10:59,75900.0,100,Buy,232461751
2024-08-16 14:10:59,75900.0,200,Buy,232461752
2024-08-16 14:11:52,75900.0,100,Buy,232463710
2024-08-16 14:12:24,75900.0,200,Buy,232464784
2024-08-16 14:12:24,75900.0,100,Buy,232464785
2024-08-16 14:13:57,75900.0,100,Buy,232467775
2024-08-16 14:13:57,75900.0,200,Buy,232467776
2024-08-16 14:14:02,75900.0,200,Buy,232467906
2024-08-16 14:14:08,75800.0,100,Sell,232468168
2024-08-16 14:14:14,75800.0,500,Sell,232468361
2024-08-16 14:14:23,75800.0,700,Sell,232468688
2024-08-16 14:14:23,75800.0,300,Sell,232468687
2024-08-16 14:14:28,75800.0,300,Sell,232468780
2024-08-16 14:14:28,75800.0,100,Sell,232468781
2024-08-16 14:14:29,75800.0,1000,Sell,232468812
2024-08-16 14:14:29,75800.0,100,Sell,232468830
2024-08-16 14:14:32,75800.0,200,Sell,232468896
2024-08-16 14:14:47,75800.0,500,Sell,232469505
2024-08-16 14:15:01,75800.0,100,Sell,232469878
2024-08-16 14:15:08,75900.0,200,Buy,232470080
2024-08-16 14:15:17,75800.0,100,Sell,232470315
2024-08-16 14:15:17,75800.0,100,Sell,232470314
2024-08-16 14:15:17,75800.0,2300,Sell,232470316
2024-08-16 14:15:28,75800.0,200,Buy,232470725
2024-08-16 14:15:28,75800.0,500,Buy,232470723
2024-08-16 14:15:28,75800.0,300,Buy,232470724
2024-08-16 14:15:29,75700.0,900,Sell,232470741
2024-08-16 14:15:29,75700.0,100,Sell,232470742
2024-08-16 14:15:31,75800.0,300,Buy,232470778
2024-08-16 14:15:47,75800.0,100,Sell,232471580
2024-08-16 14:16:22,75800.0,100,Sell,232472585
2024-08-16 14:17:10,75800.0,300,Sell,232474355
2024-08-16 14:17:36,75800.0,3000,Sell,232475161
2024-08-16 14:17:38,75800.0,2000,Sell,232475219
2024-08-16 14:17:40,75800.0,100,Sell,232475295
2024-08-16 14:17:40,75800.0,200,Sell,232475298
2024-08-16 14:17:40,75800.0,700,Sell,232475294
2024-08-16 14:18:21,75700.0,100,Sell,232476710
2024-08-16 14:18:21,75700.0,200,Sell,232476711
2024-08-16 14:18:46,75700.0,500,Sell,232477577
2024-08-16 14:18:48,75700.0,2300,Sell,232477703
2024-08-16 14:19:05,75700.0,100,Buy,232478419
2024-08-16 14:19:27,75700.0,100,Buy,232479701
2024-08-16 14:19:27,75700.0,100,Buy,232479700
2024-08-16 14:19:34,75700.0,900,Buy,232480119
2024-08-16 14:19:34,75700.0,100,Buy,232480120
2024-08-16 14:19:53,75600.0,200,Sell,232480829
2024-08-16 14:19:56,75700.0,1500,Buy,232480902
2024-08-16 14:19:57,75700.0,100,Buy,232480952
2024-08-16 14:19:58,75700.0,100,Sell,232480994
2024-08-16 14:20:08,75700.0,800,Sell,232481305
2024-08-16 14:20:48,75600.0,500,Sell,232482707
2024-08-16 14:20:48,75600.0,300,Sell,232482704
2024-08-16 14:20:48,75600.0,100,Sell,232482705
2024-08-16 14:20:48,75600.0,100,Sell,232482706
2024-08-16 14:20:55,75600.0,200,Sell,232482959
2024-08-16 14:21:23,75600.0,300,Buy,232484221
2024-08-16 14:22:22,75600.0,200,Buy,232486396
2024-08-16 14:22:22,75600.0,100,Buy,232486397
2024-08-16 14:22:22,75600.0,1000,Buy,232486398
2024-08-16 14:22:36,75600.0,200,Sell,232486852
2024-08-16 14:22:36,75600.0,1500,Sell,232486853
2024-08-16 14:23:32,75600.0,200,Buy,232488731
2024-08-16 14:24:01,75600.0,100,Buy,232489804
2024-08-16 14:24:01,75600.0,100,Buy,232489803
2024-08-16 14:24:11,75400.0,3000,Sell,232490264
2024-08-16 14:24:11,75400.0,200,Sell,232490263
2024-08-16 14:24:11,75500.0,3500,Sell,232490262
2024-08-16 14:24:11,75500.0,100,Sell,232490257
2024-08-16 14:24:11,75500.0,100,Sell,232490260
2024-08-16 14:24:11,75500.0,400,Sell,232490259
2024-08-16 14:24:11,75500.0,100,Sell,232490258
2024-08-16 14:24:11,75500.0,500,Sell,232490261
2024-08-16 14:24:19,75400.0,2100,Buy,232490506
2024-08-16 14:24:39,75400.0,100,Sell,232491152
2024-08-16 14:25:05,75400.0,500,Buy,232492061
2024-08-16 14:25:10,75500.0,100,Buy,232492288
2024-08-16 14:25:29,75600.0,300,Buy,232493032
2024-08-16 14:25:29,75600.0,1000,Buy,232493033
2024-08-16 14:25:32,75600.0,100,Buy,232493132
2024-08-16 14:25:44,75600.0,800,Sell,232493717
2024-08-16 14:25:57,75600.0,100,Buy,232494207
2024-08-16 14:25:58,75600.0,100,Buy,232494220
2024-08-16 14:25:58,75600.0,500,Buy,232494221
2024-08-16 14:26:00,75600.0,100,Sell,232494324
2024-08-16 14:26:00,75600.0,300,Sell,232494303
2024-08-16 14:26:20,75600.0,1000,Buy,232495081
2024-08-16 14:26:32,75500.0,100,Sell,232495553
2024-08-16 14:26:43,75500.0,200,Sell,232495989
2024-08-16 14:26:59,75500.0,200,Sell,232496639
2024-08-16 14:27:27,75500.0,300,Buy,232497915
2024-08-16 14:27:39,75400.0,100,Buy,232498451
2024-08-16 14:28:05,75300.0,500,Sell,232499573
2024-08-16 14:28:52,75200.0,500,Buy,232501741
2024-08-16 14:28:52,75200.0,200,Buy,232501766
2024-08-16 14:28:54,75200.0,500,Buy,232501824
2024-08-16 14:28:58,75200.0,1700,Buy,232502155
2024-08-16 14:29:00,75300.0,200,Buy,232502238
2024-08-16 14:29:02,75300.0,500,Buy,232502296
2024-08-16 14:29:02,75300.0,500,Buy,232502268
2024-08-16 14:29:02,75300.0,1000,Buy,232502295
2024-08-16 14:29:14,75200.0,100,Sell,232503062
2024-08-16 14:29:17,75400.0,700,Buy,232503346
2024-08-16 14:29:27,75500.0,200,Buy,232503951
2024-08-16 14:29:27,75500.0,100,Buy,232503952
2024-08-16 14:29:27,75500.0,200,Buy,232503953
2024-08-16 14:29:27,75500.0,200,Buy,232503954
2024-08-16 14:44:38,75500.0,23500,ATO/ATC,232505682
