time,price,volume,match_type,id
2024-08-01 09:14:41,75000.0,13200,ATO/ATC,227892948
2024-08-01 09:14:51,75000.0,200,Buy,227893309
2024-08-01 09:15:12,75000.0,100,Buy,227893650
2024-08-01 09:15:20,75000.0,100,Buy,227893778
2024-08-01 09:16:10,75000.0,200,Buy,227894777
2024-08-01 09:16:24,75000.0,100,Buy,227895063
2024-08-01 09:16:46,75000.0,5000,Buy,227895509
2024-08-01 09:17:06,75000.0,100,Buy,227895925
2024-08-01 09:17:13,75000.0,300,Buy,227896061
2024-08-01 09:17:15,75000.0,100,Buy,227896132
2024-08-01 09:17:37,75000.0,3000,Buy,227896573
2024-08-01 09:17:37,75000.0,2000,Buy,227896574
2024-08-01 09:17:45,75000.0,2000,Buy,227896784
2024-08-01 09:17:51,75000.0,1300,Buy,227896921
2024-08-01 09:17:53,75000.0,500,Buy,227896961
2024-08-01 09:17:59,75000.0,200,Buy,227897137
2024-08-01 09:18:20,75000.0,700,Buy,227897565
2024-08-01 09:18:24,75000.0,100,Buy,227897677
2024-08-01 09:19:02,75000.0,100,Buy,227898684
2024-08-01 09:19:26,75000.0,100,Buy,227899261
2024-08-01 09:19:27,75000.0,1200,Buy,227899278
2024-08-01 09:19:50,75000.0,100,Buy,227899810
2024-08-01 09:20:38,75000.0,200,Buy,227900901
2024-08-01 09:20:56,75000.0,200,Buy,227901240
2024-08-01 09:21:03,75000.0,100,Buy,227901433
2024-08-01 09:21:28,75000.0,5000,Buy,227901992
2024-08-01 09:22:58,74900.0,1500,Sell,227904299
2024-08-01 09:22:58,74800.0,100,Sell,227904300
2024-08-01 09:22:58,74800.0,1000,Sell,227904301
2024-08-01 09:23:12,74800.0,100,Buy,227904590
2024-08-01 09:23:19,74600.0,100,Sell,227904731
2024-08-01 09:23:27,74500.0,1000,Sell,227904940
2024-08-01 09:23:27,74500.0,500,Sell,227904939
2024-08-01 09:23:27,74500.0,100,Sell,227904938
2024-08-01 09:23:27,74500.0,100,Sell,227904937
2024-08-01 09:23:27,74500.0,300,Sell,227904936
2024-08-01 09:23:27,74500.0,100,Sell,227904932
2024-08-01 09:23:27,74500.0,100,Sell,227904933
2024-08-01 09:23:27,74500.0,100,Sell,227904931
2024-08-01 09:23:27,74500.0,500,Sell,227904935
2024-08-01 09:23:27,74500.0,200,Sell,227904929
2024-08-01 09:23:27,74500.0,300,Sell,227904930
2024-08-01 09:23:27,74600.0,900,Sell,227904922
2024-08-01 09:23:27,74600.0,100,Sell,227904923
2024-08-01 09:23:27,74600.0,100,Sell,227904924
2024-08-01 09:23:27,74500.0,1000,Sell,227904934
2024-08-01 09:23:27,74500.0,100,Sell,227904926
2024-08-01 09:23:27,74500.0,1500,Sell,227904927
2024-08-01 09:23:27,74600.0,100,Sell,227904925
2024-08-01 09:23:27,74500.0,1000,Sell,227904928
2024-08-01 09:23:46,74500.0,1900,Buy,227905481
2024-08-01 09:23:57,74500.0,100,Sell,227905765
2024-08-01 09:24:42,74600.0,100,Sell,227906853
2024-08-01 09:24:42,74500.0,100,Sell,227906854
2024-08-01 09:25:19,74500.0,100,Sell,227907863
2024-08-01 09:25:51,74500.0,800,Sell,227908712
2024-08-01 09:25:51,74500.0,100,Sell,227908713
2024-08-01 09:25:51,74500.0,2000,Sell,227908714
2024-08-01 09:25:51,74500.0,100,Sell,227908715
2024-08-01 09:25:51,74500.0,100,Sell,227908716
2024-08-01 09:25:51,74500.0,100,Sell,227908717
2024-08-01 09:26:41,74500.0,100,Sell,227910066
2024-08-01 09:26:41,74500.0,100,Sell,227910067
2024-08-01 09:26:47,74400.0,300,Buy,227910175
2024-08-01 09:26:59,74400.0,200,Buy,227910427
2024-08-01 09:26:59,74300.0,100,Sell,227910437
2024-08-01 09:27:17,74300.0,4200,Buy,227910867
2024-08-01 09:27:28,74300.0,100,Sell,227911167
2024-08-01 09:27:43,74400.0,100,Sell,227911595
2024-08-01 09:27:43,74300.0,3900,Sell,227911596
2024-08-01 09:27:54,74300.0,100,Sell,227911896
2024-08-01 09:29:13,74500.0,500,Sell,227913911
2024-08-01 09:29:31,74500.0,1600,Sell,227914348
2024-08-01 09:29:31,74500.0,2500,Sell,227914347
2024-08-01 09:29:45,74500.0,200,Buy,227914714
2024-08-01 09:30:07,74500.0,500,Buy,227915347
2024-08-01 09:30:13,74500.0,200,Buy,227915511
2024-08-01 09:30:34,74500.0,100,Sell,227915998
2024-08-01 09:30:51,74400.0,100,Sell,227916505
2024-08-01 09:30:51,74400.0,100,Sell,227916506
2024-08-01 09:31:17,74300.0,1600,Sell,227917058
2024-08-01 09:32:06,74300.0,100,Sell,227918182
2024-08-01 09:32:06,74300.0,100,Sell,227918181
2024-08-01 09:32:31,74400.0,300,Buy,227918845
2024-08-01 09:32:43,74300.0,500,Sell,227919168
2024-08-01 09:32:43,74300.0,1000,Sell,227919176
2024-08-01 09:32:43,74300.0,100,Sell,227919175
2024-08-01 09:32:43,74300.0,100,Sell,227919174
2024-08-01 09:32:43,74300.0,300,Sell,227919173
2024-08-01 09:32:43,74300.0,100,Sell,227919167
2024-08-01 09:32:43,74300.0,300,Sell,227919171
2024-08-01 09:32:43,74300.0,100,Sell,227919170
2024-08-01 09:32:43,74300.0,300,Sell,227919169
2024-08-01 09:32:43,74300.0,100,Sell,227919172
2024-08-01 09:33:05,74300.0,500,Buy,227919994
2024-08-01 09:33:16,74300.0,400,Sell,227920283
2024-08-01 09:34:01,74400.0,200,Buy,227921387
2024-08-01 09:35:02,74400.0,200,Buy,227922966
2024-08-01 09:35:11,74400.0,100,Buy,227923181
2024-08-01 09:35:11,74400.0,200,Buy,227923182
2024-08-01 09:35:11,74400.0,500,Buy,227923183
2024-08-01 09:35:24,74500.0,300,Buy,227923505
2024-08-01 09:35:24,74500.0,1200,Buy,227923504
2024-08-01 09:36:25,74500.0,100,Sell,227924897
2024-08-01 09:36:25,74500.0,500,Sell,227924900
2024-08-01 09:36:25,74500.0,1200,Sell,227924899
2024-08-01 09:36:25,74500.0,500,Sell,227924898
2024-08-01 09:36:26,74500.0,2700,Buy,227924924
2024-08-01 09:36:50,74500.0,3900,Buy,227925511
2024-08-01 09:37:44,74500.0,6100,Sell,227926645
2024-08-01 09:37:44,74500.0,500,Sell,227926646
2024-08-01 09:37:44,74500.0,300,Sell,227926648
2024-08-01 09:37:44,74500.0,300,Sell,227926649
2024-08-01 09:37:44,74500.0,2000,Sell,227926647
2024-08-01 09:37:45,74500.0,800,Buy,227926670
2024-08-01 09:41:03,74500.0,500,Sell,227930988
2024-08-01 09:41:03,74500.0,100,Sell,227930989
2024-08-01 09:41:03,74500.0,500,Sell,227930990
2024-08-01 09:41:03,74500.0,100,Sell,227930991
2024-08-01 09:42:13,74500.0,600,Sell,227932350
2024-08-01 09:46:56,74500.0,100,Sell,227938444
2024-08-01 09:46:56,74500.0,1400,Sell,227938442
2024-08-01 09:46:56,74500.0,500,Sell,227938443
2024-08-01 09:47:01,74500.0,100,Sell,227938559
2024-08-01 09:47:01,74500.0,100,Sell,227938562
2024-08-01 09:47:01,74500.0,500,Sell,227938558
2024-08-01 09:47:01,74500.0,200,Sell,227938560
2024-08-01 09:47:01,74500.0,100,Sell,227938561
2024-08-01 09:47:29,74800.0,500,Buy,227938989
2024-08-01 09:48:03,74800.0,100,Buy,227939528
2024-08-01 09:49:09,74500.0,500,Sell,227940933
2024-08-01 09:49:23,74500.0,700,Sell,227941242
2024-08-01 09:49:58,74500.0,800,Sell,227941958
2024-08-01 09:51:40,74600.0,100,Sell,227943737
2024-08-01 09:51:40,74600.0,300,Sell,227943738
2024-08-01 09:52:03,74600.0,100,Sell,227944112
2024-08-01 09:52:03,74600.0,300,Sell,227944113
2024-08-01 09:52:49,74600.0,100,Buy,227945149
2024-08-01 09:52:53,74600.0,1500,Buy,227945199
2024-08-01 09:53:45,74600.0,100,Sell,227946326
2024-08-01 09:55:08,74800.0,1000,Buy,227948343
2024-08-01 09:55:17,74800.0,700,Buy,227948508
2024-08-01 09:56:31,74900.0,400,Sell,227950712
2024-08-01 09:56:55,74900.0,500,Buy,227951628
2024-08-01 09:57:13,74900.0,100,Buy,227952139
2024-08-01 09:57:22,74900.0,100,Buy,227952549
2024-08-01 09:57:24,74800.0,200,Sell,227952597
2024-08-01 09:58:25,74800.0,100,Sell,227954528
2024-08-01 09:58:25,74800.0,100,Sell,227954529
2024-08-01 09:58:49,74800.0,200,Sell,227955595
2024-08-01 10:00:00,74800.0,200,Sell,227958361
2024-08-01 10:00:00,74800.0,100,Sell,227958363
2024-08-01 10:00:00,74800.0,200,Sell,227958362
2024-08-01 10:01:24,74700.0,100,Sell,227961296
2024-08-01 10:01:24,74700.0,100,Sell,227961297
2024-08-01 10:01:27,74800.0,100,Buy,227961438
2024-08-01 10:01:46,74800.0,400,Buy,227962298
2024-08-01 10:01:46,74800.0,100,Buy,227962299
2024-08-01 10:01:47,74600.0,200,Sell,227962313
2024-08-01 10:02:11,74600.0,200,Sell,227963242
2024-08-01 10:02:19,74600.0,200,Sell,227963633
2024-08-01 10:02:28,74600.0,100,Sell,227963970
2024-08-01 10:03:24,74500.0,100,Sell,227966479
2024-08-01 10:03:24,74500.0,100,Sell,227966478
2024-08-01 10:03:24,74500.0,100,Sell,227966477
2024-08-01 10:03:24,74500.0,500,Sell,227966476
2024-08-01 10:03:24,74500.0,300,Sell,227966475
2024-08-01 10:03:24,74500.0,100,Sell,227966474
2024-08-01 10:03:24,74500.0,10000,Sell,227966473
2024-08-01 10:03:24,74600.0,600,Sell,227966464
2024-08-01 10:03:24,74500.0,200,Sell,227966471
2024-08-01 10:03:24,74600.0,1000,Sell,227966465
2024-08-01 10:03:24,74500.0,200,Sell,227966466
2024-08-01 10:03:24,74500.0,100,Sell,227966467
2024-08-01 10:03:24,74500.0,200,Sell,227966472
2024-08-01 10:03:24,74500.0,100,Sell,227966469
2024-08-01 10:03:24,74500.0,200,Sell,227966470
2024-08-01 10:03:24,74500.0,200,Sell,227966468
2024-08-01 10:03:36,74500.0,6000,Buy,227966958
2024-08-01 10:04:52,74500.0,600,Sell,227970542
2024-08-01 10:05:01,74500.0,7400,Sell,227970984
2024-08-01 10:05:19,74400.0,100,Sell,227971692
2024-08-01 10:05:22,74400.0,2000,Sell,227971854
2024-08-01 10:05:30,74400.0,20000,Sell,227972249
2024-08-01 10:05:42,74500.0,500,Buy,227972852
2024-08-01 10:05:42,74500.0,100,Buy,227972850
2024-08-01 10:05:42,74500.0,600,Buy,227972849
2024-08-01 10:05:42,74500.0,2000,Buy,227972851
2024-08-01 10:06:03,74500.0,1000,Sell,227973892
2024-08-01 10:06:04,74500.0,5800,Sell,227973931
2024-08-01 10:06:43,74400.0,100,Sell,227975438
2024-08-01 10:06:57,74500.0,2000,Buy,227975937
2024-08-01 10:07:05,74500.0,100,Buy,227976283
2024-08-01 10:07:25,74500.0,2100,Buy,227976965
2024-08-01 10:08:06,74400.0,100,Sell,227978325
2024-08-01 10:08:50,74500.0,200,Sell,227979745
2024-08-01 10:08:50,74500.0,100,Sell,227979746
2024-08-01 10:08:50,74500.0,100,Sell,227979747
2024-08-01 10:08:50,74500.0,1100,Sell,227979748
2024-08-01 10:08:56,74400.0,100,Sell,227979945
2024-08-01 10:09:06,74400.0,100,Sell,227980233
2024-08-01 10:09:08,74400.0,1600,Sell,227980299
2024-08-01 10:09:20,74400.0,500,Sell,227980693
2024-08-01 10:09:40,74400.0,1500,Sell,227981255
2024-08-01 10:09:44,74400.0,800,Sell,227981391
2024-08-01 10:09:44,74400.0,100,Sell,227981390
2024-08-01 10:09:44,74400.0,2200,Sell,227981389
2024-08-01 10:09:44,74400.0,100,Sell,227981388
2024-08-01 10:09:44,74400.0,5000,Sell,227981387
2024-08-01 10:09:44,74400.0,600,Sell,227981386
2024-08-01 10:09:44,74400.0,200,Sell,227981380
2024-08-01 10:09:44,74400.0,500,Sell,227981384
2024-08-01 10:09:44,74400.0,100,Sell,227981383
2024-08-01 10:09:44,74400.0,100,Sell,227981382
2024-08-01 10:09:44,74400.0,200,Sell,227981381
2024-08-01 10:09:44,74400.0,1000,Sell,227981385
2024-08-01 10:09:44,74400.0,1100,Sell,227981379
2024-08-01 10:10:21,74400.0,200,Sell,227982312
2024-08-01 10:10:57,74400.0,100,Sell,227983192
2024-08-01 10:11:15,74400.0,800,Sell,227983595
2024-08-01 10:11:22,74400.0,800,Sell,227983761
2024-08-01 10:11:22,74400.0,100,Sell,227983758
2024-08-01 10:11:22,74400.0,500,Sell,227983759
2024-08-01 10:11:22,74400.0,100,Sell,227983760
2024-08-01 10:11:29,74400.0,100,Sell,227983906
2024-08-01 10:11:55,74400.0,100,Sell,227984641
2024-08-01 10:12:08,74600.0,1000,Buy,227984993
2024-08-01 10:12:24,74600.0,1000,Sell,227985311
2024-08-01 10:12:52,74500.0,100,Sell,227985835
2024-08-01 10:13:37,74700.0,200,Buy,227986563
2024-08-01 10:13:46,74700.0,300,Buy,227986784
2024-08-01 10:13:46,74700.0,500,Buy,227986785
2024-08-01 10:13:50,74700.0,100,Sell,227986831
2024-08-01 10:14:02,74700.0,800,Sell,227987028
2024-08-01 10:14:03,74700.0,200,Buy,227987044
2024-08-01 10:14:47,74600.0,100,Sell,227987730
2024-08-01 10:14:49,74500.0,400,Sell,227987773
2024-08-01 10:14:49,74600.0,100,Sell,227987771
2024-08-01 10:14:49,74600.0,1000,Sell,227987772
2024-08-01 10:15:45,74500.0,100,Sell,227988834
2024-08-01 10:16:42,74600.0,100,Sell,227989843
2024-08-01 10:17:26,74600.0,100,Sell,227990740
2024-08-01 10:17:40,74600.0,100,Sell,227990988
2024-08-01 10:18:10,74500.0,500,Sell,227991624
2024-08-01 10:18:10,74500.0,100,Sell,227991623
2024-08-01 10:18:10,74500.0,100,Sell,227991622
2024-08-01 10:18:10,74500.0,1400,Sell,227991621
2024-08-01 10:18:10,74500.0,400,Sell,227991619
2024-08-01 10:18:10,74600.0,900,Sell,227991612
2024-08-01 10:18:10,74500.0,300,Sell,227991617
2024-08-01 10:18:10,74500.0,4400,Sell,227991616
2024-08-01 10:18:10,74600.0,200,Sell,227991615
2024-08-01 10:18:10,74600.0,100,Sell,227991614
2024-08-01 10:18:10,74600.0,200,Sell,227991613
2024-08-01 10:18:10,74500.0,500,Sell,227991618
2024-08-01 10:18:10,74500.0,100,Sell,227991620
2024-08-01 10:18:34,74400.0,1500,Sell,227992142
2024-08-01 10:18:37,74400.0,100,Sell,227992168
2024-08-01 10:19:02,74400.0,100,Sell,227992662
2024-08-01 10:19:11,74400.0,200,Sell,227992803
2024-08-01 10:19:26,74400.0,100,Sell,227993081
2024-08-01 10:19:26,74400.0,100,Sell,227993085
2024-08-01 10:19:26,74400.0,200,Sell,227993084
2024-08-01 10:19:26,74400.0,2100,Sell,227993080
2024-08-01 10:19:26,74400.0,500,Sell,227993082
2024-08-01 10:19:26,74400.0,100,Sell,227993083
2024-08-01 10:20:09,74400.0,100,Sell,227994009
2024-08-01 10:20:24,74400.0,100,Sell,227994291
2024-08-01 10:21:00,74400.0,500,Sell,227995075
2024-08-01 10:21:00,74400.0,100,Sell,227995077
2024-08-01 10:21:00,74400.0,100,Sell,227995078
2024-08-01 10:21:00,74400.0,300,Sell,227995076
2024-08-01 10:21:07,74400.0,100,Sell,227995312
2024-08-01 10:22:05,74400.0,100,Sell,227996507
2024-08-01 10:22:33,74400.0,300,Sell,227997137
2024-08-01 10:22:33,74400.0,2700,Sell,227997138
2024-08-01 10:22:38,74400.0,200,Sell,227997249
2024-08-01 10:22:38,74400.0,300,Sell,227997248
2024-08-01 10:22:52,74400.0,200,Sell,227997548
2024-08-01 10:22:52,74400.0,800,Sell,227997547
2024-08-01 10:23:03,74400.0,100,Sell,227997779
2024-08-01 10:23:13,74500.0,1000,Buy,227998043
2024-08-01 10:23:13,74500.0,800,Buy,227998042
2024-08-01 10:23:56,74500.0,200,Sell,227998895
2024-08-01 10:24:00,74500.0,100,Sell,227998970
2024-08-01 10:24:24,74500.0,700,Sell,227999391
2024-08-01 10:24:55,74400.0,800,Sell,227999944
2024-08-01 10:24:55,74400.0,500,Sell,227999945
2024-08-01 10:24:55,74400.0,200,Sell,227999946
2024-08-01 10:24:58,74400.0,100,Sell,228000017
2024-08-01 10:25:06,74400.0,700,Sell,228000200
2024-08-01 10:25:06,74400.0,400,Sell,228000201
2024-08-01 10:25:06,74400.0,100,Sell,228000199
2024-08-01 10:25:09,74400.0,100,Sell,228000258
2024-08-01 10:25:42,74400.0,200,Buy,228001002
2024-08-01 10:25:42,74400.0,100,Buy,228001003
2024-08-01 10:25:42,74400.0,600,Buy,228001004
2024-08-01 10:25:56,74400.0,100,Sell,228001378
2024-08-01 10:26:28,74400.0,1000,Sell,228002303
2024-08-01 10:26:54,74400.0,100,Sell,228002764
2024-08-01 10:27:24,74400.0,100,Sell,228003380
2024-08-01 10:27:25,74400.0,200,Sell,228003413
2024-08-01 10:27:34,74400.0,300,Sell,228003576
2024-08-01 10:27:34,74400.0,2700,Sell,228003577
2024-08-01 10:27:51,74300.0,100,Sell,228003902
2024-08-01 10:27:58,74500.0,400,Buy,228004104
2024-08-01 10:28:49,74300.0,100,Sell,228005364
2024-08-01 10:29:00,74300.0,200,Sell,228005531
2024-08-01 10:29:29,74300.0,100,Sell,228006173
2024-08-01 10:29:29,74300.0,100,Sell,228006174
2024-08-01 10:29:47,74300.0,100,Sell,228006591
2024-08-01 10:30:00,74300.0,100,Sell,228006876
2024-08-01 10:30:45,74300.0,100,Sell,228008329
2024-08-01 10:30:57,74300.0,100,Sell,228008588
2024-08-01 10:31:30,74300.0,100,Sell,228009347
2024-08-01 10:31:30,74300.0,500,Buy,228009348
2024-08-01 10:31:30,74300.0,100,Sell,228009346
2024-08-01 10:31:30,74500.0,500,Buy,228009349
2024-08-01 10:31:30,74300.0,1000,Sell,228009344
2024-08-01 10:31:30,74300.0,200,Sell,228009341
2024-08-01 10:31:30,74300.0,500,Sell,228009345
2024-08-01 10:31:30,74300.0,500,Sell,228009343
2024-08-01 10:31:30,74300.0,1000,Sell,228009342
2024-08-01 10:31:43,74200.0,100,Sell,228009821
2024-08-01 10:32:41,74300.0,100,Sell,228011699
2024-08-01 10:33:29,74200.0,200,Sell,228012972
2024-08-01 10:33:29,74200.0,200,Sell,228012979
2024-08-01 10:33:29,74200.0,200,Sell,228012978
2024-08-01 10:33:29,74200.0,300,Sell,228012977
2024-08-01 10:33:29,74200.0,200,Sell,228012991
2024-08-01 10:33:29,74200.0,100,Sell,228012975
2024-08-01 10:33:29,74200.0,100,Sell,228012974
2024-08-01 10:33:29,74200.0,100,Sell,228012973
2024-08-01 10:33:29,74200.0,100,Sell,228012976
2024-08-01 10:33:29,74300.0,200,Sell,228012971
2024-08-01 10:33:35,74200.0,100,Sell,228013153
2024-08-01 10:33:38,74200.0,100,Sell,228013228
2024-08-01 10:34:36,74200.0,100,Sell,228015218
2024-08-01 10:34:59,74200.0,100,Sell,228015993
2024-08-01 10:34:59,74400.0,100,Buy,228015990
2024-08-01 10:34:59,74500.0,500,Buy,228015991
2024-08-01 10:34:59,74500.0,200,Buy,228015992
2024-08-01 10:35:34,74300.0,100,Sell,228017496
2024-08-01 10:36:32,74200.0,100,Sell,228019352
2024-08-01 10:37:14,74200.0,900,Sell,228020509
2024-08-01 10:37:14,74200.0,100,Sell,228020508
2024-08-01 10:37:14,74300.0,100,Sell,228020505
2024-08-01 10:37:14,74200.0,100,Sell,228020506
2024-08-01 10:37:14,74200.0,800,Sell,228020507
2024-08-01 10:37:30,74200.0,100,Sell,228020966
2024-08-01 10:37:50,74200.0,300,Sell,228021595
2024-08-01 10:38:28,74200.0,100,Sell,228022467
2024-08-01 10:39:13,74200.0,2700,Sell,228023409
2024-08-01 10:39:13,74200.0,1000,Sell,228023410
2024-08-01 10:39:13,74200.0,500,Sell,228023411
2024-08-01 10:39:13,74200.0,1000,Sell,228023412
2024-08-01 10:39:13,74200.0,100,Sell,228023413
2024-08-01 10:39:13,74200.0,200,Sell,228023414
2024-08-01 10:39:13,74200.0,600,Sell,228023408
2024-08-01 10:39:25,74200.0,100,Sell,228023733
2024-08-01 10:39:37,74200.0,1900,Sell,228023947
2024-08-01 10:40:23,74200.0,100,Sell,228024981
2024-08-01 10:41:10,74300.0,1000,Buy,228025995
2024-08-01 10:41:12,74200.0,100,Sell,228026027
2024-08-01 10:41:12,74200.0,200,Sell,228026029
2024-08-01 10:41:12,74200.0,1000,Sell,228026026
2024-08-01 10:41:12,74200.0,200,Sell,228026028
2024-08-01 10:41:21,74200.0,100,Sell,228026244
2024-08-01 10:42:18,74200.0,200,Sell,228027431
2024-08-01 10:42:18,74200.0,500,Sell,228027432
2024-08-01 10:42:19,74200.0,100,Sell,228027459
2024-08-01 10:43:09,74200.0,400,Sell,228028502
2024-08-01 10:43:09,74200.0,100,Sell,228028503
2024-08-01 10:43:13,74200.0,1000,Sell,228028597
2024-08-01 10:43:17,74100.0,100,Sell,228028676
2024-08-01 10:43:18,74200.0,500,Buy,228028688
2024-08-01 10:43:53,74200.0,300,Buy,228029386
2024-08-01 10:44:01,74200.0,200,Buy,228029531
2024-08-01 10:44:15,74100.0,100,Sell,228029779
2024-08-01 10:44:58,74200.0,100,Sell,228030552
2024-08-01 10:45:12,74100.0,100,Sell,228030820
2024-08-01 10:46:10,74100.0,100,Sell,228031728
2024-08-01 10:46:22,74100.0,200,Sell,228031945
2024-08-01 10:46:22,74100.0,100,Sell,228031943
2024-08-01 10:46:22,74100.0,100,Sell,228031944
2024-08-01 10:46:39,74100.0,1500,Sell,228032285
2024-08-01 10:47:09,74200.0,100,Sell,228032865
2024-08-01 10:47:24,74300.0,500,Buy,228033211
2024-08-01 10:47:24,74300.0,500,Buy,228033217
2024-08-01 10:47:25,74200.0,900,Sell,228033240
2024-08-01 10:47:29,74200.0,100,Buy,228033291
2024-08-01 10:47:43,74100.0,100,Sell,228033565
2024-08-01 10:48:06,74100.0,100,Sell,228033909
2024-08-01 10:49:04,74100.0,100,Sell,228034830
2024-08-01 10:49:39,74100.0,200,Sell,228035530
2024-08-01 10:49:39,74100.0,300,Sell,228035531
2024-08-01 10:49:49,74200.0,100,Buy,228035757
2024-08-01 10:50:02,74100.0,100,Sell,228036035
2024-08-01 10:50:17,74100.0,100,Sell,228036342
2024-08-01 10:50:51,74100.0,500,Sell,228037038
2024-08-01 10:50:59,74100.0,100,Sell,228037185
2024-08-01 10:51:13,74100.0,100,Sell,228037432
2024-08-01 10:51:13,74100.0,300,Sell,228037431
2024-08-01 10:51:13,74100.0,1000,Sell,228037427
2024-08-01 10:51:13,74100.0,100,Sell,228037429
2024-08-01 10:51:13,74100.0,100,Sell,228037428
2024-08-01 10:51:13,74100.0,100,Sell,228037430
2024-08-01 10:51:20,74100.0,500,Buy,228037556
2024-08-01 10:51:52,74100.0,100,Buy,228038248
2024-08-01 10:51:57,74000.0,100,Sell,228038346
2024-08-01 10:52:14,74000.0,100,Sell,228038732
2024-08-01 10:52:14,74000.0,100,Sell,228038748
2024-08-01 10:52:56,74000.0,100,Sell,228039990
2024-08-01 10:52:57,74100.0,200,Buy,228040039
2024-08-01 10:53:15,74100.0,100,Buy,228040596
2024-08-01 10:53:53,74000.0,100,Sell,228041826
2024-08-01 10:53:57,74100.0,100,Buy,228041983
2024-08-01 10:54:10,74100.0,100,Buy,228042633
2024-08-01 10:54:36,74100.0,100,Buy,228044031
2024-08-01 10:54:36,74100.0,400,Buy,228044036
2024-08-01 10:54:51,74000.0,100,Sell,228044731
2024-08-01 10:55:02,74000.0,100,Sell,228045322
2024-08-01 10:55:02,74000.0,100,Sell,228045323
2024-08-01 10:55:02,74000.0,100,Sell,228045324
2024-08-01 10:55:02,74000.0,300,Sell,228045331
2024-08-01 10:55:11,74000.0,200,Sell,228045849
2024-08-01 10:55:11,74000.0,200,Sell,228045850
2024-08-01 10:55:43,74000.0,4400,Sell,228048011
2024-08-01 10:55:46,74000.0,1500,Sell,228048153
2024-08-01 10:55:48,74000.0,100,Sell,228048304
2024-08-01 10:55:48,74000.0,100,Sell,228048303
2024-08-01 10:55:48,74000.0,200,Sell,228048302
2024-08-01 10:55:48,74000.0,300,Sell,228048299
2024-08-01 10:55:48,74000.0,100,Sell,228048300
2024-08-01 10:55:48,74000.0,100,Sell,228048298
2024-08-01 10:55:48,74000.0,100,Sell,228048301
2024-08-01 10:55:48,74000.0,200,Sell,228048296
2024-08-01 10:55:48,74000.0,3900,Sell,228048290
2024-08-01 10:55:48,74000.0,100,Sell,228048291
2024-08-01 10:55:48,74000.0,100,Sell,228048292
2024-08-01 10:55:48,74000.0,5000,Sell,228048297
2024-08-01 10:55:48,74000.0,100,Sell,228048294
2024-08-01 10:55:48,74000.0,100,Sell,228048295
2024-08-01 10:55:48,74000.0,100,Sell,228048293
2024-08-01 10:55:49,74000.0,100,Sell,228048393
2024-08-01 10:55:50,74000.0,100,Sell,228048414
2024-08-01 10:55:50,74000.0,100,Sell,228048415
2024-08-01 10:55:50,74000.0,100,Sell,228048417
2024-08-01 10:55:50,74000.0,200,Sell,228048418
2024-08-01 10:55:50,74000.0,100,Sell,228048419
2024-08-01 10:55:50,74000.0,100,Sell,228048420
2024-08-01 10:55:50,74000.0,100,Sell,228048421
2024-08-01 10:55:50,74000.0,200,Sell,228048416
2024-08-01 10:55:55,74000.0,500,Sell,228048733
2024-08-01 10:55:55,74000.0,200,Sell,228048736
2024-08-01 10:55:55,74000.0,100,Sell,228048735
2024-08-01 10:55:55,74000.0,500,Sell,228048734
2024-08-01 10:55:55,74000.0,300,Sell,228048732
2024-08-01 10:55:55,74000.0,100,Sell,228048730
2024-08-01 10:55:55,74000.0,100,Sell,228048729
2024-08-01 10:55:55,74000.0,100,Sell,228048728
2024-08-01 10:55:55,74000.0,100,Sell,228048727
2024-08-01 10:55:55,74000.0,1000,Sell,228048731
2024-08-01 10:55:56,74000.0,300,Sell,228048768
2024-08-01 10:55:56,74000.0,100,Sell,228048769
2024-08-01 10:55:56,74000.0,500,Sell,228048770
2024-08-01 10:55:56,74000.0,100,Sell,228048771
2024-08-01 10:55:57,74000.0,300,Sell,228048816
2024-08-01 10:55:57,74000.0,100,Sell,228048815
2024-08-01 10:55:57,74000.0,100,Sell,228048813
2024-08-01 10:55:57,74000.0,200,Sell,228048812
2024-08-01 10:55:57,74000.0,100,Sell,228048811
2024-08-01 10:55:57,74000.0,100,Sell,228048814
2024-08-01 10:55:59,74100.0,100,Buy,228048988
2024-08-01 10:56:06,73900.0,300,Sell,228049638
2024-08-01 10:56:06,73900.0,100,Sell,228049639
2024-08-01 10:56:06,73900.0,1000,Sell,228049640
2024-08-01 10:56:06,73900.0,2500,Sell,228049641
2024-08-01 10:56:07,74000.0,100,Buy,228049728
2024-08-01 10:56:14,73900.0,400,Sell,228050218
2024-08-01 10:56:46,73900.0,300,Sell,228052129
2024-08-01 10:57:08,73900.0,100,Sell,228053283
2024-08-01 10:57:49,73900.0,100,Sell,228055522
2024-08-01 10:57:52,74000.0,200,Buy,228055619
2024-08-01 10:58:13,74000.0,100,Buy,228056817
2024-08-01 10:59:04,74000.0,100,Buy,228059137
2024-08-01 10:59:31,73900.0,1200,Sell,228060246
2024-08-01 11:00:26,73900.0,500,Sell,228062316
2024-08-01 11:00:26,73900.0,100,Sell,228062315
2024-08-01 11:00:26,73900.0,400,Sell,228062314
2024-08-01 11:00:26,73900.0,100,Sell,228062312
2024-08-01 11:00:26,73900.0,200,Sell,228062313
2024-08-01 11:00:26,73900.0,2000,Sell,228062310
2024-08-01 11:00:26,73900.0,2000,Sell,228062309
2024-08-01 11:00:26,73900.0,700,Sell,228062308
2024-08-01 11:00:26,73900.0,100,Sell,228062307
2024-08-01 11:00:26,73900.0,400,Sell,228062306
2024-08-01 11:00:26,73900.0,100,Sell,228062311
2024-08-01 11:00:32,73800.0,100,Sell,228062546
2024-08-01 11:00:32,73700.0,500,Sell,228062552
2024-08-01 11:00:32,73700.0,300,Sell,228062551
2024-08-01 11:00:32,73800.0,100,Sell,228062550
2024-08-01 11:00:32,73800.0,100,Sell,228062547
2024-08-01 11:00:32,73800.0,100,Sell,228062545
2024-08-01 11:00:32,73800.0,100,Sell,228062544
2024-08-01 11:00:32,73800.0,100,Sell,228062543
2024-08-01 11:00:32,73800.0,100,Sell,228062542
2024-08-01 11:00:32,73800.0,400,Sell,228062541
2024-08-01 11:00:32,73800.0,100,Sell,228062540
2024-08-01 11:00:32,73800.0,200,Sell,228062539
2024-08-01 11:00:32,73800.0,300,Sell,228062538
2024-08-01 11:00:36,73700.0,200,Sell,228062686
2024-08-01 11:00:36,73700.0,100,Sell,228062687
2024-08-01 11:00:36,73700.0,200,Sell,228062688
2024-08-01 11:00:48,73600.0,300,Sell,228063089
2024-08-01 11:00:48,73600.0,100,Sell,228063088
2024-08-01 11:00:48,73700.0,100,Sell,228063086
2024-08-01 11:00:48,73700.0,100,Sell,228063085
2024-08-01 11:00:48,73600.0,300,Sell,228063087
2024-08-01 11:00:54,73600.0,700,Buy,228063293
2024-08-01 11:01:18,73500.0,100,Sell,228064003
2024-08-01 11:01:18,73500.0,3500,Sell,228064006
2024-08-01 11:01:18,73500.0,100,Sell,228064005
2024-08-01 11:01:18,73500.0,200,Sell,228064004
2024-08-01 11:01:18,73500.0,300,Sell,228064002
2024-08-01 11:01:18,73500.0,300,Sell,228063999
2024-08-01 11:01:18,73500.0,100,Sell,228064000
2024-08-01 11:01:18,73500.0,100,Sell,228064001
2024-08-01 11:01:18,73500.0,100,Sell,228063996
2024-08-01 11:01:18,73500.0,100,Sell,228063998
2024-08-01 11:01:18,73500.0,100,Sell,228063997
2024-08-01 11:01:31,73500.0,1600,Sell,228064524
2024-08-01 11:01:31,73500.0,200,Sell,228064525
2024-08-01 11:01:31,73500.0,200,Sell,228064526
2024-08-01 11:01:31,73500.0,100,Sell,228064527
2024-08-01 11:01:31,73500.0,500,Sell,228064528
2024-08-01 11:01:31,73500.0,100,Sell,228064529
2024-08-01 11:01:31,73500.0,100,Sell,228064530
2024-08-01 11:01:44,73400.0,300,Sell,228064994
2024-08-01 11:01:44,73400.0,200,Sell,228064995
2024-08-01 11:01:46,73500.0,100,Buy,228065079
2024-08-01 11:02:00,73400.0,100,Sell,228065473
2024-08-01 11:02:00,73400.0,400,Sell,228065474
2024-08-01 11:02:00,73400.0,100,Sell,228065475
2024-08-01 11:02:02,73400.0,100,Buy,228065535
2024-08-01 11:02:13,73400.0,100,Buy,228065888
2024-08-01 11:02:14,73400.0,700,Buy,228065939
2024-08-01 11:02:23,73500.0,1000,Buy,228066287
2024-08-01 11:02:24,73400.0,100,Sell,228066310
2024-08-01 11:02:30,73400.0,100,Sell,228066500
2024-08-01 11:02:30,73300.0,300,Sell,228066501
2024-08-01 11:02:30,73300.0,100,Sell,228066502
2024-08-01 11:02:30,73200.0,1000,Sell,228066503
2024-08-01 11:02:30,73200.0,200,Sell,228066504
2024-08-01 11:02:51,73300.0,200,Sell,228067194
2024-08-01 11:02:52,73300.0,100,Sell,228067238
2024-08-01 11:03:02,73300.0,200,Sell,228067532
2024-08-01 11:03:05,73300.0,200,Buy,228067620
2024-08-01 11:03:08,73300.0,100,Buy,228067787
2024-08-01 11:03:09,73300.0,100,Buy,228067843
2024-08-01 11:04:10,73400.0,100,Sell,228069767
2024-08-01 11:04:11,73400.0,100,Sell,228069772
2024-08-01 11:04:12,73400.0,100,Buy,228069794
2024-08-01 11:04:19,73400.0,200,Buy,228070031
2024-08-01 11:04:22,73400.0,100,Buy,228070106
2024-08-01 11:04:33,73400.0,400,Buy,228070390
2024-08-01 11:04:47,73500.0,100,Buy,228070721
2024-08-01 11:04:54,73500.0,100,Buy,228070882
2024-08-01 11:04:55,73500.0,100,Buy,228070891
2024-08-01 11:05:02,73400.0,100,Sell,228071064
2024-08-01 11:05:02,73400.0,100,Sell,228071065
2024-08-01 11:05:02,73400.0,400,Sell,228071066
2024-08-01 11:05:02,73400.0,100,Sell,228071067
2024-08-01 11:05:02,73400.0,100,Sell,228071068
2024-08-01 11:05:02,73400.0,2000,Sell,228071069
2024-08-01 11:05:51,73300.0,100,Sell,228072245
2024-08-01 11:06:06,73400.0,100,Buy,228072621
2024-08-01 11:06:31,73400.0,100,Buy,228073119
2024-08-01 11:08:07,73400.0,100,Buy,228075079
2024-08-01 11:08:11,73200.0,200,Sell,228075132
2024-08-01 11:08:11,73200.0,100,Sell,228075131
2024-08-01 11:08:11,73200.0,1000,Sell,228075130
2024-08-01 11:08:11,73200.0,100,Sell,228075126
2024-08-01 11:08:11,73200.0,100,Sell,228075129
2024-08-01 11:08:11,73200.0,200,Sell,228075128
2024-08-01 11:08:11,73200.0,100,Sell,228075127
2024-08-01 11:08:11,73300.0,500,Sell,228075125
2024-08-01 11:08:11,73300.0,100,Sell,228075119
2024-08-01 11:08:11,73300.0,100,Sell,228075123
2024-08-01 11:08:11,73300.0,100,Sell,228075122
2024-08-01 11:08:11,73300.0,100,Sell,228075121
2024-08-01 11:08:11,73300.0,300,Sell,228075120
2024-08-01 11:08:11,73300.0,500,Sell,228075118
2024-08-01 11:08:11,73300.0,100,Sell,228075117
2024-08-01 11:08:11,73300.0,300,Sell,228075116
2024-08-01 11:08:11,73300.0,100,Sell,228075124
2024-08-01 11:08:30,73200.0,100,Sell,228075471
2024-08-01 11:08:58,73300.0,100,Sell,228075920
2024-08-01 11:08:58,73200.0,1300,Sell,228075921
2024-08-01 11:09:50,73200.0,300,Sell,228076916
2024-08-01 11:09:50,73200.0,300,Sell,228076917
2024-08-01 11:09:50,73300.0,100,Sell,228076914
2024-08-01 11:09:50,73300.0,100,Sell,228076913
2024-08-01 11:09:50,73200.0,400,Sell,228076915
2024-08-01 11:11:26,73300.0,100,Sell,228078724
2024-08-01 11:11:46,73300.0,100,Sell,228079216
2024-08-01 11:11:56,73300.0,100,Sell,228079405
2024-08-01 11:11:57,73300.0,100,Sell,228079429
2024-08-01 11:11:58,73300.0,200,Sell,228079465
2024-08-01 11:12:09,73000.0,100,Sell,228079818
2024-08-01 11:12:09,73000.0,2000,Sell,228079817
2024-08-01 11:12:09,73000.0,100,Sell,228079816
2024-08-01 11:12:09,73000.0,100,Sell,228079815
2024-08-01 11:12:09,73000.0,100,Sell,228079814
2024-08-01 11:12:09,73000.0,700,Sell,228079813
2024-08-01 11:12:09,73000.0,200,Sell,228079804
2024-08-01 11:12:09,73000.0,200,Sell,228079811
2024-08-01 11:12:09,73000.0,100,Sell,228079819
2024-08-01 11:12:09,73000.0,100,Sell,228079808
2024-08-01 11:12:09,73000.0,3000,Sell,228079807
2024-08-01 11:12:09,73000.0,100,Sell,228079806
2024-08-01 11:12:09,73000.0,100,Sell,228079805
2024-08-01 11:12:09,73000.0,10000,Sell,228079812
2024-08-01 11:12:09,73000.0,100,Sell,228079820
2024-08-01 11:12:09,73000.0,100,Sell,228079824
2024-08-01 11:12:09,73000.0,600,Sell,228079822
2024-08-01 11:12:09,73000.0,3600,Sell,228079837
2024-08-01 11:12:09,73000.0,1000,Sell,228079836
2024-08-01 11:12:09,73000.0,500,Sell,228079835
2024-08-01 11:12:09,73000.0,100,Sell,228079834
2024-08-01 11:12:09,73000.0,100,Sell,228079833
2024-08-01 11:12:09,73000.0,100,Sell,228079832
2024-08-01 11:12:09,73000.0,500,Sell,228079821
2024-08-01 11:12:09,73000.0,500,Sell,228079831
2024-08-01 11:12:09,73000.0,300,Sell,228079829
2024-08-01 11:12:09,73000.0,5000,Sell,228079828
2024-08-01 11:12:09,73000.0,100,Sell,228079827
2024-08-01 11:12:09,73000.0,500,Sell,228079826
2024-08-01 11:12:09,73000.0,100,Sell,228079825
2024-08-01 11:12:09,73000.0,200,Sell,228079823
2024-08-01 11:12:09,73000.0,200,Sell,228079830
2024-08-01 11:12:09,73000.0,100,Sell,228079803
2024-08-01 11:12:09,73000.0,100,Sell,228079810
2024-08-01 11:12:09,73000.0,100,Sell,228079801
2024-08-01 11:12:09,73200.0,200,Sell,228079781
2024-08-01 11:12:09,73200.0,100,Sell,228079780
2024-08-01 11:12:09,73200.0,100,Sell,228079779
2024-08-01 11:12:09,73200.0,100,Sell,228079777
2024-08-01 11:12:09,73200.0,300,Sell,228079776
2024-08-01 11:12:09,73200.0,1100,Sell,228079775
2024-08-01 11:12:09,73200.0,1000,Sell,228079774
2024-08-01 11:12:09,73200.0,100,Sell,228079773
2024-08-01 11:12:09,73200.0,1000,Sell,228079772
2024-08-01 11:12:09,73200.0,1000,Sell,228079771
2024-08-01 11:12:09,73200.0,100,Sell,228079770
2024-08-01 11:12:09,73200.0,100,Sell,228079769
2024-08-01 11:12:09,73200.0,200,Sell,228079768
2024-08-01 11:12:09,73200.0,900,Sell,228079767
2024-08-01 11:12:09,73000.0,1000,Sell,228079802
2024-08-01 11:12:09,73100.0,100,Sell,228079782
2024-08-01 11:12:09,73100.0,100,Sell,228079783
2024-08-01 11:12:09,73000.0,200,Sell,228079809
2024-08-01 11:12:09,73100.0,300,Sell,228079785
2024-08-01 11:12:09,73000.0,200,Sell,228079799
2024-08-01 11:12:09,73000.0,100,Sell,228079798
2024-08-01 11:12:09,73000.0,300,Sell,228079797
2024-08-01 11:12:09,73000.0,500,Sell,228079796
2024-08-01 11:12:09,73100.0,100,Sell,228079784
2024-08-01 11:12:09,73000.0,5800,Sell,228079795
2024-08-01 11:12:09,73000.0,200,Sell,228079794
2024-08-01 11:12:09,73000.0,100,Sell,228079800
2024-08-01 11:12:09,73000.0,300,Sell,228079792
2024-08-01 11:12:09,73100.0,100,Sell,228079786
2024-08-01 11:12:09,73100.0,100,Sell,228079787
2024-08-01 11:12:09,73100.0,3000,Sell,228079788
2024-08-01 11:12:09,73000.0,100,Sell,228079793
2024-08-01 11:12:09,73000.0,100,Sell,228079790
2024-08-01 11:12:09,73000.0,100,Sell,228079789
2024-08-01 11:12:09,73000.0,100,Sell,228079791
2024-08-01 11:12:15,73100.0,100,Sell,228079930
2024-08-01 11:12:25,73000.0,100,Sell,228080178
2024-08-01 11:13:29,73000.0,1000,Sell,228081380
2024-08-01 11:13:38,73000.0,100,Sell,228081547
2024-08-01 11:14:10,73000.0,100,Sell,228082195
2024-08-01 11:14:11,73000.0,100,Sell,228082209
2024-08-01 11:14:11,73000.0,300,Sell,228082208
2024-08-01 11:14:11,73000.0,100,Sell,228082207
2024-08-01 11:14:11,73000.0,300,Sell,228082205
2024-08-01 11:14:11,73000.0,200,Sell,228082204
2024-08-01 11:14:11,73000.0,100,Sell,228082203
2024-08-01 11:14:11,73000.0,200,Sell,228082206
2024-08-01 11:15:44,73100.0,300,Sell,228084139
2024-08-01 11:15:44,73100.0,100,Sell,228084140
2024-08-01 11:15:44,73100.0,200,Sell,228084141
2024-08-01 11:18:04,73100.0,100,Sell,228086905
2024-08-01 11:18:04,73100.0,7000,Sell,228086907
2024-08-01 11:18:04,73100.0,500,Sell,228086906
2024-08-01 11:18:04,73100.0,1000,Sell,228086904
2024-08-01 11:18:04,73100.0,2000,Sell,228086899
2024-08-01 11:18:04,73100.0,1000,Sell,228086902
2024-08-01 11:18:04,73100.0,300,Sell,228086901
2024-08-01 11:18:04,73100.0,100,Sell,228086900
2024-08-01 11:18:04,73100.0,300,Sell,228086898
2024-08-01 11:18:04,73100.0,100,Sell,228086903
2024-08-01 11:18:25,73100.0,200,Buy,228087281
2024-08-01 11:18:31,73000.0,200,Sell,228087435
2024-08-01 11:18:31,73000.0,200,Sell,228087434
2024-08-01 11:18:31,73000.0,100,Sell,228087433
2024-08-01 11:18:31,73000.0,500,Sell,228087432
2024-08-01 11:18:31,73000.0,100,Sell,228087431
2024-08-01 11:18:31,73000.0,100,Sell,228087430
2024-08-01 11:18:31,73000.0,100,Sell,228087429
2024-08-01 11:18:31,73000.0,1000,Sell,228087426
2024-08-01 11:18:31,73000.0,100,Sell,228087427
2024-08-01 11:18:31,73000.0,500,Sell,228087428
2024-08-01 11:18:31,73000.0,100,Sell,228087420
2024-08-01 11:18:31,73000.0,500,Sell,228087421
2024-08-01 11:18:31,73000.0,200,Sell,228087425
2024-08-01 11:18:31,73000.0,500,Sell,228087423
2024-08-01 11:18:31,73000.0,300,Sell,228087424
2024-08-01 11:18:31,73000.0,100,Sell,228087422
2024-08-01 11:19:08,73000.0,200,Buy,228088336
2024-08-01 11:19:32,73000.0,1400,Buy,228088764
2024-08-01 11:19:49,73000.0,100,Buy,228089245
2024-08-01 11:19:50,72900.0,100,Sell,228089302
2024-08-01 11:19:50,72900.0,200,Sell,228089303
2024-08-01 11:19:50,72900.0,300,Sell,228089304
2024-08-01 11:19:50,72900.0,200,Sell,228089305
2024-08-01 11:19:51,72900.0,1100,Sell,228089306
2024-08-01 11:20:10,72800.0,100,Sell,228089689
2024-08-01 11:20:10,72800.0,300,Sell,228089688
2024-08-01 11:20:10,72800.0,300,Sell,228089687
2024-08-01 11:20:10,72800.0,200,Sell,228089686
2024-08-01 11:20:10,72900.0,300,Sell,228089682
2024-08-01 11:20:10,72900.0,100,Sell,228089684
2024-08-01 11:20:10,72900.0,100,Sell,228089683
2024-08-01 11:20:10,72900.0,100,Sell,228089681
2024-08-01 11:20:10,72800.0,300,Sell,228089685
2024-08-01 11:20:10,72900.0,200,Sell,228089680
2024-08-01 11:20:26,72800.0,200,Sell,228089963
2024-08-01 11:20:26,72800.0,100,Sell,228089964
2024-08-01 11:20:27,72800.0,100,Buy,228089990
2024-08-01 11:20:39,72700.0,500,Sell,228090282
2024-08-01 11:20:42,72800.0,100,Buy,228090423
2024-08-01 11:20:45,72700.0,300,Sell,228090504
2024-08-01 11:20:45,72700.0,300,Sell,228090505
2024-08-01 11:20:57,72700.0,100,Sell,228090742
2024-08-01 11:20:57,72700.0,100,Sell,228090741
2024-08-01 11:20:57,72700.0,300,Sell,228090738
2024-08-01 11:20:57,72700.0,100,Sell,228090739
2024-08-01 11:20:57,72700.0,500,Sell,228090740
2024-08-01 11:21:07,72700.0,400,Buy,228090929
2024-08-01 11:21:22,72700.0,100,Sell,228091223
2024-08-01 11:21:22,72700.0,300,Sell,228091224
2024-08-01 11:21:22,72700.0,100,Sell,228091225
2024-08-01 11:21:23,72600.0,300,Sell,228091241
2024-08-01 11:21:23,72600.0,100,Sell,228091242
2024-08-01 11:21:23,72600.0,300,Sell,228091243
2024-08-01 11:21:23,72600.0,100,Sell,228091244
2024-08-01 11:21:23,72600.0,500,Sell,228091245
2024-08-01 11:21:25,72600.0,300,Buy,228091384
2024-08-01 11:21:40,72500.0,200,Sell,228091665
2024-08-01 11:21:40,72500.0,300,Sell,228091664
2024-08-01 11:21:40,72500.0,100,Sell,228091663
2024-08-01 11:21:40,72500.0,200,Sell,228091662
2024-08-01 11:21:40,72500.0,100,Sell,228091661
2024-08-01 11:21:40,72500.0,200,Sell,228091658
2024-08-01 11:21:40,72500.0,100,Sell,228091657
2024-08-01 11:21:40,72500.0,100,Sell,228091660
2024-08-01 11:21:40,72500.0,100,Sell,228091659
2024-08-01 11:22:15,72500.0,200,Sell,228092413
2024-08-01 11:22:15,72500.0,500,Sell,228092414
2024-08-01 11:22:15,72500.0,500,Sell,228092415
2024-08-01 11:22:15,72500.0,300,Sell,228092416
2024-08-01 11:22:40,72500.0,400,Buy,228093183
2024-08-01 11:22:45,72500.0,200,Buy,228093313
2024-08-01 11:22:48,72500.0,5000,Buy,228093379
2024-08-01 11:22:51,72400.0,300,Sell,228093414
2024-08-01 11:22:51,72400.0,300,Sell,228093415
2024-08-01 11:22:59,72400.0,100,Buy,228093702
2024-08-01 11:23:00,72400.0,400,Buy,228093780
2024-08-01 11:23:04,72400.0,900,Buy,228093930
2024-08-01 11:23:04,72400.0,100,Buy,228093931
2024-08-01 11:23:15,72400.0,100,Buy,228094274
2024-08-01 11:23:17,72400.0,100,Buy,228094311
2024-08-01 11:23:20,72400.0,1000,Buy,228094392
2024-08-01 11:23:28,72300.0,100,Sell,228094640
2024-08-01 11:23:28,72300.0,300,Sell,228094641
2024-08-01 11:23:28,72300.0,100,Sell,228094642
2024-08-01 11:23:39,72300.0,200,Buy,228095046
2024-08-01 11:23:40,72300.0,300,Buy,228095076
2024-08-01 11:23:42,72400.0,1900,Buy,228095135
2024-08-01 11:23:42,72400.0,500,Buy,228095134
2024-08-01 11:23:49,72400.0,100,Buy,228095379
2024-08-01 11:23:50,72400.0,6100,Buy,228095409
2024-08-01 11:23:51,72400.0,4200,Buy,228095443
2024-08-01 11:23:51,72400.0,2300,Buy,228095444
2024-08-01 11:23:51,72400.0,500,Buy,228095445
2024-08-01 11:24:04,72500.0,500,Buy,228095804
2024-08-01 11:24:05,72500.0,200,Buy,228095814
2024-08-01 11:24:23,72500.0,100,Buy,228096229
2024-08-01 11:24:44,72500.0,100,Buy,228096636
2024-08-01 11:24:45,72500.0,100,Buy,228096652
2024-08-01 11:24:52,72500.0,400,Buy,228096817
2024-08-01 11:24:56,72400.0,100,Sell,228096887
2024-08-01 11:24:56,72400.0,500,Sell,228096888
2024-08-01 11:24:56,72400.0,200,Sell,228096889
2024-08-01 11:25:05,72400.0,100,Buy,228097104
2024-08-01 11:25:07,72400.0,100,Buy,228097196
2024-08-01 11:25:07,72400.0,200,Buy,228097197
2024-08-01 11:25:08,72400.0,100,Buy,228097233
2024-08-01 11:25:18,72300.0,600,Sell,228097433
2024-08-01 11:25:39,72400.0,200,Buy,228097812
2024-08-01 11:26:03,72400.0,900,Buy,228098390
2024-08-01 11:26:03,72400.0,300,Buy,228098391
2024-08-01 11:26:03,72400.0,400,Buy,228098392
2024-08-01 11:26:04,72500.0,2200,Buy,228098409
2024-08-01 11:26:04,72500.0,200,Buy,228098408
2024-08-01 11:26:06,72500.0,3800,Buy,228098460
2024-08-01 11:26:07,72500.0,400,Buy,228098473
2024-08-01 11:26:29,72500.0,500,Buy,228098970
2024-08-01 11:26:29,72500.0,100,Sell,228098967
2024-08-01 11:26:41,72500.0,1000,Sell,228099152
2024-08-01 11:26:58,72500.0,800,Sell,228099560
2024-08-01 11:26:58,72600.0,100,Sell,228099559
2024-08-01 11:28:31,72700.0,1000,Sell,228101552
2024-08-01 11:28:31,72700.0,200,Sell,228101553
2024-08-01 11:28:38,72700.0,200,Buy,228101703
2024-08-01 11:28:48,72700.0,300,Buy,228101905
2024-08-01 11:28:57,72700.0,500,Buy,228102088
2024-08-01 11:29:07,72700.0,100,Buy,228102453
2024-08-01 12:59:40,72700.0,200,Buy,228103938
2024-08-01 12:59:40,72600.0,800,Sell,228103948
2024-08-01 12:59:40,72600.0,100,Sell,228103949
2024-08-01 12:59:40,72600.0,1000,Sell,228103950
2024-08-01 12:59:40,72600.0,100,Sell,228103951
2024-08-01 12:59:40,72600.0,100,Buy,228103952
2024-08-01 12:59:42,72600.0,300,Buy,228104926
2024-08-01 12:59:42,72600.0,100,Buy,228105364
2024-08-01 12:59:47,72600.0,100,Buy,228107299
2024-08-01 12:59:48,72600.0,200,Buy,228107570
2024-08-01 12:59:49,72600.0,100,Buy,228108014
2024-08-01 12:59:50,72600.0,100,Buy,228108444
2024-08-01 12:59:52,72500.0,200,Sell,228108836
2024-08-01 12:59:52,72500.0,100,Sell,228108837
2024-08-01 12:59:52,72500.0,200,Sell,228108838
2024-08-01 12:59:52,72500.0,200,Sell,228108839
2024-08-01 12:59:52,72500.0,1000,Sell,228108840
2024-08-01 12:59:52,72500.0,1800,Sell,228108841
2024-08-01 12:59:56,72600.0,300,Buy,228109425
2024-08-01 13:00:02,72600.0,100,Buy,228110274
2024-08-01 13:00:03,72600.0,100,Buy,228110498
2024-08-01 13:00:07,72600.0,100,Buy,228111009
2024-08-01 13:00:08,72600.0,400,Buy,228111120
2024-08-01 13:00:08,72600.0,100,Buy,228111121
2024-08-01 13:00:13,72600.0,100,Buy,228111576
2024-08-01 13:00:14,72600.0,500,Buy,228111645
2024-08-01 13:00:18,72500.0,100,Sell,228111978
2024-08-01 13:00:18,72500.0,300,Sell,228111985
2024-08-01 13:00:18,72500.0,100,Sell,228111984
2024-08-01 13:00:18,72500.0,100,Sell,228111983
2024-08-01 13:00:18,72500.0,1200,Sell,228111977
2024-08-01 13:00:18,72500.0,100,Sell,228111981
2024-08-01 13:00:18,72500.0,1000,Sell,228111980
2024-08-01 13:00:18,72500.0,100,Sell,228111979
2024-08-01 13:00:18,72500.0,100,Sell,228111982
2024-08-01 13:00:31,72500.0,100,Buy,228112963
2024-08-01 13:00:42,72500.0,100,Buy,228113623
2024-08-01 13:00:55,72500.0,100,Buy,228114333
2024-08-01 13:02:12,72500.0,600,Buy,228118577
2024-08-01 13:02:12,72500.0,300,Buy,228118578
2024-08-01 13:02:12,72500.0,500,Buy,228118579
2024-08-01 13:02:12,72500.0,200,Buy,228118580
2024-08-01 13:02:22,72500.0,500,Sell,228119170
2024-08-01 13:02:42,72500.0,900,Sell,228120297
2024-08-01 13:02:47,72500.0,1900,Buy,228120748
2024-08-01 13:02:47,72500.0,100,Buy,228120747
2024-08-01 13:02:54,72400.0,100,Sell,228120832
2024-08-01 13:02:57,72500.0,100,Buy,228121347
2024-08-01 13:02:57,72500.0,400,Buy,228121348
2024-08-01 13:02:57,72500.0,1500,Buy,228121349
2024-08-01 13:03:02,72500.0,100,Buy,228121597
2024-08-01 13:03:06,72200.0,300,Sell,228121776
2024-08-01 13:03:06,72300.0,800,Sell,228121775
2024-08-01 13:03:06,72300.0,200,Sell,228121774
2024-08-01 13:03:06,72300.0,2000,Sell,228121773
2024-08-01 13:03:06,72300.0,200,Sell,228121772
2024-08-01 13:03:06,72300.0,100,Sell,228121768
2024-08-01 13:03:06,72300.0,100,Sell,228121770
2024-08-01 13:03:06,72300.0,1100,Sell,228121767
2024-08-01 13:03:06,72300.0,300,Sell,228121771
2024-08-01 13:03:06,72400.0,300,Sell,228121765
2024-08-01 13:03:06,72400.0,100,Sell,228121766
2024-08-01 13:03:06,72400.0,7800,Sell,228121757
2024-08-01 13:03:06,72400.0,100,Sell,228121758
2024-08-01 13:03:06,72400.0,100,Sell,228121759
2024-08-01 13:03:06,72400.0,100,Sell,228121760
2024-08-01 13:03:06,72300.0,300,Sell,228121769
2024-08-01 13:03:06,72400.0,100,Sell,228121762
2024-08-01 13:03:06,72400.0,600,Sell,228121761
2024-08-01 13:03:06,72400.0,300,Sell,228121764
2024-08-01 13:03:06,72400.0,100,Sell,228121763
2024-08-01 13:03:14,72200.0,100,Sell,228122171
2024-08-01 13:03:14,72200.0,300,Sell,228122172
2024-08-01 13:03:14,72200.0,100,Sell,228122173
2024-08-01 13:03:43,72200.0,200,Sell,228123652
2024-08-01 13:03:49,72200.0,100,Sell,228123920
2024-08-01 13:04:13,72200.0,600,Sell,228125042
2024-08-01 13:04:13,72200.0,100,Sell,228125043
2024-08-01 13:04:13,72200.0,100,Sell,228125044
2024-08-01 13:04:13,72200.0,1100,Sell,228125045
2024-08-01 13:04:15,72400.0,300,Buy,228125212
2024-08-01 13:04:33,72400.0,500,Buy,228126431
2024-08-01 13:04:43,72200.0,100,Sell,228126863
2024-08-01 13:05:33,72400.0,400,Buy,228129675
2024-08-01 13:05:41,72300.0,1000,Sell,228130049
2024-08-01 13:06:06,72400.0,100,Buy,228131265
2024-08-01 13:06:07,72400.0,400,Buy,228131313
2024-08-01 13:06:13,72300.0,3700,Sell,228131588
2024-08-01 13:06:13,72300.0,5700,Sell,228131589
2024-08-01 13:06:14,72300.0,600,Buy,228131676
2024-08-01 13:07:00,72400.0,300,Sell,228133605
2024-08-01 13:07:00,72400.0,700,Sell,228133606
2024-08-01 13:07:01,72500.0,400,Buy,228133682
2024-08-01 13:07:01,72500.0,500,Buy,228133683
2024-08-01 13:07:01,72500.0,1100,Buy,228133684
2024-08-01 13:07:02,72500.0,300,Buy,228133728
2024-08-01 13:07:02,72500.0,100,Buy,228133729
2024-08-01 13:07:02,72500.0,400,Buy,228133730
2024-08-01 13:07:16,72600.0,300,Buy,228134332
2024-08-01 13:07:16,72600.0,500,Buy,228134333
2024-08-01 13:07:52,72700.0,100,Buy,228135699
2024-08-01 13:07:52,72700.0,400,Buy,228135700
2024-08-01 13:08:04,72700.0,500,Buy,228136120
2024-08-01 13:08:04,72700.0,900,Buy,228136123
2024-08-01 13:08:04,72700.0,400,Buy,228136122
2024-08-01 13:08:04,72700.0,200,Buy,228136121
2024-08-01 13:08:10,72700.0,100,Buy,228136380
2024-08-01 13:08:23,72700.0,100,Buy,228136784
2024-08-01 13:08:36,72600.0,100,Sell,228137258
2024-08-01 13:08:36,72500.0,1600,Sell,228137259
2024-08-01 13:08:36,72500.0,800,Sell,228137260
2024-08-01 13:09:00,72700.0,300,Buy,228138116
2024-08-01 13:09:02,72700.0,100,Buy,228138155
2024-08-01 13:09:02,72700.0,500,Buy,228138156
2024-08-01 13:09:35,72700.0,100,Sell,228139224
2024-08-01 13:10:06,72700.0,200,Sell,228140430
2024-08-01 13:10:06,72700.0,100,Sell,228140431
2024-08-01 13:10:13,72500.0,500,Sell,228140557
2024-08-01 13:10:13,72500.0,1200,Sell,228140555
2024-08-01 13:10:13,72500.0,700,Sell,228140556
2024-08-01 13:10:13,72700.0,100,Buy,228140540
2024-08-01 13:10:13,72700.0,4000,Buy,228140536
2024-08-01 13:10:13,72600.0,100,Sell,228140554
2024-08-01 13:10:27,72500.0,100,Buy,228141234
2024-08-01 13:10:27,72500.0,300,Sell,228141227
2024-08-01 13:10:27,72500.0,100,Sell,228141224
2024-08-01 13:10:27,72500.0,1000,Sell,228141225
2024-08-01 13:10:27,72500.0,500,Sell,228141226
2024-08-01 13:10:45,72400.0,700,Sell,228141883
2024-08-01 13:10:48,72500.0,100,Buy,228141985
2024-08-01 13:11:05,72500.0,1000,Buy,228142523
2024-08-01 13:11:05,72500.0,300,Buy,228142524
2024-08-01 13:11:05,72500.0,7900,Buy,228142522
2024-08-01 13:11:06,72500.0,300,Sell,228142592
2024-08-01 13:11:31,72700.0,100,Buy,228143374
2024-08-01 13:11:33,72600.0,200,Sell,228143472
2024-08-01 13:11:35,72600.0,100,Buy,228143534
2024-08-01 13:11:40,72600.0,1900,Sell,228143712
2024-08-01 13:11:48,72600.0,1000,Buy,228143922
2024-08-01 13:12:04,72600.0,100,Buy,228144570
2024-08-01 13:12:17,72600.0,200,Buy,228144959
2024-08-01 13:12:34,72600.0,100,Buy,228145543
2024-08-01 13:12:36,72600.0,500,Buy,228145690
2024-08-01 13:13:14,72600.0,1000,Buy,228147444
2024-08-01 13:13:51,72500.0,2000,Sell,228149239
2024-08-01 13:14:03,72500.0,300,Sell,228149847
2024-08-01 13:14:03,72500.0,500,Sell,228149869
2024-08-01 13:14:08,72500.0,10000,Sell,228150059
2024-08-01 13:14:15,72500.0,3000,Sell,228150466
2024-08-01 13:14:17,72600.0,1000,Buy,228150704
2024-08-01 13:14:19,72500.0,200,Sell,228150782
2024-08-01 13:14:19,72500.0,6400,Sell,228150779
2024-08-01 13:14:19,72500.0,100,Sell,228150780
2024-08-01 13:14:19,72500.0,200,Sell,228150781
2024-08-01 13:14:20,72500.0,100,Buy,228150824
2024-08-01 13:14:41,72500.0,100,Buy,228151855
2024-08-01 13:14:50,72500.0,100,Buy,228152257
2024-08-01 13:15:02,72400.0,400,Sell,228152791
2024-08-01 13:15:08,72400.0,100,Sell,228153013
2024-08-01 13:15:08,72400.0,900,Sell,228153012
2024-08-01 13:15:22,72400.0,100,Sell,228153578
2024-08-01 13:15:27,72400.0,400,Sell,228153831
2024-08-01 13:15:34,72400.0,1400,Sell,228154155
2024-08-01 13:15:34,72400.0,100,Sell,228154156
2024-08-01 13:15:34,72400.0,600,Sell,228154157
2024-08-01 13:15:46,72400.0,300,Buy,228154640
2024-08-01 13:15:52,72400.0,100,Buy,228155036
2024-08-01 13:16:23,72400.0,300,Sell,228156372
2024-08-01 13:16:23,72400.0,200,Sell,228156373
2024-08-01 13:16:23,72400.0,300,Sell,228156374
2024-08-01 13:16:23,72400.0,1000,Sell,228156375
2024-08-01 13:17:38,72300.0,100,Sell,228159267
2024-08-01 13:17:48,72300.0,100,Sell,228159695
2024-08-01 13:17:52,72300.0,1200,Sell,228159929
2024-08-01 13:17:54,72300.0,800,Sell,228160009
2024-08-01 13:18:14,72300.0,200,Sell,228160805
2024-08-01 13:18:14,72300.0,800,Sell,228160791
2024-08-01 13:18:15,72300.0,100,Sell,228160851
2024-08-01 13:18:15,72300.0,100,Sell,228160850
2024-08-01 13:18:23,72300.0,100,Sell,228161148
2024-08-01 13:18:23,72300.0,300,Sell,228161149
2024-08-01 13:18:23,72300.0,1000,Sell,228161150
2024-08-01 13:18:23,72300.0,100,Sell,228161151
2024-08-01 13:18:23,72300.0,100,Sell,228161152
2024-08-01 13:18:42,72200.0,100,Sell,228161943
2024-08-01 13:18:42,72200.0,100,Sell,228161944
2024-08-01 13:18:42,72200.0,800,Sell,228161942
2024-08-01 13:18:51,72200.0,400,Sell,228162206
2024-08-01 13:18:51,72200.0,500,Sell,228162207
2024-08-01 13:18:51,72200.0,100,Sell,228162208
2024-08-01 13:19:19,72300.0,200,Buy,228163265
2024-08-01 13:19:36,72300.0,100,Buy,228164027
2024-08-01 13:20:01,72200.0,400,Sell,228164930
2024-08-01 13:20:25,72300.0,100,Buy,228166016
2024-08-01 13:20:30,72200.0,1700,Sell,228166310
2024-08-01 13:20:33,72300.0,500,Buy,228166435
2024-08-01 13:20:34,72300.0,500,Buy,228166458
2024-08-01 13:20:41,72200.0,100,Sell,228166801
2024-08-01 13:21:13,72200.0,300,Sell,228168148
2024-08-01 13:21:13,72200.0,1000,Sell,228168147
2024-08-01 13:21:13,72200.0,100,Sell,228168144
2024-08-01 13:21:13,72200.0,300,Sell,228168146
2024-08-01 13:21:13,72200.0,300,Sell,228168142
2024-08-01 13:21:13,72200.0,100,Sell,228168141
2024-08-01 13:21:13,72200.0,100,Sell,228168140
2024-08-01 13:21:13,72200.0,700,Sell,228168139
2024-08-01 13:21:13,72200.0,100,Sell,228168143
2024-08-01 13:21:13,72200.0,500,Sell,228168145
2024-08-01 13:21:18,72300.0,100,Buy,228168334
2024-08-01 13:21:23,72200.0,700,Sell,228168490
2024-08-01 13:21:23,72200.0,100,Sell,228168491
2024-08-01 13:21:23,72200.0,200,Sell,228168492
2024-08-01 13:21:36,72300.0,200,Buy,228168996
2024-08-01 13:21:49,72300.0,100,Buy,228169651
2024-08-01 13:21:59,72300.0,200,Buy,228170207
2024-08-01 13:22:06,72200.0,100,Sell,228171086
2024-08-01 13:22:28,72200.0,100,Sell,228172089
2024-08-01 13:22:36,72200.0,300,Sell,228172484
2024-08-01 13:23:14,72200.0,200,Sell,228174449
2024-08-01 13:23:14,72200.0,200,Sell,228174448
2024-08-01 13:23:14,72200.0,100,Sell,228174446
2024-08-01 13:23:14,72200.0,100,Sell,228174447
2024-08-01 13:23:14,72200.0,200,Sell,228174444
2024-08-01 13:23:14,72200.0,100,Sell,228174443
2024-08-01 13:23:14,72300.0,500,Buy,228174430
2024-08-01 13:23:14,72200.0,100,Sell,228174445
2024-08-01 13:23:18,72200.0,1000,Sell,228174651
2024-08-01 13:23:24,72300.0,100,Buy,228174950
2024-08-01 13:23:31,72200.0,1000,Sell,228175192
2024-08-01 13:23:54,72200.0,100,Sell,228175988
2024-08-01 13:23:54,72200.0,100,Sell,228175987
2024-08-01 13:23:54,72200.0,100,Sell,228175985
2024-08-01 13:23:54,72200.0,800,Sell,228175984
2024-08-01 13:23:54,72200.0,100,Sell,228175986
2024-08-01 13:24:03,72200.0,100,Sell,228176330
2024-08-01 13:24:03,72200.0,800,Sell,228176331
2024-08-01 13:24:03,72200.0,100,Sell,228176353
2024-08-01 13:24:03,72300.0,1000,Buy,228176404
2024-08-01 13:24:03,72200.0,100,Sell,228176329
2024-08-01 13:24:09,72300.0,3000,Buy,228176626
2024-08-01 13:24:18,72300.0,100,Buy,228177080
2024-08-01 13:24:25,72300.0,100,Buy,228177379
2024-08-01 13:24:25,72300.0,1000,Buy,228177323
2024-08-01 13:24:25,72300.0,700,Buy,228177378
2024-08-01 13:24:34,72400.0,500,Buy,228177719
2024-08-01 13:24:46,72400.0,500,Buy,228178198
2024-08-01 13:24:46,72400.0,300,Buy,228178199
2024-08-01 13:24:46,72400.0,1000,Buy,228178200
2024-08-01 13:24:46,72500.0,5900,Buy,228178201
2024-08-01 13:24:56,72500.0,500,Buy,228178702
2024-08-01 13:25:10,72500.0,100,Buy,228179270
2024-08-01 13:25:10,72500.0,400,Buy,228179271
2024-08-01 13:25:13,72500.0,200,Buy,228179417
2024-08-01 13:25:29,72500.0,100,Buy,228180149
2024-08-01 13:25:29,72500.0,400,Buy,228180148
2024-08-01 13:26:23,72400.0,100,Sell,228182565
2024-08-01 13:26:49,72400.0,100,Sell,228183807
2024-08-01 13:26:49,72400.0,200,Sell,228183808
2024-08-01 13:26:53,72400.0,600,Sell,228183981
2024-08-01 13:27:04,72400.0,3000,Buy,228184513
2024-08-01 13:27:13,72400.0,100,Buy,228184831
2024-08-01 13:27:26,72400.0,400,Buy,228185862
2024-08-01 13:27:39,72400.0,100,Sell,228186651
2024-08-01 13:27:39,72400.0,900,Sell,228186652
2024-08-01 13:28:18,72400.0,100,Sell,228189728
2024-08-01 13:28:18,72400.0,300,Sell,228189766
2024-08-01 13:28:20,72300.0,100,Sell,228189890
2024-08-01 13:28:20,72300.0,200,Sell,228189891
2024-08-01 13:28:37,72300.0,1500,Sell,228191014
2024-08-01 13:28:39,72300.0,300,Sell,228191153
2024-08-01 13:28:39,72300.0,900,Sell,228191152
2024-08-01 13:28:39,72300.0,1300,Sell,228191149
2024-08-01 13:28:39,72300.0,500,Sell,228191150
2024-08-01 13:28:39,72300.0,200,Sell,228191151
2024-08-01 13:28:48,72300.0,200,Sell,228191769
2024-08-01 13:28:56,72300.0,200,Sell,228192439
2024-08-01 13:29:01,72400.0,200,Buy,228192873
2024-08-01 13:29:26,72400.0,100,Buy,228195408
2024-08-01 13:29:31,72300.0,200,Sell,228195760
2024-08-01 13:29:31,72300.0,100,Sell,228195761
2024-08-01 13:29:31,72300.0,1200,Sell,228195762
2024-08-01 13:29:42,72400.0,5000,Buy,228197134
2024-08-01 13:29:42,72400.0,4000,Buy,228197135
2024-08-01 13:29:42,72400.0,100,Buy,228197133
2024-08-01 13:29:51,72400.0,200,Sell,228197925
2024-08-01 13:29:59,72400.0,1400,Sell,228198742
2024-08-01 13:30:08,72400.0,100,Sell,228199435
2024-08-01 13:30:17,72400.0,800,Sell,228200423
2024-08-01 13:30:23,72400.0,100,Sell,228200985
2024-08-01 13:30:24,72400.0,100,Sell,228201139
2024-08-01 13:30:40,72400.0,300,Sell,228202373
2024-08-01 13:30:40,72400.0,1700,Sell,228202374
2024-08-01 13:30:40,72400.0,2200,Sell,228202372
2024-08-01 13:30:53,72400.0,400,Sell,228203292
2024-08-01 13:30:56,72400.0,500,Sell,228203513
2024-08-01 13:31:12,72400.0,2000,Sell,228205319
2024-08-01 13:31:21,72400.0,400,Sell,228206183
2024-08-01 13:31:21,72400.0,100,Sell,228206184
2024-08-01 13:31:21,72400.0,200,Sell,228206185
2024-08-01 13:31:26,72400.0,3800,Sell,228206590
2024-08-01 13:31:26,72400.0,1000,Sell,228206591
2024-08-01 13:31:26,72400.0,200,Sell,228206592
2024-08-01 13:31:31,72400.0,300,Sell,228207025
2024-08-01 13:31:31,72400.0,100,Sell,228207026
2024-08-01 13:31:31,72400.0,500,Sell,228207027
2024-08-01 13:31:35,72400.0,1500,Sell,228207286
2024-08-01 13:31:35,72400.0,2500,Sell,228207287
2024-08-01 13:31:43,72400.0,100,Sell,228207820
2024-08-01 13:32:03,72300.0,400,Sell,228209233
2024-08-01 13:32:03,72300.0,500,Sell,228209232
2024-08-01 13:32:03,72300.0,100,Sell,228209231
2024-08-01 13:32:03,72300.0,100,Sell,228209230
2024-08-01 13:32:03,72300.0,1000,Sell,228209226
2024-08-01 13:32:03,72300.0,300,Sell,228209228
2024-08-01 13:32:03,72300.0,100,Sell,228209225
2024-08-01 13:32:03,72300.0,4800,Sell,228209224
2024-08-01 13:32:03,72300.0,2000,Sell,228209227
2024-08-01 13:32:03,72300.0,700,Sell,228209229
2024-08-01 13:32:17,72300.0,2100,Sell,228210250
2024-08-01 13:32:45,72300.0,100,Buy,228212151
2024-08-01 13:33:31,72200.0,500,Sell,228215573
2024-08-01 13:33:39,72300.0,2000,Buy,228216248
2024-08-01 13:33:41,72200.0,200,Sell,228216410
2024-08-01 13:33:44,72200.0,100,Sell,228216629
2024-08-01 13:33:44,72200.0,200,Sell,228216630
2024-08-01 13:33:48,72200.0,2800,Sell,228216972
2024-08-01 13:33:48,72200.0,200,Sell,228216973
2024-08-01 13:33:53,72200.0,100,Sell,228217356
2024-08-01 13:33:58,72200.0,200,Sell,228217679
2024-08-01 13:34:25,72200.0,400,Sell,228220010
2024-08-01 13:34:26,72200.0,200,Sell,228220081
2024-08-01 13:34:49,72200.0,100,Sell,228221748
2024-08-01 13:35:12,72200.0,400,Sell,228223536
2024-08-01 13:35:22,72200.0,200,Sell,228224213
2024-08-01 13:35:33,72300.0,100,Buy,228224949
2024-08-01 13:35:41,72200.0,1000,Sell,228225702
2024-08-01 13:35:41,72300.0,100,Buy,228225746
2024-08-01 13:35:42,72100.0,100,Sell,228225806
2024-08-01 13:35:42,72000.0,100,Sell,228225807
2024-08-01 13:35:42,72000.0,200,Sell,228225808
2024-08-01 13:35:42,72000.0,100,Sell,228225809
2024-08-01 13:35:42,72000.0,100,Sell,228225810
2024-08-01 13:35:42,72000.0,100,Sell,228225811
2024-08-01 13:35:42,72000.0,300,Sell,228225812
2024-08-01 13:35:42,72000.0,100,Sell,228225814
2024-08-01 13:35:42,72000.0,100,Sell,228225813
2024-08-01 13:35:42,72000.0,100,Sell,228225815
2024-08-01 13:35:42,72000.0,300,Sell,228225826
2024-08-01 13:35:42,72000.0,100,Sell,228225817
2024-08-01 13:35:42,72000.0,500,Sell,228225818
2024-08-01 13:35:42,72000.0,1000,Sell,228225819
2024-08-01 13:35:42,72000.0,1000,Sell,228225820
2024-08-01 13:35:42,72000.0,100,Sell,228225821
2024-08-01 13:35:42,72000.0,100,Sell,228225822
2024-08-01 13:35:42,72000.0,200,Sell,228225823
2024-08-01 13:35:42,72000.0,300,Sell,228225824
2024-08-01 13:35:42,72000.0,300,Sell,228225825
2024-08-01 13:35:42,72100.0,100,Sell,228225805
2024-08-01 13:35:42,72000.0,500,Sell,228225816
2024-08-01 13:35:42,72100.0,300,Sell,228225804
2024-08-01 13:35:42,72200.0,100,Sell,228225789
2024-08-01 13:35:42,72100.0,100,Sell,228225797
2024-08-01 13:35:42,72200.0,7200,Sell,228225775
2024-08-01 13:35:42,72200.0,1000,Sell,228225776
2024-08-01 13:35:42,72200.0,100,Sell,228225777
2024-08-01 13:35:42,72200.0,100,Sell,228225778
2024-08-01 13:35:42,72200.0,100,Sell,228225779
2024-08-01 13:35:42,72200.0,100,Sell,228225780
2024-08-01 13:35:42,72200.0,100,Sell,228225781
2024-08-01 13:35:42,72200.0,600,Sell,228225782
2024-08-01 13:35:42,72100.0,100,Sell,228225803
2024-08-01 13:35:42,72200.0,500,Sell,228225784
2024-08-01 13:35:42,72200.0,300,Sell,228225783
2024-08-01 13:35:42,72200.0,200,Sell,228225786
2024-08-01 13:35:42,72200.0,100,Sell,228225787
2024-08-01 13:35:42,72200.0,100,Sell,228225788
2024-08-01 13:35:42,72200.0,300,Sell,228225790
2024-08-01 13:35:42,72200.0,100,Sell,228225791
2024-08-01 13:35:42,72100.0,10000,Sell,228225792
2024-08-01 13:35:42,72100.0,100,Sell,228225793
2024-08-01 13:35:42,72100.0,300,Sell,228225794
2024-08-01 13:35:42,72100.0,100,Sell,228225795
2024-08-01 13:35:42,72100.0,300,Sell,228225796
2024-08-01 13:35:42,72200.0,100,Sell,228225785
2024-08-01 13:35:43,72000.0,100,Sell,228225919
2024-08-01 13:35:44,72000.0,100,Sell,228225991
2024-08-01 13:35:44,72000.0,200,Sell,228225992
2024-08-01 13:36:10,72000.0,1000,Sell,228227979
2024-08-01 13:36:10,72000.0,1500,Sell,228227980
2024-08-01 13:36:10,72000.0,100,Sell,228227977
2024-08-01 13:36:10,72000.0,200,Sell,228227978
2024-08-01 13:36:10,72000.0,300,Sell,228227976
2024-08-01 13:36:14,72000.0,500,Sell,228228178
2024-08-01 13:36:24,72000.0,800,Sell,228228912
2024-08-01 13:36:24,72000.0,1000,Sell,228228994
2024-08-01 13:36:37,72100.0,300,Sell,228229695
2024-08-01 13:36:37,72000.0,700,Sell,228229700
2024-08-01 13:36:50,72000.0,500,Sell,228230446
2024-08-01 13:36:50,72000.0,100,Sell,228230447
2024-08-01 13:36:50,72000.0,100,Sell,228230448
2024-08-01 13:36:52,72100.0,100,Buy,228230501
2024-08-01 13:36:53,72100.0,900,Sell,228230562
2024-08-01 13:36:58,72100.0,100,Buy,228230910
2024-08-01 13:37:19,72100.0,200,Buy,228232183
2024-08-01 13:37:24,72100.0,800,Sell,228232506
2024-08-01 13:37:24,72000.0,200,Sell,228232507
2024-08-01 13:37:43,72100.0,100,Buy,228233570
2024-08-01 13:37:43,72100.0,600,Buy,228233571
2024-08-01 13:37:47,72100.0,600,Buy,228233735
2024-08-01 13:37:58,72100.0,200,Sell,228234393
2024-08-01 13:37:58,72100.0,400,Sell,228234392
2024-08-01 13:38:10,72200.0,400,Buy,228234947
2024-08-01 13:38:19,72200.0,100,Sell,228235412
2024-08-01 13:38:19,72200.0,700,Sell,228235411
2024-08-01 13:38:19,72200.0,100,Sell,228235413
2024-08-01 13:38:27,72300.0,100,Buy,228235773
2024-08-01 13:38:27,72300.0,600,Buy,228235774
2024-08-01 13:38:39,72200.0,100,Sell,228236439
2024-08-01 13:38:48,72200.0,100,Sell,228236827
2024-08-01 13:38:48,72200.0,500,Sell,228236828
2024-08-01 13:38:48,72200.0,100,Sell,228236829
2024-08-01 13:38:48,72200.0,300,Sell,228236830
2024-08-01 13:38:53,72200.0,200,Sell,228237156
2024-08-01 13:39:01,72200.0,100,Buy,228237514
2024-08-01 13:39:03,72200.0,300,Buy,228237612
2024-08-01 13:39:03,72200.0,100,Buy,228237636
2024-08-01 13:39:03,72200.0,600,Buy,228237637
2024-08-01 13:39:23,72200.0,400,Buy,228238550
2024-08-01 13:39:29,72200.0,1000,Sell,228238806
2024-08-01 13:39:43,72200.0,100,Sell,228239269
2024-08-01 13:39:43,72200.0,200,Sell,228239268
2024-08-01 13:39:43,72200.0,1100,Sell,228239267
2024-08-01 13:39:53,72200.0,400,Buy,228239708
2024-08-01 13:39:58,72200.0,2200,Buy,228239867
2024-08-01 13:39:59,72100.0,500,Sell,228239929
2024-08-01 13:39:59,72200.0,600,Sell,228239927
2024-08-01 13:39:59,72100.0,100,Sell,228239928
2024-08-01 13:40:01,72300.0,200,Buy,228239998
2024-08-01 13:40:29,72300.0,500,Buy,228241311
2024-08-01 13:40:52,72300.0,100,Buy,228242172
2024-08-01 13:41:16,72300.0,500,Buy,228243145
2024-08-01 13:41:20,72300.0,200,Buy,228243293
2024-08-01 13:42:08,72300.0,700,Buy,228245135
2024-08-01 13:42:08,72300.0,300,Buy,228245134
2024-08-01 13:42:16,72300.0,300,Buy,228245461
2024-08-01 13:42:16,72300.0,200,Buy,228245462
2024-08-01 13:42:16,72300.0,100,Buy,228245467
2024-08-01 13:42:20,72300.0,100,Buy,228245615
2024-08-01 13:42:20,72300.0,1000,Buy,228245616
2024-08-01 13:42:20,72300.0,1400,Buy,228245617
2024-08-01 13:42:36,72300.0,100,Buy,228246224
2024-08-01 13:42:36,72300.0,100,Buy,228246222
2024-08-01 13:42:36,72300.0,300,Buy,228246223
2024-08-01 13:42:36,72300.0,600,Buy,228246221
2024-08-01 13:42:43,72300.0,200,Buy,228246494
2024-08-01 13:42:56,72300.0,400,Buy,228246969
2024-08-01 13:43:06,72400.0,200,Buy,228247308
2024-08-01 13:43:06,72400.0,800,Buy,228247309
2024-08-01 13:43:09,72300.0,100,Sell,228247415
2024-08-01 13:43:09,72300.0,100,Sell,228247416
2024-08-01 13:43:09,72300.0,300,Sell,228247417
2024-08-01 13:43:09,72300.0,300,Sell,228247418
2024-08-01 13:43:09,72300.0,200,Sell,228247419
2024-08-01 13:43:14,72300.0,800,Sell,228247585
2024-08-01 13:43:14,72300.0,100,Sell,228247586
2024-08-01 13:43:14,72300.0,100,Sell,228247587
2024-08-01 13:43:25,72300.0,200,Sell,228247990
2024-08-01 13:43:25,72300.0,200,Sell,228247989
2024-08-01 13:43:40,72300.0,100,Buy,228248638
2024-08-01 13:43:56,72300.0,100,Buy,228249289
2024-08-01 13:43:59,72300.0,100,Buy,228249398
2024-08-01 13:43:59,72300.0,300,Buy,228249399
2024-08-01 13:44:36,72100.0,600,Sell,228250853
2024-08-01 13:44:36,72100.0,300,Sell,228250852
2024-08-01 13:44:36,72100.0,100,Sell,228250851
2024-08-01 13:44:36,72100.0,1000,Sell,228250850
2024-08-01 13:44:36,72100.0,500,Sell,228250849
2024-08-01 13:44:36,72100.0,100,Sell,228250848
2024-08-01 13:44:36,72200.0,100,Sell,228250847
2024-08-01 13:44:36,72200.0,800,Sell,228250846
2024-08-01 13:44:36,72200.0,300,Sell,228250845
2024-08-01 13:44:36,72200.0,1000,Sell,228250810
2024-08-01 13:44:36,72200.0,400,Sell,228250809
2024-08-01 13:44:36,72200.0,100,Sell,228250808
2024-08-01 13:44:36,72200.0,300,Sell,228250807
2024-08-01 13:44:36,72200.0,100,Sell,228250806
2024-08-01 13:44:36,72300.0,200,Sell,228250791
2024-08-01 13:44:36,72200.0,200,Sell,228250804
2024-08-01 13:44:36,72200.0,600,Sell,228250805
2024-08-01 13:44:36,72300.0,100,Sell,228250792
2024-08-01 13:44:36,72300.0,1000,Sell,228250793
2024-08-01 13:44:36,72300.0,100,Sell,228250795
2024-08-01 13:44:36,72300.0,500,Sell,228250796
2024-08-01 13:44:36,72300.0,100,Sell,228250797
2024-08-01 13:44:36,72300.0,400,Sell,228250794
2024-08-01 13:44:36,72300.0,500,Sell,228250799
2024-08-01 13:44:36,72200.0,2000,Sell,228250800
2024-08-01 13:44:36,72200.0,100,Sell,228250801
2024-08-01 13:44:36,72200.0,500,Sell,228250802
2024-08-01 13:44:36,72200.0,1000,Sell,228250803
2024-08-01 13:44:36,72300.0,1000,Sell,228250798
2024-08-01 13:44:45,72000.0,100,Sell,228251096
2024-08-01 13:44:45,72000.0,400,Sell,228251102
2024-08-01 13:44:45,72000.0,100,Sell,228251101
2024-08-01 13:44:45,72000.0,100,Sell,228251100
2024-08-01 13:44:45,72000.0,100,Sell,228251099
2024-08-01 13:44:45,72000.0,200,Sell,228251097
2024-08-01 13:44:45,72000.0,100,Sell,228251095
2024-08-01 13:44:45,72000.0,500,Sell,228251098
2024-08-01 13:44:45,72000.0,300,Sell,228251093
2024-08-01 13:44:45,72000.0,300,Sell,228251092
2024-08-01 13:44:45,72000.0,100,Sell,228251091
2024-08-01 13:44:45,72000.0,100,Sell,228251090
2024-08-01 13:44:45,72000.0,800,Sell,228251089
2024-08-01 13:44:45,72100.0,100,Sell,228251088
2024-08-01 13:44:45,72100.0,200,Sell,228251087
2024-08-01 13:44:45,72000.0,100,Sell,228251094
2024-08-01 13:44:45,72100.0,400,Sell,228251086
2024-08-01 13:44:51,72000.0,500,Sell,228251369
2024-08-01 13:44:51,72000.0,1000,Sell,228251368
2024-08-01 13:44:51,72000.0,100,Sell,228251367
2024-08-01 13:44:51,72000.0,500,Sell,228251364
2024-08-01 13:44:51,72000.0,100,Sell,228251365
2024-08-01 13:44:51,72000.0,200,Sell,228251370
2024-08-01 13:44:51,72000.0,1000,Sell,228251363
2024-08-01 13:44:51,72000.0,100,Sell,228251366
2024-08-01 13:44:51,72000.0,100,Sell,228251371
2024-08-01 13:44:51,72000.0,100,Sell,228251377
2024-08-01 13:44:51,72000.0,500,Sell,228251374
2024-08-01 13:44:51,72000.0,200,Sell,228251375
2024-08-01 13:44:51,72000.0,500,Sell,228251378
2024-08-01 13:44:51,72000.0,2000,Sell,228251379
2024-08-01 13:44:51,72000.0,300,Sell,228251380
2024-08-01 13:44:51,72000.0,100,Sell,228251381
2024-08-01 13:44:51,72000.0,600,Sell,228251383
2024-08-01 13:44:51,72000.0,100,Sell,228251362
2024-08-01 13:44:51,72000.0,500,Sell,228251372
2024-08-01 13:44:51,72000.0,2000,Sell,228251361
2024-08-01 13:44:51,72000.0,300,Sell,228251382
2024-08-01 13:44:51,72000.0,300,Sell,228251359
2024-08-01 13:44:51,72000.0,100,Sell,228251360
2024-08-01 13:44:51,72000.0,500,Sell,228251340
2024-08-01 13:44:51,72000.0,700,Sell,228251341
2024-08-01 13:44:51,72000.0,100,Sell,228251342
2024-08-01 13:44:51,72000.0,200,Sell,228251343
2024-08-01 13:44:51,72000.0,200,Sell,228251344
2024-08-01 13:44:51,72000.0,1000,Sell,228251345
2024-08-01 13:44:51,72000.0,100,Sell,228251346
2024-08-01 13:44:51,72000.0,200,Sell,228251347
2024-08-01 13:44:51,72000.0,100,Sell,228251348
2024-08-01 13:44:51,72000.0,300,Sell,228251373
2024-08-01 13:44:51,72000.0,300,Sell,228251349
2024-08-01 13:44:51,72000.0,1000,Sell,228251358
2024-08-01 13:44:51,72000.0,100,Sell,228251356
2024-08-01 13:44:51,72000.0,200,Sell,228251355
2024-08-01 13:44:51,72000.0,500,Sell,228251354
2024-08-01 13:44:51,72000.0,200,Sell,228251357
2024-08-01 13:44:51,72000.0,100,Sell,228251352
2024-08-01 13:44:51,72000.0,100,Sell,228251351
2024-08-01 13:44:51,72000.0,100,Sell,228251350
2024-08-01 13:44:51,72000.0,100,Sell,228251353
2024-08-01 13:44:55,72000.0,400,Sell,228251514
2024-08-01 13:44:55,72000.0,100,Sell,228251515
2024-08-01 13:44:55,72000.0,500,Sell,228251516
2024-08-01 13:44:57,72000.0,100,Sell,228251637
2024-08-01 13:44:57,72000.0,100,Sell,228251633
2024-08-01 13:44:57,72000.0,100,Sell,228251634
2024-08-01 13:44:57,72000.0,100,Sell,228251635
2024-08-01 13:44:57,72000.0,100,Sell,228251638
2024-08-01 13:44:57,72000.0,200,Sell,228251645
2024-08-01 13:44:57,72000.0,500,Sell,228251640
2024-08-01 13:44:57,72000.0,100,Sell,228251641
2024-08-01 13:44:57,72000.0,100,Sell,228251643
2024-08-01 13:44:57,72000.0,100,Sell,228251644
2024-08-01 13:44:57,72000.0,100,Sell,228251632
2024-08-01 13:44:57,72000.0,100,Sell,228251646
2024-08-01 13:44:57,72000.0,300,Sell,228251639
2024-08-01 13:44:57,72000.0,100,Sell,228251631
2024-08-01 13:44:57,72000.0,100,Sell,228251642
2024-08-01 13:44:57,72000.0,2000,Sell,228251629
2024-08-01 13:44:57,72000.0,500,Sell,228251630
2024-08-01 13:44:57,72000.0,500,Sell,228251615
2024-08-01 13:44:57,72000.0,100,Sell,228251616
2024-08-01 13:44:57,72000.0,200,Sell,228251617
2024-08-01 13:44:57,72000.0,500,Sell,228251618
2024-08-01 13:44:57,72000.0,300,Sell,228251619
2024-08-01 13:44:57,72000.0,300,Sell,228251620
2024-08-01 13:44:57,72000.0,2000,Sell,228251636
2024-08-01 13:44:57,72000.0,100,Sell,228251622
2024-08-01 13:44:57,72000.0,100,Sell,228251623
2024-08-01 13:44:57,72000.0,200,Sell,228251621
2024-08-01 13:44:57,72000.0,200,Sell,228251624
2024-08-01 13:44:57,72000.0,100,Sell,228251625
2024-08-01 13:44:57,72000.0,700,Sell,228251626
2024-08-01 13:44:57,72000.0,500,Sell,228251627
2024-08-01 13:44:57,72000.0,200,Sell,228251628
2024-08-01 13:44:58,72000.0,100,Buy,228251659
2024-08-01 13:45:16,71900.0,900,Sell,228252432
2024-08-01 13:45:16,71900.0,500,Sell,228252430
2024-08-01 13:45:16,71900.0,300,Sell,228252429
2024-08-01 13:45:16,71900.0,300,Sell,228252428
2024-08-01 13:45:16,71900.0,500,Sell,228252431
2024-08-01 13:45:16,71900.0,200,Sell,228252426
2024-08-01 13:45:16,71900.0,100,Sell,228252425
2024-08-01 13:45:16,71900.0,2500,Sell,228252424
2024-08-01 13:45:16,71900.0,100,Sell,228252423
2024-08-01 13:45:16,71900.0,600,Sell,228252427
2024-08-01 13:45:17,71900.0,1100,Sell,228252454
2024-08-01 13:45:17,71900.0,200,Sell,228252455
2024-08-01 13:45:17,71900.0,400,Sell,228252456
2024-08-01 13:45:21,71900.0,200,Buy,228252557
2024-08-01 13:45:28,71900.0,100,Buy,228252929
2024-08-01 13:45:38,71900.0,100,Buy,228253226
2024-08-01 13:45:45,71900.0,200,Buy,228253541
2024-08-01 13:45:49,71900.0,700,Buy,228253698
2024-08-01 13:46:03,71900.0,300,Sell,228254275
2024-08-01 13:46:03,71900.0,100,Sell,228254276
2024-08-01 13:46:13,71900.0,200,Buy,228254719
2024-08-01 13:46:43,71900.0,100,Buy,228256013
2024-08-01 13:46:48,71900.0,300,Buy,228256221
2024-08-01 13:46:48,71900.0,1200,Buy,228256222
2024-08-01 13:46:48,71900.0,3800,Buy,228256257
2024-08-01 13:46:58,71900.0,1200,Sell,228256690
2024-08-01 13:46:58,71900.0,200,Sell,228256691
2024-08-01 13:47:02,71900.0,800,Buy,228256867
2024-08-01 13:47:08,71900.0,500,Buy,228257173
2024-08-01 13:47:08,71900.0,100,Buy,228257196
2024-08-01 13:47:13,71900.0,1000,Buy,228257380
2024-08-01 13:47:29,71900.0,1200,Buy,228258158
2024-08-01 13:47:29,71900.0,2600,Buy,228258159
2024-08-01 13:47:39,72000.0,100,Buy,228258691
2024-08-01 13:47:51,72000.0,100,Buy,228259237
2024-08-01 13:48:14,72000.0,100,Buy,228260261
2024-08-01 13:48:28,72000.0,200,Buy,228260928
2024-08-01 13:48:28,72000.0,400,Buy,228260929
2024-08-01 13:48:28,72000.0,400,Buy,228260930
2024-08-01 13:48:31,71900.0,100,Sell,228261075
2024-08-01 13:48:36,72000.0,100,Buy,228261384
2024-08-01 13:48:38,72000.0,4200,Buy,228261512
2024-08-01 13:48:39,71900.0,100,Sell,228261582
2024-08-01 13:49:01,72000.0,300,Buy,228262734
2024-08-01 13:49:01,72000.0,700,Buy,228262735
2024-08-01 13:49:07,71900.0,100,Sell,228262939
2024-08-01 13:49:21,72000.0,100,Buy,228263708
2024-08-01 13:49:30,72000.0,200,Buy,228264419
2024-08-01 13:49:48,71900.0,100,Sell,228265453
2024-08-01 13:50:01,71900.0,500,Sell,228266360
2024-08-01 13:50:07,71900.0,300,Sell,228266766
2024-08-01 13:50:13,71900.0,2100,Sell,228267054
2024-08-01 13:50:19,72000.0,100,Buy,228267482
2024-08-01 13:50:36,71900.0,1000,Sell,228268685
2024-08-01 13:51:00,71900.0,10000,Sell,228270883
2024-08-01 13:51:01,71900.0,1500,Sell,228270987
2024-08-01 13:51:10,71900.0,2900,Sell,228272009
2024-08-01 13:51:10,71900.0,1000,Sell,228272007
2024-08-01 13:51:10,71900.0,200,Sell,228272008
2024-08-01 13:51:10,71900.0,400,Sell,228272006
2024-08-01 13:51:11,71900.0,600,Sell,228272110
2024-08-01 13:51:11,71900.0,100,Sell,228272111
2024-08-01 13:51:11,71900.0,100,Sell,228272109
2024-08-01 13:51:11,71900.0,100,Sell,228272107
2024-08-01 13:51:11,71900.0,2000,Sell,228272108
2024-08-01 13:51:11,71900.0,1000,Sell,228272105
2024-08-01 13:51:11,71900.0,300,Sell,228272104
2024-08-01 13:51:11,71900.0,100,Sell,228272103
2024-08-01 13:51:11,71900.0,100,Sell,228272102
2024-08-01 13:51:11,71900.0,2100,Sell,228272101
2024-08-01 13:51:11,71900.0,1000,Sell,228272106
2024-08-01 13:51:24,71800.0,300,Sell,228273441
2024-08-01 13:51:24,71800.0,100,Sell,228273442
2024-08-01 13:51:24,71800.0,4600,Sell,228273443
2024-08-01 13:51:25,71800.0,300,Sell,228273510
2024-08-01 13:51:25,71800.0,3000,Sell,228273509
2024-08-01 13:51:25,71800.0,100,Sell,228273512
2024-08-01 13:51:25,71800.0,100,Sell,228273511
2024-08-01 13:51:25,71800.0,100,Sell,228273507
2024-08-01 13:51:25,71800.0,100,Sell,228273508
2024-08-01 13:51:25,71800.0,600,Sell,228273505
2024-08-01 13:51:25,71800.0,5000,Sell,228273506
2024-08-01 13:51:25,71800.0,300,Sell,228273501
2024-08-01 13:51:25,71800.0,1000,Sell,228273502
2024-08-01 13:51:25,71800.0,5400,Sell,228273500
2024-08-01 13:51:25,71800.0,100,Sell,228273504
2024-08-01 13:51:25,71800.0,300,Sell,228273503
2024-08-01 13:51:39,71800.0,1200,Buy,228275084
2024-08-01 13:51:39,71900.0,1000,Buy,228275085
2024-08-01 13:51:39,72000.0,3900,Buy,228275086
2024-08-01 13:51:39,72000.0,8000,Buy,228275087
2024-08-01 13:51:39,72000.0,2000,Buy,228275088
2024-08-01 13:51:39,72000.0,500,Buy,228275089
2024-08-01 13:51:39,72000.0,1800,Buy,228275090
2024-08-01 13:51:39,72000.0,1000,Buy,228275091
2024-08-01 13:51:39,72000.0,600,Buy,228275092
2024-08-01 13:51:58,71700.0,100,Sell,228276936
2024-08-01 13:52:01,71700.0,3500,Sell,228277175
2024-08-01 13:52:01,71700.0,100,Sell,228277174
2024-08-01 13:52:01,71700.0,2000,Sell,228277173
2024-08-01 13:52:01,71700.0,100,Sell,228277171
2024-08-01 13:52:01,71700.0,300,Sell,228277172
2024-08-01 13:52:01,71700.0,2000,Sell,228277170
2024-08-01 13:52:09,71400.0,300,Sell,228278186
2024-08-01 13:52:09,71500.0,200,Sell,228278162
2024-08-01 13:52:09,71500.0,200,Sell,228278161
2024-08-01 13:52:09,71500.0,200,Sell,228278163
2024-08-01 13:52:09,71500.0,100,Sell,228278164
2024-08-01 13:52:09,71500.0,200,Sell,228278165
2024-08-01 13:52:09,71500.0,5000,Sell,228278166
2024-08-01 13:52:09,71500.0,100,Sell,228278167
2024-08-01 13:52:09,71500.0,500,Sell,228278168
2024-08-01 13:52:09,71500.0,100,Sell,228278169
2024-08-01 13:52:09,71500.0,100,Sell,228278185
2024-08-01 13:52:09,71000.0,100,Sell,228278197
2024-08-01 13:52:09,71400.0,1000,Sell,228278188
2024-08-01 13:52:09,71300.0,1000,Sell,228278189
2024-08-01 13:52:09,71300.0,300,Sell,228278190
2024-08-01 13:52:09,71200.0,300,Sell,228278191
2024-08-01 13:52:09,71200.0,100,Sell,228278192
2024-08-01 13:52:09,71200.0,400,Sell,228278193
2024-08-01 13:52:09,71200.0,300,Sell,228278194
2024-08-01 13:52:09,71100.0,200,Sell,228278195
2024-08-01 13:52:09,71100.0,100,Sell,228278196
2024-08-01 13:52:09,71000.0,300,Sell,228278198
2024-08-01 13:52:09,71500.0,100,Sell,228278160
2024-08-01 13:52:09,71400.0,100,Sell,228278187
2024-08-01 13:52:09,71500.0,500,Sell,228278159
2024-08-01 13:52:09,71500.0,300,Sell,228278145
2024-08-01 13:52:09,71500.0,100,Sell,228278157
2024-08-01 13:52:09,71500.0,100,Sell,228278158
2024-08-01 13:52:09,71700.0,1500,Sell,228278133
2024-08-01 13:52:09,71600.0,300,Sell,228278135
2024-08-01 13:52:09,71600.0,1000,Sell,228278136
2024-08-01 13:52:09,71600.0,100,Sell,228278137
2024-08-01 13:52:09,71600.0,300,Sell,228278138
2024-08-01 13:52:09,71600.0,100,Sell,228278139
2024-08-01 13:52:09,71600.0,200,Sell,228278140
2024-08-01 13:52:09,71500.0,100,Sell,228278141
2024-08-01 13:52:09,71500.0,100,Sell,228278142
2024-08-01 13:52:09,71500.0,500,Sell,228278143
2024-08-01 13:52:09,71700.0,1000,Sell,228278134
2024-08-01 13:52:09,71500.0,100,Sell,228278146
2024-08-01 13:52:09,71500.0,300,Sell,228278155
2024-08-01 13:52:09,71500.0,100,Sell,228278156
2024-08-01 13:52:09,71500.0,100,Sell,228278153
2024-08-01 13:52:09,71500.0,100,Sell,228278152
2024-08-01 13:52:09,71500.0,1000,Sell,228278154
2024-08-01 13:52:09,71500.0,100,Sell,228278150
2024-08-01 13:52:09,71500.0,100,Sell,228278149
2024-08-01 13:52:09,71500.0,200,Sell,228278148
2024-08-01 13:52:09,71500.0,100,Sell,228278147
2024-08-01 13:52:09,71500.0,100,Sell,228278151
2024-08-01 13:52:09,71500.0,200,Sell,228278144
2024-08-01 13:52:18,71800.0,1000,Sell,228279056
2024-08-01 13:52:26,71600.0,3000,Sell,228280371
2024-08-01 13:52:44,71600.0,300,Buy,228282920
2024-08-01 13:52:46,71500.0,100,Sell,228283166
2024-08-01 13:52:48,71500.0,100,Buy,228283386
2024-08-01 13:52:57,71500.0,300,Buy,228284228
2024-08-01 13:53:18,71100.0,100,Sell,228286881
2024-08-01 13:53:23,71500.0,100,Buy,228287389
2024-08-01 13:53:34,71000.0,100,Sell,228288478
2024-08-01 13:53:34,71000.0,1000,Sell,228288490
2024-08-01 13:53:34,71000.0,200,Sell,228288489
2024-08-01 13:53:34,71000.0,100,Sell,228288488
2024-08-01 13:53:34,71000.0,100,Sell,228288487
2024-08-01 13:53:34,71000.0,100,Sell,228288486
2024-08-01 13:53:34,71000.0,400,Sell,228288485
2024-08-01 13:53:34,71000.0,1000,Sell,228288483
2024-08-01 13:53:34,71000.0,1000,Sell,228288482
2024-08-01 13:53:34,71000.0,1000,Sell,228288481
2024-08-01 13:53:34,71000.0,200,Sell,228288480
2024-08-01 13:53:34,71000.0,200,Sell,228288479
2024-08-01 13:53:34,71000.0,100,Sell,228288477
2024-08-01 13:53:34,71100.0,200,Sell,228288463
2024-08-01 13:53:34,71000.0,100,Sell,228288475
2024-08-01 13:53:34,71100.0,100,Sell,228288464
2024-08-01 13:53:34,71100.0,100,Sell,228288465
2024-08-01 13:53:34,71100.0,700,Sell,228288466
2024-08-01 13:53:34,71000.0,100,Sell,228288476
2024-08-01 13:53:34,71000.0,100,Sell,228288468
2024-08-01 13:53:34,71100.0,200,Sell,228288467
2024-08-01 13:53:34,71000.0,300,Sell,228288470
2024-08-01 13:53:34,71000.0,100,Sell,228288471
2024-08-01 13:53:34,71000.0,100,Sell,228288472
2024-08-01 13:53:34,71000.0,200,Sell,228288473
2024-08-01 13:53:34,71000.0,100,Sell,228288474
2024-08-01 13:53:34,71000.0,100,Sell,228288469
2024-08-01 13:53:38,71000.0,100,Buy,228288911
2024-08-01 13:53:38,71000.0,400,Sell,228288889
2024-08-01 13:53:38,71000.0,100,Sell,228288888
2024-08-01 13:53:38,71000.0,300,Sell,228288887
2024-08-01 13:53:38,71000.0,100,Sell,228288884
2024-08-01 13:53:38,71000.0,400,Sell,228288886
2024-08-01 13:53:38,71000.0,500,Sell,228288885
2024-08-01 13:53:38,71000.0,100,Sell,228288878
2024-08-01 13:53:38,71000.0,1000,Sell,228288879
2024-08-01 13:53:38,71000.0,100,Sell,228288883
2024-08-01 13:53:38,71000.0,100,Sell,228288881
2024-08-01 13:53:38,71000.0,100,Sell,228288882
2024-08-01 13:53:38,71000.0,200,Sell,228288880
2024-08-01 13:53:39,71000.0,200,Buy,228288959
2024-08-01 13:53:43,71000.0,100,Buy,228289409
2024-08-01 13:53:53,71000.0,100,Buy,228290503
2024-08-01 13:53:55,71000.0,1400,Buy,228290650
2024-08-01 13:53:55,71000.0,400,Buy,228290697
2024-08-01 13:54:02,71000.0,300,Buy,228291309
2024-08-01 13:54:02,71000.0,100,Buy,228291310
2024-08-01 13:54:02,71000.0,400,Buy,228291311
2024-08-01 13:54:02,71000.0,100,Buy,228291312
2024-08-01 13:54:02,71000.0,100,Buy,228291313
2024-08-01 13:54:06,71000.0,100,Buy,228291774
2024-08-01 13:54:10,71000.0,100,Buy,228292361
2024-08-01 13:54:10,71000.0,300,Buy,228292360
2024-08-01 13:54:14,71000.0,600,Sell,228292797
2024-08-01 13:54:14,71000.0,100,Sell,228292798
2024-08-01 13:54:14,71000.0,400,Sell,228292799
2024-08-01 13:54:14,71000.0,500,Sell,228292800
2024-08-01 13:54:19,71000.0,100,Buy,228293042
2024-08-01 13:54:19,71000.0,100,Buy,228293043
2024-08-01 13:54:25,70900.0,1000,Sell,228293579
2024-08-01 13:54:25,70900.0,100,Sell,228293578
2024-08-01 13:54:25,70900.0,300,Sell,228293576
2024-08-01 13:54:25,70900.0,200,Sell,228293577
2024-08-01 13:54:35,70900.0,100,Sell,228294747
2024-08-01 13:54:50,70900.0,200,Buy,228295911
2024-08-01 13:54:51,70800.0,300,Sell,228295960
2024-08-01 13:54:51,70800.0,300,Sell,228295961
2024-08-01 13:54:51,70800.0,300,Sell,228295962
2024-08-01 13:54:51,70800.0,100,Sell,228295963
2024-08-01 13:55:00,70700.0,300,Sell,228296624
2024-08-01 13:55:00,70700.0,300,Sell,228296625
2024-08-01 13:55:00,70800.0,100,Buy,228296598
2024-08-01 13:55:00,70700.0,2000,Sell,228296623
2024-08-01 13:55:24,70700.0,100,Sell,228298328
2024-08-01 13:55:24,70700.0,100,Sell,228298329
2024-08-01 13:55:24,70700.0,100,Sell,228298330
2024-08-01 13:55:37,70800.0,100,Buy,228299427
2024-08-01 13:55:43,70800.0,700,Buy,228299818
2024-08-01 13:55:43,70800.0,200,Buy,228299819
2024-08-01 13:55:44,70700.0,1000,Sell,228299829
2024-08-01 13:55:44,70700.0,100,Sell,228299830
2024-08-01 13:55:48,70700.0,100,Sell,228300107
2024-08-01 13:55:48,70700.0,300,Sell,228300106
2024-08-01 13:55:48,70700.0,100,Sell,228300087
2024-08-01 13:55:48,70700.0,100,Sell,228300088
2024-08-01 13:55:48,70700.0,200,Sell,228300086
2024-08-01 13:55:48,70700.0,200,Sell,228300089
2024-08-01 13:55:49,70700.0,100,Buy,228300196
2024-08-01 13:55:49,70700.0,400,Buy,228300199
2024-08-01 13:55:50,70700.0,400,Buy,228300243
2024-08-01 13:55:50,70700.0,200,Buy,228300242
2024-08-01 13:55:50,70700.0,200,Buy,228300241
2024-08-01 13:55:50,70700.0,300,Buy,228300219
2024-08-01 13:55:50,70700.0,400,Buy,228300217
2024-08-01 13:55:50,70700.0,100,Buy,228300220
2024-08-01 13:55:50,70700.0,200,Buy,228300218
2024-08-01 13:55:54,70700.0,100,Buy,228300435
2024-08-01 13:55:57,70700.0,500,Buy,228300588
2024-08-01 13:55:58,70700.0,500,Buy,228300653
2024-08-01 13:55:59,70600.0,100,Sell,228300712
2024-08-01 13:56:01,70700.0,100,Buy,228300834
2024-08-01 13:56:06,70600.0,300,Sell,228301224
2024-08-01 13:56:06,70600.0,100,Sell,228301225
2024-08-01 13:56:06,70600.0,300,Sell,228301226
2024-08-01 13:56:06,70600.0,100,Sell,228301227
2024-08-01 13:56:06,70600.0,600,Sell,228301228
2024-08-01 13:56:06,70600.0,300,Sell,228301229
2024-08-01 13:56:08,70600.0,500,Buy,228301369
2024-08-01 13:56:10,70600.0,100,Buy,228301484
2024-08-01 13:56:11,70500.0,600,Sell,228301600
2024-08-01 13:56:11,70500.0,400,Sell,228301599
2024-08-01 13:56:11,70500.0,400,Sell,228301601
2024-08-01 13:56:11,70500.0,200,Sell,228301597
2024-08-01 13:56:11,70600.0,1000,Buy,228301581
2024-08-01 13:56:11,70500.0,100,Sell,228301598
2024-08-01 13:56:11,70500.0,300,Sell,228301596
2024-08-01 13:56:12,70500.0,300,Buy,228301697
2024-08-01 13:56:12,70500.0,400,Sell,228301683
2024-08-01 13:56:12,70500.0,200,Sell,228301684
2024-08-01 13:56:12,70500.0,100,Sell,228301685
2024-08-01 13:56:12,70500.0,100,Sell,228301686
2024-08-01 13:56:12,70500.0,100,Sell,228301687
2024-08-01 13:56:12,70500.0,100,Sell,228301688
2024-08-01 13:56:12,70500.0,100,Sell,228301689
2024-08-01 13:56:12,70500.0,400,Sell,228301682
2024-08-01 13:56:12,70500.0,100,Sell,228301692
2024-08-01 13:56:12,70500.0,300,Sell,228301693
2024-08-01 13:56:12,70500.0,100,Sell,228301694
2024-08-01 13:56:12,70500.0,100,Sell,228301695
2024-08-01 13:56:12,70500.0,200,Sell,228301696
2024-08-01 13:56:12,70500.0,200,Sell,228301690
2024-08-01 13:56:12,70500.0,100,Sell,228301691
2024-08-01 13:56:12,70500.0,500,Sell,228301681
2024-08-01 13:56:12,70500.0,200,Sell,228301644
2024-08-01 13:56:12,70500.0,800,Sell,228301613
2024-08-01 13:56:12,70500.0,300,Sell,228301614
2024-08-01 13:56:12,70500.0,200,Sell,228301615
2024-08-01 13:56:12,70500.0,100,Sell,228301616
2024-08-01 13:56:12,70500.0,200,Sell,228301617
2024-08-01 13:56:12,70500.0,100,Sell,228301680
2024-08-01 13:56:12,70500.0,400,Sell,228301620
2024-08-01 13:56:12,70500.0,200,Sell,228301618
2024-08-01 13:56:12,70500.0,600,Sell,228301622
2024-08-01 13:56:12,70500.0,300,Sell,228301639
2024-08-01 13:56:12,70500.0,100,Sell,228301640
2024-08-01 13:56:12,70500.0,200,Sell,228301641
2024-08-01 13:56:12,70500.0,800,Sell,228301642
2024-08-01 13:56:12,70500.0,200,Sell,228301643
2024-08-01 13:56:12,70500.0,400,Sell,228301621
2024-08-01 13:56:13,70500.0,100,Buy,228301739
2024-08-01 13:56:13,70500.0,100,Buy,228301749
2024-08-01 13:56:14,70400.0,100,Sell,228301805
2024-08-01 13:56:14,70400.0,300,Sell,228301806
2024-08-01 13:56:14,70400.0,100,Sell,228301803
2024-08-01 13:56:14,70400.0,200,Sell,228301804
2024-08-01 13:56:14,70400.0,100,Sell,228301801
2024-08-01 13:56:28,70400.0,100,Sell,228302759
2024-08-01 13:56:29,70400.0,300,Buy,228302851
2024-08-01 13:56:29,70400.0,400,Buy,228302876
2024-08-01 13:56:33,70400.0,500,Buy,228303092
2024-08-01 13:56:36,70400.0,100,Buy,228303243
2024-08-01 13:56:43,70400.0,500,Buy,228303732
2024-08-01 13:56:44,70400.0,300,Buy,228303787
2024-08-01 13:56:47,70400.0,200,Buy,228303964
2024-08-01 13:56:47,70400.0,1900,Buy,228303962
2024-08-01 13:56:47,70400.0,100,Buy,228303963
2024-08-01 13:56:53,70500.0,100,Buy,228304453
2024-08-01 13:56:53,70400.0,1000,Sell,228304478
2024-08-01 13:56:55,70400.0,1000,Sell,228304548
2024-08-01 13:57:01,70400.0,1000,Sell,228304924
2024-08-01 13:57:04,70400.0,1600,Sell,228305086
2024-08-01 13:57:09,70400.0,300,Sell,228305360
2024-08-01 13:57:09,70400.0,1000,Sell,228305359
2024-08-01 13:57:09,70400.0,200,Sell,228305358
2024-08-01 13:57:09,70400.0,100,Sell,228305357
2024-08-01 13:57:09,70400.0,500,Sell,228305355
2024-08-01 13:57:09,70400.0,300,Sell,228305354
2024-08-01 13:57:09,70400.0,1000,Sell,228305353
2024-08-01 13:57:09,70400.0,100,Sell,228305352
2024-08-01 13:57:09,70400.0,3200,Sell,228305351
2024-08-01 13:57:09,70400.0,500,Sell,228305356
2024-08-01 13:57:11,70400.0,700,Buy,228305453
2024-08-01 13:57:12,70400.0,200,Buy,228305485
2024-08-01 13:57:14,70400.0,1000,Buy,228305620
2024-08-01 13:57:17,70400.0,900,Buy,228305737
2024-08-01 13:57:17,70400.0,100,Buy,228305738
2024-08-01 13:57:18,70400.0,200,Buy,228305785
2024-08-01 13:57:19,70400.0,500,Buy,228305821
2024-08-01 13:57:20,70400.0,200,Buy,228305904
2024-08-01 13:57:25,70400.0,500,Buy,228306175
2024-08-01 13:57:25,70400.0,1500,Buy,228306176
2024-08-01 13:57:26,70400.0,500,Buy,228306200
2024-08-01 13:57:26,70400.0,500,Buy,228306201
2024-08-01 13:57:26,70300.0,100,Sell,228306215
2024-08-01 13:57:26,70300.0,200,Sell,228306216
2024-08-01 13:57:26,70300.0,200,Sell,228306217
2024-08-01 13:57:27,70400.0,500,Buy,228306429
2024-08-01 13:57:27,70300.0,100,Sell,228306421
2024-08-01 13:57:27,70300.0,200,Sell,228306427
2024-08-01 13:57:27,70400.0,500,Buy,228306428
2024-08-01 13:57:29,70400.0,5000,Buy,228306527
2024-08-01 13:57:32,70400.0,200,Buy,228306701
2024-08-01 13:57:33,70400.0,3700,Buy,228306735
2024-08-01 13:57:34,70400.0,7500,Sell,228306776
2024-08-01 13:57:43,70400.0,700,Sell,228307470
2024-08-01 13:57:46,70500.0,200,Buy,228307641
2024-08-01 13:57:46,70500.0,800,Buy,228307642
2024-08-01 13:57:50,70500.0,200,Buy,228307921
2024-08-01 13:57:50,70500.0,100,Buy,228307920
2024-08-01 13:57:50,70500.0,800,Buy,228307919
2024-08-01 13:57:50,70500.0,300,Buy,228307918
2024-08-01 13:57:50,70500.0,200,Buy,228307917
2024-08-01 13:57:50,70500.0,400,Buy,228307916
2024-08-01 13:57:50,70500.0,300,Buy,228307913
2024-08-01 13:57:50,70500.0,100,Buy,228307912
2024-08-01 13:57:50,70500.0,400,Buy,228307915
2024-08-01 13:57:50,70500.0,200,Buy,228307910
2024-08-01 13:57:50,70500.0,800,Buy,228307911
2024-08-01 13:57:50,70500.0,100,Buy,228307848
2024-08-01 13:57:50,70500.0,200,Buy,228307849
2024-08-01 13:57:50,70500.0,200,Buy,228307850
2024-08-01 13:57:50,70500.0,300,Buy,228307851
2024-08-01 13:57:50,70500.0,200,Buy,228307914
2024-08-01 13:57:50,70500.0,400,Buy,228307907
2024-08-01 13:57:50,70500.0,400,Buy,228307908
2024-08-01 13:57:50,70500.0,200,Buy,228307909
2024-08-01 13:57:50,70500.0,200,Buy,228307852
2024-08-01 13:57:54,70500.0,200,Buy,228308149
2024-08-01 13:57:54,70500.0,400,Buy,228308151
2024-08-01 13:57:54,70500.0,800,Buy,228308184
2024-08-01 13:57:54,70500.0,100,Buy,228308185
2024-08-01 13:57:54,70500.0,100,Buy,228308186
2024-08-01 13:57:54,70500.0,400,Buy,228308150
2024-08-01 13:57:56,70400.0,100,Sell,228308266
2024-08-01 13:57:57,70500.0,300,Buy,228308382
2024-08-01 13:57:57,70500.0,200,Buy,228308408
2024-08-01 13:57:57,70500.0,600,Buy,228308385
2024-08-01 13:57:57,70500.0,300,Buy,228308384
2024-08-01 13:57:57,70500.0,100,Buy,228308383
2024-08-01 13:57:57,70500.0,200,Buy,228308380
2024-08-01 13:57:57,70500.0,400,Buy,228308379
2024-08-01 13:57:57,70500.0,100,Buy,228308375
2024-08-01 13:57:57,70500.0,200,Buy,228308376
2024-08-01 13:57:57,70500.0,200,Buy,228308381
2024-08-01 13:57:57,70500.0,400,Buy,228308378
2024-08-01 13:57:57,70500.0,200,Buy,228308377
2024-08-01 13:58:22,70600.0,1000,Sell,228310159
2024-08-01 13:58:23,70700.0,2000,Buy,228310237
2024-08-01 13:58:25,70700.0,400,Buy,228310320
2024-08-01 13:58:32,70700.0,100,Sell,228310736
2024-08-01 13:58:32,70700.0,900,Sell,228310737
2024-08-01 13:58:34,70800.0,100,Buy,228310825
2024-08-01 13:58:38,70800.0,200,Buy,228311072
2024-08-01 13:58:38,70800.0,300,Buy,228311073
2024-08-01 13:58:39,70800.0,1000,Buy,228311083
2024-08-01 13:58:40,70800.0,500,Buy,228311120
2024-08-01 13:58:40,70800.0,200,Buy,228311147
2024-08-01 13:58:41,70800.0,100,Buy,228311180
2024-08-01 13:58:42,70800.0,400,Sell,228311223
2024-08-01 13:58:43,70800.0,900,Sell,228311244
2024-08-01 13:58:47,70900.0,100,Buy,228311450
2024-08-01 13:58:52,70800.0,100,Sell,228311717
2024-08-01 13:58:53,70800.0,100,Sell,228311755
2024-08-01 13:58:53,70800.0,100,Sell,228311765
2024-08-01 13:58:53,70800.0,100,Sell,228311766
2024-08-01 13:58:53,70800.0,100,Sell,228311767
2024-08-01 13:58:53,70800.0,200,Sell,228311768
2024-08-01 13:58:53,70800.0,400,Sell,228311769
2024-08-01 13:58:54,70900.0,600,Buy,228311833
2024-08-01 13:58:59,70800.0,100,Sell,228312183
2024-08-01 13:58:59,70900.0,1000,Sell,228312181
2024-08-01 13:58:59,70900.0,400,Sell,228312180
2024-08-01 13:58:59,70800.0,100,Sell,228312182
2024-08-01 13:59:04,70800.0,100,Sell,228312360
2024-08-01 13:59:08,71000.0,300,Buy,228312550
2024-08-01 13:59:13,70900.0,1000,Sell,228312867
2024-08-01 13:59:21,71000.0,200,Buy,228313245
2024-08-01 13:59:21,71000.0,1000,Buy,228313244
2024-08-01 13:59:21,71000.0,200,Buy,228313243
2024-08-01 13:59:21,71000.0,100,Buy,228313240
2024-08-01 13:59:21,71000.0,300,Buy,228313241
2024-08-01 13:59:21,71000.0,800,Buy,228313238
2024-08-01 13:59:21,71000.0,200,Buy,228313242
2024-08-01 13:59:21,71000.0,200,Buy,228313239
2024-08-01 13:59:23,70900.0,100,Sell,228313416
2024-08-01 13:59:24,71000.0,100,Buy,228313482
2024-08-01 13:59:24,71000.0,100,Buy,228313483
2024-08-01 13:59:24,71000.0,100,Buy,228313484
2024-08-01 13:59:24,71000.0,100,Buy,228313485
2024-08-01 13:59:24,71000.0,400,Buy,228313486
2024-08-01 13:59:24,71000.0,200,Buy,228313487
2024-08-01 13:59:26,71000.0,400,Sell,228313573
2024-08-01 13:59:28,71000.0,100,Sell,228313689
2024-08-01 13:59:28,71000.0,800,Sell,228313690
2024-08-01 14:00:01,71100.0,100,Sell,228315620
2024-08-01 14:00:08,71100.0,100,Sell,228315928
2024-08-01 14:00:10,71100.0,100,Sell,228316038
2024-08-01 14:00:10,71100.0,400,Buy,228316045
2024-08-01 14:00:10,71100.0,100,Sell,228316036
2024-08-01 14:00:10,71100.0,100,Sell,228316037
2024-08-01 14:00:10,71100.0,200,Sell,228316039
2024-08-01 14:00:10,71100.0,100,Sell,228316035
2024-08-01 14:00:14,71300.0,100,Buy,228316208
2024-08-01 14:00:15,71300.0,400,Buy,228316239
2024-08-01 14:00:16,71300.0,100,Sell,228316300
2024-08-01 14:00:18,71400.0,300,Buy,228316427
2024-08-01 14:00:20,71400.0,100,Buy,228316517
2024-08-01 14:00:28,71400.0,300,Buy,228316818
2024-08-01 14:00:28,71400.0,500,Buy,228316837
2024-08-01 14:00:34,71400.0,100,Buy,228317195
2024-08-01 14:00:37,71400.0,200,Buy,228317283
2024-08-01 14:00:38,71400.0,500,Buy,228317341
2024-08-01 14:00:38,71400.0,500,Buy,228317342
2024-08-01 14:00:39,71400.0,600,Sell,228317356
2024-08-01 14:00:47,71400.0,200,Sell,228317675
2024-08-01 14:00:48,71300.0,1000,Sell,228317698
2024-08-01 14:00:50,71400.0,500,Buy,228317795
2024-08-01 14:00:59,71400.0,100,Buy,228318190
2024-08-01 14:01:06,71400.0,200,Buy,228318447
2024-08-01 14:01:10,71400.0,400,Buy,228318592
2024-08-01 14:01:10,71400.0,500,Buy,228318593
2024-08-01 14:01:11,71400.0,700,Sell,228318651
2024-08-01 14:01:13,71100.0,100,Sell,228318734
2024-08-01 14:01:14,71400.0,300,Sell,228318765
2024-08-01 14:01:17,71200.0,300,Sell,228318902
2024-08-01 14:01:19,71400.0,100,Buy,228318960
2024-08-01 14:01:22,71000.0,100,Sell,228319109
2024-08-01 14:01:22,71000.0,1000,Sell,228319108
2024-08-01 14:01:22,71000.0,1000,Sell,228319106
2024-08-01 14:01:22,71000.0,300,Sell,228319105
2024-08-01 14:01:22,71000.0,300,Sell,228319107
2024-08-01 14:01:22,71000.0,500,Sell,228319103
2024-08-01 14:01:22,71000.0,4200,Sell,228319102
2024-08-01 14:01:22,71100.0,100,Sell,228319101
2024-08-01 14:01:22,71100.0,200,Sell,228319100
2024-08-01 14:01:22,71000.0,500,Sell,228319104
2024-08-01 14:01:23,70800.0,800,Sell,228319123
2024-08-01 14:01:23,70800.0,800,Sell,228319130
2024-08-01 14:01:23,70800.0,200,Sell,228319129
2024-08-01 14:01:23,70800.0,200,Sell,228319128
2024-08-01 14:01:23,70800.0,100,Sell,228319127
2024-08-01 14:01:23,70800.0,100,Sell,228319126
2024-08-01 14:01:23,70800.0,100,Sell,228319125
2024-08-01 14:01:23,70800.0,1000,Sell,228319124
2024-08-01 14:01:23,70900.0,100,Sell,228319122
2024-08-01 14:01:23,71000.0,100,Sell,228319115
2024-08-01 14:01:23,70900.0,100,Sell,228319120
2024-08-01 14:01:23,70900.0,900,Sell,228319119
2024-08-01 14:01:23,71000.0,2000,Sell,228319118
2024-08-01 14:01:23,71000.0,300,Sell,228319117
2024-08-01 14:01:23,71000.0,400,Sell,228319116
2024-08-01 14:01:23,71000.0,100,Sell,228319114
2024-08-01 14:01:23,71000.0,100,Sell,228319113
2024-08-01 14:01:23,71000.0,500,Sell,228319112
2024-08-01 14:01:23,70900.0,100,Sell,228319121
2024-08-01 14:01:25,71100.0,100,Sell,228319255
2024-08-01 14:01:29,71500.0,900,Buy,228319495
2024-08-01 14:01:29,71400.0,300,Buy,228319494
2024-08-01 14:01:29,71400.0,200,Buy,228319493
2024-08-01 14:01:29,71400.0,1000,Buy,228319491
2024-08-01 14:01:29,71400.0,200,Buy,228319492
2024-08-01 14:01:29,71300.0,400,Buy,228319490
2024-08-01 14:01:30,71200.0,100,Sell,228319522
2024-08-01 14:01:43,71000.0,200,Sell,228320057
2024-08-01 14:01:43,71000.0,100,Sell,228320056
2024-08-01 14:01:44,70800.0,100,Sell,228320103
2024-08-01 14:01:44,71000.0,100,Buy,228320093
2024-08-01 14:01:49,71000.0,200,Buy,228320223
2024-08-01 14:02:00,71000.0,400,Buy,228320653
2024-08-01 14:02:14,71000.0,100,Sell,228321368
2024-08-01 14:02:14,71000.0,100,Sell,228321369
2024-08-01 14:02:28,71000.0,100,Buy,228321832
2024-08-01 14:02:43,71000.0,100,Sell,228322424
2024-08-01 14:02:47,71000.0,500,Sell,228322576
2024-08-01 14:02:47,71000.0,100,Sell,228322577
2024-08-01 14:02:47,71000.0,200,Sell,228322578
2024-08-01 14:02:47,71000.0,100,Sell,228322579
2024-08-01 14:02:48,71000.0,300,Buy,228322605
2024-08-01 14:02:55,71000.0,200,Buy,228322978
2024-08-01 14:03:05,71000.0,800,Buy,228323357
2024-08-01 14:03:14,71000.0,100,Sell,228323810
2024-08-01 14:03:34,71000.0,100,Sell,228324696
2024-08-01 14:03:43,71000.0,200,Sell,228325160
2024-08-01 14:03:45,70900.0,100,Sell,228325202
2024-08-01 14:03:45,70900.0,100,Sell,228325201
2024-08-01 14:03:53,70800.0,100,Sell,228325492
2024-08-01 14:03:53,70800.0,1000,Sell,228325491
2024-08-01 14:03:53,70800.0,100,Sell,228325488
2024-08-01 14:03:53,70800.0,100,Sell,228325489
2024-08-01 14:03:53,70800.0,1800,Sell,228325490
2024-08-01 14:03:54,70700.0,1000,Sell,228325514
2024-08-01 14:03:54,70700.0,800,Sell,228325515
2024-08-01 14:03:54,70700.0,100,Sell,228325516
2024-08-01 14:03:54,70800.0,100,Buy,228325523
2024-08-01 14:04:08,70700.0,500,Sell,228326032
2024-08-01 14:04:09,70600.0,300,Sell,228326071
2024-08-01 14:04:09,70600.0,10000,Sell,228326072
2024-08-01 14:04:12,70700.0,1000,Buy,228326200
2024-08-01 14:04:13,70500.0,100,Sell,228326258
2024-08-01 14:04:14,70500.0,100,Sell,228326290
2024-08-01 14:04:20,70600.0,200,Buy,228326508
2024-08-01 14:04:22,70600.0,100,Buy,228326556
2024-08-01 14:04:27,70600.0,100,Buy,228326877
2024-08-01 14:04:27,70500.0,100,Sell,228326813
2024-08-01 14:04:43,70600.0,100,Sell,228327472
2024-08-01 14:04:43,70500.0,100,Sell,228327499
2024-08-01 14:04:45,70600.0,100,Buy,228327565
2024-08-01 14:04:45,70500.0,100,Sell,228327566
2024-08-01 14:04:45,70600.0,4800,Buy,228327568
2024-08-01 14:04:45,70700.0,8500,Buy,228327569
2024-08-01 14:04:45,70700.0,500,Buy,228327570
2024-08-01 14:04:48,70900.0,200,Sell,228327680
2024-08-01 14:04:54,70900.0,6000,Sell,228327838
2024-08-01 14:05:06,70900.0,100,Buy,228328354
2024-08-01 14:05:09,70700.0,100,Sell,228328445
2024-08-01 14:05:40,70900.0,500,Sell,228329373
2024-08-01 14:05:43,70700.0,100,Sell,228329461
2024-08-01 14:05:51,70900.0,100,Buy,228329744
2024-08-01 14:05:51,70900.0,100,Buy,228329745
2024-08-01 14:06:14,70900.0,100,Sell,228330480
2024-08-01 14:06:17,70900.0,100,Sell,228330610
2024-08-01 14:06:24,70900.0,100,Sell,228330844
2024-08-01 14:06:24,70900.0,100,Sell,228330843
2024-08-01 14:06:26,71000.0,300,Buy,228330927
2024-08-01 14:06:26,70900.0,100,Sell,228330928
2024-08-01 14:06:45,70900.0,100,Sell,228331675
2024-08-01 14:06:59,71000.0,500,Buy,228332189
2024-08-01 14:06:59,71000.0,200,Buy,228332190
2024-08-01 14:06:59,71000.0,300,Buy,228332191
2024-08-01 14:07:04,71000.0,1500,Buy,228332351
2024-08-01 14:07:04,71000.0,500,Buy,228332352
2024-08-01 14:07:22,71100.0,200,Buy,228332982
2024-08-01 14:07:22,71100.0,500,Buy,228332981
2024-08-01 14:07:32,71100.0,100,Buy,228333549
2024-08-01 14:07:42,71100.0,800,Buy,228334195
2024-08-01 14:07:46,71100.0,100,Buy,228334400
2024-08-01 14:07:48,71000.0,100,Sell,228334504
2024-08-01 14:07:57,71000.0,100,Sell,228334947
2024-08-01 14:07:58,71000.0,100,Sell,228334984
2024-08-01 14:08:12,71000.0,100,Sell,228335788
2024-08-01 14:08:12,71000.0,200,Sell,228335787
2024-08-01 14:08:12,71000.0,100,Sell,228335786
2024-08-01 14:08:12,71000.0,100,Sell,228335784
2024-08-01 14:08:12,71000.0,2700,Sell,228335782
2024-08-01 14:08:12,71000.0,200,Sell,228335785
2024-08-01 14:08:12,71000.0,100,Sell,228335783
2024-08-01 14:08:17,71000.0,100,Buy,228336010
2024-08-01 14:08:17,71000.0,100,Buy,228336054
2024-08-01 14:08:21,70900.0,100,Sell,228336273
2024-08-01 14:08:22,71000.0,2000,Buy,228336333
2024-08-01 14:08:45,70900.0,100,Sell,228337829
2024-08-01 14:08:45,70900.0,500,Sell,228337850
2024-08-01 14:08:47,71000.0,900,Buy,228337921
2024-08-01 14:08:50,71000.0,500,Buy,228338072
2024-08-01 14:08:50,70900.0,100,Sell,228338074
2024-08-01 14:08:51,71000.0,100,Buy,228338341
2024-08-01 14:08:59,71000.0,300,Buy,228338832
2024-08-01 14:09:09,71000.0,900,Buy,228339438
2024-08-01 14:09:09,71000.0,100,Buy,228339439
2024-08-01 14:09:14,71000.0,900,Buy,228339925
2024-08-01 14:09:14,71000.0,600,Buy,228339926
2024-08-01 14:09:16,70900.0,2300,Sell,228340073
2024-08-01 14:09:16,71000.0,200,Buy,228340093
2024-08-01 14:09:26,71000.0,100,Buy,228340906
2024-08-01 14:09:26,71000.0,700,Buy,228340905
2024-08-01 14:09:27,71000.0,200,Sell,228340997
2024-08-01 14:09:30,70900.0,100,Sell,228341244
2024-08-01 14:09:45,70900.0,100,Sell,228342343
2024-08-01 14:09:46,70900.0,300,Sell,228342450
2024-08-01 14:09:48,70900.0,1400,Sell,228342549
2024-08-01 14:10:00,70900.0,500,Sell,228343376
2024-08-01 14:10:11,71000.0,100,Buy,228344111
2024-08-01 14:10:18,71000.0,100,Buy,228344474
2024-08-01 14:10:18,71000.0,500,Buy,228344506
2024-08-01 14:10:31,70900.0,100,Sell,228345580
2024-08-01 14:10:35,70900.0,200,Sell,228345854
2024-08-01 14:10:35,70900.0,300,Sell,228345855
2024-08-01 14:10:35,70900.0,100,Sell,228345856
2024-08-01 14:10:35,70900.0,100,Sell,228345857
2024-08-01 14:10:35,70900.0,100,Sell,228345858
2024-08-01 14:10:35,70900.0,800,Sell,228345859
2024-08-01 14:10:35,70900.0,2000,Sell,228345879
2024-08-01 14:10:35,70900.0,400,Sell,228345853
2024-08-01 14:10:50,70900.0,900,Sell,228346887
2024-08-01 14:10:50,70900.0,300,Sell,228346886
2024-08-01 14:10:50,70900.0,1800,Sell,228346885
2024-08-01 14:10:52,70900.0,100,Sell,228347073
2024-08-01 14:10:52,70900.0,900,Sell,228347074
2024-08-01 14:10:58,70900.0,100,Sell,228347588
2024-08-01 14:11:12,70800.0,300,Sell,228348577
2024-08-01 14:11:12,70800.0,200,Sell,228348576
2024-08-01 14:11:25,70800.0,100,Sell,228349784
2024-08-01 14:11:29,70800.0,100,Sell,228350058
2024-08-01 14:11:29,70800.0,100,Sell,228350059
2024-08-01 14:11:29,70800.0,700,Sell,228350060
2024-08-01 14:11:29,70800.0,100,Sell,228350061
2024-08-01 14:12:01,70800.0,100,Sell,228353550
2024-08-01 14:12:05,70900.0,100,Buy,228354034
2024-08-01 14:12:07,70800.0,100,Sell,228354689
2024-08-01 14:12:27,70800.0,500,Sell,228356899
2024-08-01 14:12:27,70800.0,600,Sell,228356900
2024-08-01 14:12:28,70800.0,100,Buy,228357141
2024-08-01 14:12:32,70800.0,700,Buy,228357820
2024-08-01 14:12:36,70800.0,1000,Buy,228358489
2024-08-01 14:12:49,70700.0,200,Sell,228360069
2024-08-01 14:12:49,70700.0,300,Sell,228360068
2024-08-01 14:12:51,70500.0,100,Sell,228360654
2024-08-01 14:12:51,70500.0,1000,Sell,228360655
2024-08-01 14:12:51,70500.0,100,Sell,228360656
2024-08-01 14:12:51,70500.0,200,Sell,228360657
2024-08-01 14:12:51,70500.0,100,Sell,228360658
2024-08-01 14:12:51,70500.0,100,Sell,228360659
2024-08-01 14:12:51,70500.0,300,Sell,228360660
2024-08-01 14:12:51,70500.0,500,Sell,228360672
2024-08-01 14:12:51,70500.0,300,Sell,228360662
2024-08-01 14:12:51,70500.0,1000,Sell,228360663
2024-08-01 14:12:51,70500.0,100,Sell,228360664
2024-08-01 14:12:51,70500.0,100,Sell,228360665
2024-08-01 14:12:51,70500.0,300,Sell,228360669
2024-08-01 14:12:51,70500.0,400,Sell,228360670
2024-08-01 14:12:51,70500.0,100,Sell,228360671
2024-08-01 14:12:51,70500.0,500,Sell,228360653
2024-08-01 14:12:51,70500.0,600,Sell,228360661
2024-08-01 14:12:51,70500.0,200,Sell,228360651
2024-08-01 14:12:51,70600.0,100,Sell,228360650
2024-08-01 14:12:51,70700.0,200,Sell,228360635
2024-08-01 14:12:51,70700.0,300,Sell,228360636
2024-08-01 14:12:51,70700.0,100,Sell,228360637
2024-08-01 14:12:51,70700.0,100,Sell,228360638
2024-08-01 14:12:51,70700.0,100,Sell,228360639
2024-08-01 14:12:51,70700.0,100,Sell,228360640
2024-08-01 14:12:51,70600.0,300,Sell,228360641
2024-08-01 14:12:51,70600.0,100,Sell,228360642
2024-08-01 14:12:51,70600.0,200,Sell,228360643
2024-08-01 14:12:51,70600.0,300,Sell,228360644
2024-08-01 14:12:51,70600.0,300,Sell,228360645
2024-08-01 14:12:51,70600.0,1000,Sell,228360646
2024-08-01 14:12:51,70600.0,200,Sell,228360647
2024-08-01 14:12:51,70600.0,100,Sell,228360648
2024-08-01 14:12:51,70600.0,100,Sell,228360649
2024-08-01 14:12:51,70700.0,300,Sell,228360634
2024-08-01 14:12:51,70500.0,100,Sell,228360652
