time,price,volume,match_type,id
2024-08-27 09:14:39,76000.0,3900,ATO/ATC,234885343
2024-08-27 09:15:48,76000.0,500,Buy,234886609
2024-08-27 09:17:06,75800.0,200,Sell,234888138
2024-08-27 09:17:06,75400.0,700,Sell,234888144
2024-08-27 09:17:06,75500.0,10000,Sell,234888143
2024-08-27 09:17:06,75500.0,500,Sell,234888142
2024-08-27 09:17:06,75800.0,100,Sell,234888137
2024-08-27 09:17:06,75500.0,300,Sell,234888140
2024-08-27 09:17:06,75500.0,200,Sell,234888141
2024-08-27 09:17:06,75500.0,100,Sell,234888139
2024-08-27 09:17:07,75400.0,300,Sell,234888189
2024-08-27 09:17:08,75500.0,100,Buy,234888196
2024-08-27 09:17:08,75500.0,100,Buy,234888195
2024-08-27 09:19:24,75700.0,100,Buy,234891145
2024-08-27 09:19:28,75700.0,100,Buy,234891273
2024-08-27 09:19:30,75700.0,200,Sell,234891315
2024-08-27 09:19:54,75800.0,200,Buy,234891825
2024-08-27 09:21:14,76000.0,2000,Buy,234893617
2024-08-27 09:22:41,76000.0,300,Buy,234895820
2024-08-27 09:22:54,76000.0,100,Buy,234896065
2024-08-27 09:23:02,76000.0,200,Buy,234896224
2024-08-27 09:25:01,76000.0,100,Buy,234899176
2024-08-27 09:26:05,76000.0,100,Buy,234900470
2024-08-27 09:28:22,75800.0,100,Sell,234903837
2024-08-27 09:29:14,76000.0,100,Buy,234905629
2024-08-27 09:29:14,76000.0,100,Buy,234905630
2024-08-27 09:29:53,76000.0,100,Buy,234906908
2024-08-27 09:30:04,75900.0,200,Sell,234907322
2024-08-27 09:30:35,75900.0,800,Sell,234908556
2024-08-27 09:31:31,75900.0,100,Sell,234910475
2024-08-27 09:32:12,75900.0,200,Sell,234911950
2024-08-27 09:33:04,75900.0,100,Buy,234913392
2024-08-27 09:33:11,75900.0,400,Sell,234913577
2024-08-27 09:35:16,75900.0,100,Buy,234917353
2024-08-27 09:35:17,75800.0,100,Sell,234917382
2024-08-27 09:35:22,75800.0,100,Sell,234917519
2024-08-27 09:35:22,75800.0,100,Sell,234917520
2024-08-27 09:35:49,75800.0,100,Sell,234918194
2024-08-27 09:36:34,75800.0,100,Sell,234919449
2024-08-27 09:36:50,75800.0,400,Sell,234919830
2024-08-27 09:37:44,75900.0,200,Buy,234921495
2024-08-27 09:37:44,75900.0,800,Buy,234921496
2024-08-27 09:40:54,75800.0,600,Sell,234926989
2024-08-27 09:40:54,75800.0,300,Sell,234926987
2024-08-27 09:40:54,75800.0,100,Sell,234926988
2024-08-27 09:41:05,75900.0,300,Buy,234927333
2024-08-27 09:42:46,75800.0,4700,Sell,234930866
2024-08-27 09:42:46,75800.0,400,Sell,234930865
2024-08-27 09:42:47,75800.0,2800,Sell,234930931
2024-08-27 09:43:56,75900.0,500,Buy,234933049
2024-08-27 09:44:00,75800.0,1000,Sell,234933278
2024-08-27 09:44:43,75800.0,100,Sell,234934213
2024-08-27 09:45:41,75900.0,100,Buy,234935730
2024-08-27 09:46:07,75900.0,200,Buy,234936351
2024-08-27 09:46:13,75900.0,100,Buy,234936446
2024-08-27 09:46:14,75900.0,100,Buy,234936457
2024-08-27 09:46:33,75900.0,2000,Buy,234936885
2024-08-27 09:46:38,75900.0,500,Buy,234936969
2024-08-27 09:46:50,75900.0,200,Buy,234937282
2024-08-27 09:46:50,75900.0,100,Buy,234937283
2024-08-27 09:47:02,75900.0,100,Buy,234937540
2024-08-27 09:47:42,75900.0,100,Sell,234938304
2024-08-27 09:48:44,76000.0,400,Buy,234939706
2024-08-27 09:49:19,76000.0,100,Buy,234940453
2024-08-27 09:50:24,76000.0,600,Buy,234941611
2024-08-27 09:50:24,76000.0,100,Buy,234941610
2024-08-27 09:50:24,76000.0,3000,Buy,234941609
2024-08-27 09:50:24,76000.0,900,Buy,234941606
2024-08-27 09:50:24,76000.0,200,Buy,234941607
2024-08-27 09:50:24,76000.0,100,Buy,234941608
2024-08-27 09:50:24,76000.0,500,Buy,234941605
2024-08-27 09:50:33,76000.0,100,Buy,234941811
2024-08-27 09:51:10,76000.0,1000,Buy,234942602
2024-08-27 09:51:33,76000.0,3300,Buy,234943064
2024-08-27 09:51:33,76000.0,300,Buy,234943065
2024-08-27 09:51:33,76000.0,400,Buy,234943066
2024-08-27 09:51:37,76000.0,100,Buy,234943138
2024-08-27 09:51:45,76000.0,1000,Buy,234943278
2024-08-27 09:51:46,76000.0,1000,Buy,234943287
2024-08-27 09:52:35,76000.0,500,Sell,234944187
2024-08-27 09:53:44,76000.0,200,Sell,234945712
2024-08-27 09:55:05,76000.0,200,Sell,234947182
2024-08-27 09:55:41,76000.0,100,Sell,234947860
2024-08-27 09:56:08,76000.0,200,Sell,234948388
2024-08-27 09:56:08,76000.0,100,Sell,234948387
2024-08-27 09:56:08,76000.0,1000,Sell,234948389
2024-08-27 09:56:08,76000.0,300,Sell,234948390
2024-08-27 09:57:04,76000.0,200,Buy,234949501
2024-08-27 09:57:50,76000.0,200,Buy,234950315
2024-08-27 09:57:51,76000.0,800,Buy,234950321
2024-08-27 09:58:05,76000.0,200,Buy,234950541
2024-08-27 09:58:06,75900.0,500,Sell,234950555
2024-08-27 09:58:06,75900.0,200,Sell,234950556
2024-08-27 09:58:06,75900.0,700,Sell,234950557
2024-08-27 09:58:06,75900.0,1700,Sell,234950558
2024-08-27 09:58:11,76000.0,400,Buy,234950646
2024-08-27 10:02:49,75900.0,800,Sell,234955126
2024-08-27 10:02:49,75900.0,200,Sell,234955127
2024-08-27 10:03:18,75900.0,3300,Sell,234955567
2024-08-27 10:06:06,75900.0,1000,Buy,234958349
2024-08-27 10:08:35,75900.0,100,Buy,234961681
2024-08-27 10:09:43,75800.0,1000,Sell,234963056
2024-08-27 10:10:15,75800.0,400,Sell,234963955
2024-08-27 10:10:15,75800.0,100,Sell,234963956
2024-08-27 10:10:24,75800.0,300,Sell,234964152
2024-08-27 10:10:36,75800.0,100,Sell,234964369
2024-08-27 10:12:10,75800.0,400,Sell,234967295
2024-08-27 10:12:44,75800.0,700,Sell,234968210
2024-08-27 10:13:01,75800.0,100,Sell,234968639
2024-08-27 10:13:05,75800.0,1000,Sell,234968808
2024-08-27 10:13:08,75900.0,3800,Buy,234968874
2024-08-27 10:13:08,75900.0,100,Buy,234968875
2024-08-27 10:13:08,76000.0,500,Buy,234968876
2024-08-27 10:13:08,76000.0,2200,Buy,234968877
2024-08-27 10:13:08,76000.0,100,Buy,234968878
2024-08-27 10:13:08,76000.0,100,Buy,234968880
2024-08-27 10:13:08,76000.0,100,Buy,234968879
2024-08-27 10:14:10,76000.0,1100,Sell,234971042
2024-08-27 10:15:17,76000.0,3900,Buy,234973293
2024-08-27 10:15:40,76000.0,100,Sell,234974241
2024-08-27 10:17:08,76000.0,500,Sell,234977038
2024-08-27 10:17:08,76000.0,1000,Sell,234977036
2024-08-27 10:17:08,76000.0,2000,Sell,234977037
2024-08-27 10:18:37,76000.0,300,Buy,234980065
2024-08-27 10:19:10,75900.0,800,Sell,234980996
2024-08-27 10:19:10,75900.0,200,Sell,234980995
2024-08-27 10:19:26,76000.0,100,Buy,234981451
2024-08-27 10:19:26,76000.0,1000,Buy,234981453
2024-08-27 10:19:26,76000.0,100,Buy,234981450
2024-08-27 10:19:26,76000.0,1000,Buy,234981452
2024-08-27 10:19:48,76100.0,100,Buy,234982109
2024-08-27 10:20:41,76000.0,2800,Sell,234983809
2024-08-27 10:20:41,76000.0,1000,Sell,234983810
2024-08-27 10:20:59,76000.0,10000,Buy,234984198
2024-08-27 10:21:10,76000.0,1000,Buy,234984565
2024-08-27 10:21:38,76000.0,1000,Sell,234985316
2024-08-27 10:21:57,76000.0,600,Sell,234985912
2024-08-27 10:23:13,76000.0,700,Sell,234987661
2024-08-27 10:24:40,76000.0,1000,Sell,234989633
2024-08-27 10:24:59,76000.0,200,Sell,234990053
2024-08-27 10:25:04,76000.0,100,Sell,234990132
2024-08-27 10:25:10,76000.0,200,Sell,234990288
2024-08-27 10:25:11,76000.0,100,Sell,234990302
2024-08-27 10:27:27,76000.0,100,Sell,234993079
2024-08-27 10:27:27,76000.0,200,Sell,234993077
2024-08-27 10:27:27,76000.0,100,Sell,234993076
2024-08-27 10:27:27,76000.0,100,Sell,234993078
2024-08-27 10:27:37,76000.0,300,Sell,234993251
2024-08-27 10:27:55,76000.0,500,Sell,234993707
2024-08-27 10:28:32,76000.0,100,Sell,234994284
2024-08-27 10:30:51,76000.0,100,Sell,234997261
2024-08-27 10:31:11,76000.0,500,Sell,234997566
2024-08-27 10:32:06,76000.0,400,Sell,234998501
2024-08-27 10:32:06,76000.0,300,Sell,234998502
2024-08-27 10:33:01,76000.0,600,Sell,234999928
2024-08-27 10:33:03,76000.0,500,Sell,234999965
2024-08-27 10:35:10,76100.0,2400,Buy,235002080
2024-08-27 10:35:10,76100.0,400,Buy,235002081
2024-08-27 10:35:10,76100.0,200,Buy,235002082
2024-08-27 10:35:10,76100.0,1000,Buy,235002083
2024-08-27 10:36:18,76100.0,100,Buy,235003524
2024-08-27 10:36:38,76100.0,100,Buy,235003766
2024-08-27 10:36:44,76100.0,200,Buy,235003836
2024-08-27 10:36:44,76100.0,400,Buy,235003835
2024-08-27 10:37:38,76000.0,200,Sell,235004686
2024-08-27 10:38:04,76100.0,9800,Buy,235005153
2024-08-27 10:38:20,76300.0,100,Buy,235005346
2024-08-27 10:38:20,76200.0,300,Buy,235005344
2024-08-27 10:38:20,76200.0,100,Buy,235005345
2024-08-27 10:38:29,76200.0,100,Buy,235005519
2024-08-27 10:38:36,76100.0,100,Sell,235005601
2024-08-27 10:40:53,76200.0,200,Sell,235007896
2024-08-27 10:41:44,76200.0,100,Buy,235009005
2024-08-27 10:43:57,76300.0,100,Buy,235011942
2024-08-27 10:45:01,76200.0,100,Sell,235013945
2024-08-27 10:45:01,76200.0,1000,Sell,235013946
2024-08-27 10:45:27,76200.0,500,Buy,235014849
2024-08-27 10:47:14,76100.0,100,Sell,235018389
2024-08-27 10:47:14,76100.0,300,Sell,235018390
2024-08-27 10:47:14,76100.0,100,Sell,235018391
2024-08-27 10:47:33,76100.0,100,Sell,235019230
2024-08-27 10:47:35,76100.0,300,Sell,235019287
2024-08-27 10:47:35,76100.0,400,Sell,235019288
2024-08-27 10:48:08,76100.0,100,Sell,235020332
2024-08-27 10:48:08,76100.0,1000,Sell,235020333
2024-08-27 10:48:15,76100.0,100,Buy,235020654
2024-08-27 10:50:47,76000.0,200,Sell,235025557
2024-08-27 10:51:19,76000.0,200,Sell,235026387
2024-08-27 10:51:36,76000.0,100,Sell,235027017
2024-08-27 10:52:16,76000.0,900,Sell,235028025
2024-08-27 10:52:16,76000.0,100,Sell,235028026
2024-08-27 10:52:45,76000.0,500,Sell,235028606
2024-08-27 10:52:50,76000.0,1000,Sell,235028727
2024-08-27 10:52:51,76000.0,400,Sell,235028742
2024-08-27 10:52:51,76000.0,100,Sell,235028743
2024-08-27 10:52:56,76000.0,1000,Sell,235028812
2024-08-27 10:52:58,76000.0,600,Sell,235028845
2024-08-27 10:54:31,76000.0,100,Sell,235030589
2024-08-27 10:55:42,76000.0,2000,Sell,235031743
2024-08-27 10:57:17,76000.0,2000,Sell,235033097
2024-08-27 10:57:25,76000.0,200,Sell,235033202
2024-08-27 10:58:04,76000.0,100,Sell,235033792
2024-08-27 10:58:04,76000.0,800,Sell,235033793
2024-08-27 10:58:22,76100.0,100,Buy,235034067
2024-08-27 11:06:31,76100.0,100,Buy,235041694
2024-08-27 11:08:19,76000.0,100,Sell,235043834
2024-08-27 11:08:31,76000.0,100,Sell,235044015
2024-08-27 11:08:43,76000.0,2000,Sell,235044217
2024-08-27 11:08:43,76000.0,100,Sell,235044218
2024-08-27 11:09:51,76000.0,1000,Sell,235045510
2024-08-27 11:10:48,76000.0,300,Sell,235047028
2024-08-27 11:11:36,76000.0,100,Sell,235048398
2024-08-27 11:12:13,76000.0,100,Sell,235049275
2024-08-27 11:13:29,76000.0,100,Sell,235051142
2024-08-27 11:14:11,75900.0,1000,Sell,235051992
2024-08-27 11:14:13,76000.0,800,Buy,235052015
2024-08-27 11:14:28,75900.0,4000,Sell,235052353
2024-08-27 11:14:28,75900.0,500,Sell,235052352
2024-08-27 11:14:28,75900.0,1000,Sell,235052351
2024-08-27 11:14:28,75900.0,500,Sell,235052348
2024-08-27 11:14:28,75900.0,200,Sell,235052349
2024-08-27 11:14:28,75900.0,5000,Sell,235052350
2024-08-27 11:14:28,75900.0,200,Sell,235052347
2024-08-27 11:14:37,75900.0,600,Buy,235052518
2024-08-27 11:17:29,75800.0,300,Sell,235056103
2024-08-27 11:17:29,75800.0,1700,Sell,235056104
2024-08-27 11:17:29,75800.0,300,Sell,235056101
2024-08-27 11:17:29,75800.0,200,Sell,235056100
2024-08-27 11:17:29,75800.0,300,Sell,235056099
2024-08-27 11:17:29,75800.0,100,Sell,235056102
2024-08-27 11:19:15,75800.0,100,Sell,235057905
2024-08-27 11:19:15,75800.0,400,Sell,235057906
2024-08-27 11:19:28,75800.0,100,Sell,235058200
2024-08-27 11:19:28,75800.0,100,Sell,235058201
2024-08-27 11:19:28,75800.0,100,Sell,235058202
2024-08-27 11:19:34,75800.0,100,Sell,235058284
2024-08-27 11:19:43,75800.0,100,Sell,235058398
2024-08-27 11:19:43,75800.0,700,Sell,235058397
2024-08-27 11:19:43,75800.0,400,Sell,235058393
2024-08-27 11:19:43,75800.0,200,Sell,235058395
2024-08-27 11:19:43,75800.0,200,Sell,235058394
2024-08-27 11:19:43,75800.0,200,Sell,235058396
2024-08-27 11:20:04,75800.0,100,Buy,235058708
2024-08-27 11:20:38,75800.0,100,Buy,235059130
2024-08-27 11:21:52,75800.0,200,Buy,235060320
2024-08-27 11:22:02,75800.0,300,Buy,235060451
2024-08-27 11:22:02,75800.0,300,Buy,235060450
2024-08-27 11:22:10,75800.0,100,Buy,235060596
2024-08-27 11:22:34,75800.0,400,Buy,235060914
2024-08-27 11:22:46,75900.0,200,Buy,235061082
2024-08-27 11:24:52,75800.0,1600,Sell,235062650
2024-08-27 11:24:52,75700.0,200,Sell,235062651
2024-08-27 11:24:52,75700.0,300,Sell,235062652
2024-08-27 11:24:52,75700.0,200,Sell,235062653
2024-08-27 11:24:52,75700.0,300,Sell,235062654
2024-08-27 11:24:52,75700.0,100,Sell,235062655
2024-08-27 11:24:52,75700.0,2300,Sell,235062656
2024-08-27 11:25:54,75700.0,200,Sell,235063472
2024-08-27 11:26:43,75700.0,1500,Sell,235064253
2024-08-27 11:28:53,75700.0,1000,Sell,235066524
2024-08-27 11:28:53,75700.0,1000,Sell,235066525
2024-08-27 12:59:40,75500.0,100,Sell,235068633
2024-08-27 12:59:40,75500.0,100,Sell,235068626
2024-08-27 12:59:40,75500.0,13000,Sell,235068627
2024-08-27 12:59:40,75500.0,400,Sell,235068628
2024-08-27 12:59:40,75500.0,200,Sell,235068629
2024-08-27 12:59:40,75500.0,1000,Sell,235068630
2024-08-27 12:59:40,75500.0,500,Sell,235068631
2024-08-27 12:59:40,75500.0,2000,Sell,235068632
2024-08-27 12:59:40,75500.0,100,Sell,235068634
2024-08-27 12:59:40,75500.0,100,Sell,235068640
2024-08-27 12:59:40,75500.0,500,Sell,235068636
2024-08-27 12:59:40,75500.0,100,Sell,235068637
2024-08-27 12:59:40,75500.0,500,Sell,235068638
2024-08-27 12:59:40,75500.0,100,Sell,235068639
2024-08-27 12:59:40,75500.0,7500,Sell,235068623
2024-08-27 12:59:40,75500.0,3000,Sell,235068641
2024-08-27 12:59:40,75500.0,200,Sell,235068642
2024-08-27 12:59:40,75500.0,200,Sell,235068643
2024-08-27 12:59:40,75500.0,200,Sell,235068644
2024-08-27 12:59:40,75500.0,100,Sell,235068635
2024-08-27 12:59:40,75500.0,300,Sell,235068622
2024-08-27 12:59:40,75500.0,500,Sell,235068625
2024-08-27 12:59:40,75500.0,500,Sell,235068620
2024-08-27 12:59:40,75700.0,2000,Sell,235068599
2024-08-27 12:59:40,75500.0,100,Sell,235068621
2024-08-27 12:59:40,75700.0,100,Sell,235068601
2024-08-27 12:59:40,75700.0,100,Sell,235068602
2024-08-27 12:59:40,75700.0,100,Sell,235068603
2024-08-27 12:59:40,75600.0,500,Sell,235068604
2024-08-27 12:59:40,75600.0,300,Sell,235068605
2024-08-27 12:59:40,75600.0,200,Sell,235068606
2024-08-27 12:59:40,75600.0,1000,Sell,235068607
2024-08-27 12:59:40,75600.0,500,Sell,235068608
2024-08-27 12:59:40,75600.0,5000,Sell,235068609
2024-08-27 12:59:40,75700.0,1600,Sell,235068600
2024-08-27 12:59:40,75600.0,100,Sell,235068611
2024-08-27 12:59:40,75600.0,500,Sell,235068610
2024-08-27 12:59:40,75500.0,200,Sell,235068619
2024-08-27 12:59:40,75600.0,100,Sell,235068618
2024-08-27 12:59:40,75600.0,100,Sell,235068617
2024-08-27 12:59:40,75500.0,100,Sell,235068624
2024-08-27 12:59:40,75600.0,200,Sell,235068615
2024-08-27 12:59:40,75600.0,2000,Sell,235068614
2024-08-27 12:59:40,75600.0,400,Sell,235068616
2024-08-27 12:59:40,75600.0,1000,Sell,235068613
2024-08-27 12:59:40,75600.0,100,Sell,235068612
2024-08-27 12:59:42,75500.0,200,Buy,235069481
2024-08-27 12:59:43,75500.0,1000,Buy,235069574
2024-08-27 12:59:45,75500.0,100,Buy,235070233
2024-08-27 13:00:19,75500.0,200,Buy,235072535
2024-08-27 13:00:19,75500.0,1200,Buy,235072534
2024-08-27 13:01:09,75500.0,100,Buy,235073780
2024-08-27 13:01:24,75500.0,200,Buy,235074159
2024-08-27 13:03:02,75600.0,200,Sell,235076709
2024-08-27 13:03:07,75600.0,900,Sell,235076819
2024-08-27 13:03:39,75600.0,100,Sell,235077789
2024-08-27 13:03:39,75500.0,100,Sell,235077790
2024-08-27 13:03:50,75500.0,100,Sell,235078035
2024-08-27 13:03:51,75500.0,500,Sell,235078096
2024-08-27 13:05:35,75500.0,100,Sell,235080740
2024-08-27 13:06:06,75600.0,100,Buy,235081618
2024-08-27 13:07:55,75600.0,100,Sell,235084594
2024-08-27 13:07:55,75600.0,100,Sell,235084595
2024-08-27 13:11:17,75700.0,100,Buy,235092482
2024-08-27 13:11:35,75700.0,100,Buy,235093078
2024-08-27 13:11:46,75700.0,300,Buy,235093464
2024-08-27 13:11:59,75700.0,100,Buy,235093845
2024-08-27 13:13:42,75800.0,1500,Buy,235096752
2024-08-27 13:13:42,75800.0,200,Buy,235096749
2024-08-27 13:13:42,75800.0,400,Buy,235096750
2024-08-27 13:13:42,75800.0,300,Buy,235096751
2024-08-27 13:14:03,75800.0,2600,Sell,235097367
2024-08-27 13:14:09,75800.0,100,Buy,235097555
2024-08-27 13:14:26,75800.0,400,Buy,235097932
2024-08-27 13:14:33,75800.0,100,Buy,235098118
2024-08-27 13:14:34,75800.0,500,Buy,235098129
2024-08-27 13:14:54,75800.0,100,Buy,235098550
2024-08-27 13:16:22,75700.0,700,Sell,235100811
2024-08-27 13:16:22,75700.0,100,Sell,235100812
2024-08-27 13:16:22,75700.0,300,Sell,235100813
2024-08-27 13:16:22,75700.0,400,Sell,235100814
2024-08-27 13:16:22,75700.0,500,Sell,235100815
2024-08-27 13:16:22,75700.0,100,Sell,235100817
2024-08-27 13:16:22,75700.0,100,Sell,235100816
2024-08-27 13:17:08,75700.0,100,Buy,235102026
2024-08-27 13:19:06,75700.0,100,Buy,235105048
2024-08-27 13:19:44,75600.0,100,Sell,235105898
2024-08-27 13:19:44,75600.0,100,Sell,235105901
2024-08-27 13:19:44,75600.0,100,Sell,235105900
2024-08-27 13:19:44,75600.0,100,Sell,235105899
2024-08-27 13:19:44,75600.0,100,Sell,235105897
2024-08-27 13:19:44,75600.0,500,Sell,235105895
2024-08-27 13:19:44,75600.0,100,Sell,235105892
2024-08-27 13:19:44,75600.0,1000,Sell,235105896
2024-08-27 13:19:44,75600.0,1000,Sell,235105894
2024-08-27 13:19:44,75600.0,100,Sell,235105893
2024-08-27 13:20:12,75600.0,100,Buy,235106559
2024-08-27 13:20:15,75500.0,2000,Sell,235106637
2024-08-27 13:20:15,75500.0,1000,Sell,235106638
2024-08-27 13:20:15,75500.0,100,Sell,235106639
2024-08-27 13:20:15,75500.0,100,Sell,235106648
2024-08-27 13:20:15,75500.0,100,Sell,235106641
2024-08-27 13:20:15,75500.0,100,Sell,235106642
2024-08-27 13:20:15,75500.0,100,Sell,235106643
2024-08-27 13:20:15,75500.0,100,Sell,235106645
2024-08-27 13:20:15,75500.0,100,Sell,235106646
2024-08-27 13:20:15,75500.0,5000,Sell,235106647
2024-08-27 13:20:15,75500.0,500,Sell,235106640
2024-08-27 13:20:23,75500.0,800,Buy,235106843
2024-08-27 13:20:24,75500.0,100,Sell,235106848
2024-08-27 13:21:08,75500.0,100,Sell,235108371
2024-08-27 13:23:21,75500.0,600,Sell,235112005
2024-08-27 13:23:33,75500.0,100,Sell,235112255
2024-08-27 13:23:56,75500.0,200,Sell,235113072
2024-08-27 13:24:07,75500.0,100,Sell,235113300
2024-08-27 13:24:07,75500.0,100,Sell,235113301
2024-08-27 13:24:07,75500.0,100,Sell,235113302
2024-08-27 13:24:07,75500.0,100,Sell,235113303
2024-08-27 13:24:07,75500.0,100,Sell,235113304
2024-08-27 13:24:07,75500.0,1000,Sell,235113305
2024-08-27 13:24:07,75500.0,1000,Sell,235113313
2024-08-27 13:24:07,75500.0,100,Sell,235113307
2024-08-27 13:24:07,75500.0,100,Sell,235113308
2024-08-27 13:24:07,75500.0,100,Sell,235113309
2024-08-27 13:24:07,75500.0,100,Sell,235113310
2024-08-27 13:24:07,75500.0,300,Sell,235113311
2024-08-27 13:24:07,75500.0,100,Sell,235113312
2024-08-27 13:24:07,75500.0,100,Sell,235113306
2024-08-27 13:24:24,75500.0,1000,Buy,235113687
2024-08-27 13:24:49,75500.0,600,Buy,235114303
2024-08-27 13:25:23,75500.0,100,Sell,235114975
2024-08-27 13:25:23,75500.0,100,Buy,235114986
2024-08-27 13:25:33,75600.0,300,Buy,235115176
2024-08-27 13:26:09,75600.0,100,Buy,235115930
2024-08-27 13:26:25,75600.0,100,Buy,235116265
2024-08-27 13:26:35,75600.0,300,Buy,235116446
2024-08-27 13:26:35,75600.0,100,Buy,235116447
2024-08-27 13:26:37,75600.0,100,Buy,235116493
2024-08-27 13:27:28,75600.0,100,Buy,235117731
2024-08-27 13:28:40,75600.0,100,Buy,235119361
2024-08-27 13:29:31,75500.0,100,Sell,235120545
2024-08-27 13:29:31,75500.0,100,Sell,235120546
2024-08-27 13:29:31,75500.0,100,Sell,235120547
2024-08-27 13:29:57,75500.0,100,Sell,235121182
2024-08-27 13:31:41,75500.0,100,Sell,235123540
2024-08-27 13:31:41,75500.0,100,Sell,235123526
2024-08-27 13:31:41,75500.0,100,Sell,235123527
2024-08-27 13:32:21,75500.0,100,Sell,235124461
2024-08-27 13:33:45,75700.0,100,Buy,235126537
2024-08-27 13:33:45,75700.0,2000,Buy,235126538
2024-08-27 13:33:45,75600.0,3900,Buy,235126536
2024-08-27 13:35:34,75700.0,100,Buy,235129902
2024-08-27 13:35:39,75700.0,800,Buy,235130056
2024-08-27 13:35:39,75700.0,100,Buy,235130057
2024-08-27 13:35:39,75700.0,300,Buy,235130058
2024-08-27 13:35:52,75700.0,100,Buy,235130475
2024-08-27 13:36:08,75700.0,100,Buy,235131140
2024-08-27 13:36:14,75700.0,500,Buy,235131386
2024-08-27 13:36:33,75700.0,400,Buy,235132145
2024-08-27 13:37:10,75600.0,200,Sell,235133396
2024-08-27 13:40:20,75800.0,100,Buy,235139417
2024-08-27 13:40:20,75800.0,100,Buy,235139416
2024-08-27 13:40:51,75800.0,700,Buy,235140424
2024-08-27 13:40:51,75800.0,300,Buy,235140425
2024-08-27 13:41:06,75800.0,100,Buy,235140933
2024-08-27 13:41:27,75900.0,300,Buy,235141685
2024-08-27 13:41:27,75900.0,400,Buy,235141686
2024-08-27 13:41:27,75900.0,3000,Buy,235141687
2024-08-27 13:43:22,75900.0,200,Sell,235144786
2024-08-27 13:44:13,75900.0,200,Sell,235146067
2024-08-27 13:44:13,75900.0,100,Sell,235146065
2024-08-27 13:44:13,75900.0,500,Sell,235146066
2024-08-27 13:44:54,75900.0,100,Buy,235147211
2024-08-27 13:45:00,75900.0,400,Buy,235147373
2024-08-27 13:45:00,75900.0,400,Buy,235147374
2024-08-27 13:45:00,75900.0,100,Buy,235147375
2024-08-27 13:45:15,75900.0,100,Sell,235147795
2024-08-27 13:45:30,75700.0,200,Sell,235148229
2024-08-27 13:45:30,75700.0,200,Sell,235148228
2024-08-27 13:45:30,75700.0,100,Sell,235148227
2024-08-27 13:45:30,75800.0,100,Sell,235148226
2024-08-27 13:45:30,75800.0,500,Sell,235148224
2024-08-27 13:45:30,75800.0,300,Sell,235148223
2024-08-27 13:45:30,75800.0,100,Sell,235148225
2024-08-27 13:46:35,75700.0,300,Sell,235150237
2024-08-27 13:46:35,75700.0,100,Sell,235150238
2024-08-27 13:46:35,75700.0,200,Sell,235150239
2024-08-27 13:47:13,75600.0,400,Sell,235151478
2024-08-27 13:47:40,75600.0,400,Sell,235152074
2024-08-27 13:47:40,75600.0,600,Sell,235152072
2024-08-27 13:47:40,75600.0,500,Sell,235152073
2024-08-27 13:48:11,75600.0,1300,Sell,235152825
2024-08-27 13:48:56,75700.0,600,Buy,235153657
2024-08-27 13:48:56,75700.0,200,Buy,235153656
2024-08-27 13:49:35,75700.0,100,Sell,235154500
2024-08-27 13:50:05,75700.0,100,Sell,235155291
2024-08-27 13:50:05,75700.0,100,Sell,235155292
2024-08-27 13:50:35,75700.0,100,Buy,235156012
2024-08-27 13:51:30,75700.0,100,Buy,235157203
2024-08-27 13:51:30,75700.0,400,Buy,235157204
2024-08-27 13:52:39,75600.0,200,Sell,235158718
2024-08-27 13:52:39,75600.0,1000,Sell,235158717
2024-08-27 13:52:39,75600.0,1000,Sell,235158716
2024-08-27 13:52:39,75600.0,100,Sell,235158712
2024-08-27 13:52:39,75600.0,900,Sell,235158714
2024-08-27 13:52:39,75600.0,200,Sell,235158713
2024-08-27 13:52:39,75600.0,200,Sell,235158719
2024-08-27 13:52:39,75600.0,100,Sell,235158715
2024-08-27 13:52:39,75600.0,1300,Sell,235158711
2024-08-27 13:54:04,75600.0,200,Sell,235160320
2024-08-27 13:56:20,75600.0,100,Sell,235163458
2024-08-27 13:56:20,75600.0,100,Sell,235163459
2024-08-27 13:56:20,75600.0,100,Sell,235163457
2024-08-27 13:56:49,75600.0,100,Sell,235163981
2024-08-27 13:57:23,75600.0,300,Sell,235164632
2024-08-27 13:59:52,75500.0,300,Sell,235167838
2024-08-27 14:00:20,75700.0,100,Buy,235168550
2024-08-27 14:00:20,75700.0,200,Buy,235168551
2024-08-27 14:00:20,75700.0,200,Buy,235168552
2024-08-27 14:01:24,75800.0,4900,Buy,235170725
2024-08-27 14:01:24,75800.0,100,Buy,235170726
2024-08-27 14:01:46,75800.0,100,Buy,235171395
2024-08-27 14:01:56,75700.0,200,Sell,235171664
2024-08-27 14:01:56,75900.0,500,Buy,235171673
2024-08-27 14:01:56,75900.0,200,Buy,235171674
2024-08-27 14:01:56,75900.0,200,Buy,235171675
2024-08-27 14:01:56,75900.0,100,Buy,235171676
2024-08-27 14:03:32,75900.0,100,Buy,235174389
2024-08-27 14:04:00,75800.0,300,Sell,235175135
2024-08-27 14:04:00,75800.0,100,Sell,235175134
2024-08-27 14:04:05,75800.0,100,Sell,235175410
2024-08-27 14:04:55,75800.0,100,Buy,235177419
2024-08-27 14:06:21,75700.0,300,Sell,235179697
2024-08-27 14:06:21,75500.0,1900,Sell,235179710
2024-08-27 14:06:21,75500.0,500,Sell,235179709
2024-08-27 14:06:21,75500.0,100,Sell,235179708
2024-08-27 14:06:21,75500.0,1000,Sell,235179704
2024-08-27 14:06:21,75500.0,100,Sell,235179705
2024-08-27 14:06:21,75600.0,100,Sell,235179702
2024-08-27 14:06:21,75600.0,100,Sell,235179701
2024-08-27 14:06:21,75600.0,300,Sell,235179700
2024-08-27 14:06:21,75700.0,100,Sell,235179699
2024-08-27 14:06:21,75700.0,100,Sell,235179698
2024-08-27 14:06:21,75500.0,400,Sell,235179703
2024-08-27 14:07:54,75500.0,200,Sell,235182478
2024-08-27 14:07:54,75500.0,200,Sell,235182471
2024-08-27 14:07:54,75500.0,100,Sell,235182472
2024-08-27 14:07:54,75500.0,100,Sell,235182477
2024-08-27 14:07:54,75500.0,1000,Sell,235182479
2024-08-27 14:07:54,75500.0,1000,Sell,235182487
2024-08-27 14:07:54,75500.0,100,Sell,235182481
2024-08-27 14:07:54,75500.0,100,Sell,235182482
2024-08-27 14:07:54,75500.0,100,Sell,235182483
2024-08-27 14:07:54,75500.0,100,Sell,235182484
2024-08-27 14:07:54,75500.0,200,Sell,235182470
2024-08-27 14:07:54,75500.0,100,Sell,235182480
2024-08-27 14:07:54,75500.0,100,Sell,235182469
2024-08-27 14:07:54,75500.0,100,Sell,235182486
2024-08-27 14:07:54,75500.0,100,Sell,235182467
2024-08-27 14:07:54,75500.0,500,Sell,235182468
2024-08-27 14:07:54,75600.0,300,Sell,235182455
2024-08-27 14:07:54,75600.0,200,Sell,235182456
2024-08-27 14:07:54,75600.0,1000,Sell,235182457
2024-08-27 14:07:54,75500.0,1100,Sell,235182458
2024-08-27 14:07:54,75500.0,500,Sell,235182459
2024-08-27 14:07:54,75500.0,200,Sell,235182485
2024-08-27 14:07:54,75500.0,100,Sell,235182461
2024-08-27 14:07:54,75500.0,500,Sell,235182462
2024-08-27 14:07:54,75500.0,500,Sell,235182463
2024-08-27 14:07:54,75500.0,500,Sell,235182460
2024-08-27 14:07:54,75500.0,100,Sell,235182464
2024-08-27 14:07:54,75500.0,300,Sell,235182465
2024-08-27 14:07:54,75500.0,100,Sell,235182466
2024-08-27 14:08:06,75500.0,500,Buy,235182835
2024-08-27 14:08:16,75500.0,100,Sell,235183178
2024-08-27 14:09:50,75600.0,100,Buy,235185614
2024-08-27 14:10:13,75600.0,2000,Buy,235186193
2024-08-27 14:11:26,75600.0,500,Buy,235188164
2024-08-27 14:11:27,75500.0,400,Sell,235188189
2024-08-27 14:12:03,75600.0,500,Buy,235189110
2024-08-27 14:12:13,75500.0,800,Sell,235189389
2024-08-27 14:12:13,75500.0,2200,Sell,235189390
2024-08-27 14:13:00,75500.0,100,Sell,235190787
2024-08-27 14:13:04,75500.0,100,Sell,235190915
2024-08-27 14:13:04,75500.0,100,Sell,235190911
2024-08-27 14:13:04,75500.0,500,Sell,235190914
2024-08-27 14:13:04,75500.0,2000,Sell,235190913
2024-08-27 14:13:04,75500.0,500,Sell,235190912
2024-08-27 14:13:04,75500.0,2000,Sell,235190916
2024-08-27 14:13:04,75500.0,100,Sell,235190910
2024-08-27 14:13:04,75500.0,100,Sell,235190906
2024-08-27 14:13:04,75500.0,500,Sell,235190908
2024-08-27 14:13:04,75500.0,100,Sell,235190909
2024-08-27 14:13:04,75500.0,2700,Sell,235190901
2024-08-27 14:13:04,75500.0,100,Sell,235190903
2024-08-27 14:13:04,75500.0,300,Sell,235190902
2024-08-27 14:13:04,75500.0,1000,Sell,235190905
2024-08-27 14:13:04,75500.0,300,Sell,235190907
2024-08-27 14:13:04,75500.0,100,Sell,235190904
2024-08-27 14:13:32,75500.0,500,Buy,235191681
2024-08-27 14:14:18,75500.0,1000,Buy,235193593
2024-08-27 14:14:22,75500.0,100,Buy,235193747
2024-08-27 14:15:12,75500.0,100,Sell,235195414
2024-08-27 14:15:12,75500.0,300,Sell,235195415
2024-08-27 14:15:24,75500.0,200,Sell,235195766
2024-08-27 14:15:24,75500.0,100,Sell,235195767
2024-08-27 14:15:24,75500.0,100,Sell,235195768
2024-08-27 14:15:24,75500.0,200,Sell,235195769
2024-08-27 14:16:47,75500.0,100,Buy,235198480
2024-08-27 14:16:47,75500.0,100,Buy,235198479
2024-08-27 14:17:08,75500.0,300,Buy,235199212
2024-08-27 14:18:45,75600.0,500,Buy,235202286
2024-08-27 14:19:02,75500.0,500,Sell,235202772
2024-08-27 14:19:02,75400.0,500,Sell,235202789
2024-08-27 14:19:02,75400.0,3000,Sell,235202788
2024-08-27 14:19:02,75400.0,100,Sell,235202787
2024-08-27 14:19:02,75400.0,100,Sell,235202786
2024-08-27 14:19:02,75400.0,400,Sell,235202785
2024-08-27 14:19:02,75400.0,500,Sell,235202783
2024-08-27 14:19:02,75400.0,500,Sell,235202782
2024-08-27 14:19:02,75400.0,1000,Sell,235202784
2024-08-27 14:19:02,75400.0,100,Sell,235202780
2024-08-27 14:19:02,75400.0,100,Sell,235202779
2024-08-27 14:19:02,75400.0,1000,Sell,235202778
2024-08-27 14:19:02,75400.0,1000,Sell,235202777
2024-08-27 14:19:02,75400.0,200,Sell,235202776
2024-08-27 14:19:02,75400.0,100,Sell,235202775
2024-08-27 14:19:02,75400.0,200,Sell,235202774
2024-08-27 14:19:02,75500.0,500,Sell,235202773
2024-08-27 14:19:02,75400.0,100,Sell,235202781
2024-08-27 14:19:44,75400.0,100,Buy,235203733
2024-08-27 14:20:28,75400.0,100,Sell,235204905
2024-08-27 14:21:02,75300.0,100,Sell,235206039
2024-08-27 14:21:02,75300.0,100,Sell,235206041
2024-08-27 14:21:02,75300.0,100,Sell,235206040
2024-08-27 14:21:02,75300.0,100,Sell,235206038
2024-08-27 14:21:02,75300.0,100,Sell,235206033
2024-08-27 14:21:02,75300.0,300,Sell,235206036
2024-08-27 14:21:02,75300.0,1000,Sell,235206035
2024-08-27 14:21:02,75300.0,1000,Sell,235206034
2024-08-27 14:21:02,75300.0,100,Sell,235206037
2024-08-27 14:21:03,75300.0,1100,Buy,235206046
2024-08-27 14:21:13,75300.0,900,Sell,235206459
2024-08-27 14:21:13,75200.0,100,Sell,235206460
2024-08-27 14:21:21,75300.0,100,Sell,235206718
2024-08-27 14:21:21,75300.0,100,Sell,235206719
2024-08-27 14:21:39,75400.0,400,Buy,235207252
2024-08-27 14:21:54,75300.0,100,Buy,235207651
2024-08-27 14:22:00,75300.0,500,Buy,235207848
2024-08-27 14:22:20,75300.0,500,Sell,235208604
2024-08-27 14:22:20,75300.0,500,Sell,235208605
2024-08-27 14:23:23,75500.0,500,Buy,235211172
2024-08-27 14:23:23,75500.0,100,Buy,235211169
2024-08-27 14:23:23,75500.0,300,Buy,235211170
2024-08-27 14:23:23,75500.0,100,Buy,235211171
2024-08-27 14:23:29,75500.0,1500,Buy,235211349
2024-08-27 14:23:43,75600.0,500,Buy,235211950
2024-08-27 14:24:02,75600.0,2500,Buy,235212700
2024-08-27 14:24:02,75600.0,900,Buy,235212701
2024-08-27 14:24:15,75700.0,100,Buy,235213276
2024-08-27 14:24:15,75700.0,200,Buy,235213277
2024-08-27 14:24:37,75700.0,1100,Buy,235214172
2024-08-27 14:25:10,75700.0,100,Buy,235215410
2024-08-27 14:25:27,75700.0,100,Buy,235216053
2024-08-27 14:25:29,75700.0,200,Buy,235216111
2024-08-27 14:25:56,75700.0,200,Buy,235217203
2024-08-27 14:25:56,75700.0,800,Buy,235217202
2024-08-27 14:26:10,75700.0,800,Buy,235217719
2024-08-27 14:26:32,75800.0,1000,Buy,235218664
2024-08-27 14:26:32,75800.0,200,Buy,235218665
2024-08-27 14:26:40,75800.0,100,Buy,235218894
2024-08-27 14:27:09,75600.0,5000,Sell,235219969
2024-08-27 14:27:09,75600.0,1500,Sell,235219968
2024-08-27 14:27:09,75600.0,3000,Sell,235219967
2024-08-27 14:27:09,75700.0,200,Sell,235219964
2024-08-27 14:27:09,75700.0,900,Sell,235219965
2024-08-27 14:27:09,75700.0,200,Sell,235219963
2024-08-27 14:27:09,75600.0,600,Sell,235219966
2024-08-27 14:27:17,75600.0,500,Buy,235220217
2024-08-27 14:27:49,75600.0,5000,Buy,235221444
2024-08-27 14:27:58,75600.0,100,Buy,235221859
2024-08-27 14:28:05,75600.0,100,Buy,235222188
2024-08-27 14:28:09,75500.0,500,Sell,235222393
2024-08-27 14:28:09,75500.0,100,Sell,235222394
2024-08-27 14:28:09,75500.0,100,Buy,235222395
2024-08-27 14:28:34,75500.0,200,Buy,235223370
2024-08-27 14:28:44,75500.0,100,Buy,235223752
2024-08-27 14:28:50,75500.0,200,Buy,235223960
2024-08-27 14:29:02,75400.0,500,Sell,235224639
2024-08-27 14:29:04,75500.0,800,Buy,235224737
2024-08-27 14:44:39,75500.0,19300,ATO/ATC,235227002
