time,price,volume,match_type,id
2024-08-30 09:14:59,15750.0,58500,ATO/ATC,235893606
2024-08-30 09:14:59,15700.0,100,Sell,235893642
2024-08-30 09:14:59,15700.0,100,Sell,235893639
2024-08-30 09:14:59,15700.0,4900,Sell,235893640
2024-08-30 09:15:02,15750.0,900,Buy,235893682
2024-08-30 09:15:02,15750.0,100,Buy,235893683
2024-08-30 09:15:04,15750.0,2000,Buy,235893698
2024-08-30 09:15:23,15700.0,100,Sell,235893923
2024-08-30 09:15:29,15700.0,900,Buy,235893999
2024-08-30 09:15:29,15700.0,3700,Buy,235894000
2024-08-30 09:15:30,15700.0,100,Sell,235894016
2024-08-30 09:15:37,15750.0,200,Buy,235894095
2024-08-30 09:15:37,15750.0,900,Buy,235894094
2024-08-30 09:15:42,15750.0,3500,Buy,235894171
2024-08-30 09:15:42,15750.0,100,Buy,235894170
2024-08-30 09:15:46,15700.0,100,Sell,235894226
2024-08-30 09:16:03,15700.0,100,Buy,235894470
2024-08-30 09:16:14,15700.0,1000,Sell,235894821
2024-08-30 09:16:17,15700.0,700,Sell,235894866
2024-08-30 09:16:17,15700.0,100,Sell,235894867
2024-08-30 09:16:35,15700.0,1500,Buy,235895190
2024-08-30 09:16:37,15700.0,800,Buy,235895208
2024-08-30 09:16:48,15700.0,100,Buy,235895353
2024-08-30 09:16:53,15700.0,100,Buy,235895421
2024-08-30 09:17:07,15700.0,100,Buy,235895601
2024-08-30 09:17:56,15700.0,1000,Buy,235896264
2024-08-30 09:17:58,15700.0,600,Buy,235896303
2024-08-30 09:17:58,15700.0,200,Buy,235896304
2024-08-30 09:17:58,15700.0,1500,Buy,235896305
2024-08-30 09:18:01,15700.0,500,Buy,235896350
2024-08-30 09:18:05,15650.0,100,Sell,235896399
2024-08-30 09:18:05,15650.0,100,Sell,235896397
2024-08-30 09:18:05,15650.0,800,Sell,235896398
2024-08-30 09:18:13,15700.0,500,Buy,235896503
2024-08-30 09:18:13,15700.0,2000,Buy,235896504
2024-08-30 09:18:13,15700.0,200,Buy,235896505
2024-08-30 09:18:13,15700.0,200,Buy,235896506
2024-08-30 09:18:14,15650.0,500,Sell,235896516
2024-08-30 09:18:17,15650.0,200,Sell,235896564
2024-08-30 09:18:37,15650.0,200,Sell,235896848
2024-08-30 09:18:38,15700.0,300,Buy,235896866
2024-08-30 09:18:38,15700.0,500,Buy,235896867
2024-08-30 09:18:38,15700.0,200,Buy,235896868
2024-08-30 09:19:08,15650.0,2000,Sell,235897335
2024-08-30 09:20:12,15650.0,100,Sell,235898369
2024-08-30 09:20:12,15650.0,300,Sell,235898370
2024-08-30 09:20:12,15650.0,600,Sell,235898368
2024-08-30 09:20:28,15650.0,100,Sell,235898686
2024-08-30 09:21:40,15650.0,400,Sell,235899591
2024-08-30 09:21:40,15650.0,1600,Sell,235899592
2024-08-30 09:21:42,15650.0,1000,Sell,235899612
2024-08-30 09:21:48,15700.0,700,Buy,235899791
2024-08-30 09:21:59,15650.0,300,Sell,235900004
2024-08-30 09:22:04,15700.0,100,Buy,235900097
2024-08-30 09:22:07,15700.0,800,Buy,235900135
2024-08-30 09:22:07,15700.0,200,Buy,235900134
2024-08-30 09:22:25,15700.0,100,Buy,235900418
2024-08-30 09:22:31,15650.0,1000,Sell,235900682
2024-08-30 09:22:54,15650.0,100,Sell,235901066
2024-08-30 09:22:54,15650.0,100,Sell,235901074
2024-08-30 09:23:19,15650.0,500,Sell,235901565
2024-08-30 09:23:20,15650.0,200,Sell,235901575
2024-08-30 09:23:28,15650.0,200,Sell,235901789
2024-08-30 09:23:28,15650.0,200,Sell,235901790
2024-08-30 09:23:46,15650.0,800,Sell,235902146
2024-08-30 09:23:46,15650.0,1000,Sell,235902147
2024-08-30 09:23:46,15650.0,100,Sell,235902148
2024-08-30 09:23:46,15650.0,3100,Sell,235902149
2024-08-30 09:23:52,15650.0,3100,Sell,235902235
2024-08-30 09:23:59,15700.0,500,Buy,235902366
2024-08-30 09:23:59,15700.0,500,Buy,235902367
2024-08-30 09:23:59,15700.0,200,Buy,235902368
2024-08-30 09:23:59,15700.0,100,Buy,235902369
2024-08-30 09:23:59,15700.0,100,Buy,235902370
2024-08-30 09:23:59,15700.0,200,Buy,235902371
2024-08-30 09:23:59,15700.0,100,Buy,235902372
2024-08-30 09:23:59,15700.0,100,Buy,235902373
2024-08-30 09:23:59,15700.0,400,Buy,235902374
2024-08-30 09:23:59,15700.0,800,Buy,235902365
2024-08-30 09:25:07,15700.0,1000,Buy,235903838
2024-08-30 09:25:09,15700.0,3000,Buy,235903870
2024-08-30 09:25:12,15650.0,700,Sell,235903946
2024-08-30 09:25:24,15650.0,100,Sell,235904161
2024-08-30 09:25:43,15650.0,100,Sell,235904514
2024-08-30 09:25:44,15650.0,100,Sell,235904546
2024-08-30 09:25:58,15650.0,1500,Sell,235904789
2024-08-30 09:26:47,15650.0,1100,Sell,235905544
2024-08-30 09:27:30,15650.0,100,Sell,235906252
2024-08-30 09:27:37,15650.0,100,Sell,235906374
2024-08-30 09:27:37,15650.0,200,Sell,235906375
2024-08-30 09:27:37,15650.0,100,Sell,235906376
2024-08-30 09:27:37,15650.0,100,Sell,235906377
2024-08-30 09:27:57,15650.0,500,Sell,235906811
2024-08-30 09:28:08,15650.0,100,Sell,235907041
2024-08-30 09:28:17,15650.0,100,Sell,235907206
2024-08-30 09:28:22,15650.0,300,Sell,235907286
2024-08-30 09:28:28,15650.0,8800,Sell,235907360
2024-08-30 09:28:28,15650.0,1000,Sell,235907361
2024-08-30 09:28:28,15650.0,200,Sell,235907362
2024-08-30 09:28:28,15650.0,200,Sell,235907363
2024-08-30 09:28:28,15650.0,8000,Sell,235907364
2024-08-30 09:28:28,15650.0,1800,Sell,235907365
2024-08-30 09:28:31,15650.0,600,Sell,235907398
2024-08-30 09:28:31,15650.0,500,Sell,235907396
2024-08-30 09:28:31,15650.0,200,Sell,235907395
2024-08-30 09:28:31,15650.0,200,Sell,235907397
2024-08-30 09:28:36,15650.0,31300,Sell,235907478
2024-08-30 09:28:36,15650.0,3000,Sell,235907472
2024-08-30 09:28:39,15650.0,400,Sell,235907528
2024-08-30 09:28:47,15650.0,500,Sell,235907652
2024-08-30 09:28:54,15650.0,2000,Sell,235907824
2024-08-30 09:29:12,15650.0,7700,Sell,235908087
2024-08-30 09:29:13,15650.0,100,Sell,235908097
2024-08-30 09:29:15,15650.0,2000,Sell,235908132
2024-08-30 09:29:16,15650.0,1000,Sell,235908164
2024-08-30 09:29:31,15700.0,100,Buy,235908495
2024-08-30 09:29:33,15650.0,5000,Sell,235908566
2024-08-30 09:29:33,15650.0,800,Sell,235908567
2024-08-30 09:29:33,15650.0,2000,Sell,235908568
2024-08-30 09:29:33,15650.0,8800,Sell,235908569
2024-08-30 09:29:33,15650.0,100,Sell,235908570
2024-08-30 09:29:33,15650.0,500,Sell,235908574
2024-08-30 09:29:33,15650.0,200,Sell,235908572
2024-08-30 09:29:33,15650.0,100,Sell,235908573
2024-08-30 09:29:33,15650.0,1000,Sell,235908565
2024-08-30 09:29:33,15650.0,700,Sell,235908576
2024-08-30 09:29:33,15650.0,1000,Sell,235908577
2024-08-30 09:29:33,15650.0,500,Sell,235908571
2024-08-30 09:29:33,15650.0,1800,Sell,235908575
2024-08-30 09:29:33,15650.0,100,Sell,235908563
2024-08-30 09:29:33,15650.0,1300,Sell,235908552
2024-08-30 09:29:33,15650.0,6400,Sell,235908550
2024-08-30 09:29:33,15650.0,1000,Sell,235908551
2024-08-30 09:29:33,15650.0,4000,Sell,235908564
2024-08-30 09:29:33,15650.0,100,Sell,235908553
2024-08-30 09:29:33,15650.0,1000,Sell,235908554
2024-08-30 09:29:33,15650.0,700,Sell,235908555
2024-08-30 09:29:33,15650.0,3700,Sell,235908562
2024-08-30 09:29:33,15650.0,1000,Sell,235908557
2024-08-30 09:29:33,15650.0,2000,Sell,235908558
2024-08-30 09:29:33,15650.0,1600,Sell,235908559
2024-08-30 09:29:33,15650.0,2500,Sell,235908560
2024-08-30 09:29:33,15650.0,1800,Sell,235908561
2024-08-30 09:29:33,15650.0,300,Sell,235908556
2024-08-30 09:29:40,15700.0,100,Buy,235908710
2024-08-30 09:29:45,15650.0,3000,Sell,235908798
2024-08-30 09:29:48,15650.0,400,Sell,235908873
2024-08-30 09:29:53,15650.0,7400,Buy,235908957
2024-08-30 09:29:53,15650.0,100,Sell,235908949
2024-08-30 09:29:53,15650.0,20000,Sell,235908948
2024-08-30 09:29:53,15650.0,100,Sell,235908947
2024-08-30 09:29:53,15650.0,100,Sell,235908945
2024-08-30 09:29:53,15650.0,300,Sell,235908944
2024-08-30 09:29:53,15650.0,600,Sell,235908941
2024-08-30 09:29:53,15650.0,1000,Sell,235908946
2024-08-30 09:29:53,15650.0,300,Sell,235908943
2024-08-30 09:29:53,15650.0,100,Sell,235908942
2024-08-30 09:29:54,15700.0,500,Buy,235908967
2024-08-30 09:29:54,15700.0,2000,Buy,235908966
2024-08-30 09:29:54,15700.0,1500,Buy,235908965
2024-08-30 09:29:54,15700.0,1000,Buy,235908969
2024-08-30 09:29:54,15700.0,1500,Buy,235908963
2024-08-30 09:29:54,15700.0,1000,Buy,235908962
2024-08-30 09:29:54,15700.0,900,Buy,235908961
2024-08-30 09:29:54,15700.0,200,Buy,235908964
2024-08-30 09:29:54,15700.0,1400,Buy,235908968
2024-08-30 09:30:24,15700.0,300,Buy,235909438
2024-08-30 09:30:35,15700.0,1000,Buy,235909629
2024-08-30 09:30:45,15650.0,200,Sell,235909827
2024-08-30 09:30:46,15700.0,200,Buy,235909839
2024-08-30 09:30:46,15700.0,3800,Buy,235909840
2024-08-30 09:30:55,15700.0,500,Buy,235910029
2024-08-30 09:30:59,15700.0,1800,Buy,235910096
2024-08-30 09:31:00,15700.0,1000,Buy,235910111
2024-08-30 09:31:01,15700.0,100,Buy,235910122
2024-08-30 09:31:22,15700.0,1000,Buy,235910457
2024-08-30 09:31:27,15700.0,100,Buy,235910533
2024-08-30 09:31:49,15700.0,1000,Buy,235911065
2024-08-30 09:32:02,15700.0,500,Buy,235911340
2024-08-30 09:32:02,15700.0,1000,Buy,235911339
2024-08-30 09:32:02,15700.0,700,Buy,235911338
2024-08-30 09:32:02,15700.0,100,Buy,235911337
2024-08-30 09:32:02,15700.0,500,Buy,235911336
2024-08-30 09:32:02,15700.0,100,Buy,235911335
2024-08-30 09:32:02,15700.0,300,Buy,235911334
2024-08-30 09:32:02,15700.0,100,Buy,235911333
2024-08-30 09:32:02,15700.0,3000,Buy,235911331
2024-08-30 09:32:02,15700.0,500,Buy,235911330
2024-08-30 09:32:02,15700.0,1500,Buy,235911329
2024-08-30 09:32:02,15700.0,1000,Buy,235911328
2024-08-30 09:32:02,15700.0,300,Buy,235911327
2024-08-30 09:32:02,15700.0,500,Buy,235911326
2024-08-30 09:32:02,15700.0,300,Buy,235911325
2024-08-30 09:32:02,15700.0,700,Buy,235911324
2024-08-30 09:32:02,15700.0,500,Buy,235911332
2024-08-30 09:32:03,15700.0,1000,Buy,235911346
2024-08-30 09:32:03,15700.0,500,Buy,235911347
2024-08-30 09:32:03,15700.0,1900,Buy,235911348
2024-08-30 09:32:08,15700.0,1500,Buy,235911504
2024-08-30 09:32:16,15700.0,1500,Buy,235911665
2024-08-30 09:32:20,15700.0,5100,Buy,235911779
2024-08-30 09:32:20,15700.0,4100,Buy,235911799
2024-08-30 09:32:20,15700.0,2500,Buy,235911798
2024-08-30 09:32:20,15700.0,1000,Buy,235911797
2024-08-30 09:32:20,15700.0,500,Buy,235911796
2024-08-30 09:32:20,15700.0,3000,Buy,235911795
2024-08-30 09:32:20,15700.0,500,Buy,235911794
2024-08-30 09:32:20,15700.0,300,Buy,235911793
2024-08-30 09:32:20,15700.0,800,Buy,235911792
2024-08-30 09:32:20,15700.0,800,Buy,235911791
2024-08-30 09:32:20,15700.0,1000,Buy,235911790
2024-08-30 09:32:20,15700.0,100,Buy,235911788
2024-08-30 09:32:20,15700.0,2000,Buy,235911787
2024-08-30 09:32:20,15700.0,2000,Buy,235911786
2024-08-30 09:32:20,15700.0,4000,Buy,235911785
2024-08-30 09:32:20,15700.0,10000,Buy,235911784
2024-08-30 09:32:20,15700.0,700,Buy,235911783
2024-08-30 09:32:20,15700.0,5000,Buy,235911782
2024-08-30 09:32:20,15700.0,1000,Buy,235911781
2024-08-30 09:32:20,15700.0,500,Buy,235911780
2024-08-30 09:32:20,15700.0,100,Buy,235911789
2024-08-30 09:32:58,15700.0,1000,Buy,235912566
2024-08-30 09:32:58,15700.0,500,Buy,235912564
2024-08-30 09:32:58,15700.0,500,Buy,235912565
2024-08-30 09:32:58,15700.0,400,Buy,235912561
2024-08-30 09:33:01,15700.0,100,Buy,235912589
2024-08-30 09:33:04,15700.0,100,Buy,235912645
2024-08-30 09:33:08,15700.0,400,Buy,235912865
2024-08-30 09:33:08,15700.0,800,Buy,235912868
2024-08-30 09:33:08,15700.0,300,Buy,235912867
2024-08-30 09:33:08,15700.0,500,Buy,235912866
2024-08-30 09:33:08,15700.0,700,Buy,235912864
2024-08-30 09:33:08,15700.0,500,Buy,235912863
2024-08-30 09:33:08,15700.0,1000,Buy,235912861
2024-08-30 09:33:08,15700.0,9000,Buy,235912860
2024-08-30 09:33:08,15700.0,1000,Buy,235912859
2024-08-30 09:33:08,15700.0,800,Buy,235912858
2024-08-30 09:33:08,15700.0,5000,Buy,235912862
2024-08-30 09:33:17,15700.0,300,Buy,235913062
2024-08-30 09:33:18,15700.0,1000,Buy,235913127
2024-08-30 09:33:18,15700.0,3000,Buy,235913125
2024-08-30 09:33:18,15700.0,2500,Buy,235913129
2024-08-30 09:33:18,15700.0,2300,Buy,235913130
2024-08-30 09:33:18,15700.0,300,Buy,235913128
2024-08-30 09:33:18,15700.0,100,Buy,235913124
2024-08-30 09:33:18,15700.0,3800,Buy,235913126
2024-08-30 09:33:18,15700.0,500,Buy,235913122
2024-08-30 09:33:18,15700.0,3900,Buy,235913117
2024-08-30 09:33:18,15700.0,600,Buy,235913118
2024-08-30 09:33:18,15700.0,200,Buy,235913123
2024-08-30 09:33:18,15700.0,1000,Buy,235913120
2024-08-30 09:33:18,15700.0,600,Buy,235913121
2024-08-30 09:33:18,15700.0,200,Buy,235913119
2024-08-30 09:33:19,15700.0,200,Buy,235913153
2024-08-30 09:33:21,15700.0,1500,Buy,235913227
2024-08-30 09:33:26,15700.0,1000,Buy,235913306
2024-08-30 09:33:26,15700.0,700,Buy,235913307
2024-08-30 09:33:26,15700.0,300,Buy,235913308
2024-08-30 09:33:29,15700.0,500,Buy,235913375
2024-08-30 09:33:34,15700.0,1600,Buy,235913509
2024-08-30 09:33:34,15700.0,1500,Buy,235913508
2024-08-30 09:33:34,15700.0,200,Buy,235913507
2024-08-30 09:33:34,15700.0,1500,Buy,235913506
2024-08-30 09:33:34,15700.0,200,Buy,235913505
2024-08-30 09:33:35,15700.0,500,Buy,235913538
2024-08-30 09:33:37,15700.0,2000,Buy,235913559
2024-08-30 09:33:40,15700.0,500,Buy,235913611
2024-08-30 09:33:46,15650.0,200,Sell,235913694
2024-08-30 09:33:49,15700.0,400,Buy,235913745
2024-08-30 09:33:54,15650.0,1000,Sell,235913914
2024-08-30 09:33:54,15700.0,100,Buy,235913906
2024-08-30 09:33:59,15700.0,100,Buy,235914009
2024-08-30 09:34:04,15700.0,100,Buy,235914132
2024-08-30 09:34:12,15700.0,300,Buy,235914276
2024-08-30 09:34:14,15700.0,1400,Buy,235914413
2024-08-30 09:34:14,15700.0,7000,Buy,235914414
2024-08-30 09:34:14,15700.0,1600,Buy,235914415
2024-08-30 09:34:15,15700.0,3400,Buy,235914440
2024-08-30 09:34:15,15700.0,200,Buy,235914441
2024-08-30 09:34:15,15700.0,1000,Buy,235914442
2024-08-30 09:34:25,15700.0,100,Sell,235914697
2024-08-30 09:34:30,15700.0,15300,Sell,235914830
2024-08-30 09:34:30,15700.0,2400,Sell,235914831
2024-08-30 09:34:35,15700.0,300,Buy,235914940
2024-08-30 09:34:40,15700.0,600,Buy,235915031
2024-08-30 09:34:42,15700.0,1400,Buy,235915068
2024-08-30 09:34:44,15700.0,3000,Sell,235915102
2024-08-30 09:34:45,15700.0,2000,Sell,235915107
2024-08-30 09:34:57,15700.0,1000,Sell,235915353
2024-08-30 09:35:00,15700.0,800,Sell,235915444
2024-08-30 09:35:00,15700.0,6800,Sell,235915460
2024-08-30 09:35:00,15700.0,1800,Sell,235915461
2024-08-30 09:35:06,15700.0,1000,Buy,235915578
2024-08-30 09:35:32,15700.0,10000,Buy,235916172
2024-08-30 09:35:32,15700.0,500,Buy,235916171
2024-08-30 09:35:32,15700.0,1000,Buy,235916170
2024-08-30 09:35:32,15700.0,5000,Buy,235916168
2024-08-30 09:35:32,15700.0,100,Buy,235916167
2024-08-30 09:35:32,15700.0,5000,Buy,235916169
2024-08-30 09:35:32,15700.0,400,Buy,235916166
2024-08-30 09:35:33,15700.0,2000,Sell,235916181
2024-08-30 09:35:43,15700.0,1500,Sell,235916487
2024-08-30 09:35:56,15700.0,5000,Sell,235916706
2024-08-30 09:36:01,15700.0,300,Sell,235916809
2024-08-30 09:36:07,15700.0,500,Sell,235916957
2024-08-30 09:36:09,15750.0,100,Buy,235917024
2024-08-30 09:36:10,15750.0,200,Buy,235917042
2024-08-30 09:36:19,15750.0,300,Buy,235917260
2024-08-30 09:36:33,15700.0,200,Sell,235917500
2024-08-30 09:36:50,15700.0,2000,Sell,235917804
2024-08-30 09:37:02,15700.0,5000,Sell,235918011
2024-08-30 09:37:08,15700.0,5000,Sell,235918100
2024-08-30 09:37:12,15700.0,1300,Sell,235918171
2024-08-30 09:37:19,15700.0,7000,Sell,235918290
2024-08-30 09:37:26,15700.0,2100,Sell,235918422
2024-08-30 09:37:26,15700.0,2400,Sell,235918423
2024-08-30 09:37:30,15700.0,2000,Sell,235918502
2024-08-30 09:37:37,15700.0,100,Sell,235918629
2024-08-30 09:37:51,15700.0,9600,Sell,235918899
2024-08-30 09:37:51,15700.0,500,Sell,235918898
2024-08-30 09:37:51,15700.0,2000,Sell,235918897
2024-08-30 09:37:51,15700.0,300,Sell,235918895
2024-08-30 09:37:51,15700.0,15500,Sell,235918893
2024-08-30 09:37:51,15700.0,2000,Sell,235918896
2024-08-30 09:37:51,15700.0,100,Sell,235918894
2024-08-30 09:37:53,15700.0,10000,Sell,235918937
2024-08-30 09:38:00,15700.0,400,Sell,235919060
2024-08-30 09:38:00,15700.0,3000,Sell,235919061
2024-08-30 09:38:00,15700.0,15000,Sell,235919062
2024-08-30 09:38:00,15700.0,5000,Sell,235919063
2024-08-30 09:38:00,15700.0,1000,Sell,235919064
2024-08-30 09:38:00,15700.0,700,Sell,235919065
2024-08-30 09:38:04,15700.0,2500,Buy,235919121
2024-08-30 09:38:27,15700.0,1800,Buy,235919527
2024-08-30 09:38:33,15650.0,1000,Sell,235919647
2024-08-30 09:38:35,15700.0,300,Buy,235919694
2024-08-30 09:38:37,15700.0,300,Buy,235919724
2024-08-30 09:38:37,15700.0,700,Buy,235919725
2024-08-30 09:39:12,15700.0,100,Buy,235920508
2024-08-30 09:39:13,15700.0,100,Buy,235920515
2024-08-30 09:39:22,15700.0,2000,Buy,235920646
2024-08-30 09:39:31,15700.0,800,Buy,235920777
2024-08-30 09:39:31,15700.0,6000,Buy,235920776
2024-08-30 09:39:31,15700.0,1000,Buy,235920775
2024-08-30 09:39:31,15700.0,100,Buy,235920773
2024-08-30 09:39:31,15700.0,400,Buy,235920772
2024-08-30 09:39:31,15700.0,400,Buy,235920770
2024-08-30 09:39:31,15700.0,1200,Buy,235920774
2024-08-30 09:39:31,15700.0,100,Buy,235920771
2024-08-30 09:39:36,15650.0,3000,Sell,235920873
2024-08-30 09:40:54,15650.0,7200,Sell,235922097
2024-08-30 09:40:54,15650.0,500,Sell,235922098
2024-08-30 09:40:54,15650.0,200,Sell,235922099
2024-08-30 09:40:54,15650.0,12100,Sell,235922100
2024-08-30 09:40:59,15650.0,400,Sell,235922180
2024-08-30 09:41:10,15650.0,200,Sell,235922338
2024-08-30 09:41:22,15650.0,100,Sell,235922547
2024-08-30 09:41:37,15700.0,400,Buy,235922913
2024-08-30 09:41:55,15650.0,600,Sell,235923300
2024-08-30 09:42:19,15700.0,1000,Buy,235923846
2024-08-30 09:43:24,15700.0,100,Buy,235925304
2024-08-30 09:44:03,15650.0,300,Sell,235926100
2024-08-30 09:44:11,15650.0,2000,Sell,235926245
2024-08-30 09:44:39,15650.0,500,Sell,235927083
2024-08-30 09:44:42,15700.0,600,Buy,235927114
2024-08-30 09:44:42,15700.0,100,Buy,235927115
2024-08-30 09:45:09,15650.0,1000,Sell,235927787
2024-08-30 09:45:11,15650.0,2000,Sell,235927847
2024-08-30 09:45:15,15700.0,100,Buy,235927932
2024-08-30 09:45:32,15650.0,800,Sell,235928300
2024-08-30 09:45:33,15650.0,1000,Sell,235928302
2024-08-30 09:45:33,15650.0,800,Sell,235928303
2024-08-30 09:45:33,15650.0,500,Sell,235928304
2024-08-30 09:45:33,15650.0,2400,Sell,235928305
2024-08-30 09:45:46,15650.0,100,Sell,235928583
2024-08-30 09:45:54,15650.0,500,Sell,235928827
2024-08-30 09:46:01,15650.0,17000,Sell,235928968
2024-08-30 09:46:01,15650.0,300,Sell,235928969
2024-08-30 09:46:01,15650.0,2700,Sell,235928970
2024-08-30 09:46:18,15650.0,700,Sell,235929343
2024-08-30 09:46:18,15650.0,10000,Sell,235929344
2024-08-30 09:46:18,15650.0,3900,Sell,235929345
2024-08-30 09:46:18,15650.0,20000,Sell,235929346
2024-08-30 09:46:18,15650.0,100,Sell,235929352
2024-08-30 09:46:18,15650.0,5000,Sell,235929342
2024-08-30 09:46:18,15650.0,5000,Sell,235929350
2024-08-30 09:46:18,15650.0,9500,Sell,235929351
2024-08-30 09:46:18,15650.0,100,Sell,235929353
2024-08-30 09:46:18,15650.0,100,Sell,235929347
2024-08-30 09:46:18,15650.0,1000,Sell,235929341
2024-08-30 09:46:18,15650.0,100,Sell,235929349
2024-08-30 09:46:18,15650.0,1900,Sell,235929339
2024-08-30 09:46:18,15650.0,500,Sell,235929340
2024-08-30 09:46:18,15650.0,3600,Sell,235929329
2024-08-30 09:46:18,15650.0,100,Sell,235929330
2024-08-30 09:46:18,15650.0,5000,Sell,235929331
2024-08-30 09:46:18,15650.0,500,Sell,235929332
2024-08-30 09:46:18,15650.0,500,Sell,235929333
2024-08-30 09:46:18,15650.0,1200,Sell,235929348
2024-08-30 09:46:18,15650.0,300,Sell,235929334
2024-08-30 09:46:18,15650.0,5800,Sell,235929337
2024-08-30 09:46:18,15650.0,1000,Sell,235929338
2024-08-30 09:46:18,15650.0,2000,Sell,235929335
2024-08-30 09:46:18,15650.0,300,Sell,235929336
2024-08-30 09:46:19,15650.0,200,Sell,235929360
2024-08-30 09:46:19,15650.0,100,Sell,235929361
2024-08-30 09:46:19,15650.0,200,Sell,235929362
2024-08-30 09:46:19,15650.0,1300,Sell,235929363
2024-08-30 09:46:36,15650.0,500,Sell,235929795
2024-08-30 09:46:49,15650.0,500,Sell,235930053
2024-08-30 09:46:58,15650.0,2000,Sell,235930221
2024-08-30 09:47:10,15650.0,1000,Sell,235930647
2024-08-30 09:47:18,15650.0,300,Sell,235930832
2024-08-30 09:47:18,15650.0,100,Sell,235930831
2024-08-30 09:47:18,15650.0,1100,Sell,235930830
2024-08-30 09:47:18,15650.0,3000,Sell,235930827
2024-08-30 09:47:18,15650.0,1800,Sell,235930828
2024-08-30 09:47:18,15650.0,900,Sell,235930833
2024-08-30 09:47:18,15650.0,200,Sell,235930826
2024-08-30 09:47:18,15650.0,20000,Sell,235930829
2024-08-30 09:47:18,15650.0,2000,Sell,235930824
2024-08-30 09:47:18,15650.0,100,Sell,235930823
2024-08-30 09:47:18,15650.0,2700,Sell,235930822
2024-08-30 09:47:18,15650.0,20000,Sell,235930821
2024-08-30 09:47:18,15650.0,200,Sell,235930820
2024-08-30 09:47:18,15650.0,100,Sell,235930819
2024-08-30 09:47:18,15650.0,1800,Sell,235930818
2024-08-30 09:47:18,15650.0,7700,Sell,235930817
2024-08-30 09:47:18,15650.0,2000,Sell,235930825
2024-08-30 09:47:20,15650.0,4100,Sell,235930871
2024-08-30 09:47:20,15650.0,7500,Sell,235930872
2024-08-30 09:47:20,15650.0,2800,Sell,235930873
2024-08-30 09:47:41,15650.0,100,Buy,235931302
2024-08-30 09:47:55,15650.0,100,Buy,235931591
2024-08-30 09:47:59,15650.0,500,Buy,235931693
2024-08-30 09:47:59,15650.0,2000,Buy,235931694
2024-08-30 09:47:59,15650.0,100,Buy,235931695
2024-08-30 09:47:59,15650.0,1400,Buy,235931692
2024-08-30 09:48:16,15650.0,3500,Sell,235932126
2024-08-30 09:48:31,15650.0,2000,Sell,235932509
2024-08-30 09:48:45,15650.0,2000,Sell,235932849
2024-08-30 09:48:47,15650.0,500,Sell,235932889
2024-08-30 09:49:01,15650.0,1000,Sell,235933155
2024-08-30 09:49:33,15650.0,3000,Sell,235934108
2024-08-30 09:49:36,15650.0,1000,Sell,235934216
2024-08-30 09:49:47,15650.0,400,Sell,235934557
2024-08-30 09:49:47,15650.0,200,Sell,235934556
2024-08-30 09:49:47,15650.0,3000,Sell,235934555
2024-08-30 09:49:52,15650.0,500,Sell,235934745
2024-08-30 09:50:00,15650.0,5000,Sell,235935033
2024-08-30 09:50:18,15650.0,1000,Sell,235935606
2024-08-30 09:50:24,15650.0,100,Sell,235935774
2024-08-30 09:50:37,15650.0,4000,Sell,235936252
2024-08-30 09:50:43,15650.0,1000,Sell,235936413
2024-08-30 09:50:47,15650.0,100,Sell,235936515
2024-08-30 09:51:04,15650.0,1000,Sell,235937079
2024-08-30 09:51:09,15650.0,500,Sell,235937207
2024-08-30 09:51:14,15650.0,3500,Sell,235937399
2024-08-30 09:51:26,15650.0,100,Sell,235937715
2024-08-30 09:51:26,15650.0,100,Sell,235937799
2024-08-30 09:51:42,15650.0,100,Sell,235938351
2024-08-30 09:51:42,15650.0,1000,Sell,235938350
2024-08-30 09:51:42,15650.0,500,Sell,235938349
2024-08-30 09:51:42,15650.0,1800,Sell,235938348
2024-08-30 09:51:42,15650.0,200,Sell,235938280
2024-08-30 09:51:42,15650.0,1000,Sell,235938282
2024-08-30 09:51:42,15650.0,100,Sell,235938281
2024-08-30 09:51:42,15650.0,5500,Sell,235938352
2024-08-30 09:51:42,15650.0,100,Sell,235938347
2024-08-30 09:51:42,15650.0,2700,Sell,235938279
2024-08-30 09:51:48,15650.0,400,Sell,235938520
2024-08-30 09:51:59,15650.0,100,Sell,235938984
2024-08-30 09:52:04,15650.0,5000,Sell,235939144
2024-08-30 09:52:05,15650.0,100,Sell,235939155
2024-08-30 09:52:10,15650.0,4000,Sell,235939324
2024-08-30 09:52:11,15650.0,2000,Sell,235939369
2024-08-30 09:52:13,15650.0,1000,Sell,235939392
2024-08-30 09:52:16,15650.0,1000,Sell,235939449
2024-08-30 09:52:19,15650.0,900,Sell,235939520
2024-08-30 09:52:19,15650.0,2100,Sell,235939521
2024-08-30 09:52:25,15650.0,5000,Sell,235939679
2024-08-30 09:52:27,15650.0,1000,Sell,235939720
2024-08-30 09:52:29,15650.0,7600,Sell,235939766
2024-08-30 09:52:37,15650.0,6000,Sell,235939970
2024-08-30 09:52:48,15650.0,3300,Sell,235940248
2024-08-30 09:52:48,15650.0,100,Sell,235940249
2024-08-30 09:52:48,15650.0,300,Sell,235940250
2024-08-30 09:52:48,15650.0,20000,Sell,235940251
2024-08-30 09:52:48,15650.0,10000,Sell,235940252
2024-08-30 09:52:54,15650.0,500,Buy,235940458
2024-08-30 09:53:02,15650.0,2000,Buy,235940659
2024-08-30 09:53:26,15650.0,1800,Buy,235941299
2024-08-30 09:53:39,15650.0,500,Buy,235941581
2024-08-30 09:53:42,15650.0,2000,Buy,235941741
2024-08-30 09:53:44,15600.0,100,Sell,235941817
2024-08-30 09:53:46,15600.0,2100,Sell,235941879
2024-08-30 09:53:46,15600.0,100,Sell,235941878
2024-08-30 09:53:46,15600.0,100,Sell,235941875
2024-08-30 09:53:46,15600.0,100,Sell,235941876
2024-08-30 09:53:46,15600.0,2600,Sell,235941877
2024-08-30 09:53:52,15650.0,200,Buy,235942034
2024-08-30 09:54:18,15600.0,6000,Sell,235942553
2024-08-30 09:54:26,15600.0,2300,Sell,235942705
2024-08-30 09:54:28,15600.0,100,Sell,235942733
2024-08-30 09:54:42,15600.0,100,Sell,235943048
2024-08-30 09:54:54,15600.0,1300,Sell,235943310
2024-08-30 09:55:07,15650.0,5000,Buy,235943568
2024-08-30 09:55:10,15600.0,1000,Sell,235943605
2024-08-30 09:55:57,15600.0,900,Sell,235944632
2024-08-30 09:55:57,15600.0,800,Sell,235944633
2024-08-30 09:55:57,15600.0,3700,Sell,235944631
2024-08-30 09:55:59,15600.0,200,Sell,235944706
2024-08-30 09:55:59,15600.0,300,Sell,235944707
2024-08-30 09:56:02,15600.0,300,Sell,235944774
2024-08-30 09:56:19,15600.0,1000,Sell,235945118
2024-08-30 09:56:45,15600.0,300,Sell,235945698
2024-08-30 09:56:56,15650.0,500,Buy,235945887
2024-08-30 09:57:01,15650.0,200,Buy,235945973
2024-08-30 09:57:01,15650.0,15200,Buy,235945972
2024-08-30 09:57:01,15650.0,4600,Buy,235945971
2024-08-30 09:57:02,15600.0,2000,Sell,235945977
2024-08-30 09:57:02,15650.0,100,Buy,235945984
2024-08-30 09:57:12,15650.0,1800,Buy,235946194
2024-08-30 09:57:40,15650.0,700,Buy,235946714
2024-08-30 09:57:40,15650.0,500,Buy,235946713
2024-08-30 09:57:40,15650.0,100,Buy,235946712
2024-08-30 09:57:40,15650.0,500,Buy,235946710
2024-08-30 09:57:40,15650.0,100,Buy,235946709
2024-08-30 09:57:40,15650.0,1000,Buy,235946711
2024-08-30 09:57:40,15650.0,100,Buy,235946707
2024-08-30 09:57:40,15650.0,700,Buy,235946706
2024-08-30 09:57:40,15650.0,600,Buy,235946705
2024-08-30 09:57:40,15650.0,10000,Buy,235946704
2024-08-30 09:57:40,15650.0,2900,Buy,235946703
2024-08-30 09:57:40,15650.0,2800,Buy,235946708
2024-08-30 09:57:51,15650.0,300,Buy,235946943
2024-08-30 09:57:57,15650.0,9000,Buy,235947069
2024-08-30 09:57:57,15650.0,100,Buy,235947070
2024-08-30 09:57:57,15650.0,100,Buy,235947071
2024-08-30 09:57:57,15650.0,10000,Buy,235947072
2024-08-30 09:57:57,15650.0,800,Buy,235947073
2024-08-30 09:58:05,15650.0,300,Buy,235947224
2024-08-30 09:58:05,15650.0,700,Buy,235947222
2024-08-30 09:58:05,15650.0,6000,Buy,235947223
2024-08-30 09:58:13,15650.0,1700,Buy,235947342
2024-08-30 09:58:13,15650.0,5000,Buy,235947343
2024-08-30 09:58:13,15650.0,900,Buy,235947344
2024-08-30 09:58:13,15650.0,1000,Buy,235947345
2024-08-30 09:58:13,15650.0,6800,Buy,235947346
2024-08-30 09:58:13,15650.0,4600,Buy,235947347
2024-08-30 09:58:14,15650.0,300,Buy,235947369
2024-08-30 09:58:37,15650.0,6000,Buy,235947767
2024-08-30 09:58:37,15650.0,2000,Buy,235947766
2024-08-30 09:58:37,15650.0,1000,Buy,235947765
2024-08-30 09:58:37,15650.0,300,Buy,235947764
2024-08-30 09:58:37,15650.0,1000,Buy,235947762
2024-08-30 09:58:37,15650.0,1000,Buy,235947761
2024-08-30 09:58:37,15650.0,6500,Buy,235947760
2024-08-30 09:58:37,15650.0,500,Buy,235947759
2024-08-30 09:58:37,15650.0,10500,Buy,235947758
2024-08-30 09:58:37,15650.0,4000,Buy,235947763
2024-08-30 09:59:00,15650.0,1000,Sell,235948203
2024-08-30 09:59:08,15650.0,200,Sell,235948374
2024-08-30 09:59:13,15650.0,200,Sell,235948498
2024-08-30 09:59:20,15650.0,200,Sell,235948578
2024-08-30 09:59:33,15650.0,1000,Sell,235948819
2024-08-30 09:59:33,15650.0,600,Sell,235948817
2024-08-30 09:59:33,15650.0,1000,Sell,235948818
2024-08-30 09:59:53,15650.0,1800,Sell,235949184
2024-08-30 09:59:53,15650.0,1200,Sell,235949185
2024-08-30 09:59:59,15650.0,200,Sell,235949300
2024-08-30 09:59:59,15650.0,6600,Sell,235949301
2024-08-30 10:00:07,15650.0,4000,Sell,235949557
2024-08-30 10:00:12,15650.0,100,Sell,235949655
2024-08-30 10:00:12,15650.0,10600,Sell,235949656
2024-08-30 10:00:12,15650.0,1200,Sell,235949653
2024-08-30 10:00:12,15650.0,9400,Sell,235949652
2024-08-30 10:00:12,15650.0,100,Sell,235949654
2024-08-30 10:00:17,15650.0,500,Sell,235949715
2024-08-30 10:00:21,15650.0,8900,Sell,235949805
2024-08-30 10:00:21,15650.0,100,Sell,235949806
2024-08-30 10:00:46,15600.0,400,Sell,235950375
2024-08-30 10:00:46,15600.0,600,Sell,235950376
2024-08-30 10:01:37,15650.0,100,Buy,235951289
2024-08-30 10:01:47,15650.0,2000,Buy,235951562
2024-08-30 10:01:47,15650.0,200,Buy,235951563
2024-08-30 10:01:47,15650.0,5000,Buy,235951561
2024-08-30 10:01:47,15650.0,1400,Buy,235951564
2024-08-30 10:01:47,15650.0,200,Buy,235951559
2024-08-30 10:01:47,15650.0,5000,Buy,235951558
2024-08-30 10:01:47,15650.0,3200,Buy,235951557
2024-08-30 10:01:47,15650.0,2900,Buy,235951556
2024-08-30 10:01:47,15650.0,100,Buy,235951560
2024-08-30 10:01:48,15650.0,1200,Buy,235951586
2024-08-30 10:02:25,15650.0,100,Buy,235952412
2024-08-30 10:03:31,15650.0,300,Buy,235953702
2024-08-30 10:03:52,15600.0,14000,Sell,235954226
2024-08-30 10:05:04,15600.0,100,Sell,235955622
2024-08-30 10:05:10,15600.0,600,Sell,235955716
2024-08-30 10:05:45,15600.0,500,Sell,235956339
2024-08-30 10:05:52,15600.0,25000,Sell,235956490
2024-08-30 10:05:56,15650.0,400,Buy,235956537
2024-08-30 10:06:36,15650.0,200,Buy,235957193
2024-08-30 10:06:50,15650.0,100,Buy,235957430
2024-08-30 10:07:07,15650.0,500,Buy,235957771
2024-08-30 10:07:14,15650.0,100,Buy,235957923
2024-08-30 10:07:29,15650.0,500,Buy,235958142
2024-08-30 10:07:40,15650.0,100,Buy,235958370
2024-08-30 10:07:40,15650.0,100,Buy,235958371
2024-08-30 10:07:50,15600.0,100,Sell,235958490
2024-08-30 10:08:08,15600.0,7000,Sell,235958767
2024-08-30 10:08:19,15650.0,800,Buy,235958932
2024-08-30 10:08:19,15650.0,800,Buy,235958933
2024-08-30 10:08:19,15650.0,500,Buy,235958934
2024-08-30 10:08:19,15650.0,1000,Buy,235958935
2024-08-30 10:08:19,15650.0,500,Buy,235958936
2024-08-30 10:08:19,15650.0,1100,Buy,235958943
2024-08-30 10:08:19,15650.0,2600,Buy,235958938
2024-08-30 10:08:19,15650.0,5000,Buy,235958939
2024-08-30 10:08:19,15650.0,200,Buy,235958940
2024-08-30 10:08:19,15650.0,2600,Buy,235958941
2024-08-30 10:08:19,15650.0,100,Buy,235958942
2024-08-30 10:08:19,15650.0,300,Buy,235958931
2024-08-30 10:08:19,15650.0,2000,Buy,235958937
2024-08-30 10:08:19,15650.0,1000,Buy,235958930
2024-08-30 10:08:19,15650.0,1000,Buy,235958924
2024-08-30 10:08:19,15650.0,10000,Buy,235958928
2024-08-30 10:08:19,15650.0,300,Buy,235958927
2024-08-30 10:08:19,15650.0,1000,Buy,235958926
2024-08-30 10:08:19,15650.0,100,Buy,235958925
2024-08-30 10:08:19,15650.0,1000,Buy,235958923
2024-08-30 10:08:19,15650.0,2000,Buy,235958922
2024-08-30 10:08:19,15650.0,6000,Buy,235958921
2024-08-30 10:08:19,15650.0,400,Buy,235958920
2024-08-30 10:08:19,15650.0,100,Buy,235958919
2024-08-30 10:08:19,15650.0,1000,Buy,235958918
2024-08-30 10:08:19,15650.0,200,Buy,235958917
2024-08-30 10:08:19,15650.0,5000,Buy,235958916
2024-08-30 10:08:19,15650.0,2900,Buy,235958915
2024-08-30 10:08:19,15650.0,500,Buy,235958929
2024-08-30 10:08:26,15650.0,1800,Buy,235959058
2024-08-30 10:08:38,15650.0,1200,Buy,235959224
2024-08-30 10:08:38,15650.0,14100,Buy,235959222
2024-08-30 10:08:38,15650.0,100,Buy,235959223
2024-08-30 10:08:50,15650.0,4600,Sell,235959419
2024-08-30 10:08:50,15650.0,400,Sell,235959420
2024-08-30 10:08:51,15650.0,600,Sell,235959436
2024-08-30 10:08:58,15650.0,2400,Buy,235959514
2024-08-30 10:09:07,15650.0,500,Sell,235959702
2024-08-30 10:09:10,15650.0,200,Sell,235959748
2024-08-30 10:09:32,15650.0,2000,Sell,235960047
2024-08-30 10:09:41,15650.0,200,Sell,235960205
2024-08-30 10:09:54,15650.0,1000,Sell,235960419
2024-08-30 10:09:59,15650.0,500,Sell,235960485
2024-08-30 10:10:08,15700.0,2000,Buy,235960603
2024-08-30 10:10:23,15650.0,2000,Sell,235960869
2024-08-30 10:10:29,15650.0,400,Sell,235960957
2024-08-30 10:10:40,15650.0,5000,Sell,235961142
2024-08-30 10:10:44,15650.0,1000,Sell,235961207
2024-08-30 10:10:45,15650.0,300,Sell,235961217
2024-08-30 10:10:49,15650.0,16900,Sell,235961316
2024-08-30 10:10:49,15650.0,100,Sell,235961314
2024-08-30 10:10:49,15650.0,500,Sell,235961315
2024-08-30 10:10:49,15650.0,3000,Sell,235961312
2024-08-30 10:10:49,15650.0,4500,Sell,235961311
2024-08-30 10:10:49,15650.0,5000,Sell,235961313
2024-08-30 10:10:56,15650.0,1000,Sell,235961419
2024-08-30 10:11:07,15650.0,2100,Sell,235961561
2024-08-30 10:11:07,15650.0,600,Sell,235961562
2024-08-30 10:11:07,15650.0,100,Sell,235961563
2024-08-30 10:11:07,15650.0,300,Sell,235961564
2024-08-30 10:11:34,15650.0,100,Buy,235961969
2024-08-30 10:12:11,15650.0,1800,Buy,235962541
2024-08-30 10:12:31,15650.0,18900,Buy,235962938
2024-08-30 10:12:32,15650.0,5000,Buy,235962964
2024-08-30 10:12:49,15650.0,2700,Buy,235963266
2024-08-30 10:12:55,15650.0,3200,Buy,235963359
2024-08-30 10:13:05,15650.0,100,Buy,235963515
2024-08-30 10:13:06,15650.0,20000,Buy,235963535
2024-08-30 10:13:11,15650.0,1000,Buy,235963596
2024-08-30 10:13:17,15650.0,200,Buy,235963674
2024-08-30 10:13:17,15650.0,7300,Buy,235963676
2024-08-30 10:13:17,15650.0,300,Buy,235963675
2024-08-30 10:13:17,15650.0,1500,Buy,235963673
2024-08-30 10:13:17,15650.0,100,Buy,235963677
2024-08-30 10:13:17,15650.0,1900,Buy,235963671
2024-08-30 10:13:17,15650.0,700,Buy,235963670
2024-08-30 10:13:17,15650.0,1000,Buy,235963669
2024-08-30 10:13:17,15650.0,300,Buy,235963668
2024-08-30 10:13:17,15650.0,500,Buy,235963672
2024-08-30 10:13:17,15650.0,400,Buy,235963667
2024-08-30 10:13:25,15650.0,5800,Sell,235963832
2024-08-30 10:13:26,15650.0,1000,Buy,235963834
2024-08-30 10:13:26,15650.0,2000,Buy,235963841
2024-08-30 10:13:30,15600.0,1400,Sell,235963932
2024-08-30 10:13:34,15650.0,200,Buy,235964004
2024-08-30 10:13:46,15650.0,100,Buy,235964230
2024-08-30 10:13:49,15650.0,1200,Buy,235964272
2024-08-30 10:13:50,15650.0,800,Buy,235964301
2024-08-30 10:14:05,15650.0,8200,Sell,235964582
2024-08-30 10:14:13,15650.0,6000,Sell,235964765
2024-08-30 10:14:16,15650.0,5000,Sell,235964802
2024-08-30 10:14:16,15650.0,100,Sell,235964803
2024-08-30 10:14:16,15650.0,3000,Sell,235964804
2024-08-30 10:14:20,15650.0,500,Sell,235964859
2024-08-30 10:14:34,15700.0,800,Buy,235965074
2024-08-30 10:14:42,15650.0,2000,Sell,235965190
2024-08-30 10:14:47,15650.0,500,Sell,235965263
2024-08-30 10:14:59,15650.0,1000,Sell,235965392
2024-08-30 10:15:04,15650.0,1000,Sell,235965447
2024-08-30 10:15:24,15650.0,500,Sell,235965740
2024-08-30 10:15:30,15650.0,300,Sell,235965799
2024-08-30 10:15:57,15650.0,200,Sell,235966363
2024-08-30 10:16:41,15650.0,1000,Sell,235966941
2024-08-30 10:17:16,15650.0,100,Sell,235967495
2024-08-30 10:17:31,15650.0,1000,Sell,235967723
2024-08-30 10:17:33,15650.0,100,Sell,235967788
2024-08-30 10:17:46,15650.0,100,Sell,235968002
2024-08-30 10:18:14,15650.0,8100,Sell,235968362
2024-08-30 10:18:32,15650.0,400,Sell,235968577
2024-08-30 10:18:44,15650.0,100,Sell,235968813
2024-08-30 10:18:50,15650.0,100,Sell,235968889
2024-08-30 10:18:50,15650.0,100,Sell,235968888
2024-08-30 10:19:07,15650.0,600,Sell,235969213
2024-08-30 10:19:10,15650.0,300,Sell,235969265
2024-08-30 10:19:10,15650.0,1200,Sell,235969266
2024-08-30 10:19:35,15650.0,200,Sell,235969603
2024-08-30 10:20:12,15650.0,100,Sell,235970094
2024-08-30 10:21:13,15650.0,1000,Sell,235971122
2024-08-30 10:21:15,15650.0,100,Sell,235971166
2024-08-30 10:21:19,15650.0,300,Sell,235971236
2024-08-30 10:21:27,15650.0,100,Sell,235971331
2024-08-30 10:21:30,15700.0,100,Buy,235971369
2024-08-30 10:21:37,15650.0,200,Sell,235971478
2024-08-30 10:22:35,15650.0,900,Sell,235972298
2024-08-30 10:22:43,15650.0,400,Sell,235972370
2024-08-30 10:22:44,15650.0,500,Sell,235972379
2024-08-30 10:22:55,15650.0,10000,Sell,235972518
2024-08-30 10:22:57,15650.0,100,Sell,235972544
2024-08-30 10:23:37,15650.0,1500,Sell,235973251
2024-08-30 10:24:01,15650.0,1000,Sell,235973606
2024-08-30 10:24:03,15650.0,300,Sell,235973639
2024-08-30 10:24:15,15700.0,4600,Buy,235973800
2024-08-30 10:24:42,15700.0,200,Buy,235974148
2024-08-30 10:24:51,15700.0,100,Buy,235974283
2024-08-30 10:25:25,15650.0,100,Sell,235974717
2024-08-30 10:25:31,15650.0,2000,Sell,235974804
2024-08-30 10:25:31,15650.0,400,Sell,235974805
2024-08-30 10:25:37,15700.0,2000,Buy,235974864
2024-08-30 10:25:37,15700.0,500,Buy,235974865
2024-08-30 10:25:37,15700.0,1000,Buy,235974866
2024-08-30 10:25:37,15700.0,4000,Buy,235974867
2024-08-30 10:25:37,15700.0,2500,Buy,235974868
2024-08-30 10:25:46,15700.0,1000,Buy,235974980
2024-08-30 10:25:47,15700.0,500,Buy,235975016
2024-08-30 10:25:47,15700.0,1500,Buy,235975015
2024-08-30 10:26:04,15700.0,100,Buy,235975382
2024-08-30 10:26:26,15700.0,100,Buy,235975689
2024-08-30 10:27:03,15700.0,3800,Buy,235976335
2024-08-30 10:27:03,15700.0,100,Buy,235976336
2024-08-30 10:27:03,15700.0,1500,Buy,235976337
2024-08-30 10:27:03,15700.0,3400,Buy,235976338
2024-08-30 10:27:09,15700.0,1800,Buy,235976413
2024-08-30 10:27:13,15650.0,1000,Sell,235976461
2024-08-30 10:27:14,15700.0,100,Buy,235976472
2024-08-30 10:27:28,15700.0,1000,Buy,235976692
2024-08-30 10:27:28,15700.0,1000,Buy,235976676
2024-08-30 10:27:55,15700.0,100,Buy,235977007
2024-08-30 10:28:08,15700.0,2000,Buy,235977215
2024-08-30 10:28:08,15700.0,100,Buy,235977195
2024-08-30 10:28:26,15650.0,700,Sell,235977397
2024-08-30 10:28:44,15650.0,1400,Sell,235977638
2024-08-30 10:28:44,15650.0,400,Sell,235977639
2024-08-30 10:28:44,15650.0,1800,Sell,235977640
2024-08-30 10:28:44,15650.0,3000,Sell,235977641
2024-08-30 10:28:58,15650.0,2000,Sell,235977814
2024-08-30 10:29:04,15650.0,600,Sell,235977911
2024-08-30 10:29:14,15650.0,2000,Sell,235978038
2024-08-30 10:29:14,15650.0,600,Sell,235978041
2024-08-30 10:29:15,15650.0,900,Sell,235978042
2024-08-30 10:29:32,15650.0,6900,Sell,235978326
2024-08-30 10:29:34,15650.0,1000,Sell,235978362
2024-08-30 10:30:16,15650.0,1000,Sell,235979041
2024-08-30 10:30:40,15650.0,500,Sell,235979327
2024-08-30 10:30:52,15650.0,1500,Sell,235979532
2024-08-30 10:30:52,15650.0,500,Sell,235979533
2024-08-30 10:30:58,15650.0,100,Sell,235979618
2024-08-30 10:31:25,15650.0,400,Sell,235980042
2024-08-30 10:31:29,15650.0,300,Sell,235980160
2024-08-30 10:31:42,15650.0,700,Sell,235980368
2024-08-30 10:31:46,15650.0,300,Sell,235980418
2024-08-30 10:32:44,15650.0,300,Sell,235981539
2024-08-30 10:33:00,15650.0,200,Sell,235981890
2024-08-30 10:33:08,15650.0,200,Sell,235982010
2024-08-30 10:33:13,15650.0,500,Sell,235982079
2024-08-30 10:33:14,15650.0,500,Sell,235982115
2024-08-30 10:33:18,15650.0,5000,Sell,235982166
2024-08-30 10:33:22,15650.0,500,Sell,235982253
2024-08-30 10:33:28,15650.0,200,Sell,235982357
2024-08-30 10:33:28,15650.0,200,Sell,235982365
2024-08-30 10:33:28,15650.0,8900,Sell,235982366
2024-08-30 10:34:08,15650.0,1200,Sell,235983072
2024-08-30 10:34:08,15650.0,400,Sell,235983073
2024-08-30 10:34:08,15650.0,1600,Sell,235983074
2024-08-30 10:34:16,15650.0,200,Sell,235983194
2024-08-30 10:34:19,15650.0,100,Sell,235983235
2024-08-30 10:34:27,15650.0,200,Sell,235983404
2024-08-30 10:34:29,15650.0,100,Sell,235983470
2024-08-30 10:34:29,15650.0,900,Sell,235983469
2024-08-30 10:34:34,15650.0,400,Sell,235983639
2024-08-30 10:34:34,15650.0,100,Sell,235983640
2024-08-30 10:34:35,15650.0,300,Sell,235983656
2024-08-30 10:34:55,15650.0,1000,Sell,235984029
2024-08-30 10:34:57,15700.0,200,Buy,235984067
2024-08-30 10:35:03,15700.0,300,Buy,235984262
2024-08-30 10:35:03,15700.0,700,Buy,235984263
2024-08-30 10:35:04,15650.0,200,Sell,235984298
2024-08-30 10:35:04,15650.0,300,Sell,235984300
2024-08-30 10:35:04,15650.0,100,Sell,235984299
2024-08-30 10:35:04,15650.0,6600,Sell,235984296
2024-08-30 10:35:04,15650.0,1800,Sell,235984297
2024-08-30 10:35:56,15650.0,500,Sell,235985240
2024-08-30 10:36:03,15650.0,200,Sell,235985397
2024-08-30 10:36:03,15650.0,200,Sell,235985402
2024-08-30 10:36:07,15650.0,100,Sell,235985448
2024-08-30 10:36:15,15650.0,1500,Sell,235985543
2024-08-30 10:36:22,15650.0,500,Sell,235985648
2024-08-30 10:36:22,15650.0,100,Sell,235985650
2024-08-30 10:37:16,15650.0,6600,Sell,235986621
2024-08-30 10:37:16,15650.0,900,Sell,235986622
2024-08-30 10:37:25,15650.0,900,Sell,235986750
2024-08-30 10:37:25,15650.0,2000,Sell,235986749
2024-08-30 10:37:25,15650.0,2100,Sell,235986748
2024-08-30 10:37:32,15650.0,800,Sell,235986829
2024-08-30 10:37:32,15650.0,1000,Sell,235986838
2024-08-30 10:37:40,15650.0,1000,Sell,235987007
2024-08-30 10:37:48,15650.0,100,Sell,235987115
2024-08-30 10:37:49,15650.0,200,Sell,235987137
2024-08-30 10:37:56,15650.0,500,Sell,235987372
2024-08-30 10:37:59,15650.0,1000,Sell,235987405
2024-08-30 10:38:03,15650.0,100,Sell,235987472
2024-08-30 10:38:21,15700.0,1000,Buy,235987727
2024-08-30 10:38:22,15650.0,100,Sell,235987742
2024-08-30 10:38:53,15650.0,3000,Sell,235988391
2024-08-30 10:39:11,15650.0,2000,Sell,235988710
2024-08-30 10:39:12,15650.0,1000,Sell,235988715
2024-08-30 10:39:30,15650.0,2000,Sell,235988988
2024-08-30 10:39:47,15650.0,2400,Sell,235989147
2024-08-30 10:39:56,15650.0,14800,Sell,235989287
2024-08-30 10:39:56,15650.0,6100,Sell,235989296
2024-08-30 10:39:56,15650.0,1000,Sell,235989295
2024-08-30 10:39:56,15650.0,1000,Sell,235989294
2024-08-30 10:39:56,15650.0,100,Sell,235989293
2024-08-30 10:39:56,15650.0,1000,Sell,235989298
2024-08-30 10:39:56,15650.0,1800,Sell,235989291
2024-08-30 10:39:56,15650.0,100,Sell,235989290
2024-08-30 10:39:56,15650.0,100,Sell,235989289
2024-08-30 10:39:56,15650.0,22000,Sell,235989288
2024-08-30 10:39:56,15650.0,100,Sell,235989292
2024-08-30 10:39:56,15650.0,500,Sell,235989297
2024-08-30 10:39:59,15650.0,500,Sell,235989452
2024-08-30 10:40:05,15650.0,3400,Sell,235989547
2024-08-30 10:40:17,15650.0,2000,Sell,235989712
2024-08-30 10:40:22,15650.0,200,Sell,235989778
2024-08-30 10:40:22,15650.0,5000,Sell,235989782
2024-08-30 10:40:27,15650.0,2000,Sell,235989843
2024-08-30 10:40:34,15650.0,2000,Sell,235989955
2024-08-30 10:40:39,15650.0,400,Sell,235990052
2024-08-30 10:40:39,15650.0,100,Sell,235990053
2024-08-30 10:40:41,15650.0,300,Sell,235990075
2024-08-30 10:40:42,15650.0,4600,Sell,235990100
2024-08-30 10:40:42,15650.0,400,Sell,235990101
2024-08-30 10:40:44,15650.0,100,Sell,235990143
2024-08-30 10:40:44,15650.0,200,Sell,235990144
2024-08-30 10:40:54,15650.0,200,Sell,235990253
2024-08-30 10:40:54,15650.0,500,Sell,235990254
2024-08-30 10:40:54,15650.0,3000,Sell,235990255
2024-08-30 10:40:54,15650.0,300,Sell,235990256
2024-08-30 10:40:56,15650.0,400,Sell,235990292
2024-08-30 10:41:02,15650.0,1100,Sell,235990410
2024-08-30 10:41:02,15650.0,500,Sell,235990411
2024-08-30 10:41:02,15650.0,3400,Sell,235990412
2024-08-30 10:41:11,15650.0,1000,Sell,235990567
2024-08-30 10:41:12,15650.0,5000,Sell,235990575
2024-08-30 10:41:19,15650.0,5000,Sell,235990651
2024-08-30 10:41:23,15650.0,500,Sell,235990706
2024-08-30 10:41:33,15650.0,2000,Sell,235990834
2024-08-30 10:41:33,15650.0,2000,Sell,235990835
2024-08-30 10:41:43,15650.0,2000,Sell,235990952
2024-08-30 10:41:45,15650.0,500,Sell,235990983
2024-08-30 10:41:46,15650.0,500,Sell,235990985
2024-08-30 10:41:51,15650.0,1000,Sell,235991054
2024-08-30 10:41:59,15650.0,500,Sell,235991178
2024-08-30 10:41:59,15650.0,500,Sell,235991177
2024-08-30 10:41:59,15650.0,100,Sell,235991175
2024-08-30 10:41:59,15650.0,2100,Sell,235991174
2024-08-30 10:41:59,15650.0,1800,Sell,235991176
2024-08-30 10:42:02,15650.0,2000,Sell,235991239
2024-08-30 10:42:08,15650.0,300,Sell,235991320
2024-08-30 10:42:09,15650.0,1000,Sell,235991329
2024-08-30 10:42:24,15650.0,6200,Sell,235991512
2024-08-30 10:42:24,15650.0,100,Sell,235991513
2024-08-30 10:42:24,15650.0,4000,Sell,235991514
2024-08-30 10:42:27,15650.0,400,Sell,235991629
2024-08-30 10:42:27,15650.0,600,Sell,235991630
2024-08-30 10:42:28,15650.0,200,Sell,235991631
2024-08-30 10:42:30,15650.0,100,Sell,235991653
2024-08-30 10:42:47,15650.0,2500,Sell,235991903
2024-08-30 10:42:49,15650.0,500,Sell,235991929
2024-08-30 10:43:04,15650.0,700,Sell,235992243
2024-08-30 10:43:05,15650.0,400,Sell,235992269
2024-08-30 10:43:05,15650.0,500,Sell,235992270
2024-08-30 10:43:05,15650.0,3100,Sell,235992271
2024-08-30 10:43:34,15650.0,3000,Sell,235992795
2024-08-30 10:43:36,15650.0,2000,Sell,235992840
2024-08-30 10:43:43,15650.0,1000,Sell,235992927
2024-08-30 10:44:01,15650.0,800,Sell,235993266
2024-08-30 10:44:01,15650.0,200,Sell,235993267
2024-08-30 10:44:04,15650.0,800,Sell,235993335
2024-08-30 10:44:04,15650.0,700,Sell,235993333
2024-08-30 10:44:04,15650.0,500,Sell,235993334
2024-08-30 10:44:15,15650.0,1000,Sell,235993649
2024-08-30 10:44:15,15650.0,1000,Sell,235993660
2024-08-30 10:44:15,15650.0,1800,Sell,235993659
2024-08-30 10:44:15,15650.0,700,Sell,235993657
2024-08-30 10:44:15,15650.0,300,Sell,235993656
2024-08-30 10:44:15,15650.0,500,Sell,235993658
2024-08-30 10:44:15,15650.0,600,Sell,235993654
2024-08-30 10:44:15,15650.0,1800,Sell,235993653
2024-08-30 10:44:15,15650.0,100,Sell,235993652
2024-08-30 10:44:15,15650.0,1000,Sell,235993651
2024-08-30 10:44:15,15650.0,200,Sell,235993650
2024-08-30 10:44:15,15650.0,1000,Sell,235993655
2024-08-30 10:44:18,15650.0,1700,Sell,235993732
2024-08-30 10:44:24,15650.0,200,Sell,235993807
2024-08-30 10:44:26,15650.0,2400,Sell,235993863
2024-08-30 10:44:30,15650.0,3400,Sell,235993923
2024-08-30 10:44:31,15700.0,200,Buy,235993944
2024-08-30 10:44:32,15650.0,1000,Sell,235993971
2024-08-30 10:44:45,15650.0,200,Sell,235994192
2024-08-30 10:44:45,15650.0,100,Sell,235994193
2024-08-30 10:44:45,15650.0,4700,Sell,235994182
2024-08-30 10:44:45,15650.0,100,Sell,235994183
2024-08-30 10:44:45,15650.0,300,Sell,235994181
2024-08-30 10:44:48,15650.0,1500,Sell,235994236
2024-08-30 10:44:48,15650.0,500,Sell,235994237
2024-08-30 10:44:52,15650.0,1900,Sell,235994272
2024-08-30 10:44:52,15650.0,100,Sell,235994273
2024-08-30 10:44:59,15650.0,100,Sell,235994383
2024-08-30 10:44:59,15650.0,2000,Sell,235994384
2024-08-30 10:45:11,15650.0,1000,Buy,235994550
2024-08-30 10:45:12,15650.0,300,Buy,235994563
2024-08-30 10:45:14,15650.0,100,Buy,235994629
2024-08-30 10:45:22,15650.0,2500,Buy,235994737
2024-08-30 10:45:22,15650.0,1500,Buy,235994735
2024-08-30 10:45:22,15650.0,1000,Buy,235994736
2024-08-30 10:45:35,15650.0,1000,Buy,235994912
2024-08-30 10:45:36,15650.0,1600,Buy,235994933
2024-08-30 10:45:36,15650.0,200,Buy,235994934
2024-08-30 10:45:36,15650.0,3200,Buy,235994935
2024-08-30 10:45:41,15650.0,1900,Buy,235995013
2024-08-30 10:45:41,15650.0,6000,Buy,235995014
2024-08-30 10:45:41,15650.0,100,Buy,235995015
2024-08-30 10:45:54,15650.0,500,Buy,235995215
2024-08-30 10:45:54,15650.0,400,Buy,235995214
2024-08-30 10:46:08,15650.0,1200,Sell,235995436
2024-08-30 10:46:08,15650.0,800,Sell,235995435
2024-08-30 10:46:18,15650.0,800,Sell,235995573
2024-08-30 10:46:29,15650.0,200,Buy,235995760
2024-08-30 10:46:39,15650.0,100,Buy,235995928
2024-08-30 10:46:41,15650.0,1600,Buy,235995959
2024-08-30 10:46:41,15650.0,1400,Buy,235995960
2024-08-30 10:46:52,15650.0,100,Buy,235996105
2024-08-30 10:46:52,15650.0,2800,Buy,235996116
2024-08-30 10:47:05,15650.0,200,Buy,235996352
2024-08-30 10:47:05,15650.0,1800,Buy,235996354
2024-08-30 10:47:12,15650.0,100,Buy,235996497
2024-08-30 10:47:14,15650.0,1700,Buy,235996525
2024-08-30 10:47:14,15650.0,200,Buy,235996524
2024-08-30 10:47:14,15650.0,100,Buy,235996523
2024-08-30 10:47:25,15650.0,100,Buy,235996680
2024-08-30 10:47:25,15650.0,1900,Buy,235996679
2024-08-30 10:47:39,15650.0,1100,Buy,235996879
2024-08-30 10:47:55,15650.0,800,Buy,235997073
2024-08-30 10:47:55,15650.0,900,Buy,235997074
2024-08-30 10:47:58,15650.0,100,Buy,235997119
2024-08-30 10:47:58,15650.0,1000,Buy,235997120
2024-08-30 10:47:58,15650.0,800,Buy,235997121
2024-08-30 10:48:03,15650.0,100,Buy,235997184
2024-08-30 10:48:07,15650.0,1000,Buy,235997256
2024-08-30 10:48:10,15650.0,1700,Buy,235997321
2024-08-30 10:48:10,15650.0,1800,Buy,235997320
2024-08-30 10:48:10,15650.0,100,Buy,235997316
2024-08-30 10:48:10,15650.0,100,Buy,235997318
2024-08-30 10:48:10,15650.0,200,Buy,235997319
2024-08-30 10:48:10,15650.0,100,Buy,235997317
2024-08-30 10:48:26,15600.0,200,Sell,235997558
2024-08-30 10:48:26,15600.0,3200,Sell,235997557
2024-08-30 10:48:26,15600.0,200,Sell,235997556
2024-08-30 10:48:26,15600.0,700,Sell,235997551
2024-08-30 10:48:26,15600.0,1000,Sell,235997554
2024-08-30 10:48:26,15600.0,100,Sell,235997553
2024-08-30 10:48:26,15600.0,2000,Sell,235997552
2024-08-30 10:48:26,15600.0,100,Sell,235997555
2024-08-30 10:48:43,15650.0,200,Buy,235997780
2024-08-30 10:48:49,15600.0,300,Sell,235997890
2024-08-30 10:48:59,15650.0,100,Buy,235998061
2024-08-30 10:49:07,15650.0,100,Buy,235998161
2024-08-30 10:49:07,15650.0,500,Buy,235998162
2024-08-30 10:49:07,15650.0,200,Buy,235998163
2024-08-30 10:49:07,15650.0,1900,Buy,235998164
2024-08-30 10:49:33,15650.0,100,Buy,235998606
2024-08-30 10:49:33,15650.0,900,Buy,235998607
2024-08-30 10:49:38,15650.0,100,Buy,235998690
2024-08-30 10:49:38,15650.0,1100,Buy,235998688
2024-08-30 10:49:38,15650.0,100,Buy,235998689
2024-08-30 10:50:13,15650.0,100,Sell,235999181
2024-08-30 10:50:17,15650.0,200,Sell,235999221
2024-08-30 10:50:18,15650.0,100,Sell,235999233
2024-08-30 10:50:18,15650.0,400,Sell,235999234
2024-08-30 10:50:28,15650.0,700,Sell,235999327
2024-08-30 10:50:50,15650.0,2000,Sell,235999568
2024-08-30 10:51:33,15650.0,100,Sell,236000136
2024-08-30 10:51:41,15650.0,10000,Sell,236000217
2024-08-30 10:51:54,15700.0,100,Buy,236000379
2024-08-30 10:51:54,15700.0,100,Buy,236000383
2024-08-30 10:51:54,15700.0,100,Buy,236000384
2024-08-30 10:52:13,15700.0,200,Buy,236000616
2024-08-30 10:52:31,15700.0,1300,Buy,236000867
2024-08-30 10:53:00,15700.0,1600,Buy,236001188
2024-08-30 10:53:00,15700.0,400,Buy,236001187
2024-08-30 10:53:22,15650.0,100,Sell,236001471
2024-08-30 10:53:23,15700.0,400,Buy,236001481
2024-08-30 10:53:23,15700.0,400,Buy,236001482
2024-08-30 10:53:23,15700.0,900,Buy,236001483
2024-08-30 10:53:35,15650.0,500,Sell,236001657
2024-08-30 10:53:46,15650.0,200,Sell,236001760
2024-08-30 10:54:01,15650.0,3000,Sell,236002055
2024-08-30 10:54:12,15650.0,100,Sell,236002210
2024-08-30 10:54:19,15650.0,100,Sell,236002314
2024-08-30 10:55:30,15650.0,9100,Sell,236003375
2024-08-30 10:55:30,15650.0,1000,Sell,236003374
2024-08-30 10:55:30,15650.0,1000,Sell,236003373
2024-08-30 10:55:30,15650.0,7800,Sell,236003369
2024-08-30 10:55:30,15650.0,100,Sell,236003371
2024-08-30 10:55:30,15650.0,1000,Sell,236003370
2024-08-30 10:55:30,15650.0,20000,Sell,236003372
2024-08-30 10:55:42,15650.0,2000,Sell,236003502
2024-08-30 10:55:44,15650.0,200,Sell,236003529
2024-08-30 10:55:54,15650.0,500,Sell,236003669
2024-08-30 10:56:10,15650.0,5000,Sell,236003856
2024-08-30 10:56:16,15650.0,300,Sell,236003928
2024-08-30 10:56:34,15650.0,100,Sell,236004087
2024-08-30 10:56:47,15650.0,2000,Sell,236004280
2024-08-30 10:57:06,15700.0,500,Buy,236004510
2024-08-30 10:57:20,15700.0,500,Buy,236004754
2024-08-30 10:57:33,15650.0,800,Sell,236004883
2024-08-30 10:57:33,15650.0,2200,Sell,236004884
2024-08-30 10:57:54,15650.0,100,Sell,236005099
2024-08-30 10:59:01,15650.0,2800,Sell,236005902
2024-08-30 10:59:11,15650.0,3000,Sell,236006043
2024-08-30 10:59:33,15650.0,2600,Sell,236006227
2024-08-30 10:59:33,15650.0,1400,Sell,236006228
2024-08-30 10:59:48,15650.0,600,Sell,236006379
2024-08-30 10:59:48,15650.0,1400,Sell,236006380
2024-08-30 11:00:27,15650.0,1500,Sell,236006858
2024-08-30 11:01:05,15650.0,800,Sell,236007271
2024-08-30 11:02:03,15650.0,600,Sell,236007978
2024-08-30 11:02:10,15650.0,100,Sell,236008042
2024-08-30 11:02:21,15650.0,900,Sell,236008175
2024-08-30 11:02:37,15650.0,300,Sell,236008395
2024-08-30 11:02:53,15650.0,4000,Sell,236008581
2024-08-30 11:02:56,15650.0,4000,Sell,236008602
2024-08-30 11:02:57,15650.0,2000,Sell,236008612
2024-08-30 11:03:00,15650.0,4000,Sell,236008634
2024-08-30 11:03:07,15650.0,16700,Sell,236008749
2024-08-30 11:03:07,15650.0,20000,Sell,236008743
2024-08-30 11:03:07,15650.0,1700,Sell,236008747
2024-08-30 11:03:07,15650.0,100,Sell,236008746
2024-08-30 11:03:07,15650.0,200,Sell,236008745
2024-08-30 11:03:07,15650.0,500,Sell,236008744
2024-08-30 11:03:07,15650.0,2000,Sell,236008742
2024-08-30 11:03:07,15650.0,2000,Sell,236008748
2024-08-30 11:03:07,15650.0,100,Sell,236008740
2024-08-30 11:03:07,15650.0,400,Sell,236008733
2024-08-30 11:03:07,15650.0,100,Sell,236008734
2024-08-30 11:03:07,15650.0,2000,Sell,236008735
2024-08-30 11:03:07,15650.0,2000,Sell,236008741
2024-08-30 11:03:07,15650.0,500,Sell,236008737
2024-08-30 11:03:07,15650.0,2500,Sell,236008739
2024-08-30 11:03:07,15650.0,100,Sell,236008736
2024-08-30 11:03:07,15650.0,100,Sell,236008738
2024-08-30 11:03:31,15650.0,100,Sell,236009027
2024-08-30 11:03:36,15650.0,3200,Sell,236009082
2024-08-30 11:03:36,15650.0,1800,Sell,236009083
2024-08-30 11:04:13,15650.0,9800,Sell,236009572
2024-08-30 11:04:13,15650.0,20000,Sell,236009571
2024-08-30 11:04:13,15650.0,300,Sell,236009569
2024-08-30 11:04:13,15650.0,18200,Sell,236009568
2024-08-30 11:04:13,15650.0,1700,Sell,236009570
2024-08-30 11:04:16,15650.0,1000,Sell,236009616
2024-08-30 11:04:23,15650.0,6000,Sell,236009681
2024-08-30 11:04:28,15650.0,3200,Sell,236009773
2024-08-30 11:04:28,15650.0,10000,Sell,236009774
2024-08-30 11:04:28,15650.0,1700,Sell,236009775
2024-08-30 11:04:32,15650.0,3800,Sell,236009836
2024-08-30 11:04:32,15650.0,100,Sell,236009834
2024-08-30 11:04:32,15650.0,1100,Sell,236009835
2024-08-30 11:04:34,15650.0,3000,Sell,236009893
2024-08-30 11:04:34,15650.0,500,Sell,236009887
2024-08-30 11:04:44,15650.0,600,Sell,236009984
2024-08-30 11:04:51,15650.0,500,Sell,236010122
2024-08-30 11:05:03,15650.0,600,Sell,236010259
2024-08-30 11:05:13,15650.0,100,Sell,236010379
2024-08-30 11:05:30,15650.0,900,Sell,236010617
2024-08-30 11:05:30,15650.0,500,Sell,236010618
2024-08-30 11:05:30,15650.0,100,Sell,236010619
2024-08-30 11:05:31,15650.0,2300,Sell,236010654
2024-08-30 11:05:32,15650.0,400,Sell,236010655
2024-08-30 11:05:42,15650.0,2000,Sell,236010767
2024-08-30 11:06:06,15650.0,1000,Sell,236011026
2024-08-30 11:06:06,15650.0,300,Sell,236011024
2024-08-30 11:06:06,15650.0,1700,Sell,236011025
2024-08-30 11:06:16,15650.0,1000,Sell,236011246
2024-08-30 11:06:16,15650.0,300,Sell,236011248
2024-08-30 11:06:16,15650.0,100,Sell,236011247
2024-08-30 11:06:24,15650.0,2500,Buy,236011360
2024-08-30 11:06:26,15650.0,6000,Buy,236011409
2024-08-30 11:07:12,15650.0,1000,Buy,236011892
2024-08-30 11:07:26,15600.0,3100,Sell,236012029
2024-08-30 11:08:52,15650.0,100,Buy,236013101
2024-08-30 11:09:46,15650.0,1000,Buy,236013874
2024-08-30 11:10:10,15650.0,2000,Buy,236014310
2024-08-30 11:10:22,15650.0,100,Buy,236014460
2024-08-30 11:10:34,15650.0,800,Buy,236014588
2024-08-30 11:10:46,15650.0,100,Buy,236014739
2024-08-30 11:10:46,15650.0,5000,Buy,236014740
2024-08-30 11:10:51,15650.0,2200,Buy,236014813
2024-08-30 11:10:58,15650.0,1000,Buy,236014917
2024-08-30 11:10:58,15650.0,1000,Buy,236014918
2024-08-30 11:10:58,15650.0,600,Buy,236014919
2024-08-30 11:10:58,15650.0,400,Buy,236014916
2024-08-30 11:11:00,15600.0,200,Sell,236014939
2024-08-30 11:11:09,15600.0,100,Sell,236015125
2024-08-30 11:11:33,15650.0,100,Buy,236015406
2024-08-30 11:11:56,15650.0,1000,Buy,236015711
2024-08-30 11:12:06,15650.0,1700,Buy,236015818
2024-08-30 11:12:20,15650.0,1600,Buy,236016016
2024-08-30 11:12:20,15650.0,400,Buy,236016017
2024-08-30 11:12:22,15650.0,100,Buy,236016051
2024-08-30 11:12:32,15650.0,200,Buy,236016190
2024-08-30 11:12:32,15650.0,1000,Buy,236016189
2024-08-30 11:12:40,15650.0,100,Buy,236016296
2024-08-30 11:13:00,15650.0,200,Buy,236016576
2024-08-30 11:13:00,15650.0,200,Buy,236016577
2024-08-30 11:13:00,15650.0,600,Buy,236016578
2024-08-30 11:13:12,15650.0,400,Buy,236016677
2024-08-30 11:13:12,15650.0,1600,Buy,236016678
2024-08-30 11:13:19,15650.0,100,Buy,236016743
2024-08-30 11:13:21,15650.0,300,Buy,236016788
2024-08-30 11:13:21,15650.0,200,Buy,236016789
2024-08-30 11:13:23,15650.0,300,Buy,236016807
2024-08-30 11:13:25,15650.0,100,Buy,236016827
2024-08-30 11:13:29,15600.0,5000,Sell,236016860
2024-08-30 11:13:29,15600.0,600,Sell,236016861
2024-08-30 11:13:29,15600.0,1000,Sell,236016862
2024-08-30 11:13:29,15600.0,5000,Sell,236016863
2024-08-30 11:13:29,15600.0,1000,Sell,236016864
2024-08-30 11:13:29,15600.0,800,Sell,236016865
2024-08-30 11:13:29,15600.0,16600,Sell,236016859
2024-08-30 11:14:10,15600.0,200,Sell,236017295
2024-08-30 11:14:10,15600.0,100,Sell,236017296
2024-08-30 11:14:10,15600.0,100,Sell,236017297
2024-08-30 11:14:10,15600.0,100,Sell,236017298
2024-08-30 11:14:18,15650.0,500,Buy,236017429
2024-08-30 11:14:18,15650.0,100,Buy,236017428
2024-08-30 11:14:18,15650.0,300,Buy,236017427
2024-08-30 11:14:18,15650.0,100,Buy,236017426
2024-08-30 11:14:18,15650.0,1000,Buy,236017425
2024-08-30 11:14:18,15650.0,3700,Buy,236017420
2024-08-30 11:14:18,15650.0,2000,Buy,236017423
2024-08-30 11:14:18,15650.0,500,Buy,236017422
2024-08-30 11:14:18,15650.0,500,Buy,236017421
2024-08-30 11:14:18,15650.0,300,Buy,236017419
2024-08-30 11:14:18,15650.0,1000,Buy,236017424
2024-08-30 11:15:14,15650.0,2400,Buy,236018142
2024-08-30 11:15:14,15650.0,2000,Buy,236018140
2024-08-30 11:15:14,15650.0,400,Buy,236018141
2024-08-30 11:15:14,15650.0,300,Buy,236018138
2024-08-30 11:15:14,15650.0,2500,Buy,236018139
2024-08-30 11:15:14,15650.0,1000,Buy,236018137
2024-08-30 11:15:25,15650.0,500,Buy,236018262
2024-08-30 11:15:25,15650.0,200,Buy,236018261
2024-08-30 11:15:25,15650.0,100,Buy,236018260
2024-08-30 11:15:25,15650.0,2600,Buy,236018256
2024-08-30 11:15:25,15650.0,700,Buy,236018258
2024-08-30 11:15:25,15650.0,1000,Buy,236018259
2024-08-30 11:15:25,15650.0,100,Buy,236018257
2024-08-30 11:15:31,15650.0,4500,Sell,236018348
2024-08-30 11:15:34,15650.0,500,Sell,236018387
2024-08-30 11:15:35,15650.0,200,Sell,236018397
2024-08-30 11:15:37,15650.0,7500,Sell,236018439
2024-08-30 11:15:47,15650.0,800,Sell,236018562
2024-08-30 11:16:17,15650.0,500,Sell,236018957
2024-08-30 11:16:26,15650.0,200,Sell,236019065
2024-08-30 11:16:32,15650.0,400,Sell,236019159
2024-08-30 11:17:12,15650.0,200,Sell,236019613
2024-08-30 11:17:12,15650.0,400,Sell,236019614
2024-08-30 11:17:12,15650.0,200,Sell,236019612
2024-08-30 11:17:13,15650.0,500,Sell,236019621
2024-08-30 11:17:22,15650.0,200,Sell,236019679
2024-08-30 11:17:44,15650.0,100,Sell,236019886
2024-08-30 11:17:58,15650.0,1000,Sell,236020092
2024-08-30 11:18:02,15650.0,3000,Sell,236020156
2024-08-30 11:18:05,15650.0,600,Sell,236020182
2024-08-30 11:18:09,15650.0,4500,Sell,236020234
2024-08-30 11:18:12,15650.0,4000,Sell,236020263
2024-08-30 11:18:28,15650.0,200,Sell,236020429
2024-08-30 11:18:37,15650.0,2500,Sell,236020530
2024-08-30 11:18:48,15650.0,2000,Sell,236020701
2024-08-30 11:19:08,15650.0,1000,Sell,236020926
2024-08-30 11:19:08,15650.0,200,Sell,236020927
2024-08-30 11:19:08,15650.0,200,Sell,236020928
2024-08-30 11:19:08,15650.0,1700,Sell,236020929
2024-08-30 11:19:08,15650.0,1900,Sell,236020930
2024-08-30 11:19:11,15650.0,100,Sell,236020962
2024-08-30 11:19:11,15650.0,400,Sell,236020963
2024-08-30 11:19:17,15650.0,100,Sell,236021045
2024-08-30 11:19:27,15650.0,9000,Sell,236021175
2024-08-30 11:19:31,15650.0,100,Sell,236021212
2024-08-30 11:19:51,15700.0,1100,Buy,236021449
2024-08-30 11:19:51,15700.0,600,Buy,236021450
2024-08-30 11:19:51,15700.0,300,Buy,236021451
2024-08-30 11:19:51,15700.0,500,Buy,236021452
2024-08-30 11:19:51,15700.0,500,Buy,236021453
2024-08-30 11:20:00,15650.0,1000,Sell,236021553
2024-08-30 11:20:04,15700.0,100,Buy,236021597
2024-08-30 11:20:23,15650.0,500,Sell,236021810
2024-08-30 11:20:33,15650.0,1000,Sell,236021913
2024-08-30 11:20:39,15700.0,100,Buy,236022003
2024-08-30 11:20:50,15700.0,200,Buy,236022126
2024-08-30 11:20:50,15650.0,7900,Sell,236022127
2024-08-30 11:20:50,15650.0,500,Sell,236022128
2024-08-30 11:20:50,15650.0,2800,Sell,236022129
2024-08-30 11:20:50,15650.0,20000,Sell,236022130
2024-08-30 11:20:50,15650.0,200,Sell,236022131
2024-08-30 11:20:50,15650.0,1000,Sell,236022132
2024-08-30 11:20:50,15650.0,1700,Sell,236022133
2024-08-30 11:20:50,15650.0,1000,Sell,236022134
2024-08-30 11:20:52,15650.0,20000,Buy,236022145
2024-08-30 11:21:00,15650.0,300,Buy,236022211
2024-08-30 11:21:05,15650.0,200,Buy,236022265
2024-08-30 11:21:06,15650.0,100,Buy,236022278
2024-08-30 11:21:29,15650.0,100,Buy,236022552
2024-08-30 11:21:38,15650.0,100,Buy,236022697
2024-08-30 11:22:14,15650.0,1000,Buy,236023131
2024-08-30 11:22:26,15650.0,100,Buy,236023238
2024-08-30 11:22:45,15600.0,200,Sell,236023410
2024-08-30 11:23:18,15600.0,700,Sell,236023765
2024-08-30 11:23:18,15600.0,100,Sell,236023766
2024-08-30 11:23:18,15600.0,100,Sell,236023767
2024-08-30 11:23:47,15650.0,100,Buy,236024072
2024-08-30 11:23:56,15650.0,2000,Buy,236024205
2024-08-30 11:23:56,15650.0,200,Buy,236024208
2024-08-30 11:23:56,15650.0,1000,Buy,236024207
2024-08-30 11:23:56,15650.0,200,Buy,236024206
2024-08-30 11:23:56,15650.0,1000,Buy,236024204
2024-08-30 11:23:56,15650.0,2900,Buy,236024198
2024-08-30 11:23:56,15650.0,200,Buy,236024202
2024-08-30 11:23:56,15650.0,100,Buy,236024201
2024-08-30 11:23:56,15650.0,2000,Buy,236024200
2024-08-30 11:23:56,15650.0,100,Buy,236024199
2024-08-30 11:23:56,15650.0,300,Buy,236024203
2024-08-30 11:24:45,15650.0,1000,Buy,236024693
2024-08-30 11:24:54,15650.0,600,Buy,236024802
2024-08-30 11:25:04,15650.0,100,Buy,236024900
2024-08-30 11:25:13,15600.0,100,Sell,236024996
2024-08-30 11:25:39,15600.0,3000,Sell,236025337
2024-08-30 11:26:20,15600.0,200,Sell,236025799
2024-08-30 11:26:20,15600.0,500,Sell,236025798
2024-08-30 11:26:20,15600.0,1200,Sell,236025797
2024-08-30 11:26:20,15600.0,1300,Sell,236025796
2024-08-30 11:26:20,15600.0,1000,Sell,236025795
2024-08-30 11:26:20,15600.0,900,Sell,236025800
2024-08-30 11:26:20,15600.0,1000,Sell,236025792
2024-08-30 11:26:20,15600.0,3000,Sell,236025794
2024-08-30 11:26:20,15600.0,800,Sell,236025793
2024-08-30 11:26:20,15600.0,1800,Sell,236025784
2024-08-30 11:26:20,15600.0,100,Sell,236025785
2024-08-30 11:26:20,15600.0,5000,Sell,236025786
2024-08-30 11:26:20,15600.0,800,Sell,236025791
2024-08-30 11:26:20,15600.0,100,Sell,236025788
2024-08-30 11:26:20,15600.0,200,Sell,236025789
2024-08-30 11:26:20,15600.0,100,Sell,236025790
2024-08-30 11:26:20,15600.0,500,Sell,236025787
2024-08-30 11:26:30,15600.0,300,Sell,236025932
2024-08-30 11:26:31,15600.0,300,Sell,236025941
2024-08-30 11:26:34,15600.0,100,Sell,236025964
2024-08-30 11:26:48,15650.0,100,Buy,236026105
2024-08-30 11:27:06,15650.0,1700,Buy,236026278
2024-08-30 11:27:08,15650.0,1000,Buy,236026294
2024-08-30 11:27:23,15650.0,200,Buy,236026461
2024-08-30 11:27:29,15650.0,1800,Buy,236026652
2024-08-30 11:27:30,15650.0,1000,Buy,236026654
2024-08-30 11:27:30,15650.0,1000,Buy,236026655
2024-08-30 11:27:30,15650.0,2000,Buy,236026656
2024-08-30 11:27:30,15650.0,3000,Buy,236026657
2024-08-30 11:27:30,15650.0,1700,Buy,236026658
2024-08-30 11:27:30,15650.0,300,Buy,236026653
2024-08-30 11:27:31,15650.0,200,Buy,236026694
2024-08-30 11:27:32,15650.0,1500,Buy,236026743
2024-08-30 11:27:39,15650.0,100,Buy,236026832
2024-08-30 11:27:41,15600.0,100,Sell,236026853
2024-08-30 11:27:45,15650.0,6300,Buy,236026903
2024-08-30 11:27:48,15650.0,200,Buy,236026955
2024-08-30 11:27:52,15650.0,300,Buy,236027031
2024-08-30 11:27:58,15650.0,300,Buy,236027145
2024-08-30 11:27:58,15650.0,4700,Buy,236027144
2024-08-30 11:28:03,15650.0,700,Buy,236027182
2024-08-30 11:28:03,15650.0,1000,Buy,236027183
2024-08-30 11:28:13,15700.0,100,Buy,236027283
2024-08-30 11:28:24,15650.0,500,Sell,236027521
2024-08-30 11:28:49,15650.0,2800,Sell,236027786
2024-08-30 11:28:49,15650.0,400,Sell,236027787
2024-08-30 11:29:28,15650.0,1000,Sell,236028169
2024-08-30 11:29:28,15650.0,300,Sell,236028170
2024-08-30 11:29:28,15650.0,100,Sell,236028171
2024-08-30 11:29:28,15650.0,600,Sell,236028172
2024-08-30 11:29:33,15650.0,300,Sell,236028233
2024-08-30 11:29:33,15650.0,400,Sell,236028231
2024-08-30 11:29:33,15650.0,1000,Sell,236028232
2024-08-30 12:59:55,15650.0,100,Sell,236028550
2024-08-30 12:59:55,15650.0,400,Sell,236028551
2024-08-30 12:59:55,15650.0,100,Sell,236028717
2024-08-30 12:59:55,15650.0,1300,Sell,236028721
2024-08-30 12:59:55,15650.0,300,Sell,236028722
2024-08-30 12:59:56,15650.0,4700,Sell,236029220
2024-08-30 12:59:56,15650.0,200,Buy,236029226
2024-08-30 12:59:56,15650.0,1000,Buy,236029225
2024-08-30 12:59:56,15650.0,300,Buy,236029224
2024-08-30 12:59:56,15650.0,1000,Buy,236029223
2024-08-30 12:59:56,15650.0,1000,Buy,236029222
2024-08-30 12:59:56,15650.0,1100,Sell,236029221
2024-08-30 12:59:56,15650.0,300,Sell,236029219
2024-08-30 12:59:56,15650.0,2900,Sell,236028870
2024-08-30 12:59:56,15700.0,500,Buy,236029217
2024-08-30 12:59:56,15650.0,300,Sell,236028876
2024-08-30 12:59:56,15650.0,1400,Sell,236028875
2024-08-30 12:59:56,15650.0,800,Sell,236028874
2024-08-30 12:59:56,15650.0,100,Sell,236028873
2024-08-30 12:59:56,15650.0,200,Sell,236028872
2024-08-30 12:59:56,15650.0,100,Sell,236028871
2024-08-30 12:59:56,15650.0,700,Sell,236029218
2024-08-30 12:59:57,15650.0,100,Buy,236029314
2024-08-30 12:59:58,15650.0,3400,Buy,236029632
2024-08-30 12:59:58,15650.0,100,Buy,236029631
2024-08-30 12:59:58,15650.0,100,Buy,236029541
2024-08-30 12:59:58,15650.0,500,Buy,236029630
2024-08-30 12:59:59,15650.0,200,Buy,236029980
2024-08-30 12:59:59,15650.0,100,Buy,236030113
2024-08-30 12:59:59,15650.0,1200,Buy,236030116
2024-08-30 12:59:59,15600.0,1000,Sell,236030117
2024-08-30 12:59:59,15650.0,100,Buy,236030120
2024-08-30 13:00:04,15650.0,1000,Buy,236030620
2024-08-30 13:00:04,15600.0,700,Sell,236030646
2024-08-30 13:00:06,15650.0,3000,Buy,236030862
2024-08-30 13:00:07,15650.0,100,Buy,236030916
2024-08-30 13:00:07,15650.0,200,Buy,236030902
2024-08-30 13:00:07,15650.0,800,Buy,236030914
2024-08-30 13:00:07,15650.0,200,Buy,236030915
2024-08-30 13:00:17,15650.0,400,Buy,236031643
2024-08-30 13:00:17,15650.0,100,Buy,236031665
2024-08-30 13:00:26,15650.0,200,Buy,236031863
2024-08-30 13:00:27,15650.0,3800,Buy,236031891
2024-08-30 13:00:27,15650.0,100,Buy,236031890
2024-08-30 13:00:27,15650.0,5000,Buy,236031889
2024-08-30 13:00:27,15650.0,100,Buy,236031888
2024-08-30 13:00:27,15650.0,10900,Buy,236031887
2024-08-30 13:00:27,15650.0,400,Buy,236031885
2024-08-30 13:00:27,15650.0,100,Buy,236031884
2024-08-30 13:00:27,15650.0,3300,Buy,236031883
2024-08-30 13:00:27,15650.0,400,Buy,236031886
2024-08-30 13:00:51,15650.0,1200,Buy,236032316
2024-08-30 13:00:51,15650.0,500,Buy,236032317
2024-08-30 13:01:06,15600.0,900,Sell,236032639
2024-08-30 13:01:32,15650.0,200,Buy,236033275
2024-08-30 13:02:00,15600.0,900,Sell,236033761
2024-08-30 13:02:03,15600.0,1000,Sell,236033803
2024-08-30 13:02:12,15600.0,3000,Sell,236033963
2024-08-30 13:02:35,15600.0,100,Sell,236034338
2024-08-30 13:02:35,15600.0,400,Sell,236034352
2024-08-30 13:02:35,15600.0,5000,Sell,236034351
2024-08-30 13:02:35,15600.0,100,Sell,236034350
2024-08-30 13:02:35,15600.0,1000,Sell,236034349
2024-08-30 13:02:35,15600.0,100,Sell,236034348
2024-08-30 13:02:35,15600.0,500,Sell,236034347
2024-08-30 13:02:35,15600.0,2900,Sell,236034346
2024-08-30 13:02:35,15600.0,800,Sell,236034337
2024-08-30 13:02:35,15600.0,500,Sell,236034344
2024-08-30 13:02:35,15600.0,1000,Sell,236034343
2024-08-30 13:02:35,15600.0,100,Sell,236034342
2024-08-30 13:02:35,15600.0,500,Sell,236034341
2024-08-30 13:02:35,15600.0,700,Sell,236034340
2024-08-30 13:02:35,15600.0,400,Sell,236034339
2024-08-30 13:02:35,15600.0,100,Sell,236034345
2024-08-30 13:02:40,15600.0,700,Sell,236034564
2024-08-30 13:03:07,15600.0,100,Sell,236035035
2024-08-30 13:03:08,15600.0,1000,Sell,236035067
2024-08-30 13:03:17,15600.0,2400,Sell,236035228
2024-08-30 13:03:28,15600.0,4200,Sell,236035458
2024-08-30 13:03:54,15600.0,200,Sell,236035870
2024-08-30 13:04:11,15600.0,1000,Sell,236036187
2024-08-30 13:04:12,15600.0,2000,Sell,236036207
2024-08-30 13:04:22,15600.0,4300,Sell,236036399
2024-08-30 13:04:30,15600.0,200,Sell,236036558
2024-08-30 13:05:07,15600.0,100,Sell,236037178
2024-08-30 13:05:14,15600.0,1000,Sell,236037268
2024-08-30 13:05:15,15600.0,2000,Sell,236037313
2024-08-30 13:05:15,15600.0,4200,Sell,236037302
2024-08-30 13:05:28,15600.0,1400,Sell,236037548
2024-08-30 13:05:46,15600.0,5000,Sell,236037880
2024-08-30 13:05:56,15600.0,100,Sell,236038130
2024-08-30 13:06:08,15600.0,4200,Sell,236038336
2024-08-30 13:06:09,15650.0,1200,Buy,236038355
2024-08-30 13:06:19,15600.0,1000,Sell,236038525
2024-08-30 13:06:38,15600.0,500,Sell,236038907
2024-08-30 13:06:43,15600.0,5000,Sell,236039003
2024-08-30 13:07:02,15600.0,4200,Sell,236039387
2024-08-30 13:07:08,15650.0,1000,Buy,236039469
2024-08-30 13:07:22,15600.0,1000,Sell,236039727
2024-08-30 13:07:26,15650.0,100,Buy,236039863
2024-08-30 13:07:33,15600.0,800,Sell,236040003
2024-08-30 13:07:55,15600.0,3000,Sell,236040433
2024-08-30 13:07:55,15600.0,1000,Sell,236040434
2024-08-30 13:07:55,15600.0,200,Sell,236040435
2024-08-30 13:08:00,15650.0,200,Buy,236040562
2024-08-30 13:08:00,15650.0,1000,Buy,236040563
2024-08-30 13:08:00,15650.0,100,Buy,236040560
2024-08-30 13:08:00,15650.0,100,Buy,236040559
2024-08-30 13:08:00,15650.0,100,Buy,236040561
2024-08-30 13:08:00,15650.0,600,Buy,236040558
2024-08-30 13:08:20,15650.0,1700,Buy,236040926
2024-08-30 13:08:21,15650.0,400,Buy,236040941
2024-08-30 13:08:27,15600.0,1000,Sell,236041168
2024-08-30 13:08:48,15600.0,4300,Sell,236041737
2024-08-30 13:08:59,15600.0,400,Sell,236041928
2024-08-30 13:09:26,15600.0,5000,Sell,236042457
2024-08-30 13:09:33,15600.0,1000,Sell,236042606
2024-08-30 13:09:42,15600.0,4200,Sell,236042841
2024-08-30 13:09:52,15650.0,1600,Buy,236043147
2024-08-30 13:09:52,15650.0,1900,Buy,236043146
2024-08-30 13:10:14,15650.0,200,Buy,236043812
2024-08-30 13:10:38,15600.0,1000,Sell,236044311
2024-08-30 13:11:09,15650.0,2300,Buy,236045129
2024-08-30 13:11:41,15600.0,1000,Sell,236045789
2024-08-30 13:11:44,15650.0,1000,Buy,236045817
2024-08-30 13:11:51,15600.0,300,Sell,236045988
2024-08-30 13:11:55,15600.0,1700,Sell,236046083
2024-08-30 13:12:12,15600.0,5000,Sell,236046520
2024-08-30 13:12:22,15600.0,4200,Sell,236046726
2024-08-30 13:12:45,15600.0,1000,Sell,236047207
2024-08-30 13:13:15,15600.0,4300,Sell,236047891
2024-08-30 13:13:26,15600.0,2000,Sell,236048160
2024-08-30 13:13:28,15600.0,100,Sell,236048217
2024-08-30 13:13:47,15600.0,1000,Sell,236048768
2024-08-30 13:13:53,15650.0,600,Buy,236048900
2024-08-30 13:14:18,15650.0,4300,Buy,236049542
2024-08-30 13:14:18,15650.0,4500,Buy,236049543
2024-08-30 13:14:27,15650.0,1300,Buy,236049684
2024-08-30 13:14:28,15600.0,1000,Sell,236049701
2024-08-30 13:14:31,15650.0,2500,Buy,236049770
2024-08-30 13:14:46,15650.0,3000,Buy,236050153
2024-08-30 13:14:49,15650.0,300,Buy,236050205
2024-08-30 13:14:51,15600.0,1000,Sell,236050263
2024-08-30 13:14:57,15650.0,400,Buy,236050387
2024-08-30 13:14:57,15650.0,100,Buy,236050388
2024-08-30 13:15:13,15600.0,300,Sell,236050845
2024-08-30 13:15:33,15600.0,200,Sell,236051485
2024-08-30 13:15:34,15600.0,9800,Sell,236051540
2024-08-30 13:15:34,15600.0,200,Sell,236051541
2024-08-30 13:15:38,15600.0,1800,Sell,236051637
2024-08-30 13:15:38,15600.0,100,Sell,236051638
2024-08-30 13:15:38,15600.0,200,Sell,236051639
2024-08-30 13:15:38,15600.0,900,Sell,236051640
2024-08-30 13:15:53,15600.0,500,Sell,236052234
2024-08-30 13:15:53,15600.0,1000,Sell,236052233
2024-08-30 13:15:53,15600.0,100,Sell,236052231
2024-08-30 13:15:53,15600.0,400,Sell,236052232
2024-08-30 13:15:54,15650.0,500,Buy,236052270
2024-08-30 13:15:54,15600.0,1000,Sell,236052258
2024-08-30 13:15:59,15600.0,1500,Sell,236052391
2024-08-30 13:15:59,15600.0,500,Sell,236052390
2024-08-30 13:16:00,15600.0,1500,Sell,236052400
2024-08-30 13:16:00,15600.0,400,Sell,236052401
2024-08-30 13:16:12,15600.0,300,Sell,236052773
2024-08-30 13:16:27,15650.0,500,Buy,236053163
2024-08-30 13:16:27,15650.0,100,Buy,236053164
2024-08-30 13:16:27,15650.0,100,Buy,236053165
2024-08-30 13:16:27,15650.0,100,Buy,236053166
2024-08-30 13:16:27,15650.0,1200,Buy,236053167
2024-08-30 13:16:33,15650.0,700,Buy,236053338
2024-08-30 13:16:33,15650.0,200,Buy,236053337
2024-08-30 13:16:55,15600.0,1000,Sell,236053906
2024-08-30 13:17:42,15600.0,1300,Sell,236055184
2024-08-30 13:17:42,15600.0,200,Sell,236055185
2024-08-30 13:17:42,15600.0,200,Sell,236055186
2024-08-30 13:17:42,15600.0,200,Sell,236055187
2024-08-30 13:17:42,15600.0,200,Sell,236055188
2024-08-30 13:17:42,15600.0,2200,Sell,236055189
2024-08-30 13:17:52,15650.0,400,Buy,236055428
2024-08-30 13:17:52,15650.0,1000,Buy,236055429
2024-08-30 13:17:56,15600.0,1000,Sell,236055508
2024-08-30 13:18:01,15650.0,200,Buy,236055613
2024-08-30 13:18:18,15650.0,2000,Buy,236056104
2024-08-30 13:18:20,15650.0,500,Buy,236056147
2024-08-30 13:18:25,15650.0,1000,Buy,236056296
2024-08-30 13:18:28,15650.0,900,Buy,236056405
2024-08-30 13:18:28,15650.0,2500,Buy,236056404
2024-08-30 13:18:28,15650.0,5000,Buy,236056403
2024-08-30 13:18:28,15650.0,200,Buy,236056402
2024-08-30 13:18:28,15650.0,1000,Buy,236056401
2024-08-30 13:18:28,15650.0,4200,Buy,236056400
2024-08-30 13:18:28,15650.0,200,Buy,236056399
2024-08-30 13:18:28,15650.0,100,Buy,236056398
2024-08-30 13:18:28,15650.0,200,Buy,236056396
2024-08-30 13:18:28,15650.0,4000,Buy,236056395
2024-08-30 13:18:28,15650.0,2000,Buy,236056394
2024-08-30 13:18:28,15650.0,1000,Buy,236056393
2024-08-30 13:18:28,15650.0,700,Buy,236056392
2024-08-30 13:18:28,15650.0,200,Buy,236056391
2024-08-30 13:18:28,15650.0,500,Buy,236056390
2024-08-30 13:18:28,15650.0,15300,Buy,236056387
2024-08-30 13:18:28,15650.0,2000,Buy,236056397
2024-08-30 13:18:30,15650.0,1100,Buy,236056446
2024-08-30 13:18:38,15650.0,1000,Buy,236056645
2024-08-30 13:18:48,15650.0,600,Buy,236056866
2024-08-30 13:18:55,15650.0,400,Buy,236057056
2024-08-30 13:18:55,15650.0,600,Buy,236057055
2024-08-30 13:18:58,15600.0,1000,Sell,236057136
2024-08-30 13:19:02,15650.0,200,Buy,236057250
2024-08-30 13:19:11,15600.0,800,Sell,236057459
2024-08-30 13:19:28,15600.0,4200,Sell,236057905
2024-08-30 13:19:32,15600.0,200,Sell,236058005
2024-08-30 13:19:39,15600.0,500,Sell,236058229
2024-08-30 13:19:41,15650.0,2000,Buy,236058292
2024-08-30 13:19:51,15650.0,600,Buy,236058528
2024-08-30 13:19:53,15600.0,1800,Sell,236058572
2024-08-30 13:19:53,15600.0,100,Sell,236058569
2024-08-30 13:19:53,15600.0,1000,Sell,236058570
2024-08-30 13:19:53,15600.0,100,Sell,236058571
2024-08-30 13:19:56,15650.0,4400,Buy,236058628
2024-08-30 13:19:56,15650.0,1000,Buy,236058629
2024-08-30 13:19:56,15650.0,4600,Buy,236058630
2024-08-30 13:20:01,15600.0,200,Sell,236058720
2024-08-30 13:20:01,15600.0,800,Sell,236058721
2024-08-30 13:20:22,15600.0,1700,Sell,236059168
2024-08-30 13:20:22,15600.0,100,Sell,236059169
2024-08-30 13:20:22,15600.0,2400,Sell,236059170
2024-08-30 13:20:29,15650.0,100,Buy,236059370
2024-08-30 13:20:30,15650.0,1000,Buy,236059380
2024-08-30 13:20:31,15650.0,300,Buy,236059410
2024-08-30 13:20:35,15650.0,1000,Buy,236059638
2024-08-30 13:21:02,15600.0,1000,Sell,236060467
2024-08-30 13:21:15,15650.0,100,Buy,236060902
2024-08-30 13:21:15,15650.0,1200,Buy,236060901
2024-08-30 13:21:15,15650.0,100,Buy,236060900
2024-08-30 13:21:15,15650.0,4200,Buy,236060899
2024-08-30 13:21:15,15650.0,1000,Buy,236060898
2024-08-30 13:21:15,15650.0,4200,Buy,236060897
2024-08-30 13:21:15,15650.0,100,Buy,236060896
2024-08-30 13:21:15,15650.0,1000,Buy,236060895
2024-08-30 13:21:15,15650.0,200,Buy,236060894
2024-08-30 13:21:15,15650.0,3500,Buy,236060893
2024-08-30 13:21:15,15650.0,2000,Buy,236060891
2024-08-30 13:21:15,15650.0,50000,Buy,236060890
2024-08-30 13:21:15,15650.0,300,Buy,236060889
2024-08-30 13:21:15,15650.0,500,Buy,236060888
2024-08-30 13:21:15,15650.0,100,Buy,236060887
2024-08-30 13:21:15,15650.0,2000,Buy,236060886
2024-08-30 13:21:15,15650.0,19000,Buy,236060885
2024-08-30 13:21:15,15650.0,3000,Buy,236060884
2024-08-30 13:21:15,15650.0,2000,Buy,236060883
2024-08-30 13:21:15,15650.0,137000,Buy,236060892
2024-08-30 13:21:15,15650.0,1000,Buy,236060903
2024-08-30 13:21:15,15650.0,200,Buy,236060904
2024-08-30 13:21:15,15650.0,5000,Buy,236060906
2024-08-30 13:21:15,15600.0,600,Sell,236060911
2024-08-30 13:21:15,15600.0,1000,Sell,236060910
2024-08-30 13:21:15,15650.0,4200,Buy,236060905
2024-08-30 13:21:15,15650.0,2700,Buy,236060908
2024-08-30 13:21:15,15600.0,2600,Sell,236060909
2024-08-30 13:21:15,15650.0,4000,Buy,236060907
2024-08-30 13:21:21,15650.0,1400,Buy,236061075
2024-08-30 13:21:26,15650.0,900,Buy,236061188
2024-08-30 13:21:26,15650.0,100,Buy,236061187
2024-08-30 13:21:28,15650.0,200,Buy,236061258
2024-08-30 13:21:28,15650.0,5100,Buy,236061257
2024-08-30 13:21:28,15650.0,100,Buy,236061277
2024-08-30 13:21:28,15650.0,1600,Buy,236061276
2024-08-30 13:21:28,15650.0,1000,Buy,236061275
2024-08-30 13:21:28,15650.0,1000,Buy,236061274
2024-08-30 13:21:28,15650.0,500,Buy,236061273
2024-08-30 13:21:28,15650.0,50000,Buy,236061272
2024-08-30 13:21:28,15650.0,3000,Buy,236061271
2024-08-30 13:21:28,15650.0,7000,Buy,236061270
2024-08-30 13:21:28,15650.0,4200,Buy,236061269
2024-08-30 13:21:28,15650.0,700,Buy,236061278
2024-08-30 13:21:28,15650.0,6400,Buy,236061267
2024-08-30 13:21:28,15650.0,900,Buy,236061266
2024-08-30 13:21:28,15650.0,4200,Buy,236061265
2024-08-30 13:21:28,15650.0,100,Buy,236061264
2024-08-30 13:21:28,15650.0,100,Buy,236061263
2024-08-30 13:21:28,15650.0,8000,Buy,236061262
2024-08-30 13:21:28,15650.0,300,Buy,236061261
2024-08-30 13:21:28,15650.0,200,Buy,236061260
2024-08-30 13:21:28,15650.0,3000,Buy,236061268
2024-08-30 13:21:28,15650.0,4200,Buy,236061259
2024-08-30 13:21:56,15650.0,1000,Sell,236061985
2024-08-30 13:22:00,15650.0,300,Sell,236062065
2024-08-30 13:22:06,15650.0,1000,Sell,236062216
2024-08-30 13:22:08,15650.0,4300,Sell,236062274
2024-08-30 13:22:18,15650.0,2000,Sell,236062523
2024-08-30 13:22:19,15650.0,1000,Sell,236062540
2024-08-30 13:22:27,15650.0,100,Sell,236062734
2024-08-30 13:22:46,15650.0,100,Sell,236063300
2024-08-30 13:22:54,15700.0,100,Buy,236063476
2024-08-30 13:23:03,15700.0,200,Buy,236063824
2024-08-30 13:23:07,15650.0,6000,Sell,236063929
2024-08-30 13:23:09,15650.0,1000,Sell,236063972
2024-08-30 13:23:15,15700.0,1000,Buy,236064157
2024-08-30 13:23:18,15650.0,2000,Sell,236064242
2024-08-30 13:23:38,15650.0,500,Sell,236064651
2024-08-30 13:23:44,15650.0,3000,Sell,236064786
2024-08-30 13:23:55,15650.0,4200,Sell,236065043
2024-08-30 13:23:57,15650.0,1000,Sell,236065094
2024-08-30 13:24:00,15700.0,200,Buy,236065171
2024-08-30 13:24:00,15700.0,300,Buy,236065172
2024-08-30 13:24:13,15650.0,1000,Sell,236065441
2024-08-30 13:24:48,15650.0,4200,Sell,236066173
2024-08-30 13:25:14,15650.0,4000,Sell,236066801
2024-08-30 13:25:18,15650.0,1000,Sell,236066919
2024-08-30 13:25:32,15650.0,100,Sell,236067195
2024-08-30 13:25:35,15700.0,200,Buy,236067244
2024-08-30 13:25:35,15700.0,1000,Buy,236067243
2024-08-30 13:25:35,15700.0,200,Buy,236067242
2024-08-30 13:25:35,15700.0,200,Buy,236067241
2024-08-30 13:25:35,15700.0,2700,Buy,236067236
2024-08-30 13:25:35,15700.0,100,Buy,236067239
2024-08-30 13:25:35,15700.0,1000,Buy,236067238
2024-08-30 13:25:35,15700.0,200,Buy,236067237
2024-08-30 13:25:35,15700.0,3000,Buy,236067240
2024-08-30 13:25:40,15650.0,500,Sell,236067351
2024-08-30 13:25:41,15650.0,300,Sell,236067406
2024-08-30 13:25:42,15650.0,4300,Sell,236067422
2024-08-30 13:25:44,15700.0,100,Buy,236067489
2024-08-30 13:26:01,15650.0,21000,Sell,236067788
2024-08-30 13:26:05,15700.0,100,Buy,236067884
2024-08-30 13:26:05,15700.0,100,Buy,236067885
2024-08-30 13:26:05,15700.0,2800,Buy,236067886
2024-08-30 13:26:09,15700.0,500,Buy,236067960
2024-08-30 13:26:19,15650.0,1000,Sell,236068177
2024-08-30 13:26:35,15650.0,4200,Sell,236068596
2024-08-30 13:26:41,15700.0,1000,Buy,236068688
2024-08-30 13:26:49,15700.0,1000,Buy,236068826
2024-08-30 13:26:49,15700.0,13100,Buy,236068828
2024-08-30 13:26:49,15700.0,800,Buy,236068825
2024-08-30 13:26:49,15700.0,100,Buy,236068827
2024-08-30 13:26:57,15650.0,100,Sell,236069066
2024-08-30 13:27:22,15650.0,1000,Sell,236069620
2024-08-30 13:27:28,15650.0,4200,Sell,236069751
2024-08-30 13:27:34,15650.0,100,Sell,236069858
2024-08-30 13:27:43,15650.0,4000,Sell,236070053
2024-08-30 13:28:00,15650.0,400,Sell,236070385
2024-08-30 13:28:07,15650.0,500,Sell,236070508
2024-08-30 13:28:17,15650.0,500,Sell,236070760
2024-08-30 13:28:22,15650.0,4200,Sell,236070876
2024-08-30 13:28:27,15650.0,1000,Sell,236071034
2024-08-30 13:28:34,15650.0,300,Sell,236071152
2024-08-30 13:28:39,15650.0,400,Sell,236071271
2024-08-30 13:28:48,15650.0,2000,Sell,236071468
2024-08-30 13:28:49,15700.0,100,Buy,236071476
2024-08-30 13:28:59,15700.0,400,Buy,236071784
2024-08-30 13:29:04,15650.0,5000,Sell,236072072
2024-08-30 13:29:12,15650.0,600,Sell,236072295
2024-08-30 13:29:15,15650.0,4200,Sell,236072352
2024-08-30 13:29:33,15650.0,400,Sell,236072703
2024-08-30 13:29:33,15650.0,600,Sell,236072702
2024-08-30 13:29:44,15650.0,400,Sell,236072885
2024-08-30 13:29:44,15650.0,100,Sell,236072884
2024-08-30 13:29:51,15650.0,100,Sell,236073037
2024-08-30 13:29:52,15700.0,2000,Buy,236073102
2024-08-30 13:29:54,15650.0,100,Sell,236073134
2024-08-30 13:29:54,15650.0,900,Sell,236073135
2024-08-30 13:29:59,15650.0,400,Sell,236073230
2024-08-30 13:30:06,15700.0,1000,Buy,236073389
2024-08-30 13:30:07,15700.0,500,Buy,236073427
2024-08-30 13:30:07,15700.0,5700,Buy,236073424
2024-08-30 13:30:07,15700.0,1800,Buy,236073425
2024-08-30 13:30:07,15700.0,2000,Buy,236073426
2024-08-30 13:30:36,15650.0,1000,Sell,236074121
2024-08-30 13:31:02,15650.0,700,Sell,236074766
2024-08-30 13:31:02,15650.0,300,Sell,236074767
2024-08-30 13:31:02,15650.0,3000,Sell,236074768
2024-08-30 13:31:02,15650.0,200,Sell,236074769
2024-08-30 13:31:16,15700.0,1000,Buy,236075057
2024-08-30 13:31:18,15650.0,1000,Sell,236075131
2024-08-30 13:31:24,15700.0,2000,Buy,236075324
2024-08-30 13:31:39,15650.0,100,Sell,236075656
2024-08-30 13:31:41,15650.0,1000,Sell,236075717
2024-08-30 13:31:43,15700.0,5000,Buy,236075782
2024-08-30 13:31:45,15650.0,1500,Sell,236075824
2024-08-30 13:31:55,15650.0,4200,Sell,236076125
2024-08-30 13:32:28,15650.0,1000,Sell,236076754
2024-08-30 13:32:28,15650.0,4000,Sell,236076755
2024-08-30 13:32:33,15650.0,800,Sell,236076917
2024-08-30 13:32:43,15650.0,1000,Sell,236077159
2024-08-30 13:32:47,15650.0,5000,Sell,236077212
2024-08-30 13:32:48,15650.0,4200,Sell,236077230
2024-08-30 13:32:50,15700.0,200,Buy,236077300
2024-08-30 13:32:56,15650.0,6000,Sell,236077426
2024-08-30 13:33:00,15700.0,500,Buy,236077505
2024-08-30 13:33:00,15700.0,1000,Buy,236077508
2024-08-30 13:33:00,15700.0,5000,Buy,236077507
2024-08-30 13:33:00,15700.0,100,Buy,236077506
2024-08-30 13:33:00,15700.0,800,Buy,236077504
2024-08-30 13:33:00,15700.0,1700,Buy,236077510
2024-08-30 13:33:00,15700.0,300,Buy,236077502
2024-08-30 13:33:00,15700.0,100,Buy,236077503
2024-08-30 13:33:00,15700.0,1300,Buy,236077497
2024-08-30 13:33:00,15700.0,5000,Buy,236077498
2024-08-30 13:33:00,15700.0,100,Buy,236077509
2024-08-30 13:33:00,15700.0,3000,Buy,236077499
2024-08-30 13:33:00,15700.0,100,Buy,236077500
2024-08-30 13:33:00,15700.0,1000,Buy,236077501
2024-08-30 13:33:03,15650.0,200,Sell,236077548
2024-08-30 13:33:03,15700.0,200,Buy,236077552
2024-08-30 13:33:04,15650.0,200,Sell,236077558
2024-08-30 13:33:19,15650.0,500,Sell,236077843
2024-08-30 13:33:25,15650.0,7100,Sell,236078120
2024-08-30 13:33:42,15650.0,4200,Sell,236078624
2024-08-30 13:33:46,15650.0,1000,Sell,236078722
2024-08-30 13:33:49,15650.0,100,Sell,236078834
2024-08-30 13:33:59,15700.0,100,Buy,236078972
2024-08-30 13:34:20,15650.0,4700,Sell,236079351
2024-08-30 13:34:27,15700.0,100,Buy,236079448
2024-08-30 13:34:30,15700.0,1600,Buy,236079483
2024-08-30 13:34:46,15700.0,100,Buy,236079877
2024-08-30 13:34:49,15650.0,1000,Sell,236079943
2024-08-30 13:35:08,15650.0,300,Sell,236080273
2024-08-30 13:35:13,15650.0,1300,Sell,236080378
2024-08-30 13:35:28,15650.0,4200,Sell,236080665
2024-08-30 13:35:34,15650.0,1000,Sell,236080810
2024-08-30 13:35:42,15650.0,500,Sell,236080984
2024-08-30 13:35:51,15650.0,900,Sell,236081186
2024-08-30 13:35:55,15650.0,200,Sell,236081270
2024-08-30 13:36:07,15650.0,1000,Sell,236081510
2024-08-30 13:36:18,15650.0,100,Sell,236081712
2024-08-30 13:36:22,15650.0,200,Sell,236081788
2024-08-30 13:36:22,15650.0,4200,Sell,236081789
2024-08-30 13:36:22,15700.0,4300,Buy,236081792
2024-08-30 13:36:25,15700.0,5000,Buy,236081879
2024-08-30 13:36:32,15650.0,4000,Sell,236082042
2024-08-30 13:36:39,15700.0,200,Buy,236082227
2024-08-30 13:36:49,15650.0,6000,Sell,236082439
2024-08-30 13:36:51,15650.0,1000,Sell,236082473
2024-08-30 13:37:05,15650.0,4000,Sell,236082771
2024-08-30 13:37:12,15650.0,1500,Sell,236082850
2024-08-30 13:37:14,15650.0,2000,Sell,236082882
2024-08-30 13:37:15,15650.0,4200,Sell,236082916
2024-08-30 13:37:22,15650.0,500,Sell,236083116
2024-08-30 13:37:25,15650.0,700,Sell,236083192
2024-08-30 13:37:28,15650.0,300,Sell,236083237
2024-08-30 13:37:28,15700.0,300,Buy,236083254
2024-08-30 13:37:28,15700.0,400,Buy,236083255
2024-08-30 13:37:28,15700.0,300,Buy,236083256
2024-08-30 13:37:34,15650.0,3000,Sell,236083359
2024-08-30 13:37:48,15650.0,100,Sell,236083594
2024-08-30 13:37:52,15650.0,1000,Sell,236083629
2024-08-30 13:37:58,15700.0,300,Buy,236083779
2024-08-30 13:38:00,15650.0,1000,Sell,236083833
2024-08-30 13:38:00,15650.0,2000,Sell,236083808
2024-08-30 13:38:01,15700.0,300,Buy,236083845
2024-08-30 13:38:03,15650.0,100,Sell,236083884
2024-08-30 13:38:04,15700.0,4000,Buy,236083900
2024-08-30 13:38:17,15700.0,100,Buy,236084198
2024-08-30 13:38:17,15700.0,200,Buy,236084199
2024-08-30 13:38:17,15700.0,1300,Buy,236084200
2024-08-30 13:38:34,15650.0,2000,Sell,236084552
2024-08-30 13:38:45,15650.0,5000,Sell,236084737
2024-08-30 13:38:48,15650.0,300,Sell,236084829
2024-08-30 13:38:52,15650.0,500,Sell,236084891
2024-08-30 13:38:56,15650.0,1000,Sell,236084971
2024-08-30 13:39:02,15650.0,4300,Sell,236085107
2024-08-30 13:39:03,15650.0,100,Sell,236085168
2024-08-30 13:39:10,15650.0,300,Sell,236085325
2024-08-30 13:39:12,15650.0,100,Sell,236085339
2024-08-30 13:39:40,15650.0,1500,Sell,236085881
2024-08-30 13:39:42,15650.0,1000,Sell,236085925
2024-08-30 13:39:50,15650.0,1000,Sell,236086126
2024-08-30 13:39:55,15650.0,4200,Sell,236086214
2024-08-30 13:39:57,15650.0,500,Sell,236086236
2024-08-30 13:39:59,15650.0,2000,Sell,236086264
2024-08-30 13:39:59,15650.0,1000,Sell,236086266
2024-08-30 13:40:04,15650.0,1000,Sell,236086359
2024-08-30 13:40:06,15650.0,1100,Sell,236086396
2024-08-30 13:40:06,15650.0,4000,Sell,236086395
2024-08-30 13:40:06,15650.0,4700,Sell,236086394
2024-08-30 13:40:06,15650.0,2000,Sell,236086390
2024-08-30 13:40:06,15650.0,1000,Sell,236086392
2024-08-30 13:40:06,15650.0,100,Sell,236086391
2024-08-30 13:40:06,15650.0,300,Sell,236086389
2024-08-30 13:40:06,15650.0,1800,Sell,236086393
2024-08-30 13:40:10,15650.0,1000,Sell,236086487
2024-08-30 13:40:12,15650.0,1000,Sell,236086603
2024-08-30 13:40:16,15650.0,100,Sell,236086693
2024-08-30 13:40:16,15650.0,700,Sell,236086694
2024-08-30 13:40:16,15650.0,1600,Sell,236086691
2024-08-30 13:40:16,15650.0,1900,Sell,236086690
2024-08-30 13:40:16,15650.0,700,Sell,236086692
2024-08-30 13:40:18,15650.0,100,Sell,236086725
2024-08-30 13:40:20,15650.0,1000,Sell,236086764
2024-08-30 13:40:27,15650.0,1000,Sell,236087003
2024-08-30 13:40:32,15650.0,100,Sell,236087128
2024-08-30 13:40:36,15650.0,2400,Sell,236087251
2024-08-30 13:40:36,15650.0,200,Sell,236087250
2024-08-30 13:40:36,15650.0,20000,Sell,236087249
2024-08-30 13:40:36,15650.0,2000,Sell,236087248
2024-08-30 13:40:36,15650.0,5000,Sell,236087247
2024-08-30 13:40:36,15650.0,10000,Sell,236087245
2024-08-30 13:40:36,15650.0,1000,Sell,236087244
2024-08-30 13:40:36,15650.0,1300,Sell,236087243
2024-08-30 13:40:36,15650.0,5000,Sell,236087242
2024-08-30 13:40:36,15650.0,2100,Sell,236087241
2024-08-30 13:40:36,15650.0,900,Sell,236087246
2024-08-30 13:40:38,15650.0,87900,Sell,236087306
2024-08-30 13:40:38,15650.0,300,Sell,236087305
2024-08-30 13:40:38,15650.0,100,Sell,236087303
2024-08-30 13:40:38,15650.0,1000,Sell,236087302
2024-08-30 13:40:38,15650.0,200,Sell,236087301
2024-08-30 13:40:38,15650.0,1600,Sell,236087304
2024-08-30 13:40:38,15650.0,7000,Sell,236087299
2024-08-30 13:40:38,15650.0,600,Sell,236087298
2024-08-30 13:40:38,15650.0,300,Sell,236087297
2024-08-30 13:40:38,15650.0,300,Sell,236087296
2024-08-30 13:40:38,15650.0,600,Sell,236087295
2024-08-30 13:40:38,15650.0,100,Sell,236087300
2024-08-30 13:40:39,15650.0,1000,Sell,236087354
2024-08-30 13:40:40,15650.0,1500,Sell,236087374
2024-08-30 13:40:41,15650.0,100,Sell,236087405
2024-08-30 13:40:41,15650.0,200,Sell,236087411
2024-08-30 13:40:41,15650.0,1000,Sell,236087410
2024-08-30 13:40:41,15650.0,600,Sell,236087409
2024-08-30 13:40:41,15650.0,2000,Sell,236087408
2024-08-30 13:40:41,15650.0,400,Sell,236087407
2024-08-30 13:40:41,15650.0,6400,Sell,236087406
2024-08-30 13:40:41,15650.0,500,Sell,236087404
2024-08-30 13:40:41,15650.0,700,Sell,236087398
2024-08-30 13:40:41,15650.0,1100,Sell,236087402
2024-08-30 13:40:41,15650.0,1600,Sell,236087401
2024-08-30 13:40:41,15650.0,300,Sell,236087400
2024-08-30 13:40:41,15650.0,200,Sell,236087399
2024-08-30 13:40:41,15650.0,5800,Sell,236087397
2024-08-30 13:40:41,15650.0,10000,Sell,236087394
2024-08-30 13:40:41,15650.0,100,Sell,236087389
2024-08-30 13:40:41,15650.0,200,Sell,236087403
2024-08-30 13:40:42,15650.0,300,Sell,236087413
2024-08-30 13:40:42,15650.0,2000,Sell,236087414
2024-08-30 13:40:42,15650.0,100,Sell,236087415
2024-08-30 13:40:42,15650.0,1600,Sell,236087416
2024-08-30 13:40:42,15650.0,200,Sell,236087417
2024-08-30 13:40:42,15650.0,2000,Sell,236087418
2024-08-30 13:40:42,15650.0,2400,Sell,236087419
2024-08-30 13:40:47,15650.0,4000,Sell,236087594
2024-08-30 13:40:47,15650.0,100,Sell,236087592
2024-08-30 13:40:47,15650.0,800,Sell,236087591
2024-08-30 13:40:47,15650.0,100,Sell,236087593
2024-08-30 13:40:48,15650.0,300,Sell,236087614
2024-08-30 13:40:48,15650.0,2900,Sell,236087615
2024-08-30 13:40:48,15650.0,1000,Sell,236087613
2024-08-30 13:40:50,15650.0,500,Sell,236087662
2024-08-30 13:40:52,15650.0,600,Sell,236087696
2024-08-30 13:40:53,15650.0,800,Sell,236087726
2024-08-30 13:40:53,15650.0,300,Sell,236087724
2024-08-30 13:40:53,15650.0,700,Sell,236087723
2024-08-30 13:40:53,15650.0,100,Sell,236087722
2024-08-30 13:40:53,15650.0,1100,Sell,236087725
2024-08-30 13:40:53,15650.0,1000,Sell,236087713
2024-08-30 13:40:53,15650.0,300,Sell,236087712
2024-08-30 13:40:53,15650.0,300,Sell,236087711
2024-08-30 13:40:53,15650.0,400,Sell,236087710
2024-08-30 13:40:53,15650.0,1000,Sell,236087721
2024-08-30 13:40:56,15650.0,300,Sell,236087764
2024-08-30 13:40:59,15650.0,100,Sell,236087815
2024-08-30 13:41:02,15650.0,2500,Sell,236087878
2024-08-30 13:41:03,15650.0,5000,Sell,236087892
2024-08-30 13:41:06,15650.0,1000,Sell,236087933
2024-08-30 13:41:07,15650.0,3000,Sell,236087965
2024-08-30 13:41:07,15650.0,1000,Sell,236087968
2024-08-30 13:41:07,15650.0,1000,Sell,236087967
2024-08-30 13:41:07,15650.0,2000,Sell,236087966
2024-08-30 13:41:07,15650.0,100,Sell,236087964
2024-08-30 13:41:07,15650.0,2000,Sell,236087960
2024-08-30 13:41:07,15650.0,5500,Sell,236087962
2024-08-30 13:41:07,15650.0,1000,Sell,236087963
2024-08-30 13:41:07,15650.0,5000,Sell,236087952
2024-08-30 13:41:07,15650.0,400,Sell,236087959
2024-08-30 13:41:07,15650.0,1000,Sell,236087961
2024-08-30 13:41:07,15650.0,8900,Sell,236087958
2024-08-30 13:41:20,15600.0,200,Sell,236088283
2024-08-30 13:41:20,15600.0,2000,Sell,236088284
2024-08-30 13:41:20,15600.0,1800,Sell,236088285
2024-08-30 13:41:20,15600.0,300,Sell,236088286
2024-08-30 13:41:20,15600.0,1000,Sell,236088288
2024-08-30 13:41:20,15600.0,300,Sell,236088289
2024-08-30 13:41:20,15600.0,1400,Sell,236088290
2024-08-30 13:41:20,15600.0,3000,Sell,236088287
2024-08-30 13:41:22,15650.0,5300,Buy,236088322
2024-08-30 13:41:22,15650.0,100,Buy,236088323
2024-08-30 13:41:22,15650.0,1000,Buy,236088324
2024-08-30 13:41:22,15650.0,3200,Buy,236088325
2024-08-30 13:41:37,15650.0,100,Buy,236088604
2024-08-30 13:41:49,15650.0,200,Buy,236088902
2024-08-30 13:41:56,15650.0,200,Buy,236089051
2024-08-30 13:42:01,15650.0,100,Buy,236089268
2024-08-30 13:42:02,15650.0,200,Buy,236089292
2024-08-30 13:42:02,15650.0,1400,Buy,236089291
2024-08-30 13:42:09,15600.0,900,Sell,236089450
2024-08-30 13:42:27,15600.0,500,Sell,236089848
2024-08-30 13:42:35,15600.0,2200,Sell,236090029
2024-08-30 13:42:35,15600.0,2000,Sell,236090030
2024-08-30 13:42:49,15600.0,1000,Sell,236090333
2024-08-30 13:42:55,15600.0,7000,Sell,236090519
2024-08-30 13:42:59,15650.0,600,Buy,236090693
2024-08-30 13:43:06,15600.0,100,Sell,236090822
2024-08-30 13:43:09,15600.0,1000,Sell,236090883
2024-08-30 13:43:15,15650.0,1000,Buy,236091015
2024-08-30 13:43:15,15650.0,100,Buy,236091016
2024-08-30 13:43:46,15650.0,100,Buy,236091611
2024-08-30 13:44:11,15600.0,100,Sell,236092227
2024-08-30 13:44:11,15600.0,900,Sell,236092228
2024-08-30 13:44:17,15650.0,100,Buy,236092349
2024-08-30 13:44:27,15650.0,100,Buy,236092562
2024-08-30 13:44:29,15600.0,2000,Sell,236092610
2024-08-30 13:45:09,15600.0,200,Sell,236093554
2024-08-30 13:45:09,15600.0,2100,Sell,236093552
2024-08-30 13:45:09,15600.0,100,Sell,236093553
2024-08-30 13:45:15,15600.0,1000,Sell,236093696
2024-08-30 13:45:15,15600.0,3200,Sell,236093697
2024-08-30 13:45:16,15600.0,1000,Sell,236093710
2024-08-30 13:45:37,15600.0,5000,Sell,236094085
2024-08-30 13:45:47,15600.0,100,Sell,236094357
2024-08-30 13:46:05,15600.0,5000,Sell,236094761
2024-08-30 13:46:05,15600.0,700,Sell,236094762
2024-08-30 13:46:05,15600.0,100,Sell,236094763
2024-08-30 13:46:05,15600.0,200,Sell,236094764
2024-08-30 13:46:05,15600.0,100,Sell,236094768
2024-08-30 13:46:05,15600.0,100,Sell,236094769
2024-08-30 13:46:05,15600.0,100,Sell,236094770
2024-08-30 13:46:05,15600.0,100,Sell,236094773
2024-08-30 13:46:05,15600.0,1000,Sell,236094772
2024-08-30 13:46:05,15600.0,100,Sell,236094775
2024-08-30 13:46:05,15600.0,3000,Sell,236094760
2024-08-30 13:46:05,15600.0,1000,Sell,236094777
2024-08-30 13:46:05,15600.0,100,Sell,236094778
2024-08-30 13:46:05,15600.0,100,Sell,236094779
2024-08-30 13:46:05,15600.0,200,Sell,236094771
2024-08-30 13:46:05,15600.0,200,Sell,236094759
2024-08-30 13:46:05,15600.0,2000,Sell,236094776
2024-08-30 13:46:05,15600.0,100,Sell,236094757
2024-08-30 13:46:05,15600.0,1000,Sell,236094758
2024-08-30 13:46:05,15600.0,700,Sell,236094741
2024-08-30 13:46:05,15600.0,500,Sell,236094742
2024-08-30 13:46:05,15600.0,12000,Sell,236094743
2024-08-30 13:46:05,15600.0,1000,Sell,236094744
2024-08-30 13:46:05,15600.0,200,Sell,236094745
2024-08-30 13:46:05,15600.0,600,Sell,236094746
2024-08-30 13:46:05,15600.0,200,Sell,236094747
2024-08-30 13:46:05,15600.0,1400,Sell,236094774
2024-08-30 13:46:05,15600.0,100,Sell,236094749
2024-08-30 13:46:05,15600.0,100,Sell,236094750
2024-08-30 13:46:05,15600.0,300,Sell,236094748
2024-08-30 13:46:05,15600.0,100,Sell,236094751
2024-08-30 13:46:05,15600.0,400,Sell,236094752
2024-08-30 13:46:05,15600.0,200,Sell,236094753
2024-08-30 13:46:05,15600.0,3900,Sell,236094754
2024-08-30 13:46:05,15600.0,3000,Sell,236094755
2024-08-30 13:46:05,15600.0,100,Sell,236094756
2024-08-30 13:46:08,15600.0,1800,Sell,236094908
2024-08-30 13:46:08,15600.0,600,Sell,236094905
2024-08-30 13:46:08,15600.0,100,Sell,236094906
2024-08-30 13:46:08,15600.0,1700,Sell,236094907
2024-08-30 13:46:11,15600.0,200,Sell,236094945
2024-08-30 13:46:16,15650.0,100,Buy,236095033
2024-08-30 13:46:22,15600.0,500,Sell,236095144
2024-08-30 13:46:22,15600.0,500,Sell,236095145
2024-08-30 13:46:22,15600.0,100,Sell,236095142
2024-08-30 13:46:22,15600.0,100,Sell,236095143
2024-08-30 13:46:22,15600.0,1000,Sell,236095140
2024-08-30 13:46:22,15600.0,900,Sell,236095133
2024-08-30 13:46:22,15600.0,100,Sell,236095139
2024-08-30 13:46:22,15600.0,100,Sell,236095138
2024-08-30 13:46:22,15600.0,100,Sell,236095141
2024-08-30 13:46:31,15600.0,200,Sell,236095341
2024-08-30 13:46:31,15600.0,1100,Sell,236095342
2024-08-30 13:46:37,15600.0,1900,Sell,236095448
2024-08-30 13:46:37,15600.0,200,Sell,236095449
2024-08-30 13:46:52,15600.0,100,Sell,236095754
2024-08-30 13:47:02,15600.0,4200,Sell,236095944
2024-08-30 13:47:03,15600.0,500,Sell,236095968
2024-08-30 13:47:03,15600.0,800,Sell,236095966
2024-08-30 13:47:03,15600.0,1200,Sell,236095967
2024-08-30 13:47:10,15600.0,100,Sell,236096134
2024-08-30 13:47:10,15600.0,200,Sell,236096135
2024-08-30 13:47:23,15600.0,1000,Sell,236096454
2024-08-30 13:47:30,15600.0,1900,Sell,236096671
2024-08-30 13:47:30,15600.0,200,Sell,236096674
2024-08-30 13:47:30,15600.0,200,Sell,236096673
2024-08-30 13:47:30,15600.0,500,Sell,236096672
2024-08-30 13:47:30,15600.0,700,Sell,236096669
2024-08-30 13:47:30,15600.0,200,Sell,236096670
2024-08-30 13:47:30,15600.0,200,Sell,236096667
2024-08-30 13:47:30,15600.0,500,Sell,236096668
2024-08-30 13:47:30,15600.0,100,Sell,236096666
2024-08-30 13:47:30,15600.0,2000,Sell,236096665
2024-08-30 13:47:30,15600.0,100,Sell,236096664
2024-08-30 13:47:30,15600.0,1700,Sell,236096663
2024-08-30 13:47:30,15600.0,700,Sell,236096662
2024-08-30 13:47:39,15600.0,1800,Sell,236096916
2024-08-30 13:47:39,15600.0,800,Sell,236096917
2024-08-30 13:47:42,15600.0,500,Sell,236097013
2024-08-30 13:47:55,15600.0,500,Sell,236097359
2024-08-30 13:47:55,15600.0,2500,Sell,236097360
2024-08-30 13:47:55,15600.0,1200,Sell,236097361
2024-08-30 13:47:55,15600.0,100,Sell,236097362
2024-08-30 13:47:57,15600.0,100,Sell,236097422
2024-08-30 13:47:57,15600.0,2000,Sell,236097421
2024-08-30 13:47:57,15600.0,100,Sell,236097420
2024-08-30 13:47:57,15600.0,100,Sell,236097419
2024-08-30 13:47:57,15600.0,400,Sell,236097418
2024-08-30 13:48:10,15650.0,100,Buy,236097717
2024-08-30 13:48:11,15600.0,100,Sell,236097773
2024-08-30 13:48:23,15600.0,100,Sell,236098045
2024-08-30 13:48:23,15600.0,2000,Sell,236098044
2024-08-30 13:48:23,15600.0,1000,Sell,236098046
2024-08-30 13:48:23,15600.0,5000,Sell,236098047
2024-08-30 13:48:23,15600.0,5000,Sell,236098049
2024-08-30 13:48:23,15600.0,100,Sell,236098050
2024-08-30 13:48:23,15600.0,2000,Sell,236098051
2024-08-30 13:48:23,15600.0,100,Sell,236098052
2024-08-30 13:48:23,15600.0,100,Sell,236098053
2024-08-30 13:48:23,15600.0,100,Sell,236098054
2024-08-30 13:48:23,15600.0,200,Sell,236098055
2024-08-30 13:48:23,15600.0,1000,Sell,236098066
2024-08-30 13:48:23,15600.0,3000,Sell,236098057
2024-08-30 13:48:23,15600.0,700,Sell,236098058
2024-08-30 13:48:23,15600.0,2000,Sell,236098059
2024-08-30 13:48:23,15600.0,100,Sell,236098060
2024-08-30 13:48:23,15600.0,300,Sell,236098061
2024-08-30 13:48:23,15600.0,2900,Sell,236098062
2024-08-30 13:48:23,15600.0,2000,Sell,236098063
2024-08-30 13:48:23,15600.0,200,Sell,236098064
2024-08-30 13:48:23,15600.0,500,Sell,236098065
2024-08-30 13:48:23,15600.0,1100,Sell,236098067
2024-08-30 13:48:23,15600.0,1000,Sell,236098043
2024-08-30 13:48:23,15600.0,1000,Sell,236098056
2024-08-30 13:48:23,15600.0,100,Sell,236098042
2024-08-30 13:48:23,15600.0,1000,Sell,236098048
2024-08-30 13:48:23,15600.0,100,Sell,236098040
2024-08-30 13:48:23,15600.0,200,Sell,236098017
2024-08-30 13:48:23,15600.0,100,Sell,236098018
2024-08-30 13:48:23,15600.0,100,Sell,236098019
2024-08-30 13:48:23,15600.0,100,Sell,236098020
2024-08-30 13:48:23,15600.0,1000,Sell,236098021
2024-08-30 13:48:23,15600.0,2000,Sell,236098022
2024-08-30 13:48:23,15600.0,2000,Sell,236098023
2024-08-30 13:48:23,15600.0,100,Sell,236098024
2024-08-30 13:48:23,15600.0,1000,Sell,236098025
2024-08-30 13:48:23,15600.0,1000,Sell,236098026
2024-08-30 13:48:23,15600.0,500,Sell,236098027
2024-08-30 13:48:23,15600.0,500,Sell,236098028
2024-08-30 13:48:23,15600.0,100,Sell,236098016
2024-08-30 13:48:23,15600.0,100,Sell,236098030
2024-08-30 13:48:23,15600.0,1000,Sell,236098029
2024-08-30 13:48:23,15600.0,300,Sell,236098039
2024-08-30 13:48:23,15600.0,100,Sell,236098038
2024-08-30 13:48:23,15600.0,400,Sell,236098037
2024-08-30 13:48:23,15600.0,700,Sell,236098036
2024-08-30 13:48:23,15600.0,1000,Sell,236098041
2024-08-30 13:48:23,15600.0,400,Sell,236098015
2024-08-30 13:48:23,15600.0,500,Sell,236098034
2024-08-30 13:48:23,15600.0,500,Sell,236098033
2024-08-30 13:48:23,15600.0,1700,Sell,236098032
2024-08-30 13:48:23,15600.0,200,Sell,236098031
2024-08-30 13:48:23,15600.0,1700,Sell,236098035
2024-08-30 13:48:27,15600.0,900,Sell,236098185
2024-08-30 13:48:27,15600.0,100,Sell,236098186
2024-08-30 13:48:36,15650.0,800,Buy,236098401
2024-08-30 13:48:36,15650.0,200,Buy,236098402
2024-08-30 13:48:37,15600.0,100,Sell,236098439
2024-08-30 13:48:37,15600.0,3200,Sell,236098440
2024-08-30 13:48:48,15600.0,1000,Sell,236098877
2024-08-30 13:48:48,15600.0,500,Sell,236098876
2024-08-30 13:48:48,15600.0,100,Sell,236098875
2024-08-30 13:48:48,15600.0,100,Sell,236098874
2024-08-30 13:48:48,15600.0,500,Sell,236098872
2024-08-30 13:48:48,15600.0,200,Sell,236098873
2024-08-30 13:48:48,15600.0,1800,Sell,236098871
2024-08-30 13:49:29,15600.0,1000,Sell,236099782
2024-08-30 13:49:42,15600.0,3000,Sell,236100150
2024-08-30 13:49:42,15600.0,1200,Sell,236100151
2024-08-30 13:49:46,15600.0,1800,Sell,236100272
2024-08-30 13:49:46,15600.0,5000,Sell,236100273
2024-08-30 13:49:46,15600.0,2000,Sell,236100274
2024-08-30 13:49:46,15600.0,100,Sell,236100275
2024-08-30 13:49:46,15600.0,5100,Sell,236100276
2024-08-30 13:49:50,15650.0,100,Buy,236100406
2024-08-30 13:50:23,15600.0,5000,Sell,236101157
2024-08-30 13:50:27,15650.0,3600,Buy,236101247
2024-08-30 13:50:27,15650.0,100,Buy,236101245
2024-08-30 13:50:27,15650.0,1200,Buy,236101244
2024-08-30 13:50:27,15650.0,100,Buy,236101246
