time,price,volume,match_type,id
2024-08-13 09:14:40,15100.0,44100,ATO/ATC,231071284
2024-08-13 09:14:40,15150.0,100,Buy,231071408
2024-08-13 09:14:41,15100.0,900,Sell,231071416
2024-08-13 09:14:41,15100.0,700,Sell,231071415
2024-08-13 09:14:46,15100.0,400,Sell,231071457
2024-08-13 09:14:49,15100.0,500,Sell,231071512
2024-08-13 09:14:53,15100.0,900,Sell,231071566
2024-08-13 09:14:53,15100.0,100,Sell,231071570
2024-08-13 09:14:53,15100.0,1100,Sell,231071569
2024-08-13 09:14:53,15100.0,6100,Sell,231071565
2024-08-13 09:14:53,15100.0,100,Sell,231071567
2024-08-13 09:14:53,15100.0,500,Sell,231071568
2024-08-13 09:15:04,15100.0,2500,Buy,231071775
2024-08-13 09:15:21,15050.0,600,Sell,231072108
2024-08-13 09:15:21,15050.0,7000,Sell,231072127
2024-08-13 09:15:21,15050.0,3000,Sell,231072126
2024-08-13 09:15:21,15050.0,200,Sell,231072125
2024-08-13 09:15:21,15050.0,300,Sell,231072124
2024-08-13 09:15:21,15050.0,100,Sell,231072123
2024-08-13 09:15:21,15050.0,1000,Sell,231072122
2024-08-13 09:15:21,15050.0,200,Sell,231072120
2024-08-13 09:15:21,15050.0,400,Sell,231072119
2024-08-13 09:15:21,15050.0,100,Sell,231072121
2024-08-13 09:15:21,15050.0,5000,Sell,231072117
2024-08-13 09:15:21,15050.0,100,Sell,231072109
2024-08-13 09:15:21,15050.0,200,Sell,231072118
2024-08-13 09:15:21,15050.0,100,Sell,231072111
2024-08-13 09:15:21,15050.0,500,Sell,231072112
2024-08-13 09:15:21,15050.0,100,Sell,231072110
2024-08-13 09:15:21,15050.0,1000,Sell,231072114
2024-08-13 09:15:21,15050.0,200,Sell,231072115
2024-08-13 09:15:21,15050.0,100,Sell,231072116
2024-08-13 09:15:21,15050.0,1000,Sell,231072113
2024-08-13 09:15:24,15050.0,100,Buy,231072189
2024-08-13 09:15:27,15000.0,1000,Sell,231072239
2024-08-13 09:15:27,15050.0,100,Buy,231072245
2024-08-13 09:15:27,15000.0,1300,Sell,231072242
2024-08-13 09:15:27,15000.0,300,Sell,231072241
2024-08-13 09:15:27,15000.0,100,Sell,231072240
2024-08-13 09:15:27,15000.0,100,Sell,231072238
2024-08-13 09:15:27,15000.0,100,Sell,231072234
2024-08-13 09:15:27,15000.0,1000,Sell,231072236
2024-08-13 09:15:27,15000.0,2200,Sell,231072237
2024-08-13 09:15:27,15000.0,2000,Sell,231072230
2024-08-13 09:15:27,15000.0,100,Sell,231072231
2024-08-13 09:15:27,15000.0,100,Sell,231072233
2024-08-13 09:15:27,15000.0,600,Sell,231072235
2024-08-13 09:15:27,15000.0,100,Sell,231072232
2024-08-13 09:15:45,15050.0,300,Buy,231072614
2024-08-13 09:15:49,15050.0,100,Buy,231072700
2024-08-13 09:16:00,15050.0,100,Buy,231072951
2024-08-13 09:16:10,15000.0,1000,Sell,231073158
2024-08-13 09:16:15,15000.0,3000,Sell,231073284
2024-08-13 09:16:16,15000.0,10000,Sell,231073290
2024-08-13 09:16:20,15000.0,500,Sell,231073378
2024-08-13 09:16:20,15000.0,200,Sell,231073379
2024-08-13 09:16:20,15000.0,600,Sell,231073380
2024-08-13 09:16:20,15000.0,100,Sell,231073381
2024-08-13 09:16:20,15000.0,500,Sell,231073377
2024-08-13 09:16:20,15000.0,100,Sell,231073383
2024-08-13 09:16:20,15000.0,2000,Sell,231073384
2024-08-13 09:16:20,15000.0,7200,Sell,231073386
2024-08-13 09:16:20,15000.0,100,Sell,231073382
2024-08-13 09:16:20,15000.0,500,Sell,231073385
2024-08-13 09:16:20,15000.0,10000,Sell,231073376
2024-08-13 09:16:20,15000.0,400,Sell,231073374
2024-08-13 09:16:20,15000.0,4700,Sell,231073362
2024-08-13 09:16:20,15000.0,100,Sell,231073366
2024-08-13 09:16:20,15000.0,2000,Sell,231073367
2024-08-13 09:16:20,15000.0,500,Sell,231073368
2024-08-13 09:16:20,15000.0,2000,Sell,231073375
2024-08-13 09:16:20,15000.0,500,Sell,231073370
2024-08-13 09:16:20,15000.0,200,Sell,231073371
2024-08-13 09:16:20,15000.0,6600,Sell,231073372
2024-08-13 09:16:20,15000.0,1000,Sell,231073373
2024-08-13 09:16:20,15000.0,200,Sell,231073369
2024-08-13 09:16:30,15000.0,500,Sell,231073577
2024-08-13 09:16:33,15050.0,2400,Buy,231073659
2024-08-13 09:16:33,15000.0,300,Sell,231073663
2024-08-13 09:16:34,15000.0,9600,Sell,231073673
2024-08-13 09:16:34,15000.0,7900,Sell,231073674
2024-08-13 09:16:34,15000.0,500,Sell,231073672
2024-08-13 09:16:34,15000.0,2000,Sell,231073671
2024-08-13 09:16:39,15000.0,1000,Sell,231073782
2024-08-13 09:16:40,15000.0,1100,Sell,231073814
2024-08-13 09:16:40,15000.0,3900,Sell,231073815
2024-08-13 09:16:40,15000.0,5500,Sell,231073820
2024-08-13 09:16:41,15050.0,1900,Buy,231073835
2024-08-13 09:16:48,15000.0,500,Sell,231074002
2024-08-13 09:16:49,15000.0,900,Sell,231074048
2024-08-13 09:16:49,15000.0,100,Sell,231074046
2024-08-13 09:16:49,15000.0,1000,Sell,231074047
2024-08-13 09:17:04,15000.0,100,Sell,231074467
2024-08-13 09:17:11,15000.0,1800,Sell,231074618
2024-08-13 09:17:22,15000.0,2000,Sell,231074966
2024-08-13 09:17:24,15000.0,5200,Sell,231074991
2024-08-13 09:17:24,15000.0,4800,Sell,231074992
2024-08-13 09:17:31,15000.0,5000,Sell,231075128
2024-08-13 09:17:32,15000.0,200,Sell,231075148
2024-08-13 09:17:32,15000.0,300,Sell,231075149
2024-08-13 09:17:32,15000.0,500,Sell,231075150
2024-08-13 09:17:37,15000.0,500,Sell,231075225
2024-08-13 09:17:37,15000.0,2000,Sell,231075226
2024-08-13 09:17:37,15000.0,200,Sell,231075227
2024-08-13 09:17:37,15000.0,4800,Sell,231075228
2024-08-13 09:17:43,15050.0,100,Buy,231075363
2024-08-13 09:17:55,15000.0,500,Sell,231075682
2024-08-13 09:18:16,15000.0,2000,Sell,231076126
2024-08-13 09:18:16,15000.0,10000,Sell,231076127
2024-08-13 09:18:16,15000.0,1000,Sell,231076128
2024-08-13 09:18:16,15000.0,2300,Sell,231076129
2024-08-13 09:18:16,15000.0,4700,Sell,231076125
2024-08-13 09:18:24,15000.0,3100,Sell,231076362
2024-08-13 09:18:32,15000.0,1000,Sell,231076535
2024-08-13 09:18:36,15000.0,1000,Sell,231076645
2024-08-13 09:18:37,15000.0,2600,Sell,231076658
2024-08-13 09:18:37,15000.0,5000,Sell,231076660
2024-08-13 09:18:37,15000.0,200,Sell,231076661
2024-08-13 09:18:37,15000.0,2200,Sell,231076662
2024-08-13 09:18:39,15000.0,1500,Sell,231076715
2024-08-13 09:18:40,15000.0,500,Sell,231076742
2024-08-13 09:18:46,15000.0,1000,Sell,231076862
2024-08-13 09:18:50,15000.0,200,Sell,231076926
2024-08-13 09:19:17,15000.0,1600,Sell,231077471
2024-08-13 09:19:26,15000.0,200,Sell,231077720
2024-08-13 09:19:34,15000.0,100,Sell,231077923
2024-08-13 09:19:37,15000.0,700,Sell,231077987
2024-08-13 09:19:38,15000.0,400,Sell,231077999
2024-08-13 09:19:42,15000.0,1000,Sell,231078077
2024-08-13 09:19:42,15050.0,200,Buy,231078091
2024-08-13 09:19:49,15000.0,10000,Sell,231078240
2024-08-13 09:19:56,15000.0,1000,Sell,231078435
2024-08-13 09:20:02,15000.0,400,Sell,231078570
2024-08-13 09:20:02,15000.0,200,Sell,231078569
2024-08-13 09:20:02,15000.0,500,Sell,231078568
2024-08-13 09:20:02,15000.0,100,Sell,231078567
2024-08-13 09:20:02,15000.0,200,Sell,231078566
2024-08-13 09:20:02,15000.0,200,Sell,231078565
2024-08-13 09:20:02,15000.0,2000,Sell,231078561
2024-08-13 09:20:02,15000.0,100,Sell,231078563
2024-08-13 09:20:02,15000.0,100,Sell,231078562
2024-08-13 09:20:02,15000.0,500,Sell,231078551
2024-08-13 09:20:02,15000.0,3100,Sell,231078550
2024-08-13 09:20:02,15000.0,100,Sell,231078564
2024-08-13 09:20:02,15000.0,1100,Sell,231078560
2024-08-13 09:20:04,15000.0,1400,Sell,231078625
2024-08-13 09:20:04,15000.0,4600,Sell,231078624
2024-08-13 09:20:10,15050.0,100,Buy,231078799
2024-08-13 09:20:11,15000.0,300,Sell,231078828
2024-08-13 09:20:15,15050.0,100,Buy,231078875
2024-08-13 09:20:15,15000.0,100,Sell,231078876
2024-08-13 09:20:17,15000.0,1700,Sell,231078917
2024-08-13 09:20:24,15000.0,6500,Sell,231079110
2024-08-13 09:20:24,15000.0,400,Sell,231079111
2024-08-13 09:20:24,15000.0,100,Sell,231079112
2024-08-13 09:20:24,15000.0,300,Sell,231079113
2024-08-13 09:20:24,15000.0,2700,Sell,231079114
2024-08-13 09:20:29,15000.0,1000,Sell,231079241
2024-08-13 09:20:29,15000.0,300,Sell,231079242
2024-08-13 09:20:29,15000.0,900,Sell,231079239
2024-08-13 09:20:29,15000.0,7300,Sell,231079238
2024-08-13 09:20:29,15000.0,500,Sell,231079240
2024-08-13 09:20:31,15000.0,500,Sell,231079285
2024-08-13 09:20:37,15050.0,100,Buy,231079418
2024-08-13 09:20:37,15000.0,100,Sell,231079420
2024-08-13 09:20:37,15000.0,200,Sell,231079421
2024-08-13 09:20:50,15000.0,1000,Sell,231079728
2024-08-13 09:20:51,15050.0,5400,Buy,231079746
2024-08-13 09:21:04,15000.0,1000,Sell,231079979
2024-08-13 09:21:12,15000.0,1200,Sell,231080205
2024-08-13 09:21:16,15000.0,700,Sell,231080275
2024-08-13 09:21:33,15000.0,300,Sell,231080625
2024-08-13 09:21:33,15000.0,100,Sell,231080623
2024-08-13 09:21:33,15000.0,100,Sell,231080624
2024-08-13 09:21:33,15000.0,300,Sell,231080621
2024-08-13 09:21:33,15000.0,200,Sell,231080620
2024-08-13 09:21:33,15000.0,900,Sell,231080619
2024-08-13 09:21:33,15000.0,100,Sell,231080622
2024-08-13 09:21:35,15000.0,300,Sell,231080654
2024-08-13 09:21:40,15000.0,3000,Sell,231080756
2024-08-13 09:21:49,15000.0,200,Sell,231080994
2024-08-13 09:22:01,15000.0,1000,Sell,231081297
2024-08-13 09:22:03,15000.0,100,Sell,231081336
2024-08-13 09:22:04,15000.0,100,Sell,231081356
2024-08-13 09:22:31,15000.0,5000,Sell,231081984
2024-08-13 09:22:44,15050.0,100,Buy,231082291
2024-08-13 09:23:11,15050.0,100,Buy,231083019
2024-08-13 09:23:12,15000.0,100,Sell,231083043
2024-08-13 09:23:18,15000.0,3100,Sell,231083153
2024-08-13 09:23:27,15000.0,1200,Sell,231083506
2024-08-13 09:23:35,15000.0,300,Sell,231083722
2024-08-13 09:23:51,15000.0,1500,Sell,231084140
2024-08-13 09:24:00,15000.0,1100,Sell,231084438
2024-08-13 09:24:09,15000.0,2000,Sell,231084687
2024-08-13 09:24:21,15000.0,300,Sell,231084994
2024-08-13 09:24:26,15000.0,400,Sell,231085148
2024-08-13 09:24:26,15000.0,100,Sell,231085149
2024-08-13 09:24:26,15000.0,900,Sell,231085150
2024-08-13 09:24:33,15000.0,100,Sell,231085320
2024-08-13 09:24:33,15000.0,100,Sell,231085321
2024-08-13 09:24:41,15000.0,200,Sell,231085511
2024-08-13 09:24:56,15000.0,3100,Sell,231086023
2024-08-13 09:25:02,15000.0,2200,Sell,231086275
2024-08-13 09:25:02,15000.0,9100,Sell,231086274
2024-08-13 09:25:02,15000.0,10000,Sell,231086273
2024-08-13 09:25:02,15000.0,100,Sell,231086269
2024-08-13 09:25:02,15000.0,2000,Sell,231086271
2024-08-13 09:25:02,15000.0,10000,Sell,231086270
2024-08-13 09:25:02,15000.0,6600,Sell,231086268
2024-08-13 09:25:02,15000.0,10000,Sell,231086272
2024-08-13 09:25:08,15050.0,10000,Buy,231086428
2024-08-13 09:25:30,15050.0,7600,Buy,231086970
2024-08-13 09:25:30,15050.0,3100,Buy,231086971
2024-08-13 09:25:33,15050.0,1000,Buy,231087062
2024-08-13 09:25:55,15050.0,5900,Buy,231087630
2024-08-13 09:25:55,15050.0,22000,Buy,231087631
2024-08-13 09:25:55,15050.0,2100,Buy,231087632
2024-08-13 09:25:56,15050.0,1000,Buy,231087649
2024-08-13 09:25:59,15050.0,1600,Buy,231087725
2024-08-13 09:25:59,15050.0,500,Buy,231087723
2024-08-13 09:25:59,15050.0,6900,Buy,231087722
2024-08-13 09:25:59,15050.0,1000,Buy,231087724
2024-08-13 09:26:01,15050.0,100,Buy,231087782
2024-08-13 09:26:01,15050.0,100,Buy,231087780
2024-08-13 09:26:01,15050.0,5000,Buy,231087773
2024-08-13 09:26:01,15050.0,5700,Buy,231087779
2024-08-13 09:26:01,15050.0,20000,Buy,231087778
2024-08-13 09:26:01,15050.0,8000,Buy,231087777
2024-08-13 09:26:01,15050.0,400,Buy,231087776
2024-08-13 09:26:01,15050.0,100,Buy,231087775
2024-08-13 09:26:01,15050.0,15000,Buy,231087774
2024-08-13 09:26:01,15050.0,300,Buy,231087772
2024-08-13 09:26:01,15050.0,400,Buy,231087762
2024-08-13 09:26:01,15050.0,6000,Buy,231087770
2024-08-13 09:26:01,15050.0,3000,Buy,231087771
2024-08-13 09:26:01,15050.0,1600,Buy,231087760
2024-08-13 09:26:01,15050.0,9200,Buy,231087763
2024-08-13 09:26:01,15050.0,500,Buy,231087764
2024-08-13 09:26:01,15050.0,10000,Buy,231087761
2024-08-13 09:26:01,15050.0,100,Buy,231087766
2024-08-13 09:26:01,15050.0,2000,Buy,231087768
2024-08-13 09:26:01,15050.0,500,Buy,231087769
2024-08-13 09:26:01,15050.0,3000,Buy,231087767
2024-08-13 09:26:01,15050.0,7900,Buy,231087765
2024-08-13 09:26:21,15050.0,100,Sell,231088227
2024-08-13 09:26:34,15050.0,1000,Sell,231088560
2024-08-13 09:26:34,15050.0,2000,Sell,231088561
2024-08-13 09:26:34,15050.0,14100,Sell,231088562
2024-08-13 09:26:34,15050.0,800,Sell,231088563
2024-08-13 09:26:34,15050.0,2000,Sell,231088564
2024-08-13 09:26:34,15050.0,100,Sell,231088565
2024-08-13 09:26:34,15050.0,2200,Sell,231088566
2024-08-13 09:26:37,15050.0,32000,Sell,231088647
2024-08-13 09:26:37,15050.0,5000,Sell,231088645
2024-08-13 09:26:37,15050.0,2800,Sell,231088644
2024-08-13 09:26:37,15050.0,200,Sell,231088646
2024-08-13 09:26:45,15100.0,100,Buy,231088880
2024-08-13 09:26:49,15100.0,1600,Buy,231088965
2024-08-13 09:26:49,15100.0,1000,Buy,231088966
2024-08-13 09:26:50,15100.0,20000,Buy,231088984
2024-08-13 09:26:50,15100.0,1200,Buy,231088987
2024-08-13 09:26:50,15100.0,600,Buy,231088983
2024-08-13 09:26:50,15100.0,1000,Buy,231088986
2024-08-13 09:26:50,15100.0,5000,Buy,231088981
2024-08-13 09:26:50,15100.0,20100,Buy,231088982
2024-08-13 09:26:50,15100.0,1000,Buy,231088979
2024-08-13 09:26:50,15100.0,3000,Buy,231088985
2024-08-13 09:26:50,15100.0,3200,Buy,231088980
2024-08-13 09:26:59,15100.0,600,Buy,231089299
2024-08-13 09:27:05,15100.0,200,Buy,231089413
2024-08-13 09:27:05,15100.0,1800,Buy,231089414
2024-08-13 09:27:09,15100.0,200,Buy,231089505
2024-08-13 09:27:11,15100.0,5000,Buy,231089576
2024-08-13 09:27:21,15100.0,400,Buy,231089897
2024-08-13 09:27:29,15050.0,1000,Sell,231090097
2024-08-13 09:27:41,15100.0,100,Buy,231090377
2024-08-13 09:27:49,15100.0,100,Buy,231090515
2024-08-13 09:27:53,15100.0,400,Buy,231090609
2024-08-13 09:27:53,15100.0,2400,Buy,231090607
2024-08-13 09:27:53,15100.0,100,Buy,231090608
2024-08-13 09:28:02,15100.0,300,Buy,231090887
2024-08-13 09:28:02,15100.0,1000,Buy,231090888
2024-08-13 09:28:02,15100.0,300,Buy,231090889
2024-08-13 09:28:02,15100.0,2400,Buy,231090890
2024-08-13 09:28:08,15100.0,200,Buy,231091036
2024-08-13 09:28:08,15050.0,17000,Sell,231091041
2024-08-13 09:28:08,15050.0,40500,Sell,231091042
2024-08-13 09:28:09,15100.0,400,Buy,231091060
2024-08-13 09:28:13,15100.0,100,Buy,231091216
2024-08-13 09:28:22,15100.0,200,Buy,231091453
2024-08-13 09:28:22,15100.0,4100,Buy,231091454
2024-08-13 09:28:22,15100.0,100,Buy,231091455
2024-08-13 09:28:22,15100.0,200,Buy,231091456
2024-08-13 09:28:22,15100.0,500,Buy,231091457
2024-08-13 09:28:22,15100.0,18000,Buy,231091458
2024-08-13 09:28:22,15100.0,6900,Buy,231091452
2024-08-13 09:28:26,15100.0,300,Buy,231091534
2024-08-13 09:28:36,15100.0,200,Buy,231091777
2024-08-13 09:28:36,15100.0,2500,Buy,231091776
2024-08-13 09:28:36,15100.0,100,Buy,231091775
2024-08-13 09:28:36,15100.0,25000,Buy,231091773
2024-08-13 09:28:36,15100.0,200,Buy,231091772
2024-08-13 09:28:36,15100.0,1700,Buy,231091771
2024-08-13 09:28:36,15100.0,300,Buy,231091774
2024-08-13 09:28:38,15100.0,600,Buy,231091864
2024-08-13 09:28:38,15100.0,19400,Buy,231091865
2024-08-13 09:28:40,15100.0,10000,Buy,231091895
2024-08-13 09:28:44,15100.0,5000,Buy,231092061
2024-08-13 09:28:44,15100.0,8900,Buy,231092057
2024-08-13 09:28:44,15100.0,1000,Buy,231092067
2024-08-13 09:28:44,15100.0,3100,Buy,231092055
2024-08-13 09:28:44,15100.0,2000,Buy,231092054
2024-08-13 09:28:44,15100.0,20600,Buy,231092053
2024-08-13 09:28:44,15100.0,400,Buy,231092056
2024-08-13 09:28:46,15100.0,500,Buy,231092092
2024-08-13 09:28:46,15100.0,100,Buy,231092093
2024-08-13 09:28:47,15100.0,600,Buy,231092102
2024-08-13 09:28:47,15100.0,100,Buy,231092109
2024-08-13 09:28:48,15100.0,100,Buy,231092124
2024-08-13 09:28:50,15100.0,200,Buy,231092206
2024-08-13 09:28:50,15100.0,200,Buy,231092207
2024-08-13 09:28:54,15100.0,3000,Buy,231092282
2024-08-13 09:28:55,15100.0,3000,Buy,231092326
2024-08-13 09:28:57,15100.0,15200,Buy,231092393
2024-08-13 09:29:17,15100.0,100,Sell,231092907
2024-08-13 09:29:17,15100.0,3000,Sell,231092918
2024-08-13 09:29:20,15100.0,100,Sell,231092997
2024-08-13 09:29:25,15100.0,5000,Sell,231093093
2024-08-13 09:29:27,15150.0,100,Buy,231093142
2024-08-13 09:30:09,15100.0,200,Sell,231094452
2024-08-13 09:30:12,15150.0,200,Buy,231094534
2024-08-13 09:30:20,15150.0,100,Buy,231094723
2024-08-13 09:30:22,15150.0,100,Buy,231094771
2024-08-13 09:30:22,15150.0,600,Buy,231094772
2024-08-13 09:30:35,15150.0,10000,Buy,231095183
2024-08-13 09:30:40,15150.0,400,Buy,231095314
2024-08-13 09:30:42,15150.0,1400,Buy,231095331
2024-08-13 09:30:57,15150.0,2000,Buy,231095706
2024-08-13 09:30:58,15150.0,1000,Buy,231095742
2024-08-13 09:30:59,15150.0,300,Buy,231095773
2024-08-13 09:31:36,15150.0,200,Buy,231096776
2024-08-13 09:31:44,15100.0,1000,Sell,231096943
2024-08-13 09:31:50,15150.0,700,Buy,231097083
2024-08-13 09:31:55,15150.0,100,Buy,231097263
2024-08-13 09:31:58,15150.0,1000,Buy,231097366
2024-08-13 09:32:02,15150.0,100,Buy,231097534
2024-08-13 09:32:06,15150.0,100,Buy,231097630
2024-08-13 09:32:08,15100.0,400,Sell,231097667
2024-08-13 09:32:08,15100.0,4600,Sell,231097668
2024-08-13 09:32:10,15150.0,200,Buy,231097732
2024-08-13 09:32:15,15150.0,100,Buy,231097819
2024-08-13 09:32:16,15150.0,1500,Buy,231097851
2024-08-13 09:32:25,15100.0,800,Sell,231098020
2024-08-13 09:32:35,15100.0,100,Sell,231098250
2024-08-13 09:32:35,15100.0,4300,Sell,231098251
2024-08-13 09:32:35,15100.0,44600,Sell,231098248
2024-08-13 09:32:35,15100.0,1000,Sell,231098249
2024-08-13 09:33:00,15100.0,2000,Sell,231098893
2024-08-13 09:33:04,15100.0,300,Sell,231099000
2024-08-13 09:33:07,15100.0,3100,Sell,231099080
2024-08-13 09:33:22,15100.0,400,Sell,231099409
2024-08-13 09:33:24,15100.0,300,Sell,231099432
2024-08-13 09:33:25,15100.0,400,Sell,231099469
2024-08-13 09:33:25,15100.0,3000,Sell,231099475
2024-08-13 09:33:25,15100.0,4000,Sell,231099474
2024-08-13 09:33:25,15100.0,100,Sell,231099473
2024-08-13 09:33:25,15100.0,200,Sell,231099472
2024-08-13 09:33:25,15100.0,100,Sell,231099471
2024-08-13 09:33:25,15100.0,200,Sell,231099470
2024-08-13 09:33:25,15100.0,1000,Sell,231099468
2024-08-13 09:33:25,15100.0,400,Sell,231099461
2024-08-13 09:33:25,15100.0,200,Sell,231099466
2024-08-13 09:33:25,15100.0,100,Sell,231099465
2024-08-13 09:33:25,15100.0,2000,Sell,231099464
2024-08-13 09:33:25,15100.0,100,Sell,231099463
2024-08-13 09:33:25,15100.0,2500,Sell,231099462
2024-08-13 09:33:25,15100.0,10000,Sell,231099460
2024-08-13 09:33:25,15100.0,1000,Sell,231099459
2024-08-13 09:33:25,15100.0,39600,Sell,231099458
2024-08-13 09:33:25,15100.0,1000,Sell,231099467
2024-08-13 09:33:46,15050.0,9800,Sell,231099935
2024-08-13 09:33:46,15050.0,100,Sell,231099934
2024-08-13 09:33:46,15050.0,9500,Sell,231099931
2024-08-13 09:33:46,15050.0,400,Sell,231099932
2024-08-13 09:33:46,15050.0,200,Sell,231099933
2024-08-13 09:34:24,15050.0,500,Sell,231100811
2024-08-13 09:34:30,15050.0,111900,Sell,231100949
2024-08-13 09:34:30,15050.0,1000,Sell,231100946
2024-08-13 09:34:30,15050.0,100,Sell,231100948
2024-08-13 09:34:30,15050.0,600,Sell,231100947
2024-08-13 09:34:30,15050.0,100,Sell,231100944
2024-08-13 09:34:30,15050.0,36100,Sell,231100943
2024-08-13 09:34:30,15050.0,200,Sell,231100945
2024-08-13 09:34:33,15050.0,1900,Sell,231101041
2024-08-13 09:34:37,15050.0,38200,Sell,231101138
2024-08-13 09:34:37,15050.0,500,Sell,231101137
2024-08-13 09:34:37,15050.0,100,Sell,231101136
2024-08-13 09:34:37,15050.0,1000,Sell,231101135
2024-08-13 09:34:37,15050.0,100,Sell,231101134
2024-08-13 09:34:37,15050.0,1000,Sell,231101133
2024-08-13 09:34:37,15050.0,500,Sell,231101132
2024-08-13 09:34:37,15050.0,2000,Sell,231101131
2024-08-13 09:34:37,15050.0,15800,Sell,231101129
2024-08-13 09:34:37,15050.0,100,Sell,231101128
2024-08-13 09:34:37,15050.0,200,Sell,231101127
2024-08-13 09:34:37,15050.0,1000,Sell,231101126
2024-08-13 09:34:37,15050.0,300,Sell,231101125
2024-08-13 09:34:37,15050.0,86200,Sell,231101124
2024-08-13 09:34:37,15050.0,3000,Sell,231101130
2024-08-13 09:34:44,15050.0,10000,Sell,231101327
2024-08-13 09:34:45,15050.0,1800,Sell,231101366
2024-08-13 09:34:45,15050.0,1300,Sell,231101367
2024-08-13 09:34:50,15050.0,200,Sell,231101520
2024-08-13 09:34:50,15050.0,5000,Sell,231101521
2024-08-13 09:34:50,15050.0,700,Sell,231101518
2024-08-13 09:34:50,15050.0,100,Sell,231101519
2024-08-13 09:35:14,15000.0,10400,Sell,231102033
2024-08-13 09:35:14,15000.0,100,Sell,231102032
2024-08-13 09:35:14,15000.0,5000,Sell,231102030
2024-08-13 09:35:14,15000.0,100,Sell,231102029
2024-08-13 09:35:14,15000.0,100,Sell,231102028
2024-08-13 09:35:14,15000.0,2500,Sell,231102027
2024-08-13 09:35:14,15000.0,4000,Sell,231102031
2024-08-13 09:35:14,15000.0,100,Sell,231102025
2024-08-13 09:35:14,15000.0,1000,Sell,231102024
2024-08-13 09:35:14,15000.0,100,Sell,231102023
2024-08-13 09:35:14,15000.0,200,Sell,231102022
2024-08-13 09:35:14,15000.0,100,Sell,231102021
2024-08-13 09:35:14,15000.0,100,Sell,231102020
2024-08-13 09:35:14,15000.0,100,Sell,231102019
2024-08-13 09:35:14,15000.0,100,Sell,231102026
2024-08-13 09:35:19,15050.0,400,Buy,231102126
2024-08-13 09:35:27,15050.0,1000,Buy,231102357
2024-08-13 09:35:29,15000.0,300,Sell,231102411
2024-08-13 09:35:30,15050.0,100,Buy,231102431
2024-08-13 09:35:33,15050.0,600,Buy,231102507
2024-08-13 09:35:35,15050.0,3800,Buy,231102582
2024-08-13 09:35:35,15050.0,300,Buy,231102583
2024-08-13 09:35:35,15050.0,1300,Buy,231102584
2024-08-13 09:35:37,15050.0,200,Buy,231102628
2024-08-13 09:35:38,15050.0,400,Buy,231102659
2024-08-13 09:35:40,15050.0,4500,Buy,231102701
2024-08-13 09:35:40,15050.0,2000,Sell,231102712
2024-08-13 09:36:06,15050.0,500,Sell,231103428
2024-08-13 09:36:23,15050.0,3000,Sell,231103843
2024-08-13 09:37:00,15100.0,200,Buy,231104874
2024-08-13 09:37:08,15050.0,1000,Sell,231105018
2024-08-13 09:37:12,15050.0,600,Sell,231105128
2024-08-13 09:37:29,15050.0,1000,Sell,231105550
2024-08-13 09:37:40,15050.0,200,Sell,231105952
2024-08-13 09:37:49,15050.0,100,Sell,231106187
2024-08-13 09:37:52,15050.0,37100,Sell,231106286
2024-08-13 09:37:52,15050.0,200,Sell,231106287
2024-08-13 09:37:52,15050.0,12700,Sell,231106288
2024-08-13 09:37:58,15050.0,11800,Sell,231106427
2024-08-13 09:37:58,15050.0,200,Sell,231106426
2024-08-13 09:37:58,15050.0,200,Sell,231106425
2024-08-13 09:37:58,15050.0,300,Sell,231106423
2024-08-13 09:37:58,15050.0,100,Sell,231106422
2024-08-13 09:37:58,15050.0,7300,Sell,231106421
2024-08-13 09:37:58,15050.0,100,Sell,231106424
2024-08-13 09:38:00,15050.0,3000,Sell,231106475
2024-08-13 09:38:01,15050.0,3100,Sell,231106502
2024-08-13 09:38:12,15050.0,5000,Sell,231106801
2024-08-13 09:38:22,15050.0,2500,Sell,231107039
2024-08-13 09:39:05,15050.0,20000,Sell,231108112
2024-08-13 09:39:08,15050.0,1800,Sell,231108184
2024-08-13 09:39:08,15050.0,3800,Sell,231108178
2024-08-13 09:39:08,15050.0,6200,Sell,231108183
2024-08-13 09:39:08,15050.0,1000,Sell,231108176
2024-08-13 09:39:08,15050.0,4600,Sell,231108175
2024-08-13 09:39:08,15050.0,600,Sell,231108177
2024-08-13 09:39:14,15050.0,20000,Sell,231108360
2024-08-13 09:39:15,15050.0,1600,Sell,231108396
2024-08-13 09:39:17,15050.0,10000,Sell,231108441
2024-08-13 09:39:32,15100.0,5000,Buy,231108801
2024-08-13 09:39:43,15050.0,10000,Sell,231109016
2024-08-13 09:39:52,15050.0,5000,Sell,231109304
2024-08-13 09:40:04,15050.0,100,Sell,231109540
2024-08-13 09:40:04,15050.0,100,Sell,231109541
2024-08-13 09:40:04,15050.0,100,Sell,231109538
2024-08-13 09:40:04,15050.0,1600,Sell,231109537
2024-08-13 09:40:04,15050.0,100,Sell,231109539
2024-08-13 09:40:24,15050.0,100,Sell,231109987
2024-08-13 09:40:24,15050.0,1000,Sell,231109988
2024-08-13 09:40:24,15050.0,100,Sell,231109989
2024-08-13 09:40:24,15050.0,200,Sell,231109990
2024-08-13 09:40:24,15050.0,200,Sell,231109991
2024-08-13 09:40:24,15050.0,200,Sell,231109992
2024-08-13 09:40:24,15050.0,1000,Sell,231109993
2024-08-13 09:40:24,15050.0,100,Sell,231109994
2024-08-13 09:40:24,15050.0,5000,Sell,231109995
2024-08-13 09:40:24,15050.0,100,Sell,231109996
2024-08-13 09:40:24,15050.0,2000,Sell,231109997
2024-08-13 09:41:15,15050.0,1000,Sell,231111051
2024-08-13 09:41:15,15050.0,2900,Sell,231111052
2024-08-13 09:41:15,15050.0,2000,Sell,231111049
2024-08-13 09:41:15,15050.0,100,Sell,231111050
2024-08-13 09:41:17,15050.0,3000,Sell,231111088
2024-08-13 09:41:24,15050.0,1000,Sell,231111343
2024-08-13 09:41:27,15050.0,10000,Sell,231111409
2024-08-13 09:41:31,15050.0,10000,Sell,231111469
2024-08-13 09:41:35,15050.0,800,Sell,231111566
2024-08-13 09:41:42,15050.0,3700,Sell,231111678
2024-08-13 09:41:43,15050.0,1300,Sell,231111720
2024-08-13 09:41:54,15050.0,100,Sell,231111960
2024-08-13 09:42:13,15050.0,1000,Sell,231112349
2024-08-13 09:42:15,15050.0,3000,Sell,231112373
2024-08-13 09:42:55,15050.0,5000,Sell,231113439
2024-08-13 09:42:55,15100.0,300,Buy,231113415
2024-08-13 09:42:55,15050.0,3100,Sell,231113414
2024-08-13 09:42:57,15050.0,1300,Sell,231113488
2024-08-13 09:43:09,15050.0,3800,Sell,231113852
2024-08-13 09:43:09,15050.0,100,Sell,231113853
2024-08-13 09:43:09,15050.0,200,Sell,231113854
2024-08-13 09:43:09,15050.0,7100,Sell,231113855
2024-08-13 09:43:20,15050.0,5000,Sell,231114166
2024-08-13 09:43:21,15050.0,2000,Sell,231114176
2024-08-13 09:43:23,15050.0,800,Sell,231114405
2024-08-13 09:43:37,15050.0,10000,Sell,231114788
2024-08-13 09:44:03,15050.0,100,Sell,231115368
2024-08-13 09:44:03,15050.0,14500,Sell,231115369
2024-08-13 09:44:03,15050.0,300,Sell,231115366
2024-08-13 09:44:03,15050.0,25100,Sell,231115365
2024-08-13 09:44:03,15050.0,10000,Sell,231115367
2024-08-13 09:44:12,15050.0,13000,Sell,231115557
2024-08-13 09:44:27,15050.0,700,Sell,231115893
2024-08-13 09:44:33,15050.0,3100,Sell,231115997
2024-08-13 09:44:48,15100.0,500,Buy,231116377
2024-08-13 09:44:49,15050.0,2300,Sell,231116390
2024-08-13 09:45:05,15050.0,100,Sell,231116780
2024-08-13 09:45:05,15050.0,100,Sell,231116779
2024-08-13 09:45:05,15050.0,100,Sell,231116778
2024-08-13 09:45:05,15050.0,100,Sell,231116777
2024-08-13 09:45:05,15050.0,200,Sell,231116775
2024-08-13 09:45:05,15050.0,200,Sell,231116776
2024-08-13 09:45:05,15050.0,100,Sell,231116773
2024-08-13 09:45:05,15050.0,2600,Sell,231116772
2024-08-13 09:45:05,15050.0,100,Sell,231116771
2024-08-13 09:45:05,15050.0,100,Sell,231116770
2024-08-13 09:45:05,15050.0,16400,Sell,231116769
2024-08-13 09:45:05,15050.0,100,Sell,231116774
2024-08-13 09:45:06,15050.0,4800,Buy,231116806
2024-08-13 09:45:12,15050.0,900,Sell,231116926
2024-08-13 09:45:12,15050.0,100,Sell,231116927
2024-08-13 09:45:12,15050.0,500,Sell,231116928
2024-08-13 09:45:12,15050.0,100,Buy,231116929
2024-08-13 09:45:29,15050.0,500,Buy,231117356
2024-08-13 09:45:32,15050.0,5000,Buy,231117460
2024-08-13 09:46:02,15000.0,300,Sell,231118313
2024-08-13 09:46:11,15000.0,3000,Sell,231118517
2024-08-13 09:46:16,15050.0,200,Buy,231118674
2024-08-13 09:46:30,15050.0,1000,Buy,231119013
2024-08-13 09:46:32,15050.0,1300,Buy,231119052
2024-08-13 09:46:48,15050.0,300,Buy,231119431
2024-08-13 09:46:53,15050.0,400,Buy,231119592
2024-08-13 09:46:53,15050.0,100,Buy,231119591
2024-08-13 09:46:56,15050.0,500,Buy,231119702
2024-08-13 09:47:06,15050.0,1000,Buy,231119926
2024-08-13 09:47:11,15050.0,100,Buy,231120028
2024-08-13 09:47:11,15050.0,400,Buy,231120029
2024-08-13 09:47:11,15050.0,200,Buy,231120030
2024-08-13 09:47:11,15050.0,300,Buy,231120031
2024-08-13 09:47:22,15050.0,500,Buy,231120316
2024-08-13 09:47:45,15050.0,1000,Buy,231120923
2024-08-13 09:47:53,15050.0,1300,Buy,231121135
2024-08-13 09:47:53,15050.0,500,Buy,231121134
2024-08-13 09:47:53,15050.0,3200,Buy,231121133
2024-08-13 09:47:57,15000.0,10000,Sell,231121225
2024-08-13 09:48:05,15050.0,100,Buy,231121419
2024-08-13 09:48:18,15050.0,100,Buy,231121752
2024-08-13 09:48:20,15050.0,100,Buy,231121829
2024-08-13 09:48:23,15050.0,400,Buy,231121892
2024-08-13 09:48:23,15050.0,2000,Buy,231121889
2024-08-13 09:48:23,15050.0,3100,Buy,231121888
2024-08-13 09:48:23,15050.0,6000,Buy,231121887
2024-08-13 09:48:23,15050.0,1000,Buy,231121891
2024-08-13 09:48:23,15050.0,3000,Buy,231121885
2024-08-13 09:48:23,15050.0,1000,Buy,231121886
2024-08-13 09:48:23,15050.0,400,Buy,231121881
2024-08-13 09:48:23,15050.0,100,Buy,231121882
2024-08-13 09:48:23,15050.0,100,Buy,231121890
2024-08-13 09:48:23,15050.0,4900,Buy,231121883
2024-08-13 09:48:23,15050.0,20000,Buy,231121884
2024-08-13 09:48:26,15050.0,8000,Sell,231121961
2024-08-13 09:48:33,15050.0,300,Buy,231122258
2024-08-13 09:48:33,15050.0,200,Buy,231122261
2024-08-13 09:48:37,15050.0,2800,Buy,231122355
2024-08-13 09:48:37,15050.0,8700,Buy,231122356
2024-08-13 09:48:37,15050.0,200,Buy,231122361
2024-08-13 09:48:37,15050.0,1100,Buy,231122362
2024-08-13 09:49:14,15050.0,2500,Sell,231123462
2024-08-13 09:49:27,15050.0,3000,Sell,231123831
2024-08-13 09:49:49,15050.0,200,Sell,231124375
2024-08-13 09:50:12,15050.0,20000,Sell,231124862
2024-08-13 09:50:19,15050.0,700,Sell,231125068
2024-08-13 09:50:33,15050.0,100,Sell,231125526
2024-08-13 09:51:05,15050.0,3100,Sell,231126348
2024-08-13 09:51:12,15050.0,500,Sell,231126531
2024-08-13 09:51:17,15050.0,200,Sell,231126621
2024-08-13 09:51:19,15050.0,100,Sell,231126669
2024-08-13 09:51:46,15050.0,100,Sell,231127310
2024-08-13 09:51:49,15100.0,200,Buy,231127349
2024-08-13 09:52:02,15050.0,500,Sell,231127598
2024-08-13 09:52:40,15050.0,200,Sell,231128342
2024-08-13 09:52:42,15050.0,600,Sell,231128384
2024-08-13 09:52:44,15050.0,3100,Sell,231128441
2024-08-13 09:52:49,15050.0,3300,Sell,231128565
2024-08-13 09:53:44,15050.0,800,Sell,231129956
2024-08-13 09:53:52,15050.0,200,Sell,231130160
2024-08-13 09:54:22,15050.0,1200,Sell,231130718
2024-08-13 09:54:22,15050.0,800,Sell,231130716
2024-08-13 09:54:22,15050.0,1000,Sell,231130717
2024-08-13 09:54:57,15050.0,100,Sell,231131486
2024-08-13 09:55:41,15050.0,1000,Sell,231132363
2024-08-13 09:55:48,15100.0,2000,Buy,231132541
2024-08-13 09:56:19,15100.0,1500,Buy,231133180
2024-08-13 09:56:29,15100.0,500,Buy,231133417
2024-08-13 09:56:32,15050.0,100,Sell,231133496
2024-08-13 09:57:15,15050.0,1000,Sell,231134249
2024-08-13 09:57:38,15050.0,3100,Sell,231134645
2024-08-13 09:58:10,15050.0,1000,Sell,231135256
2024-08-13 09:58:16,15050.0,1200,Sell,231135345
2024-08-13 09:58:19,15050.0,200,Sell,231135424
2024-08-13 09:59:09,15050.0,1100,Sell,231136328
2024-08-13 09:59:09,15050.0,900,Sell,231136329
2024-08-13 09:59:16,15050.0,3000,Sell,231136432
2024-08-13 09:59:28,15050.0,1000,Sell,231136739
2024-08-13 09:59:44,15050.0,5000,Sell,231137086
2024-08-13 10:00:07,15050.0,100,Sell,231137541
2024-08-13 10:00:07,15050.0,100,Sell,231137542
2024-08-13 10:00:07,15050.0,200,Sell,231137543
2024-08-13 10:00:36,15050.0,200,Sell,231137944
2024-08-13 10:00:54,15050.0,300,Sell,231138226
2024-08-13 10:00:54,15050.0,600,Sell,231138225
2024-08-13 10:00:54,15050.0,100,Sell,231138223
2024-08-13 10:00:54,15050.0,100,Sell,231138222
2024-08-13 10:00:54,15050.0,2000,Sell,231138224
2024-08-13 10:00:59,15050.0,100,Sell,231138351
2024-08-13 10:01:13,15050.0,600,Sell,231138600
2024-08-13 10:01:13,15050.0,500,Sell,231138601
2024-08-13 10:01:13,15050.0,1200,Sell,231138602
2024-08-13 10:01:18,15050.0,100,Sell,231138774
2024-08-13 10:01:42,15050.0,3800,Sell,231139296
2024-08-13 10:01:42,15050.0,16200,Sell,231139297
2024-08-13 10:01:45,15050.0,1000,Sell,231139353
2024-08-13 10:01:46,15050.0,1000,Sell,231139364
2024-08-13 10:01:49,15050.0,4200,Sell,231139418
2024-08-13 10:01:52,15050.0,21000,Sell,231139537
2024-08-13 10:02:07,15050.0,900,Sell,231139872
2024-08-13 10:02:12,15100.0,100,Buy,231139973
2024-08-13 10:02:15,15050.0,200,Sell,231140050
2024-08-13 10:02:32,15050.0,3100,Sell,231140499
2024-08-13 10:02:32,15050.0,1000,Sell,231140500
2024-08-13 10:02:53,15050.0,200,Sell,231140944
2024-08-13 10:02:58,15050.0,1200,Sell,231141131
2024-08-13 10:02:58,15050.0,100,Sell,231141132
2024-08-13 10:02:58,15050.0,800,Sell,231141133
2024-08-13 10:02:58,15050.0,4200,Sell,231141134
2024-08-13 10:03:30,15050.0,2500,Sell,231142003
2024-08-13 10:03:30,15050.0,100,Sell,231142002
2024-08-13 10:03:30,15050.0,2600,Sell,231142001
2024-08-13 10:03:30,15050.0,3700,Sell,231141997
2024-08-13 10:03:30,15050.0,2600,Sell,231141999
2024-08-13 10:03:30,15050.0,35800,Sell,231141996
2024-08-13 10:03:30,15050.0,2600,Sell,231142000
2024-08-13 10:03:30,15050.0,100,Sell,231141998
2024-08-13 10:03:35,15050.0,5500,Sell,231142109
2024-08-13 10:03:35,15050.0,18800,Sell,231142130
2024-08-13 10:03:35,15050.0,2000,Sell,231142128
2024-08-13 10:03:35,15050.0,10000,Sell,231142116
2024-08-13 10:03:35,15050.0,100,Sell,231142115
2024-08-13 10:03:35,15050.0,100,Sell,231142129
2024-08-13 10:03:35,15050.0,6000,Sell,231142113
2024-08-13 10:03:35,15050.0,7000,Sell,231142112
2024-08-13 10:03:35,15050.0,100,Sell,231142111
2024-08-13 10:03:35,15050.0,200,Sell,231142110
2024-08-13 10:03:35,15050.0,200,Sell,231142114
2024-08-13 10:03:48,15050.0,2000,Sell,231142424
2024-08-13 10:03:50,15050.0,18800,Sell,231142497
2024-08-13 10:03:55,15050.0,100,Sell,231142604
2024-08-13 10:03:55,15050.0,5100,Sell,231142600
2024-08-13 10:03:55,15050.0,100,Sell,231142601
2024-08-13 10:03:55,15050.0,100,Sell,231142602
2024-08-13 10:03:55,15050.0,200,Sell,231142603
2024-08-13 10:03:55,15050.0,200,Sell,231142605
2024-08-13 10:03:55,15050.0,3000,Sell,231142612
2024-08-13 10:03:55,15050.0,600,Sell,231142607
2024-08-13 10:03:55,15050.0,300,Sell,231142608
2024-08-13 10:03:55,15050.0,100,Sell,231142609
2024-08-13 10:03:55,15050.0,1000,Sell,231142610
2024-08-13 10:03:55,15050.0,700,Sell,231142611
2024-08-13 10:03:55,15050.0,3000,Sell,231142599
2024-08-13 10:03:55,15050.0,1000,Sell,231142613
2024-08-13 10:03:55,15050.0,200,Sell,231142606
2024-08-13 10:03:55,15050.0,1000,Sell,231142598
2024-08-13 10:03:55,15050.0,100,Sell,231142592
2024-08-13 10:03:55,15050.0,5000,Sell,231142596
2024-08-13 10:03:55,15050.0,10400,Sell,231142581
2024-08-13 10:03:55,15050.0,100,Sell,231142582
2024-08-13 10:03:55,15050.0,2000,Sell,231142583
2024-08-13 10:03:55,15050.0,2000,Sell,231142584
2024-08-13 10:03:55,15050.0,100,Sell,231142585
2024-08-13 10:03:55,15050.0,100,Sell,231142586
2024-08-13 10:03:55,15050.0,6000,Sell,231142597
2024-08-13 10:03:55,15050.0,800,Sell,231142587
2024-08-13 10:03:55,15050.0,5000,Sell,231142589
2024-08-13 10:03:55,15050.0,100,Sell,231142591
2024-08-13 10:03:55,15050.0,100,Sell,231142593
2024-08-13 10:03:55,15050.0,500,Sell,231142594
2024-08-13 10:03:55,15050.0,400,Sell,231142595
2024-08-13 10:03:55,15050.0,1000,Sell,231142588
2024-08-13 10:03:55,15050.0,2000,Sell,231142590
2024-08-13 10:04:04,15050.0,100,Buy,231142866
2024-08-13 10:04:31,15000.0,5000,Sell,231143393
2024-08-13 10:04:45,15050.0,200,Buy,231143657
2024-08-13 10:05:00,15050.0,100,Buy,231143953
2024-08-13 10:05:22,15000.0,1000,Sell,231144578
2024-08-13 10:05:36,15050.0,100,Buy,231144814
2024-08-13 10:05:39,15000.0,10400,Sell,231144880
2024-08-13 10:05:39,15000.0,100,Sell,231144879
2024-08-13 10:05:39,15000.0,5000,Sell,231144877
2024-08-13 10:05:39,15000.0,100,Sell,231144876
2024-08-13 10:05:39,15000.0,5000,Sell,231144875
2024-08-13 10:05:39,15000.0,200,Sell,231144874
2024-08-13 10:05:39,15000.0,200,Sell,231144873
2024-08-13 10:05:39,15000.0,400,Sell,231144872
2024-08-13 10:05:39,15000.0,100,Sell,231144871
2024-08-13 10:05:39,15000.0,1000,Sell,231144870
2024-08-13 10:05:39,15000.0,300,Sell,231144869
2024-08-13 10:05:39,15000.0,200,Sell,231144868
2024-08-13 10:05:39,15000.0,1100,Sell,231144878
2024-08-13 10:05:39,15000.0,100,Sell,231144866
2024-08-13 10:05:39,15000.0,200,Sell,231144855
2024-08-13 10:05:39,15000.0,100,Sell,231144856
2024-08-13 10:05:39,15000.0,1000,Sell,231144857
2024-08-13 10:05:39,15000.0,5000,Sell,231144859
2024-08-13 10:05:39,15000.0,300,Sell,231144860
2024-08-13 10:05:39,15000.0,900,Sell,231144858
2024-08-13 10:05:39,15000.0,100,Sell,231144862
2024-08-13 10:05:39,15000.0,200,Sell,231144863
2024-08-13 10:05:39,15000.0,1000,Sell,231144864
2024-08-13 10:05:39,15000.0,300,Sell,231144865
2024-08-13 10:05:39,15000.0,200,Sell,231144861
2024-08-13 10:05:39,15000.0,2000,Sell,231144867
2024-08-13 10:05:48,15000.0,3100,Sell,231145054
2024-08-13 10:06:42,15000.0,3400,Sell,231146228
2024-08-13 10:07:15,15000.0,2500,Sell,231146862
2024-08-13 10:07:26,15000.0,2000,Sell,231147046
2024-08-13 10:07:26,15000.0,200,Sell,231147045
2024-08-13 10:07:26,15000.0,600,Sell,231147043
2024-08-13 10:07:26,15000.0,300,Sell,231147044
2024-08-13 10:07:39,15000.0,100,Sell,231147383
2024-08-13 10:07:39,15000.0,200,Sell,231147384
2024-08-13 10:07:39,15000.0,500,Sell,231147385
2024-08-13 10:07:39,15000.0,100,Sell,231147386
2024-08-13 10:07:39,15000.0,1000,Sell,231147387
2024-08-13 10:07:39,15000.0,100,Sell,231147388
2024-08-13 10:08:03,15000.0,500,Sell,231147830
2024-08-13 10:08:03,15000.0,200,Sell,231147829
2024-08-13 10:08:03,15000.0,5000,Sell,231147827
2024-08-13 10:08:03,15000.0,900,Sell,231147826
2024-08-13 10:08:03,15000.0,500,Sell,231147828
2024-08-13 10:08:09,15050.0,200,Buy,231147916
2024-08-13 10:08:39,15000.0,200,Sell,231148649
2024-08-13 10:09:04,15000.0,200,Sell,231149148
2024-08-13 10:09:04,15000.0,700,Sell,231149146
2024-08-13 10:09:04,15000.0,500,Sell,231149147
2024-08-13 10:09:04,15000.0,100,Sell,231149144
2024-08-13 10:09:04,15000.0,1300,Sell,231149142
2024-08-13 10:09:04,15000.0,100,Sell,231149145
2024-08-13 10:09:04,15000.0,100,Sell,231149143
2024-08-13 10:09:19,15000.0,100,Sell,231149501
2024-08-13 10:09:29,15000.0,400,Sell,231149770
2024-08-13 10:09:29,15000.0,9600,Sell,231149771
2024-08-13 10:09:41,15000.0,1000,Sell,231150137
2024-08-13 10:10:08,15000.0,2400,Sell,231150924
2024-08-13 10:10:18,15000.0,600,Sell,231151198
2024-08-13 10:10:27,15050.0,100,Buy,231151502
2024-08-13 10:10:50,15050.0,1500,Buy,231152189
2024-08-13 10:10:54,15050.0,2600,Buy,231152316
2024-08-13 10:11:07,15050.0,300,Buy,231152551
2024-08-13 10:11:27,15050.0,200,Buy,231152961
2024-08-13 10:11:29,15050.0,1500,Buy,231152992
2024-08-13 10:11:47,15000.0,3000,Sell,231153350
2024-08-13 10:12:20,15000.0,3100,Sell,231153989
2024-08-13 10:12:27,15050.0,200,Buy,231154147
2024-08-13 10:12:32,15000.0,200,Sell,231154258
2024-08-13 10:13:24,15000.0,100,Sell,231155253
2024-08-13 10:13:26,15000.0,400,Sell,231155274
2024-08-13 10:13:42,15000.0,100,Sell,231155543
2024-08-13 10:13:58,15000.0,3000,Sell,231155846
2024-08-13 10:14:14,15000.0,2000,Sell,231156098
2024-08-13 10:14:21,15000.0,2000,Sell,231156197
2024-08-13 10:14:38,15000.0,4500,Sell,231156584
2024-08-13 10:15:03,15000.0,100,Sell,231157110
2024-08-13 10:15:20,15000.0,5000,Sell,231157476
2024-08-13 10:15:36,15000.0,3100,Sell,231157758
2024-08-13 10:15:46,15000.0,5000,Sell,231158012
2024-08-13 10:16:12,15000.0,400,Sell,231158490
2024-08-13 10:16:20,15000.0,4400,Sell,231158626
2024-08-13 10:16:20,15000.0,100,Sell,231158627
2024-08-13 10:16:20,15000.0,100,Sell,231158628
2024-08-13 10:16:20,15000.0,200,Sell,231158629
2024-08-13 10:16:20,15000.0,200,Sell,231158630
2024-08-13 10:16:20,15000.0,10000,Sell,231158631
2024-08-13 10:16:20,15000.0,1000,Sell,231158632
2024-08-13 10:16:20,15000.0,100,Sell,231158633
2024-08-13 10:16:20,15000.0,1900,Sell,231158634
2024-08-13 10:16:21,15050.0,100,Buy,231158659
2024-08-13 10:16:43,15000.0,200,Sell,231159017
2024-08-13 10:16:43,15000.0,600,Sell,231159018
2024-08-13 10:16:43,15000.0,1000,Sell,231159015
2024-08-13 10:16:43,15000.0,3100,Sell,231159014
2024-08-13 10:16:43,15000.0,100,Sell,231159016
2024-08-13 10:16:45,15000.0,200,Sell,231159056
2024-08-13 10:17:03,15000.0,1200,Sell,231159400
2024-08-13 10:17:03,15000.0,3800,Sell,231159401
2024-08-13 10:17:14,15000.0,3000,Sell,231159611
2024-08-13 10:17:20,15000.0,49900,Sell,231159794
2024-08-13 10:17:20,15000.0,2000,Sell,231159793
2024-08-13 10:17:20,15000.0,300,Sell,231159792
2024-08-13 10:17:20,15000.0,1000,Sell,231159791
2024-08-13 10:17:20,15000.0,500,Sell,231159787
2024-08-13 10:17:20,15000.0,1000,Sell,231159790
2024-08-13 10:17:20,15000.0,100,Sell,231159789
2024-08-13 10:17:20,15000.0,1000,Sell,231159788
2024-08-13 10:17:20,15000.0,1000,Sell,231159786
2024-08-13 10:17:20,15000.0,5000,Sell,231159780
2024-08-13 10:17:20,15000.0,200,Sell,231159784
2024-08-13 10:17:20,15000.0,33200,Sell,231159776
2024-08-13 10:17:20,15000.0,1000,Sell,231159777
2024-08-13 10:17:20,15000.0,1000,Sell,231159778
2024-08-13 10:17:20,15000.0,100,Sell,231159785
2024-08-13 10:17:20,15000.0,100,Sell,231159781
2024-08-13 10:17:20,15000.0,1000,Sell,231159782
2024-08-13 10:17:20,15000.0,300,Sell,231159783
2024-08-13 10:17:20,15000.0,1300,Sell,231159779
2024-08-13 10:17:25,15000.0,200,Sell,231159914
2024-08-13 10:17:25,15000.0,100,Sell,231159913
2024-08-13 10:17:25,15000.0,200,Sell,231159912
2024-08-13 10:17:25,15000.0,100,Sell,231159911
2024-08-13 10:17:25,15000.0,1000,Sell,231159910
2024-08-13 10:17:25,15000.0,100,Sell,231159909
2024-08-13 10:17:25,15000.0,100,Sell,231159907
2024-08-13 10:17:25,15000.0,2000,Sell,231159906
2024-08-13 10:17:25,15000.0,5000,Sell,231159904
2024-08-13 10:17:25,15000.0,100,Sell,231159903
2024-08-13 10:17:25,15000.0,100,Sell,231159896
2024-08-13 10:17:25,15000.0,5000,Sell,231159908
2024-08-13 10:17:25,15000.0,1000,Sell,231159905
2024-08-13 10:17:36,15000.0,300,Sell,231160031
2024-08-13 10:17:36,15000.0,200,Sell,231160030
2024-08-13 10:17:36,15000.0,300,Sell,231160028
2024-08-13 10:17:36,15000.0,500,Sell,231160029
2024-08-13 10:17:38,15000.0,100,Sell,231160089
2024-08-13 10:18:13,15000.0,600,Sell,231160757
2024-08-13 10:18:13,15000.0,400,Sell,231160758
2024-08-13 10:18:14,15000.0,100,Sell,231160796
2024-08-13 10:18:14,15000.0,100,Sell,231160797
2024-08-13 10:18:14,15000.0,1800,Sell,231160798
2024-08-13 10:18:14,15000.0,500,Sell,231160799
2024-08-13 10:18:14,15000.0,500,Sell,231160795
2024-08-13 10:18:14,15000.0,100,Sell,231160802
2024-08-13 10:18:14,15000.0,100,Sell,231160803
2024-08-13 10:18:14,15000.0,2000,Sell,231160804
2024-08-13 10:18:14,15000.0,100,Sell,231160807
2024-08-13 10:18:14,15000.0,1000,Sell,231160806
2024-08-13 10:18:14,15000.0,100,Sell,231160808
2024-08-13 10:18:14,15000.0,200,Sell,231160809
2024-08-13 10:18:14,15000.0,500,Sell,231160810
2024-08-13 10:18:14,15000.0,400,Sell,231160811
2024-08-13 10:18:14,15000.0,2000,Sell,231160812
2024-08-13 10:18:14,15000.0,5000,Sell,231160813
2024-08-13 10:18:14,15000.0,100,Sell,231160814
2024-08-13 10:18:14,15000.0,200,Sell,231160805
2024-08-13 10:18:14,15000.0,600,Sell,231160794
2024-08-13 10:18:14,15000.0,10000,Sell,231160801
2024-08-13 10:18:14,15000.0,500,Sell,231160792
2024-08-13 10:18:14,15000.0,500,Sell,231160793
2024-08-13 10:18:14,15000.0,200,Sell,231160773
2024-08-13 10:18:14,15000.0,2000,Sell,231160774
2024-08-13 10:18:14,15000.0,100,Sell,231160775
2024-08-13 10:18:14,15000.0,200,Sell,231160776
2024-08-13 10:18:14,15000.0,100,Sell,231160777
2024-08-13 10:18:14,15000.0,1000,Sell,231160778
2024-08-13 10:18:14,15000.0,100,Sell,231160779
2024-08-13 10:18:14,15000.0,8000,Sell,231160780
2024-08-13 10:18:14,15000.0,100,Sell,231160781
2024-08-13 10:18:14,15000.0,500,Sell,231160800
2024-08-13 10:18:14,15000.0,100,Sell,231160783
2024-08-13 10:18:14,15000.0,100,Sell,231160790
2024-08-13 10:18:14,15000.0,3500,Sell,231160789
2024-08-13 10:18:14,15000.0,2000,Sell,231160788
2024-08-13 10:18:14,15000.0,100,Sell,231160787
2024-08-13 10:18:14,15000.0,1000,Sell,231160791
2024-08-13 10:18:14,15000.0,1000,Sell,231160786
2024-08-13 10:18:14,15000.0,100,Sell,231160784
2024-08-13 10:18:14,15000.0,100,Sell,231160782
2024-08-13 10:18:14,15000.0,300,Sell,231160785
2024-08-13 10:18:17,15000.0,200,Sell,231160879
2024-08-13 10:18:17,15000.0,100,Sell,231160880
2024-08-13 10:18:17,15000.0,100,Sell,231160881
2024-08-13 10:18:17,15000.0,100,Sell,231160882
2024-08-13 10:18:17,15000.0,200,Sell,231160883
2024-08-13 10:18:17,15000.0,100,Sell,231160884
2024-08-13 10:18:17,15000.0,500,Sell,231160885
2024-08-13 10:18:17,15000.0,100,Sell,231160886
2024-08-13 10:18:17,15000.0,1000,Sell,231160887
2024-08-13 10:18:17,15000.0,1000,Sell,231160888
2024-08-13 10:18:17,15000.0,2000,Sell,231160889
2024-08-13 10:18:17,15000.0,2100,Sell,231160890
2024-08-13 10:18:18,15000.0,1000,Sell,231160897
2024-08-13 10:18:19,15000.0,100,Sell,231160917
2024-08-13 10:18:21,15000.0,9600,Sell,231160977
2024-08-13 10:18:21,15000.0,2000,Sell,231160976
2024-08-13 10:18:21,15000.0,200,Sell,231160975
2024-08-13 10:18:21,15000.0,900,Sell,231160974
2024-08-13 10:18:21,15000.0,200,Sell,231160973
2024-08-13 10:18:21,15000.0,400,Sell,231160972
2024-08-13 10:18:21,15000.0,1500,Sell,231160971
2024-08-13 10:18:21,15000.0,100,Sell,231160968
2024-08-13 10:18:21,15000.0,100,Sell,231160970
2024-08-13 10:18:21,15000.0,100,Sell,231160969
2024-08-13 10:18:21,15000.0,400,Sell,231160967
2024-08-13 10:18:21,15000.0,100,Sell,231160961
2024-08-13 10:18:21,15000.0,100,Sell,231160965
2024-08-13 10:18:21,15000.0,100,Sell,231160964
2024-08-13 10:18:21,15000.0,100,Sell,231160963
2024-08-13 10:18:21,15000.0,100,Sell,231160962
2024-08-13 10:18:21,15000.0,1000,Sell,231160960
2024-08-13 10:18:21,15000.0,100,Sell,231160958
2024-08-13 10:18:21,15000.0,100,Sell,231160957
2024-08-13 10:18:21,15000.0,100,Sell,231160956
2024-08-13 10:18:21,15000.0,100,Sell,231160955
2024-08-13 10:18:21,15000.0,1800,Sell,231160954
2024-08-13 10:18:21,15000.0,500,Sell,231160966
2024-08-13 10:18:21,15000.0,300,Sell,231160959
2024-08-13 10:18:35,15000.0,5000,Sell,231161304
2024-08-13 10:18:36,15000.0,1000,Sell,231161313
2024-08-13 10:18:36,15000.0,400,Sell,231161311
2024-08-13 10:18:36,15000.0,100,Sell,231161312
2024-08-13 10:18:38,15000.0,100,Buy,231161378
2024-08-13 10:18:43,15000.0,500,Buy,231161471
2024-08-13 10:18:47,15000.0,100,Buy,231161578
2024-08-13 10:18:48,15000.0,1000,Buy,231161608
2024-08-13 10:18:53,15000.0,400,Buy,231161696
2024-08-13 10:19:13,15000.0,500,Buy,231162098
2024-08-13 10:19:32,15000.0,500,Buy,231162399
2024-08-13 10:19:37,15000.0,100,Buy,231162490
2024-08-13 10:19:43,15000.0,3000,Buy,231162608
2024-08-13 10:20:03,15000.0,100,Buy,231162946
2024-08-13 10:20:13,15000.0,100,Buy,231163065
2024-08-13 10:20:20,15000.0,100,Buy,231163241
2024-08-13 10:20:22,15000.0,200,Buy,231163265
2024-08-13 10:20:24,15000.0,100,Buy,231163284
2024-08-13 10:20:39,15000.0,1000,Buy,231163570
2024-08-13 10:21:08,15000.0,300,Buy,231164130
2024-08-13 10:21:16,15000.0,100,Buy,231164264
2024-08-13 10:21:24,15000.0,600,Buy,231164430
2024-08-13 10:21:30,14950.0,500,Sell,231164547
2024-08-13 10:21:31,14950.0,700,Sell,231164555
2024-08-13 10:21:31,14950.0,200,Sell,231164578
2024-08-13 10:21:33,15000.0,200,Buy,231164593
2024-08-13 10:21:42,15000.0,100,Buy,231164777
2024-08-13 10:22:02,15000.0,1000,Buy,231165013
2024-08-13 10:22:15,15000.0,1000,Buy,231165274
2024-08-13 10:22:16,15000.0,100,Buy,231165287
2024-08-13 10:22:30,15000.0,200,Buy,231165508
2024-08-13 10:22:49,15000.0,100,Buy,231165748
2024-08-13 10:23:06,15000.0,200,Buy,231165975
2024-08-13 10:23:12,15000.0,400,Buy,231166052
2024-08-13 10:23:25,15000.0,500,Buy,231166195
2024-08-13 10:23:54,15000.0,600,Buy,231166595
2024-08-13 10:23:58,15000.0,200,Buy,231166661
2024-08-13 10:24:09,15000.0,20000,Buy,231166792
2024-08-13 10:24:23,15000.0,3000,Buy,231166909
2024-08-13 10:24:32,15000.0,100,Buy,231167029
2024-08-13 10:24:35,15000.0,5700,Buy,231167085
2024-08-13 10:24:36,15000.0,1000,Buy,231167106
2024-08-13 10:24:43,15000.0,500,Buy,231167205
2024-08-13 10:24:45,15000.0,300,Buy,231167234
2024-08-13 10:24:54,15000.0,5400,Buy,231167336
2024-08-13 10:25:00,14950.0,100,Sell,231167423
2024-08-13 10:25:20,15000.0,5000,Buy,231167710
2024-08-13 10:25:23,14950.0,300,Sell,231167755
2024-08-13 10:25:23,14950.0,500,Sell,231167756
2024-08-13 10:25:23,14950.0,100,Sell,231167754
2024-08-13 10:25:23,14950.0,9100,Sell,231167757
2024-08-13 10:25:23,14950.0,100,Sell,231167752
2024-08-13 10:25:23,14950.0,1400,Sell,231167749
2024-08-13 10:25:23,14950.0,1000,Sell,231167753
2024-08-13 10:25:23,14950.0,200,Sell,231167751
2024-08-13 10:25:23,14950.0,1500,Sell,231167750
2024-08-13 10:25:25,14950.0,300,Sell,231167786
2024-08-13 10:25:25,14950.0,700,Sell,231167785
2024-08-13 10:25:25,14950.0,400,Sell,231167787
2024-08-13 10:25:25,14950.0,100,Sell,231167783
2024-08-13 10:25:25,14950.0,500,Sell,231167782
2024-08-13 10:25:25,14950.0,900,Sell,231167781
2024-08-13 10:25:25,14950.0,200,Sell,231167784
2024-08-13 10:25:41,14950.0,100,Sell,231168007
2024-08-13 10:25:51,15000.0,200,Buy,231168263
2024-08-13 10:26:12,15000.0,100,Buy,231168646
2024-08-13 10:26:16,15000.0,1000,Buy,231168694
2024-08-13 10:26:20,15000.0,1000,Buy,231168766
2024-08-13 10:26:26,15000.0,1000,Buy,231168838
2024-08-13 10:26:33,15000.0,1000,Buy,231168956
2024-08-13 10:26:33,15000.0,2000,Buy,231168959
2024-08-13 10:26:34,15000.0,400,Buy,231168977
2024-08-13 10:26:54,14950.0,1300,Sell,231169296
2024-08-13 10:27:03,14950.0,2800,Sell,231169404
2024-08-13 10:27:03,14950.0,200,Sell,231169403
2024-08-13 10:27:23,14950.0,300,Sell,231169716
2024-08-13 10:27:26,14950.0,100,Sell,231169842
2024-08-13 10:27:40,14950.0,46800,Sell,231170096
2024-08-13 10:27:40,14950.0,1000,Sell,231170097
2024-08-13 10:27:40,14950.0,2200,Sell,231170098
2024-08-13 10:27:47,14950.0,300,Sell,231170295
2024-08-13 10:27:47,14950.0,3000,Sell,231170296
2024-08-13 10:27:47,14950.0,100,Sell,231170297
2024-08-13 10:27:47,14950.0,500,Sell,231170299
2024-08-13 10:27:47,14950.0,100,Sell,231170300
2024-08-13 10:27:47,14950.0,100,Sell,231170301
2024-08-13 10:27:47,14950.0,5000,Sell,231170304
2024-08-13 10:27:47,14950.0,100,Sell,231170303
2024-08-13 10:27:47,14950.0,1000,Sell,231170294
2024-08-13 10:27:47,14950.0,1000,Sell,231170305
2024-08-13 10:27:47,14950.0,100,Sell,231170306
2024-08-13 10:27:47,14950.0,10000,Sell,231170307
2024-08-13 10:27:47,14950.0,100,Sell,231170308
2024-08-13 10:27:47,14950.0,800,Sell,231170309
2024-08-13 10:27:47,14950.0,100,Sell,231170302
2024-08-13 10:27:47,14950.0,1000,Sell,231170293
2024-08-13 10:27:47,14950.0,100,Sell,231170298
2024-08-13 10:27:47,14950.0,5000,Sell,231170291
2024-08-13 10:27:47,14950.0,100,Sell,231170292
2024-08-13 10:27:47,14950.0,2800,Sell,231170276
2024-08-13 10:27:47,14950.0,100,Sell,231170277
2024-08-13 10:27:47,14950.0,1000,Sell,231170278
2024-08-13 10:27:47,14950.0,100,Sell,231170279
2024-08-13 10:27:47,14950.0,100,Sell,231170281
2024-08-13 10:27:47,14950.0,100,Sell,231170282
2024-08-13 10:27:47,14950.0,1000,Sell,231170280
2024-08-13 10:27:47,14950.0,500,Sell,231170284
2024-08-13 10:27:47,14950.0,1000,Sell,231170285
2024-08-13 10:27:47,14950.0,200,Sell,231170286
2024-08-13 10:27:47,14950.0,1000,Sell,231170287
2024-08-13 10:27:47,14950.0,500,Sell,231170288
2024-08-13 10:27:47,14950.0,100,Sell,231170289
2024-08-13 10:27:47,14950.0,100,Sell,231170290
2024-08-13 10:27:47,14950.0,500,Sell,231170283
2024-08-13 10:27:48,14950.0,200,Sell,231170353
2024-08-13 10:27:48,14950.0,300,Sell,231170354
2024-08-13 10:27:56,14950.0,100,Sell,231170494
2024-08-13 10:28:07,14950.0,100,Sell,231170687
2024-08-13 10:28:07,14950.0,300,Sell,231170690
2024-08-13 10:28:07,14950.0,1500,Sell,231170689
2024-08-13 10:28:07,14950.0,500,Sell,231170686
2024-08-13 10:28:07,14950.0,100,Sell,231170688
2024-08-13 10:28:07,14950.0,1000,Sell,231170684
2024-08-13 10:28:07,14950.0,100,Sell,231170683
2024-08-13 10:28:07,14950.0,100,Sell,231170682
2024-08-13 10:28:07,14950.0,1000,Sell,231170681
2024-08-13 10:28:07,14950.0,200,Sell,231170680
2024-08-13 10:28:07,14950.0,100,Sell,231170685
2024-08-13 10:28:09,14950.0,100,Sell,231170746
2024-08-13 10:28:09,14950.0,100,Sell,231170745
2024-08-13 10:28:09,14950.0,1700,Sell,231170744
2024-08-13 10:28:09,14950.0,5000,Sell,231170743
2024-08-13 10:28:09,14950.0,1100,Sell,231170741
2024-08-13 10:28:09,14950.0,1000,Sell,231170747
2024-08-13 10:28:09,14950.0,100,Sell,231170740
2024-08-13 10:28:09,14950.0,500,Sell,231170739
2024-08-13 10:28:09,14950.0,3000,Sell,231170738
2024-08-13 10:28:09,14950.0,500,Sell,231170742
2024-08-13 10:28:09,14950.0,1000,Sell,231170748
2024-08-13 10:28:09,14950.0,100,Sell,231170751
2024-08-13 10:28:09,14950.0,300,Sell,231170750
2024-08-13 10:28:09,14950.0,100,Sell,231170753
2024-08-13 10:28:09,14950.0,100,Sell,231170754
2024-08-13 10:28:09,14950.0,500,Sell,231170737
2024-08-13 10:28:09,14950.0,100,Sell,231170756
2024-08-13 10:28:09,14950.0,300,Sell,231170757
2024-08-13 10:28:09,14950.0,1000,Sell,231170758
2024-08-13 10:28:09,14950.0,200,Sell,231170759
2024-08-13 10:28:09,14950.0,500,Sell,231170760
2024-08-13 10:28:09,14950.0,2000,Buy,231170761
2024-08-13 10:28:09,14950.0,500,Sell,231170749
2024-08-13 10:28:09,14950.0,200,Sell,231170736
2024-08-13 10:28:09,14950.0,1000,Sell,231170755
2024-08-13 10:28:09,14950.0,5000,Sell,231170734
2024-08-13 10:28:09,14950.0,100,Sell,231170735
2024-08-13 10:28:09,14950.0,4700,Sell,231170711
2024-08-13 10:28:09,14950.0,200,Sell,231170712
2024-08-13 10:28:09,14950.0,200,Sell,231170713
2024-08-13 10:28:09,14950.0,1500,Sell,231170714
2024-08-13 10:28:09,14950.0,200,Sell,231170715
2024-08-13 10:28:09,14950.0,200,Sell,231170716
2024-08-13 10:28:09,14950.0,100,Sell,231170717
2024-08-13 10:28:09,14950.0,100,Sell,231170718
2024-08-13 10:28:09,14950.0,200,Sell,231170719
2024-08-13 10:28:09,14950.0,100,Sell,231170720
2024-08-13 10:28:09,14950.0,100,Sell,231170721
2024-08-13 10:28:09,14950.0,100,Sell,231170752
2024-08-13 10:28:09,14950.0,800,Sell,231170723
2024-08-13 10:28:09,14950.0,2600,Sell,231170732
2024-08-13 10:28:09,14950.0,100,Sell,231170731
2024-08-13 10:28:09,14950.0,500,Sell,231170730
2024-08-13 10:28:09,14950.0,100,Sell,231170729
2024-08-13 10:28:09,14950.0,5000,Sell,231170728
2024-08-13 10:28:09,14950.0,1000,Sell,231170733
2024-08-13 10:28:09,14950.0,200,Sell,231170726
2024-08-13 10:28:09,14950.0,1000,Sell,231170725
2024-08-13 10:28:09,14950.0,2000,Sell,231170724
2024-08-13 10:28:09,14950.0,2000,Sell,231170722
2024-08-13 10:28:09,14950.0,100,Sell,231170727
2024-08-13 10:28:11,14950.0,800,Buy,231170792
2024-08-13 10:28:11,14950.0,1500,Buy,231170793
2024-08-13 10:28:14,14950.0,5700,Sell,231170821
2024-08-13 10:28:19,14950.0,500,Buy,231170875
2024-08-13 10:28:22,14950.0,3800,Buy,231170929
2024-08-13 10:28:22,14950.0,1200,Buy,231170930
2024-08-13 10:28:24,14950.0,400,Buy,231170953
2024-08-13 10:28:24,14950.0,2400,Buy,231170955
2024-08-13 10:28:41,14950.0,3100,Sell,231171131
2024-08-13 10:28:47,14950.0,500,Sell,231171209
2024-08-13 10:28:52,14950.0,500,Sell,231171308
2024-08-13 10:29:08,14950.0,700,Sell,231171557
2024-08-13 10:29:10,14950.0,21400,Sell,231171656
2024-08-13 10:29:10,14950.0,1600,Sell,231171654
2024-08-13 10:29:10,14950.0,2000,Sell,231171655
2024-08-13 10:29:14,14950.0,25000,Sell,231171746
2024-08-13 10:29:16,14950.0,100,Sell,231171788
2024-08-13 10:29:16,14950.0,2000,Sell,231171786
2024-08-13 10:29:16,14950.0,1000,Sell,231171785
2024-08-13 10:29:16,14950.0,200,Sell,231171784
2024-08-13 10:29:16,14950.0,1000,Sell,231171787
2024-08-13 10:29:16,14950.0,1000,Sell,231171782
2024-08-13 10:29:16,14950.0,100,Sell,231171781
2024-08-13 10:29:16,14950.0,500,Sell,231171780
2024-08-13 10:29:16,14950.0,500,Sell,231171779
2024-08-13 10:29:16,14950.0,1000,Sell,231171783
2024-08-13 10:29:16,14950.0,4300,Sell,231171778
2024-08-13 10:29:21,14950.0,10000,Buy,231171843
2024-08-13 10:29:27,14950.0,500,Buy,231171920
2024-08-13 10:29:29,14950.0,100,Buy,231171942
2024-08-13 10:29:44,14950.0,1500,Buy,231172176
2024-08-13 10:29:47,14950.0,100,Buy,231172243
2024-08-13 10:30:02,14950.0,100,Buy,231172463
2024-08-13 10:30:03,14950.0,500,Buy,231172495
2024-08-13 10:30:06,14950.0,200,Buy,231172523
2024-08-13 10:30:16,14950.0,200,Buy,231172634
2024-08-13 10:30:17,14950.0,100,Buy,231172640
2024-08-13 10:30:22,14950.0,1000,Buy,231172715
2024-08-13 10:30:31,14950.0,200,Buy,231172834
2024-08-13 10:30:37,14950.0,500,Buy,231172928
2024-08-13 10:30:49,14950.0,100,Buy,231173060
2024-08-13 10:30:52,14950.0,1000,Buy,231173099
2024-08-13 10:30:55,14900.0,100,Sell,231173155
2024-08-13 10:30:55,14900.0,2000,Sell,231173156
2024-08-13 10:30:55,14900.0,300,Sell,231173157
2024-08-13 10:30:55,14900.0,100,Sell,231173158
2024-08-13 10:30:55,14900.0,1000,Sell,231173159
2024-08-13 10:30:55,14900.0,200,Sell,231173160
2024-08-13 10:30:55,14900.0,2300,Sell,231173161
2024-08-13 10:30:56,14900.0,5000,Sell,231173164
2024-08-13 10:31:05,14900.0,500,Sell,231173322
2024-08-13 10:31:05,14900.0,1500,Sell,231173321
2024-08-13 10:31:10,14900.0,300,Sell,231173393
2024-08-13 10:31:13,14950.0,2200,Buy,231173445
2024-08-13 10:31:13,14950.0,3000,Buy,231173447
2024-08-13 10:31:13,14950.0,2000,Buy,231173448
2024-08-13 10:31:13,14950.0,8000,Buy,231173449
2024-08-13 10:31:13,14950.0,800,Buy,231173450
2024-08-13 10:31:14,14900.0,200,Sell,231173455
2024-08-13 10:31:19,14950.0,100,Buy,231173540
2024-08-13 10:31:24,14950.0,1000,Buy,231173625
2024-08-13 10:31:42,14900.0,100,Sell,231173878
2024-08-13 10:31:43,14950.0,100,Buy,231173906
2024-08-13 10:31:43,14950.0,800,Buy,231173907
2024-08-13 10:31:43,14950.0,100,Buy,231173905
2024-08-13 10:31:48,14950.0,500,Buy,231173990
2024-08-13 10:32:02,14950.0,100,Buy,231174237
2024-08-13 10:32:02,14900.0,300,Sell,231174233
2024-08-13 10:32:02,14900.0,500,Sell,231174232
2024-08-13 10:32:02,14900.0,2700,Sell,231174234
2024-08-13 10:32:02,14900.0,200,Sell,231174230
2024-08-13 10:32:02,14900.0,500,Sell,231174229
2024-08-13 10:32:02,14900.0,200,Sell,231174228
2024-08-13 10:32:02,14900.0,1900,Sell,231174227
2024-08-13 10:32:02,14900.0,100,Sell,231174231
2024-08-13 10:32:07,14950.0,100,Buy,231174295
2024-08-13 10:32:10,14900.0,200,Sell,231174341
2024-08-13 10:32:23,14900.0,700,Sell,231174577
2024-08-13 10:32:23,14950.0,100,Buy,231174586
2024-08-13 10:32:35,14900.0,3800,Sell,231174729
2024-08-13 10:32:35,14900.0,3000,Sell,231174725
2024-08-13 10:32:35,14900.0,5000,Sell,231174727
2024-08-13 10:32:35,14900.0,100,Sell,231174726
2024-08-13 10:32:35,14900.0,100,Sell,231174724
2024-08-13 10:32:35,14900.0,500,Sell,231174728
2024-08-13 10:32:35,14900.0,100,Sell,231174721
2024-08-13 10:32:35,14900.0,100,Sell,231174720
2024-08-13 10:32:35,14900.0,1000,Sell,231174719
2024-08-13 10:32:35,14900.0,300,Sell,231174718
2024-08-13 10:32:35,14900.0,600,Sell,231174717
2024-08-13 10:32:35,14900.0,1400,Sell,231174716
2024-08-13 10:32:35,14900.0,1000,Sell,231174723
2024-08-13 10:32:42,14900.0,1000,Sell,231174866
2024-08-13 10:32:42,14900.0,100,Sell,231174865
2024-08-13 10:32:42,14900.0,5000,Sell,231174864
2024-08-13 10:32:42,14900.0,1000,Sell,231174863
2024-08-13 10:32:42,14900.0,500,Sell,231174862
2024-08-13 10:32:42,14900.0,500,Sell,231174861
2024-08-13 10:32:42,14900.0,500,Sell,231174860
2024-08-13 10:32:42,14900.0,100,Sell,231174859
2024-08-13 10:32:42,14900.0,5000,Sell,231174858
2024-08-13 10:32:42,14900.0,100,Sell,231174853
2024-08-13 10:32:42,14900.0,100,Sell,231174856
2024-08-13 10:32:42,14900.0,1000,Sell,231174849
2024-08-13 10:32:42,14900.0,100,Sell,231174850
2024-08-13 10:32:42,14900.0,1000,Sell,231174851
2024-08-13 10:32:42,14900.0,1200,Sell,231174835
2024-08-13 10:32:42,14900.0,100,Sell,231174857
2024-08-13 10:32:42,14900.0,2000,Sell,231174854
2024-08-13 10:32:42,14900.0,200,Sell,231174855
2024-08-13 10:32:42,14900.0,500,Sell,231174852
2024-08-13 10:32:46,14950.0,200,Buy,231174906
2024-08-13 10:32:52,14950.0,100,Buy,231174986
2024-08-13 10:33:01,14950.0,100,Buy,231175069
2024-08-13 10:33:02,14950.0,100,Buy,231175096
2024-08-13 10:33:04,14950.0,500,Buy,231175130
2024-08-13 10:33:07,14950.0,100,Buy,231175158
2024-08-13 10:33:15,14900.0,100,Sell,231175302
2024-08-13 10:33:15,14900.0,100,Sell,231175303
2024-08-13 10:33:15,14900.0,200,Sell,231175304
2024-08-13 10:33:15,14900.0,600,Sell,231175305
2024-08-13 10:33:16,14900.0,8300,Sell,231175334
2024-08-13 10:33:16,14900.0,100,Sell,231175333
2024-08-13 10:33:16,14900.0,100,Sell,231175332
2024-08-13 10:33:16,14900.0,1000,Sell,231175331
2024-08-13 10:33:16,14900.0,100,Sell,231175330
2024-08-13 10:33:16,14900.0,400,Sell,231175329
2024-08-13 10:33:17,14900.0,3300,Sell,231175338
2024-08-13 10:33:35,14900.0,3100,Sell,231175720
2024-08-13 10:33:44,14900.0,1000,Sell,231175993
2024-08-13 10:33:46,14950.0,200,Buy,231176068
2024-08-13 10:33:53,14900.0,5000,Sell,231176227
2024-08-13 10:34:21,14950.0,200,Buy,231176568
2024-08-13 10:34:21,14950.0,100,Buy,231176569
2024-08-13 10:34:21,14950.0,200,Buy,231176570
2024-08-13 10:34:25,14950.0,200,Buy,231176619
2024-08-13 10:34:40,14950.0,100,Buy,231176860
2024-08-13 10:34:48,14900.0,3000,Sell,231176982
2024-08-13 10:34:49,14950.0,200,Buy,231176995
2024-08-13 10:34:52,14950.0,100,Buy,231177056
2024-08-13 10:35:01,14950.0,500,Buy,231177206
2024-08-13 10:35:22,14950.0,100,Buy,231177622
2024-08-13 10:35:22,14950.0,1800,Buy,231177623
2024-08-13 10:35:29,14900.0,100,Sell,231177760
2024-08-13 10:35:34,14900.0,100,Sell,231177811
2024-08-13 10:35:46,14950.0,100,Buy,231178037
2024-08-13 10:36:13,14950.0,400,Buy,231178432
2024-08-13 10:36:13,14950.0,600,Buy,231178433
2024-08-13 10:36:27,14950.0,200,Buy,231178598
2024-08-13 10:36:41,14950.0,1000,Buy,231178743
2024-08-13 10:36:56,14900.0,100,Sell,231179072
2024-08-13 10:37:28,14950.0,200,Buy,231179522
2024-08-13 10:37:45,14950.0,100,Buy,231179802
2024-08-13 10:37:52,14950.0,100,Buy,231179955
2024-08-13 10:38:03,14950.0,200,Buy,231180092
2024-08-13 10:38:10,14900.0,100,Sell,231180180
2024-08-13 10:38:19,14900.0,5900,Sell,231180309
2024-08-13 10:38:19,14900.0,100,Sell,231180310
2024-08-13 10:38:19,14900.0,1000,Sell,231180311
2024-08-13 10:38:19,14900.0,1000,Sell,231180312
2024-08-13 10:38:19,14900.0,1000,Sell,231180313
2024-08-13 10:38:19,14900.0,1000,Sell,231180314
2024-08-13 10:38:19,14900.0,3000,Sell,231180315
2024-08-13 10:38:19,14900.0,2000,Sell,231180316
2024-08-13 10:38:28,14900.0,100,Sell,231180486
2024-08-13 10:38:29,14900.0,2900,Sell,231180493
2024-08-13 10:38:29,14900.0,200,Sell,231180494
2024-08-13 10:38:41,14900.0,600,Sell,231180660
2024-08-13 10:38:42,14900.0,500,Sell,231180676
2024-08-13 10:38:42,14900.0,500,Sell,231180677
2024-08-13 10:38:42,14900.0,100,Sell,231180678
2024-08-13 10:38:42,14900.0,200,Sell,231180675
2024-08-13 10:38:56,14900.0,100,Sell,231180897
2024-08-13 10:39:00,14900.0,100,Sell,231180963
2024-08-13 10:39:00,14900.0,700,Sell,231180962
2024-08-13 10:39:00,14900.0,1000,Sell,231180961
2024-08-13 10:39:00,14900.0,100,Sell,231180959
2024-08-13 10:39:00,14900.0,600,Sell,231180958
2024-08-13 10:39:00,14900.0,100,Sell,231180960
2024-08-13 10:39:00,14900.0,1000,Sell,231180956
2024-08-13 10:39:00,14900.0,100,Sell,231180955
2024-08-13 10:39:00,14900.0,100,Sell,231180954
2024-08-13 10:39:00,14900.0,200,Sell,231180953
2024-08-13 10:39:00,14900.0,800,Sell,231180952
2024-08-13 10:39:00,14900.0,200,Sell,231180957
2024-08-13 10:39:14,14900.0,1000,Sell,231181168
2024-08-13 10:39:14,14900.0,100,Sell,231181169
2024-08-13 10:39:14,14900.0,900,Sell,231181170
2024-08-13 10:39:15,14900.0,300,Sell,231181207
2024-08-13 10:39:35,14900.0,800,Sell,231181501
2024-08-13 10:39:35,14900.0,1000,Sell,231181499
2024-08-13 10:39:35,14900.0,200,Sell,231181500
2024-08-13 10:39:35,14900.0,100,Sell,231181497
2024-08-13 10:39:35,14900.0,800,Sell,231181496
2024-08-13 10:39:35,14900.0,100,Sell,231181498
2024-08-13 10:39:37,14900.0,200,Sell,231181524
2024-08-13 10:39:40,14900.0,2000,Sell,231181570
2024-08-13 10:39:50,14900.0,100,Sell,231181744
2024-08-13 10:39:59,14900.0,100,Sell,231181864
2024-08-13 10:39:59,14900.0,500,Sell,231181865
2024-08-13 10:39:59,14900.0,1000,Sell,231181866
2024-08-13 10:39:59,14900.0,1300,Sell,231181867
2024-08-13 10:40:05,14900.0,200,Sell,231181948
2024-08-13 10:40:05,14900.0,200,Sell,231181947
2024-08-13 10:40:05,14900.0,100,Sell,231181946
2024-08-13 10:40:05,14900.0,500,Sell,231181945
2024-08-13 10:40:05,14900.0,100,Sell,231181944
2024-08-13 10:40:05,14900.0,100,Sell,231181942
2024-08-13 10:40:05,14900.0,100,Sell,231181941
2024-08-13 10:40:05,14900.0,2700,Sell,231181940
2024-08-13 10:40:05,14900.0,1000,Sell,231181943
2024-08-13 10:40:07,14950.0,300,Buy,231181991
2024-08-13 10:40:07,14900.0,700,Sell,231181990
2024-08-13 10:40:07,14900.0,300,Sell,231181987
2024-08-13 10:40:07,14900.0,100,Sell,231181988
2024-08-13 10:40:07,14900.0,1800,Sell,231181986
2024-08-13 10:40:07,14900.0,200,Sell,231181989
2024-08-13 10:40:51,14900.0,100,Sell,231183133
2024-08-13 10:41:03,14900.0,1600,Sell,231183407
2024-08-13 10:41:03,14900.0,2200,Sell,231183421
2024-08-13 10:41:03,14900.0,100,Sell,231183420
2024-08-13 10:41:03,14900.0,100,Sell,231183419
2024-08-13 10:41:03,14900.0,300,Sell,231183418
2024-08-13 10:41:03,14900.0,3000,Sell,231183417
2024-08-13 10:41:03,14900.0,100,Sell,231183416
2024-08-13 10:41:03,14900.0,200,Sell,231183406
2024-08-13 10:41:03,14900.0,500,Sell,231183415
2024-08-13 10:41:03,14900.0,200,Sell,231183413
2024-08-13 10:41:03,14900.0,100,Sell,231183412
2024-08-13 10:41:03,14900.0,1000,Sell,231183411
2024-08-13 10:41:03,14900.0,100,Sell,231183410
2024-08-13 10:41:03,14900.0,100,Sell,231183409
2024-08-13 10:41:03,14900.0,200,Sell,231183408
2024-08-13 10:41:03,14900.0,200,Sell,231183414
2024-08-13 10:41:04,14950.0,1000,Buy,231183443
2024-08-13 10:41:38,14950.0,1000,Buy,231183919
2024-08-13 10:41:40,14900.0,1000,Sell,231183965
2024-08-13 10:41:40,14900.0,100,Sell,231183979
2024-08-13 10:41:40,14900.0,500,Sell,231183978
2024-08-13 10:41:40,14900.0,100,Sell,231183977
2024-08-13 10:41:40,14900.0,200,Sell,231183976
2024-08-13 10:41:40,14900.0,100,Sell,231183975
2024-08-13 10:41:40,14900.0,100,Sell,231183974
2024-08-13 10:41:40,14900.0,300,Sell,231183964
2024-08-13 10:41:40,14900.0,100,Sell,231183973
2024-08-13 10:41:40,14900.0,3000,Sell,231183971
2024-08-13 10:41:40,14900.0,100,Sell,231183970
2024-08-13 10:41:40,14900.0,1000,Sell,231183969
2024-08-13 10:41:40,14900.0,200,Sell,231183968
2024-08-13 10:41:40,14900.0,20000,Sell,231183967
2024-08-13 10:41:40,14900.0,1000,Sell,231183966
2024-08-13 10:41:40,14900.0,100,Sell,231183972
2024-08-13 10:41:40,14900.0,400,Sell,231183982
2024-08-13 10:41:40,14900.0,100,Sell,231183991
2024-08-13 10:41:40,14900.0,1000,Sell,231183984
2024-08-13 10:41:40,14900.0,4300,Sell,231184000
2024-08-13 10:41:40,14900.0,100,Sell,231183999
2024-08-13 10:41:40,14900.0,500,Sell,231183998
2024-08-13 10:41:40,14900.0,100,Sell,231183997
2024-08-13 10:41:40,14900.0,1000,Sell,231183996
2024-08-13 10:41:40,14900.0,1000,Sell,231183995
2024-08-13 10:41:40,14900.0,100,Sell,231183994
2024-08-13 10:41:40,14900.0,500,Sell,231183983
2024-08-13 10:41:40,14900.0,500,Sell,231183993
2024-08-13 10:41:40,14900.0,1000,Sell,231183963
2024-08-13 10:41:40,14900.0,500,Sell,231183990
2024-08-13 10:41:40,14900.0,100,Sell,231183989
2024-08-13 10:41:40,14900.0,5000,Sell,231183988
2024-08-13 10:41:40,14900.0,100,Sell,231183987
2024-08-13 10:41:40,14900.0,100,Sell,231183986
2024-08-13 10:41:40,14900.0,500,Sell,231183985
2024-08-13 10:41:40,14900.0,200,Sell,231183992
2024-08-13 10:41:40,14900.0,100,Sell,231183962
2024-08-13 10:41:40,14900.0,1000,Sell,231183981
2024-08-13 10:41:40,14900.0,5000,Sell,231183960
2024-08-13 10:41:40,14900.0,700,Sell,231183939
2024-08-13 10:41:40,14900.0,500,Sell,231183938
2024-08-13 10:41:40,14900.0,5000,Sell,231183937
2024-08-13 10:41:40,14900.0,10000,Sell,231183936
2024-08-13 10:41:40,14900.0,100,Sell,231183935
2024-08-13 10:41:40,14900.0,100,Sell,231183934
2024-08-13 10:41:40,14900.0,100,Sell,231183933
2024-08-13 10:41:40,14900.0,100,Sell,231183932
2024-08-13 10:41:40,14900.0,200,Sell,231183931
2024-08-13 10:41:40,14900.0,200,Sell,231183930
2024-08-13 10:41:40,14900.0,200,Sell,231183929
2024-08-13 10:41:40,14900.0,1000,Sell,231183928
2024-08-13 10:41:40,14900.0,200,Sell,231183927
2024-08-13 10:41:40,14900.0,100,Sell,231183926
2024-08-13 10:41:40,14900.0,1000,Sell,231183925
2024-08-13 10:41:40,14900.0,17800,Sell,231183924
2024-08-13 10:41:40,14900.0,500,Sell,231183961
2024-08-13 10:41:40,14900.0,17000,Sell,231183940
2024-08-13 10:41:40,14900.0,1000,Sell,231183941
2024-08-13 10:41:40,14900.0,7000,Sell,231183980
2024-08-13 10:41:40,14900.0,200,Sell,231183943
2024-08-13 10:41:40,14900.0,500,Sell,231183959
2024-08-13 10:41:40,14900.0,500,Sell,231183958
2024-08-13 10:41:40,14900.0,100,Sell,231183957
2024-08-13 10:41:40,14900.0,100,Sell,231183955
2024-08-13 10:41:40,14900.0,100,Sell,231183954
2024-08-13 10:41:40,14900.0,100,Sell,231183953
2024-08-13 10:41:40,14900.0,500,Sell,231183952
2024-08-13 10:41:40,14900.0,200,Sell,231183951
2024-08-13 10:41:40,14900.0,1600,Sell,231183956
2024-08-13 10:41:40,14900.0,200,Sell,231183949
2024-08-13 10:41:40,14900.0,200,Sell,231183948
2024-08-13 10:41:40,14900.0,1000,Sell,231183947
2024-08-13 10:41:40,14900.0,500,Sell,231183946
2024-08-13 10:41:40,14900.0,30500,Sell,231183942
2024-08-13 10:41:40,14900.0,200,Sell,231183945
2024-08-13 10:41:40,14900.0,1000,Sell,231183944
2024-08-13 10:41:40,14900.0,100,Sell,231183950
2024-08-13 10:41:46,14900.0,3000,Sell,231184104
2024-08-13 10:41:51,14900.0,200,Sell,231184277
2024-08-13 10:41:53,14900.0,3600,Sell,231184347
2024-08-13 10:41:55,14900.0,1000,Sell,231184407
2024-08-13 10:41:56,14900.0,200,Sell,231184415
2024-08-13 10:42:00,14900.0,10000,Sell,231184497
2024-08-13 10:42:04,14900.0,1000,Sell,231184615
2024-08-13 10:42:04,14900.0,700,Sell,231184613
2024-08-13 10:42:04,14900.0,100,Sell,231184612
2024-08-13 10:42:04,14900.0,200,Sell,231184610
2024-08-13 10:42:04,14900.0,5000,Sell,231184611
2024-08-13 10:42:04,14900.0,100,Sell,231184609
2024-08-13 10:42:04,14900.0,1200,Sell,231184604
2024-08-13 10:42:04,14900.0,200,Sell,231184607
2024-08-13 10:42:04,14900.0,500,Sell,231184606
2024-08-13 10:42:04,14900.0,100,Sell,231184605
2024-08-13 10:42:04,14900.0,100,Sell,231184603
2024-08-13 10:42:04,14900.0,100,Sell,231184602
2024-08-13 10:42:04,14900.0,100,Sell,231184601
2024-08-13 10:42:04,14900.0,100,Sell,231184608
2024-08-13 10:42:10,14950.0,1500,Buy,231184722
2024-08-13 10:42:10,14900.0,1000,Sell,231184766
2024-08-13 10:42:14,14900.0,2300,Sell,231184904
2024-08-13 10:42:14,14900.0,100,Sell,231184905
2024-08-13 10:42:14,14900.0,2500,Sell,231184906
2024-08-13 10:42:14,14900.0,1800,Sell,231184907
2024-08-13 10:42:14,14900.0,100,Sell,231184908
2024-08-13 10:42:14,14900.0,1000,Sell,231184909
2024-08-13 10:42:14,14900.0,200,Sell,231184910
2024-08-13 10:42:14,14900.0,7100,Sell,231184911
2024-08-13 10:42:24,14900.0,100,Sell,231185192
2024-08-13 10:42:52,14900.0,1000,Sell,231185773
2024-08-13 10:42:54,14900.0,1800,Sell,231185824
2024-08-13 10:42:54,14900.0,200,Sell,231185825
2024-08-13 10:43:03,14900.0,100,Sell,231186018
2024-08-13 10:43:03,14900.0,1000,Sell,231186017
2024-08-13 10:43:03,14900.0,100,Sell,231186015
2024-08-13 10:43:03,14900.0,800,Sell,231186014
2024-08-13 10:43:03,14900.0,1000,Sell,231186016
2024-08-13 10:43:09,14850.0,100,Sell,231186119
2024-08-13 10:43:10,14850.0,100,Sell,231186157
2024-08-13 10:43:10,14850.0,4500,Sell,231186148
2024-08-13 10:43:10,14850.0,200,Sell,231186147
2024-08-13 10:43:10,14850.0,500,Sell,231186146
2024-08-13 10:43:10,14850.0,600,Sell,231186144
2024-08-13 10:43:10,14850.0,1000,Sell,231186145
2024-08-13 10:43:10,14850.0,200,Sell,231186142
2024-08-13 10:43:10,14850.0,100,Sell,231186141
2024-08-13 10:43:10,14850.0,500,Sell,231186140
2024-08-13 10:43:10,14850.0,2000,Sell,231186139
2024-08-13 10:43:10,14850.0,200,Sell,231186138
2024-08-13 10:43:10,14850.0,200,Sell,231186143
2024-08-13 10:43:13,14850.0,1000,Sell,231186197
2024-08-13 10:43:14,14900.0,500,Buy,231186213
2024-08-13 10:43:27,14900.0,200,Buy,231186544
2024-08-13 10:43:29,14900.0,1300,Buy,231186573
2024-08-13 10:43:29,14900.0,1000,Buy,231186574
2024-08-13 10:43:39,14900.0,400,Buy,231186759
2024-08-13 10:43:39,14900.0,700,Buy,231186760
2024-08-13 10:43:40,14900.0,100,Buy,231186767
2024-08-13 10:43:49,14900.0,100,Buy,231186974
2024-08-13 10:43:54,14900.0,100,Buy,231187073
2024-08-13 10:44:05,14900.0,100,Buy,231187222
2024-08-13 10:44:06,14900.0,100,Buy,231187233
2024-08-13 10:44:08,14900.0,10000,Buy,231187258
2024-08-13 10:44:42,14900.0,900,Buy,231187758
2024-08-13 10:44:48,14900.0,1000,Buy,231188165
2024-08-13 10:44:52,14900.0,200,Buy,231188218
2024-08-13 10:44:52,14900.0,5000,Buy,231188226
2024-08-13 10:44:52,14900.0,100,Buy,231188217
2024-08-13 10:45:00,14900.0,2000,Buy,231188387
2024-08-13 10:45:10,14900.0,300,Buy,231188645
2024-08-13 10:45:18,14900.0,100,Buy,231188776
2024-08-13 10:45:20,14850.0,2000,Sell,231188813
2024-08-13 10:45:21,14900.0,100,Buy,231188827
2024-08-13 10:45:35,14900.0,500,Buy,231189183
2024-08-13 10:45:59,14900.0,10000,Buy,231190015
2024-08-13 10:46:09,14900.0,400,Buy,231190281
2024-08-13 10:46:13,14900.0,300,Buy,231190431
2024-08-13 10:46:36,14900.0,300,Buy,231191012
2024-08-13 10:46:37,14850.0,700,Sell,231191025
2024-08-13 10:46:37,14850.0,200,Sell,231191024
2024-08-13 10:46:37,14850.0,10000,Sell,231191022
2024-08-13 10:46:37,14850.0,10000,Sell,231191023
2024-08-13 10:46:37,14850.0,200,Sell,231191020
2024-08-13 10:46:37,14850.0,1000,Sell,231191019
2024-08-13 10:46:37,14850.0,10000,Sell,231191018
2024-08-13 10:46:37,14850.0,42400,Sell,231191017
2024-08-13 10:46:37,14850.0,10000,Sell,231191021
2024-08-13 10:46:40,14850.0,3100,Sell,231191086
2024-08-13 10:46:40,14900.0,100,Buy,231191087
2024-08-13 10:46:41,14850.0,500,Sell,231191129
2024-08-13 10:46:41,14850.0,30800,Sell,231191130
2024-08-13 10:46:41,14850.0,300,Sell,231191128
2024-08-13 10:46:41,14850.0,1000,Sell,231191125
2024-08-13 10:46:41,14850.0,30000,Sell,231191126
2024-08-13 10:46:41,14850.0,1200,Sell,231191124
2024-08-13 10:46:41,14850.0,1000,Sell,231191127
2024-08-13 10:46:56,14850.0,100,Sell,231191539
2024-08-13 10:46:59,14800.0,100,Sell,231191762
2024-08-13 10:46:59,14800.0,3000,Sell,231191763
2024-08-13 10:46:59,14800.0,200,Sell,231191764
2024-08-13 10:46:59,14800.0,1000,Sell,231191765
2024-08-13 10:46:59,14800.0,100,Sell,231191766
2024-08-13 10:46:59,14800.0,100,Sell,231191767
2024-08-13 10:46:59,14800.0,200,Sell,231191768
2024-08-13 10:46:59,14800.0,100,Sell,231191769
2024-08-13 10:46:59,14800.0,5000,Sell,231191770
2024-08-13 10:46:59,14800.0,1000,Sell,231191771
2024-08-13 10:46:59,14800.0,100,Sell,231191772
2024-08-13 10:46:59,14800.0,700,Sell,231191774
2024-08-13 10:46:59,14800.0,5000,Sell,231191775
2024-08-13 10:46:59,14800.0,2000,Sell,231191776
2024-08-13 10:46:59,14800.0,300,Sell,231191777
2024-08-13 10:46:59,14800.0,200,Sell,231191778
2024-08-13 10:46:59,14800.0,2000,Sell,231191779
2024-08-13 10:46:59,14800.0,500,Sell,231191780
2024-08-13 10:46:59,14800.0,600,Sell,231191781
2024-08-13 10:46:59,14800.0,1000,Sell,231191782
2024-08-13 10:46:59,14800.0,1000,Sell,231191783
2024-08-13 10:46:59,14800.0,100,Sell,231191784
2024-08-13 10:46:59,14800.0,200,Sell,231191785
2024-08-13 10:46:59,14800.0,200,Sell,231191761
2024-08-13 10:46:59,14800.0,200,Sell,231191773
2024-08-13 10:46:59,14800.0,100,Sell,231191760
2024-08-13 10:46:59,14800.0,1000,Sell,231191740
2024-08-13 10:46:59,14800.0,500,Sell,231191758
2024-08-13 10:46:59,14800.0,10000,Sell,231191733
2024-08-13 10:46:59,14800.0,1000,Sell,231191734
2024-08-13 10:46:59,14800.0,1500,Sell,231191735
2024-08-13 10:46:59,14800.0,1000,Sell,231191736
2024-08-13 10:46:59,14800.0,500,Sell,231191737
2024-08-13 10:46:59,14800.0,5000,Sell,231191738
2024-08-13 10:46:59,14800.0,4100,Sell,231191739
2024-08-13 10:46:59,14800.0,300,Sell,231191786
2024-08-13 10:46:59,14800.0,5000,Sell,231191741
2024-08-13 10:46:59,14800.0,5000,Sell,231191742
2024-08-13 10:46:59,14800.0,100,Sell,231191743
2024-08-13 10:46:59,14800.0,500,Sell,231191744
2024-08-13 10:46:59,14800.0,500,Sell,231191745
2024-08-13 10:46:59,14800.0,500,Sell,231191746
2024-08-13 10:46:59,14800.0,600,Sell,231191747
2024-08-13 10:46:59,14800.0,100,Sell,231191748
2024-08-13 10:46:59,14800.0,100,Sell,231191749
2024-08-13 10:46:59,14800.0,1100,Sell,231191750
2024-08-13 10:46:59,14800.0,200,Sell,231191751
2024-08-13 10:46:59,14800.0,100,Sell,231191752
2024-08-13 10:46:59,14800.0,100,Sell,231191753
2024-08-13 10:46:59,14800.0,1000,Sell,231191754
2024-08-13 10:46:59,14800.0,400,Sell,231191755
2024-08-13 10:46:59,14800.0,600,Sell,231191756
2024-08-13 10:46:59,14800.0,100,Sell,231191757
2024-08-13 10:46:59,14800.0,200,Sell,231191759
2024-08-13 10:46:59,14800.0,2000,Sell,231191787
2024-08-13 10:46:59,14800.0,400,Sell,231191808
2024-08-13 10:46:59,14800.0,100,Sell,231191789
2024-08-13 10:46:59,14800.0,100,Sell,231191821
2024-08-13 10:46:59,14800.0,100,Sell,231191822
2024-08-13 10:46:59,14800.0,100,Sell,231191823
2024-08-13 10:46:59,14800.0,1000,Sell,231191824
2024-08-13 10:46:59,14800.0,2500,Sell,231191844
2024-08-13 10:46:59,14800.0,100,Sell,231191825
2024-08-13 10:46:59,14800.0,20000,Sell,231191826
2024-08-13 10:46:59,14800.0,10000,Sell,231191732
2024-08-13 10:46:59,14800.0,600,Sell,231191827
2024-08-13 10:46:59,14800.0,5000,Sell,231191828
2024-08-13 10:46:59,14800.0,300,Sell,231191829
2024-08-13 10:46:59,14800.0,1000,Sell,231191830
2024-08-13 10:46:59,14800.0,100,Sell,231191831
2024-08-13 10:46:59,14800.0,200,Sell,231191832
2024-08-13 10:46:59,14800.0,100,Sell,231191833
2024-08-13 10:46:59,14800.0,500,Sell,231191834
2024-08-13 10:46:59,14800.0,500,Sell,231191835
2024-08-13 10:46:59,14800.0,1000,Sell,231191836
2024-08-13 10:46:59,14800.0,100,Sell,231191837
2024-08-13 10:46:59,14800.0,100,Sell,231191838
2024-08-13 10:46:59,14800.0,100,Sell,231191839
2024-08-13 10:46:59,14800.0,100,Sell,231191840
2024-08-13 10:46:59,14800.0,400,Sell,231191841
2024-08-13 10:46:59,14800.0,800,Sell,231191842
2024-08-13 10:46:59,14800.0,500,Sell,231191843
2024-08-13 10:46:59,14800.0,400,Sell,231191820
2024-08-13 10:46:59,14800.0,100,Sell,231191788
2024-08-13 10:46:59,14800.0,200,Sell,231191819
2024-08-13 10:46:59,14800.0,100,Sell,231191817
2024-08-13 10:46:59,14800.0,200,Sell,231191790
2024-08-13 10:46:59,14800.0,300,Sell,231191791
2024-08-13 10:46:59,14800.0,2000,Sell,231191792
2024-08-13 10:46:59,14800.0,100,Sell,231191793
2024-08-13 10:46:59,14800.0,100,Sell,231191794
2024-08-13 10:46:59,14800.0,200,Sell,231191795
2024-08-13 10:46:59,14800.0,6000,Sell,231191796
2024-08-13 10:46:59,14800.0,100,Sell,231191797
2024-08-13 10:46:59,14800.0,100,Sell,231191798
2024-08-13 10:46:59,14800.0,100,Sell,231191799
2024-08-13 10:46:59,14800.0,600,Sell,231191800
2024-08-13 10:46:59,14800.0,100,Sell,231191801
2024-08-13 10:46:59,14800.0,5000,Sell,231191802
2024-08-13 10:46:59,14800.0,700,Sell,231191803
2024-08-13 10:46:59,14800.0,30000,Sell,231191804
2024-08-13 10:46:59,14800.0,500,Sell,231191805
2024-08-13 10:46:59,14800.0,500,Sell,231191806
2024-08-13 10:46:59,14800.0,100,Sell,231191807
2024-08-13 10:46:59,14800.0,300,Sell,231191809
2024-08-13 10:46:59,14800.0,200,Sell,231191810
2024-08-13 10:46:59,14800.0,26900,Sell,231191812
2024-08-13 10:46:59,14800.0,200,Sell,231191813
2024-08-13 10:46:59,14800.0,800,Sell,231191814
2024-08-13 10:46:59,14800.0,100,Sell,231191815
2024-08-13 10:46:59,14800.0,100,Sell,231191816
2024-08-13 10:46:59,14800.0,200,Sell,231191818
2024-08-13 10:46:59,14800.0,10000,Sell,231191731
2024-08-13 10:46:59,14850.0,800,Sell,231191637
2024-08-13 10:46:59,14800.0,7000,Sell,231191729
2024-08-13 10:46:59,14850.0,500,Sell,231191648
2024-08-13 10:46:59,14850.0,3100,Sell,231191649
2024-08-13 10:46:59,14850.0,100,Sell,231191650
2024-08-13 10:46:59,14850.0,8000,Sell,231191651
2024-08-13 10:46:59,14850.0,100,Sell,231191652
2024-08-13 10:46:59,14850.0,100,Sell,231191653
2024-08-13 10:46:59,14850.0,5000,Sell,231191654
2024-08-13 10:46:59,14850.0,100,Sell,231191655
2024-08-13 10:46:59,14850.0,500,Sell,231191656
2024-08-13 10:46:59,14850.0,100,Sell,231191657
2024-08-13 10:46:59,14850.0,5000,Sell,231191658
2024-08-13 10:46:59,14850.0,500,Sell,231191647
2024-08-13 10:46:59,14850.0,1500,Sell,231191659
2024-08-13 10:46:59,14850.0,3000,Sell,231191661
2024-08-13 10:46:59,14850.0,200,Sell,231191662
2024-08-13 10:46:59,14850.0,200,Sell,231191663
2024-08-13 10:46:59,14850.0,500,Sell,231191664
2024-08-13 10:46:59,14850.0,100,Sell,231191665
2024-08-13 10:46:59,14850.0,100,Sell,231191666
2024-08-13 10:46:59,14850.0,100,Sell,231191667
2024-08-13 10:46:59,14800.0,10000,Sell,231191730
2024-08-13 10:46:59,14850.0,900,Sell,231191669
2024-08-13 10:46:59,14850.0,200,Sell,231191670
2024-08-13 10:46:59,14850.0,100,Sell,231191671
2024-08-13 10:46:59,14850.0,100,Sell,231191660
2024-08-13 10:46:59,14850.0,2100,Sell,231191646
2024-08-13 10:46:59,14850.0,10000,Sell,231191645
2024-08-13 10:46:59,14850.0,500,Sell,231191644
2024-08-13 10:46:59,14850.0,69100,Sell,231191617
2024-08-13 10:46:59,14850.0,1000,Sell,231191618
2024-08-13 10:46:59,14850.0,3000,Sell,231191619
2024-08-13 10:46:59,14850.0,100,Sell,231191620
2024-08-13 10:46:59,14850.0,100,Sell,231191621
2024-08-13 10:46:59,14850.0,1000,Sell,231191622
2024-08-13 10:46:59,14850.0,100,Sell,231191623
2024-08-13 10:46:59,14850.0,200,Sell,231191624
2024-08-13 10:46:59,14850.0,100,Sell,231191625
2024-08-13 10:46:59,14850.0,200,Sell,231191626
2024-08-13 10:46:59,14850.0,1000,Sell,231191627
2024-08-13 10:46:59,14850.0,200,Sell,231191628
2024-08-13 10:46:59,14850.0,1000,Sell,231191629
2024-08-13 10:46:59,14850.0,700,Sell,231191630
2024-08-13 10:46:59,14850.0,200,Sell,231191631
2024-08-13 10:46:59,14850.0,100,Sell,231191632
2024-08-13 10:46:59,14850.0,100,Sell,231191633
2024-08-13 10:46:59,14850.0,4200,Sell,231191635
2024-08-13 10:46:59,14850.0,400,Sell,231191636
2024-08-13 10:46:59,14850.0,2000,Sell,231191638
2024-08-13 10:46:59,14850.0,200,Sell,231191639
2024-08-13 10:46:59,14850.0,200,Sell,231191640
2024-08-13 10:46:59,14850.0,1000,Sell,231191641
2024-08-13 10:46:59,14850.0,200,Sell,231191642
2024-08-13 10:46:59,14850.0,2000,Sell,231191643
2024-08-13 10:46:59,14850.0,1000,Sell,231191672
2024-08-13 10:46:59,14850.0,100,Sell,231191673
2024-08-13 10:46:59,14850.0,300,Sell,231191668
2024-08-13 10:46:59,14850.0,2000,Sell,231191675
2024-08-13 10:46:59,14800.0,200,Sell,231191705
2024-08-13 10:46:59,14800.0,600,Sell,231191706
2024-08-13 10:46:59,14800.0,500,Sell,231191707
2024-08-13 10:46:59,14850.0,400,Sell,231191674
2024-08-13 10:46:59,14800.0,100,Sell,231191709
2024-08-13 10:46:59,14800.0,100,Sell,231191710
2024-08-13 10:46:59,14800.0,200,Sell,231191711
2024-08-13 10:46:59,14800.0,200,Sell,231191712
2024-08-13 10:46:59,14800.0,200,Sell,231191713
2024-08-13 10:46:59,14800.0,300,Sell,231191714
2024-08-13 10:46:59,14800.0,100,Sell,231191715
2024-08-13 10:46:59,14800.0,200,Sell,231191704
2024-08-13 10:46:59,14800.0,1000,Sell,231191716
2024-08-13 10:46:59,14800.0,100,Sell,231191718
2024-08-13 10:46:59,14800.0,4000,Sell,231191719
2024-08-13 10:46:59,14800.0,500,Sell,231191720
2024-08-13 10:46:59,14800.0,100,Sell,231191721
2024-08-13 10:46:59,14800.0,1000,Sell,231191722
2024-08-13 10:46:59,14800.0,100,Sell,231191723
2024-08-13 10:46:59,14800.0,5000,Sell,231191724
2024-08-13 10:46:59,14800.0,200,Sell,231191725
2024-08-13 10:46:59,14800.0,2400,Sell,231191726
2024-08-13 10:46:59,14800.0,100,Sell,231191727
2024-08-13 10:46:59,14800.0,100,Sell,231191728
2024-08-13 10:46:59,14800.0,100,Sell,231191717
2024-08-13 10:46:59,14800.0,200,Sell,231191703
2024-08-13 10:46:59,14800.0,3000,Sell,231191708
2024-08-13 10:46:59,14800.0,100,Sell,231191701
2024-08-13 10:46:59,14850.0,200,Sell,231191676
2024-08-13 10:46:59,14850.0,26900,Sell,231191677
2024-08-13 10:46:59,14850.0,100,Sell,231191678
2024-08-13 10:46:59,14850.0,300,Sell,231191679
2024-08-13 10:46:59,14850.0,100,Sell,231191680
2024-08-13 10:46:59,14850.0,10000,Sell,231191681
2024-08-13 10:46:59,14800.0,500,Sell,231191702
2024-08-13 10:46:59,14850.0,2000,Sell,231191683
2024-08-13 10:46:59,14850.0,300,Sell,231191684
2024-08-13 10:46:59,14850.0,1000,Sell,231191685
2024-08-13 10:46:59,14850.0,20000,Sell,231191686
2024-08-13 10:46:59,14850.0,100,Sell,231191687
2024-08-13 10:46:59,14850.0,200,Sell,231191682
2024-08-13 10:46:59,14850.0,200,Sell,231191689
2024-08-13 10:46:59,14850.0,1000,Sell,231191688
2024-08-13 10:46:59,14850.0,1000,Sell,231191700
2024-08-13 10:46:59,14850.0,100,Sell,231191699
2024-08-13 10:46:59,14850.0,200,Sell,231191698
2024-08-13 10:46:59,14850.0,500,Sell,231191697
2024-08-13 10:46:59,14850.0,2000,Sell,231191696
2024-08-13 10:46:59,14850.0,100,Sell,231191634
2024-08-13 10:46:59,14850.0,1000,Sell,231191694
2024-08-13 10:46:59,14850.0,100,Sell,231191693
2024-08-13 10:46:59,14850.0,1000,Sell,231191692
2024-08-13 10:46:59,14850.0,100,Sell,231191691
2024-08-13 10:46:59,14850.0,1000,Sell,231191690
2024-08-13 10:46:59,14850.0,300,Sell,231191695
2024-08-13 10:47:00,14750.0,100,Sell,231191856
2024-08-13 10:47:00,14750.0,4200,Sell,231191857
2024-08-13 10:47:01,14750.0,800,Sell,231191883
2024-08-13 10:47:01,14750.0,200,Sell,231191882
2024-08-13 10:47:01,14750.0,500,Sell,231191879
2024-08-13 10:47:01,14750.0,2000,Sell,231191880
2024-08-13 10:47:01,14750.0,800,Sell,231191878
2024-08-13 10:47:01,14750.0,500,Sell,231191881
2024-08-13 10:47:04,14800.0,5000,Buy,231191937
2024-08-13 10:47:05,14800.0,1000,Buy,231191947
2024-08-13 10:47:05,14800.0,500,Buy,231191957
2024-08-13 10:47:13,14800.0,100,Buy,231192146
2024-08-13 10:47:14,14800.0,16100,Buy,231192155
2024-08-13 10:47:19,14800.0,5000,Buy,231192237
2024-08-13 10:47:23,14800.0,1600,Buy,231192330
2024-08-13 10:47:23,14800.0,8400,Buy,231192329
2024-08-13 10:47:24,14800.0,500,Buy,231192350
2024-08-13 10:47:25,14800.0,500,Buy,231192374
2024-08-13 10:47:26,14750.0,100,Sell,231192379
2024-08-13 10:47:27,14800.0,1000,Buy,231192393
2024-08-13 10:47:28,14800.0,300,Buy,231192413
2024-08-13 10:47:34,14800.0,100,Buy,231192509
2024-08-13 10:47:35,14800.0,500,Buy,231192528
2024-08-13 10:47:40,14800.0,200,Buy,231192670
2024-08-13 10:47:41,14800.0,500,Buy,231192674
2024-08-13 10:47:43,14800.0,100,Buy,231192728
2024-08-13 10:47:45,14800.0,7600,Buy,231192794
2024-08-13 10:47:45,14750.0,3000,Sell,231192795
2024-08-13 10:47:50,14750.0,100,Sell,231192856
2024-08-13 10:47:51,14750.0,500,Sell,231192869
2024-08-13 10:47:55,14800.0,200,Buy,231192971
2024-08-13 10:47:59,14750.0,200,Sell,231193083
2024-08-13 10:48:00,14800.0,2800,Buy,231193095
2024-08-13 10:48:01,14800.0,2800,Buy,231193121
2024-08-13 10:48:01,14750.0,300,Sell,231193126
2024-08-13 10:48:01,14750.0,800,Sell,231193127
2024-08-13 10:48:01,14750.0,100,Sell,231193128
2024-08-13 10:48:01,14750.0,200,Sell,231193129
2024-08-13 10:48:01,14750.0,1100,Sell,231193130
2024-08-13 10:48:01,14800.0,200,Buy,231193120
2024-08-13 10:48:05,14800.0,500,Buy,231193197
2024-08-13 10:48:06,14800.0,100,Buy,231193218
2024-08-13 10:48:07,14800.0,10000,Buy,231193236
2024-08-13 10:48:08,14800.0,1000,Buy,231193274
2024-08-13 10:48:10,14800.0,500,Buy,231193291
2024-08-13 10:48:11,14800.0,600,Buy,231193331
2024-08-13 10:48:15,14800.0,100,Buy,231193412
2024-08-13 10:48:15,14800.0,100,Buy,231193422
2024-08-13 10:48:19,14800.0,20000,Buy,231193526
2024-08-13 10:48:21,14800.0,1300,Buy,231193577
2024-08-13 10:48:24,14800.0,100,Buy,231193645
2024-08-13 10:48:24,14800.0,1000,Buy,231193652
2024-08-13 10:48:28,14800.0,1000,Buy,231193736
2024-08-13 10:48:29,14800.0,200,Buy,231193757
2024-08-13 10:48:31,14800.0,600,Buy,231193828
2024-08-13 10:48:31,14800.0,600,Buy,231193830
2024-08-13 10:48:31,14800.0,20700,Buy,231193826
2024-08-13 10:48:31,14800.0,5000,Buy,231193827
2024-08-13 10:48:31,14800.0,3100,Buy,231193829
2024-08-13 10:48:32,14800.0,200,Buy,231193843
2024-08-13 10:48:32,14800.0,1000,Buy,231193854
2024-08-13 10:48:35,14800.0,100,Buy,231193935
2024-08-13 10:48:35,14800.0,2000,Buy,231193936
2024-08-13 10:48:37,14800.0,2000,Buy,231193977
2024-08-13 10:48:38,14800.0,100,Buy,231194007
2024-08-13 10:48:40,14800.0,100,Buy,231194048
2024-08-13 10:48:42,14800.0,300,Buy,231194081
2024-08-13 10:48:42,14800.0,100,Buy,231194099
2024-08-13 10:48:43,14800.0,500,Buy,231194121
2024-08-13 10:48:44,14800.0,100,Buy,231194153
2024-08-13 10:48:46,14800.0,800,Buy,231194198
2024-08-13 10:48:48,14800.0,100,Buy,231194245
2024-08-13 10:48:50,14800.0,100,Buy,231194288
2024-08-13 10:48:50,14800.0,200,Buy,231194287
2024-08-13 10:48:53,14800.0,3300,Buy,231194332
2024-08-13 10:48:53,14800.0,500,Buy,231194348
2024-08-13 10:48:53,14800.0,1700,Buy,231194331
2024-08-13 10:48:56,14800.0,100,Buy,231194395
2024-08-13 10:48:57,14800.0,100,Buy,231194411
2024-08-13 10:49:04,14800.0,1000,Buy,231194513
2024-08-13 10:49:10,14800.0,100,Buy,231194636
2024-08-13 10:49:11,14800.0,200,Buy,231194671
2024-08-13 10:49:11,14800.0,5000,Buy,231194672
2024-08-13 10:49:12,14800.0,200,Buy,231194696
2024-08-13 10:49:12,14800.0,19800,Buy,231194695
2024-08-13 10:49:13,14800.0,100,Buy,231194711
2024-08-13 10:49:18,14800.0,100,Buy,231194881
2024-08-13 10:49:18,14800.0,600,Buy,231194882
2024-08-13 10:49:18,14800.0,300,Buy,231194883
2024-08-13 10:49:19,14800.0,100,Buy,231194911
2024-08-13 10:49:21,14750.0,2000,Sell,231194958
2024-08-13 10:49:21,14800.0,100,Buy,231194963
2024-08-13 10:49:21,14800.0,900,Buy,231194964
2024-08-13 10:49:21,14800.0,1000,Buy,231194965
2024-08-13 10:49:25,14800.0,100,Buy,231195050
2024-08-13 10:49:39,14800.0,100,Buy,231195322
2024-08-13 10:49:41,14800.0,14900,Buy,231195361
2024-08-13 10:49:41,14800.0,5100,Buy,231195360
2024-08-13 10:49:42,14800.0,500,Buy,231195365
2024-08-13 10:49:44,14800.0,800,Buy,231195440
2024-08-13 10:49:44,14800.0,200,Buy,231195398
2024-08-13 10:49:45,14800.0,4300,Buy,231195476
2024-08-13 10:49:45,14800.0,700,Buy,231195477
2024-08-13 10:49:45,14800.0,300,Buy,231195498
2024-08-13 10:49:45,14800.0,500,Buy,231195499
2024-08-13 10:49:45,14800.0,1200,Buy,231195500
2024-08-13 10:49:47,14800.0,100,Buy,231195537
2024-08-13 10:49:47,14800.0,100,Buy,231195548
2024-08-13 10:49:48,14800.0,500,Buy,231195565
2024-08-13 10:49:49,14800.0,100,Buy,231195571
2024-08-13 10:49:53,14800.0,300,Sell,231195673
2024-08-13 10:49:56,14800.0,500,Sell,231195717
2024-08-13 10:49:56,14800.0,2400,Sell,231195718
2024-08-13 10:49:56,14800.0,100,Sell,231195716
2024-08-13 10:50:00,14800.0,300,Sell,231195839
2024-08-13 10:50:03,14850.0,1000,Buy,231195900
2024-08-13 10:50:16,14850.0,100,Buy,231196153
2024-08-13 10:50:27,14850.0,100,Buy,231196327
2024-08-13 10:50:28,14800.0,100,Sell,231196343
2024-08-13 10:50:31,14850.0,1500,Buy,231196392
2024-08-13 10:50:38,14850.0,500,Buy,231196573
2024-08-13 10:50:40,14800.0,1000,Sell,231196618
2024-08-13 10:50:46,14850.0,300,Buy,231196714
2024-08-13 10:50:55,14850.0,1000,Buy,231196856
2024-08-13 10:51:09,14850.0,100,Buy,231197199
2024-08-13 10:51:09,14850.0,300,Buy,231197201
2024-08-13 10:51:12,14850.0,100,Buy,231197247
2024-08-13 10:51:13,14850.0,100,Buy,231197257
2024-08-13 10:51:13,14850.0,500,Buy,231197270
2024-08-13 10:51:16,14850.0,1000,Buy,231197312
2024-08-13 10:51:16,14850.0,1400,Buy,231197313
2024-08-13 10:51:16,14850.0,200,Buy,231197314
2024-08-13 10:51:34,14850.0,800,Sell,231197638
2024-08-13 10:51:34,14850.0,100,Sell,231197636
2024-08-13 10:51:34,14850.0,300,Sell,231197637
2024-08-13 10:51:34,14850.0,500,Sell,231197634
2024-08-13 10:51:34,14850.0,400,Sell,231197633
2024-08-13 10:51:34,14850.0,1000,Sell,231197635
2024-08-13 10:51:44,14850.0,100,Sell,231197787
2024-08-13 10:52:09,14850.0,1100,Sell,231198303
2024-08-13 10:52:09,14850.0,1000,Sell,231198304
2024-08-13 10:52:09,14850.0,200,Sell,231198305
2024-08-13 10:52:09,14850.0,3200,Sell,231198306
2024-08-13 10:52:20,14900.0,100,Buy,231198476
2024-08-13 10:52:21,14850.0,100,Sell,231198484
2024-08-13 10:52:21,14850.0,1000,Sell,231198487
2024-08-13 10:52:21,14850.0,200,Sell,231198483
2024-08-13 10:52:21,14850.0,400,Sell,231198486
2024-08-13 10:52:21,14850.0,100,Sell,231198481
2024-08-13 10:52:21,14850.0,100,Sell,231198482
2024-08-13 10:52:21,14850.0,1800,Sell,231198479
2024-08-13 10:52:21,14850.0,100,Sell,231198485
2024-08-13 10:52:21,14850.0,100,Sell,231198480
2024-08-13 10:52:27,14850.0,100,Buy,231198601
2024-08-13 10:52:36,14850.0,1000,Buy,231198719
2024-08-13 10:52:39,14850.0,1100,Sell,231198755
2024-08-13 10:52:47,14850.0,1000,Buy,231198866
2024-08-13 10:52:53,14850.0,100,Buy,231198970
2024-08-13 10:52:54,14850.0,800,Buy,231198984
2024-08-13 10:53:12,14850.0,3100,Sell,231199353
2024-08-13 10:53:18,14850.0,1000,Sell,231199457
2024-08-13 10:53:28,14850.0,100,Sell,231199635
2024-08-13 10:53:28,14850.0,100,Sell,231199634
2024-08-13 10:53:28,14850.0,100,Sell,231199633
2024-08-13 10:53:39,14850.0,100,Buy,231199800
2024-08-13 10:53:39,14850.0,1100,Buy,231199799
2024-08-13 10:53:48,14850.0,100,Buy,231199954
2024-08-13 10:53:51,14850.0,100,Buy,231200023
2024-08-13 10:53:53,14850.0,1000,Buy,231200044
2024-08-13 10:53:58,14850.0,200,Buy,231200154
2024-08-13 10:53:58,14850.0,300,Buy,231200155
2024-08-13 10:54:01,14850.0,100,Buy,231200208
2024-08-13 10:54:11,14850.0,200,Buy,231200415
2024-08-13 10:54:12,14850.0,500,Buy,231200426
2024-08-13 10:54:18,14850.0,100,Buy,231200515
2024-08-13 10:54:24,14850.0,1000,Buy,231200668
2024-08-13 10:54:26,14850.0,100,Buy,231200685
2024-08-13 10:54:27,14850.0,200,Buy,231200693
2024-08-13 10:54:33,14850.0,1000,Sell,231200781
2024-08-13 10:54:34,14850.0,1000,Sell,231200829
2024-08-13 10:54:50,14850.0,3000,Sell,231200996
2024-08-13 10:54:52,14850.0,2100,Sell,231201037
2024-08-13 10:55:04,14850.0,800,Sell,231201209
2024-08-13 10:55:20,14850.0,1000,Sell,231201364
2024-08-13 10:55:41,14850.0,100,Sell,231201601
2024-08-13 10:56:16,14850.0,10500,Sell,231202055
2024-08-13 10:56:28,14850.0,3100,Sell,231202215
2024-08-13 10:56:33,14850.0,1000,Sell,231202296
2024-08-13 10:56:33,14850.0,300,Sell,231202298
2024-08-13 10:56:33,14850.0,2200,Sell,231202294
2024-08-13 10:56:33,14850.0,1000,Sell,231202295
2024-08-13 10:56:33,14850.0,1000,Sell,231202297
2024-08-13 10:56:36,14850.0,200,Sell,231202336
2024-08-13 10:56:37,14850.0,6500,Sell,231202354
2024-08-13 10:56:40,14850.0,3000,Sell,231202391
2024-08-13 10:56:40,14850.0,100,Sell,231202392
2024-08-13 10:56:40,14850.0,5000,Sell,231202393
2024-08-13 10:56:40,14850.0,100,Sell,231202394
2024-08-13 10:56:40,14850.0,100,Sell,231202395
2024-08-13 10:56:40,14850.0,1000,Sell,231202396
2024-08-13 10:57:48,14850.0,500,Buy,231203490
2024-08-13 10:57:51,14800.0,1000,Sell,231203540
2024-08-13 10:57:56,14850.0,1000,Buy,231203601
2024-08-13 10:58:26,14850.0,5000,Buy,231204083
2024-08-13 10:58:31,14850.0,100,Buy,231204153
2024-08-13 10:58:34,14850.0,2600,Buy,231204190
2024-08-13 10:58:43,14800.0,100,Sell,231204328
2024-08-13 10:58:43,14800.0,10000,Sell,231204327
2024-08-13 10:58:43,14800.0,100,Sell,231204326
2024-08-13 10:58:43,14800.0,100,Sell,231204325
2024-08-13 10:58:43,14800.0,2000,Sell,231204324
2024-08-13 10:58:43,14800.0,100,Sell,231204323
2024-08-13 10:58:43,14800.0,500,Sell,231204321
2024-08-13 10:58:43,14800.0,2000,Sell,231204322
2024-08-13 10:58:43,14800.0,200,Sell,231204319
2024-08-13 10:58:43,14800.0,1000,Sell,231204318
2024-08-13 10:58:43,14800.0,4000,Sell,231204317
2024-08-13 10:58:43,14800.0,2600,Sell,231204316
2024-08-13 10:58:43,14800.0,20000,Sell,231204315
2024-08-13 10:58:43,14800.0,100,Sell,231204314
2024-08-13 10:58:43,14800.0,1000,Sell,231204313
2024-08-13 10:58:43,14800.0,1200,Sell,231204312
2024-08-13 10:58:43,14800.0,5000,Sell,231204320
2024-08-13 10:58:48,14800.0,900,Sell,231204381
2024-08-13 10:58:48,14800.0,100,Sell,231204382
2024-08-13 10:58:59,14800.0,100,Sell,231204559
2024-08-13 10:58:59,14800.0,100,Sell,231204560
2024-08-13 10:58:59,14800.0,1000,Sell,231204558
2024-08-13 10:58:59,14800.0,2000,Sell,231204561
2024-08-13 10:58:59,14800.0,300,Sell,231204556
2024-08-13 10:58:59,14800.0,500,Sell,231204555
2024-08-13 10:58:59,14800.0,100,Sell,231204554
2024-08-13 10:58:59,14800.0,1000,Sell,231204557
2024-08-13 10:58:59,14800.0,900,Sell,231204553
2024-08-13 10:59:42,14800.0,300,Sell,231205204
2024-08-13 10:59:44,14800.0,500,Sell,231205224
2024-08-13 10:59:44,14800.0,400,Sell,231205228
2024-08-13 10:59:44,14800.0,200,Sell,231205227
2024-08-13 10:59:44,14800.0,700,Sell,231205223
2024-08-13 10:59:44,14800.0,200,Sell,231205225
2024-08-13 10:59:44,14800.0,1000,Sell,231205226
2024-08-13 10:59:50,14800.0,1400,Sell,231205339
2024-08-13 10:59:50,14800.0,600,Sell,231205338
2024-08-13 10:59:53,14850.0,500,Buy,231205398
2024-08-13 11:00:15,14800.0,300,Sell,231205693
2024-08-13 11:00:16,14850.0,200,Buy,231205744
2024-08-13 11:01:03,14800.0,1000,Sell,231206520
2024-08-13 11:01:22,14800.0,300,Sell,231207048
2024-08-13 11:01:22,14800.0,100,Sell,231207049
2024-08-13 11:01:22,14800.0,2000,Sell,231207050
2024-08-13 11:01:22,14800.0,100,Sell,231207051
2024-08-13 11:01:22,14800.0,600,Sell,231207052
2024-08-13 11:02:06,14800.0,100,Sell,231207865
2024-08-13 11:02:15,14800.0,500,Sell,231208007
2024-08-13 11:02:15,14800.0,400,Sell,231208006
2024-08-13 11:02:15,14800.0,300,Sell,231208005
2024-08-13 11:02:38,14800.0,100,Sell,231208320
2024-08-13 11:02:38,14800.0,100,Sell,231208321
2024-08-13 11:02:38,14800.0,200,Sell,231208322
2024-08-13 11:02:38,14800.0,600,Sell,231208323
2024-08-13 11:02:39,14800.0,200,Sell,231208337
2024-08-13 11:02:39,14800.0,1000,Sell,231208338
2024-08-13 11:02:39,14800.0,800,Sell,231208339
2024-08-13 11:03:00,14800.0,3100,Sell,231208648
2024-08-13 11:03:03,14800.0,3300,Sell,231208740
2024-08-13 11:03:18,14800.0,500,Sell,231208968
2024-08-13 11:04:11,14800.0,2700,Sell,231209785
2024-08-13 11:04:11,14800.0,2300,Sell,231209784
2024-08-13 11:04:13,14800.0,7300,Sell,231209848
2024-08-13 11:04:13,14800.0,1000,Sell,231209854
2024-08-13 11:04:13,14800.0,100,Sell,231209853
2024-08-13 11:04:13,14800.0,100,Sell,231209849
2024-08-13 11:04:13,14800.0,1000,Sell,231209851
2024-08-13 11:04:13,14800.0,200,Sell,231209850
2024-08-13 11:04:13,14800.0,300,Sell,231209852
2024-08-13 11:04:15,14800.0,500,Sell,231209866
2024-08-13 11:04:16,14800.0,500,Sell,231209883
2024-08-13 11:04:17,14800.0,12900,Sell,231209930
2024-08-13 11:04:17,14800.0,100,Sell,231209929
2024-08-13 11:04:17,14800.0,100,Sell,231209928
2024-08-13 11:04:17,14800.0,1000,Sell,231209927
2024-08-13 11:04:17,14800.0,10000,Sell,231209925
2024-08-13 11:04:17,14800.0,1000,Sell,231209926
2024-08-13 11:04:17,14800.0,100,Sell,231209923
2024-08-13 11:04:17,14800.0,200,Sell,231209922
2024-08-13 11:04:17,14800.0,900,Sell,231209921
2024-08-13 11:04:17,14800.0,100,Sell,231209920
2024-08-13 11:04:17,14800.0,3000,Sell,231209919
2024-08-13 11:04:17,14800.0,200,Sell,231209918
2024-08-13 11:04:17,14800.0,400,Sell,231209924
2024-08-13 11:04:22,14800.0,100,Sell,231209967
2024-08-13 11:04:22,14800.0,100,Sell,231209968
2024-08-13 11:04:22,14800.0,800,Sell,231209969
2024-08-13 11:04:30,14800.0,200,Sell,231210092
2024-08-13 11:04:30,14800.0,300,Sell,231210093
2024-08-13 11:04:30,14800.0,500,Sell,231210094
2024-08-13 11:04:35,14800.0,1000,Sell,231210153
2024-08-13 11:04:39,14800.0,3000,Sell,231210204
2024-08-13 11:04:48,14850.0,500,Buy,231210352
2024-08-13 11:04:52,14800.0,100,Sell,231210447
2024-08-13 11:04:52,14800.0,200,Sell,231210448
2024-08-13 11:04:52,14800.0,300,Sell,231210449
2024-08-13 11:04:52,14800.0,300,Sell,231210450
2024-08-13 11:04:52,14800.0,500,Sell,231210451
2024-08-13 11:04:52,14800.0,100,Sell,231210452
2024-08-13 11:04:52,14800.0,1000,Sell,231210453
2024-08-13 11:04:52,14800.0,500,Sell,231210446
2024-08-13 11:05:07,14800.0,1000,Sell,231210673
2024-08-13 11:05:07,14800.0,500,Sell,231210672
2024-08-13 11:05:07,14800.0,200,Sell,231210671
2024-08-13 11:05:07,14800.0,100,Sell,231210670
2024-08-13 11:05:07,14850.0,200,Buy,231210669
2024-08-13 11:05:07,14850.0,300,Buy,231210668
2024-08-13 11:05:13,14800.0,1000,Sell,231210778
2024-08-13 11:05:13,14800.0,700,Sell,231210777
2024-08-13 11:05:13,14800.0,200,Sell,231210776
2024-08-13 11:05:13,14800.0,200,Sell,231210775
2024-08-13 11:05:13,14800.0,3000,Sell,231210774
2024-08-13 11:05:13,14800.0,100,Sell,231210773
2024-08-13 11:05:13,14800.0,100,Sell,231210772
2024-08-13 11:05:13,14800.0,500,Sell,231210771
2024-08-13 11:05:13,14800.0,5600,Sell,231210779
2024-08-13 11:05:13,14800.0,500,Sell,231210769
2024-08-13 11:05:13,14800.0,2000,Sell,231210768
2024-08-13 11:05:13,14800.0,200,Sell,231210767
2024-08-13 11:05:13,14800.0,100,Sell,231210766
2024-08-13 11:05:13,14800.0,100,Sell,231210765
2024-08-13 11:05:13,14800.0,100,Sell,231210764
2024-08-13 11:05:13,14800.0,5000,Sell,231210763
2024-08-13 11:05:13,14800.0,200,Sell,231210762
2024-08-13 11:05:13,14800.0,200,Sell,231210770
2024-08-13 11:05:25,14800.0,200,Sell,231210922
2024-08-13 11:05:30,14800.0,3000,Sell,231211002
2024-08-13 11:05:31,14800.0,5000,Sell,231211018
2024-08-13 11:05:58,14800.0,500,Sell,231211518
2024-08-13 11:06:03,14800.0,1000,Sell,231211604
2024-08-13 11:06:03,14800.0,100,Sell,231211603
2024-08-13 11:06:03,14800.0,1000,Sell,231211602
2024-08-13 11:06:03,14800.0,500,Sell,231211601
2024-08-13 11:06:03,14800.0,2000,Sell,231211595
2024-08-13 11:06:03,14800.0,3000,Sell,231211599
2024-08-13 11:06:03,14800.0,100,Sell,231211598
2024-08-13 11:06:03,14800.0,1000,Sell,231211597
2024-08-13 11:06:03,14800.0,100,Sell,231211596
2024-08-13 11:06:03,14800.0,1000,Sell,231211605
2024-08-13 11:06:03,14800.0,200,Sell,231211600
2024-08-13 11:06:03,14800.0,2000,Sell,231211606
2024-08-13 11:06:03,14800.0,1000,Sell,231211611
2024-08-13 11:06:03,14800.0,1000,Sell,231211608
2024-08-13 11:06:03,14800.0,1700,Sell,231211609
2024-08-13 11:06:03,14800.0,1000,Sell,231211610
2024-08-13 11:06:03,14800.0,300,Sell,231211594
2024-08-13 11:06:03,14800.0,500,Sell,231211612
2024-08-13 11:06:03,14800.0,500,Sell,231211613
2024-08-13 11:06:03,14800.0,3600,Sell,231211614
2024-08-13 11:06:03,14800.0,100,Sell,231211615
2024-08-13 11:06:03,14800.0,500,Sell,231211616
2024-08-13 11:06:03,14800.0,500,Sell,231211617
2024-08-13 11:06:03,14800.0,200,Sell,231211618
2024-08-13 11:06:03,14800.0,200,Sell,231211607
2024-08-13 11:06:03,14800.0,1000,Sell,231211593
