time,price,volume,match_type,id
2024-08-19 09:14:37,15100.0,156500,ATO/ATC,232510352
2024-08-19 09:14:38,15150.0,300,Buy,232510533
2024-08-19 09:14:38,15100.0,1300,Sell,232510534
2024-08-19 09:14:42,15100.0,300,Sell,232510754
2024-08-19 09:14:43,15150.0,100,Buy,232510818
2024-08-19 09:14:43,15200.0,200,Buy,232510826
2024-08-19 09:14:43,15200.0,500,Buy,232510825
2024-08-19 09:14:43,15150.0,100,Buy,232510824
2024-08-19 09:14:43,15150.0,200,Buy,232510823
2024-08-19 09:14:43,15150.0,200,Buy,232510817
2024-08-19 09:14:43,15150.0,200,Buy,232510821
2024-08-19 09:14:43,15150.0,200,Buy,232510819
2024-08-19 09:14:43,15150.0,200,Buy,232510822
2024-08-19 09:14:43,15150.0,100,Buy,232510820
2024-08-19 09:14:55,15200.0,1300,Buy,232511216
2024-08-19 09:14:55,15150.0,100,Buy,232511205
2024-08-19 09:14:55,15200.0,100,Buy,232511214
2024-08-19 09:14:55,15200.0,100,Buy,232511215
2024-08-19 09:14:56,15200.0,3500,Buy,232511244
2024-08-19 09:14:58,15200.0,100,Buy,232511300
2024-08-19 09:15:02,15150.0,100,Sell,232511360
2024-08-19 09:15:02,15150.0,100,Sell,232511361
2024-08-19 09:15:03,15150.0,200,Sell,232511397
2024-08-19 09:15:04,15150.0,300,Buy,232511464
2024-08-19 09:15:13,15150.0,1800,Sell,232511821
2024-08-19 09:15:13,15150.0,1000,Sell,232511819
2024-08-19 09:15:13,15150.0,200,Sell,232511820
2024-08-19 09:15:14,15200.0,1000,Buy,232511857
2024-08-19 09:15:15,15200.0,100,Buy,232511907
2024-08-19 09:15:20,15200.0,2000,Buy,232512078
2024-08-19 09:15:21,15200.0,1000,Buy,232512155
2024-08-19 09:15:24,15200.0,1500,Buy,232512263
2024-08-19 09:15:24,15200.0,500,Buy,232512262
2024-08-19 09:15:24,15200.0,100,Buy,232512261
2024-08-19 09:15:24,15200.0,100,Buy,232512260
2024-08-19 09:15:24,15200.0,300,Buy,232512258
2024-08-19 09:15:24,15200.0,1000,Buy,232512257
2024-08-19 09:15:24,15200.0,400,Buy,232512256
2024-08-19 09:15:24,15200.0,1000,Buy,232512255
2024-08-19 09:15:24,15200.0,100,Buy,232512259
2024-08-19 09:15:26,15200.0,100,Buy,232512328
2024-08-19 09:15:26,15200.0,200,Buy,232512331
2024-08-19 09:15:26,15200.0,3000,Buy,232512351
2024-08-19 09:15:28,15200.0,200,Buy,232512439
2024-08-19 09:15:28,15200.0,100,Buy,232512440
2024-08-19 09:15:28,15200.0,3000,Buy,232512449
2024-08-19 09:15:32,15200.0,200,Buy,232512656
2024-08-19 09:15:33,15200.0,1000,Buy,232512688
2024-08-19 09:15:35,15200.0,3100,Buy,232512736
2024-08-19 09:15:37,15200.0,500,Buy,232512846
2024-08-19 09:15:37,15200.0,4200,Buy,232512842
2024-08-19 09:15:37,15200.0,6100,Buy,232512840
2024-08-19 09:15:37,15200.0,1000,Buy,232512841
2024-08-19 09:15:37,15200.0,200,Buy,232512839
2024-08-19 09:15:37,15200.0,1000,Buy,232512837
2024-08-19 09:15:37,15200.0,200,Buy,232512836
2024-08-19 09:15:37,15200.0,12100,Buy,232512835
2024-08-19 09:15:37,15200.0,4700,Buy,232512834
2024-08-19 09:15:37,15200.0,500,Buy,232512838
2024-08-19 09:15:39,15200.0,100,Buy,232512963
2024-08-19 09:15:42,15200.0,400,Buy,232513068
2024-08-19 09:15:42,15200.0,5000,Buy,232513067
2024-08-19 09:15:42,15200.0,5000,Buy,232513066
2024-08-19 09:15:42,15200.0,200,Buy,232513065
2024-08-19 09:15:42,15200.0,5000,Buy,232513063
2024-08-19 09:15:42,15200.0,100,Buy,232513062
2024-08-19 09:15:42,15200.0,1000,Buy,232513061
2024-08-19 09:15:42,15200.0,1000,Buy,232513060
2024-08-19 09:15:42,15200.0,500,Buy,232513064
2024-08-19 09:15:42,15200.0,200,Buy,232513058
2024-08-19 09:15:42,15200.0,3000,Buy,232513057
2024-08-19 09:15:42,15200.0,2000,Buy,232513056
2024-08-19 09:15:42,15200.0,2000,Buy,232513055
2024-08-19 09:15:42,15200.0,1000,Buy,232513054
2024-08-19 09:15:42,15200.0,500,Buy,232513053
2024-08-19 09:15:42,15200.0,100,Buy,232513052
2024-08-19 09:15:42,15200.0,5000,Buy,232513051
2024-08-19 09:15:42,15200.0,500,Buy,232513050
2024-08-19 09:15:42,15200.0,300,Buy,232513059
2024-08-19 09:15:43,15200.0,7000,Buy,232513096
2024-08-19 09:15:44,15200.0,5000,Buy,232513143
2024-08-19 09:15:45,15200.0,800,Buy,232513214
2024-08-19 09:15:49,15200.0,1800,Buy,232513435
2024-08-19 09:15:49,15200.0,200,Buy,232513436
2024-08-19 09:15:51,15200.0,100,Buy,232513580
2024-08-19 09:15:51,15200.0,100,Buy,232513581
2024-08-19 09:15:51,15200.0,100,Buy,232513582
2024-08-19 09:15:51,15200.0,6000,Buy,232513583
2024-08-19 09:15:51,15200.0,5000,Buy,232513587
2024-08-19 09:15:51,15200.0,500,Buy,232513588
2024-08-19 09:15:51,15200.0,38200,Buy,232513589
2024-08-19 09:15:53,15200.0,100,Buy,232513694
2024-08-19 09:15:53,15200.0,2000,Buy,232513693
2024-08-19 09:15:53,15200.0,1000,Buy,232513692
2024-08-19 09:15:53,15200.0,200,Buy,232513691
2024-08-19 09:15:53,15200.0,1000,Buy,232513690
2024-08-19 09:15:53,15200.0,100,Buy,232513688
2024-08-19 09:15:53,15200.0,11800,Buy,232513685
2024-08-19 09:15:53,15200.0,500,Buy,232513689
2024-08-19 09:15:53,15200.0,500,Buy,232513687
2024-08-19 09:15:53,15200.0,1000,Buy,232513686
2024-08-19 09:15:56,15200.0,500,Sell,232513850
2024-08-19 09:15:58,15200.0,6300,Sell,232513956
2024-08-19 09:15:58,15200.0,3000,Sell,232513957
2024-08-19 09:15:58,15200.0,100,Sell,232513958
2024-08-19 09:15:58,15200.0,1100,Sell,232513959
2024-08-19 09:15:58,15200.0,300,Sell,232513964
2024-08-19 09:16:11,15200.0,1000,Sell,232514646
2024-08-19 09:16:18,15250.0,100,Buy,232515092
2024-08-19 09:16:18,15250.0,200,Buy,232515090
2024-08-19 09:16:18,15250.0,200,Buy,232515091
2024-08-19 09:16:19,15200.0,1000,Sell,232515183
2024-08-19 09:16:20,15250.0,1500,Buy,232515244
2024-08-19 09:16:30,15250.0,200,Buy,232515750
2024-08-19 09:16:30,15250.0,200,Buy,232515802
2024-08-19 09:16:35,15250.0,100,Buy,232516015
2024-08-19 09:16:38,15200.0,100,Sell,232516165
2024-08-19 09:16:38,15250.0,1600,Buy,232516166
2024-08-19 09:16:41,15250.0,100,Buy,232516364
2024-08-19 09:16:42,15250.0,1500,Buy,232516407
2024-08-19 09:16:42,15250.0,1300,Buy,232516405
2024-08-19 09:16:42,15250.0,200,Buy,232516406
2024-08-19 09:16:43,15250.0,200,Buy,232516469
2024-08-19 09:16:44,15200.0,1000,Sell,232516558
2024-08-19 09:16:48,15250.0,200,Buy,232516831
2024-08-19 09:16:49,15200.0,100,Sell,232516890
2024-08-19 09:16:51,15250.0,100,Buy,232517035
2024-08-19 09:16:55,15250.0,200,Buy,232517191
2024-08-19 09:16:55,15250.0,200,Buy,232517192
2024-08-19 09:16:55,15250.0,1000,Buy,232517193
2024-08-19 09:16:55,15250.0,100,Buy,232517194
2024-08-19 09:16:55,15250.0,100,Buy,232517195
2024-08-19 09:16:55,15250.0,2000,Buy,232517196
2024-08-19 09:16:55,15250.0,25000,Buy,232517197
2024-08-19 09:16:55,15250.0,600,Buy,232517202
2024-08-19 09:16:55,15250.0,800,Buy,232517201
2024-08-19 09:16:55,15250.0,100,Buy,232517203
2024-08-19 09:16:55,15250.0,500,Buy,232517204
2024-08-19 09:16:55,15250.0,1000,Buy,232517205
2024-08-19 09:16:55,15250.0,100,Buy,232517206
2024-08-19 09:16:55,15250.0,100,Buy,232517207
2024-08-19 09:16:55,15250.0,500,Buy,232517200
2024-08-19 09:16:55,15250.0,100,Buy,232517190
2024-08-19 09:16:55,15250.0,1000,Buy,232517184
2024-08-19 09:16:55,15250.0,700,Buy,232517188
2024-08-19 09:16:55,15250.0,200,Buy,232517189
2024-08-19 09:16:55,15250.0,100,Buy,232517172
2024-08-19 09:16:55,15250.0,100,Buy,232517173
2024-08-19 09:16:55,15250.0,200,Buy,232517174
2024-08-19 09:16:55,15250.0,1000,Buy,232517175
2024-08-19 09:16:55,15250.0,500,Buy,232517176
2024-08-19 09:16:55,15250.0,200,Buy,232517177
2024-08-19 09:16:55,15250.0,2000,Buy,232517178
2024-08-19 09:16:55,15250.0,10000,Buy,232517183
2024-08-19 09:16:55,15250.0,5000,Buy,232517180
2024-08-19 09:16:55,15250.0,100,Buy,232517181
2024-08-19 09:16:55,15250.0,100,Buy,232517182
2024-08-19 09:16:55,15250.0,5000,Buy,232517179
2024-08-19 09:16:55,15250.0,10000,Buy,232517185
2024-08-19 09:16:55,15250.0,100,Buy,232517186
2024-08-19 09:16:55,15250.0,29800,Buy,232517187
2024-08-19 09:16:58,15250.0,5000,Sell,232517328
2024-08-19 09:16:59,15250.0,500,Sell,232517434
2024-08-19 09:17:02,15250.0,1000,Sell,232517558
2024-08-19 09:17:02,15250.0,2100,Sell,232517559
2024-08-19 09:17:02,15250.0,400,Sell,232517597
2024-08-19 09:17:02,15250.0,100,Sell,232517557
2024-08-19 09:17:03,15250.0,200,Sell,232517636
2024-08-19 09:17:04,15250.0,10000,Sell,232517673
2024-08-19 09:17:05,15250.0,200,Sell,232517787
2024-08-19 09:17:10,15250.0,10000,Sell,232517989
2024-08-19 09:17:11,15250.0,800,Sell,232518068
2024-08-19 09:17:11,15250.0,2900,Sell,232518050
2024-08-19 09:17:11,15250.0,200,Sell,232518051
2024-08-19 09:17:11,15250.0,1500,Sell,232518052
2024-08-19 09:17:11,15250.0,400,Sell,232518053
2024-08-19 09:17:11,15250.0,5000,Sell,232518054
2024-08-19 09:17:11,15250.0,100,Sell,232518066
2024-08-19 09:17:11,15250.0,100,Sell,232518067
2024-08-19 09:17:13,15250.0,200,Sell,232518138
2024-08-19 09:17:13,15250.0,1000,Sell,232518152
2024-08-19 09:17:15,15250.0,100,Sell,232518259
2024-08-19 09:17:17,15250.0,800,Sell,232518371
2024-08-19 09:17:17,15300.0,100,Buy,232518326
2024-08-19 09:17:17,15250.0,200,Sell,232518370
2024-08-19 09:17:20,15250.0,300,Buy,232518519
2024-08-19 09:17:22,15250.0,5200,Buy,232518605
2024-08-19 09:17:22,15250.0,1700,Buy,232518604
2024-08-19 09:17:24,15250.0,5000,Buy,232518802
2024-08-19 09:17:24,15250.0,4700,Buy,232518803
2024-08-19 09:17:24,15250.0,200,Buy,232518804
2024-08-19 09:17:24,15250.0,1000,Buy,232518805
2024-08-19 09:17:24,15250.0,4300,Buy,232518806
2024-08-19 09:17:24,15250.0,24800,Buy,232518801
2024-08-19 09:17:27,15250.0,1000,Buy,232518935
2024-08-19 09:17:28,15250.0,200,Buy,232518969
2024-08-19 09:17:31,15250.0,400,Buy,232519120
2024-08-19 09:17:32,15250.0,1000,Buy,232519140
2024-08-19 09:17:38,15250.0,3500,Buy,232519437
2024-08-19 09:17:41,15200.0,100,Sell,232519587
2024-08-19 09:17:42,15250.0,200,Buy,232519679
2024-08-19 09:17:43,15250.0,500,Buy,232519756
2024-08-19 09:17:44,15250.0,50000,Buy,232519803
2024-08-19 09:17:44,15200.0,1100,Sell,232519798
2024-08-19 09:17:44,15200.0,1900,Sell,232519796
2024-08-19 09:17:44,15200.0,1000,Sell,232519797
2024-08-19 09:17:44,15250.0,5000,Buy,232519785
2024-08-19 09:17:47,15200.0,600,Sell,232519944
2024-08-19 09:17:50,15250.0,100,Buy,232520086
2024-08-19 09:17:50,15250.0,500,Buy,232520093
2024-08-19 09:17:50,15250.0,2000,Buy,232520114
2024-08-19 09:17:52,15250.0,300,Buy,232520167
2024-08-19 09:17:57,15250.0,200,Buy,232520437
2024-08-19 09:17:57,15250.0,1000,Buy,232520407
2024-08-19 09:17:57,15200.0,200,Sell,232520408
2024-08-19 09:17:57,15250.0,100,Buy,232520436
2024-08-19 09:17:58,15250.0,100,Buy,232520453
2024-08-19 09:17:59,15250.0,700,Buy,232520522
2024-08-19 09:17:59,15250.0,100,Buy,232520523
2024-08-19 09:17:59,15250.0,200,Buy,232520524
2024-08-19 09:17:59,15250.0,1000,Buy,232520525
2024-08-19 09:18:02,15250.0,200,Buy,232520701
2024-08-19 09:18:02,15250.0,500,Buy,232520702
2024-08-19 09:18:03,15250.0,1000,Buy,232520750
2024-08-19 09:18:18,15250.0,200,Buy,232521603
2024-08-19 09:18:18,15250.0,1000,Buy,232521598
2024-08-19 09:18:22,15250.0,100,Buy,232521873
2024-08-19 09:18:23,15200.0,500,Sell,232521910
2024-08-19 09:18:26,15250.0,500,Buy,232522024
2024-08-19 09:18:29,15250.0,600,Buy,232522259
2024-08-19 09:18:29,15250.0,200,Buy,232522258
2024-08-19 09:18:29,15250.0,1000,Buy,232522257
2024-08-19 09:18:29,15250.0,100,Buy,232522255
2024-08-19 09:18:29,15250.0,500,Buy,232522256
2024-08-19 09:18:29,15250.0,100,Buy,232522253
2024-08-19 09:18:29,15250.0,500,Buy,232522252
2024-08-19 09:18:29,15250.0,500,Buy,232522251
2024-08-19 09:18:29,15250.0,1400,Buy,232522250
2024-08-19 09:18:29,15250.0,100,Buy,232522254
2024-08-19 09:18:31,15250.0,600,Buy,232522423
2024-08-19 09:18:31,15250.0,9400,Buy,232522424
2024-08-19 09:18:32,15250.0,100,Buy,232522484
2024-08-19 09:18:34,15250.0,100,Buy,232522620
2024-08-19 09:18:34,15250.0,100,Buy,232522619
2024-08-19 09:18:34,15250.0,300,Buy,232522618
2024-08-19 09:18:34,15250.0,200,Buy,232522600
2024-08-19 09:18:34,15250.0,300,Buy,232522599
2024-08-19 09:18:34,15250.0,500,Buy,232522581
2024-08-19 09:18:37,15250.0,100,Buy,232522770
2024-08-19 09:18:37,15250.0,100,Buy,232522771
2024-08-19 09:18:40,15250.0,500,Buy,232522897
2024-08-19 09:18:41,15250.0,1000,Buy,232522951
2024-08-19 09:18:46,15250.0,500,Buy,232523181
2024-08-19 09:18:46,15250.0,100,Buy,232523207
2024-08-19 09:18:49,15250.0,100,Buy,232523435
2024-08-19 09:18:55,15250.0,1000,Buy,232523746
2024-08-19 09:18:55,15250.0,1000,Buy,232523756
2024-08-19 09:18:57,15250.0,1000,Buy,232523842
2024-08-19 09:19:02,15250.0,700,Buy,232524099
2024-08-19 09:19:02,15250.0,300,Buy,232524100
2024-08-19 09:19:03,15250.0,400,Buy,232524124
2024-08-19 09:19:08,15250.0,300,Buy,232524313
2024-08-19 09:19:10,15250.0,13600,Buy,232524429
2024-08-19 09:19:10,15250.0,100,Buy,232524427
2024-08-19 09:19:10,15250.0,3000,Buy,232524425
2024-08-19 09:19:10,15250.0,300,Buy,232524428
2024-08-19 09:19:10,15250.0,3000,Buy,232524426
2024-08-19 09:19:10,15250.0,100,Buy,232524421
2024-08-19 09:19:10,15250.0,200,Buy,232524424
2024-08-19 09:19:10,15250.0,100,Buy,232524423
2024-08-19 09:19:10,15250.0,200,Buy,232524422
2024-08-19 09:19:11,15250.0,2500,Buy,232524446
2024-08-19 09:19:13,15250.0,500,Buy,232524543
2024-08-19 09:19:14,15250.0,10000,Buy,232524604
2024-08-19 09:19:14,15250.0,700,Buy,232524605
2024-08-19 09:19:17,15250.0,300,Buy,232524712
2024-08-19 09:19:19,15250.0,1000,Buy,232524809
2024-08-19 09:19:20,15250.0,200,Buy,232524874
2024-08-19 09:19:20,15250.0,3000,Buy,232524875
2024-08-19 09:19:20,15250.0,1400,Buy,232524876
2024-08-19 09:19:20,15250.0,5200,Buy,232524877
2024-08-19 09:19:20,15250.0,300,Buy,232524878
2024-08-19 09:19:20,15250.0,200,Buy,232524879
2024-08-19 09:19:20,15250.0,8000,Buy,232524882
2024-08-19 09:19:20,15250.0,1000,Buy,232524881
2024-08-19 09:19:20,15250.0,500,Buy,232524873
2024-08-19 09:19:20,15250.0,500,Buy,232524883
2024-08-19 09:19:20,15250.0,100,Buy,232524884
2024-08-19 09:19:20,15250.0,100,Buy,232524885
2024-08-19 09:19:20,15250.0,100,Buy,232524886
2024-08-19 09:19:20,15250.0,2000,Buy,232524880
2024-08-19 09:19:20,15250.0,100,Buy,232524872
2024-08-19 09:19:20,15250.0,100,Buy,232524869
2024-08-19 09:19:20,15250.0,200,Buy,232524870
2024-08-19 09:19:20,15250.0,21400,Buy,232524856
2024-08-19 09:19:20,15250.0,100,Buy,232524857
2024-08-19 09:19:20,15250.0,200,Buy,232524858
2024-08-19 09:19:20,15250.0,2000,Buy,232524859
2024-08-19 09:19:20,15250.0,100,Buy,232524860
2024-08-19 09:19:20,15250.0,5000,Buy,232524871
2024-08-19 09:19:20,15250.0,600,Buy,232524861
2024-08-19 09:19:20,15250.0,600,Buy,232524863
2024-08-19 09:19:20,15250.0,100,Buy,232524864
2024-08-19 09:19:20,15250.0,100,Buy,232524865
2024-08-19 09:19:20,15250.0,5000,Buy,232524866
2024-08-19 09:19:20,15250.0,500,Buy,232524868
2024-08-19 09:19:20,15250.0,200,Buy,232524862
2024-08-19 09:19:20,15250.0,15000,Buy,232524867
2024-08-19 09:19:25,15250.0,1000,Sell,232525100
2024-08-19 09:19:26,15250.0,1100,Sell,232525132
2024-08-19 09:19:28,15250.0,100,Sell,232525211
2024-08-19 09:19:28,15250.0,300,Sell,232525214
2024-08-19 09:19:29,15250.0,20000,Sell,232525249
2024-08-19 09:19:31,15250.0,2000,Sell,232525327
2024-08-19 09:19:34,15250.0,100,Sell,232525496
2024-08-19 09:19:34,15250.0,300,Sell,232525507
2024-08-19 09:19:35,15250.0,1200,Sell,232525520
2024-08-19 09:19:35,15250.0,100,Sell,232525521
2024-08-19 09:19:35,15250.0,100,Sell,232525522
2024-08-19 09:19:35,15250.0,100,Sell,232525523
2024-08-19 09:19:35,15250.0,3500,Sell,232525524
2024-08-19 09:19:36,15250.0,1700,Sell,232525576
2024-08-19 09:19:37,15250.0,44800,Sell,232525609
2024-08-19 09:19:42,15250.0,900,Buy,232525841
2024-08-19 09:19:43,15250.0,200,Buy,232525885
2024-08-19 09:19:45,15250.0,500,Buy,232525950
2024-08-19 09:19:45,15250.0,3000,Buy,232525966
2024-08-19 09:19:51,15250.0,10000,Buy,232526229
2024-08-19 09:19:51,15250.0,2500,Buy,232526257
2024-08-19 09:19:55,15250.0,500,Buy,232526414
2024-08-19 09:19:58,15250.0,5000,Buy,232526532
2024-08-19 09:20:01,15250.0,1000,Buy,232526644
2024-08-19 09:20:07,15250.0,3000,Buy,232526882
2024-08-19 09:20:14,15250.0,100,Buy,232527147
2024-08-19 09:20:15,15250.0,2000,Buy,232527190
2024-08-19 09:20:15,15250.0,700,Buy,232527196
2024-08-19 09:20:16,15250.0,100,Buy,232527304
2024-08-19 09:20:20,15250.0,1600,Buy,232527470
2024-08-19 09:20:23,15250.0,300,Buy,232527606
2024-08-19 09:20:23,15250.0,5000,Buy,232527620
2024-08-19 09:20:27,15250.0,300,Buy,232527795
2024-08-19 09:20:29,15250.0,16000,Buy,232527853
2024-08-19 09:20:29,15250.0,100,Buy,232527854
2024-08-19 09:20:35,15250.0,1000,Buy,232528152
2024-08-19 09:20:35,15250.0,1300,Buy,232528161
2024-08-19 09:20:39,15250.0,100,Buy,232528351
2024-08-19 09:20:39,15250.0,200,Buy,232528352
2024-08-19 09:20:40,15250.0,100,Buy,232528369
2024-08-19 09:20:41,15200.0,2500,Sell,232528400
2024-08-19 09:20:42,15250.0,500,Buy,232528431
2024-08-19 09:20:50,15250.0,100,Buy,232528778
2024-08-19 09:20:50,15250.0,900,Buy,232528769
2024-08-19 09:20:50,15250.0,500,Buy,232528768
2024-08-19 09:20:50,15250.0,200,Buy,232528767
2024-08-19 09:20:50,15250.0,300,Buy,232528765
2024-08-19 09:20:50,15250.0,100,Buy,232528766
2024-08-19 09:20:50,15250.0,1000,Buy,232528764
2024-08-19 09:20:59,15250.0,500,Buy,232529138
2024-08-19 09:21:22,15250.0,500,Buy,232530189
2024-08-19 09:21:26,15250.0,400,Buy,232530332
2024-08-19 09:21:31,15250.0,5000,Buy,232530495
2024-08-19 09:21:37,15250.0,300,Buy,232530728
2024-08-19 09:21:43,15250.0,500,Buy,232530932
2024-08-19 09:21:46,15250.0,1000,Buy,232531037
2024-08-19 09:21:49,15200.0,100,Sell,232531151
2024-08-19 09:21:58,15200.0,100,Sell,232531476
2024-08-19 09:21:58,15200.0,200,Sell,232531474
2024-08-19 09:21:58,15200.0,1000,Sell,232531473
2024-08-19 09:21:58,15200.0,100,Sell,232531475
2024-08-19 09:21:59,15200.0,100,Sell,232531485
2024-08-19 09:21:59,15200.0,200,Sell,232531486
2024-08-19 09:21:59,15200.0,400,Sell,232531487
2024-08-19 09:21:59,15200.0,200,Sell,232531488
2024-08-19 09:21:59,15200.0,100,Sell,232531489
2024-08-19 09:22:01,15200.0,600,Sell,232531599
2024-08-19 09:22:01,15200.0,5000,Sell,232531597
2024-08-19 09:22:01,15200.0,2000,Sell,232531598
2024-08-19 09:22:01,15200.0,100,Sell,232531595
2024-08-19 09:22:01,15200.0,200,Sell,232531594
2024-08-19 09:22:01,15200.0,100,Sell,232531596
2024-08-19 09:22:03,15250.0,500,Buy,232531643
2024-08-19 09:22:03,15250.0,100,Buy,232531656
2024-08-19 09:22:04,15250.0,200,Buy,232531682
2024-08-19 09:22:04,15250.0,200,Buy,232531683
2024-08-19 09:22:04,15250.0,600,Buy,232531684
2024-08-19 09:22:05,15250.0,100,Buy,232531712
2024-08-19 09:22:11,15250.0,300,Buy,232531919
2024-08-19 09:22:11,15250.0,1700,Buy,232531920
2024-08-19 09:22:15,15200.0,7500,Sell,232532032
2024-08-19 09:22:15,15200.0,300,Sell,232532029
2024-08-19 09:22:15,15200.0,2000,Sell,232532030
2024-08-19 09:22:15,15200.0,200,Sell,232532031
2024-08-19 09:22:17,15200.0,2500,Sell,232532093
2024-08-19 09:22:17,15200.0,1500,Sell,232532094
2024-08-19 09:22:19,15200.0,1000,Sell,232532159
2024-08-19 09:22:21,15200.0,1000,Sell,232532256
2024-08-19 09:22:28,15200.0,1000,Sell,232532475
2024-08-19 09:22:28,15200.0,5000,Sell,232532478
2024-08-19 09:22:30,15200.0,2000,Sell,232532540
2024-08-19 09:22:30,15200.0,800,Sell,232532541
2024-08-19 09:22:30,15200.0,100,Sell,232532538
2024-08-19 09:22:30,15200.0,500,Sell,232532537
2024-08-19 09:22:30,15200.0,500,Sell,232532539
2024-08-19 09:22:34,15200.0,200,Sell,232532670
2024-08-19 09:22:34,15200.0,1000,Sell,232532671
2024-08-19 09:22:34,15200.0,200,Sell,232532672
2024-08-19 09:22:34,15200.0,100,Sell,232532673
2024-08-19 09:22:34,15200.0,200,Sell,232532674
2024-08-19 09:22:34,15200.0,1000,Sell,232532675
2024-08-19 09:22:34,15200.0,17300,Sell,232532676
2024-08-19 09:22:35,15200.0,2200,Sell,232532698
2024-08-19 09:22:37,15200.0,300,Sell,232532785
2024-08-19 09:22:37,15200.0,2800,Sell,232532784
2024-08-19 09:22:37,15200.0,200,Sell,232532783
2024-08-19 09:22:37,15200.0,500,Sell,232532782
2024-08-19 09:22:37,15200.0,1000,Sell,232532781
2024-08-19 09:22:37,15200.0,5500,Sell,232532780
2024-08-19 09:22:39,15200.0,100,Sell,232532833
2024-08-19 09:22:40,15200.0,800,Sell,232532864
2024-08-19 09:22:40,15200.0,500,Sell,232532865
2024-08-19 09:22:40,15200.0,3700,Sell,232532866
2024-08-19 09:22:41,15200.0,9100,Sell,232532930
2024-08-19 09:22:41,15200.0,900,Sell,232532929
2024-08-19 09:22:41,15200.0,1100,Sell,232532916
2024-08-19 09:22:41,15200.0,300,Sell,232532915
2024-08-19 09:22:41,15200.0,1000,Sell,232532914
2024-08-19 09:22:41,15200.0,100,Sell,232532913
2024-08-19 09:22:41,15200.0,100,Sell,232532909
2024-08-19 09:22:41,15200.0,300,Sell,232532911
2024-08-19 09:22:41,15200.0,1000,Sell,232532910
2024-08-19 09:22:41,15200.0,6600,Sell,232532908
2024-08-19 09:22:41,15200.0,1000,Sell,232532907
2024-08-19 09:22:41,15200.0,4300,Sell,232532906
2024-08-19 09:22:41,15200.0,200,Sell,232532912
2024-08-19 09:22:42,15200.0,900,Sell,232532956
2024-08-19 09:22:42,15200.0,100,Sell,232532957
2024-08-19 09:22:43,15200.0,100,Sell,232532982
2024-08-19 09:22:43,15200.0,100,Sell,232532981
2024-08-19 09:22:43,15200.0,1300,Sell,232532979
2024-08-19 09:22:43,15200.0,500,Sell,232532980
2024-08-19 09:22:57,15200.0,1800,Sell,232533515
2024-08-19 09:22:57,15200.0,400,Sell,232533520
2024-08-19 09:22:57,15200.0,200,Sell,232533519
2024-08-19 09:22:57,15200.0,1400,Sell,232533518
2024-08-19 09:22:57,15200.0,500,Sell,232533517
2024-08-19 09:22:57,15200.0,400,Sell,232533516
2024-08-19 09:22:57,15200.0,1000,Sell,232533514
2024-08-19 09:22:57,15200.0,1000,Sell,232533513
2024-08-19 09:22:57,15200.0,1300,Sell,232533512
2024-08-19 09:22:57,15200.0,100,Sell,232533507
2024-08-19 09:22:57,15200.0,2500,Sell,232533508
2024-08-19 09:22:57,15200.0,700,Sell,232533506
2024-08-19 09:22:57,15200.0,2000,Sell,232533510
2024-08-19 09:22:57,15200.0,1500,Sell,232533511
2024-08-19 09:22:57,15200.0,200,Sell,232533509
2024-08-19 09:22:58,15200.0,400,Sell,232533537
2024-08-19 09:23:00,15200.0,1700,Sell,232533663
2024-08-19 09:23:00,15200.0,2000,Sell,232533662
2024-08-19 09:23:00,15200.0,200,Sell,232533660
2024-08-19 09:23:00,15200.0,200,Sell,232533661
2024-08-19 09:23:00,15200.0,200,Sell,232533658
2024-08-19 09:23:00,15200.0,400,Sell,232533657
2024-08-19 09:23:00,15200.0,200,Sell,232533638
2024-08-19 09:23:00,15200.0,100,Sell,232533659
2024-08-19 09:23:01,15200.0,1300,Sell,232533733
2024-08-19 09:23:01,15200.0,1000,Sell,232533734
2024-08-19 09:23:01,15200.0,500,Sell,232533735
2024-08-19 09:23:01,15200.0,19200,Sell,232533736
2024-08-19 09:23:08,15200.0,10000,Sell,232534065
2024-08-19 09:23:08,15200.0,500,Sell,232534077
2024-08-19 09:23:12,15200.0,10000,Sell,232534300
2024-08-19 09:23:16,15200.0,10000,Sell,232534471
2024-08-19 09:23:20,15200.0,200,Sell,232534618
2024-08-19 09:23:21,15200.0,2000,Sell,232534667
2024-08-19 09:23:22,15200.0,200,Sell,232534694
2024-08-19 09:23:24,15200.0,10000,Sell,232534784
2024-08-19 09:23:25,15200.0,2000,Sell,232534815
2024-08-19 09:23:25,15200.0,3000,Sell,232534826
2024-08-19 09:23:30,15200.0,2000,Sell,232535023
2024-08-19 09:23:31,15200.0,5200,Sell,232535040
2024-08-19 09:23:33,15200.0,5000,Sell,232535154
2024-08-19 09:23:33,15200.0,10000,Sell,232535159
2024-08-19 09:23:34,15200.0,6000,Sell,232535184
2024-08-19 09:23:36,15200.0,300,Sell,232535253
2024-08-19 09:23:36,15250.0,100,Buy,232535294
2024-08-19 09:23:36,15200.0,100,Sell,232535295
2024-08-19 09:23:36,15200.0,200,Sell,232535296
2024-08-19 09:23:36,15200.0,500,Sell,232535297
2024-08-19 09:23:36,15200.0,200,Sell,232535298
2024-08-19 09:23:36,15200.0,4700,Sell,232535252
2024-08-19 09:23:37,15200.0,500,Sell,232535352
2024-08-19 09:23:37,15200.0,200,Sell,232535351
2024-08-19 09:23:37,15200.0,100,Sell,232535350
2024-08-19 09:23:37,15200.0,10000,Sell,232535349
2024-08-19 09:23:37,15200.0,300,Sell,232535347
2024-08-19 09:23:37,15200.0,5000,Sell,232535348
2024-08-19 09:23:41,15200.0,1000,Buy,232535484
2024-08-19 09:23:42,15200.0,3000,Buy,232535530
2024-08-19 09:23:48,15200.0,1000,Buy,232535787
2024-08-19 09:23:59,15150.0,300,Sell,232536251
2024-08-19 09:24:06,15200.0,800,Buy,232536584
2024-08-19 09:24:07,15150.0,5000,Sell,232536604
2024-08-19 09:24:20,15200.0,100,Buy,232537080
2024-08-19 09:24:22,15150.0,100,Sell,232537135
2024-08-19 09:24:25,15150.0,600,Sell,232537219
2024-08-19 09:24:35,15150.0,10000,Sell,232537616
2024-08-19 09:24:40,15150.0,1000,Sell,232537749
2024-08-19 09:24:40,15150.0,200,Sell,232537750
2024-08-19 09:24:40,15150.0,4300,Sell,232537751
2024-08-19 09:24:40,15150.0,3000,Sell,232537767
2024-08-19 09:24:40,15150.0,2000,Sell,232537777
2024-08-19 09:24:40,15150.0,4500,Sell,232537748
2024-08-19 09:24:42,15150.0,1500,Sell,232537820
2024-08-19 09:24:43,15150.0,10000,Sell,232537875
2024-08-19 09:24:46,15200.0,2000,Buy,232538022
2024-08-19 09:24:49,15200.0,500,Buy,232538125
2024-08-19 09:24:51,15150.0,3300,Sell,232538164
2024-08-19 09:24:59,15150.0,8900,Sell,232538478
2024-08-19 09:24:59,15150.0,1100,Sell,232538469
2024-08-19 09:25:01,15150.0,10000,Sell,232538589
2024-08-19 09:25:01,15150.0,5700,Sell,232538590
2024-08-19 09:25:01,15150.0,1000,Sell,232538591
2024-08-19 09:25:01,15150.0,2000,Sell,232538592
2024-08-19 09:25:01,15150.0,10000,Sell,232538593
2024-08-19 09:25:01,15150.0,900,Sell,232538594
2024-08-19 09:25:01,15150.0,200,Sell,232538595
2024-08-19 09:25:01,15150.0,1000,Sell,232538588
2024-08-19 09:25:01,15150.0,2000,Sell,232538596
2024-08-19 09:25:01,15150.0,5000,Sell,232538598
2024-08-19 09:25:01,15150.0,3000,Sell,232538599
2024-08-19 09:25:01,15150.0,1200,Sell,232538600
2024-08-19 09:25:01,15150.0,100,Sell,232538601
2024-08-19 09:25:01,15150.0,1000,Sell,232538602
2024-08-19 09:25:01,15150.0,500,Sell,232538603
2024-08-19 09:25:01,15150.0,200,Sell,232538604
2024-08-19 09:25:01,15150.0,1000,Sell,232538605
2024-08-19 09:25:01,15150.0,1000,Sell,232538597
2024-08-19 09:25:01,15150.0,1000,Sell,232538587
2024-08-19 09:25:01,15150.0,500,Sell,232538576
2024-08-19 09:25:01,15150.0,1000,Sell,232538585
2024-08-19 09:25:01,15150.0,500,Sell,232538586
2024-08-19 09:25:01,15200.0,500,Buy,232538547
2024-08-19 09:25:01,15150.0,15900,Sell,232538567
2024-08-19 09:25:01,15150.0,5000,Sell,232538568
2024-08-19 09:25:01,15150.0,3000,Sell,232538569
2024-08-19 09:25:01,15150.0,200,Sell,232538570
2024-08-19 09:25:01,15150.0,300,Sell,232538571
2024-08-19 09:25:01,15150.0,9800,Sell,232538572
2024-08-19 09:25:01,15150.0,17000,Sell,232538573
2024-08-19 09:25:01,15150.0,500,Sell,232538575
2024-08-19 09:25:01,15150.0,500,Sell,232538574
2024-08-19 09:25:01,15150.0,500,Sell,232538583
2024-08-19 09:25:01,15150.0,20000,Sell,232538582
2024-08-19 09:25:01,15150.0,200,Sell,232538581
2024-08-19 09:25:01,15150.0,1000,Sell,232538584
2024-08-19 09:25:01,15150.0,1000,Sell,232538579
2024-08-19 09:25:01,15150.0,100,Sell,232538578
2024-08-19 09:25:01,15150.0,100,Sell,232538577
2024-08-19 09:25:01,15150.0,100,Sell,232538580
2024-08-19 09:25:03,15150.0,100,Buy,232538648
2024-08-19 09:25:05,15150.0,500,Buy,232538807
2024-08-19 09:25:06,15150.0,5000,Buy,232538873
2024-08-19 09:25:08,15150.0,1000,Buy,232538942
2024-08-19 09:25:08,15150.0,400,Buy,232538957
2024-08-19 09:25:14,15150.0,200,Buy,232539236
2024-08-19 09:25:14,15150.0,1000,Buy,232539237
2024-08-19 09:25:15,15150.0,100,Buy,232539269
2024-08-19 09:25:17,15150.0,5000,Buy,232539315
2024-08-19 09:25:21,15150.0,800,Buy,232539467
2024-08-19 09:25:26,15150.0,100,Buy,232539669
2024-08-19 09:25:27,15150.0,100,Buy,232539691
2024-08-19 09:25:30,15150.0,100,Buy,232539797
2024-08-19 09:25:33,15150.0,10000,Buy,232539874
2024-08-19 09:25:37,15150.0,3300,Buy,232540020
2024-08-19 09:25:39,15150.0,200,Buy,232540203
2024-08-19 09:25:46,15150.0,100,Buy,232540535
2024-08-19 09:25:50,15150.0,600,Buy,232540625
2024-08-19 09:25:56,15150.0,200,Buy,232540868
2024-08-19 09:25:59,15150.0,300,Buy,232540984
2024-08-19 09:26:03,15150.0,500,Buy,232541142
2024-08-19 09:26:06,15100.0,60000,Sell,232541304
2024-08-19 09:26:07,15100.0,500,Sell,232541331
2024-08-19 09:26:07,15150.0,300,Buy,232541352
2024-08-19 09:26:08,15150.0,100,Buy,232541361
2024-08-19 09:26:08,15150.0,5000,Buy,232541376
2024-08-19 09:26:14,15150.0,100,Buy,232541657
2024-08-19 09:26:19,15150.0,2000,Buy,232541823
2024-08-19 09:26:20,15150.0,500,Buy,232541863
2024-08-19 09:26:22,15150.0,3000,Buy,232541931
2024-08-19 09:26:28,15150.0,13000,Buy,232542136
2024-08-19 09:26:28,15100.0,6100,Sell,232542172
2024-08-19 09:26:28,15150.0,3900,Sell,232542171
2024-08-19 09:26:28,15150.0,200,Buy,232542170
2024-08-19 09:26:28,15150.0,500,Buy,232542169
2024-08-19 09:26:28,15150.0,100,Buy,232542168
2024-08-19 09:26:28,15150.0,100,Buy,232542167
2024-08-19 09:26:28,15150.0,1000,Buy,232542166
2024-08-19 09:26:28,15150.0,5000,Buy,232542165
2024-08-19 09:26:28,15150.0,500,Buy,232542156
2024-08-19 09:26:28,15150.0,100,Buy,232542155
2024-08-19 09:26:28,15150.0,4500,Buy,232542154
2024-08-19 09:26:28,15150.0,135400,Buy,232542135
2024-08-19 09:26:28,15150.0,500,Buy,232542152
2024-08-19 09:26:28,15150.0,1000,Buy,232542151
2024-08-19 09:26:28,15150.0,300,Buy,232542153
2024-08-19 09:26:28,15150.0,200,Buy,232542149
2024-08-19 09:26:28,15150.0,10000,Buy,232542137
2024-08-19 09:26:28,15150.0,2000,Buy,232542138
2024-08-19 09:26:28,15150.0,300,Buy,232542139
2024-08-19 09:26:28,15150.0,500,Buy,232542150
2024-08-19 09:26:28,15150.0,500,Buy,232542141
2024-08-19 09:26:28,15150.0,10000,Buy,232542142
2024-08-19 09:26:28,15150.0,200,Buy,232542140
2024-08-19 09:26:28,15150.0,200,Buy,232542144
2024-08-19 09:26:28,15150.0,2000,Buy,232542145
2024-08-19 09:26:28,15150.0,500,Buy,232542146
2024-08-19 09:26:28,15150.0,5000,Buy,232542147
2024-08-19 09:26:28,15150.0,1500,Buy,232542148
2024-08-19 09:26:28,15150.0,1000,Buy,232542143
2024-08-19 09:26:30,15100.0,1000,Sell,232542209
2024-08-19 09:26:36,15100.0,3000,Sell,232542441
2024-08-19 09:26:40,15100.0,10000,Sell,232542589
2024-08-19 09:26:42,15150.0,2000,Buy,232542736
2024-08-19 09:26:52,15150.0,100,Buy,232543236
2024-08-19 09:26:57,15150.0,300,Buy,232543476
2024-08-19 09:26:57,15150.0,400,Buy,232543467
2024-08-19 09:26:57,15150.0,100,Buy,232543465
2024-08-19 09:26:57,15150.0,200,Buy,232543466
2024-08-19 09:27:04,15150.0,300,Buy,232543753
2024-08-19 09:27:05,15150.0,4000,Buy,232543823
2024-08-19 09:27:05,15150.0,100,Buy,232543824
2024-08-19 09:27:05,15150.0,900,Buy,232543825
2024-08-19 09:27:10,15150.0,100,Buy,232544029
2024-08-19 09:27:10,15150.0,200,Buy,232544030
2024-08-19 09:27:13,15150.0,100,Buy,232544209
2024-08-19 09:27:14,15150.0,100,Buy,232544228
2024-08-19 09:27:16,15150.0,2000,Buy,232544285
2024-08-19 09:27:19,15150.0,500,Buy,232544366
2024-08-19 09:27:21,15150.0,500,Buy,232544458
2024-08-19 09:27:21,15150.0,100,Buy,232544450
2024-08-19 09:27:21,15150.0,300,Buy,232544451
2024-08-19 09:27:22,15150.0,200,Buy,232544471
2024-08-19 09:27:22,15150.0,100,Buy,232544472
2024-08-19 09:27:22,15150.0,700,Buy,232544473
2024-08-19 09:27:25,15150.0,200,Sell,232544627
2024-08-19 09:27:25,15150.0,200,Buy,232544622
2024-08-19 09:27:25,15150.0,500,Buy,232544621
2024-08-19 09:27:25,15150.0,2000,Buy,232544619
2024-08-19 09:27:25,15150.0,4300,Buy,232544617
2024-08-19 09:27:25,15150.0,200,Buy,232544620
2024-08-19 09:27:25,15150.0,2000,Buy,232544618
2024-08-19 09:27:36,15150.0,300,Sell,232545049
2024-08-19 09:27:37,15150.0,1300,Sell,232545123
2024-08-19 09:27:42,15150.0,100,Sell,232545289
2024-08-19 09:27:43,15150.0,1000,Sell,232545291
2024-08-19 09:27:50,15150.0,2000,Sell,232545579
2024-08-19 09:27:55,15150.0,1000,Sell,232545759
2024-08-19 09:27:58,15150.0,5600,Sell,232545884
2024-08-19 09:28:00,15150.0,100,Sell,232545948
2024-08-19 09:28:03,15150.0,1000,Sell,232546096
2024-08-19 09:28:04,15150.0,2000,Sell,232546108
2024-08-19 09:28:10,15150.0,100,Sell,232546336
2024-08-19 09:28:11,15150.0,300,Sell,232546376
2024-08-19 09:28:11,15150.0,10000,Sell,232546364
2024-08-19 09:28:13,15200.0,100,Buy,232546463
2024-08-19 09:28:20,15150.0,300,Sell,232546729
2024-08-19 09:28:21,15150.0,27000,Sell,232546762
2024-08-19 09:28:23,15150.0,300,Sell,232546831
2024-08-19 09:28:25,15150.0,200,Sell,232546913
2024-08-19 09:28:30,15150.0,3000,Sell,232547112
2024-08-19 09:28:31,15150.0,1000,Sell,232547142
2024-08-19 09:28:33,15150.0,200,Sell,232547217
2024-08-19 09:28:34,15150.0,200,Sell,232547262
2024-08-19 09:28:37,15150.0,2000,Sell,232547385
2024-08-19 09:28:38,15150.0,3300,Sell,232547412
2024-08-19 09:28:40,15150.0,300,Sell,232547453
2024-08-19 09:28:43,15150.0,100,Sell,232547561
2024-08-19 09:28:50,15200.0,200,Buy,232547727
2024-08-19 09:28:51,15150.0,200,Sell,232547730
2024-08-19 09:28:51,15150.0,20000,Sell,232547733
2024-08-19 09:28:53,15200.0,100,Buy,232547808
2024-08-19 09:28:54,15150.0,100,Sell,232547812
2024-08-19 09:28:57,15150.0,3200,Sell,232547931
2024-08-19 09:28:57,15150.0,100,Sell,232547930
2024-08-19 09:28:57,15150.0,500,Sell,232547929
2024-08-19 09:28:57,15150.0,7200,Sell,232547920
2024-08-19 09:28:57,15150.0,5800,Sell,232547922
2024-08-19 09:28:57,15150.0,7000,Sell,232547921
2024-08-19 09:28:57,15150.0,400,Sell,232547919
2024-08-19 09:28:57,15150.0,2200,Sell,232547928
2024-08-19 09:29:00,15200.0,1000,Buy,232548073
2024-08-19 09:29:03,15150.0,1000,Sell,232548151
2024-08-19 09:29:04,15150.0,800,Sell,232548167
2024-08-19 09:29:04,15150.0,1200,Sell,232548168
2024-08-19 09:29:09,15150.0,2000,Sell,232548404
2024-08-19 09:29:09,15200.0,600,Buy,232548412
2024-08-19 09:29:09,15200.0,400,Buy,232548413
2024-08-19 09:29:10,15150.0,1000,Sell,232548433
2024-08-19 09:29:10,15150.0,300,Sell,232548434
2024-08-19 09:29:10,15150.0,700,Sell,232548435
2024-08-19 09:29:14,15150.0,200,Sell,232548568
2024-08-19 09:29:18,15150.0,500,Sell,232548692
2024-08-19 09:29:19,15150.0,500,Sell,232548717
2024-08-19 09:29:20,15150.0,100,Sell,232548763
2024-08-19 09:29:21,15150.0,500,Sell,232548802
2024-08-19 09:29:21,15150.0,500,Sell,232548801
2024-08-19 09:29:23,15150.0,500,Sell,232548841
2024-08-19 09:29:27,15150.0,800,Sell,232549011
2024-08-19 09:29:27,15150.0,500,Sell,232549012
2024-08-19 09:29:32,15150.0,500,Sell,232549221
2024-08-19 09:29:32,15150.0,500,Sell,232549219
2024-08-19 09:29:32,15150.0,500,Sell,232549220
2024-08-19 09:29:37,15150.0,500,Sell,232549391
2024-08-19 09:29:37,15150.0,800,Sell,232549392
2024-08-19 09:29:38,15150.0,300,Sell,232549460
2024-08-19 09:29:40,15150.0,300,Sell,232549545
2024-08-19 09:29:41,15150.0,1000,Sell,232549556
2024-08-19 09:29:43,15150.0,300,Sell,232549604
2024-08-19 09:29:43,15150.0,1000,Sell,232549633
2024-08-19 09:29:55,15150.0,5000,Sell,232550070
2024-08-19 09:29:58,15150.0,300,Sell,232550204
2024-08-19 09:29:58,15150.0,100,Sell,232550164
2024-08-19 09:30:01,15150.0,200,Sell,232550281
2024-08-19 09:30:04,15150.0,100,Sell,232550369
2024-08-19 09:30:09,15150.0,500,Sell,232550495
2024-08-19 09:30:12,15150.0,2600,Sell,232550589
2024-08-19 09:30:12,15150.0,4700,Sell,232550598
2024-08-19 09:30:15,15150.0,30000,Sell,232550763
2024-08-19 09:30:16,15200.0,300,Buy,232550776
2024-08-19 09:30:16,15150.0,100,Sell,232550775
2024-08-19 09:30:23,15150.0,100,Sell,232551112
2024-08-19 09:30:28,15150.0,100,Sell,232551291
2024-08-19 09:30:30,15150.0,100,Sell,232551331
2024-08-19 09:30:33,15150.0,1100,Sell,232551431
2024-08-19 09:30:33,15150.0,1000,Sell,232551443
2024-08-19 09:30:33,15150.0,1000,Sell,232551442
2024-08-19 09:30:33,15150.0,3000,Sell,232551445
2024-08-19 09:30:33,15150.0,2000,Sell,232551440
2024-08-19 09:30:33,15150.0,500,Sell,232551439
2024-08-19 09:30:33,15150.0,1300,Sell,232551438
2024-08-19 09:30:33,15150.0,200,Sell,232551441
2024-08-19 09:30:33,15150.0,1000,Sell,232551444
2024-08-19 09:30:39,15150.0,1000,Sell,232551565
2024-08-19 09:30:47,15150.0,1000,Sell,232551832
2024-08-19 09:30:53,15150.0,100,Sell,232552078
2024-08-19 09:30:53,15150.0,300,Sell,232552082
2024-08-19 09:30:53,15150.0,1000,Sell,232552100
2024-08-19 09:30:55,15150.0,2000,Sell,232552244
2024-08-19 09:30:59,15150.0,1000,Sell,232552405
2024-08-19 09:31:01,15150.0,300,Sell,232552463
2024-08-19 09:31:01,15150.0,100,Sell,232552462
2024-08-19 09:31:01,15150.0,600,Sell,232552461
2024-08-19 09:31:02,15150.0,4500,Sell,232552503
2024-08-19 09:31:02,15150.0,100,Sell,232552502
2024-08-19 09:31:02,15150.0,100,Sell,232552501
2024-08-19 09:31:02,15150.0,100,Sell,232552500
2024-08-19 09:31:02,15150.0,1400,Sell,232552499
2024-08-19 09:31:02,15150.0,700,Sell,232552492
2024-08-19 09:31:02,15150.0,6500,Sell,232552497
2024-08-19 09:31:02,15150.0,2500,Sell,232552496
2024-08-19 09:31:02,15150.0,1000,Sell,232552495
2024-08-19 09:31:02,15150.0,1000,Sell,232552494
2024-08-19 09:31:02,15150.0,100,Sell,232552493
2024-08-19 09:31:02,15150.0,2000,Sell,232552498
2024-08-19 09:31:03,15150.0,300,Sell,232552525
2024-08-19 09:31:03,15150.0,100,Sell,232552543
2024-08-19 09:31:04,15150.0,2000,Sell,232552567
2024-08-19 09:31:05,15200.0,100,Buy,232552592
2024-08-19 09:31:06,15150.0,900,Sell,232552654
2024-08-19 09:31:06,15150.0,300,Sell,232552655
2024-08-19 09:31:10,15150.0,200,Sell,232552847
2024-08-19 09:31:11,15150.0,400,Sell,232552872
2024-08-19 09:31:12,15150.0,1000,Sell,232552913
2024-08-19 09:31:16,15150.0,3100,Sell,232553016
2024-08-19 09:31:16,15150.0,4200,Sell,232553024
2024-08-19 09:31:16,15150.0,200,Sell,232553023
2024-08-19 09:31:16,15150.0,600,Sell,232553022
2024-08-19 09:31:16,15150.0,500,Sell,232553018
2024-08-19 09:31:16,15150.0,500,Sell,232553020
2024-08-19 09:31:16,15150.0,500,Sell,232553019
2024-08-19 09:31:16,15150.0,200,Sell,232553017
2024-08-19 09:31:16,15150.0,200,Sell,232553021
2024-08-19 09:31:17,15150.0,1000,Sell,232553072
2024-08-19 09:31:28,15150.0,3500,Sell,232553388
2024-08-19 09:31:29,15150.0,1300,Sell,232553425
2024-08-19 09:31:29,15150.0,200,Sell,232553426
2024-08-19 09:31:29,15150.0,2000,Sell,232553427
2024-08-19 09:31:29,15150.0,2000,Sell,232553428
2024-08-19 09:31:29,15150.0,1300,Sell,232553429
2024-08-19 09:31:30,15150.0,1000,Buy,232553455
2024-08-19 09:31:34,15150.0,600,Buy,232553542
2024-08-19 09:31:43,15150.0,200,Buy,232553804
2024-08-19 09:31:43,15150.0,5000,Buy,232553792
2024-08-19 09:31:58,15150.0,300,Buy,232554260
2024-08-19 09:32:03,15150.0,2000,Buy,232554383
2024-08-19 09:32:09,15150.0,400,Buy,232554576
2024-08-19 09:32:09,15150.0,4100,Buy,232554574
2024-08-19 09:32:09,15150.0,500,Buy,232554575
2024-08-19 09:32:16,15150.0,1100,Buy,232554769
2024-08-19 09:32:16,15150.0,200,Buy,232554770
2024-08-19 09:32:27,15100.0,100,Sell,232555172
2024-08-19 09:32:28,15100.0,1100,Sell,232555202
2024-08-19 09:32:55,15100.0,500,Sell,232556089
2024-08-19 09:32:55,15150.0,100,Buy,232556108
2024-08-19 09:32:58,15150.0,1000,Buy,232556194
2024-08-19 09:33:05,15100.0,100,Sell,232556456
2024-08-19 09:33:09,15150.0,100,Buy,232556623
2024-08-19 09:33:16,15150.0,1000,Buy,232556812
2024-08-19 09:33:18,15100.0,10000,Sell,232556860
2024-08-19 09:33:22,15150.0,1000,Buy,232556932
2024-08-19 09:33:26,15150.0,200,Buy,232557040
2024-08-19 09:33:40,15100.0,200,Sell,232557406
2024-08-19 09:33:54,15150.0,100,Buy,232557888
2024-08-19 09:33:56,15100.0,2000,Sell,232557950
2024-08-19 09:33:57,15150.0,4600,Buy,232557972
2024-08-19 09:34:04,15150.0,200,Buy,232558236
2024-08-19 09:34:04,15150.0,300,Buy,232558235
2024-08-19 09:34:10,15150.0,3000,Buy,232558391
2024-08-19 09:34:12,15150.0,200,Buy,232558464
2024-08-19 09:34:16,15150.0,8000,Buy,232558523
2024-08-19 09:34:16,15150.0,300,Buy,232558524
2024-08-19 09:34:16,15150.0,1000,Buy,232558525
2024-08-19 09:34:16,15150.0,500,Buy,232558526
2024-08-19 09:34:16,15150.0,200,Buy,232558527
2024-08-19 09:34:18,15150.0,900,Buy,232558547
2024-08-19 09:34:18,15150.0,100,Buy,232558546
2024-08-19 09:34:19,15150.0,100,Buy,232558571
2024-08-19 09:34:34,15150.0,200,Buy,232558986
2024-08-19 09:34:37,15150.0,1500,Buy,232559187
2024-08-19 09:34:49,15100.0,1200,Sell,232559569
2024-08-19 09:34:49,15100.0,100,Sell,232559568
2024-08-19 09:34:49,15100.0,600,Sell,232559567
2024-08-19 09:34:49,15100.0,600,Sell,232559566
2024-08-19 09:34:49,15100.0,1500,Sell,232559565
2024-08-19 09:34:49,15100.0,1000,Sell,232559564
2024-08-19 09:34:49,15100.0,100,Sell,232559562
2024-08-19 09:34:49,15100.0,400,Sell,232559557
2024-08-19 09:34:49,15100.0,200,Sell,232559558
2024-08-19 09:34:49,15100.0,200,Sell,232559563
2024-08-19 09:34:49,15100.0,2000,Sell,232559560
2024-08-19 09:34:49,15100.0,500,Sell,232559559
2024-08-19 09:34:49,15100.0,100,Sell,232559561
2024-08-19 09:35:28,15100.0,800,Sell,232560535
2024-08-19 09:35:28,15100.0,100,Sell,232560536
2024-08-19 09:35:28,15100.0,1000,Sell,232560537
2024-08-19 09:35:28,15100.0,100,Sell,232560538
2024-08-19 09:35:30,15100.0,900,Sell,232560652
2024-08-19 09:35:30,15100.0,1500,Sell,232560653
2024-08-19 09:35:30,15100.0,5000,Sell,232560655
2024-08-19 09:35:30,15100.0,500,Sell,232560656
2024-08-19 09:35:30,15100.0,200,Sell,232560657
2024-08-19 09:35:30,15100.0,400,Sell,232560658
2024-08-19 09:35:30,15100.0,1000,Sell,232560654
2024-08-19 09:35:32,15100.0,100,Sell,232560724
2024-08-19 09:35:42,15100.0,900,Sell,232560962
2024-08-19 09:35:42,15100.0,100,Sell,232560961
2024-08-19 09:35:47,15100.0,100,Sell,232561150
2024-08-19 09:35:47,15100.0,400,Sell,232561151
2024-08-19 09:35:50,15100.0,600,Sell,232561294
2024-08-19 09:35:50,15100.0,1000,Sell,232561295
2024-08-19 09:35:50,15100.0,100,Sell,232561296
2024-08-19 09:35:59,15100.0,900,Sell,232561581
2024-08-19 09:35:59,15100.0,100,Sell,232561582
2024-08-19 09:36:29,15100.0,400,Sell,232562796
2024-08-19 09:36:29,15100.0,100,Sell,232562797
2024-08-19 09:36:38,15100.0,200,Sell,232563180
2024-08-19 09:36:38,15100.0,800,Sell,232563181
2024-08-19 09:36:40,15100.0,100,Sell,232563241
2024-08-19 09:36:40,15100.0,500,Sell,232563274
2024-08-19 09:36:50,15100.0,4000,Sell,232563557
2024-08-19 09:36:56,15150.0,500,Buy,232563795
2024-08-19 09:37:06,15150.0,1000,Buy,232564233
2024-08-19 09:37:06,15150.0,9000,Buy,232564234
2024-08-19 09:37:10,15150.0,200,Buy,232564389
2024-08-19 09:37:17,15150.0,100,Buy,232564636
2024-08-19 09:37:23,15150.0,400,Buy,232565018
2024-08-19 09:37:40,15150.0,2000,Buy,232565709
2024-08-19 09:37:43,15150.0,100,Buy,232565821
2024-08-19 09:37:44,15150.0,1000,Buy,232565842
2024-08-19 09:37:47,15150.0,10000,Buy,232565950
2024-08-19 09:37:50,15150.0,2900,Buy,232566024
2024-08-19 09:37:51,15150.0,500,Buy,232566088
2024-08-19 09:37:57,15150.0,200,Buy,232566286
2024-08-19 09:38:00,15150.0,100,Buy,232566391
2024-08-19 09:38:03,15150.0,10000,Buy,232566477
2024-08-19 09:38:05,15150.0,500,Buy,232566585
2024-08-19 09:38:09,15150.0,2000,Buy,232566738
2024-08-19 09:38:10,15150.0,1000,Buy,232566776
2024-08-19 09:38:14,15150.0,200,Buy,232566941
2024-08-19 09:38:14,15150.0,5000,Buy,232566952
2024-08-19 09:38:15,15150.0,500,Buy,232566957
2024-08-19 09:38:18,15150.0,1500,Buy,232567170
2024-08-19 09:38:18,15150.0,200,Buy,232567171
2024-08-19 09:38:18,15150.0,200,Buy,232567172
2024-08-19 09:38:18,15150.0,1100,Buy,232567173
2024-08-19 09:38:19,15150.0,1000,Buy,232567216
2024-08-19 09:38:21,15150.0,100,Buy,232567294
2024-08-19 09:38:24,15150.0,300,Buy,232567399
2024-08-19 09:38:26,15150.0,100,Buy,232567496
2024-08-19 09:38:26,15150.0,900,Buy,232567495
2024-08-19 09:38:27,15150.0,200,Buy,232567533
2024-08-19 09:38:27,15150.0,100,Buy,232567540
2024-08-19 09:38:27,15150.0,500,Buy,232567539
2024-08-19 09:38:27,15150.0,5000,Buy,232567538
2024-08-19 09:38:27,15150.0,400,Buy,232567541
2024-08-19 09:38:27,15150.0,100,Buy,232567536
2024-08-19 09:38:27,15150.0,300,Buy,232567535
2024-08-19 09:38:27,15150.0,100,Buy,232567534
2024-08-19 09:38:27,15150.0,3300,Buy,232567537
2024-08-19 09:38:28,15150.0,30000,Buy,232567579
2024-08-19 09:38:28,15150.0,4500,Buy,232567586
2024-08-19 09:38:28,15150.0,2000,Buy,232567585
2024-08-19 09:38:28,15150.0,10600,Buy,232567582
2024-08-19 09:38:28,15150.0,500,Buy,232567581
2024-08-19 09:38:28,15150.0,1000,Buy,232567580
2024-08-19 09:38:28,15150.0,200,Buy,232567578
2024-08-19 09:38:28,15150.0,3000,Buy,232567584
2024-08-19 09:38:28,15150.0,20000,Buy,232567576
2024-08-19 09:38:28,15150.0,13200,Buy,232567577
2024-08-19 09:38:28,15150.0,500,Buy,232567553
2024-08-19 09:38:28,15150.0,9100,Buy,232567570
2024-08-19 09:38:28,15150.0,2000,Buy,232567571
2024-08-19 09:38:28,15150.0,100,Buy,232567583
2024-08-19 09:38:28,15150.0,500,Buy,232567572
2024-08-19 09:38:28,15150.0,1000,Buy,232567573
2024-08-19 09:38:28,15150.0,1900,Buy,232567574
2024-08-19 09:38:28,15150.0,400,Buy,232567575
2024-08-19 09:38:29,15150.0,500,Buy,232567625
2024-08-19 09:38:29,15150.0,300,Buy,232567626
2024-08-19 09:38:29,15150.0,300,Buy,232567627
2024-08-19 09:38:29,15150.0,200,Buy,232567628
2024-08-19 09:38:30,15150.0,300,Sell,232567637
2024-08-19 09:38:31,15150.0,100,Buy,232567661
2024-08-19 09:38:45,15200.0,100,Buy,232568220
2024-08-19 09:38:59,15200.0,500,Buy,232568797
2024-08-19 09:39:04,15200.0,1100,Buy,232569073
2024-08-19 09:39:05,15200.0,1200,Buy,232569132
2024-08-19 09:39:05,15200.0,10000,Buy,232569130
2024-08-19 09:39:05,15200.0,5000,Buy,232569131
2024-08-19 09:39:05,15200.0,200,Buy,232569128
2024-08-19 09:39:05,15200.0,2000,Buy,232569127
2024-08-19 09:39:05,15200.0,9200,Buy,232569126
2024-08-19 09:39:05,15200.0,2400,Buy,232569129
2024-08-19 09:39:10,15200.0,500,Buy,232569388
2024-08-19 09:39:23,15200.0,5000,Buy,232569822
2024-08-19 09:39:30,15200.0,200,Buy,232570145
2024-08-19 09:39:34,15200.0,10000,Buy,232570261
2024-08-19 09:39:39,15200.0,3100,Buy,232570448
2024-08-19 09:39:39,15200.0,1900,Buy,232570449
2024-08-19 09:39:43,15200.0,3000,Buy,232570625
2024-08-19 09:39:44,15200.0,200,Buy,232570665
2024-08-19 09:39:45,15200.0,1000,Buy,232570691
2024-08-19 09:40:06,15150.0,5000,Sell,232571497
2024-08-19 09:40:06,15150.0,13000,Sell,232571498
2024-08-19 09:40:08,15150.0,1000,Sell,232571616
2024-08-19 09:40:14,15200.0,500,Buy,232571867
2024-08-19 09:40:14,15200.0,2500,Buy,232571868
2024-08-19 09:40:14,15200.0,2000,Buy,232571869
2024-08-19 09:40:14,15200.0,1100,Buy,232571870
2024-08-19 09:40:14,15200.0,3900,Buy,232571866
2024-08-19 09:40:18,15200.0,700,Buy,232572051
2024-08-19 09:40:25,15200.0,100,Buy,232572397
2024-08-19 09:40:25,15200.0,500,Buy,232572401
2024-08-19 09:40:38,15150.0,8000,Sell,232572939
2024-08-19 09:40:40,15200.0,300,Buy,232573018
2024-08-19 09:40:51,15200.0,100,Buy,232573602
2024-08-19 09:40:59,15150.0,800,Sell,232574186
2024-08-19 09:40:59,15150.0,22000,Sell,232574185
2024-08-19 09:41:07,15200.0,200,Buy,232574455
2024-08-19 09:41:12,15150.0,100,Sell,232574660
2024-08-19 09:41:21,15200.0,100,Buy,232574985
2024-08-19 09:41:43,15200.0,100,Buy,232575709
2024-08-19 09:41:55,15200.0,200,Buy,232576140
2024-08-19 09:41:56,15200.0,3000,Buy,232576161
2024-08-19 09:41:58,15200.0,300,Buy,232576227
2024-08-19 09:42:05,15200.0,1000,Buy,232576380
2024-08-19 09:42:15,15200.0,3000,Buy,232576687
2024-08-19 09:42:17,15200.0,2000,Buy,232576771
2024-08-19 09:42:19,15200.0,200,Buy,232576820
2024-08-19 09:42:23,15200.0,100,Buy,232576945
2024-08-19 09:42:35,15200.0,300,Buy,232577344
2024-08-19 09:42:35,15200.0,100,Buy,232577345
2024-08-19 09:42:35,15200.0,100,Buy,232577362
2024-08-19 09:42:36,15200.0,100,Buy,232577391
2024-08-19 09:42:42,15150.0,4000,Sell,232577580
2024-08-19 09:42:42,15150.0,600,Sell,232577595
2024-08-19 09:42:48,15200.0,600,Buy,232577783
2024-08-19 09:42:48,15200.0,100,Buy,232577782
2024-08-19 09:42:53,15200.0,200,Buy,232577963
2024-08-19 09:42:54,15200.0,100,Buy,232578007
2024-08-19 09:42:57,15200.0,9200,Buy,232578106
2024-08-19 09:42:59,15150.0,500,Sell,232578143
2024-08-19 09:42:59,15150.0,500,Sell,232578142
2024-08-19 09:43:09,15200.0,1000,Buy,232578687
2024-08-19 09:43:30,15200.0,100,Buy,232579537
2024-08-19 09:43:31,15150.0,200,Sell,232579604
2024-08-19 09:43:35,15150.0,2000,Sell,232579771
2024-08-19 09:43:47,15150.0,100,Sell,232580224
2024-08-19 09:43:47,15150.0,900,Sell,232580225
2024-08-19 09:43:48,15200.0,200,Buy,232580238
2024-08-19 09:44:02,15200.0,200,Buy,232580874
2024-08-19 09:44:06,15200.0,2200,Buy,232580989
2024-08-19 09:44:10,15150.0,200,Sell,232581118
2024-08-19 09:44:14,15200.0,100,Buy,232581223
2024-08-19 09:44:15,15200.0,300,Buy,232581272
2024-08-19 09:44:17,15150.0,500,Sell,232581318
2024-08-19 09:45:00,15200.0,100,Buy,232582744
2024-08-19 09:45:14,15200.0,500,Buy,232583227
2024-08-19 09:45:22,15200.0,800,Buy,232583438
2024-08-19 09:45:22,15200.0,200,Buy,232583437
2024-08-19 09:45:24,15200.0,200,Buy,232583503
2024-08-19 09:45:29,15150.0,200,Sell,232583632
2024-08-19 09:45:29,15150.0,2100,Sell,232583636
2024-08-19 09:45:29,15150.0,100,Sell,232583635
2024-08-19 09:45:29,15150.0,3400,Sell,232583631
2024-08-19 09:45:29,15150.0,3200,Sell,232583633
2024-08-19 09:45:29,15150.0,2000,Sell,232583634
2024-08-19 09:45:31,15150.0,5000,Sell,232583720
2024-08-19 09:45:43,15150.0,200,Sell,232584048
2024-08-19 09:45:52,15200.0,200,Buy,232584310
2024-08-19 09:45:52,15200.0,1300,Buy,232584311
2024-08-19 09:46:00,15200.0,500,Buy,232584655
2024-08-19 09:46:09,15200.0,1600,Buy,232584817
2024-08-19 09:46:20,15150.0,5400,Sell,232585100
2024-08-19 09:46:32,15200.0,3500,Buy,232585534
2024-08-19 09:46:32,15200.0,8000,Buy,232585544
2024-08-19 09:46:39,15200.0,500,Buy,232585937
2024-08-19 09:46:41,15200.0,1000,Buy,232586010
2024-08-19 09:46:46,15200.0,1000,Buy,232586306
2024-08-19 09:46:50,15200.0,5000,Buy,232586584
2024-08-19 09:46:50,15200.0,2000,Buy,232586534
2024-08-19 09:46:50,15200.0,500,Buy,232586575
2024-08-19 09:46:57,15200.0,200,Buy,232586843
2024-08-19 09:47:01,15200.0,1000,Buy,232586933
2024-08-19 09:47:02,15200.0,3600,Buy,232586961
2024-08-19 09:47:05,15200.0,100,Buy,232587085
2024-08-19 09:47:09,15200.0,1000,Buy,232587202
2024-08-19 09:47:11,15200.0,1400,Buy,232587292
2024-08-19 09:47:11,15200.0,2000,Buy,232587293
2024-08-19 09:47:13,15200.0,3000,Buy,232587362
2024-08-19 09:47:15,15200.0,500,Buy,232587467
2024-08-19 09:47:16,15200.0,300,Buy,232587475
2024-08-19 09:47:17,15200.0,1000,Buy,232587534
2024-08-19 09:47:17,15200.0,200,Buy,232587515
2024-08-19 09:47:19,15200.0,12400,Buy,232587603
2024-08-19 09:47:19,15200.0,2600,Buy,232587604
2024-08-19 09:47:22,15200.0,100,Buy,232587760
2024-08-19 09:47:24,15200.0,200,Buy,232587809
2024-08-19 09:47:27,15200.0,500,Buy,232587962
2024-08-19 09:47:28,15200.0,100,Buy,232587987
2024-08-19 09:47:28,15200.0,100,Buy,232587986
2024-08-19 09:47:28,15200.0,600,Buy,232587984
2024-08-19 09:47:28,15200.0,2800,Buy,232587983
2024-08-19 09:47:28,15200.0,300,Buy,232587985
2024-08-19 09:47:28,15200.0,600,Buy,232587982
2024-08-19 09:47:29,15200.0,500,Buy,232588042
2024-08-19 09:47:34,15150.0,500,Sell,232588227
2024-08-19 09:47:47,15200.0,200,Buy,232588737
2024-08-19 09:48:00,15200.0,200,Buy,232589204
2024-08-19 09:48:14,15200.0,4000,Buy,232589690
2024-08-19 09:48:14,15200.0,300,Buy,232589691
2024-08-19 09:48:20,15200.0,400,Buy,232589824
2024-08-19 09:48:20,15200.0,600,Buy,232589823
2024-08-19 09:48:20,15200.0,100,Buy,232589822
2024-08-19 09:48:20,15200.0,300,Buy,232589820
2024-08-19 09:48:20,15200.0,300,Buy,232589821
2024-08-19 09:48:20,15200.0,200,Buy,232589818
2024-08-19 09:48:20,15200.0,2000,Buy,232589817
2024-08-19 09:48:20,15200.0,600,Buy,232589816
2024-08-19 09:48:20,15200.0,700,Buy,232589815
2024-08-19 09:48:20,15200.0,200,Buy,232589819
2024-08-19 09:48:21,15200.0,200,Buy,232589873
2024-08-19 09:48:21,15200.0,200,Buy,232589872
2024-08-19 09:48:21,15200.0,200,Buy,232589871
2024-08-19 09:48:21,15200.0,500,Buy,232589870
2024-08-19 09:48:21,15200.0,1000,Buy,232589869
2024-08-19 09:48:21,15200.0,1000,Buy,232589868
2024-08-19 09:48:21,15200.0,100,Buy,232589865
2024-08-19 09:48:21,15200.0,500,Buy,232589866
2024-08-19 09:48:21,15200.0,100,Buy,232589867
2024-08-19 09:48:21,15200.0,900,Buy,232589860
2024-08-19 09:48:21,15200.0,1000,Buy,232589861
2024-08-19 09:48:21,15200.0,300,Buy,232589864
2024-08-19 09:48:21,15200.0,3000,Buy,232589863
2024-08-19 09:48:21,15200.0,1000,Buy,232589862
2024-08-19 09:48:23,15200.0,500,Buy,232589939
2024-08-19 09:48:23,15200.0,1000,Buy,232589941
2024-08-19 09:48:26,15150.0,5000,Sell,232590022
2024-08-19 09:48:28,15200.0,500,Buy,232590067
2024-08-19 09:48:28,15200.0,2000,Buy,232590068
2024-08-19 09:48:28,15200.0,500,Buy,232590069
2024-08-19 09:48:28,15200.0,1000,Buy,232590070
2024-08-19 09:48:28,15200.0,400,Buy,232590071
2024-08-19 09:48:28,15200.0,5600,Buy,232590072
2024-08-19 09:48:29,15200.0,400,Buy,232590085
2024-08-19 09:48:30,15200.0,2700,Buy,232590122
2024-08-19 09:48:35,15200.0,100,Buy,232590398
2024-08-19 09:48:40,15200.0,500,Buy,232590614
2024-08-19 09:48:42,15150.0,1000,Sell,232590695
2024-08-19 09:48:45,15150.0,800,Sell,232590811
2024-08-19 09:48:45,15150.0,200,Sell,232590812
2024-08-19 09:48:45,15150.0,300,Sell,232590813
2024-08-19 09:48:54,15200.0,200,Buy,232591166
2024-08-19 09:48:55,15150.0,2000,Sell,232591211
2024-08-19 09:49:03,15200.0,1000,Buy,232591419
2024-08-19 09:49:10,15200.0,1000,Buy,232591700
2024-08-19 09:49:13,15200.0,2000,Buy,232591901
2024-08-19 09:49:17,15200.0,100,Buy,232592039
2024-08-19 09:49:21,15150.0,2300,Sell,232592135
2024-08-19 09:49:21,15150.0,500,Sell,232592132
2024-08-19 09:49:21,15150.0,1300,Sell,232592131
2024-08-19 09:49:21,15150.0,500,Sell,232592130
2024-08-19 09:49:21,15150.0,100,Sell,232592134
2024-08-19 09:49:21,15150.0,1000,Sell,232592128
2024-08-19 09:49:21,15150.0,500,Sell,232592129
2024-08-19 09:49:21,15150.0,2700,Sell,232592124
2024-08-19 09:49:21,15150.0,10000,Sell,232592125
2024-08-19 09:49:21,15150.0,300,Sell,232592133
2024-08-19 09:49:21,15150.0,200,Sell,232592126
2024-08-19 09:49:21,15150.0,600,Sell,232592127
2024-08-19 09:49:22,15200.0,500,Buy,232592194
2024-08-19 09:49:28,15200.0,100,Buy,232592371
2024-08-19 09:49:30,15150.0,1000,Sell,232592459
2024-08-19 09:49:35,15200.0,800,Buy,232592651
2024-08-19 09:49:35,15200.0,2200,Buy,232592652
2024-08-19 09:49:43,15200.0,400,Buy,232592998
2024-08-19 09:49:43,15200.0,800,Buy,232592996
2024-08-19 09:49:43,15200.0,300,Buy,232592997
2024-08-19 09:49:44,15200.0,100,Buy,232593058
2024-08-19 09:49:44,15200.0,500,Buy,232593059
2024-08-19 09:49:44,15200.0,600,Buy,232593057
2024-08-19 09:49:50,15200.0,100,Buy,232593280
2024-08-19 09:49:51,15200.0,3000,Buy,232593337
2024-08-19 09:49:55,15200.0,400,Buy,232593432
2024-08-19 09:50:01,15200.0,1500,Buy,232593569
2024-08-19 09:50:05,15200.0,2000,Buy,232593695
2024-08-19 09:50:10,15200.0,200,Buy,232593830
2024-08-19 09:50:56,15150.0,1000,Sell,232595395
2024-08-19 09:51:01,15200.0,1000,Buy,232595544
2024-08-19 09:51:09,15200.0,100,Buy,232595862
2024-08-19 09:51:13,15200.0,18000,Buy,232596008
2024-08-19 09:51:29,15200.0,300,Buy,232596660
2024-08-19 09:51:34,15200.0,100,Buy,232596842
2024-08-19 09:51:37,15200.0,500,Buy,232596926
2024-08-19 09:51:45,15200.0,100,Buy,232597207
2024-08-19 09:51:52,15200.0,1000,Buy,232597531
2024-08-19 09:51:57,15200.0,1200,Buy,232597671
2024-08-19 09:51:57,15200.0,1000,Buy,232597673
2024-08-19 09:51:57,15200.0,1000,Buy,232597674
2024-08-19 09:51:57,15200.0,100,Buy,232597675
2024-08-19 09:51:57,15200.0,1600,Buy,232597676
2024-08-19 09:51:57,15200.0,100,Buy,232597672
2024-08-19 09:51:59,15200.0,5000,Buy,232597746
2024-08-19 09:52:07,15150.0,1000,Sell,232598051
2024-08-19 09:52:08,15200.0,100,Buy,232598103
2024-08-19 09:52:08,15200.0,1900,Buy,232598102
2024-08-19 09:52:33,15200.0,200,Buy,232598906
2024-08-19 09:52:43,15200.0,300,Buy,232599353
2024-08-19 09:52:43,15200.0,700,Buy,232599352
2024-08-19 09:52:45,15200.0,100,Buy,232599451
2024-08-19 09:52:46,15200.0,200,Buy,232599462
2024-08-19 09:52:50,15200.0,1000,Buy,232599632
2024-08-19 09:52:53,15200.0,300,Buy,232599712
2024-08-19 09:53:02,15200.0,1300,Buy,232600018
2024-08-19 09:53:06,15200.0,200,Buy,232600091
2024-08-19 09:53:10,15200.0,100,Buy,232600200
2024-08-19 09:53:12,15200.0,300,Buy,232600278
2024-08-19 09:53:12,15200.0,4000,Buy,232600272
2024-08-19 09:53:12,15200.0,500,Buy,232600276
2024-08-19 09:53:12,15200.0,500,Buy,232600275
2024-08-19 09:53:12,15200.0,200,Buy,232600274
2024-08-19 09:53:12,15200.0,100,Buy,232600273
2024-08-19 09:53:12,15200.0,100,Buy,232600271
2024-08-19 09:53:12,15200.0,2500,Buy,232600277
2024-08-19 09:53:12,15200.0,300,Buy,232600269
2024-08-19 09:53:12,15200.0,100,Buy,232600268
2024-08-19 09:53:12,15200.0,5000,Buy,232600267
2024-08-19 09:53:12,15200.0,100,Buy,232600266
2024-08-19 09:53:12,15200.0,1000,Buy,232600265
2024-08-19 09:53:12,15200.0,2300,Buy,232600264
2024-08-19 09:53:12,15200.0,1000,Buy,232600263
2024-08-19 09:53:12,15200.0,2000,Buy,232600270
2024-08-19 09:53:13,15200.0,200,Buy,232600306
2024-08-19 09:53:15,15200.0,2600,Buy,232600375
2024-08-19 09:53:15,15200.0,400,Buy,232600376
2024-08-19 09:53:16,15200.0,600,Buy,232600439
2024-08-19 09:53:16,15200.0,100,Buy,232600440
2024-08-19 09:53:16,15200.0,300,Buy,232600441
2024-08-19 09:53:35,15200.0,200,Buy,232601068
2024-08-19 09:53:35,15200.0,800,Buy,232601069
2024-08-19 09:53:45,15200.0,200,Buy,232601383
2024-08-19 09:53:54,15200.0,100,Buy,232601689
2024-08-19 09:53:56,15200.0,500,Buy,232601729
2024-08-19 09:54:08,15150.0,100,Sell,232602084
2024-08-19 09:54:08,15200.0,100,Buy,232602095
2024-08-19 09:54:11,15150.0,1200,Sell,232602195
2024-08-19 09:54:11,15150.0,2000,Sell,232602194
2024-08-19 09:54:11,15150.0,1000,Sell,232602193
2024-08-19 09:54:11,15150.0,100,Sell,232602191
2024-08-19 09:54:11,15150.0,200,Sell,232602192
2024-08-19 09:54:11,15150.0,500,Sell,232602190
2024-08-19 09:54:11,15150.0,500,Sell,232602186
2024-08-19 09:54:11,15150.0,200,Sell,232602188
2024-08-19 09:54:11,15150.0,200,Sell,232602187
2024-08-19 09:54:11,15150.0,1000,Sell,232602185
2024-08-19 09:54:11,15150.0,1000,Sell,232602184
2024-08-19 09:54:11,15150.0,100,Sell,232602183
2024-08-19 09:54:11,15150.0,1000,Sell,232602189
2024-08-19 09:54:21,15200.0,1300,Buy,232602627
2024-08-19 09:54:23,15200.0,200,Buy,232602704
2024-08-19 09:54:37,15200.0,200,Buy,232603137
2024-08-19 09:54:41,15200.0,1000,Buy,232603267
2024-08-19 09:54:42,15200.0,200,Buy,232603290
2024-08-19 09:54:49,15200.0,5000,Buy,232603533
2024-08-19 09:54:51,15200.0,200,Buy,232603584
2024-08-19 09:55:00,15200.0,200,Buy,232603809
2024-08-19 09:55:00,15200.0,200,Buy,232603810
2024-08-19 09:55:01,15200.0,800,Buy,232603841
2024-08-19 09:55:01,15200.0,1000,Buy,232603838
2024-08-19 09:55:01,15200.0,5000,Buy,232603839
2024-08-19 09:55:01,15200.0,100,Buy,232603837
2024-08-19 09:55:01,15200.0,100,Buy,232603840
2024-08-19 09:55:01,15200.0,600,Buy,232603832
2024-08-19 09:55:01,15200.0,1400,Buy,232603828
2024-08-19 09:55:01,15200.0,100,Buy,232603829
2024-08-19 09:55:01,15200.0,200,Buy,232603833
2024-08-19 09:55:01,15200.0,500,Buy,232603831
2024-08-19 09:55:01,15200.0,200,Buy,232603830
2024-08-19 09:55:03,15200.0,5000,Buy,232603899
2024-08-19 09:55:04,15200.0,600,Buy,232603933
2024-08-19 09:55:21,15200.0,200,Buy,232604459
2024-08-19 09:55:44,15200.0,200,Buy,232605285
2024-08-19 09:55:46,15200.0,200,Buy,232605357
2024-08-19 09:55:50,15200.0,1000,Buy,232605491
2024-08-19 09:55:55,15200.0,500,Buy,232605594
2024-08-19 09:55:57,15200.0,100,Buy,232605645
2024-08-19 09:56:00,15200.0,200,Buy,232605738
2024-08-19 09:56:02,15150.0,800,Sell,232605764
2024-08-19 09:56:02,15150.0,200,Sell,232605765
2024-08-19 09:56:15,15150.0,1700,Sell,232606246
2024-08-19 09:56:15,15150.0,300,Sell,232606244
2024-08-19 09:56:15,15150.0,3000,Sell,232606245
2024-08-19 09:56:21,15150.0,1100,Sell,232606401
2024-08-19 09:56:24,15200.0,200,Buy,232606547
2024-08-19 09:56:30,15150.0,200,Sell,232606693
2024-08-19 09:56:32,15200.0,100,Buy,232606747
2024-08-19 09:56:33,15150.0,100,Sell,232606779
2024-08-19 09:56:34,15150.0,500,Sell,232606808
2024-08-19 09:56:34,15200.0,900,Buy,232606814
2024-08-19 09:56:34,15200.0,100,Buy,232606815
2024-08-19 09:56:36,15150.0,3000,Sell,232606888
2024-08-19 09:56:43,15200.0,1000,Buy,232607076
2024-08-19 09:56:44,15150.0,1500,Sell,232607111
2024-08-19 09:56:44,15150.0,500,Sell,232607112
2024-08-19 09:56:57,15150.0,500,Sell,232607561
2024-08-19 09:57:00,15150.0,1000,Sell,232607658
2024-08-19 09:57:00,15150.0,100,Sell,232607659
2024-08-19 09:57:00,15150.0,500,Sell,232607660
2024-08-19 09:57:00,15150.0,200,Sell,232607661
2024-08-19 09:57:26,15150.0,2000,Sell,232608616
2024-08-19 09:57:38,15150.0,200,Sell,232608908
2024-08-19 09:57:38,15150.0,300,Sell,232608904
2024-08-19 09:57:38,15150.0,100,Sell,232608905
2024-08-19 09:57:38,15150.0,300,Sell,232608906
2024-08-19 09:57:39,15150.0,5000,Sell,232608912
2024-08-19 09:57:39,15150.0,3000,Sell,232608913
2024-08-19 09:57:39,15150.0,300,Sell,232608914
2024-08-19 09:57:39,15150.0,200,Sell,232608915
2024-08-19 09:57:39,15150.0,300,Sell,232608916
2024-08-19 09:57:39,15150.0,300,Sell,232608917
2024-08-19 09:57:39,15150.0,900,Sell,232608911
2024-08-19 09:57:46,15150.0,100,Sell,232609047
2024-08-19 09:57:46,15150.0,100,Sell,232609048
2024-08-19 09:57:46,15150.0,1700,Sell,232609049
2024-08-19 09:57:46,15150.0,100,Sell,232609046
2024-08-19 09:57:49,15150.0,200,Sell,232609154
2024-08-19 09:57:51,15150.0,1000,Sell,232609290
2024-08-19 09:57:54,15150.0,200,Sell,232609353
2024-08-19 09:57:56,15150.0,100,Sell,232609454
2024-08-19 09:57:56,15150.0,200,Sell,232609440
2024-08-19 09:57:58,15150.0,100,Sell,232609495
2024-08-19 09:58:04,15150.0,500,Sell,232609668
2024-08-19 09:58:04,15150.0,2500,Sell,232609635
2024-08-19 09:58:04,15150.0,100,Sell,232609636
2024-08-19 09:58:04,15150.0,500,Sell,232609637
2024-08-19 09:58:04,15150.0,5000,Sell,232609638
2024-08-19 09:58:04,15150.0,5000,Sell,232609646
2024-08-19 09:58:04,15150.0,200,Sell,232609647
2024-08-19 09:58:04,15150.0,6900,Sell,232609669
2024-08-19 09:58:04,15150.0,900,Sell,232609648
2024-08-19 09:58:04,15150.0,600,Sell,232609650
2024-08-19 09:58:04,15150.0,100,Sell,232609634
2024-08-19 09:58:04,15150.0,100,Sell,232609652
2024-08-19 09:58:04,15150.0,3000,Sell,232609653
2024-08-19 09:58:04,15150.0,2000,Sell,232609663
2024-08-19 09:58:04,15150.0,600,Sell,232609667
2024-08-19 09:58:04,15150.0,1000,Sell,232609649
2024-08-19 09:58:04,15150.0,11000,Sell,232609633
2024-08-19 09:58:04,15150.0,1000,Sell,232609651
2024-08-19 09:58:04,15150.0,100,Sell,232609631
2024-08-19 09:58:04,15150.0,6500,Sell,232609614
2024-08-19 09:58:04,15150.0,400,Sell,232609615
2024-08-19 09:58:04,15150.0,100,Sell,232609616
2024-08-19 09:58:04,15150.0,2000,Sell,232609617
2024-08-19 09:58:04,15150.0,400,Sell,232609618
2024-08-19 09:58:04,15150.0,300,Sell,232609619
2024-08-19 09:58:04,15150.0,100,Sell,232609620
2024-08-19 09:58:04,15150.0,2000,Sell,232609621
2024-08-19 09:58:04,15150.0,200,Sell,232609632
2024-08-19 09:58:04,15150.0,5000,Sell,232609623
2024-08-19 09:58:04,15150.0,1100,Sell,232609624
2024-08-19 09:58:04,15150.0,400,Sell,232609625
2024-08-19 09:58:04,15150.0,2000,Sell,232609626
2024-08-19 09:58:04,15150.0,2500,Sell,232609627
2024-08-19 09:58:04,15150.0,2000,Sell,232609628
2024-08-19 09:58:04,15150.0,1000,Sell,232609629
2024-08-19 09:58:04,15150.0,300,Sell,232609630
2024-08-19 09:58:04,15150.0,100,Sell,232609622
2024-08-19 09:58:07,15150.0,900,Sell,232609772
2024-08-19 09:58:07,15150.0,100,Sell,232609771
2024-08-19 09:58:07,15150.0,100,Sell,232609770
2024-08-19 09:58:07,15150.0,1500,Sell,232609769
2024-08-19 09:58:07,15150.0,4000,Sell,232609768
2024-08-19 09:58:07,15150.0,500,Sell,232609766
2024-08-19 09:58:07,15150.0,500,Sell,232609765
2024-08-19 09:58:07,15150.0,5000,Sell,232609767
2024-08-19 09:58:07,15150.0,300,Sell,232609763
2024-08-19 09:58:07,15150.0,100,Sell,232609764
2024-08-19 09:58:07,15150.0,3100,Sell,232609756
2024-08-19 09:58:07,15150.0,300,Sell,232609757
2024-08-19 09:58:07,15150.0,100,Sell,232609758
2024-08-19 09:58:07,15150.0,1000,Sell,232609762
2024-08-19 09:58:07,15150.0,4000,Sell,232609760
2024-08-19 09:58:07,15150.0,200,Sell,232609761
2024-08-19 09:58:07,15150.0,300,Sell,232609759
2024-08-19 09:58:08,15150.0,100,Sell,232609790
2024-08-19 09:58:08,15150.0,3000,Sell,232609791
2024-08-19 09:58:13,15150.0,200,Sell,232609899
2024-08-19 09:58:13,15150.0,7000,Sell,232609897
2024-08-19 09:58:13,15150.0,2200,Sell,232609896
2024-08-19 09:58:13,15150.0,600,Sell,232609898
2024-08-19 09:58:19,15150.0,100,Sell,232610082
2024-08-19 09:58:19,15150.0,200,Sell,232610083
2024-08-19 09:58:19,15150.0,4600,Sell,232610084
2024-08-19 09:58:19,15150.0,1000,Sell,232610099
2024-08-19 09:58:19,15150.0,100,Sell,232610081
2024-08-19 09:58:22,15150.0,2000,Sell,232610256
2024-08-19 09:58:23,15150.0,500,Sell,232610265
2024-08-19 09:58:25,15150.0,1000,Sell,232610336
2024-08-19 09:58:28,15150.0,200,Sell,232610404
2024-08-19 09:58:29,15200.0,1000,Buy,232610428
2024-08-19 09:58:29,15200.0,1100,Buy,232610429
2024-08-19 09:58:29,15200.0,900,Buy,232610427
2024-08-19 09:58:34,15150.0,300,Sell,232610594
2024-08-19 09:58:34,15150.0,1000,Sell,232610595
2024-08-19 09:58:34,15150.0,1100,Sell,232610596
2024-08-19 09:58:34,15150.0,500,Sell,232610597
2024-08-19 09:58:34,15150.0,100,Sell,232610599
2024-08-19 09:58:34,15150.0,1000,Sell,232610600
2024-08-19 09:58:34,15150.0,100,Sell,232610601
2024-08-19 09:58:34,15150.0,1000,Sell,232610602
2024-08-19 09:58:34,15150.0,200,Sell,232610603
2024-08-19 09:58:34,15150.0,3000,Sell,232610604
2024-08-19 09:58:34,15150.0,700,Sell,232610605
2024-08-19 09:58:34,15150.0,4200,Sell,232610606
2024-08-19 09:58:34,15150.0,6100,Sell,232610607
2024-08-19 09:58:34,15150.0,1300,Sell,232610593
2024-08-19 09:58:34,15150.0,1000,Sell,232610592
2024-08-19 09:58:34,15150.0,500,Sell,232610598
2024-08-19 09:58:34,15150.0,2000,Sell,232610590
2024-08-19 09:58:34,15150.0,800,Sell,232610591
2024-08-19 09:58:34,15150.0,100,Sell,232610577
2024-08-19 09:58:34,15150.0,500,Sell,232610578
2024-08-19 09:58:34,15150.0,4000,Sell,232610579
2024-08-19 09:58:34,15150.0,100,Sell,232610580
2024-08-19 09:58:34,15150.0,500,Sell,232610581
2024-08-19 09:58:34,15150.0,100,Sell,232610582
2024-08-19 09:58:34,15150.0,10700,Sell,232610576
2024-08-19 09:58:34,15150.0,3000,Sell,232610584
2024-08-19 09:58:34,15150.0,5300,Sell,232610585
2024-08-19 09:58:34,15150.0,3000,Sell,232610586
2024-08-19 09:58:34,15150.0,1000,Sell,232610587
2024-08-19 09:58:34,15150.0,5000,Sell,232610588
2024-08-19 09:58:34,15150.0,5000,Sell,232610589
2024-08-19 09:58:34,15150.0,1000,Sell,232610583
2024-08-19 09:58:36,15150.0,800,Sell,232610654
2024-08-19 09:58:37,15150.0,200,Sell,232610665
2024-08-19 09:58:38,15150.0,1000,Sell,232610689
2024-08-19 09:58:45,15150.0,100,Sell,232610867
2024-08-19 09:58:45,15150.0,1900,Sell,232610866
2024-08-19 09:58:47,15150.0,500,Sell,232610984
2024-08-19 09:58:47,15150.0,200,Sell,232610983
2024-08-19 09:58:47,15150.0,600,Sell,232610982
2024-08-19 09:58:47,15150.0,1500,Sell,232610981
2024-08-19 09:58:47,15150.0,100,Sell,232610980
2024-08-19 09:58:47,15150.0,100,Sell,232610979
2024-08-19 09:58:47,15150.0,300,Sell,232610978
2024-08-19 09:58:47,15150.0,100,Sell,232610977
2024-08-19 09:58:47,15150.0,500,Sell,232610976
2024-08-19 09:58:47,15150.0,1200,Sell,232610971
2024-08-19 09:58:47,15150.0,100,Sell,232610974
2024-08-19 09:58:47,15150.0,100,Sell,232610975
2024-08-19 09:58:47,15150.0,300,Sell,232610964
2024-08-19 09:58:47,15150.0,500,Sell,232610965
2024-08-19 09:58:47,15150.0,100,Sell,232610966
2024-08-19 09:58:47,15150.0,2000,Sell,232610970
2024-08-19 09:58:47,15150.0,200,Sell,232610968
2024-08-19 09:58:47,15150.0,300,Sell,232610972
2024-08-19 09:58:47,15150.0,100,Sell,232610967
2024-08-19 09:58:47,15150.0,100,Sell,232610969
2024-08-19 09:58:48,15150.0,500,Buy,232610993
2024-08-19 09:58:48,15150.0,100,Buy,232610998
2024-08-19 09:58:49,15150.0,200,Buy,232611017
2024-08-19 09:58:56,15150.0,100,Buy,232611176
2024-08-19 09:58:59,15100.0,1200,Sell,232611247
2024-08-19 09:59:08,15150.0,200,Buy,232611492
2024-08-19 09:59:09,15150.0,1000,Buy,232611522
2024-08-19 09:59:13,15150.0,200,Buy,232611613
2024-08-19 09:59:29,15150.0,300,Buy,232612224
2024-08-19 09:59:32,15150.0,800,Buy,232612291
2024-08-19 09:59:33,15150.0,1600,Buy,232612335
2024-08-19 09:59:39,15100.0,11300,Sell,232612468
2024-08-19 09:59:41,15150.0,6500,Buy,232612578
2024-08-19 09:59:44,15150.0,200,Buy,232612671
2024-08-19 10:00:15,15150.0,100,Buy,232613700
2024-08-19 10:00:21,15150.0,100,Buy,232613856
2024-08-19 10:00:23,15150.0,5000,Buy,232613884
2024-08-19 10:00:23,15150.0,1000,Buy,232613894
2024-08-19 10:00:40,15150.0,3600,Buy,232614502
2024-08-19 10:00:51,15150.0,1000,Buy,232614792
2024-08-19 10:00:55,15150.0,100,Buy,232614895
2024-08-19 10:01:08,15150.0,500,Buy,232615186
2024-08-19 10:01:12,15150.0,2000,Buy,232615285
2024-08-19 10:01:12,15150.0,3700,Buy,232615288
2024-08-19 10:01:12,15150.0,5300,Buy,232615284
2024-08-19 10:01:12,15150.0,1000,Buy,232615286
2024-08-19 10:01:12,15150.0,3000,Buy,232615287
2024-08-19 10:01:26,15150.0,100,Buy,232615647
2024-08-19 10:01:42,15150.0,100,Buy,232616097
2024-08-19 10:01:42,15150.0,2000,Buy,232616102
2024-08-19 10:01:45,15150.0,400,Buy,232616168
2024-08-19 10:01:45,15150.0,200,Buy,232616167
2024-08-19 10:01:45,15150.0,1000,Buy,232616166
2024-08-19 10:01:45,15150.0,2300,Buy,232616165
2024-08-19 10:01:45,15150.0,1000,Buy,232616164
2024-08-19 10:01:45,15150.0,2000,Buy,232616162
2024-08-19 10:01:45,15150.0,2100,Buy,232616160
2024-08-19 10:01:45,15150.0,2000,Buy,232616151
2024-08-19 10:01:45,15100.0,100,Sell,232616150
2024-08-19 10:01:45,15150.0,500,Buy,232616163
2024-08-19 10:01:45,15150.0,500,Buy,232616161
2024-08-19 10:01:51,15150.0,500,Buy,232616270
2024-08-19 10:02:02,15150.0,200,Buy,232616481
2024-08-19 10:02:08,15150.0,100,Buy,232616593
2024-08-19 10:02:10,15150.0,200,Buy,232616630
2024-08-19 10:02:13,15100.0,100,Sell,232616686
2024-08-19 10:02:13,15150.0,100,Buy,232616696
2024-08-19 10:02:19,15150.0,200,Buy,232616790
2024-08-19 10:02:22,15100.0,3000,Sell,232616914
2024-08-19 10:02:22,15100.0,3000,Sell,232616911
2024-08-19 10:02:22,15100.0,3000,Sell,232616910
2024-08-19 10:02:22,15100.0,3000,Sell,232616913
2024-08-19 10:02:22,15100.0,3000,Sell,232616908
2024-08-19 10:02:22,15100.0,3000,Sell,232616904
2024-08-19 10:02:22,15100.0,3000,Sell,232616903
2024-08-19 10:02:22,15100.0,3000,Sell,232616902
2024-08-19 10:02:22,15100.0,3000,Sell,232616909
2024-08-19 10:02:22,15100.0,3000,Sell,232616912
2024-08-19 10:02:25,15150.0,6300,Buy,232617005
2024-08-19 10:02:25,15150.0,300,Buy,232617006
2024-08-19 10:02:27,15100.0,2000,Sell,232617063
2024-08-19 10:02:43,15100.0,200,Sell,232617566
2024-08-19 10:02:57,15150.0,700,Buy,232617898
2024-08-19 10:02:57,15150.0,1300,Buy,232617899
2024-08-19 10:03:14,15150.0,500,Buy,232618213
2024-08-19 10:03:21,15100.0,2000,Sell,232618328
2024-08-19 10:03:42,15150.0,2000,Buy,232618751
2024-08-19 10:03:53,15100.0,500,Sell,232618974
2024-08-19 10:04:04,15100.0,700,Sell,232619223
2024-08-19 10:04:13,15150.0,100,Buy,232619695
2024-08-19 10:04:21,15150.0,100,Buy,232619821
2024-08-19 10:04:43,15150.0,1000,Buy,232620368
2024-08-19 10:04:48,15100.0,3000,Sell,232620536
2024-08-19 10:04:48,15100.0,3000,Sell,232620532
2024-08-19 10:04:48,15100.0,3000,Sell,232620531
2024-08-19 10:04:48,15100.0,3000,Sell,232620530
2024-08-19 10:04:48,15100.0,3000,Sell,232620526
2024-08-19 10:04:48,15100.0,3000,Sell,232620525
2024-08-19 10:04:48,15100.0,3000,Sell,232620524
2024-08-19 10:04:48,15100.0,3000,Sell,232620523
2024-08-19 10:04:48,15100.0,3000,Sell,232620522
2024-08-19 10:04:48,15100.0,3000,Sell,232620527
2024-08-19 10:05:13,15100.0,5000,Sell,232621109
2024-08-19 10:05:17,15100.0,200,Sell,232621176
2024-08-19 10:05:22,15150.0,100,Buy,232621267
2024-08-19 10:05:26,15100.0,3000,Sell,232621371
2024-08-19 10:05:26,15100.0,1700,Sell,232621369
2024-08-19 10:05:26,15100.0,1300,Sell,232621368
2024-08-19 10:05:26,15100.0,3000,Sell,232621370
2024-08-19 10:05:27,15100.0,300,Sell,232621395
2024-08-19 10:05:27,15100.0,300,Sell,232621394
2024-08-19 10:05:27,15100.0,400,Sell,232621393
2024-08-19 10:05:27,15100.0,100,Sell,232621391
2024-08-19 10:05:27,15100.0,100,Sell,232621389
2024-08-19 10:05:27,15100.0,3000,Sell,232621388
2024-08-19 10:05:27,15100.0,3000,Sell,232621387
2024-08-19 10:05:27,15100.0,3000,Sell,232621386
2024-08-19 10:05:27,15100.0,500,Sell,232621392
2024-08-19 10:05:27,15100.0,200,Sell,232621384
2024-08-19 10:05:27,15100.0,900,Sell,232621385
2024-08-19 10:05:27,15100.0,1100,Sell,232621377
2024-08-19 10:05:27,15100.0,400,Sell,232621378
2024-08-19 10:05:27,15100.0,200,Sell,232621379
2024-08-19 10:05:27,15100.0,1900,Sell,232621376
2024-08-19 10:05:27,15100.0,800,Sell,232621381
2024-08-19 10:05:27,15100.0,600,Sell,232621382
2024-08-19 10:05:27,15100.0,500,Sell,232621383
2024-08-19 10:05:27,15100.0,2400,Sell,232621380
2024-08-19 10:05:27,15100.0,1300,Sell,232621390
2024-08-19 10:05:29,15100.0,600,Sell,232621440
2024-08-19 10:05:31,15100.0,400,Sell,232621451
2024-08-19 10:05:42,15100.0,3000,Sell,232621718
2024-08-19 10:05:42,15100.0,3000,Sell,232621719
2024-08-19 10:05:42,15100.0,2700,Sell,232621720
2024-08-19 10:05:42,15100.0,300,Sell,232621721
2024-08-19 10:05:42,15100.0,3000,Sell,232621722
2024-08-19 10:05:43,15100.0,700,Sell,232621742
2024-08-19 10:05:43,15100.0,600,Sell,232621743
2024-08-19 10:05:43,15100.0,3000,Sell,232621748
2024-08-19 10:05:43,15100.0,3000,Sell,232621749
2024-08-19 10:05:43,15100.0,100,Sell,232621741
2024-08-19 10:05:43,15100.0,2100,Sell,232621745
2024-08-19 10:05:43,15100.0,100,Sell,232621740
2024-08-19 10:05:43,15100.0,300,Sell,232621744
2024-08-19 10:05:43,15100.0,2900,Sell,232621738
2024-08-19 10:05:43,15100.0,100,Sell,232621737
2024-08-19 10:05:43,15100.0,500,Sell,232621736
2024-08-19 10:05:43,15100.0,500,Sell,232621735
2024-08-19 10:05:43,15100.0,100,Sell,232621734
2024-08-19 10:05:43,15100.0,200,Sell,232621733
2024-08-19 10:05:43,15100.0,1700,Sell,232621732
2024-08-19 10:05:43,15100.0,2100,Sell,232621739
2024-08-19 10:05:45,15100.0,3700,Sell,232621830
2024-08-19 10:05:45,15100.0,100,Sell,232621837
2024-08-19 10:05:53,15100.0,1600,Sell,232622000
2024-08-19 10:06:01,15100.0,5000,Sell,232622156
2024-08-19 10:06:03,15150.0,400,Buy,232622171
2024-08-19 10:06:08,15150.0,500,Buy,232622258
2024-08-19 10:06:23,15150.0,500,Buy,232622577
2024-08-19 10:06:28,15150.0,500,Buy,232622678
2024-08-19 10:06:28,15150.0,500,Buy,232622679
2024-08-19 10:06:35,15150.0,500,Buy,232622825
2024-08-19 10:06:37,15150.0,500,Buy,232622854
2024-08-19 10:06:40,15150.0,1500,Buy,232622921
2024-08-19 10:06:40,15150.0,300,Buy,232622919
2024-08-19 10:06:40,15150.0,3000,Buy,232622920
2024-08-19 10:06:40,15150.0,1000,Buy,232622917
2024-08-19 10:06:40,15150.0,1500,Buy,232622916
2024-08-19 10:06:40,15150.0,2700,Buy,232622918
2024-08-19 10:06:53,15150.0,200,Buy,232623234
2024-08-19 10:06:54,15150.0,1300,Buy,232623252
2024-08-19 10:06:54,15150.0,2200,Buy,232623253
2024-08-19 10:06:55,15100.0,3000,Sell,232623285
2024-08-19 10:06:55,15100.0,3000,Sell,232623283
2024-08-19 10:06:55,15100.0,3000,Sell,232623282
2024-08-19 10:06:55,15100.0,3000,Sell,232623281
2024-08-19 10:06:55,15100.0,3000,Sell,232623280
2024-08-19 10:06:55,15100.0,2600,Sell,232623279
2024-08-19 10:06:55,15100.0,400,Sell,232623278
2024-08-19 10:06:55,15100.0,3000,Sell,232623276
2024-08-19 10:06:55,15100.0,3000,Sell,232623275
2024-08-19 10:06:55,15100.0,600,Sell,232623274
2024-08-19 10:06:55,15100.0,200,Sell,232623273
2024-08-19 10:06:55,15100.0,200,Sell,232623272
2024-08-19 10:06:55,15100.0,500,Sell,232623271
2024-08-19 10:06:55,15100.0,1500,Sell,232623270
2024-08-19 10:06:55,15100.0,3000,Sell,232623277
2024-08-19 10:06:56,15150.0,500,Buy,232623300
2024-08-19 10:07:20,15100.0,200,Sell,232623808
2024-08-19 10:07:20,15100.0,100,Sell,232623807
2024-08-19 10:07:20,15100.0,500,Sell,232623810
2024-08-19 10:07:20,15100.0,2000,Sell,232623809
2024-08-19 10:07:20,15100.0,200,Sell,232623806
2024-08-19 10:07:20,15100.0,3000,Sell,232623802
2024-08-19 10:07:20,15100.0,1800,Sell,232623804
2024-08-19 10:07:20,15100.0,3000,Sell,232623801
2024-08-19 10:07:20,15100.0,3000,Sell,232623805
2024-08-19 10:07:20,15100.0,1200,Sell,232623803
2024-08-19 10:07:20,15100.0,3000,Sell,232623800
2024-08-19 10:07:21,15100.0,700,Sell,232623825
2024-08-19 10:07:21,15100.0,100,Sell,232623824
2024-08-19 10:07:21,15100.0,1000,Sell,232623823
2024-08-19 10:07:21,15100.0,1100,Sell,232623822
2024-08-19 10:07:21,15100.0,1900,Sell,232623821
2024-08-19 10:07:21,15100.0,100,Sell,232623820
2024-08-19 10:07:21,15100.0,500,Sell,232623819
2024-08-19 10:07:21,15100.0,100,Sell,232623826
2024-08-19 10:07:21,15100.0,300,Sell,232623816
2024-08-19 10:07:21,15100.0,200,Sell,232623815
2024-08-19 10:07:21,15100.0,1800,Sell,232623814
2024-08-19 10:07:21,15100.0,500,Sell,232623813
2024-08-19 10:07:21,15100.0,700,Sell,232623812
2024-08-19 10:07:21,15100.0,500,Sell,232623818
2024-08-19 10:07:21,15100.0,2500,Sell,232623817
2024-08-19 10:07:28,15100.0,1000,Sell,232623935
2024-08-19 10:07:28,15150.0,300,Buy,232623927
2024-08-19 10:07:28,15150.0,600,Buy,232623928
2024-08-19 10:07:34,15100.0,1000,Sell,232624051
2024-08-19 10:07:36,15100.0,3000,Sell,232624103
2024-08-19 10:07:36,15100.0,3000,Sell,232624102
2024-08-19 10:07:36,15100.0,3000,Sell,232624101
2024-08-19 10:07:36,15100.0,3000,Sell,232624096
2024-08-19 10:07:36,15100.0,3000,Sell,232624095
2024-08-19 10:07:36,15100.0,3000,Sell,232624100
2024-08-19 10:07:36,15100.0,500,Sell,232624093
2024-08-19 10:07:36,15100.0,1700,Sell,232624092
2024-08-19 10:07:36,15100.0,3000,Sell,232624091
2024-08-19 10:07:36,15100.0,3000,Sell,232624090
2024-08-19 10:07:36,15100.0,2300,Sell,232624089
2024-08-19 10:07:36,15100.0,700,Sell,232624088
2024-08-19 10:07:36,15100.0,800,Sell,232624094
2024-08-19 10:07:45,15150.0,200,Buy,232624306
2024-08-19 10:08:06,15100.0,1200,Sell,232624700
2024-08-19 10:08:06,15100.0,100,Sell,232624701
2024-08-19 10:08:06,15100.0,2000,Sell,232624702
2024-08-19 10:08:06,15100.0,2000,Sell,232624703
2024-08-19 10:08:06,15100.0,4700,Sell,232624704
2024-08-19 10:08:07,15100.0,100,Sell,232624839
2024-08-19 10:08:07,15100.0,100,Sell,232624838
2024-08-19 10:08:07,15100.0,800,Sell,232624837
2024-08-19 10:08:07,15100.0,200,Sell,232624836
2024-08-19 10:08:07,15100.0,300,Sell,232624835
2024-08-19 10:08:11,15150.0,100,Buy,232624918
2024-08-19 10:08:28,15150.0,100,Buy,232625176
2024-08-19 10:08:29,15100.0,6000,Sell,232625183
2024-08-19 10:08:30,15150.0,500,Buy,232625200
2024-08-19 10:08:33,15150.0,100,Buy,232625253
2024-08-19 10:08:36,15150.0,600,Buy,232625339
2024-08-19 10:09:01,15150.0,800,Buy,232625912
2024-08-19 10:09:01,15150.0,500,Buy,232625913
2024-08-19 10:09:03,15150.0,100,Buy,232625941
2024-08-19 10:09:22,15150.0,500,Buy,232626309
2024-08-19 10:09:26,15100.0,3000,Sell,232626432
2024-08-19 10:09:26,15100.0,600,Sell,232626431
2024-08-19 10:09:26,15100.0,500,Sell,232626430
2024-08-19 10:09:26,15100.0,500,Sell,232626429
2024-08-19 10:09:26,15100.0,1400,Sell,232626428
2024-08-19 10:09:26,15100.0,3000,Sell,232626427
2024-08-19 10:09:26,15100.0,3000,Sell,232626426
2024-08-19 10:09:26,15100.0,3000,Sell,232626425
2024-08-19 10:09:26,15100.0,3000,Sell,232626422
2024-08-19 10:09:26,15100.0,3000,Sell,232626423
2024-08-19 10:09:26,15100.0,600,Sell,232626421
2024-08-19 10:09:26,15100.0,500,Sell,232626420
2024-08-19 10:09:26,15100.0,100,Sell,232626419
2024-08-19 10:09:26,15100.0,500,Sell,232626418
2024-08-19 10:09:26,15100.0,400,Sell,232626417
2024-08-19 10:09:26,15100.0,900,Sell,232626416
2024-08-19 10:09:26,15100.0,3000,Sell,232626415
2024-08-19 10:09:26,15100.0,3000,Sell,232626424
2024-08-19 10:09:27,15150.0,1000,Buy,232626450
2024-08-19 10:09:28,15150.0,200,Buy,232626455
2024-08-19 10:09:32,15150.0,700,Buy,232626543
2024-08-19 10:09:32,15150.0,300,Buy,232626544
2024-08-19 10:09:41,15150.0,200,Buy,232626658
2024-08-19 10:09:47,15150.0,200,Buy,232626730
2024-08-19 10:09:57,15100.0,300,Sell,232626925
2024-08-19 10:09:57,15100.0,1000,Sell,232626926
2024-08-19 10:09:57,15100.0,1700,Sell,232626927
2024-08-19 10:09:57,15100.0,200,Sell,232626924
2024-08-19 10:09:57,15100.0,3000,Sell,232626930
2024-08-19 10:09:57,15100.0,3000,Sell,232626931
2024-08-19 10:09:57,15100.0,3000,Sell,232626932
2024-08-19 10:09:57,15100.0,3000,Sell,232626928
2024-08-19 10:09:57,15100.0,800,Sell,232626923
2024-08-19 10:09:57,15100.0,400,Sell,232626915
2024-08-19 10:09:57,15100.0,3000,Sell,232626921
2024-08-19 10:09:57,15100.0,3000,Sell,232626913
2024-08-19 10:09:57,15100.0,3000,Sell,232626914
2024-08-19 10:09:57,15100.0,1000,Sell,232626916
2024-08-19 10:09:57,15100.0,2000,Sell,232626922
2024-08-19 10:09:57,15100.0,500,Sell,232626918
2024-08-19 10:09:57,15100.0,200,Sell,232626919
2024-08-19 10:09:57,15100.0,700,Sell,232626920
2024-08-19 10:09:57,15100.0,200,Sell,232626917
2024-08-19 10:10:10,15100.0,3000,Sell,232627160
2024-08-19 10:10:10,15100.0,3000,Sell,232627159
2024-08-19 10:10:10,15100.0,500,Sell,232627158
2024-08-19 10:10:10,15100.0,2500,Sell,232627157
2024-08-19 10:10:10,15100.0,1500,Sell,232627155
2024-08-19 10:10:10,15100.0,1000,Sell,232627154
2024-08-19 10:10:10,15100.0,300,Sell,232627152
2024-08-19 10:10:10,15100.0,3000,Sell,232627151
2024-08-19 10:10:10,15100.0,200,Sell,232627153
2024-08-19 10:10:10,15100.0,1300,Sell,232627140
2024-08-19 10:10:10,15100.0,3000,Sell,232627149
2024-08-19 10:10:10,15100.0,100,Sell,232627141
2024-08-19 10:10:10,15100.0,1600,Sell,232627142
2024-08-19 10:10:10,15100.0,400,Sell,232627143
2024-08-19 10:10:10,15100.0,3000,Sell,232627150
2024-08-19 10:10:10,15100.0,1000,Sell,232627145
2024-08-19 10:10:10,15100.0,600,Sell,232627146
2024-08-19 10:10:10,15100.0,2300,Sell,232627147
2024-08-19 10:10:10,15100.0,700,Sell,232627148
2024-08-19 10:10:10,15100.0,1000,Sell,232627144
2024-08-19 10:10:18,15100.0,100,Sell,232627235
2024-08-19 10:10:19,15150.0,200,Buy,232627294
2024-08-19 10:10:25,15100.0,3000,Sell,232627412
2024-08-19 10:10:25,15100.0,2500,Sell,232627411
2024-08-19 10:10:25,15100.0,500,Sell,232627410
2024-08-19 10:10:25,15100.0,300,Sell,232627409
2024-08-19 10:10:25,15100.0,100,Sell,232627408
2024-08-19 10:10:25,15100.0,100,Sell,232627407
2024-08-19 10:10:25,15100.0,100,Sell,232627406
2024-08-19 10:10:25,15100.0,2400,Sell,232627405
2024-08-19 10:10:25,15100.0,3000,Sell,232627402
2024-08-19 10:10:25,15100.0,3000,Sell,232627401
2024-08-19 10:10:25,15100.0,3000,Sell,232627400
2024-08-19 10:10:25,15100.0,3000,Sell,232627399
2024-08-19 10:10:25,15100.0,3000,Sell,232627396
2024-08-19 10:10:25,15100.0,3000,Sell,232627395
2024-08-19 10:10:25,15100.0,3000,Sell,232627403
2024-08-19 10:10:39,15100.0,1000,Sell,232627701
2024-08-19 10:10:39,15100.0,300,Sell,232627702
2024-08-19 10:10:39,15100.0,200,Sell,232627703
2024-08-19 10:10:39,15100.0,2800,Sell,232627704
2024-08-19 10:10:39,15100.0,3000,Sell,232627705
2024-08-19 10:10:39,15100.0,1000,Sell,232627708
2024-08-19 10:10:39,15100.0,1200,Sell,232627707
2024-08-19 10:10:39,15100.0,1000,Sell,232627700
2024-08-19 10:10:39,15100.0,100,Sell,232627709
2024-08-19 10:10:39,15100.0,200,Sell,232627710
2024-08-19 10:10:39,15100.0,500,Sell,232627711
2024-08-19 10:10:39,15100.0,3000,Sell,232627706
2024-08-19 10:10:39,15100.0,300,Sell,232627699
2024-08-19 10:10:39,15100.0,200,Sell,232627696
2024-08-19 10:10:39,15100.0,800,Sell,232627697
2024-08-19 10:10:39,15100.0,200,Sell,232627695
2024-08-19 10:10:39,15100.0,1600,Sell,232627694
2024-08-19 10:10:39,15100.0,200,Sell,232627693
2024-08-19 10:10:39,15100.0,800,Sell,232627691
2024-08-19 10:10:39,15100.0,2000,Sell,232627690
2024-08-19 10:10:39,15100.0,200,Sell,232627689
2024-08-19 10:10:39,15100.0,300,Sell,232627688
2024-08-19 10:10:39,15100.0,700,Sell,232627687
2024-08-19 10:10:39,15100.0,500,Sell,232627686
2024-08-19 10:10:39,15100.0,1500,Sell,232627685
2024-08-19 10:10:39,15100.0,3000,Sell,232627684
2024-08-19 10:10:39,15100.0,400,Sell,232627698
2024-08-19 10:10:40,15100.0,100,Sell,232627726
2024-08-19 10:10:40,15100.0,500,Sell,232627725
2024-08-19 10:10:40,15100.0,300,Sell,232627724
2024-08-19 10:10:40,15100.0,500,Sell,232627723
2024-08-19 10:10:40,15100.0,500,Sell,232627719
2024-08-19 10:10:40,15100.0,100,Sell,232627721
2024-08-19 10:10:40,15100.0,500,Sell,232627720
2024-08-19 10:10:40,15100.0,500,Sell,232627722
2024-08-19 10:10:54,15100.0,3000,Sell,232627984
2024-08-19 10:10:54,15100.0,3000,Sell,232627983
2024-08-19 10:10:54,15100.0,700,Sell,232627982
2024-08-19 10:10:54,15100.0,2300,Sell,232627981
2024-08-19 10:10:54,15100.0,700,Sell,232627977
2024-08-19 10:10:54,15100.0,2000,Sell,232627976
2024-08-19 10:10:54,15100.0,300,Sell,232627975
2024-08-19 10:10:54,15100.0,200,Sell,232627974
2024-08-19 10:10:54,15100.0,200,Sell,232627972
2024-08-19 10:10:54,15100.0,2800,Sell,232627973
2024-08-19 10:10:54,15100.0,1000,Sell,232627970
2024-08-19 10:10:54,15100.0,900,Sell,232627961
2024-08-19 10:10:54,15100.0,700,Sell,232627971
2024-08-19 10:10:54,15100.0,3000,Sell,232627963
2024-08-19 10:10:54,15100.0,3000,Sell,232627964
2024-08-19 10:10:54,15100.0,1900,Sell,232627965
2024-08-19 10:10:54,15100.0,2100,Sell,232627962
2024-08-19 10:10:54,15100.0,100,Sell,232627967
2024-08-19 10:10:54,15100.0,100,Sell,232627968
2024-08-19 10:10:54,15100.0,1000,Sell,232627969
2024-08-19 10:10:54,15100.0,1000,Sell,232627966
2024-08-19 10:10:55,15150.0,600,Buy,232627996
2024-08-19 10:11:03,15150.0,500,Buy,232628142
2024-08-19 10:11:07,15100.0,3000,Sell,232628229
2024-08-19 10:11:07,15100.0,500,Sell,232628233
2024-08-19 10:11:07,15100.0,200,Sell,232628232
2024-08-19 10:11:07,15100.0,1000,Sell,232628231
2024-08-19 10:11:07,15100.0,300,Sell,232628230
2024-08-19 10:11:07,15100.0,2000,Sell,232628228
2024-08-19 10:11:07,15100.0,2000,Sell,232628217
2024-08-19 10:11:07,15100.0,2000,Sell,232628226
2024-08-19 10:11:07,15100.0,2000,Sell,232628225
2024-08-19 10:11:07,15100.0,2000,Sell,232628224
2024-08-19 10:11:07,15100.0,2000,Sell,232628223
2024-08-19 10:11:07,15100.0,2000,Sell,232628219
2024-08-19 10:11:07,15100.0,2000,Sell,232628218
2024-08-19 10:11:07,15100.0,2000,Sell,232628227
2024-08-19 10:11:20,15100.0,300,Sell,232628437
2024-08-19 10:11:20,15100.0,2000,Sell,232628438
2024-08-19 10:11:20,15100.0,2000,Sell,232628440
2024-08-19 10:11:20,15100.0,700,Sell,232628441
2024-08-19 10:11:20,15100.0,600,Sell,232628442
2024-08-19 10:11:20,15100.0,200,Sell,232628446
2024-08-19 10:11:20,15100.0,200,Sell,232628444
2024-08-19 10:11:20,15100.0,600,Sell,232628445
2024-08-19 10:11:20,15100.0,500,Sell,232628447
2024-08-19 10:11:20,15100.0,700,Sell,232628448
2024-08-19 10:11:20,15100.0,800,Sell,232628436
2024-08-19 10:11:20,15100.0,500,Sell,232628443
2024-08-19 10:11:20,15100.0,900,Sell,232628435
2024-08-19 10:11:20,15100.0,100,Sell,232628426
2024-08-19 10:11:20,15100.0,2000,Sell,232628433
2024-08-19 10:11:20,15100.0,200,Sell,232628421
2024-08-19 10:11:20,15100.0,1000,Sell,232628422
2024-08-19 10:11:20,15100.0,100,Sell,232628423
2024-08-19 10:11:20,15100.0,1300,Sell,232628425
2024-08-19 10:11:20,15100.0,500,Sell,232628420
2024-08-19 10:11:20,15100.0,200,Sell,232628424
2024-08-19 10:11:20,15100.0,100,Sell,232628428
2024-08-19 10:11:20,15100.0,100,Sell,232628429
2024-08-19 10:11:20,15100.0,100,Sell,232628430
2024-08-19 10:11:20,15100.0,1900,Sell,232628431
2024-08-19 10:11:20,15100.0,100,Sell,232628432
2024-08-19 10:11:20,15100.0,300,Sell,232628427
2024-08-19 10:11:20,15100.0,2000,Sell,232628434
2024-08-19 10:11:32,15100.0,2000,Sell,232628648
2024-08-19 10:11:32,15100.0,800,Sell,232628652
2024-08-19 10:11:32,15100.0,500,Sell,232628651
2024-08-19 10:11:32,15100.0,700,Sell,232628650
2024-08-19 10:11:32,15100.0,2000,Sell,232628649
2024-08-19 10:11:32,15100.0,2000,Sell,232628647
2024-08-19 10:11:32,15100.0,2000,Sell,232628645
2024-08-19 10:11:32,15100.0,600,Sell,232628642
2024-08-19 10:11:32,15100.0,100,Sell,232628641
2024-08-19 10:11:32,15100.0,1000,Sell,232628640
2024-08-19 10:11:32,15100.0,300,Sell,232628639
2024-08-19 10:11:32,15100.0,2000,Sell,232628646
2024-08-19 10:11:33,15100.0,2000,Sell,232628654
2024-08-19 10:11:33,15100.0,2000,Sell,232628655
2024-08-19 10:11:33,15100.0,2000,Sell,232628656
2024-08-19 10:11:41,15100.0,500,Sell,232628795
2024-08-19 10:11:41,15100.0,2000,Sell,232628796
2024-08-19 10:11:41,15100.0,1000,Sell,232628797
2024-08-19 10:11:41,15100.0,100,Sell,232628798
2024-08-19 10:11:41,15100.0,200,Sell,232628803
2024-08-19 10:11:41,15100.0,2500,Sell,232628800
2024-08-19 10:11:41,15100.0,1000,Sell,232628801
2024-08-19 10:11:41,15100.0,200,Sell,232628802
2024-08-19 10:11:41,15100.0,1000,Sell,232628794
2024-08-19 10:11:41,15100.0,500,Sell,232628799
2024-08-19 10:11:41,15100.0,100,Sell,232628793
2024-08-19 10:11:41,15100.0,1000,Sell,232628782
2024-08-19 10:11:41,15100.0,200,Sell,232628791
2024-08-19 10:11:41,15100.0,2900,Sell,232628790
2024-08-19 10:11:41,15100.0,1000,Sell,232628789
2024-08-19 10:11:41,15100.0,1000,Sell,232628788
2024-08-19 10:11:41,15100.0,2000,Sell,232628787
2024-08-19 10:11:41,15100.0,1000,Sell,232628786
2024-08-19 10:11:41,15100.0,300,Sell,232628785
2024-08-19 10:11:41,15100.0,1700,Sell,232628784
2024-08-19 10:11:41,15100.0,500,Sell,232628783
2024-08-19 10:11:41,15100.0,3200,Sell,232628781
2024-08-19 10:11:41,15100.0,100,Sell,232628792
2024-08-19 10:11:43,15100.0,500,Sell,232628828
2024-08-19 10:11:44,15100.0,300,Sell,232628832
2024-08-19 10:11:46,15100.0,200,Sell,232628929
2024-08-19 10:11:47,15100.0,300,Sell,232628956
2024-08-19 10:11:47,15100.0,1000,Sell,232628967
2024-08-19 10:11:47,15100.0,100,Sell,232628966
2024-08-19 10:11:47,15100.0,1000,Sell,232628965
2024-08-19 10:11:47,15100.0,2900,Sell,232628964
2024-08-19 10:11:47,15100.0,500,Sell,232628960
2024-08-19 10:11:47,15100.0,200,Sell,232628959
2024-08-19 10:11:47,15100.0,1500,Sell,232628958
2024-08-19 10:11:47,15100.0,500,Sell,232628957
2024-08-19 10:11:47,15100.0,300,Sell,232628969
2024-08-19 10:11:47,15100.0,200,Sell,232628955
2024-08-19 10:11:47,15100.0,600,Sell,232628968
2024-08-19 10:11:47,15100.0,500,Sell,232628953
2024-08-19 10:11:47,15100.0,400,Sell,232628942
2024-08-19 10:11:47,15100.0,10000,Sell,232628954
2024-08-19 10:11:47,15100.0,2000,Sell,232628944
2024-08-19 10:11:47,15100.0,100,Sell,232628945
2024-08-19 10:11:47,15100.0,500,Sell,232628946
2024-08-19 10:11:47,15100.0,200,Sell,232628943
2024-08-19 10:11:47,15100.0,1000,Sell,232628948
2024-08-19 10:11:47,15100.0,23200,Sell,232628949
2024-08-19 10:11:47,15100.0,700,Sell,232628950
2024-08-19 10:11:47,15100.0,300,Sell,232628951
2024-08-19 10:11:47,15100.0,200,Sell,232628952
2024-08-19 10:11:47,15100.0,200,Sell,232628947
2024-08-19 10:11:48,15100.0,200,Sell,232628995
2024-08-19 10:11:50,15100.0,800,Sell,232629009
2024-08-19 10:11:59,15100.0,2000,Sell,232629150
2024-08-19 10:12:00,15100.0,600,Sell,232629192
2024-08-19 10:12:01,15100.0,300,Sell,232629195
2024-08-19 10:12:02,15100.0,500,Sell,232629252
2024-08-19 10:12:06,15100.0,3200,Sell,232629309
2024-08-19 10:12:06,15100.0,100,Sell,232629307
2024-08-19 10:12:06,15100.0,100,Sell,232629308
2024-08-19 10:12:06,15100.0,1000,Sell,232629305
2024-08-19 10:12:06,15100.0,100,Sell,232629304
2024-08-19 10:12:06,15100.0,200,Sell,232629303
2024-08-19 10:12:06,15100.0,300,Sell,232629306
2024-08-19 10:12:07,15100.0,200,Sell,232629323
2024-08-19 10:12:12,15100.0,300,Sell,232629375
2024-08-19 10:12:12,15100.0,1300,Sell,232629381
2024-08-19 10:12:12,15100.0,700,Sell,232629382
2024-08-19 10:12:16,15100.0,2300,Sell,232629450
2024-08-19 10:12:16,15100.0,100,Sell,232629451
2024-08-19 10:12:16,15100.0,500,Sell,232629452
2024-08-19 10:12:16,15100.0,100,Sell,232629453
2024-08-19 10:12:18,15100.0,500,Buy,232629469
2024-08-19 10:12:19,15050.0,100,Sell,232629501
2024-08-19 10:12:19,15050.0,2600,Sell,232629495
2024-08-19 10:12:19,15050.0,100,Sell,232629494
2024-08-19 10:12:19,15050.0,5000,Sell,232629487
2024-08-19 10:12:19,15050.0,100,Sell,232629492
2024-08-19 10:12:19,15050.0,5000,Sell,232629491
2024-08-19 10:12:19,15050.0,500,Sell,232629493
2024-08-19 10:12:45,15050.0,2000,Sell,232629975
2024-08-19 10:13:14,15050.0,200,Sell,232630398
2024-08-19 10:14:19,15050.0,600,Sell,232631437
2024-08-19 10:14:19,15050.0,4000,Sell,232631436
2024-08-19 10:14:19,15050.0,200,Sell,232631434
2024-08-19 10:14:19,15050.0,500,Sell,232631433
2024-08-19 10:14:19,15050.0,1000,Sell,232631435
2024-08-19 10:14:19,15050.0,100,Sell,232631431
2024-08-19 10:14:19,15050.0,100,Sell,232631428
2024-08-19 10:14:19,15050.0,1000,Sell,232631432
2024-08-19 10:14:19,15050.0,1500,Sell,232631430
2024-08-19 10:14:19,15050.0,1000,Sell,232631429
2024-08-19 10:14:22,15050.0,2000,Sell,232631482
2024-08-19 10:14:33,15050.0,200,Sell,232631721
2024-08-19 10:14:56,15100.0,400,Buy,232632154
2024-08-19 10:15:00,15050.0,100,Sell,232632236
2024-08-19 10:15:04,15050.0,700,Sell,232632312
2024-08-19 10:15:13,15100.0,4000,Buy,232632529
2024-08-19 10:15:39,15100.0,100,Buy,232633074
2024-08-19 10:15:40,15100.0,10000,Buy,232633089
2024-08-19 10:15:49,15100.0,200,Buy,232633246
2024-08-19 10:15:51,15100.0,1000,Buy,232633276
2024-08-19 10:16:22,15100.0,3300,Buy,232633974
2024-08-19 10:16:26,15100.0,1000,Buy,232634021
2024-08-19 10:16:27,15100.0,20000,Buy,232634034
2024-08-19 10:16:28,15100.0,800,Buy,232634038
2024-08-19 10:16:38,15100.0,100,Buy,232634141
2024-08-19 10:16:52,15100.0,2000,Buy,232634377
2024-08-19 10:17:07,15100.0,100,Buy,232634682
2024-08-19 10:17:20,15100.0,2400,Buy,232634891
2024-08-19 10:17:20,15100.0,3500,Buy,232634889
2024-08-19 10:17:20,15100.0,100,Buy,232634890
2024-08-19 10:17:28,15100.0,2000,Buy,232635015
2024-08-19 10:17:32,15100.0,300,Buy,232635101
2024-08-19 10:17:34,15100.0,400,Buy,232635115
2024-08-19 10:17:39,15100.0,800,Buy,232635179
2024-08-19 10:17:44,15100.0,4100,Buy,232635245
2024-08-19 10:17:44,15100.0,200,Buy,232635246
2024-08-19 10:17:44,15100.0,20700,Buy,232635247
2024-08-19 10:17:47,15050.0,100,Sell,232635307
2024-08-19 10:18:11,15100.0,100,Buy,232636076
2024-08-19 10:18:13,15100.0,100,Buy,232636103
2024-08-19 10:18:14,15050.0,2000,Sell,232636125
2024-08-19 10:18:14,15050.0,100,Sell,232636107
2024-08-19 10:18:29,15050.0,3000,Sell,232636380
2024-08-19 10:18:46,15100.0,1300,Buy,232636781
2024-08-19 10:18:49,15050.0,100,Sell,232636837
2024-08-19 10:19:35,15050.0,500,Sell,232637877
2024-08-19 10:19:42,15050.0,600,Sell,232638021
2024-08-19 10:19:42,15050.0,400,Sell,232638022
2024-08-19 10:19:50,15050.0,200,Sell,232638189
2024-08-19 10:20:09,15050.0,1400,Sell,232638615
2024-08-19 10:20:09,15050.0,400,Sell,232638616
2024-08-19 10:20:13,15050.0,900,Sell,232638725
2024-08-19 10:20:26,15050.0,100,Sell,232638952
2024-08-19 10:20:46,15100.0,100,Buy,232639278
2024-08-19 10:21:16,15050.0,8600,Sell,232639865
2024-08-19 10:21:16,15050.0,1000,Sell,232639866
2024-08-19 10:21:16,15050.0,3000,Sell,232639867
2024-08-19 10:21:16,15050.0,2400,Sell,232639868
2024-08-19 10:21:29,15100.0,200,Buy,232640133
2024-08-19 10:21:31,15050.0,5000,Sell,232640174
2024-08-19 10:21:40,15100.0,2700,Buy,232640422
2024-08-19 10:21:46,15050.0,400,Sell,232640576
2024-08-19 10:21:46,15050.0,100,Sell,232640575
2024-08-19 10:21:46,15050.0,200,Sell,232640574
2024-08-19 10:21:46,15050.0,1000,Sell,232640573
2024-08-19 10:21:46,15050.0,700,Sell,232640572
2024-08-19 10:21:46,15050.0,1000,Sell,232640571
2024-08-19 10:21:46,15050.0,1000,Sell,232640570
2024-08-19 10:21:46,15050.0,300,Sell,232640569
2024-08-19 10:21:46,15050.0,1600,Sell,232640577
2024-08-19 10:21:46,15050.0,1700,Sell,232640568
2024-08-19 10:21:46,15050.0,1300,Sell,232640566
2024-08-19 10:21:46,15050.0,300,Sell,232640565
2024-08-19 10:21:46,15050.0,300,Sell,232640564
2024-08-19 10:21:46,15050.0,100,Sell,232640563
2024-08-19 10:21:46,15050.0,400,Sell,232640562
2024-08-19 10:21:46,15050.0,1600,Sell,232640561
2024-08-19 10:21:46,15050.0,2000,Sell,232640556
2024-08-19 10:21:46,15050.0,2000,Sell,232640555
2024-08-19 10:21:46,15050.0,2000,Sell,232640554
2024-08-19 10:21:46,15100.0,100,Buy,232640541
2024-08-19 10:21:46,15050.0,2000,Sell,232640567
2024-08-19 10:21:57,15050.0,500,Sell,232640867
2024-08-19 10:21:57,15050.0,500,Sell,232640868
2024-08-19 10:21:57,15050.0,1000,Sell,232640869
2024-08-19 10:21:57,15050.0,500,Sell,232640870
2024-08-19 10:21:57,15050.0,1400,Sell,232640876
2024-08-19 10:21:57,15050.0,1000,Sell,232640872
2024-08-19 10:21:57,15050.0,100,Sell,232640873
2024-08-19 10:21:57,15050.0,400,Sell,232640874
2024-08-19 10:21:57,15050.0,600,Sell,232640875
2024-08-19 10:21:57,15050.0,500,Sell,232640871
2024-08-19 10:21:57,15050.0,200,Sell,232640866
2024-08-19 10:21:57,15050.0,500,Sell,232640865
2024-08-19 10:21:57,15050.0,2000,Sell,232640857
2024-08-19 10:21:57,15050.0,2000,Sell,232640847
2024-08-19 10:21:57,15050.0,1000,Sell,232640848
2024-08-19 10:21:57,15050.0,100,Sell,232640849
2024-08-19 10:21:57,15050.0,100,Sell,232640850
2024-08-19 10:21:57,15050.0,800,Sell,232640864
2024-08-19 10:21:57,15050.0,500,Sell,232640852
2024-08-19 10:21:57,15050.0,200,Sell,232640853
2024-08-19 10:21:57,15050.0,2000,Sell,232640855
2024-08-19 10:21:57,15050.0,2000,Sell,232640856
2024-08-19 10:21:57,15050.0,100,Sell,232640851
2024-08-19 10:21:58,15050.0,600,Sell,232640879
2024-08-19 10:21:58,15050.0,1000,Sell,232640880
2024-08-19 10:21:58,15050.0,400,Sell,232640881
2024-08-19 10:22:12,15050.0,1700,Sell,232641135
2024-08-19 10:22:12,15050.0,300,Sell,232641136
2024-08-19 10:22:12,15050.0,100,Sell,232641137
2024-08-19 10:22:12,15050.0,1600,Sell,232641138
2024-08-19 10:22:12,15050.0,2000,Sell,232641139
2024-08-19 10:22:12,15050.0,2000,Sell,232641143
2024-08-19 10:22:12,15050.0,300,Sell,232641141
2024-08-19 10:22:12,15050.0,300,Sell,232641142
2024-08-19 10:22:12,15050.0,2000,Sell,232641144
2024-08-19 10:22:12,15050.0,2000,Sell,232641145
2024-08-19 10:22:12,15050.0,1400,Sell,232641140
2024-08-19 10:22:12,15050.0,300,Sell,232641134
2024-08-19 10:22:12,15050.0,500,Sell,232641129
2024-08-19 10:22:12,15050.0,1000,Sell,232641130
2024-08-19 10:22:12,15050.0,300,Sell,232641128
2024-08-19 10:22:12,15050.0,1000,Sell,232641127
2024-08-19 10:22:12,15050.0,900,Sell,232641125
2024-08-19 10:22:12,15050.0,100,Sell,232641124
2024-08-19 10:22:12,15050.0,100,Sell,232641123
2024-08-19 10:22:12,15050.0,500,Sell,232641122
2024-08-19 10:22:12,15050.0,100,Sell,232641121
2024-08-19 10:22:12,15050.0,100,Sell,232641120
2024-08-19 10:22:12,15050.0,500,Sell,232641119
2024-08-19 10:22:12,15050.0,600,Sell,232641118
2024-08-19 10:22:12,15050.0,200,Sell,232641131
2024-08-19 10:22:12,15050.0,100,Sell,232641126
2024-08-19 10:22:40,15050.0,1500,Sell,232641673
2024-08-19 10:22:41,15050.0,300,Sell,232641702
2024-08-19 10:22:43,15050.0,1000,Sell,232641782
2024-08-19 10:22:44,15050.0,1000,Sell,232641816
2024-08-19 10:22:45,15050.0,2000,Sell,232641820
2024-08-19 10:22:45,15050.0,1400,Sell,232641858
2024-08-19 10:22:45,15050.0,300,Sell,232641857
2024-08-19 10:22:45,15050.0,300,Sell,232641856
2024-08-19 10:22:45,15050.0,200,Sell,232641855
2024-08-19 10:22:45,15050.0,100,Sell,232641854
2024-08-19 10:22:45,15050.0,400,Sell,232641853
2024-08-19 10:22:45,15050.0,100,Sell,232641852
2024-08-19 10:22:45,15050.0,2000,Sell,232641819
2024-08-19 10:22:45,15050.0,200,Sell,232641850
2024-08-19 10:22:45,15050.0,100,Sell,232641840
2024-08-19 10:22:45,15050.0,1900,Sell,232641839
2024-08-19 10:22:45,15050.0,100,Sell,232641838
2024-08-19 10:22:45,15050.0,500,Sell,232641837
2024-08-19 10:22:45,15050.0,1000,Sell,232641851
2024-08-19 10:22:45,15050.0,600,Sell,232641835
2024-08-19 10:22:45,15050.0,100,Sell,232641834
2024-08-19 10:22:45,15050.0,1000,Sell,232641833
2024-08-19 10:22:45,15050.0,100,Sell,232641832
2024-08-19 10:22:45,15050.0,200,Sell,232641831
2024-08-19 10:22:45,15050.0,2000,Sell,232641830
2024-08-19 10:22:45,15050.0,2000,Sell,232641829
2024-08-19 10:22:45,15050.0,2000,Sell,232641828
2024-08-19 10:22:45,15050.0,2000,Sell,232641825
2024-08-19 10:22:45,15050.0,2000,Sell,232641824
2024-08-19 10:22:45,15050.0,2000,Sell,232641823
2024-08-19 10:22:45,15050.0,2000,Sell,232641822
2024-08-19 10:22:45,15050.0,2000,Sell,232641821
2024-08-19 10:22:45,15050.0,1400,Sell,232641836
2024-08-19 10:22:54,15050.0,100,Sell,232642030
2024-08-19 10:22:54,15050.0,100,Sell,232642031
2024-08-19 10:22:56,15050.0,1700,Sell,232642227
2024-08-19 10:22:56,15050.0,2000,Sell,232642226
2024-08-19 10:22:56,15050.0,1300,Sell,232642225
2024-08-19 10:22:56,15050.0,100,Sell,232642224
2024-08-19 10:22:56,15050.0,400,Sell,232642223
2024-08-19 10:22:56,15050.0,200,Sell,232642222
2024-08-19 10:22:56,15050.0,600,Sell,232642221
2024-08-19 10:22:56,15050.0,500,Sell,232642220
2024-08-19 10:22:56,15050.0,300,Sell,232642228
2024-08-19 10:22:56,15050.0,900,Sell,232642219
2024-08-19 10:22:56,15050.0,2000,Sell,232642218
2024-08-19 10:22:56,15050.0,100,Sell,232642216
2024-08-19 10:22:56,15050.0,200,Sell,232642215
2024-08-19 10:22:56,15050.0,2000,Sell,232642217
2024-08-19 10:22:56,15050.0,100,Sell,232642200
2024-08-19 10:22:56,15050.0,1000,Sell,232642201
2024-08-19 10:22:56,15050.0,900,Sell,232642202
2024-08-19 10:22:56,15050.0,1100,Sell,232642208
2024-08-19 10:22:56,15050.0,100,Sell,232642213
2024-08-19 10:22:56,15050.0,2000,Sell,232642210
2024-08-19 10:22:56,15050.0,900,Sell,232642209
2024-08-19 10:22:56,15050.0,1000,Sell,232642214
2024-08-19 10:22:56,15050.0,100,Sell,232642211
2024-08-19 10:22:56,15050.0,500,Sell,232642212
2024-08-19 10:23:00,15050.0,300,Sell,232642346
2024-08-19 10:23:04,15050.0,100,Sell,232642448
2024-08-19 10:23:08,15050.0,2000,Sell,232642597
2024-08-19 10:23:08,15050.0,2000,Sell,232642592
2024-08-19 10:23:08,15050.0,1700,Sell,232642591
2024-08-19 10:23:08,15050.0,2000,Sell,232642589
2024-08-19 10:23:08,15050.0,700,Sell,232642587
2024-08-19 10:23:08,15050.0,1000,Sell,232642586
2024-08-19 10:23:08,15050.0,100,Sell,232642585
2024-08-19 10:23:08,15050.0,200,Sell,232642584
2024-08-19 10:23:08,15050.0,300,Sell,232642590
2024-08-19 10:23:08,15050.0,1000,Sell,232642582
