time,price,volume,match_type,id
2024-07-23 09:14:41,16100.0,39800,ATO/ATC,225457842
2024-07-23 09:14:42,16100.0,2000,Buy,225457952
2024-07-23 09:14:42,16100.0,200,Buy,225457951
2024-07-23 09:14:42,16100.0,100,Buy,225457948
2024-07-23 09:14:42,16100.0,1100,Buy,225457949
2024-07-23 09:14:42,16100.0,700,Buy,225457950
2024-07-23 09:14:50,16100.0,200,Buy,225458049
2024-07-23 09:15:07,16050.0,100,Sell,225458263
2024-07-23 09:15:28,16050.0,200,Sell,225458551
2024-07-23 09:15:28,16050.0,1600,Sell,225458552
2024-07-23 09:15:28,16050.0,500,Sell,225458553
2024-07-23 09:15:28,16050.0,500,Sell,225458554
2024-07-23 09:15:42,16050.0,1000,Sell,225458750
2024-07-23 09:15:43,16050.0,400,Sell,225458777
2024-07-23 09:15:45,16050.0,100,Sell,225458803
2024-07-23 09:15:47,16050.0,1500,Sell,225458839
2024-07-23 09:15:47,16050.0,3500,Sell,225458840
2024-07-23 09:15:57,16050.0,100,Buy,225458996
2024-07-23 09:16:06,16050.0,500,Buy,225459169
2024-07-23 09:16:16,16050.0,200,Buy,225459382
2024-07-23 09:16:27,16050.0,2300,Buy,225459541
2024-07-23 09:16:27,16050.0,200,Buy,225459540
2024-07-23 09:16:30,16050.0,2700,Buy,225459578
2024-07-23 09:16:30,16050.0,3900,Buy,225459579
2024-07-23 09:16:30,16050.0,1500,Buy,225459580
2024-07-23 09:16:30,16050.0,1000,Buy,225459581
2024-07-23 09:16:30,16050.0,900,Buy,225459582
2024-07-23 09:17:19,16050.0,100,Buy,225460607
2024-07-23 09:17:22,16050.0,300,Buy,225460658
2024-07-23 09:17:22,16050.0,100,Buy,225460659
2024-07-23 09:17:22,16050.0,1000,Buy,225460660
2024-07-23 09:17:22,16050.0,300,Buy,225460661
2024-07-23 09:17:22,16050.0,300,Buy,225460662
2024-07-23 09:17:27,16050.0,200,Buy,225460726
2024-07-23 09:17:27,16050.0,700,Buy,225460724
2024-07-23 09:17:27,16050.0,100,Buy,225460725
2024-07-23 09:17:31,16050.0,800,Buy,225460795
2024-07-23 09:17:31,16050.0,1000,Buy,225460796
2024-07-23 09:17:31,16050.0,1000,Buy,225460797
2024-07-23 09:17:31,16050.0,200,Buy,225460798
2024-07-23 09:17:35,16050.0,1000,Buy,225460864
2024-07-23 09:17:41,16050.0,2000,Buy,225460978
2024-07-23 09:17:42,16050.0,2200,Buy,225461010
2024-07-23 09:17:49,16050.0,100,Buy,225461134
2024-07-23 09:17:54,16000.0,100,Sell,225461233
2024-07-23 09:18:01,16000.0,100,Sell,225461401
2024-07-23 09:18:03,16000.0,100,Sell,225461431
2024-07-23 09:18:03,16050.0,200,Buy,225461449
2024-07-23 09:18:21,16000.0,100,Sell,225461834
2024-07-23 09:18:21,16000.0,100,Sell,225461832
2024-07-23 09:18:21,16000.0,100,Sell,225461833
2024-07-23 09:18:35,16050.0,1000,Buy,225462113
2024-07-23 09:18:49,16000.0,100,Sell,225462421
2024-07-23 09:18:54,16000.0,100,Sell,225462506
2024-07-23 09:18:58,16000.0,300,Sell,225462579
2024-07-23 09:18:58,16000.0,200,Sell,225462580
2024-07-23 09:18:58,16000.0,500,Sell,225462581
2024-07-23 09:18:59,16000.0,100,Sell,225462610
2024-07-23 09:19:05,16000.0,100,Sell,225462721
2024-07-23 09:19:17,16050.0,1300,Buy,225462987
2024-07-23 09:19:17,16050.0,500,Buy,225462985
2024-07-23 09:19:17,16050.0,200,Buy,225462986
2024-07-23 09:19:17,16050.0,600,Buy,225462983
2024-07-23 09:19:17,16050.0,3300,Buy,225462981
2024-07-23 09:19:17,16050.0,1000,Buy,225462984
2024-07-23 09:19:17,16050.0,100,Buy,225462982
2024-07-23 09:19:18,16000.0,100,Sell,225463035
2024-07-23 09:19:22,16000.0,200,Sell,225463132
2024-07-23 09:19:22,16000.0,100,Sell,225463133
2024-07-23 09:19:22,16000.0,100,Sell,225463134
2024-07-23 09:19:22,16000.0,300,Sell,225463135
2024-07-23 09:19:25,16050.0,500,Buy,225463246
2024-07-23 09:19:49,16050.0,100,Buy,225463809
2024-07-23 09:19:55,16050.0,100,Buy,225463939
2024-07-23 09:19:55,16050.0,3900,Buy,225463941
2024-07-23 09:19:56,16000.0,100,Sell,225463979
2024-07-23 09:19:56,16000.0,4400,Sell,225463981
2024-07-23 09:19:56,16000.0,300,Sell,225463977
2024-07-23 09:19:56,16000.0,200,Sell,225463978
2024-07-23 09:19:56,16000.0,5000,Sell,225463980
2024-07-23 09:20:08,16000.0,2000,Sell,225464261
2024-07-23 09:20:09,16050.0,2700,Buy,225464285
2024-07-23 09:20:09,16050.0,100,Buy,225464286
2024-07-23 09:20:09,16050.0,2000,Buy,225464287
2024-07-23 09:20:09,16050.0,3000,Buy,225464288
2024-07-23 09:20:09,16050.0,5000,Buy,225464289
2024-07-23 09:20:09,16050.0,1000,Buy,225464290
2024-07-23 09:20:09,16050.0,100,Buy,225464291
2024-07-23 09:20:09,16050.0,100,Buy,225464292
2024-07-23 09:20:09,16050.0,1000,Buy,225464293
2024-07-23 09:20:19,16000.0,600,Sell,225464552
2024-07-23 09:20:24,16000.0,300,Sell,225464660
2024-07-23 09:20:34,16000.0,200,Sell,225464896
2024-07-23 09:20:42,16000.0,5000,Sell,225465039
2024-07-23 09:20:42,16000.0,1000,Sell,225465047
2024-07-23 09:20:45,16000.0,700,Sell,225465116
2024-07-23 09:20:52,16050.0,100,Buy,225465301
2024-07-23 09:20:53,16050.0,100,Buy,225465327
2024-07-23 09:20:53,16050.0,400,Buy,225465328
2024-07-23 09:20:58,16000.0,1000,Sell,225465459
2024-07-23 09:20:59,16050.0,4600,Buy,225465499
2024-07-23 09:20:59,16050.0,1000,Buy,225465500
2024-07-23 09:20:59,16050.0,500,Buy,225465501
2024-07-23 09:20:59,16050.0,100,Buy,225465502
2024-07-23 09:20:59,16050.0,200,Buy,225465503
2024-07-23 09:20:59,16050.0,200,Buy,225465504
2024-07-23 09:20:59,16050.0,2600,Buy,225465505
2024-07-23 09:20:59,16050.0,800,Buy,225465506
2024-07-23 09:20:59,16000.0,1000,Sell,225465528
2024-07-23 09:21:00,16000.0,5000,Sell,225465577
2024-07-23 09:21:10,16000.0,1000,Sell,225465818
2024-07-23 09:21:15,16000.0,200,Sell,225465920
2024-07-23 09:21:16,16000.0,1000,Sell,225465929
2024-07-23 09:21:17,16000.0,2000,Sell,225465947
2024-07-23 09:21:25,16050.0,100,Buy,225466173
2024-07-23 09:21:25,16050.0,100,Buy,225466174
2024-07-23 09:21:25,16050.0,300,Buy,225466175
2024-07-23 09:21:26,16000.0,1000,Sell,225466202
2024-07-23 09:21:41,16000.0,100,Sell,225466482
2024-07-23 09:21:46,16000.0,700,Sell,225466580
2024-07-23 09:21:54,16000.0,1000,Sell,225466725
2024-07-23 09:21:57,16000.0,500,Sell,225466782
2024-07-23 09:21:58,16050.0,500,Buy,225466827
2024-07-23 09:22:16,16050.0,9000,Buy,225467273
2024-07-23 09:22:16,16050.0,800,Buy,225467274
2024-07-23 09:22:16,16050.0,600,Buy,225467271
2024-07-23 09:22:16,16050.0,500,Buy,225467272
2024-07-23 09:22:16,16050.0,4200,Buy,225467270
2024-07-23 09:22:34,16000.0,1000,Sell,225467863
2024-07-23 09:22:35,16000.0,1000,Sell,225467889
2024-07-23 09:22:42,16000.0,3000,Sell,225468050
2024-07-23 09:22:42,16000.0,200,Sell,225468059
2024-07-23 09:22:51,16050.0,100,Buy,225468250
2024-07-23 09:23:08,16000.0,100,Sell,225468656
2024-07-23 09:23:08,16000.0,1600,Sell,225468658
2024-07-23 09:23:08,16000.0,1000,Sell,225468654
2024-07-23 09:23:08,16000.0,2100,Sell,225468653
2024-07-23 09:23:08,16000.0,100,Sell,225468655
2024-07-23 09:23:08,16000.0,300,Sell,225468657
2024-07-23 09:23:24,16000.0,2700,Sell,225469009
2024-07-23 09:23:24,16000.0,400,Sell,225469002
2024-07-23 09:23:24,16000.0,200,Sell,225469003
2024-07-23 09:23:24,16000.0,100,Sell,225469004
2024-07-23 09:23:24,16000.0,100,Sell,225469005
2024-07-23 09:23:24,16000.0,500,Sell,225469006
2024-07-23 09:23:24,16000.0,5000,Sell,225469007
2024-07-23 09:23:24,16000.0,500,Sell,225469008
2024-07-23 09:23:26,16050.0,100,Buy,225469065
2024-07-23 09:23:30,16000.0,4000,Sell,225469144
2024-07-23 09:23:34,16000.0,500,Sell,225469303
2024-07-23 09:23:34,16000.0,1000,Sell,225469279
2024-07-23 09:23:34,16000.0,700,Sell,225469289
2024-07-23 09:23:34,16000.0,300,Sell,225469290
2024-07-23 09:23:34,16000.0,2000,Sell,225469291
2024-07-23 09:23:34,16000.0,100,Sell,225469292
2024-07-23 09:23:34,16000.0,100,Sell,225469293
2024-07-23 09:23:34,16000.0,3100,Sell,225469294
2024-07-23 09:23:34,16000.0,3000,Sell,225469278
2024-07-23 09:23:34,16000.0,2000,Sell,225469296
2024-07-23 09:23:34,16000.0,100,Sell,225469297
2024-07-23 09:23:34,16000.0,500,Sell,225469298
2024-07-23 09:23:34,16000.0,100,Sell,225469299
2024-07-23 09:23:34,16000.0,100,Sell,225469300
2024-07-23 09:23:34,16000.0,200,Sell,225469301
2024-07-23 09:23:34,16000.0,500,Sell,225469302
2024-07-23 09:23:34,16000.0,300,Sell,225469295
2024-07-23 09:23:34,16000.0,200,Sell,225469277
2024-07-23 09:23:34,16000.0,1000,Sell,225469266
2024-07-23 09:23:34,16000.0,700,Sell,225469275
2024-07-23 09:23:34,16000.0,10900,Sell,225469257
2024-07-23 09:23:34,16000.0,100,Sell,225469258
2024-07-23 09:23:34,16000.0,100,Sell,225469259
2024-07-23 09:23:34,16000.0,4000,Sell,225469260
2024-07-23 09:23:34,16000.0,100,Sell,225469261
2024-07-23 09:23:34,16000.0,1000,Sell,225469262
2024-07-23 09:23:34,16000.0,100,Sell,225469263
2024-07-23 09:23:34,16000.0,100,Sell,225469264
2024-07-23 09:23:34,16000.0,400,Sell,225469304
2024-07-23 09:23:34,16000.0,3200,Sell,225469267
2024-07-23 09:23:34,16000.0,500,Sell,225469268
2024-07-23 09:23:34,16000.0,100,Sell,225469269
2024-07-23 09:23:34,16000.0,1000,Sell,225469270
2024-07-23 09:23:34,16000.0,10700,Sell,225469271
2024-07-23 09:23:34,16000.0,100,Sell,225469272
2024-07-23 09:23:34,16000.0,300,Sell,225469273
2024-07-23 09:23:34,16000.0,100,Sell,225469274
2024-07-23 09:23:34,16000.0,400,Sell,225469276
2024-07-23 09:23:34,16000.0,300,Sell,225469265
2024-07-23 09:23:39,16000.0,200,Sell,225469448
2024-07-23 09:23:42,16000.0,1200,Sell,225469512
2024-07-23 09:23:42,16000.0,1500,Sell,225469519
2024-07-23 09:23:42,16000.0,200,Sell,225469518
2024-07-23 09:23:42,16000.0,100,Sell,225469517
2024-07-23 09:23:42,16000.0,700,Sell,225469511
2024-07-23 09:23:42,16000.0,100,Sell,225469515
2024-07-23 09:23:42,16000.0,500,Sell,225469514
2024-07-23 09:23:42,16000.0,500,Sell,225469513
2024-07-23 09:23:42,16000.0,200,Sell,225469516
2024-07-23 09:23:49,16000.0,100,Sell,225469666
2024-07-23 09:23:49,16000.0,200,Sell,225469667
2024-07-23 09:23:52,16000.0,2200,Sell,225469763
2024-07-23 09:23:52,16000.0,100,Sell,225469762
2024-07-23 09:23:52,16000.0,200,Sell,225469761
2024-07-23 09:23:52,16000.0,100,Sell,225469760
2024-07-23 09:23:52,16000.0,100,Sell,225469759
2024-07-23 09:23:52,16000.0,500,Sell,225469758
2024-07-23 09:23:52,16000.0,1000,Sell,225469755
2024-07-23 09:23:52,16000.0,100,Sell,225469754
2024-07-23 09:23:52,16000.0,100,Sell,225469753
2024-07-23 09:23:52,16000.0,800,Sell,225469752
2024-07-23 09:23:52,16000.0,1500,Sell,225469757
2024-07-23 09:23:52,16000.0,2800,Sell,225469756
2024-07-23 09:23:54,16050.0,200,Buy,225469790
2024-07-23 09:23:58,16050.0,1000,Buy,225469918
2024-07-23 09:24:04,16000.0,2000,Sell,225470047
2024-07-23 09:24:11,16000.0,300,Sell,225470218
2024-07-23 09:24:17,16000.0,1000,Sell,225470336
2024-07-23 09:24:17,16000.0,200,Sell,225470337
2024-07-23 09:24:17,16000.0,100,Sell,225470335
2024-07-23 09:24:17,16000.0,100,Sell,225470333
2024-07-23 09:24:17,16000.0,400,Sell,225470332
2024-07-23 09:24:17,16000.0,5500,Sell,225470331
2024-07-23 09:24:17,16000.0,1500,Sell,225470334
2024-07-23 09:24:35,16000.0,500,Buy,225470737
2024-07-23 09:24:42,16000.0,1000,Buy,225470869
2024-07-23 09:25:06,16000.0,200,Buy,225471320
2024-07-23 09:25:07,16000.0,200,Buy,225471338
2024-07-23 09:25:28,16000.0,1100,Buy,225471862
2024-07-23 09:25:33,16000.0,100,Buy,225471977
2024-07-23 09:25:50,16000.0,9000,Buy,225472368
2024-07-23 09:25:50,16000.0,1000,Buy,225472365
2024-07-23 09:25:59,16000.0,100,Buy,225472573
2024-07-23 09:26:13,16000.0,200,Buy,225472876
2024-07-23 09:26:15,16000.0,300,Buy,225472917
2024-07-23 09:26:51,15950.0,3500,Sell,225473579
2024-07-23 09:26:51,15950.0,600,Sell,225473578
2024-07-23 09:26:51,15950.0,500,Sell,225473577
2024-07-23 09:26:51,15950.0,100,Sell,225473574
2024-07-23 09:26:51,15950.0,100,Sell,225473575
2024-07-23 09:26:51,15950.0,100,Sell,225473573
2024-07-23 09:26:51,15950.0,100,Sell,225473576
2024-07-23 09:27:36,15950.0,1500,Sell,225474435
2024-07-23 09:27:36,15950.0,200,Sell,225474436
2024-07-23 09:27:36,15950.0,1000,Sell,225474437
2024-07-23 09:27:36,15950.0,500,Sell,225474438
2024-07-23 09:27:36,15950.0,1000,Sell,225474439
2024-07-23 09:27:36,15950.0,8700,Sell,225474440
2024-07-23 09:27:45,15950.0,200,Sell,225474612
2024-07-23 09:27:45,15950.0,21400,Sell,225474613
2024-07-23 09:27:45,15950.0,200,Sell,225474611
2024-07-23 09:27:45,15950.0,2300,Sell,225474596
2024-07-23 09:27:45,15950.0,800,Sell,225474598
2024-07-23 09:27:45,15950.0,2200,Sell,225474610
2024-07-23 09:27:45,15950.0,900,Sell,225474597
2024-07-23 09:27:56,15950.0,5000,Sell,225474816
2024-07-23 09:28:02,15950.0,1000,Sell,225474891
2024-07-23 09:28:12,15950.0,2600,Sell,225475043
2024-07-23 09:28:12,15950.0,500,Sell,225475044
2024-07-23 09:28:15,15950.0,500,Sell,225475108
2024-07-23 09:28:15,15950.0,300,Sell,225475109
2024-07-23 09:28:32,15950.0,100,Sell,225475381
2024-07-23 09:28:34,15950.0,200,Sell,225475422
2024-07-23 09:28:34,15950.0,800,Sell,225475423
2024-07-23 09:28:54,15950.0,200,Sell,225475818
2024-07-23 09:28:58,15950.0,1600,Sell,225475922
2024-07-23 09:29:30,15950.0,800,Sell,225476684
2024-07-23 09:29:36,15950.0,100,Sell,225476860
2024-07-23 09:29:37,15950.0,1500,Sell,225476892
2024-07-23 09:29:37,15950.0,500,Sell,225476893
2024-07-23 09:29:42,15950.0,300,Sell,225476975
2024-07-23 09:29:44,15950.0,500,Sell,225477014
2024-07-23 09:29:52,15950.0,1000,Sell,225477201
2024-07-23 09:29:59,15950.0,600,Sell,225477319
2024-07-23 09:30:03,15950.0,2000,Sell,225477393
2024-07-23 09:30:08,16000.0,100,Buy,225477550
2024-07-23 09:30:18,16000.0,100,Buy,225477721
2024-07-23 09:30:42,15950.0,100,Sell,225478194
2024-07-23 09:30:42,15950.0,1000,Sell,225478195
2024-07-23 09:30:42,15950.0,500,Sell,225478196
2024-07-23 09:30:42,15950.0,800,Sell,225478197
2024-07-23 09:30:42,15950.0,600,Sell,225478198
2024-07-23 09:30:54,16000.0,10000,Buy,225478455
2024-07-23 09:31:09,15950.0,500,Sell,225478747
2024-07-23 09:31:09,15950.0,100,Sell,225478745
2024-07-23 09:31:09,15950.0,200,Sell,225478746
2024-07-23 09:31:09,15950.0,1000,Sell,225478744
2024-07-23 09:31:09,15950.0,1000,Sell,225478738
2024-07-23 09:31:09,15950.0,1600,Sell,225478741
2024-07-23 09:31:09,15950.0,300,Sell,225478742
2024-07-23 09:31:09,15950.0,4400,Sell,225478737
2024-07-23 09:31:09,15950.0,500,Sell,225478740
2024-07-23 09:31:09,15950.0,400,Sell,225478739
2024-07-23 09:31:18,16000.0,100,Buy,225478990
2024-07-23 09:31:22,15950.0,500,Sell,225479063
2024-07-23 09:31:22,15950.0,100,Sell,225479064
2024-07-23 09:31:27,15950.0,800,Sell,225479209
2024-07-23 09:31:32,15950.0,1400,Sell,225479350
2024-07-23 09:31:40,15950.0,200,Sell,225479527
2024-07-23 09:31:40,15950.0,2100,Sell,225479530
2024-07-23 09:31:40,15950.0,1000,Sell,225479529
2024-07-23 09:31:40,15950.0,100,Sell,225479528
2024-07-23 09:31:40,15950.0,100,Sell,225479526
2024-07-23 09:31:40,15950.0,100,Sell,225479524
2024-07-23 09:31:40,15950.0,600,Sell,225479523
2024-07-23 09:31:40,15950.0,5800,Sell,225479525
2024-07-23 09:31:41,16000.0,600,Buy,225479540
2024-07-23 09:32:15,16000.0,100,Buy,225480168
2024-07-23 09:32:33,16000.0,1000,Buy,225480502
2024-07-23 09:32:41,15950.0,2900,Sell,225480697
2024-07-23 09:32:41,15950.0,2000,Sell,225480698
2024-07-23 09:32:41,15950.0,1800,Sell,225480699
2024-07-23 09:32:41,15950.0,3300,Sell,225480700
2024-07-23 09:32:48,15950.0,1000,Sell,225480847
2024-07-23 09:32:48,15950.0,5000,Sell,225480848
2024-07-23 09:32:56,15950.0,700,Sell,225480993
2024-07-23 09:32:56,15950.0,100,Sell,225480994
2024-07-23 09:32:58,15950.0,300,Sell,225481021
2024-07-23 09:32:58,15950.0,100,Sell,225481022
2024-07-23 09:32:58,15950.0,11000,Sell,225481023
2024-07-23 09:32:58,15950.0,3200,Sell,225481024
2024-07-23 09:32:58,15950.0,500,Sell,225481025
2024-07-23 09:32:58,15950.0,400,Sell,225481026
2024-07-23 09:32:58,15950.0,100,Sell,225481027
2024-07-23 09:32:58,15950.0,500,Sell,225481028
2024-07-23 09:33:05,15950.0,100,Buy,225481193
2024-07-23 09:33:16,15950.0,2000,Buy,225481391
2024-07-23 09:33:20,15950.0,100,Buy,225481491
2024-07-23 09:33:24,15950.0,100,Buy,225481567
2024-07-23 09:34:02,15950.0,100,Buy,225482350
2024-07-23 09:34:07,15950.0,100,Buy,225482450
2024-07-23 09:34:10,15950.0,300,Buy,225482502
2024-07-23 09:34:41,15950.0,100,Buy,225483145
2024-07-23 09:35:10,15950.0,3500,Buy,225483816
2024-07-23 09:35:21,15950.0,1300,Buy,225484008
2024-07-23 09:35:21,15950.0,300,Buy,225484009
2024-07-23 09:35:21,15950.0,100,Buy,225484010
2024-07-23 09:35:21,15950.0,9500,Buy,225484011
2024-07-23 09:35:21,15950.0,4000,Buy,225484012
2024-07-23 09:35:21,15950.0,600,Buy,225484013
2024-07-23 09:35:21,15950.0,4200,Buy,225484014
2024-07-23 09:35:23,15950.0,1600,Buy,225484047
2024-07-23 09:35:23,15950.0,400,Buy,225484048
2024-07-23 09:35:27,15950.0,500,Buy,225484153
2024-07-23 09:35:27,15950.0,500,Buy,225484152
2024-07-23 09:35:32,15950.0,4600,Buy,225484250
2024-07-23 09:36:15,15950.0,5400,Sell,225485033
2024-07-23 09:36:15,15950.0,1600,Sell,225485034
2024-07-23 09:36:20,15950.0,500,Sell,225485091
2024-07-23 09:36:27,15950.0,500,Sell,225485200
2024-07-23 09:36:28,15950.0,200,Sell,225485206
2024-07-23 09:36:36,15950.0,1000,Sell,225485354
2024-07-23 09:36:45,15950.0,100,Sell,225485571
2024-07-23 09:36:54,15950.0,100,Sell,225485779
2024-07-23 09:36:54,15950.0,500,Sell,225485778
2024-07-23 09:36:54,15950.0,6100,Sell,225485774
2024-07-23 09:36:54,15950.0,5000,Sell,225485776
2024-07-23 09:36:54,15950.0,100,Sell,225485775
2024-07-23 09:36:54,15950.0,7000,Sell,225485777
2024-07-23 09:36:56,15900.0,100,Sell,225485823
2024-07-23 09:36:56,15900.0,400,Sell,225485824
2024-07-23 09:36:56,15900.0,1000,Sell,225485822
2024-07-23 09:36:56,15900.0,100,Sell,225485818
2024-07-23 09:36:56,15900.0,1000,Sell,225485820
2024-07-23 09:36:56,15900.0,100,Sell,225485819
2024-07-23 09:36:56,15900.0,200,Sell,225485821
2024-07-23 09:37:25,15900.0,1000,Sell,225486510
2024-07-23 09:37:25,15900.0,100,Sell,225486509
2024-07-23 09:37:25,15900.0,1000,Sell,225486508
2024-07-23 09:37:25,15900.0,400,Sell,225486507
2024-07-23 09:37:25,15900.0,100,Sell,225486506
2024-07-23 09:37:25,15900.0,500,Sell,225486505
2024-07-23 09:37:25,15900.0,200,Sell,225486504
2024-07-23 09:37:25,15900.0,700,Sell,225486500
2024-07-23 09:37:25,15900.0,100,Sell,225486502
2024-07-23 09:37:25,15900.0,7600,Sell,225486495
2024-07-23 09:37:25,15900.0,500,Sell,225486496
2024-07-23 09:37:25,15900.0,500,Sell,225486497
2024-07-23 09:37:25,15900.0,500,Sell,225486503
2024-07-23 09:37:25,15900.0,600,Sell,225486499
2024-07-23 09:37:25,15900.0,100,Sell,225486498
2024-07-23 09:37:25,15900.0,100,Sell,225486501
2024-07-23 09:37:36,15950.0,100,Buy,225486724
2024-07-23 09:38:13,15950.0,100,Buy,225487399
2024-07-23 09:38:17,15950.0,500,Buy,225487460
2024-07-23 09:38:50,15900.0,1000,Sell,225488184
2024-07-23 09:38:55,15900.0,3000,Sell,225488274
2024-07-23 09:38:55,15900.0,200,Sell,225488275
2024-07-23 09:38:55,15900.0,1000,Sell,225488276
2024-07-23 09:38:55,15900.0,100,Sell,225488277
2024-07-23 09:39:00,15950.0,100,Buy,225488421
2024-07-23 09:40:15,15950.0,200,Buy,225490026
2024-07-23 09:40:27,15950.0,3000,Buy,225490292
2024-07-23 09:40:33,15950.0,100,Buy,225490405
2024-07-23 09:40:49,15950.0,6000,Buy,225490733
2024-07-23 09:41:18,15900.0,100,Sell,225491270
2024-07-23 09:41:28,15900.0,100,Sell,225491536
2024-07-23 09:41:30,15900.0,1800,Sell,225491553
2024-07-23 09:41:30,15900.0,1000,Sell,225491554
2024-07-23 09:41:37,15900.0,500,Sell,225491666
2024-07-23 09:41:37,15900.0,100,Sell,225491669
2024-07-23 09:41:37,15900.0,3900,Sell,225491670
2024-07-23 09:41:45,15900.0,1000,Sell,225491841
2024-07-23 09:41:45,15900.0,400,Sell,225491832
2024-07-23 09:41:46,15900.0,100,Sell,225491853
2024-07-23 09:42:03,15900.0,4000,Sell,225492344
2024-07-23 09:42:03,15950.0,100,Buy,225492339
2024-07-23 09:42:03,15950.0,100,Buy,225492338
2024-07-23 09:42:03,15950.0,800,Buy,225492340
2024-07-23 09:42:09,15900.0,600,Sell,225492533
2024-07-23 09:42:09,15900.0,9400,Sell,225492534
2024-07-23 09:42:13,15950.0,200,Buy,225492613
2024-07-23 09:42:20,15900.0,2000,Sell,225492760
2024-07-23 09:42:24,15950.0,2900,Buy,225492873
2024-07-23 09:42:31,15900.0,1000,Sell,225493088
2024-07-23 09:42:39,15900.0,100,Sell,225493243
2024-07-23 09:42:48,15900.0,1000,Sell,225493488
2024-07-23 09:43:04,15950.0,500,Buy,225493786
2024-07-23 09:43:07,15900.0,600,Sell,225493872
2024-07-23 09:43:11,15950.0,1000,Buy,225493982
2024-07-23 09:43:23,15950.0,100,Buy,225494211
2024-07-23 09:43:27,15900.0,3000,Sell,225494297
2024-07-23 09:43:27,15950.0,100,Buy,225494312
2024-07-23 09:43:40,15900.0,1000,Sell,225494556
2024-07-23 09:44:01,15900.0,300,Sell,225495053
2024-07-23 09:44:28,15950.0,300,Buy,225495681
2024-07-23 09:44:59,15950.0,200,Buy,225496384
2024-07-23 09:45:05,15900.0,1000,Sell,225496495
2024-07-23 09:45:14,15900.0,15000,Sell,225496637
2024-07-23 09:45:16,15900.0,100,Sell,225496688
2024-07-23 09:45:28,15900.0,200,Sell,225496899
2024-07-23 09:45:33,15900.0,1300,Sell,225497020
2024-07-23 09:45:39,15900.0,200,Sell,225497144
2024-07-23 09:45:42,15900.0,100,Sell,225497225
2024-07-23 09:45:48,15900.0,200,Sell,225497349
2024-07-23 09:45:48,15900.0,3700,Sell,225497344
2024-07-23 09:45:48,15900.0,100,Sell,225497345
2024-07-23 09:45:48,15900.0,1000,Sell,225497348
2024-07-23 09:46:04,15900.0,1000,Sell,225497750
2024-07-23 09:46:07,15900.0,300,Sell,225497797
2024-07-23 09:46:07,15900.0,300,Sell,225497798
2024-07-23 09:46:14,15950.0,900,Buy,225497950
2024-07-23 09:46:23,15950.0,100,Buy,225498115
2024-07-23 09:46:45,15950.0,6100,Buy,225498471
2024-07-23 09:46:45,15950.0,2900,Buy,225498469
2024-07-23 09:46:45,15950.0,1000,Buy,225498470
2024-07-23 09:46:48,15950.0,100,Buy,225498536
2024-07-23 09:46:48,15950.0,2700,Buy,225498541
2024-07-23 09:46:48,15950.0,2000,Buy,225498540
2024-07-23 09:46:48,15950.0,1000,Buy,225498539
2024-07-23 09:46:48,15950.0,2000,Buy,225498538
2024-07-23 09:46:48,15950.0,1200,Buy,225498537
2024-07-23 09:46:48,15950.0,500,Buy,225498535
2024-07-23 09:46:48,15950.0,4600,Buy,225498522
2024-07-23 09:46:48,15950.0,200,Buy,225498533
2024-07-23 09:46:48,15950.0,500,Buy,225498532
2024-07-23 09:46:48,15950.0,400,Buy,225498531
2024-07-23 09:46:48,15950.0,3400,Buy,225498520
2024-07-23 09:46:48,15950.0,300,Buy,225498519
2024-07-23 09:46:48,15950.0,800,Buy,225498534
2024-07-23 09:46:48,15950.0,1700,Buy,225498521
2024-07-23 09:46:51,15950.0,400,Buy,225498592
2024-07-23 09:46:51,15950.0,200,Buy,225498591
2024-07-23 09:46:51,15950.0,1300,Buy,225498590
2024-07-23 09:47:19,15950.0,4000,Sell,225499150
2024-07-23 09:47:31,15950.0,3000,Sell,225499391
2024-07-23 09:47:32,15950.0,200,Sell,225499410
2024-07-23 09:47:51,15950.0,500,Sell,225499749
2024-07-23 09:47:53,16000.0,400,Buy,225499797
2024-07-23 09:47:57,16000.0,1000,Buy,225499872
2024-07-23 09:48:24,15950.0,400,Sell,225500363
2024-07-23 09:48:24,15950.0,600,Sell,225500364
2024-07-23 09:48:54,15950.0,800,Sell,225500916
2024-07-23 09:48:56,15950.0,200,Sell,225500953
2024-07-23 09:49:13,15950.0,500,Sell,225501280
2024-07-23 09:49:19,16000.0,100,Buy,225501366
2024-07-23 09:49:54,16000.0,100,Buy,225501995
2024-07-23 09:50:09,15950.0,300,Sell,225502219
2024-07-23 09:50:11,15950.0,300,Sell,225502252
2024-07-23 09:50:27,15950.0,7300,Sell,225502517
2024-07-23 09:50:27,15950.0,200,Sell,225502518
2024-07-23 09:50:27,15950.0,5000,Sell,225502519
2024-07-23 09:50:31,15950.0,100,Sell,225502587
2024-07-23 09:50:42,16000.0,100,Buy,225502764
2024-07-23 09:50:48,15950.0,500,Sell,225502972
2024-07-23 09:50:51,16000.0,1500,Buy,225503023
2024-07-23 09:50:54,15950.0,10000,Sell,225503076
2024-07-23 09:50:54,15950.0,4900,Sell,225503078
2024-07-23 09:50:54,15950.0,200,Sell,225503077
2024-07-23 09:50:54,15950.0,200,Sell,225503075
2024-07-23 09:50:54,15950.0,200,Sell,225503073
2024-07-23 09:50:54,15950.0,500,Sell,225503070
2024-07-23 09:50:54,15950.0,3900,Sell,225503071
2024-07-23 09:50:54,15950.0,100,Sell,225503074
2024-07-23 09:50:54,15950.0,500,Sell,225503072
2024-07-23 09:51:24,15950.0,500,Sell,225503782
2024-07-23 09:51:29,15950.0,4600,Sell,225503870
2024-07-23 09:51:29,15950.0,400,Sell,225503871
2024-07-23 09:51:30,15950.0,5000,Sell,225503900
2024-07-23 09:51:41,15950.0,100,Sell,225504125
2024-07-23 09:52:15,16000.0,100,Buy,225504723
2024-07-23 09:52:32,15950.0,200,Sell,225505030
2024-07-23 09:52:43,15950.0,1200,Sell,225505244
2024-07-23 09:52:50,16000.0,800,Buy,225505388
2024-07-23 09:52:57,16000.0,100,Buy,225505565
2024-07-23 09:53:02,15950.0,100,Sell,225505677
2024-07-23 09:53:50,15950.0,200,Sell,225506527
2024-07-23 09:53:53,15950.0,200,Sell,225506575
2024-07-23 09:53:58,15950.0,300,Sell,225506645
2024-07-23 09:54:02,15950.0,200,Sell,225506720
2024-07-23 09:54:21,15950.0,100,Sell,225507098
2024-07-23 09:54:51,15950.0,800,Sell,225507733
2024-07-23 09:55:03,15950.0,10000,Sell,225507935
2024-07-23 09:55:03,15950.0,3000,Sell,225507947
2024-07-23 09:55:03,15950.0,4000,Sell,225507944
2024-07-23 09:55:03,15950.0,400,Sell,225507943
2024-07-23 09:55:03,15950.0,500,Sell,225507942
2024-07-23 09:55:03,15950.0,2000,Sell,225507941
2024-07-23 09:55:03,15950.0,2000,Sell,225507940
2024-07-23 09:55:03,15950.0,100,Sell,225507939
2024-07-23 09:55:03,15950.0,100,Sell,225507938
2024-07-23 09:55:03,15950.0,100,Sell,225507937
2024-07-23 09:55:03,15950.0,500,Sell,225507936
2024-07-23 09:55:03,15950.0,1000,Sell,225507934
2024-07-23 09:55:03,15950.0,200,Sell,225507928
2024-07-23 09:55:03,15950.0,500,Sell,225507932
2024-07-23 09:55:03,15950.0,1200,Sell,225507920
2024-07-23 09:55:03,15950.0,100,Sell,225507933
2024-07-23 09:55:03,15950.0,100,Sell,225507922
2024-07-23 09:55:03,15950.0,2000,Sell,225507923
2024-07-23 09:55:03,15950.0,200,Sell,225507924
2024-07-23 09:55:03,15950.0,200,Sell,225507925
2024-07-23 09:55:03,15950.0,10000,Sell,225507921
2024-07-23 09:55:03,15950.0,1000,Sell,225507927
2024-07-23 09:55:03,15950.0,100,Sell,225507929
2024-07-23 09:55:03,15950.0,500,Sell,225507930
2024-07-23 09:55:03,15950.0,10000,Sell,225507931
2024-07-23 09:55:03,15950.0,100,Sell,225507926
2024-07-23 09:55:07,16000.0,3000,Buy,225508009
2024-07-23 09:55:07,15950.0,600,Sell,225508011
2024-07-23 09:55:08,15950.0,500,Sell,225508029
2024-07-23 09:55:11,16000.0,100,Buy,225508098
2024-07-23 09:55:23,15950.0,10000,Sell,225508247
2024-07-23 09:55:24,15950.0,500,Sell,225508264
2024-07-23 09:55:27,15950.0,700,Sell,225508328
2024-07-23 09:55:36,15950.0,300,Sell,225508466
2024-07-23 09:55:38,15950.0,9400,Sell,225508506
2024-07-23 09:55:38,15950.0,100,Sell,225508505
2024-07-23 09:55:38,15950.0,1000,Sell,225508503
2024-07-23 09:55:38,15950.0,4400,Sell,225508500
2024-07-23 09:55:38,15950.0,2500,Sell,225508502
2024-07-23 09:55:38,15950.0,1600,Sell,225508504
2024-07-23 09:55:55,15950.0,3000,Sell,225508723
2024-07-23 09:56:15,15950.0,300,Sell,225509005
2024-07-23 09:56:24,15950.0,1000,Sell,225509138
2024-07-23 09:56:32,15950.0,200,Sell,225509289
2024-07-23 09:56:37,15950.0,100,Sell,225509394
2024-07-23 09:56:51,15950.0,100,Sell,225509642
2024-07-23 09:57:00,16000.0,200,Buy,225509773
2024-07-23 09:57:38,16000.0,300,Buy,225510309
2024-07-23 09:57:39,16000.0,300,Buy,225510333
2024-07-23 09:57:53,16000.0,100,Buy,225510516
2024-07-23 09:58:00,16000.0,1500,Buy,225510610
2024-07-23 09:58:03,15950.0,200,Sell,225510652
2024-07-23 09:58:06,16000.0,100,Buy,225510695
2024-07-23 09:58:06,15950.0,200,Sell,225510689
2024-07-23 09:58:11,15950.0,200,Sell,225510766
2024-07-23 09:58:20,16000.0,500,Buy,225510906
2024-07-23 09:58:41,15950.0,20000,Sell,225511355
2024-07-23 09:58:51,15950.0,1000,Sell,225511519
2024-07-23 09:58:51,15950.0,700,Sell,225511541
2024-07-23 09:58:52,15950.0,100,Sell,225511556
2024-07-23 09:58:59,15950.0,1000,Sell,225511651
2024-07-23 09:59:17,16000.0,600,Buy,225512011
2024-07-23 09:59:30,16000.0,100,Buy,225512204
2024-07-23 09:59:37,15950.0,1000,Sell,225512317
2024-07-23 09:59:37,15950.0,100,Sell,225512322
2024-07-23 09:59:37,15950.0,17600,Sell,225512323
2024-07-23 09:59:37,15950.0,500,Sell,225512321
2024-07-23 09:59:37,15950.0,7100,Sell,225512315
2024-07-23 09:59:37,15950.0,1000,Sell,225512319
2024-07-23 09:59:37,15950.0,100,Sell,225512318
2024-07-23 09:59:37,15950.0,100,Sell,225512316
2024-07-23 09:59:37,15950.0,2500,Sell,225512320
2024-07-23 09:59:51,15950.0,2500,Sell,225512595
2024-07-23 09:59:56,15950.0,4300,Sell,225512706
2024-07-23 10:00:07,15950.0,600,Sell,225512902
2024-07-23 10:00:07,15950.0,100,Sell,225512901
2024-07-23 10:00:07,15950.0,2500,Sell,225512900
2024-07-23 10:00:07,15950.0,300,Sell,225512899
2024-07-23 10:00:07,15950.0,500,Sell,225512898
2024-07-23 10:00:07,15950.0,1000,Sell,225512896
2024-07-23 10:00:07,15950.0,600,Sell,225512895
2024-07-23 10:00:07,15950.0,600,Sell,225512894
2024-07-23 10:00:07,15950.0,100,Sell,225512893
2024-07-23 10:00:07,15950.0,2600,Sell,225512892
2024-07-23 10:00:07,15950.0,400,Sell,225512897
2024-07-23 10:00:09,15900.0,100,Sell,225512947
2024-07-23 10:00:22,15950.0,500,Buy,225513344
2024-07-23 10:00:30,15900.0,100,Sell,225513481
2024-07-23 10:00:30,15900.0,100,Sell,225513480
2024-07-23 10:00:30,15900.0,6000,Sell,225513483
2024-07-23 10:00:30,15900.0,2000,Sell,225513482
2024-07-23 10:00:30,15900.0,5000,Sell,225513479
2024-07-23 10:00:30,15950.0,10000,Buy,225513494
2024-07-23 10:00:30,15900.0,300,Sell,225513477
2024-07-23 10:00:30,15900.0,200,Sell,225513476
2024-07-23 10:00:30,15900.0,3000,Sell,225513475
2024-07-23 10:00:30,15900.0,500,Sell,225513474
2024-07-23 10:00:30,15900.0,2300,Sell,225513473
2024-07-23 10:00:30,15900.0,500,Sell,225513478
2024-07-23 10:00:38,15950.0,100,Buy,225513620
2024-07-23 10:01:02,15950.0,100,Buy,225514171
2024-07-23 10:01:11,15950.0,1000,Buy,225514441
2024-07-23 10:01:13,15900.0,600,Sell,225514453
2024-07-23 10:01:13,15900.0,300,Sell,225514454
2024-07-23 10:01:13,15900.0,400,Sell,225514455
2024-07-23 10:01:13,15900.0,100,Sell,225514456
2024-07-23 10:01:13,15900.0,1200,Sell,225514457
2024-07-23 10:01:13,15900.0,3400,Sell,225514458
2024-07-23 10:01:15,15950.0,2000,Buy,225514491
2024-07-23 10:01:28,15950.0,1000,Buy,225514682
2024-07-23 10:01:43,15950.0,200,Buy,225514918
2024-07-23 10:02:15,15900.0,700,Sell,225515388
2024-07-23 10:02:32,15950.0,400,Buy,225515693
2024-07-23 10:02:43,15950.0,500,Buy,225515879
2024-07-23 10:03:03,15950.0,5000,Buy,225516249
2024-07-23 10:03:15,15950.0,100,Buy,225516440
2024-07-23 10:03:17,15950.0,100,Buy,225516472
2024-07-23 10:03:28,15900.0,100,Sell,225516656
2024-07-23 10:03:58,15950.0,100,Buy,225517083
2024-07-23 10:04:03,15900.0,200,Sell,225517173
2024-07-23 10:04:03,15900.0,8900,Sell,225517174
2024-07-23 10:04:03,15900.0,1000,Sell,225517172
2024-07-23 10:04:03,15900.0,100,Sell,225517168
2024-07-23 10:04:03,15900.0,100,Sell,225517170
2024-07-23 10:04:03,15900.0,100,Sell,225517169
2024-07-23 10:04:03,15900.0,2800,Sell,225517167
2024-07-23 10:04:03,15900.0,200,Sell,225517171
2024-07-23 10:04:12,15900.0,200,Sell,225517398
2024-07-23 10:04:12,15900.0,100,Sell,225517399
2024-07-23 10:04:12,15900.0,100,Sell,225517400
2024-07-23 10:04:12,15900.0,500,Sell,225517401
2024-07-23 10:04:12,15900.0,5000,Sell,225517402
2024-07-23 10:04:12,15900.0,600,Sell,225517403
2024-07-23 10:04:14,15900.0,100,Sell,225517458
2024-07-23 10:04:58,15900.0,1300,Sell,225518247
2024-07-23 10:04:58,15900.0,400,Sell,225518246
2024-07-23 10:04:58,15900.0,300,Sell,225518245
2024-07-23 10:05:02,15900.0,200,Sell,225518297
2024-07-23 10:05:05,15900.0,200,Sell,225518351
2024-07-23 10:05:54,15900.0,3800,Sell,225519384
2024-07-23 10:05:54,15900.0,10000,Sell,225519383
2024-07-23 10:05:54,15900.0,200,Sell,225519377
2024-07-23 10:05:54,15900.0,100,Sell,225519381
2024-07-23 10:05:54,15900.0,200,Sell,225519380
2024-07-23 10:05:54,15900.0,200,Sell,225519379
2024-07-23 10:05:54,15900.0,100,Sell,225519378
2024-07-23 10:05:54,15900.0,400,Sell,225519376
2024-07-23 10:05:54,15900.0,100,Sell,225519382
2024-07-23 10:05:54,15900.0,1000,Sell,225519374
2024-07-23 10:05:54,15900.0,100,Sell,225519360
2024-07-23 10:05:54,15900.0,900,Sell,225519367
2024-07-23 10:05:54,15900.0,200,Sell,225519368
2024-07-23 10:05:54,15900.0,200,Sell,225519369
2024-07-23 10:05:54,15900.0,100,Sell,225519375
2024-07-23 10:05:54,15900.0,200,Sell,225519371
2024-07-23 10:05:54,15900.0,100,Sell,225519372
2024-07-23 10:05:54,15900.0,1000,Sell,225519373
2024-07-23 10:05:54,15900.0,1200,Sell,225519370
2024-07-23 10:05:55,15900.0,10000,Sell,225519385
2024-07-23 10:06:13,15900.0,100,Sell,225519698
2024-07-23 10:06:19,15900.0,100,Sell,225519775
2024-07-23 10:06:24,15900.0,2000,Sell,225519854
2024-07-23 10:06:54,15950.0,100,Buy,225520417
2024-07-23 10:07:00,15950.0,5000,Buy,225520555
2024-07-23 10:07:02,15950.0,100,Buy,225520591
2024-07-23 10:07:13,15900.0,1000,Sell,225520836
2024-07-23 10:07:13,15900.0,4000,Sell,225520835
2024-07-23 10:07:14,15950.0,200,Buy,225520847
2024-07-23 10:07:29,15950.0,600,Buy,225521165
2024-07-23 10:07:32,15950.0,100,Buy,225521251
2024-07-23 10:07:36,15900.0,100,Sell,225521314
2024-07-23 10:07:36,15900.0,900,Sell,225521315
2024-07-23 10:07:36,15900.0,1000,Sell,225521308
2024-07-23 10:08:25,15900.0,100,Sell,225522335
2024-07-23 10:09:18,15900.0,1000,Sell,225523373
2024-07-23 10:09:23,15900.0,600,Sell,225523438
2024-07-23 10:09:23,15900.0,1000,Sell,225523439
2024-07-23 10:09:23,15900.0,300,Sell,225523440
2024-07-23 10:09:23,15900.0,100,Sell,225523441
2024-07-23 10:09:23,15900.0,8000,Sell,225523437
2024-07-23 10:09:48,15900.0,900,Sell,225523887
2024-07-23 10:09:48,15900.0,100,Sell,225523885
2024-07-23 10:09:48,15900.0,1000,Sell,225523886
2024-07-23 10:09:50,15950.0,100,Buy,225523918
2024-07-23 10:09:54,15950.0,300,Buy,225523963
2024-07-23 10:09:58,15950.0,10000,Buy,225524026
2024-07-23 10:10:06,15950.0,100,Buy,225524167
2024-07-23 10:11:15,15950.0,100,Buy,225525290
2024-07-23 10:11:36,15900.0,100,Sell,225525540
2024-07-23 10:11:54,15900.0,1000,Sell,225525805
2024-07-23 10:11:56,15900.0,200,Sell,225525852
2024-07-23 10:12:15,15900.0,1000,Sell,225526143
2024-07-23 10:12:29,15900.0,100,Sell,225526339
2024-07-23 10:12:29,15900.0,100,Sell,225526338
2024-07-23 10:12:29,15900.0,1800,Sell,225526337
2024-07-23 10:12:39,15950.0,100,Buy,225526508
2024-07-23 10:12:42,15950.0,600,Buy,225526540
2024-07-23 10:12:45,15950.0,100,Buy,225526581
2024-07-23 10:12:59,15950.0,100,Buy,225526804
2024-07-23 10:13:20,15950.0,300,Buy,225527225
2024-07-23 10:13:55,15950.0,100,Buy,225527971
2024-07-23 10:14:25,15950.0,1300,Buy,225528520
2024-07-23 10:14:25,15950.0,1600,Buy,225528517
2024-07-23 10:14:25,15950.0,100,Buy,225528518
2024-07-23 10:14:25,15950.0,2000,Buy,225528519
2024-07-23 10:14:47,15900.0,3700,Sell,225528902
2024-07-23 10:14:47,15900.0,100,Sell,225528900
2024-07-23 10:14:47,15900.0,1500,Sell,225528899
2024-07-23 10:14:47,15900.0,600,Sell,225528898
2024-07-23 10:14:47,15900.0,1000,Sell,225528897
2024-07-23 10:14:47,15900.0,4700,Sell,225528896
2024-07-23 10:14:47,15900.0,400,Sell,225528895
2024-07-23 10:14:47,15900.0,100,Sell,225528894
2024-07-23 10:14:47,15900.0,1000,Sell,225528893
2024-07-23 10:14:47,15900.0,300,Sell,225528892
2024-07-23 10:14:47,15900.0,100,Sell,225528890
2024-07-23 10:14:47,15900.0,600,Sell,225528891
2024-07-23 10:14:47,15900.0,1000,Sell,225528889
2024-07-23 10:14:47,15900.0,100,Sell,225528887
2024-07-23 10:14:47,15900.0,700,Sell,225528888
2024-07-23 10:14:47,15900.0,1400,Sell,225528876
2024-07-23 10:14:47,15900.0,200,Sell,225528877
2024-07-23 10:14:47,15900.0,500,Sell,225528878
2024-07-23 10:14:47,15900.0,300,Sell,225528880
2024-07-23 10:14:47,15900.0,200,Sell,225528879
2024-07-23 10:14:47,15900.0,100,Sell,225528882
2024-07-23 10:14:47,15900.0,1000,Sell,225528883
2024-07-23 10:14:47,15900.0,100,Sell,225528884
2024-07-23 10:14:47,15900.0,100,Sell,225528885
2024-07-23 10:14:47,15900.0,100,Sell,225528886
2024-07-23 10:14:47,15900.0,100,Sell,225528881
2024-07-23 10:14:52,15900.0,1000,Sell,225529037
2024-07-23 10:14:52,15900.0,19600,Sell,225529039
2024-07-23 10:14:52,15900.0,3000,Sell,225529038
2024-07-23 10:14:52,15900.0,2000,Sell,225529036
2024-07-23 10:14:52,15900.0,500,Sell,225529030
2024-07-23 10:14:52,15900.0,100,Sell,225529032
2024-07-23 10:14:52,15900.0,1000,Sell,225529031
2024-07-23 10:14:52,15900.0,1300,Sell,225529029
2024-07-23 10:14:52,15900.0,500,Sell,225529035
2024-07-23 10:15:06,15900.0,400,Sell,225529336
2024-07-23 10:15:06,15900.0,100,Sell,225529337
2024-07-23 10:15:06,15900.0,600,Sell,225529338
2024-07-23 10:15:06,15900.0,100,Sell,225529339
2024-07-23 10:15:06,15900.0,700,Sell,225529340
2024-07-23 10:15:09,15900.0,1100,Sell,225529384
2024-07-23 10:15:09,15900.0,2000,Sell,225529397
2024-07-23 10:15:09,15900.0,400,Sell,225529382
2024-07-23 10:15:09,15900.0,200,Sell,225529383
2024-07-23 10:15:09,15900.0,300,Sell,225529381
2024-07-23 10:15:15,15900.0,6900,Sell,225529510
2024-07-23 10:15:15,15900.0,500,Sell,225529511
2024-07-23 10:15:15,15900.0,10000,Sell,225529512
2024-07-23 10:15:15,15900.0,1100,Sell,225529513
2024-07-23 10:15:15,15900.0,500,Sell,225529514
2024-07-23 10:15:15,15900.0,1000,Sell,225529515
2024-07-23 10:15:31,15900.0,500,Sell,225529956
2024-07-23 10:15:31,15900.0,100,Sell,225529955
2024-07-23 10:15:40,15900.0,200,Sell,225530074
2024-07-23 10:15:40,15900.0,4000,Sell,225530075
2024-07-23 10:15:40,15900.0,3400,Sell,225530076
2024-07-23 10:15:41,15950.0,100,Buy,225530109
2024-07-23 10:15:49,15950.0,100,Buy,225530249
2024-07-23 10:16:32,15900.0,1000,Sell,225531171
2024-07-23 10:17:33,15900.0,20000,Sell,225532635
2024-07-23 10:17:35,15900.0,2000,Sell,225532721
2024-07-23 10:17:42,15900.0,200,Sell,225532980
2024-07-23 10:17:45,15900.0,10000,Sell,225533078
2024-07-23 10:17:50,15900.0,500,Sell,225533259
2024-07-23 10:17:52,15900.0,1000,Sell,225533284
2024-07-23 10:17:58,15900.0,3000,Sell,225533402
2024-07-23 10:18:00,15900.0,100,Sell,225533430
2024-07-23 10:18:06,15900.0,1700,Sell,225533524
2024-07-23 10:18:26,15900.0,300,Sell,225534006
2024-07-23 10:18:26,15900.0,1200,Sell,225534011
2024-07-23 10:18:26,15900.0,100,Sell,225534010
2024-07-23 10:18:26,15900.0,200,Sell,225534009
2024-07-23 10:18:26,15900.0,100,Sell,225534008
2024-07-23 10:18:26,15900.0,5000,Sell,225534007
2024-07-23 10:18:26,15900.0,400,Sell,225534005
2024-07-23 10:18:26,15900.0,30000,Sell,225534001
2024-07-23 10:18:26,15900.0,2000,Sell,225534003
2024-07-23 10:18:26,15900.0,100,Sell,225533998
2024-07-23 10:18:26,15900.0,300,Sell,225533999
2024-07-23 10:18:26,15900.0,200,Sell,225534004
2024-07-23 10:18:26,15900.0,57100,Sell,225533997
2024-07-23 10:18:26,15900.0,1000,Sell,225534002
2024-07-23 10:18:26,15900.0,2000,Sell,225534000
2024-07-23 10:18:34,15900.0,1000,Sell,225534154
2024-07-23 10:18:37,15950.0,100,Buy,225534222
2024-07-23 10:18:39,15900.0,100,Sell,225534273
2024-07-23 10:18:57,15900.0,100,Sell,225534570
2024-07-23 10:19:01,15900.0,800,Sell,225534621
2024-07-23 10:19:01,15900.0,100,Sell,225534622
2024-07-23 10:19:01,15900.0,100,Sell,225534619
2024-07-23 10:19:01,15900.0,1000,Sell,225534620
2024-07-23 10:19:27,15900.0,3500,Buy,225535233
2024-07-23 10:19:35,15900.0,4100,Buy,225535394
2024-07-23 10:19:52,15900.0,100,Buy,225535684
2024-07-23 10:19:53,15900.0,100,Buy,225535761
2024-07-23 10:20:13,15900.0,100,Buy,225536143
2024-07-23 10:20:50,15900.0,500,Buy,225536803
2024-07-23 10:21:00,15900.0,14200,Buy,225537027
2024-07-23 10:21:00,15900.0,500,Buy,225537028
2024-07-23 10:21:00,15900.0,900,Buy,225537029
2024-07-23 10:21:00,15900.0,500,Buy,225537030
2024-07-23 10:21:00,15900.0,13900,Buy,225537031
2024-07-23 10:21:11,15900.0,1000,Buy,225537180
2024-07-23 10:21:29,15900.0,100,Buy,225537438
2024-07-23 10:21:29,15900.0,900,Buy,225537439
2024-07-23 10:21:32,15900.0,4100,Buy,225537465
2024-07-23 10:21:32,15900.0,200,Buy,225537466
2024-07-23 10:21:32,15900.0,1000,Buy,225537467
2024-07-23 10:21:32,15900.0,5000,Buy,225537468
2024-07-23 10:21:32,15900.0,100,Buy,225537469
2024-07-23 10:21:33,15950.0,100,Buy,225537496
2024-07-23 10:22:26,15950.0,5000,Buy,225538453
2024-07-23 10:22:46,15950.0,100,Buy,225538821
2024-07-23 10:23:03,15900.0,300,Sell,225539107
2024-07-23 10:23:14,15900.0,2000,Sell,225539327
2024-07-23 10:23:24,15900.0,5000,Sell,225539462
2024-07-23 10:24:00,15900.0,1000,Sell,225539899
2024-07-23 10:24:28,15950.0,100,Buy,225540272
2024-07-23 10:25:01,15950.0,200,Buy,225540726
2024-07-23 10:26:03,15900.0,1300,Sell,225541656
2024-07-23 10:26:03,15900.0,200,Sell,225541657
2024-07-23 10:26:03,15900.0,500,Sell,225541658
2024-07-23 10:26:09,15950.0,500,Buy,225541797
2024-07-23 10:26:14,15900.0,2000,Sell,225541862
2024-07-23 10:26:19,15900.0,600,Sell,225541965
2024-07-23 10:26:19,15900.0,600,Sell,225541968
2024-07-23 10:26:19,15900.0,600,Sell,225541972
2024-07-23 10:27:12,15950.0,400,Buy,225542693
2024-07-23 10:27:12,15950.0,700,Buy,225542691
2024-07-23 10:27:12,15950.0,100,Buy,225542690
2024-07-23 10:27:12,15950.0,4600,Buy,225542692
2024-07-23 10:27:12,15950.0,500,Buy,225542688
2024-07-23 10:27:12,15950.0,7400,Buy,225542686
2024-07-23 10:27:12,15950.0,100,Buy,225542689
2024-07-23 10:27:12,15950.0,200,Buy,225542687
2024-07-23 10:27:24,15950.0,100,Buy,225542872
2024-07-23 10:28:01,15950.0,100,Buy,225543342
2024-07-23 10:28:11,15950.0,100,Buy,225543528
2024-07-23 10:28:16,15950.0,100,Buy,225543596
2024-07-23 10:28:50,15900.0,10000,Sell,225544159
2024-07-23 10:29:02,15900.0,500,Sell,225544314
2024-07-23 10:29:18,15900.0,2000,Sell,225544536
2024-07-23 10:30:15,15900.0,100,Sell,225545236
2024-07-23 10:30:20,15950.0,100,Buy,225545340
2024-07-23 10:30:53,15900.0,300,Sell,225545824
2024-07-23 10:30:55,15900.0,300,Sell,225545868
2024-07-23 10:31:08,15900.0,300,Sell,225546128
2024-07-23 10:31:20,15900.0,500,Sell,225546325
2024-07-23 10:31:28,15900.0,7300,Sell,225546421
2024-07-23 10:31:28,15900.0,400,Sell,225546420
2024-07-23 10:31:28,15900.0,100,Sell,225546419
2024-07-23 10:31:28,15900.0,1200,Sell,225546418
2024-07-23 10:31:28,15900.0,5000,Sell,225546413
2024-07-23 10:31:28,15900.0,20000,Sell,225546416
2024-07-23 10:31:28,15900.0,4000,Sell,225546415
2024-07-23 10:31:28,15900.0,5000,Sell,225546414
2024-07-23 10:31:28,15900.0,300,Sell,225546417
2024-07-23 10:31:28,15900.0,1700,Sell,225546412
2024-07-23 10:31:34,15900.0,1000,Sell,225546521
2024-07-23 10:31:43,15900.0,200,Sell,225546746
2024-07-23 10:31:52,15900.0,100,Sell,225546896
2024-07-23 10:32:07,15900.0,1000,Sell,225547105
2024-07-23 10:32:42,15900.0,100,Sell,225547722
2024-07-23 10:32:55,15900.0,10300,Sell,225547902
2024-07-23 10:32:55,15900.0,3000,Sell,225547903
2024-07-23 10:33:00,15900.0,200,Sell,225547965
2024-07-23 10:33:00,15900.0,16800,Sell,225547972
2024-07-23 10:33:00,15900.0,100,Sell,225547973
2024-07-23 10:33:00,15900.0,1000,Sell,225547974
2024-07-23 10:33:00,15900.0,1000,Sell,225547975
2024-07-23 10:33:00,15900.0,100,Sell,225547976
2024-07-23 10:33:00,15900.0,300,Sell,225547977
2024-07-23 10:33:00,15900.0,200,Sell,225547978
2024-07-23 10:33:00,15900.0,100,Sell,225547979
2024-07-23 10:33:00,15900.0,400,Sell,225547980
2024-07-23 10:33:02,15900.0,300,Sell,225548013
2024-07-23 10:33:16,15950.0,100,Buy,225548222
2024-07-23 10:33:17,15900.0,300,Sell,225548248
2024-07-23 10:33:22,15900.0,100,Sell,225548329
2024-07-23 10:33:38,15900.0,100,Sell,225548604
2024-07-23 10:34:12,15900.0,300,Sell,225549111
2024-07-23 10:34:14,15900.0,200,Sell,225549133
2024-07-23 10:34:25,15900.0,3300,Sell,225549369
2024-07-23 10:34:25,15900.0,1600,Sell,225549370
2024-07-23 10:34:25,15900.0,5000,Sell,225549371
2024-07-23 10:34:25,15900.0,2400,Sell,225549372
2024-07-23 10:34:25,15900.0,1100,Sell,225549373
2024-07-23 10:34:25,15900.0,6600,Sell,225549374
2024-07-23 10:34:27,15900.0,1000,Sell,225549406
2024-07-23 10:34:27,15950.0,3500,Buy,225549404
2024-07-23 10:34:27,15950.0,800,Buy,225549403
2024-07-23 10:34:27,15950.0,1000,Buy,225549401
2024-07-23 10:34:27,15950.0,100,Buy,225549400
2024-07-23 10:34:27,15950.0,4000,Buy,225549399
2024-07-23 10:34:27,15950.0,600,Buy,225549402
2024-07-23 10:34:49,15900.0,1000,Sell,225549837
2024-07-23 10:34:54,15900.0,700,Sell,225549920
2024-07-23 10:35:00,15900.0,10000,Sell,225550178
2024-07-23 10:35:06,15900.0,1000,Sell,225550230
2024-07-23 10:35:12,15900.0,8700,Sell,225550367
2024-07-23 10:35:17,15900.0,6000,Sell,225550435
2024-07-23 10:35:29,15900.0,500,Sell,225550636
2024-07-23 10:35:42,15900.0,1500,Sell,225550802
2024-07-23 10:36:04,15900.0,500,Sell,225551114
2024-07-23 10:36:05,15900.0,6000,Sell,225551131
2024-07-23 10:36:05,15900.0,200,Sell,225551127
2024-07-23 10:36:12,15950.0,100,Buy,225551286
2024-07-23 10:36:59,15900.0,200,Sell,225552351
2024-07-23 10:37:15,15900.0,1000,Sell,225552702
2024-07-23 10:37:22,15900.0,100,Sell,225552807
2024-07-23 10:37:35,15900.0,100,Sell,225553211
2024-07-23 10:37:41,15900.0,500,Sell,225553331
2024-07-23 10:37:46,15900.0,100,Sell,225553431
2024-07-23 10:38:07,15900.0,200,Sell,225553904
2024-07-23 10:38:21,15900.0,1000,Sell,225554194
2024-07-23 10:38:35,15900.0,100,Sell,225554563
2024-07-23 10:38:42,15900.0,1000,Sell,225554680
2024-07-23 10:38:53,15900.0,100,Sell,225554987
2024-07-23 10:38:53,15900.0,100,Sell,225554986
2024-07-23 10:38:53,15900.0,600,Sell,225554988
2024-07-23 10:38:53,15900.0,100,Sell,225554984
2024-07-23 10:38:53,15900.0,2000,Sell,225554983
2024-07-23 10:38:53,15900.0,100,Sell,225554985
2024-07-23 10:38:54,15900.0,100,Sell,225555010
2024-07-23 10:39:02,15950.0,100,Buy,225555179
2024-07-23 10:39:02,15900.0,1000,Sell,225555198
2024-07-23 10:39:07,15950.0,100,Buy,225555292
2024-07-23 10:39:19,15900.0,200,Sell,225555565
2024-07-23 10:39:19,15900.0,100,Sell,225555564
2024-07-23 10:39:19,15900.0,1000,Sell,225555563
2024-07-23 10:39:19,15900.0,100,Sell,225555562
2024-07-23 10:39:19,15900.0,500,Sell,225555561
2024-07-23 10:39:19,15900.0,100,Sell,225555560
2024-07-23 10:39:19,15900.0,500,Sell,225555559
2024-07-23 10:39:19,15900.0,400,Sell,225555558
2024-07-23 10:39:19,15900.0,500,Sell,225555557
2024-07-23 10:39:19,15900.0,200,Sell,225555556
2024-07-23 10:39:19,15900.0,100,Sell,225555554
2024-07-23 10:39:19,15900.0,400,Sell,225555553
2024-07-23 10:39:19,15900.0,100,Sell,225555552
2024-07-23 10:39:19,15900.0,900,Sell,225555551
2024-07-23 10:39:19,15900.0,100,Sell,225555550
2024-07-23 10:39:19,15900.0,1000,Sell,225555549
2024-07-23 10:39:19,15900.0,100,Sell,225555548
2024-07-23 10:39:19,15900.0,600,Sell,225555547
2024-07-23 10:39:19,15900.0,100,Sell,225555555
2024-07-23 10:39:30,15950.0,100,Buy,225555971
2024-07-23 10:39:38,15900.0,100,Buy,225556157
2024-07-23 10:39:57,15900.0,100,Buy,225556729
2024-07-23 10:40:30,15900.0,100,Buy,225557601
2024-07-23 10:40:36,15900.0,5000,Buy,225557775
2024-07-23 10:40:37,15850.0,100,Sell,225557817
2024-07-23 10:40:37,15850.0,200,Sell,225557816
2024-07-23 10:40:37,15850.0,1100,Sell,225557819
2024-07-23 10:40:37,15850.0,500,Sell,225557815
2024-07-23 10:40:37,15850.0,4200,Sell,225557820
2024-07-23 10:40:37,15850.0,3500,Sell,225557813
2024-07-23 10:40:37,15850.0,100,Sell,225557814
2024-07-23 10:40:37,15900.0,100,Buy,225557791
2024-07-23 10:40:37,15850.0,100,Sell,225557818
2024-07-23 10:40:37,15850.0,100,Sell,225557812
2024-07-23 10:40:37,15850.0,100,Sell,225557811
2024-07-23 10:41:03,15850.0,2000,Sell,225558419
2024-07-23 10:41:04,15850.0,1100,Sell,225558423
2024-07-23 10:41:25,15850.0,1000,Sell,225559110
2024-07-23 10:41:31,15850.0,100,Sell,225559251
2024-07-23 10:41:39,15850.0,600,Sell,225559459
2024-07-23 10:42:03,15900.0,100,Buy,225560056
2024-07-23 10:42:12,15900.0,1500,Buy,225560225
2024-07-23 10:42:12,15900.0,1000,Buy,225560226
2024-07-23 10:42:12,15900.0,600,Buy,225560227
2024-07-23 10:42:12,15900.0,300,Buy,225560228
2024-07-23 10:42:12,15900.0,500,Buy,225560229
2024-07-23 10:42:12,15900.0,100,Buy,225560230
2024-07-23 10:42:12,15900.0,1000,Buy,225560231
2024-07-23 10:42:24,15900.0,7400,Buy,225560499
2024-07-23 10:42:24,15900.0,4000,Buy,225560498
2024-07-23 10:42:28,15900.0,100,Buy,225560609
2024-07-23 10:43:03,15900.0,11400,Buy,225561148
2024-07-23 10:43:16,15900.0,900,Buy,225561305
2024-07-23 10:43:19,15900.0,100,Buy,225561358
2024-07-23 10:43:23,15900.0,4500,Buy,225561408
2024-07-23 10:43:24,15900.0,100,Buy,225561437
2024-07-23 10:43:48,15900.0,2000,Buy,225561845
2024-07-23 10:44:03,15900.0,100,Buy,225562055
2024-07-23 10:44:14,15850.0,500,Sell,225562214
2024-07-23 10:44:47,15850.0,1700,Sell,225562776
2024-07-23 10:44:51,15900.0,4900,Buy,225562824
2024-07-23 10:44:59,15900.0,100,Buy,225562946
2024-07-23 10:45:11,15900.0,100,Buy,225563136
2024-07-23 10:45:18,15900.0,100,Buy,225563279
2024-07-23 10:45:26,15900.0,100,Buy,225563373
2024-07-23 10:45:59,15900.0,1000,Buy,225563763
2024-07-23 10:46:03,15900.0,100,Buy,225563798
2024-07-23 10:46:06,15900.0,400,Buy,225563820
2024-07-23 10:46:07,15850.0,7900,Sell,225563843
2024-07-23 10:46:39,15900.0,2000,Buy,225564305
2024-07-23 10:46:40,15850.0,5400,Sell,225564323
2024-07-23 10:47:55,15900.0,100,Buy,225565395
2024-07-23 10:48:48,15900.0,300,Buy,225566036
2024-07-23 10:49:01,15900.0,600,Buy,225566178
2024-07-23 10:49:21,15850.0,7500,Sell,225566436
2024-07-23 10:49:38,15850.0,1800,Sell,225566661
2024-07-23 10:50:28,15850.0,100,Sell,225567347
2024-07-23 10:50:40,15850.0,4600,Sell,225567484
2024-07-23 10:50:51,15900.0,100,Buy,225567618
2024-07-23 10:51:28,15900.0,100,Buy,225567998
2024-07-23 10:51:42,15900.0,11400,Buy,225568134
2024-07-23 10:51:43,15900.0,2000,Buy,225568158
2024-07-23 10:52:18,15900.0,500,Buy,225568634
2024-07-23 10:52:53,15900.0,300,Buy,225569039
2024-07-23 10:53:00,15900.0,2700,Buy,225569102
2024-07-23 10:53:22,15900.0,500,Buy,225569439
2024-07-23 10:53:40,15900.0,300,Buy,225569708
2024-07-23 10:53:44,15900.0,100,Buy,225569769
2024-07-23 10:53:46,15900.0,100,Buy,225569791
2024-07-23 10:53:49,15900.0,100,Buy,225569818
2024-07-23 10:54:00,15900.0,500,Buy,225569930
2024-07-23 10:54:20,15850.0,200,Sell,225570253
2024-07-23 10:55:01,15850.0,600,Sell,225570739
2024-07-23 10:55:02,15850.0,600,Sell,225570741
2024-07-23 10:55:03,15900.0,1000,Buy,225570773
2024-07-23 10:55:11,15900.0,100,Buy,225570871
2024-07-23 10:55:34,15850.0,100,Sell,225571128
2024-07-23 10:55:34,15850.0,400,Sell,225571129
2024-07-23 10:56:09,15850.0,600,Sell,225571534
2024-07-23 10:56:09,15850.0,400,Sell,225571535
2024-07-23 10:56:13,15900.0,54000,Buy,225571575
2024-07-23 10:56:31,15900.0,100,Buy,225571839
2024-07-23 10:56:37,15900.0,1000,Buy,225571925
2024-07-23 10:56:42,15900.0,100,Buy,225571965
2024-07-23 10:56:42,15900.0,100,Buy,225571963
2024-07-23 10:57:01,15850.0,300,Sell,225572173
2024-07-23 10:57:03,15900.0,100,Buy,225572195
2024-07-23 10:57:21,15900.0,12500,Buy,225572411
2024-07-23 10:57:25,15850.0,300,Sell,225572455
2024-07-23 10:57:25,15850.0,200,Sell,225572456
2024-07-23 10:57:34,15850.0,200,Sell,225572583
2024-07-23 10:58:51,15900.0,300,Buy,225573472
2024-07-23 10:59:31,15900.0,100,Buy,225574068
2024-07-23 10:59:32,15900.0,100,Buy,225574085
2024-07-23 10:59:39,15900.0,100,Buy,225574173
2024-07-23 11:00:01,15900.0,5000,Buy,225574380
2024-07-23 11:01:39,15900.0,100,Buy,225575535
2024-07-23 11:01:44,15900.0,100,Buy,225575590
2024-07-23 11:01:56,15900.0,100,Buy,225575750
2024-07-23 11:02:31,15850.0,2000,Sell,225576218
2024-07-23 11:02:34,15900.0,1000,Buy,225576250
2024-07-23 11:02:41,15900.0,100,Buy,225576318
2024-07-23 11:02:44,15900.0,5000,Buy,225576349
2024-07-23 11:02:44,15900.0,100,Buy,225576360
2024-07-23 11:03:06,15850.0,500,Sell,225576693
2024-07-23 11:04:19,15900.0,1300,Buy,225577642
2024-07-23 11:04:24,15850.0,700,Sell,225577696
2024-07-23 11:05:03,15850.0,1400,Sell,225578320
2024-07-23 11:05:03,15850.0,600,Sell,225578321
2024-07-23 11:05:11,15900.0,3500,Buy,225578453
2024-07-23 11:05:18,15900.0,5000,Buy,225578500
2024-07-23 11:06:46,15900.0,5000,Buy,225579527
2024-07-23 11:07:36,15900.0,100,Buy,225580135
2024-07-23 11:08:19,15900.0,300,Buy,225580667
2024-07-23 11:08:22,15850.0,100,Sell,225580687
2024-07-23 11:08:22,15850.0,2000,Sell,225580688
2024-07-23 11:08:46,15850.0,100,Sell,225580965
2024-07-23 11:10:11,15900.0,300,Buy,225581934
2024-07-23 11:10:32,15900.0,100,Buy,225582200
2024-07-23 11:10:35,15900.0,9000,Buy,225582219
2024-07-23 11:10:44,15900.0,100,Buy,225582349
2024-07-23 11:10:46,15850.0,500,Sell,225582361
2024-07-23 11:11:13,15850.0,1000,Sell,225582797
2024-07-23 11:11:13,15850.0,100,Sell,225582798
2024-07-23 11:11:13,15850.0,500,Sell,225582799
2024-07-23 11:11:13,15850.0,500,Sell,225582796
2024-07-23 11:11:26,15850.0,400,Sell,225582934
2024-07-23 11:11:57,15900.0,100,Buy,225583313
2024-07-23 11:12:12,15900.0,100,Buy,225583461
2024-07-23 11:12:12,15900.0,500,Buy,225583460
2024-07-23 11:12:12,15900.0,2400,Buy,225583459
2024-07-23 11:13:55,15900.0,500,Buy,225584856
2024-07-23 11:13:55,15850.0,400,Sell,225584846
2024-07-23 11:13:55,15850.0,1100,Sell,225584843
2024-07-23 11:13:55,15850.0,500,Sell,225584844
2024-07-23 11:13:55,15850.0,100,Sell,225584845
2024-07-23 11:14:37,15850.0,700,Sell,225585371
2024-07-23 11:14:37,15850.0,100,Sell,225585370
2024-07-23 11:14:37,15850.0,100,Sell,225585368
2024-07-23 11:14:37,15850.0,100,Sell,225585366
2024-07-23 11:14:37,15850.0,5000,Sell,225585365
2024-07-23 11:14:37,15850.0,100,Sell,225585364
2024-07-23 11:14:37,15850.0,1000,Sell,225585363
2024-07-23 11:14:37,15850.0,200,Sell,225585362
2024-07-23 11:14:37,15850.0,600,Sell,225585361
2024-07-23 11:14:37,15850.0,100,Sell,225585360
2024-07-23 11:14:37,15850.0,100,Sell,225585369
2024-07-23 11:14:37,15850.0,600,Sell,225585358
2024-07-23 11:14:37,15850.0,400,Sell,225585359
2024-07-23 11:14:37,15850.0,100,Sell,225585348
2024-07-23 11:14:37,15850.0,500,Sell,225585349
2024-07-23 11:14:37,15850.0,1000,Sell,225585350
2024-07-23 11:14:37,15850.0,100,Sell,225585351
2024-07-23 11:14:37,15850.0,900,Sell,225585367
2024-07-23 11:14:37,15850.0,200,Sell,225585353
2024-07-23 11:14:37,15850.0,1000,Sell,225585354
2024-07-23 11:14:37,15850.0,500,Sell,225585355
2024-07-23 11:14:37,15850.0,500,Sell,225585356
2024-07-23 11:14:37,15850.0,1000,Sell,225585357
2024-07-23 11:14:37,15850.0,100,Sell,225585352
2024-07-23 11:14:54,15850.0,5000,Sell,225585701
2024-07-23 11:14:59,15850.0,100,Sell,225585755
2024-07-23 11:15:03,15850.0,100,Sell,225585782
2024-07-23 11:15:03,15850.0,200,Sell,225585776
2024-07-23 11:15:04,15850.0,1200,Sell,225585794
2024-07-23 11:15:06,15850.0,100,Sell,225585820
2024-07-23 11:15:10,15850.0,100,Sell,225585873
2024-07-23 11:15:14,15850.0,100,Sell,225585905
2024-07-23 11:15:18,15850.0,100,Sell,225585944
2024-07-23 11:15:46,15850.0,100,Sell,225586291
2024-07-23 11:16:33,15850.0,1000,Sell,225586857
2024-07-23 11:16:53,15850.0,100,Sell,225587066
2024-07-23 11:16:57,15850.0,100,Sell,225587100
2024-07-23 11:17:00,15850.0,100,Sell,225587131
2024-07-23 11:17:06,15850.0,100,Sell,225587228
2024-07-23 11:17:10,15850.0,1300,Sell,225587283
2024-07-23 11:17:11,15850.0,100,Sell,225587292
2024-07-23 11:17:14,15850.0,100,Sell,225587346
2024-07-23 11:17:45,15850.0,1200,Sell,225587661
2024-07-23 11:18:10,15850.0,100,Sell,225587970
2024-07-23 11:18:14,15850.0,100,Sell,225588003
2024-07-23 11:19:08,15850.0,400,Sell,225588627
2024-07-23 11:19:55,15850.0,400,Sell,225589184
2024-07-23 11:20:28,15850.0,100,Sell,225589655
2024-07-23 11:20:34,15850.0,1000,Sell,225589741
2024-07-23 11:20:55,15850.0,100,Sell,225589990
2024-07-23 11:20:55,15850.0,5000,Sell,225589989
2024-07-23 11:20:55,15850.0,1000,Sell,225589988
2024-07-23 11:20:55,15850.0,10000,Sell,225589992
2024-07-23 11:20:55,15850.0,10000,Sell,225589986
2024-07-23 11:20:55,15850.0,100,Sell,225589985
2024-07-23 11:20:55,15850.0,6000,Sell,225589984
2024-07-23 11:20:55,15850.0,3000,Sell,225589987
2024-07-23 11:20:55,15850.0,5000,Sell,225589991
2024-07-23 11:21:14,15850.0,100,Sell,225590259
2024-07-23 11:21:20,15850.0,100,Sell,225590341
2024-07-23 11:21:23,15850.0,100,Sell,225590387
2024-07-23 11:21:27,15850.0,100,Sell,225590440
2024-07-23 11:21:33,15850.0,100,Sell,225590600
2024-07-23 11:21:38,15850.0,100,Sell,225590678
2024-07-23 11:22:32,15900.0,1000,Buy,225591225
2024-07-23 11:23:16,15900.0,100,Buy,225591697
2024-07-23 11:23:33,15850.0,100,Sell,225591888
2024-07-23 11:23:39,15850.0,100,Sell,225592069
2024-07-23 11:23:42,15850.0,100,Sell,225592092
2024-07-23 11:23:48,15850.0,100,Sell,225592140
2024-07-23 11:23:54,15850.0,100,Sell,225592188
2024-07-23 11:23:55,15900.0,100,Buy,225592196
2024-07-23 11:24:37,15900.0,800,Buy,225592886
2024-07-23 11:25:09,15850.0,100,Sell,225593438
2024-07-23 11:25:15,15850.0,100,Sell,225593523
2024-07-23 11:25:26,15900.0,1000,Buy,225593782
2024-07-23 11:26:02,15850.0,200,Sell,225594279
2024-07-23 11:26:41,15850.0,400,Sell,225594785
2024-07-23 11:27:15,15850.0,1000,Sell,225595169
2024-07-23 11:27:32,15900.0,100,Buy,225595549
2024-07-23 11:27:32,15900.0,10000,Buy,225595547
2024-07-23 11:27:32,15900.0,100,Buy,225595546
2024-07-23 11:27:32,15900.0,1000,Buy,225595545
2024-07-23 11:27:32,15900.0,2000,Buy,225595544
2024-07-23 11:27:32,15900.0,2000,Buy,225595539
2024-07-23 11:27:32,15900.0,500,Buy,225595542
2024-07-23 11:27:32,15900.0,300,Buy,225595541
2024-07-23 11:27:32,15900.0,200,Buy,225595540
2024-07-23 11:27:32,15900.0,100,Buy,225595550
2024-07-23 11:27:32,15900.0,200,Buy,225595538
2024-07-23 11:27:32,15900.0,300,Buy,225595543
2024-07-23 11:27:32,15900.0,100,Buy,225595551
2024-07-23 11:27:32,15900.0,1300,Buy,225595565
2024-07-23 11:27:32,15900.0,100,Buy,225595553
2024-07-23 11:27:32,15900.0,1000,Buy,225595554
2024-07-23 11:27:32,15900.0,100,Buy,225595555
2024-07-23 11:27:32,15900.0,200,Buy,225595556
2024-07-23 11:27:32,15900.0,1000,Buy,225595557
2024-07-23 11:27:32,15900.0,300,Buy,225595558
2024-07-23 11:27:32,15900.0,1000,Buy,225595559
2024-07-23 11:27:32,15900.0,100,Buy,225595560
2024-07-23 11:27:32,15900.0,200,Buy,225595561
2024-07-23 11:27:32,15900.0,1000,Buy,225595562
2024-07-23 11:27:32,15900.0,12000,Buy,225595563
2024-07-23 11:27:32,15900.0,100,Buy,225595564
2024-07-23 11:27:32,15900.0,2800,Buy,225595537
2024-07-23 11:27:32,15900.0,100,Buy,225595552
2024-07-23 11:27:32,15900.0,1100,Buy,225595536
2024-07-23 11:27:32,15900.0,500,Buy,225595548
2024-07-23 11:27:32,15900.0,500,Buy,225595534
2024-07-23 11:27:32,15900.0,9000,Buy,225595506
2024-07-23 11:27:32,15900.0,9000,Buy,225595507
2024-07-23 11:27:32,15900.0,500,Buy,225595508
2024-07-23 11:27:32,15900.0,9000,Buy,225595509
2024-07-23 11:27:32,15900.0,9000,Buy,225595510
2024-07-23 11:27:32,15900.0,1000,Buy,225595511
2024-07-23 11:27:32,15900.0,100,Buy,225595512
2024-07-23 11:27:32,15900.0,1000,Buy,225595513
2024-07-23 11:27:32,15900.0,200,Buy,225595514
2024-07-23 11:27:32,15900.0,700,Buy,225595515
2024-07-23 11:27:32,15900.0,100,Buy,225595516
2024-07-23 11:27:32,15900.0,100,Buy,225595518
2024-07-23 11:27:32,15900.0,2500,Buy,225595519
2024-07-23 11:27:32,15900.0,2300,Buy,225595520
2024-07-23 11:27:32,15900.0,100,Buy,225595517
2024-07-23 11:27:32,15900.0,4000,Buy,225595522
2024-07-23 11:27:32,15900.0,400,Buy,225595533
2024-07-23 11:27:32,15900.0,1500,Buy,225595532
2024-07-23 11:27:32,15900.0,20000,Buy,225595531
2024-07-23 11:27:32,15900.0,400,Buy,225595521
2024-07-23 11:27:32,15900.0,1000,Buy,225595529
2024-07-23 11:27:32,15900.0,2400,Buy,225595528
2024-07-23 11:27:32,15900.0,5000,Buy,225595530
2024-07-23 11:27:32,15900.0,500,Buy,225595526
2024-07-23 11:27:32,15900.0,1600,Buy,225595525
2024-07-23 11:27:32,15900.0,1000,Buy,225595524
2024-07-23 11:27:32,15900.0,3000,Buy,225595523
2024-07-23 11:27:32,15900.0,5400,Buy,225595505
2024-07-23 11:27:32,15900.0,300,Buy,225595527
2024-07-23 11:27:32,15900.0,2000,Buy,225595535
2024-07-23 11:28:01,15900.0,8400,Buy,225596030
2024-07-23 11:28:01,15900.0,700,Buy,225596025
2024-07-23 11:28:01,15900.0,100,Buy,225596026
2024-07-23 11:28:01,15900.0,500,Buy,225596027
2024-07-23 11:28:01,15900.0,200,Buy,225596028
2024-07-23 11:28:01,15900.0,100,Buy,225596029
2024-07-23 11:28:13,15900.0,500,Buy,225596188
2024-07-23 11:28:19,15900.0,100,Buy,225596311
2024-07-23 11:28:31,15900.0,2000,Buy,225596504
2024-07-23 11:28:32,15900.0,1000,Buy,225596523
2024-07-23 11:28:35,15900.0,100,Buy,225596552
2024-07-23 11:28:40,15900.0,1000,Buy,225596602
2024-07-23 11:29:05,15900.0,14000,Buy,225597002
2024-07-23 11:29:05,15900.0,2000,Buy,225597003
2024-07-23 11:29:05,15900.0,10000,Buy,225597004
2024-07-23 11:29:12,15850.0,100,Sell,225597158
2024-07-23 11:29:12,15850.0,200,Sell,225597157
2024-07-23 11:29:12,15850.0,100,Sell,225597156
2024-07-23 11:29:12,15850.0,1000,Sell,225597149
2024-07-23 11:29:12,15850.0,10000,Sell,225597152
2024-07-23 11:29:12,15850.0,200,Sell,225597154
2024-07-23 11:29:12,15850.0,200,Sell,225597153
2024-07-23 11:29:12,15850.0,2400,Sell,225597159
2024-07-23 11:29:12,15850.0,100,Sell,225597151
2024-07-23 11:29:12,15850.0,1500,Sell,225597150
2024-07-23 11:29:12,15850.0,500,Sell,225597155
2024-07-23 11:29:12,15850.0,200,Sell,225597160
2024-07-23 11:29:12,15850.0,1500,Sell,225597164
2024-07-23 11:29:12,15850.0,500,Sell,225597162
2024-07-23 11:29:12,15850.0,1000,Sell,225597163
2024-07-23 11:29:12,15850.0,100,Sell,225597165
2024-07-23 11:29:12,15850.0,400,Sell,225597166
2024-07-23 11:29:12,15850.0,100,Sell,225597167
2024-07-23 11:29:12,15850.0,1000,Sell,225597168
2024-07-23 11:29:12,15850.0,600,Sell,225597169
2024-07-23 11:29:12,15850.0,10000,Sell,225597170
2024-07-23 11:29:12,15850.0,100,Sell,225597171
2024-07-23 11:29:12,15850.0,100,Sell,225597172
2024-07-23 11:29:12,15850.0,1000,Sell,225597173
2024-07-23 11:29:12,15850.0,100,Sell,225597174
2024-07-23 11:29:12,15850.0,2400,Sell,225597161
2024-07-23 11:29:12,15850.0,400,Sell,225597148
2024-07-23 11:29:12,15850.0,5000,Sell,225597139
2024-07-23 11:29:12,15850.0,100,Sell,225597146
2024-07-23 11:29:12,15850.0,100,Sell,225597147
2024-07-23 11:29:12,15900.0,14600,Sell,225597120
2024-07-23 11:29:12,15850.0,137100,Sell,225597121
2024-07-23 11:29:12,15850.0,100,Sell,225597122
2024-07-23 11:29:12,15850.0,200,Sell,225597123
2024-07-23 11:29:12,15850.0,200,Sell,225597124
2024-07-23 11:29:12,15850.0,44400,Sell,225597125
2024-07-23 11:29:12,15850.0,2000,Sell,225597126
2024-07-23 11:29:12,15850.0,100,Sell,225597128
2024-07-23 11:29:12,15850.0,400,Sell,225597129
2024-07-23 11:29:12,15850.0,100,Sell,225597130
2024-07-23 11:29:12,15850.0,1000,Sell,225597131
2024-07-23 11:29:12,15850.0,100,Sell,225597127
2024-07-23 11:29:12,15850.0,100,Sell,225597133
2024-07-23 11:29:12,15850.0,200,Sell,225597145
2024-07-23 11:29:12,15850.0,16000,Sell,225597132
2024-07-23 11:29:12,15850.0,200,Sell,225597143
2024-07-23 11:29:12,15850.0,100,Sell,225597142
2024-07-23 11:29:12,15850.0,2000,Sell,225597141
2024-07-23 11:29:12,15850.0,300,Sell,225597140
2024-07-23 11:29:12,15850.0,100,Sell,225597144
2024-07-23 11:29:12,15850.0,100,Sell,225597137
2024-07-23 11:29:12,15850.0,11400,Sell,225597136
2024-07-23 11:29:12,15850.0,200,Sell,225597135
2024-07-23 11:29:12,15850.0,2000,Sell,225597134
2024-07-23 11:29:12,15850.0,200,Sell,225597138
2024-07-23 11:29:13,15850.0,300,Sell,225597188
2024-07-23 11:29:13,15850.0,6300,Sell,225597202
2024-07-23 11:29:13,15850.0,100,Sell,225597201
2024-07-23 11:29:13,15850.0,500,Sell,225597200
2024-07-23 11:29:13,15850.0,300,Sell,225597199
2024-07-23 11:29:13,15850.0,100,Sell,225597193
2024-07-23 11:29:13,15850.0,100,Sell,225597192
2024-07-23 11:29:13,15850.0,100,Sell,225597191
2024-07-23 11:29:13,15850.0,100,Sell,225597190
2024-07-23 11:29:13,15850.0,100,Sell,225597189
2024-07-23 11:29:13,15850.0,5000,Sell,225597187
2024-07-23 11:29:13,15850.0,100,Sell,225597176
2024-07-23 11:29:13,15850.0,500,Sell,225597185
2024-07-23 11:29:13,15850.0,100,Sell,225597175
2024-07-23 11:29:13,15850.0,100,Sell,225597186
2024-07-23 11:29:13,15850.0,100,Sell,225597178
2024-07-23 11:29:13,15850.0,10000,Sell,225597179
2024-07-23 11:29:13,15850.0,500,Sell,225597177
2024-07-23 11:29:13,15850.0,500,Sell,225597181
2024-07-23 11:29:13,15850.0,200,Sell,225597182
2024-07-23 11:29:13,15850.0,100,Sell,225597183
2024-07-23 11:29:13,15850.0,500,Sell,225597184
2024-07-23 11:29:13,15850.0,100,Sell,225597180
2024-07-23 11:29:21,15850.0,400,Sell,225597340
2024-07-23 11:29:34,15850.0,2000,Sell,225597520
2024-07-23 12:59:40,15850.0,800,Sell,225597985
2024-07-23 12:59:40,15850.0,500,Sell,225597986
2024-07-23 12:59:40,15850.0,2600,Sell,225597987
2024-07-23 12:59:41,15850.0,1200,Sell,225598601
2024-07-23 12:59:41,15850.0,100,Sell,225598599
2024-07-23 12:59:41,15850.0,100,Sell,225598600
2024-07-23 12:59:42,15850.0,200,Sell,225598761
2024-07-23 12:59:42,15850.0,200,Sell,225598762
2024-07-23 12:59:43,15850.0,3100,Sell,225599171
2024-07-23 12:59:43,15850.0,600,Sell,225599170
2024-07-23 12:59:43,15850.0,1000,Sell,225599168
2024-07-23 12:59:43,15850.0,400,Sell,225599167
2024-07-23 12:59:43,15850.0,400,Sell,225599166
2024-07-23 12:59:43,15850.0,500,Sell,225599169
2024-07-23 12:59:43,15850.0,200,Sell,225599164
2024-07-23 12:59:43,15850.0,1600,Sell,225599163
2024-07-23 12:59:43,15850.0,100,Sell,225599162
2024-07-23 12:59:43,15850.0,100,Sell,225599161
2024-07-23 12:59:43,15850.0,200,Sell,225599160
2024-07-23 12:59:43,15850.0,600,Sell,225599159
2024-07-23 12:59:43,15850.0,200,Sell,225599165
2024-07-23 12:59:44,15850.0,100,Sell,225599444
2024-07-23 12:59:44,15900.0,300,Buy,225599445
2024-07-23 12:59:45,15850.0,500,Sell,225599593
2024-07-23 12:59:45,15850.0,300,Sell,225599594
2024-07-23 12:59:46,15850.0,1000,Sell,225599917
2024-07-23 12:59:47,15900.0,200,Buy,225600058
2024-07-23 12:59:48,15850.0,200,Sell,225600151
2024-07-23 12:59:48,15850.0,96200,Sell,225600152
2024-07-23 12:59:48,15850.0,100,Sell,225600150
2024-07-23 12:59:48,15850.0,100,Sell,225600153
2024-07-23 12:59:48,15850.0,1500,Sell,225600148
2024-07-23 12:59:48,15850.0,3000,Sell,225600096
2024-07-23 12:59:48,15850.0,400,Sell,225600149
2024-07-23 12:59:48,15850.0,1600,Sell,225600147
2024-07-23 12:59:48,15850.0,400,Sell,225600097
2024-07-23 12:59:49,15900.0,100,Buy,225600270
2024-07-23 12:59:52,15850.0,300,Sell,225600636
2024-07-23 12:59:52,15900.0,100,Buy,225600683
2024-07-23 12:59:52,15850.0,2000,Sell,225600801
2024-07-23 12:59:53,15850.0,100,Sell,225600820
2024-07-23 12:59:53,15850.0,100,Sell,225600821
2024-07-23 12:59:53,15850.0,1400,Sell,225600822
2024-07-23 12:59:53,15850.0,1400,Sell,225600819
2024-07-23 12:59:54,15850.0,100,Sell,225600987
2024-07-23 12:59:54,15850.0,100,Sell,225600988
2024-07-23 12:59:58,15850.0,1000,Sell,225601324
2024-07-23 12:59:58,15850.0,100,Sell,225601325
2024-07-23 12:59:58,15850.0,100,Sell,225601322
2024-07-23 12:59:58,15850.0,400,Sell,225601321
2024-07-23 12:59:58,15850.0,100,Sell,225601320
2024-07-23 12:59:58,15850.0,100,Sell,225601323
2024-07-23 13:00:00,15850.0,1000,Sell,225601477
2024-07-23 13:00:00,15850.0,100,Sell,225601476
2024-07-23 13:00:00,15850.0,1000,Sell,225601475
2024-07-23 13:00:00,15850.0,400,Sell,225601474
2024-07-23 13:00:00,15850.0,500,Sell,225601473
2024-07-23 13:00:00,15850.0,100,Sell,225601472
2024-07-23 13:00:00,15850.0,400,Sell,225601471
2024-07-23 13:00:00,15850.0,2100,Sell,225601470
2024-07-23 13:00:00,15850.0,100,Sell,225601469
2024-07-23 13:00:00,15850.0,5000,Sell,225601468
2024-07-23 13:00:00,15850.0,600,Sell,225601467
2024-07-23 13:00:00,15850.0,100,Sell,225601466
2024-07-23 13:00:00,15850.0,1000,Sell,225601464
2024-07-23 13:00:00,15850.0,300,Sell,225601465
2024-07-23 13:00:00,15850.0,100,Sell,225601462
2024-07-23 13:00:00,15850.0,100,Sell,225601449
2024-07-23 13:00:00,15850.0,1200,Sell,225601450
2024-07-23 13:00:00,15850.0,100,Sell,225601452
2024-07-23 13:00:00,15850.0,100,Sell,225601453
2024-07-23 13:00:00,15850.0,300,Sell,225601454
2024-07-23 13:00:00,15850.0,1000,Sell,225601455
2024-07-23 13:00:00,15850.0,400,Sell,225601451
2024-07-23 13:00:00,15850.0,100,Sell,225601457
2024-07-23 13:00:00,15850.0,100,Sell,225601458
2024-07-23 13:00:00,15850.0,100,Sell,225601459
2024-07-23 13:00:00,15850.0,100,Sell,225601460
2024-07-23 13:00:00,15850.0,300,Sell,225601461
2024-07-23 13:00:00,15850.0,200,Sell,225601456
2024-07-23 13:00:00,15850.0,100,Sell,225601463
2024-07-23 13:00:04,15850.0,100,Buy,225601592
2024-07-23 13:00:04,15850.0,6100,Buy,225601597
2024-07-23 13:00:09,15800.0,300,Sell,225601691
2024-07-23 13:00:09,15800.0,100,Sell,225601692
2024-07-23 13:00:09,15800.0,100,Sell,225601693
2024-07-23 13:00:09,15850.0,1000,Buy,225601695
2024-07-23 13:00:11,15800.0,100,Sell,225601763
2024-07-23 13:00:32,15800.0,200,Sell,225602197
2024-07-23 13:00:32,15800.0,800,Sell,225602196
2024-07-23 13:00:35,15800.0,800,Sell,225602239
2024-07-23 13:00:45,15800.0,3000,Sell,225602631
2024-07-23 13:00:45,15800.0,500,Sell,225602632
2024-07-23 13:00:45,15800.0,100,Sell,225602633
2024-07-23 13:00:45,15800.0,3200,Sell,225602634
2024-07-23 13:00:45,15800.0,700,Sell,225602635
2024-07-23 13:00:45,15800.0,5000,Sell,225602636
2024-07-23 13:00:45,15800.0,300,Sell,225602637
2024-07-23 13:00:45,15800.0,200,Sell,225602630
2024-07-23 13:01:06,15800.0,100,Sell,225603174
2024-07-23 13:01:06,15800.0,100,Sell,225603175
2024-07-23 13:01:06,15800.0,200,Sell,225603176
2024-07-23 13:01:06,15800.0,200,Sell,225603177
2024-07-23 13:01:06,15800.0,100,Sell,225603178
2024-07-23 13:01:06,15800.0,100,Sell,225603179
2024-07-23 13:01:06,15800.0,100,Sell,225603183
2024-07-23 13:01:06,15800.0,500,Sell,225603181
2024-07-23 13:01:06,15800.0,100,Sell,225603182
2024-07-23 13:01:06,15800.0,200,Sell,225603154
2024-07-23 13:01:06,15800.0,100,Sell,225603184
2024-07-23 13:01:06,15800.0,100,Sell,225603185
2024-07-23 13:01:06,15800.0,2000,Sell,225603173
2024-07-23 13:01:06,15800.0,200,Sell,225603180
2024-07-23 13:01:06,15800.0,200,Sell,225603172
2024-07-23 13:01:06,15800.0,100,Sell,225603155
2024-07-23 13:01:06,15800.0,1000,Sell,225603170
2024-07-23 13:01:06,15800.0,1000,Sell,225603169
2024-07-23 13:01:06,15800.0,200,Sell,225603168
2024-07-23 13:01:06,15800.0,1000,Sell,225603167
2024-07-23 13:01:06,15800.0,500,Sell,225603166
2024-07-23 13:01:06,15800.0,100,Sell,225603165
2024-07-23 13:01:06,15800.0,1000,Sell,225603164
2024-07-23 13:01:06,15800.0,10000,Sell,225603163
2024-07-23 13:01:06,15800.0,10000,Sell,225603162
2024-07-23 13:01:06,15800.0,100,Sell,225603161
2024-07-23 13:01:06,15800.0,1000,Sell,225603160
2024-07-23 13:01:06,15800.0,500,Sell,225603159
2024-07-23 13:01:06,15800.0,100,Sell,225603158
2024-07-23 13:01:06,15800.0,100,Sell,225603156
2024-07-23 13:01:06,15800.0,1000,Sell,225603171
2024-07-23 13:01:06,15800.0,100,Sell,225603186
2024-07-23 13:01:06,15800.0,2000,Sell,225603114
2024-07-23 13:01:06,15800.0,1000,Sell,225603188
2024-07-23 13:01:06,15800.0,100,Sell,225603153
2024-07-23 13:01:06,15800.0,100,Sell,225603218
2024-07-23 13:01:06,15800.0,100,Sell,225603217
2024-07-23 13:01:06,15800.0,10000,Sell,225603216
2024-07-23 13:01:06,15800.0,1000,Sell,225603215
2024-07-23 13:01:06,15800.0,100,Sell,225603214
2024-07-23 13:01:06,15800.0,100,Sell,225603213
2024-07-23 13:01:06,15800.0,200,Sell,225603212
2024-07-23 13:01:06,15800.0,200,Sell,225603211
2024-07-23 13:01:06,15800.0,200,Sell,225603210
2024-07-23 13:01:06,15800.0,500,Sell,225603209
2024-07-23 13:01:06,15800.0,200,Sell,225603208
2024-07-23 13:01:06,15800.0,100,Sell,225603207
2024-07-23 13:01:06,15800.0,300,Sell,225603206
2024-07-23 13:01:06,15800.0,100,Sell,225603205
2024-07-23 13:01:06,15800.0,100,Sell,225603204
2024-07-23 13:01:06,15800.0,1500,Sell,225603203
2024-07-23 13:01:06,15800.0,100,Sell,225603189
2024-07-23 13:01:06,15800.0,2000,Sell,225603190
2024-07-23 13:01:06,15800.0,1100,Sell,225603191
2024-07-23 13:01:06,15800.0,200,Sell,225603192
2024-07-23 13:01:06,15800.0,100,Sell,225603193
2024-07-23 13:01:06,15800.0,400,Sell,225603194
2024-07-23 13:01:06,15800.0,200,Sell,225603187
2024-07-23 13:01:06,15800.0,100,Sell,225603195
2024-07-23 13:01:06,15800.0,200,Sell,225603197
2024-07-23 13:01:06,15800.0,50000,Sell,225603198
2024-07-23 13:01:06,15800.0,100,Sell,225603199
2024-07-23 13:01:06,15800.0,2000,Sell,225603200
2024-07-23 13:01:06,15800.0,100,Sell,225603201
2024-07-23 13:01:06,15800.0,300,Sell,225603202
2024-07-23 13:01:06,15800.0,1100,Sell,225603196
2024-07-23 13:01:06,15800.0,200,Sell,225603152
2024-07-23 13:01:06,15800.0,700,Sell,225603112
2024-07-23 13:01:06,15800.0,100,Sell,225603150
2024-07-23 13:01:06,15800.0,300,Sell,225603115
2024-07-23 13:01:06,15800.0,100,Sell,225603113
2024-07-23 13:01:06,15800.0,4800,Sell,225603111
2024-07-23 13:01:06,15800.0,2000,Sell,225603110
2024-07-23 13:01:06,15800.0,200,Sell,225603109
2024-07-23 13:01:06,15800.0,100,Sell,225603108
2024-07-23 13:01:06,15800.0,200,Sell,225603107
2024-07-23 13:01:06,15800.0,300,Sell,225603106
2024-07-23 13:01:06,15800.0,100,Sell,225603105
2024-07-23 13:01:06,15800.0,1000,Sell,225603104
2024-07-23 13:01:06,15800.0,1000,Sell,225603103
2024-07-23 13:01:06,15800.0,2000,Sell,225603102
2024-07-23 13:01:06,15800.0,100,Sell,225603101
2024-07-23 13:01:06,15800.0,3200,Sell,225603100
2024-07-23 13:01:06,15800.0,1000,Sell,225603099
2024-07-23 13:01:06,15800.0,500,Sell,225603098
2024-07-23 13:01:06,15800.0,2000,Sell,225603097
2024-07-23 13:01:06,15800.0,200,Sell,225603096
2024-07-23 13:01:06,15800.0,200,Sell,225603095
2024-07-23 13:01:06,15800.0,100,Sell,225603093
2024-07-23 13:01:06,15800.0,1000,Sell,225603092
2024-07-23 13:01:06,15800.0,100,Sell,225603091
2024-07-23 13:01:06,15800.0,2000,Sell,225603090
2024-07-23 13:01:06,15800.0,1000,Sell,225603089
2024-07-23 13:01:06,15800.0,200,Sell,225603088
2024-07-23 13:01:06,15800.0,200,Sell,225603087
2024-07-23 13:01:06,15800.0,100,Sell,225603086
2024-07-23 13:01:06,15800.0,20000,Sell,225603085
2024-07-23 13:01:06,15800.0,900,Sell,225603084
2024-07-23 13:01:06,15800.0,100,Sell,225603116
2024-07-23 13:01:06,15800.0,100,Sell,225603117
2024-07-23 13:01:06,15800.0,100,Sell,225603094
2024-07-23 13:01:06,15800.0,100,Sell,225603119
2024-07-23 13:01:06,15800.0,300,Sell,225603118
2024-07-23 13:01:06,15800.0,2400,Sell,225603149
2024-07-23 13:01:06,15800.0,200,Sell,225603148
2024-07-23 13:01:06,15800.0,100,Sell,225603147
2024-07-23 13:01:06,15800.0,200,Sell,225603146
2024-07-23 13:01:06,15800.0,100,Sell,225603145
2024-07-23 13:01:06,15800.0,2000,Sell,225603144
2024-07-23 13:01:06,15800.0,2000,Sell,225603143
2024-07-23 13:01:06,15800.0,300,Sell,225603142
2024-07-23 13:01:06,15800.0,3000,Sell,225603141
2024-07-23 13:01:06,15800.0,400,Sell,225603140
2024-07-23 13:01:06,15800.0,200,Sell,225603139
2024-07-23 13:01:06,15800.0,100,Sell,225603138
2024-07-23 13:01:06,15800.0,100,Sell,225603137
2024-07-23 13:01:06,15800.0,100,Sell,225603136
2024-07-23 13:01:06,15800.0,300,Sell,225603151
2024-07-23 13:01:06,15800.0,100,Sell,225603134
2024-07-23 13:01:06,15800.0,100,Sell,225603121
2024-07-23 13:01:06,15800.0,100,Sell,225603122
2024-07-23 13:01:06,15800.0,6000,Sell,225603123
2024-07-23 13:01:06,15800.0,100,Sell,225603124
2024-07-23 13:01:06,15800.0,1000,Sell,225603126
2024-07-23 13:01:06,15800.0,100,Sell,225603127
2024-07-23 13:01:06,15800.0,100,Sell,225603125
2024-07-23 13:01:06,15800.0,100,Sell,225603129
2024-07-23 13:01:06,15800.0,1000,Sell,225603130
2024-07-23 13:01:06,15800.0,900,Sell,225603135
2024-07-23 13:01:06,15800.0,100,Sell,225603131
2024-07-23 13:01:06,15800.0,100,Sell,225603132
2024-07-23 13:01:06,15800.0,400,Sell,225603133
2024-07-23 13:01:06,15800.0,300,Sell,225603128
2024-07-23 13:01:06,15800.0,1000,Sell,225603120
2024-07-23 13:01:13,15800.0,100,Buy,225603347
2024-07-23 13:01:15,15800.0,800,Buy,225603376
2024-07-23 13:01:18,15800.0,2800,Buy,225603418
2024-07-23 13:01:20,15800.0,5000,Buy,225603453
2024-07-23 13:01:23,15800.0,1000,Buy,225603517
2024-07-23 13:01:29,15800.0,2000,Buy,225603726
2024-07-23 13:01:31,15800.0,500,Buy,225603749
2024-07-23 13:02:02,15800.0,1200,Buy,225604340
2024-07-23 13:02:02,15800.0,3500,Buy,225604341
2024-07-23 13:02:02,15800.0,1200,Buy,225604342
2024-07-23 13:02:02,15800.0,1200,Buy,225604343
2024-07-23 13:02:02,15800.0,9000,Buy,225604339
2024-07-23 13:02:27,15800.0,200,Sell,225604893
2024-07-23 13:02:34,15800.0,5000,Sell,225605008
2024-07-23 13:02:51,15800.0,100,Sell,225605411
2024-07-23 13:02:55,15800.0,2100,Sell,225605465
2024-07-23 13:02:57,15800.0,200,Sell,225605494
2024-07-23 13:03:04,15800.0,300,Sell,225605607
2024-07-23 13:03:09,15800.0,500,Sell,225605878
2024-07-23 13:03:10,15800.0,300,Sell,225605895
2024-07-23 13:03:15,15800.0,5700,Buy,225606015
2024-07-23 13:03:15,15800.0,100,Sell,225606014
2024-07-23 13:03:15,15800.0,30000,Sell,225606013
2024-07-23 13:03:15,15800.0,2200,Sell,225606011
2024-07-23 13:03:15,15800.0,100,Sell,225606010
2024-07-23 13:03:15,15800.0,400,Sell,225606009
2024-07-23 13:03:15,15800.0,2000,Sell,225606012
2024-07-23 13:03:15,15800.0,100,Sell,225606007
2024-07-23 13:03:15,15800.0,34200,Sell,225606002
2024-07-23 13:03:15,15800.0,1000,Sell,225606003
2024-07-23 13:03:15,15800.0,200,Sell,225606008
2024-07-23 13:03:15,15800.0,2000,Sell,225606005
2024-07-23 13:03:15,15800.0,2000,Sell,225606006
2024-07-23 13:03:15,15800.0,5000,Sell,225606004
2024-07-23 13:03:16,15800.0,500,Buy,225606058
2024-07-23 13:03:21,15800.0,100,Buy,225606238
2024-07-23 13:03:27,15800.0,300,Buy,225606357
2024-07-23 13:03:33,15800.0,100,Buy,225606443
2024-07-23 13:03:37,15800.0,14000,Buy,225606542
2024-07-23 13:03:37,15800.0,100,Buy,225606543
2024-07-23 13:03:37,15800.0,100,Buy,225606544
2024-07-23 13:03:41,15800.0,100,Sell,225606640
2024-07-23 13:03:46,15800.0,100,Sell,225606796
2024-07-23 13:03:54,15800.0,100,Sell,225607004
2024-07-23 13:04:06,15800.0,100,Sell,225607242
2024-07-23 13:04:12,15800.0,100,Sell,225607334
2024-07-23 13:04:14,15850.0,200,Buy,225607359
2024-07-23 13:04:15,15800.0,200,Sell,225607380
2024-07-23 13:04:15,15800.0,15100,Sell,225607393
2024-07-23 13:04:15,15800.0,300,Sell,225607394
2024-07-23 13:04:15,15800.0,3000,Sell,225607395
2024-07-23 13:04:15,15800.0,5700,Sell,225607396
2024-07-23 13:04:15,15800.0,500,Sell,225607397
2024-07-23 13:04:15,15800.0,10000,Sell,225607398
2024-07-23 13:04:15,15800.0,300,Sell,225607399
2024-07-23 13:04:15,15800.0,200,Sell,225607400
2024-07-23 13:04:15,15800.0,30000,Sell,225607401
2024-07-23 13:04:23,15800.0,300,Buy,225607545
2024-07-23 13:04:24,15800.0,100,Buy,225607566
2024-07-23 13:04:25,15800.0,1000,Buy,225607578
2024-07-23 13:04:37,15800.0,10000,Buy,225607860
2024-07-23 13:04:42,15750.0,200,Sell,225607928
2024-07-23 13:04:42,15750.0,100,Sell,225607929
2024-07-23 13:04:57,15800.0,600,Buy,225608312
2024-07-23 13:05:30,15800.0,6000,Buy,225608975
2024-07-23 13:05:33,15750.0,200,Sell,225609137
2024-07-23 13:05:33,15750.0,100,Sell,225609138
2024-07-23 13:05:33,15750.0,100,Sell,225609148
2024-07-23 13:05:33,15750.0,200,Sell,225609140
2024-07-23 13:05:33,15750.0,1000,Sell,225609141
2024-07-23 13:05:33,15750.0,5000,Sell,225609142
2024-07-23 13:05:33,15750.0,200,Sell,225609143
2024-07-23 13:05:33,15750.0,1000,Sell,225609144
2024-07-23 13:05:33,15750.0,100,Sell,225609145
2024-07-23 13:05:33,15750.0,200,Sell,225609146
2024-07-23 13:05:33,15750.0,200,Sell,225609147
2024-07-23 13:05:33,15750.0,200,Sell,225609149
2024-07-23 13:05:33,15750.0,1500,Sell,225609159
2024-07-23 13:05:33,15750.0,100,Sell,225609151
2024-07-23 13:05:33,15750.0,100,Sell,225609152
2024-07-23 13:05:33,15750.0,3800,Sell,225609153
2024-07-23 13:05:33,15750.0,100,Sell,225609154
2024-07-23 13:05:33,15750.0,100,Sell,225609155
2024-07-23 13:05:33,15750.0,4000,Sell,225609156
2024-07-23 13:05:33,15750.0,100,Sell,225609157
2024-07-23 13:05:33,15750.0,100,Sell,225609158
2024-07-23 13:05:33,15750.0,300,Sell,225609136
2024-07-23 13:05:33,15750.0,1000,Sell,225609160
2024-07-23 13:05:33,15750.0,200,Sell,225609161
2024-07-23 13:05:33,15750.0,2000,Sell,225609162
2024-07-23 13:05:33,15750.0,15300,Sell,225609163
2024-07-23 13:05:33,15750.0,100,Sell,225609150
2024-07-23 13:05:33,15750.0,100,Sell,225609135
2024-07-23 13:05:33,15750.0,100,Sell,225609139
2024-07-23 13:05:33,15750.0,100,Sell,225609133
2024-07-23 13:05:33,15750.0,800,Sell,225609106
2024-07-23 13:05:33,15750.0,200,Sell,225609107
2024-07-23 13:05:33,15750.0,100,Sell,225609108
2024-07-23 13:05:33,15750.0,100,Sell,225609109
2024-07-23 13:05:33,15750.0,100,Sell,225609110
2024-07-23 13:05:33,15750.0,200,Sell,225609111
2024-07-23 13:05:33,15750.0,200,Sell,225609112
2024-07-23 13:05:33,15750.0,100,Sell,225609113
2024-07-23 13:05:33,15750.0,700,Sell,225609114
2024-07-23 13:05:33,15750.0,1500,Sell,225609115
2024-07-23 13:05:33,15750.0,300,Sell,225609116
2024-07-23 13:05:33,15750.0,100,Sell,225609117
2024-07-23 13:05:33,15750.0,1000,Sell,225609118
2024-07-23 13:05:33,15750.0,20000,Sell,225609119
2024-07-23 13:05:33,15750.0,500,Sell,225609120
2024-07-23 13:05:33,15750.0,100,Sell,225609121
2024-07-23 13:05:33,15750.0,50000,Sell,225609122
2024-07-23 13:05:33,15750.0,800,Sell,225609123
2024-07-23 13:05:33,15750.0,500,Sell,225609124
2024-07-23 13:05:33,15750.0,200,Sell,225609125
2024-07-23 13:05:33,15750.0,100,Sell,225609126
2024-07-23 13:05:33,15750.0,2000,Sell,225609127
2024-07-23 13:05:33,15750.0,200,Sell,225609128
2024-07-23 13:05:33,15750.0,5000,Sell,225609129
2024-07-23 13:05:33,15750.0,200,Sell,225609130
2024-07-23 13:05:33,15750.0,300,Sell,225609131
2024-07-23 13:05:33,15750.0,300,Sell,225609132
2024-07-23 13:05:33,15750.0,4700,Sell,225609105
2024-07-23 13:05:33,15750.0,1000,Sell,225609134
2024-07-23 13:05:34,15800.0,300,Buy,225609177
2024-07-23 13:05:42,15800.0,1000,Buy,225609349
2024-07-23 13:05:48,15800.0,100,Buy,225609417
2024-07-23 13:05:53,15800.0,2000,Buy,225609652
2024-07-23 13:06:18,15750.0,200,Sell,225610106
2024-07-23 13:06:21,15800.0,2000,Buy,225610178
2024-07-23 13:06:32,15800.0,100,Buy,225610450
2024-07-23 13:06:32,15800.0,500,Buy,225610477
2024-07-23 13:06:52,15800.0,1000,Buy,225610824
2024-07-23 13:06:54,15800.0,100,Buy,225610870
2024-07-23 13:07:01,15800.0,200,Buy,225610974
2024-07-23 13:07:09,15750.0,100,Sell,225611121
2024-07-23 13:07:22,15800.0,200,Buy,225611394
2024-07-23 13:07:44,15800.0,500,Buy,225611984
2024-07-23 13:07:47,15800.0,600,Buy,225612064
2024-07-23 13:07:50,15800.0,2000,Buy,225612148
2024-07-23 13:07:58,15800.0,1000,Buy,225612333
2024-07-23 13:08:00,15800.0,1000,Buy,225612388
2024-07-23 13:08:00,15750.0,1000,Sell,225612398
2024-07-23 13:08:04,15800.0,300,Buy,225612533
2024-07-23 13:08:04,15800.0,100,Buy,225612532
2024-07-23 13:08:04,15800.0,100,Buy,225612531
2024-07-23 13:08:04,15800.0,100,Buy,225612530
2024-07-23 13:08:04,15800.0,100,Buy,225612529
2024-07-23 13:08:04,15800.0,400,Buy,225612524
2024-07-23 13:08:04,15800.0,100,Buy,225612527
2024-07-23 13:08:04,15800.0,3000,Buy,225612526
2024-07-23 13:08:04,15800.0,500,Buy,225612525
2024-07-23 13:08:04,15800.0,100,Buy,225612523
2024-07-23 13:08:04,15800.0,100,Buy,225612528
2024-07-23 13:08:04,15800.0,100,Buy,225612521
2024-07-23 13:08:04,15800.0,4300,Buy,225612512
2024-07-23 13:08:04,15800.0,5000,Buy,225612513
2024-07-23 13:08:04,15800.0,100,Buy,225612514
2024-07-23 13:08:04,15800.0,600,Buy,225612515
2024-07-23 13:08:04,15800.0,400,Buy,225612522
2024-07-23 13:08:04,15800.0,500,Buy,225612517
2024-07-23 13:08:04,15800.0,100,Buy,225612520
2024-07-23 13:08:04,15800.0,100,Buy,225612516
2024-07-23 13:08:04,15800.0,100,Buy,225612518
2024-07-23 13:08:04,15800.0,100,Buy,225612519
2024-07-23 13:08:05,15800.0,1000,Sell,225612544
2024-07-23 13:08:35,15800.0,100,Sell,225613303
2024-07-23 13:08:55,15800.0,100,Sell,225613717
2024-07-23 13:09:05,15800.0,100,Sell,225614097
2024-07-23 13:09:50,15850.0,100,Buy,225614936
2024-07-23 13:10:16,15800.0,300,Sell,225615442
2024-07-23 13:10:37,15800.0,2100,Sell,225615960
2024-07-23 13:10:37,15800.0,17900,Sell,225615961
2024-07-23 13:10:44,15800.0,100,Sell,225616074
2024-07-23 13:10:47,15800.0,100,Sell,225616178
2024-07-23 13:10:54,15800.0,100,Sell,225616346
2024-07-23 13:10:57,15800.0,100,Sell,225616409
2024-07-23 13:10:57,15800.0,100,Sell,225616410
2024-07-23 13:10:57,15800.0,100,Sell,225616411
2024-07-23 13:10:57,15800.0,200,Sell,225616412
2024-07-23 13:10:57,15800.0,800,Sell,225616413
2024-07-23 13:10:57,15800.0,1800,Sell,225616408
2024-07-23 13:10:59,15800.0,100,Sell,225616445
2024-07-23 13:11:00,15800.0,1000,Sell,225616452
2024-07-23 13:11:06,15800.0,100,Sell,225616580
2024-07-23 13:11:07,15800.0,6000,Sell,225616605
2024-07-23 13:11:15,15800.0,1000,Sell,225616981
2024-07-23 13:11:17,15800.0,100,Sell,225617031
2024-07-23 13:11:23,15800.0,800,Sell,225617106
2024-07-23 13:11:29,15800.0,10100,Sell,225617233
2024-07-23 13:11:29,15800.0,100,Sell,225617234
2024-07-23 13:11:29,15800.0,300,Sell,225617235
2024-07-23 13:11:29,15800.0,1000,Sell,225617236
2024-07-23 13:11:29,15800.0,1000,Sell,225617237
2024-07-23 13:11:29,15800.0,4800,Sell,225617238
2024-07-23 13:11:29,15800.0,100,Sell,225617239
2024-07-23 13:11:29,15800.0,1100,Sell,225617240
2024-07-23 13:11:32,15800.0,100,Sell,225617326
2024-07-23 13:11:35,15800.0,1000,Sell,225617404
2024-07-23 13:11:42,15800.0,500,Sell,225617556
2024-07-23 13:11:59,15800.0,200,Sell,225617859
2024-07-23 13:11:59,15800.0,300,Sell,225617858
2024-07-23 13:12:04,15750.0,1800,Sell,225618001
2024-07-23 13:12:04,15750.0,300,Sell,225618000
2024-07-23 13:12:04,15750.0,100,Sell,225617999
2024-07-23 13:12:04,15750.0,100,Sell,225617998
2024-07-23 13:12:04,15750.0,100,Sell,225617997
2024-07-23 13:12:04,15750.0,100,Sell,225617996
2024-07-23 13:12:04,15750.0,300,Sell,225617995
2024-07-23 13:12:04,15750.0,100,Sell,225617994
2024-07-23 13:12:04,15750.0,100,Sell,225617993
2024-07-23 13:12:04,15750.0,2000,Sell,225617992
2024-07-23 13:12:04,15750.0,700,Sell,225617991
2024-07-23 13:12:04,15750.0,100,Sell,225617990
2024-07-23 13:12:04,15750.0,300,Sell,225617989
2024-07-23 13:12:04,15750.0,33400,Sell,225617987
2024-07-23 13:12:04,15750.0,1000,Sell,225617988
2024-07-23 13:12:04,15800.0,2400,Sell,225617977
2024-07-23 13:12:04,15800.0,5000,Sell,225617978
2024-07-23 13:12:04,15800.0,200,Sell,225617979
2024-07-23 13:12:04,15800.0,100,Sell,225617980
2024-07-23 13:12:04,15800.0,100,Sell,225617986
2024-07-23 13:12:04,15800.0,100,Sell,225617982
2024-07-23 13:12:04,15800.0,50000,Sell,225617985
2024-07-23 13:12:04,15800.0,100,Sell,225617981
2024-07-23 13:12:04,15800.0,1000,Sell,225617983
2024-07-23 13:12:04,15800.0,500,Sell,225617984
2024-07-23 13:12:10,15800.0,500,Sell,225618120
2024-07-23 13:12:10,15800.0,2000,Sell,225618121
2024-07-23 13:12:39,15800.0,100,Buy,225618778
2024-07-23 13:13:32,15800.0,5000,Buy,225619931
2024-07-23 13:13:42,15800.0,300,Buy,225620350
2024-07-23 13:14:08,15800.0,3500,Buy,225620997
2024-07-23 13:14:08,15800.0,100,Buy,225620996
2024-07-23 13:14:08,15800.0,600,Buy,225620994
2024-07-23 13:14:08,15800.0,2100,Buy,225620993
2024-07-23 13:14:08,15800.0,100,Buy,225620995
2024-07-23 13:14:16,15800.0,5000,Buy,225621212
2024-07-23 13:14:26,15800.0,10000,Buy,225621456
2024-07-23 13:14:27,15800.0,100,Buy,225621457
2024-07-23 13:14:28,15800.0,1000,Buy,225621497
2024-07-23 13:14:28,15800.0,1200,Buy,225621496
2024-07-23 13:14:28,15800.0,1000,Buy,225621495
2024-07-23 13:14:28,15800.0,1000,Buy,225621494
2024-07-23 13:14:28,15800.0,100,Buy,225621493
2024-07-23 13:14:28,15800.0,1000,Buy,225621492
2024-07-23 13:14:28,15800.0,100,Buy,225621490
2024-07-23 13:14:28,15800.0,100,Buy,225621491
2024-07-23 13:14:28,15800.0,400,Buy,225621487
2024-07-23 13:14:28,15800.0,2000,Buy,225621489
2024-07-23 13:14:28,15800.0,100,Buy,225621488
2024-07-23 13:14:36,15800.0,2000,Sell,225621729
2024-07-23 13:14:36,15800.0,3000,Sell,225621730
2024-07-23 13:14:40,15800.0,1000,Buy,225621857
2024-07-23 13:14:49,15800.0,100,Buy,225622196
2024-07-23 13:14:50,15800.0,4200,Buy,225622208
2024-07-23 13:14:50,15800.0,100,Buy,225622209
2024-07-23 13:14:57,15800.0,700,Sell,225622382
2024-07-23 13:14:57,15800.0,100,Sell,225622381
2024-07-23 13:14:57,15800.0,100,Sell,225622380
2024-07-23 13:14:57,15800.0,200,Sell,225622379
2024-07-23 13:14:57,15800.0,5700,Sell,225622378
2024-07-23 13:14:58,15800.0,1000,Buy,225622391
2024-07-23 13:15:00,15800.0,100,Buy,225622458
2024-07-23 13:15:07,15800.0,300,Buy,225622693
2024-07-23 13:15:57,15800.0,100,Buy,225623624
2024-07-23 13:16:18,15800.0,100,Buy,225624122
2024-07-23 13:16:24,15800.0,2000,Buy,225624273
2024-07-23 13:16:38,15800.0,500,Buy,225624640
2024-07-23 13:16:38,15800.0,1000,Buy,225624587
2024-07-23 13:17:08,15800.0,100,Buy,225625282
2024-07-23 13:17:20,15750.0,200,Sell,225625538
2024-07-23 13:17:23,15800.0,100,Buy,225625598
2024-07-23 13:17:42,15800.0,100,Buy,225626079
2024-07-23 13:17:46,15750.0,2000,Sell,225626168
2024-07-23 13:17:52,15800.0,100,Buy,225626312
2024-07-23 13:18:02,15800.0,600,Buy,225626523
2024-07-23 13:18:11,15800.0,600,Buy,225626801
2024-07-23 13:18:13,15800.0,1400,Buy,225626834
2024-07-23 13:18:30,15800.0,100,Buy,225627201
2024-07-23 13:18:59,15800.0,5000,Buy,225628048
2024-07-23 13:19:02,15800.0,100,Buy,225628112
2024-07-23 13:19:15,15800.0,1000,Buy,225628426
2024-07-23 13:19:19,15800.0,1000,Buy,225628504
2024-07-23 13:19:21,15800.0,100,Buy,225628543
2024-07-23 13:19:26,15800.0,1000,Buy,225628663
2024-07-23 13:19:28,15800.0,800,Buy,225628701
2024-07-23 13:19:28,15800.0,200,Buy,225628702
2024-07-23 13:19:46,15800.0,3000,Buy,225629143
2024-07-23 13:19:47,15750.0,100,Sell,225629161
2024-07-23 13:19:49,15800.0,200,Buy,225629228
2024-07-23 13:20:10,15800.0,500,Buy,225629725
2024-07-23 13:20:17,15750.0,600,Sell,225629862
2024-07-23 13:20:20,15750.0,800,Sell,225629924
2024-07-23 13:20:33,15800.0,2000,Buy,225630178
2024-07-23 13:20:34,15750.0,100,Sell,225630197
2024-07-23 13:20:37,15800.0,500,Buy,225630265
2024-07-23 13:20:56,15800.0,1100,Buy,225630723
2024-07-23 13:20:56,15800.0,3600,Buy,225630721
2024-07-23 13:20:56,15800.0,1000,Buy,225630722
2024-07-23 13:21:01,15800.0,500,Buy,225630864
2024-07-23 13:21:01,15800.0,100,Buy,225630865
2024-07-23 13:21:01,15800.0,500,Buy,225630866
2024-07-23 13:21:01,15800.0,1000,Buy,225630867
2024-07-23 13:21:01,15800.0,200,Buy,225630868
2024-07-23 13:21:01,15800.0,100,Buy,225630869
2024-07-23 13:21:01,15800.0,100,Buy,225630870
2024-07-23 13:21:01,15800.0,100,Buy,225630871
2024-07-23 13:21:01,15800.0,300,Buy,225630872
2024-07-23 13:21:01,15800.0,16000,Buy,225630873
2024-07-23 13:21:01,15800.0,2200,Buy,225630874
2024-07-23 13:21:01,15800.0,8900,Buy,225630863
2024-07-23 13:21:06,15800.0,3000,Buy,225630948
2024-07-23 13:21:10,15800.0,1000,Buy,225631041
2024-07-23 13:21:10,15800.0,200,Buy,225631042
2024-07-23 13:21:10,15800.0,6800,Buy,225631043
2024-07-23 13:21:10,15800.0,4800,Buy,225631040
2024-07-23 13:21:16,15800.0,1500,Sell,225631208
2024-07-23 13:21:28,15800.0,400,Sell,225631471
2024-07-23 13:21:54,15850.0,50000,Buy,225632093
2024-07-23 13:21:54,15800.0,800,Sell,225632096
2024-07-23 13:22:04,15800.0,1200,Sell,225632336
2024-07-23 13:22:06,15800.0,600,Sell,225632398
2024-07-23 13:22:24,15800.0,2000,Sell,225632731
2024-07-23 13:22:37,15800.0,4500,Sell,225632927
2024-07-23 13:22:43,15800.0,200,Sell,225633030
2024-07-23 13:22:44,15800.0,1000,Sell,225633043
2024-07-23 13:22:49,15800.0,1700,Sell,225633143
2024-07-23 13:23:05,15850.0,2000,Buy,225633451
2024-07-23 13:23:29,15850.0,3000,Buy,225633912
2024-07-23 13:23:40,15850.0,200,Buy,225634109
2024-07-23 13:23:56,15850.0,100,Buy,225634388
2024-07-23 13:23:59,15850.0,100,Buy,225634467
2024-07-23 13:24:02,15850.0,900,Buy,225634532
2024-07-23 13:24:13,15850.0,100,Buy,225634715
2024-07-23 13:24:28,15850.0,200,Buy,225635075
2024-07-23 13:24:31,15850.0,100,Buy,225635123
2024-07-23 13:24:43,15800.0,1000,Sell,225635414
2024-07-23 13:24:43,15850.0,9200,Buy,225635429
2024-07-23 13:25:10,15850.0,500,Buy,225636154
2024-07-23 13:25:24,15850.0,100,Buy,225636500
2024-07-23 13:25:32,15850.0,1400,Buy,225636642
2024-07-23 13:25:37,15850.0,200,Buy,225636805
2024-07-23 13:25:44,15800.0,700,Sell,225636918
2024-07-23 13:25:44,15800.0,300,Sell,225636917
2024-07-23 13:25:53,15850.0,1500,Buy,225637286
2024-07-23 13:26:13,15850.0,100,Buy,225637883
2024-07-23 13:26:17,15850.0,800,Buy,225638013
2024-07-23 13:26:29,15850.0,400,Buy,225638238
2024-07-23 13:26:54,15850.0,2100,Buy,225638829
2024-07-23 13:27:01,15850.0,100,Buy,225638954
2024-07-23 13:27:46,15850.0,900,Buy,225639890
2024-07-23 13:28:33,15800.0,100,Sell,225640977
2024-07-23 13:28:58,15800.0,500,Sell,225641406
2024-07-23 13:28:58,15800.0,100,Sell,225641407
2024-07-23 13:28:58,15800.0,3000,Sell,225641408
2024-07-23 13:28:58,15800.0,500,Sell,225641409
2024-07-23 13:28:58,15800.0,400,Sell,225641405
2024-07-23 13:28:58,15800.0,500,Sell,225641413
2024-07-23 13:28:58,15800.0,1000,Sell,225641414
2024-07-23 13:28:58,15800.0,8100,Sell,225641415
2024-07-23 13:28:58,15800.0,1000,Sell,225641410
2024-07-23 13:28:58,15800.0,1000,Sell,225641404
2024-07-23 13:28:58,15800.0,10000,Sell,225641395
2024-07-23 13:28:58,15800.0,100,Sell,225641402
2024-07-23 13:28:58,15800.0,1000,Sell,225641401
2024-07-23 13:28:58,15800.0,20000,Sell,225641400
2024-07-23 13:28:58,15800.0,300,Sell,225641399
2024-07-23 13:28:58,15800.0,10000,Sell,225641398
2024-07-23 13:28:58,15800.0,500,Sell,225641397
2024-07-23 13:28:58,15800.0,1000,Sell,225641396
2024-07-23 13:28:58,15800.0,10000,Sell,225641394
2024-07-23 13:28:58,15800.0,200,Sell,225641393
2024-07-23 13:28:58,15800.0,100,Sell,225641403
2024-07-23 13:29:10,15800.0,200,Sell,225641717
2024-07-23 13:29:10,15800.0,100,Sell,225641716
2024-07-23 13:29:10,15800.0,200,Sell,225641715
2024-07-23 13:29:10,15800.0,1900,Sell,225641709
2024-07-23 13:29:10,15800.0,100,Sell,225641712
2024-07-23 13:29:10,15800.0,100,Sell,225641711
2024-07-23 13:29:10,15800.0,500,Sell,225641710
2024-07-23 13:29:10,15800.0,200,Sell,225641714
2024-07-23 13:29:10,15800.0,100,Sell,225641718
2024-07-23 13:29:10,15800.0,100,Sell,225641719
2024-07-23 13:29:10,15800.0,100,Sell,225641721
2024-07-23 13:29:10,15800.0,600,Sell,225641720
2024-07-23 13:29:15,15800.0,100,Buy,225641811
2024-07-23 13:29:18,15800.0,300,Buy,225641887
2024-07-23 13:29:21,15800.0,100,Buy,225641995
2024-07-23 13:29:21,15800.0,1000,Buy,225641994
2024-07-23 13:29:26,15800.0,2000,Buy,225642076
2024-07-23 13:29:32,15800.0,100,Buy,225642206
2024-07-23 13:29:34,15800.0,6400,Buy,225642248
2024-07-23 13:29:37,15800.0,500,Buy,225642305
2024-07-23 13:29:38,15800.0,1000,Buy,225642331
2024-07-23 13:29:41,15800.0,300,Buy,225642386
2024-07-23 13:29:43,15800.0,2000,Buy,225642421
2024-07-23 13:29:44,15800.0,100,Buy,225642545
2024-07-23 13:29:49,15750.0,5000,Sell,225642641
2024-07-23 13:29:50,15800.0,200,Buy,225642664
2024-07-23 13:29:50,15800.0,100,Buy,225642665
2024-07-23 13:29:50,15800.0,500,Buy,225642666
2024-07-23 13:29:55,15800.0,300,Sell,225642765
2024-07-23 13:29:55,15800.0,200,Sell,225642764
2024-07-23 13:29:58,15800.0,200,Sell,225642817
2024-07-23 13:29:58,15800.0,1000,Sell,225642818
2024-07-23 13:29:58,15800.0,100,Sell,225642819
2024-07-23 13:30:10,15750.0,2200,Sell,225643146
2024-07-23 13:30:23,15800.0,100,Buy,225643417
2024-07-23 13:30:57,15800.0,5000,Buy,225644371
2024-07-23 13:31:56,15800.0,500,Buy,225646397
2024-07-23 13:32:00,15800.0,100,Buy,225646583
2024-07-23 13:32:06,15800.0,200,Buy,225646755
2024-07-23 13:32:10,15800.0,5000,Buy,225646971
2024-07-23 13:32:15,15800.0,400,Buy,225647098
2024-07-23 13:32:27,15800.0,100,Buy,225647636
2024-07-23 13:32:28,15800.0,1000,Buy,225647784
2024-07-23 13:32:42,15750.0,300,Sell,225648327
2024-07-23 13:33:11,15800.0,1000,Buy,225649457
2024-07-23 13:33:13,15750.0,200,Sell,225649596
2024-07-23 13:33:27,15750.0,500,Sell,225650810
2024-07-23 13:33:31,15750.0,100,Sell,225651102
2024-07-23 13:33:33,15750.0,13000,Sell,225651170
2024-07-23 13:33:54,15750.0,2100,Sell,225652452
2024-07-23 13:33:55,15800.0,3000,Buy,225652506
2024-07-23 13:34:04,15750.0,400,Sell,225653087
2024-07-23 13:34:04,15750.0,5000,Sell,225653088
2024-07-23 13:34:04,15750.0,1000,Sell,225653089
2024-07-23 13:34:04,15750.0,500,Sell,225653090
2024-07-23 13:34:04,15750.0,500,Sell,225653091
2024-07-23 13:34:04,15750.0,5000,Sell,225653092
2024-07-23 13:34:04,15750.0,1000,Sell,225653093
2024-07-23 13:34:04,15750.0,100,Sell,225653098
2024-07-23 13:34:04,15750.0,300,Sell,225653095
2024-07-23 13:34:04,15750.0,200,Sell,225653096
2024-07-23 13:34:04,15750.0,1000,Sell,225653097
2024-07-23 13:34:04,15750.0,100,Sell,225653099
2024-07-23 13:34:04,15750.0,300,Sell,225653100
2024-07-23 13:34:04,15750.0,2800,Sell,225653101
2024-07-23 13:34:04,15750.0,400,Sell,225653086
2024-07-23 13:34:04,15750.0,2000,Sell,225653094
2024-07-23 13:34:04,15750.0,3000,Sell,225653085
2024-07-23 13:34:04,15750.0,1000,Sell,225653084
2024-07-23 13:34:04,15750.0,100,Sell,225653083
2024-07-23 13:34:04,15750.0,1000,Sell,225653053
2024-07-23 13:34:04,15750.0,100,Sell,225653054
2024-07-23 13:34:04,15750.0,10000,Sell,225653055
2024-07-23 13:34:04,15750.0,200,Sell,225653056
2024-07-23 13:34:04,15750.0,10000,Sell,225653057
2024-07-23 13:34:04,15750.0,1900,Sell,225653059
2024-07-23 13:34:04,15750.0,300,Sell,225653060
2024-07-23 13:34:04,15750.0,25300,Sell,225653061
2024-07-23 13:34:04,15750.0,200,Sell,225653058
2024-07-23 13:34:04,15750.0,200,Sell,225653063
2024-07-23 13:34:04,15750.0,700,Sell,225653064
2024-07-23 13:34:04,15750.0,1000,Sell,225653065
2024-07-23 13:34:04,15750.0,100,Sell,225653079
2024-07-23 13:34:04,15750.0,2000,Sell,225653080
2024-07-23 13:34:04,15750.0,1000,Sell,225653081
2024-07-23 13:34:04,15750.0,1000,Sell,225653082
2024-07-23 13:34:04,15750.0,300,Sell,225653062
2024-07-23 13:34:13,15750.0,100,Sell,225654117
2024-07-23 13:34:13,15750.0,1900,Sell,225654123
2024-07-23 13:34:13,15750.0,100,Sell,225654122
2024-07-23 13:34:13,15750.0,500,Sell,225654121
2024-07-23 13:34:13,15750.0,100,Sell,225654120
2024-07-23 13:34:13,15750.0,100,Sell,225654119
2024-07-23 13:34:13,15750.0,200,Sell,225654116
2024-07-23 13:34:13,15750.0,100,Sell,225654118
2024-07-23 13:34:13,15750.0,100,Sell,225654114
2024-07-23 13:34:13,15750.0,200,Sell,225654113
2024-07-23 13:34:13,15750.0,200,Sell,225654112
2024-07-23 13:34:13,15750.0,500,Sell,225654111
2024-07-23 13:34:13,15750.0,100,Sell,225654110
2024-07-23 13:34:13,15750.0,100,Sell,225654109
2024-07-23 13:34:13,15750.0,2000,Sell,225654115
2024-07-23 13:34:13,15750.0,2200,Sell,225654108
2024-07-23 13:34:21,15800.0,200,Buy,225654673
2024-07-23 13:34:22,15750.0,17900,Sell,225654786
2024-07-23 13:34:22,15750.0,100,Sell,225654785
2024-07-23 13:34:22,15750.0,10000,Sell,225654784
2024-07-23 13:34:22,15750.0,12000,Sell,225654781
2024-07-23 13:34:22,15750.0,100,Sell,225654782
2024-07-23 13:34:22,15750.0,100,Sell,225654787
2024-07-23 13:34:22,15750.0,100,Sell,225654780
2024-07-23 13:34:22,15750.0,100,Sell,225654783
2024-07-23 13:34:22,15750.0,100,Sell,225654788
2024-07-23 13:34:22,15750.0,100,Sell,225654792
2024-07-23 13:34:22,15750.0,100,Sell,225654790
2024-07-23 13:34:22,15750.0,200,Sell,225654791
2024-07-23 13:34:22,15750.0,200,Sell,225654793
2024-07-23 13:34:22,15750.0,500,Sell,225654794
2024-07-23 13:34:22,15750.0,1000,Sell,225654797
2024-07-23 13:34:22,15750.0,1000,Sell,225654798
2024-07-23 13:34:22,15750.0,100,Sell,225654799
2024-07-23 13:34:22,15750.0,100,Sell,225654779
2024-07-23 13:34:22,15750.0,100,Sell,225654789
2024-07-23 13:34:22,15750.0,1000,Sell,225654778
2024-07-23 13:34:22,15750.0,100,Sell,225654796
2024-07-23 13:34:22,15750.0,100,Sell,225654776
2024-07-23 13:34:22,15750.0,100,Sell,225654777
2024-07-23 13:34:22,15750.0,3100,Sell,225654730
2024-07-23 13:34:22,15750.0,3000,Sell,225654731
2024-07-23 13:34:22,15750.0,1000,Sell,225654732
2024-07-23 13:34:22,15750.0,2000,Sell,225654733
2024-07-23 13:34:22,15750.0,600,Sell,225654734
2024-07-23 13:34:22,15750.0,2800,Sell,225654735
2024-07-23 13:34:22,15750.0,100,Sell,225654736
2024-07-23 13:34:22,15750.0,100,Sell,225654737
2024-07-23 13:34:22,15750.0,1000,Sell,225654738
2024-07-23 13:34:22,15750.0,15000,Sell,225654795
2024-07-23 13:34:22,15750.0,400,Sell,225654740
2024-07-23 13:34:22,15750.0,100,Sell,225654739
2024-07-23 13:34:22,15750.0,10000,Sell,225654747
2024-07-23 13:34:22,15750.0,1000,Sell,225654746
2024-07-23 13:34:22,15750.0,2000,Sell,225654745
2024-07-23 13:34:22,15750.0,500,Sell,225654775
2024-07-23 13:34:22,15750.0,500,Sell,225654741
2024-07-23 13:34:22,15750.0,2300,Sell,225654743
2024-07-23 13:34:22,15750.0,100,Sell,225654742
2024-07-23 13:34:22,15750.0,200,Sell,225654744
2024-07-23 13:34:26,15750.0,600,Buy,225655014
2024-07-23 13:34:26,15750.0,100,Buy,225655034
2024-07-23 13:34:28,15750.0,200,Buy,225655100
2024-07-23 13:34:28,15750.0,2000,Buy,225655104
2024-07-23 13:34:31,15750.0,3000,Buy,225655310
2024-07-23 13:34:35,15750.0,1000,Buy,225655648
2024-07-23 13:34:40,15750.0,100,Buy,225656016
2024-07-23 13:34:43,15750.0,2000,Buy,225656185
2024-07-23 13:34:46,15750.0,100,Buy,225656436
2024-07-23 13:34:46,15750.0,100,Buy,225656435
2024-07-23 13:34:53,15750.0,100,Buy,225656907
2024-07-23 13:35:00,15750.0,100,Buy,225657312
2024-07-23 13:35:03,15750.0,200,Buy,225657499
2024-07-23 13:35:10,15750.0,100,Buy,225658062
2024-07-23 13:35:13,15750.0,300,Buy,225658329
2024-07-23 13:35:13,15750.0,200,Buy,225658381
2024-07-23 13:35:13,15750.0,800,Buy,225658380
2024-07-23 13:35:19,15750.0,100,Buy,225658779
2024-07-23 13:35:20,15750.0,1700,Buy,225658857
2024-07-23 13:35:23,15750.0,100,Buy,225659007
2024-07-23 13:35:34,15750.0,1000,Buy,225659689
2024-07-23 13:35:36,15750.0,100,Buy,225659851
2024-07-23 13:35:38,15750.0,4200,Buy,225659931
2024-07-23 13:35:38,15750.0,800,Buy,225659930
2024-07-23 13:35:44,15700.0,1000,Sell,225660286
2024-07-23 13:35:44,15700.0,900,Sell,225660294
2024-07-23 13:35:44,15700.0,1000,Sell,225660293
2024-07-23 13:35:44,15700.0,100,Sell,225660292
2024-07-23 13:35:44,15700.0,100,Sell,225660291
2024-07-23 13:35:44,15700.0,100,Sell,225660290
2024-07-23 13:35:44,15700.0,700,Sell,225660289
2024-07-23 13:35:44,15700.0,1300,Sell,225660288
2024-07-23 13:35:44,15700.0,2500,Sell,225660287
2024-07-23 13:35:44,15700.0,300,Sell,225660285
