time,price,volume,match_type,id
2024-08-09 09:14:40,15000.0,172200,ATO/ATC,230423467
2024-08-09 09:14:42,14900.0,100,Sell,230423617
2024-08-09 09:15:05,14950.0,2700,Buy,230424142
2024-08-09 09:15:05,14950.0,300,Buy,230424141
2024-08-09 09:15:14,14950.0,500,Sell,230424435
2024-08-09 09:15:16,14950.0,100,Sell,230424457
2024-08-09 09:15:16,14950.0,100,Sell,230424458
2024-08-09 09:15:22,14950.0,500,Sell,230424547
2024-08-09 09:15:23,14950.0,500,Sell,230424576
2024-08-09 09:15:26,14950.0,100,Sell,230424675
2024-08-09 09:15:27,14950.0,200,Sell,230424692
2024-08-09 09:15:34,14950.0,300,Buy,230424819
2024-08-09 09:15:34,14950.0,1000,Buy,230424820
2024-08-09 09:15:36,14950.0,100,Sell,230424859
2024-08-09 09:15:37,14950.0,1000,Sell,230424888
2024-08-09 09:15:38,14950.0,1000,Sell,230424922
2024-08-09 09:15:40,14950.0,300,Sell,230424936
2024-08-09 09:15:52,15000.0,300,Buy,230425165
2024-08-09 09:15:54,14950.0,100,Sell,230425262
2024-08-09 09:16:00,14950.0,200,Sell,230425440
2024-08-09 09:16:05,14950.0,100,Sell,230425596
2024-08-09 09:16:15,14950.0,3000,Sell,230425830
2024-08-09 09:16:15,14950.0,1100,Sell,230425831
2024-08-09 09:16:15,14950.0,900,Sell,230425829
2024-08-09 09:16:19,14950.0,100,Sell,230425909
2024-08-09 09:16:20,14950.0,800,Sell,230425925
2024-08-09 09:16:20,14950.0,1000,Sell,230425926
2024-08-09 09:16:21,14950.0,3200,Buy,230425936
2024-08-09 09:16:22,14950.0,400,Sell,230425966
2024-08-09 09:16:26,14950.0,1000,Sell,230426057
2024-08-09 09:16:31,14950.0,100,Sell,230426191
2024-08-09 09:16:31,14950.0,400,Sell,230426190
2024-08-09 09:16:40,14950.0,1000,Buy,230426425
2024-08-09 09:16:40,14950.0,1000,Buy,230426424
2024-08-09 09:16:40,14950.0,500,Buy,230426421
2024-08-09 09:16:40,14950.0,100,Buy,230426422
2024-08-09 09:16:40,14950.0,100,Buy,230426423
2024-08-09 09:16:41,15000.0,100,Buy,230426432
2024-08-09 09:16:55,14950.0,300,Sell,230426834
2024-08-09 09:17:03,14950.0,600,Buy,230427011
2024-08-09 09:17:08,14950.0,10000,Buy,230427170
2024-08-09 09:17:08,14950.0,100,Buy,230427169
2024-08-09 09:17:10,14900.0,100,Sell,230427229
2024-08-09 09:17:22,14950.0,200,Buy,230427573
2024-08-09 09:17:28,14900.0,400,Sell,230427753
2024-08-09 09:17:41,14900.0,100,Sell,230428024
2024-08-09 09:17:47,14950.0,3000,Buy,230428155
2024-08-09 09:17:51,14900.0,1700,Sell,230428269
2024-08-09 09:17:51,14900.0,300,Sell,230428268
2024-08-09 09:18:13,14900.0,100,Sell,230428763
2024-08-09 09:18:23,14950.0,100,Buy,230429078
2024-08-09 09:18:28,14950.0,200,Buy,230429157
2024-08-09 09:18:43,14950.0,500,Buy,230429469
2024-08-09 09:18:46,14900.0,100,Sell,230429587
2024-08-09 09:18:59,14900.0,300,Sell,230429863
2024-08-09 09:19:07,14950.0,1000,Buy,230430032
2024-08-09 09:19:09,14900.0,100,Sell,230430087
2024-08-09 09:19:13,14950.0,400,Buy,230430233
2024-08-09 09:19:18,14900.0,100,Sell,230430329
2024-08-09 09:19:27,14950.0,1000,Buy,230430547
2024-08-09 09:19:37,14900.0,100,Sell,230430800
2024-08-09 09:19:40,14900.0,500,Sell,230430864
2024-08-09 09:19:40,14900.0,500,Sell,230430863
2024-08-09 09:19:40,14900.0,2000,Sell,230430858
2024-08-09 09:19:40,14900.0,2000,Sell,230430857
2024-08-09 09:19:40,14900.0,4000,Sell,230430856
2024-08-09 09:19:40,14900.0,100,Sell,230430855
2024-08-09 09:19:40,14900.0,200,Sell,230430854
2024-08-09 09:19:40,14900.0,10000,Sell,230430853
2024-08-09 09:19:40,14900.0,1000,Sell,230430852
2024-08-09 09:19:40,14900.0,2000,Sell,230430850
2024-08-09 09:19:40,14900.0,1000,Sell,230430849
2024-08-09 09:19:40,14900.0,8000,Sell,230430848
2024-08-09 09:19:40,14900.0,100,Sell,230430847
2024-08-09 09:19:40,14900.0,1000,Sell,230430846
2024-08-09 09:19:40,14900.0,14000,Sell,230430845
2024-08-09 09:19:40,14900.0,100,Sell,230430844
2024-08-09 09:19:40,14900.0,2500,Sell,230430843
2024-08-09 09:19:40,14900.0,2000,Sell,230430851
2024-08-09 09:19:49,14900.0,100,Sell,230431067
2024-08-09 09:20:03,14900.0,1400,Sell,230431415
2024-08-09 09:20:03,14900.0,2400,Sell,230431416
2024-08-09 09:20:13,14950.0,1000,Buy,230431665
2024-08-09 09:20:19,14900.0,100,Sell,230431829
2024-08-09 09:20:26,14950.0,100,Buy,230431955
2024-08-09 09:20:51,14900.0,100,Sell,230432486
2024-08-09 09:20:55,14950.0,2100,Buy,230432572
2024-08-09 09:21:12,14900.0,2400,Sell,230432947
2024-08-09 09:21:12,14900.0,1600,Sell,230432948
2024-08-09 09:21:13,14900.0,1000,Sell,230432966
2024-08-09 09:21:23,14900.0,100,Sell,230433251
2024-08-09 09:21:26,14900.0,100,Sell,230433287
2024-08-09 09:21:35,14900.0,200,Sell,230433462
2024-08-09 09:21:38,14900.0,1000,Sell,230433674
2024-08-09 09:21:39,14900.0,100,Sell,230433697
2024-08-09 09:21:39,14900.0,6700,Sell,230433714
2024-08-09 09:21:39,14900.0,100,Sell,230433713
2024-08-09 09:21:39,14900.0,200,Sell,230433712
2024-08-09 09:21:39,14900.0,500,Sell,230433710
2024-08-09 09:21:39,14900.0,700,Sell,230433709
2024-08-09 09:21:39,14900.0,1000,Sell,230433711
2024-08-09 09:21:39,14900.0,100,Sell,230433707
2024-08-09 09:21:39,14900.0,1000,Sell,230433706
2024-08-09 09:21:39,14900.0,100,Sell,230433704
2024-08-09 09:21:39,14900.0,10000,Sell,230433703
2024-08-09 09:21:39,14900.0,3200,Sell,230433702
2024-08-09 09:21:39,14900.0,100,Sell,230433708
2024-08-09 09:21:40,14900.0,1000,Sell,230433727
2024-08-09 09:21:55,14900.0,400,Sell,230434100
2024-08-09 09:21:56,14900.0,100,Sell,230434119
2024-08-09 09:21:58,14900.0,3500,Sell,230434164
2024-08-09 09:22:03,14900.0,200,Sell,230434265
2024-08-09 09:22:03,14900.0,18300,Sell,230434262
2024-08-09 09:22:03,14900.0,5000,Sell,230434263
2024-08-09 09:22:03,14900.0,6500,Sell,230434264
2024-08-09 09:22:04,14900.0,600,Sell,230434279
2024-08-09 09:22:04,14900.0,900,Sell,230434280
2024-08-09 09:22:04,14900.0,100,Sell,230434281
2024-08-09 09:22:04,14900.0,100,Sell,230434282
2024-08-09 09:22:26,14850.0,100,Sell,230434855
2024-08-09 09:22:58,14850.0,100,Sell,230435669
2024-08-09 09:23:06,14850.0,2700,Sell,230435820
2024-08-09 09:23:09,14850.0,1000,Sell,230435898
2024-08-09 09:23:18,14850.0,10000,Sell,230436110
2024-08-09 09:23:22,14850.0,1100,Sell,230436202
2024-08-09 09:23:22,14850.0,8900,Sell,230436193
2024-08-09 09:23:22,14850.0,2000,Sell,230436192
2024-08-09 09:23:22,14850.0,200,Sell,230436189
2024-08-09 09:23:22,14850.0,100,Sell,230436188
2024-08-09 09:23:22,14850.0,20000,Sell,230436191
2024-08-09 09:23:22,14850.0,1500,Sell,230436186
2024-08-09 09:23:22,14850.0,1000,Sell,230436187
2024-08-09 09:23:22,14850.0,4200,Sell,230436181
2024-08-09 09:23:22,14850.0,6000,Sell,230436182
2024-08-09 09:23:22,14850.0,1000,Sell,230436190
2024-08-09 09:23:22,14850.0,2000,Sell,230436184
2024-08-09 09:23:22,14850.0,100,Sell,230436185
2024-08-09 09:23:22,14850.0,3000,Sell,230436183
2024-08-09 09:23:29,14850.0,100,Sell,230436411
2024-08-09 09:23:38,14850.0,100,Sell,230436601
2024-08-09 09:23:42,14850.0,1900,Sell,230436716
2024-08-09 09:23:42,14850.0,500,Sell,230436717
2024-08-09 09:23:42,14850.0,2600,Sell,230436718
2024-08-09 09:23:43,14850.0,1000,Sell,230436763
2024-08-09 09:23:47,14850.0,1000,Sell,230436826
2024-08-09 09:23:47,14850.0,33000,Sell,230436827
2024-08-09 09:23:47,14850.0,8600,Sell,230436828
2024-08-09 09:23:47,14850.0,2400,Sell,230436825
2024-08-09 09:24:00,14850.0,100,Sell,230437099
2024-08-09 09:24:31,14850.0,100,Sell,230437856
2024-08-09 09:25:04,14850.0,100,Sell,230438596
2024-08-09 09:25:26,14850.0,7100,Sell,230439105
2024-08-09 09:25:26,14850.0,10900,Sell,230439104
2024-08-09 09:25:26,14850.0,200,Sell,230439102
2024-08-09 09:25:37,14850.0,100,Sell,230439286
2024-08-09 09:26:00,14850.0,2800,Sell,230439829
2024-08-09 09:26:00,14850.0,200,Sell,230439830
2024-08-09 09:26:03,14850.0,1000,Sell,230439968
2024-08-09 09:26:09,14850.0,100,Sell,230440096
2024-08-09 09:26:21,14850.0,500,Sell,230440364
2024-08-09 09:26:34,14900.0,500,Buy,230440686
2024-08-09 09:26:34,14900.0,6800,Buy,230440687
2024-08-09 09:26:34,14900.0,2700,Buy,230440684
2024-08-09 09:26:34,14900.0,300,Buy,230440683
2024-08-09 09:26:34,14900.0,500,Buy,230440685
2024-08-09 09:26:40,14850.0,100,Sell,230440827
2024-08-09 09:26:47,14850.0,300,Sell,230441029
2024-08-09 09:26:48,14900.0,4000,Buy,230441066
2024-08-09 09:26:49,14900.0,200,Buy,230441088
2024-08-09 09:26:49,14900.0,500,Buy,230441093
2024-08-09 09:26:49,14900.0,200,Buy,230441092
2024-08-09 09:26:49,14900.0,100,Buy,230441091
2024-08-09 09:26:49,14900.0,1000,Buy,230441090
2024-08-09 09:26:49,14900.0,100,Buy,230441089
2024-08-09 09:26:49,14900.0,100,Buy,230441087
2024-08-09 09:26:49,14900.0,100,Buy,230441085
2024-08-09 09:26:49,14900.0,10200,Buy,230441079
2024-08-09 09:26:49,14900.0,1000,Buy,230441080
2024-08-09 09:26:49,14900.0,5000,Buy,230441081
2024-08-09 09:26:49,14900.0,900,Buy,230441086
2024-08-09 09:26:49,14900.0,100,Buy,230441083
2024-08-09 09:26:49,14900.0,100,Buy,230441084
2024-08-09 09:26:49,14900.0,1500,Buy,230441082
2024-08-09 09:26:50,14900.0,1500,Sell,230441124
2024-08-09 09:26:51,14900.0,800,Sell,230441135
2024-08-09 09:26:56,14900.0,100,Sell,230441282
2024-08-09 09:27:10,14900.0,1000,Sell,230441603
2024-08-09 09:27:11,14900.0,100,Sell,230441620
2024-08-09 09:27:28,14900.0,3000,Sell,230441948
2024-08-09 09:27:33,14900.0,3000,Sell,230442053
2024-08-09 09:27:35,14950.0,100,Buy,230442100
2024-08-09 09:27:43,14900.0,100,Sell,230442257
2024-08-09 09:27:46,14900.0,1000,Sell,230442289
2024-08-09 09:27:49,14900.0,3000,Sell,230442329
2024-08-09 09:27:52,14900.0,100,Sell,230442379
2024-08-09 09:27:54,14900.0,10000,Sell,230442424
2024-08-09 09:28:06,14900.0,100,Sell,230442666
2024-08-09 09:28:14,14900.0,100,Sell,230442826
2024-08-09 09:28:16,14900.0,1000,Sell,230442852
2024-08-09 09:28:18,14900.0,200,Sell,230442911
2024-08-09 09:28:20,14900.0,3000,Sell,230442966
2024-08-09 09:28:31,14900.0,800,Sell,230443207
2024-08-09 09:28:31,14900.0,1700,Sell,230443208
2024-08-09 09:28:36,14900.0,100,Sell,230443301
2024-08-09 09:28:37,14900.0,1000,Sell,230443326
2024-08-09 09:28:47,14900.0,100,Sell,230443520
2024-08-09 09:28:51,14900.0,1000,Sell,230443614
2024-08-09 09:28:54,14900.0,20000,Sell,230443663
2024-08-09 09:29:00,14900.0,3000,Sell,230443768
2024-08-09 09:29:00,14900.0,2000,Sell,230443769
2024-08-09 09:29:04,14900.0,100,Sell,230443829
2024-08-09 09:29:04,14900.0,2000,Sell,230443828
2024-08-09 09:29:04,14900.0,900,Sell,230443826
2024-08-09 09:29:04,14900.0,100,Sell,230443825
2024-08-09 09:29:04,14900.0,2000,Sell,230443827
2024-08-09 09:29:09,14900.0,4900,Sell,230443947
2024-08-09 09:29:09,14900.0,1000,Sell,230443948
2024-08-09 09:29:09,14900.0,1000,Sell,230443949
2024-08-09 09:29:15,14900.0,700,Sell,230444101
2024-08-09 09:29:17,14900.0,900,Sell,230444141
2024-08-09 09:29:19,14900.0,100,Sell,230444183
2024-08-09 09:29:29,14950.0,2000,Buy,230444416
2024-08-09 09:29:32,15000.0,400,Buy,230444582
2024-08-09 09:29:32,15000.0,1000,Buy,230444583
2024-08-09 09:29:32,15000.0,1000,Buy,230444584
2024-08-09 09:29:32,15000.0,1000,Buy,230444588
2024-08-09 09:29:32,15000.0,1000,Buy,230444586
2024-08-09 09:29:32,15000.0,2000,Buy,230444587
2024-08-09 09:29:32,15000.0,2000,Buy,230444581
2024-08-09 09:29:32,15000.0,200,Buy,230444585
2024-08-09 09:29:32,15000.0,1000,Buy,230444580
2024-08-09 09:29:32,15000.0,5000,Buy,230444575
2024-08-09 09:29:32,15000.0,100,Buy,230444578
2024-08-09 09:29:32,15000.0,100,Buy,230444577
2024-08-09 09:29:32,15000.0,500,Buy,230444576
2024-08-09 09:29:32,15000.0,3000,Buy,230444574
2024-08-09 09:29:32,15000.0,1000,Buy,230444573
2024-08-09 09:29:32,15000.0,500,Buy,230444572
2024-08-09 09:29:32,15000.0,7000,Buy,230444571
2024-08-09 09:29:32,15000.0,3000,Buy,230444570
2024-08-09 09:29:32,15000.0,10000,Buy,230444579
2024-08-09 09:29:32,15000.0,600,Buy,230444592
2024-08-09 09:29:32,15000.0,200,Buy,230444612
2024-08-09 09:29:32,15000.0,1800,Buy,230444594
2024-08-09 09:29:32,15000.0,5800,Buy,230444613
2024-08-09 09:29:32,15000.0,1000,Buy,230444569
2024-08-09 09:29:32,15000.0,200,Buy,230444611
2024-08-09 09:29:32,15000.0,1000,Buy,230444610
2024-08-09 09:29:32,15000.0,7000,Buy,230444609
2024-08-09 09:29:32,15000.0,100,Buy,230444608
2024-08-09 09:29:32,15000.0,1000,Buy,230444607
2024-08-09 09:29:32,15000.0,10000,Buy,230444606
2024-08-09 09:29:32,15000.0,300,Buy,230444605
2024-08-09 09:29:32,15000.0,2000,Buy,230444604
2024-08-09 09:29:32,15000.0,100,Buy,230444603
2024-08-09 09:29:32,15000.0,100,Buy,230444602
2024-08-09 09:29:32,15000.0,2200,Buy,230444601
2024-08-09 09:29:32,15000.0,1000,Buy,230444600
2024-08-09 09:29:32,15000.0,100,Buy,230444599
2024-08-09 09:29:32,15000.0,10000,Buy,230444598
2024-08-09 09:29:32,15000.0,1000,Buy,230444597
2024-08-09 09:29:32,15000.0,1500,Buy,230444596
2024-08-09 09:29:32,15000.0,100,Buy,230444595
2024-08-09 09:29:32,15000.0,2000,Buy,230444593
2024-08-09 09:29:32,15000.0,200,Buy,230444568
2024-08-09 09:29:32,15000.0,5000,Buy,230444565
2024-08-09 09:29:32,15000.0,20000,Buy,230444566
2024-08-09 09:29:32,14950.0,100,Buy,230444540
2024-08-09 09:29:32,14950.0,100,Buy,230444539
2024-08-09 09:29:32,14950.0,20500,Buy,230444538
2024-08-09 09:29:32,14950.0,5000,Buy,230444537
2024-08-09 09:29:32,14950.0,2000,Buy,230444536
2024-08-09 09:29:32,14950.0,1300,Buy,230444535
2024-08-09 09:29:32,14950.0,500,Buy,230444534
2024-08-09 09:29:32,14950.0,300,Buy,230444533
2024-08-09 09:29:32,14950.0,3000,Buy,230444541
2024-08-09 09:29:32,14950.0,1000,Buy,230444532
2024-08-09 09:29:32,14950.0,300,Buy,230444530
2024-08-09 09:29:32,14950.0,500,Buy,230444529
2024-08-09 09:29:32,14950.0,500,Buy,230444528
2024-08-09 09:29:32,14950.0,1000,Buy,230444527
2024-08-09 09:29:32,14950.0,1000,Buy,230444526
2024-08-09 09:29:32,15000.0,200,Buy,230444567
2024-08-09 09:29:32,14950.0,100,Buy,230444524
2024-08-09 09:29:32,14950.0,27300,Buy,230444523
2024-08-09 09:29:32,14950.0,1000,Buy,230444531
2024-08-09 09:29:32,14950.0,2000,Buy,230444542
2024-08-09 09:29:32,14950.0,100,Buy,230444525
2024-08-09 09:29:32,14950.0,500,Buy,230444544
2024-08-09 09:29:32,14950.0,3000,Buy,230444543
2024-08-09 09:29:32,15000.0,100,Buy,230444564
2024-08-09 09:29:32,15000.0,200,Buy,230444562
2024-08-09 09:29:32,15000.0,100,Buy,230444561
2024-08-09 09:29:32,15000.0,500,Buy,230444560
2024-08-09 09:29:32,15000.0,100,Buy,230444559
2024-08-09 09:29:32,15000.0,100,Buy,230444558
2024-08-09 09:29:32,15000.0,300,Buy,230444557
2024-08-09 09:29:32,15000.0,1000,Buy,230444556
2024-08-09 09:29:32,15000.0,100,Buy,230444563
2024-08-09 09:29:32,15000.0,200,Buy,230444554
2024-08-09 09:29:32,15000.0,500,Buy,230444555
2024-08-09 09:29:32,14950.0,100,Buy,230444547
2024-08-09 09:29:32,14950.0,200,Buy,230444548
2024-08-09 09:29:32,14950.0,200,Buy,230444546
2024-08-09 09:29:32,14950.0,500,Buy,230444551
2024-08-09 09:29:32,14950.0,100,Buy,230444552
2024-08-09 09:29:32,14950.0,200,Buy,230444553
2024-08-09 09:29:32,14950.0,100,Buy,230444549
2024-08-09 09:29:32,14950.0,10000,Buy,230444545
2024-08-09 09:29:42,15000.0,1600,Buy,230444909
2024-08-09 09:29:42,15000.0,100,Buy,230444902
2024-08-09 09:29:42,15000.0,1500,Buy,230444908
2024-08-09 09:29:42,15000.0,100,Buy,230444906
2024-08-09 09:29:42,15000.0,1000,Buy,230444905
2024-08-09 09:29:42,15000.0,200,Buy,230444904
2024-08-09 09:29:42,15000.0,700,Buy,230444903
2024-08-09 09:29:42,15000.0,500,Buy,230444907
2024-08-09 09:29:42,15000.0,100,Buy,230444899
2024-08-09 09:29:42,15000.0,200,Buy,230444900
2024-08-09 09:29:42,15000.0,10100,Buy,230444893
2024-08-09 09:29:42,15000.0,100,Buy,230444894
2024-08-09 09:29:42,15000.0,200,Buy,230444901
2024-08-09 09:29:42,15000.0,1000,Buy,230444896
2024-08-09 09:29:42,15000.0,100,Buy,230444897
2024-08-09 09:29:42,15000.0,500,Buy,230444895
2024-08-09 09:29:42,15000.0,2000,Buy,230444898
2024-08-09 09:29:48,14950.0,600,Sell,230445059
2024-08-09 09:29:48,14950.0,2300,Sell,230445060
2024-08-09 09:29:51,14900.0,100,Sell,230445116
2024-08-09 09:30:10,14950.0,1000,Sell,230445578
2024-08-09 09:30:10,14950.0,400,Sell,230445579
2024-08-09 09:30:19,14950.0,100,Sell,230445734
2024-08-09 09:30:21,14950.0,100,Sell,230445768
2024-08-09 09:30:21,14950.0,100,Sell,230445769
2024-08-09 09:30:25,14950.0,100,Sell,230445868
2024-08-09 09:30:29,15000.0,900,Buy,230445957
2024-08-09 09:30:30,15000.0,1000,Buy,230445960
2024-08-09 09:30:30,15000.0,8100,Buy,230445961
2024-08-09 09:30:33,15000.0,13100,Buy,230446046
2024-08-09 09:30:33,15000.0,1500,Buy,230446047
2024-08-09 09:30:34,14950.0,19200,Sell,230446082
2024-08-09 09:30:34,14950.0,800,Sell,230446083
2024-08-09 09:30:42,15000.0,100,Buy,230446255
2024-08-09 09:30:49,14950.0,100,Sell,230446364
2024-08-09 09:30:51,14950.0,100,Sell,230446408
2024-08-09 09:31:24,14950.0,100,Sell,230447007
2024-08-09 09:31:30,14950.0,1000,Sell,230447149
2024-08-09 09:31:50,14950.0,1000,Sell,230447545
2024-08-09 09:31:56,14950.0,100,Sell,230447673
2024-08-09 09:31:57,15000.0,500,Buy,230447678
2024-08-09 09:31:58,14950.0,2000,Sell,230447705
2024-08-09 09:32:05,14950.0,100,Sell,230447856
2024-08-09 09:32:09,14950.0,100,Sell,230447928
2024-08-09 09:32:11,14950.0,100,Sell,230447979
2024-08-09 09:32:27,14950.0,100,Sell,230448273
2024-08-09 09:32:33,14950.0,100,Sell,230448369
2024-08-09 09:32:46,14950.0,10000,Sell,230448605
2024-08-09 09:32:46,14950.0,2000,Sell,230448606
2024-08-09 09:32:49,14950.0,1000,Sell,230448647
2024-08-09 09:32:57,14950.0,100,Sell,230448769
2024-08-09 09:32:58,14950.0,100,Sell,230448779
2024-08-09 09:33:01,14950.0,200,Sell,230448855
2024-08-09 09:33:15,15000.0,200,Buy,230449113
2024-08-09 09:33:17,14950.0,900,Sell,230449155
2024-08-09 09:33:17,14950.0,500,Sell,230449156
2024-08-09 09:33:17,14950.0,3600,Sell,230449157
2024-08-09 09:33:18,14950.0,1000,Sell,230449181
2024-08-09 09:33:27,14950.0,100,Sell,230449376
2024-08-09 09:33:27,14950.0,400,Sell,230449375
2024-08-09 09:33:30,14950.0,100,Sell,230449432
2024-08-09 09:33:40,14950.0,1000,Sell,230449583
2024-08-09 09:33:44,15000.0,7700,Buy,230449652
2024-08-09 09:33:44,15000.0,5000,Buy,230449653
2024-08-09 09:33:44,15000.0,200,Buy,230449654
2024-08-09 09:33:44,15000.0,100,Buy,230449655
2024-08-09 09:33:44,15000.0,200,Buy,230449656
2024-08-09 09:33:44,15000.0,2000,Buy,230449657
2024-08-09 09:33:44,15000.0,100,Buy,230449658
2024-08-09 09:33:44,15000.0,1800,Buy,230449659
2024-08-09 09:33:44,15000.0,1000,Buy,230449660
2024-08-09 09:33:44,15000.0,600,Buy,230449661
2024-08-09 09:33:51,15000.0,8500,Buy,230449804
2024-08-09 09:33:51,15000.0,100,Buy,230449799
2024-08-09 09:33:51,15000.0,1000,Buy,230449801
2024-08-09 09:33:51,15000.0,1000,Buy,230449800
2024-08-09 09:33:51,15000.0,300,Buy,230449798
2024-08-09 09:33:51,15000.0,10000,Buy,230449803
2024-08-09 09:33:51,15000.0,200,Buy,230449796
2024-08-09 09:33:51,15000.0,100,Buy,230449797
2024-08-09 09:33:51,15000.0,400,Buy,230449792
2024-08-09 09:33:51,15000.0,100,Buy,230449793
2024-08-09 09:33:51,15000.0,1000,Buy,230449802
2024-08-09 09:33:51,15000.0,8800,Buy,230449794
2024-08-09 09:33:51,15000.0,100,Buy,230449795
2024-08-09 09:33:52,15000.0,1000,Buy,230449812
2024-08-09 09:34:01,14950.0,100,Sell,230449972
2024-08-09 09:34:09,15000.0,3000,Buy,230450082
2024-08-09 09:34:14,15000.0,1000,Buy,230450180
2024-08-09 09:34:14,15000.0,300,Buy,230450179
2024-08-09 09:34:14,15000.0,100,Buy,230450178
2024-08-09 09:34:14,15000.0,300,Buy,230450177
2024-08-09 09:34:14,15000.0,800,Buy,230450167
2024-08-09 09:34:14,15000.0,1000,Buy,230450175
2024-08-09 09:34:14,15000.0,100,Buy,230450174
2024-08-09 09:34:14,15000.0,200,Buy,230450173
2024-08-09 09:34:14,15000.0,300,Buy,230450172
2024-08-09 09:34:14,15000.0,1000,Buy,230450171
2024-08-09 09:34:14,15000.0,500,Buy,230450170
2024-08-09 09:34:14,15000.0,3000,Buy,230450168
2024-08-09 09:34:14,15000.0,200,Buy,230450176
2024-08-09 09:34:14,15000.0,500,Buy,230450169
2024-08-09 09:34:14,15000.0,1100,Buy,230450164
2024-08-09 09:34:14,15000.0,7500,Buy,230450153
2024-08-09 09:34:14,15000.0,800,Buy,230450154
2024-08-09 09:34:14,15000.0,1600,Buy,230450165
2024-08-09 09:34:14,15000.0,200,Buy,230450156
2024-08-09 09:34:14,15000.0,100,Buy,230450157
2024-08-09 09:34:14,15000.0,1000,Buy,230450158
2024-08-09 09:34:14,15000.0,5000,Buy,230450155
2024-08-09 09:34:14,15000.0,1700,Buy,230450160
2024-08-09 09:34:14,15000.0,3000,Buy,230450161
2024-08-09 09:34:14,15000.0,1000,Buy,230450162
2024-08-09 09:34:14,15000.0,100,Buy,230450163
2024-08-09 09:34:14,15000.0,100,Buy,230450159
2024-08-09 09:34:14,15000.0,500,Buy,230450166
2024-08-09 09:34:23,15050.0,100,Buy,230450337
2024-08-09 09:34:25,15000.0,100,Sell,230450377
2024-08-09 09:34:29,15000.0,500,Sell,230450444
2024-08-09 09:34:30,15000.0,2000,Sell,230450460
2024-08-09 09:34:31,15000.0,100,Sell,230450483
2024-08-09 09:34:33,15000.0,100,Sell,230450545
2024-08-09 09:34:33,15000.0,200,Sell,230450546
2024-08-09 09:34:35,15000.0,100,Sell,230450578
2024-08-09 09:34:37,15000.0,200,Sell,230450610
2024-08-09 09:34:43,15000.0,1000,Sell,230450692
2024-08-09 09:34:48,15000.0,300,Sell,230450817
2024-08-09 09:34:49,15000.0,100,Sell,230450839
2024-08-09 09:34:50,15000.0,200,Sell,230450855
2024-08-09 09:34:51,15000.0,300,Sell,230450874
2024-08-09 09:35:00,15000.0,5000,Sell,230451004
2024-08-09 09:35:02,15000.0,3000,Sell,230451044
2024-08-09 09:35:02,15000.0,1000,Sell,230451045
2024-08-09 09:35:02,15000.0,1000,Sell,230451046
2024-08-09 09:35:02,15000.0,800,Sell,230451043
2024-08-09 09:35:04,14950.0,100,Sell,230451082
2024-08-09 09:35:37,14950.0,100,Sell,230451704
2024-08-09 09:35:45,15000.0,500,Buy,230451834
2024-08-09 09:35:52,15000.0,1000,Buy,230451971
2024-08-09 09:35:53,14950.0,300,Sell,230452002
2024-08-09 09:36:09,14950.0,100,Sell,230452257
2024-08-09 09:36:41,14950.0,100,Sell,230452886
2024-08-09 09:36:52,14950.0,1800,Sell,230453072
2024-08-09 09:37:01,14950.0,100,Sell,230453214
2024-08-09 09:37:01,14950.0,500,Sell,230453226
2024-08-09 09:37:10,14950.0,3500,Sell,230453351
2024-08-09 09:37:13,14950.0,100,Sell,230453392
2024-08-09 09:37:30,15000.0,100,Buy,230453689
2024-08-09 09:37:33,14950.0,500,Sell,230453744
2024-08-09 09:37:45,14950.0,100,Sell,230453976
2024-08-09 09:38:05,14950.0,200,Sell,230454444
2024-08-09 09:38:18,14950.0,100,Sell,230454641
2024-08-09 09:38:50,14950.0,100,Sell,230455237
2024-08-09 09:39:05,14950.0,200,Sell,230455482
2024-08-09 09:39:06,14950.0,300,Sell,230455489
2024-08-09 09:39:12,14950.0,500,Sell,230455615
2024-08-09 09:39:12,14950.0,100,Sell,230455616
2024-08-09 09:39:12,14950.0,300,Sell,230455618
2024-08-09 09:39:12,14950.0,5000,Sell,230455619
2024-08-09 09:39:12,14950.0,100,Sell,230455617
2024-08-09 09:39:22,14950.0,100,Sell,230455748
2024-08-09 09:39:28,14950.0,2900,Sell,230455856
2024-08-09 09:39:28,14950.0,200,Sell,230455857
2024-08-09 09:39:28,14950.0,200,Sell,230455858
2024-08-09 09:39:28,14950.0,1700,Sell,230455859
2024-08-09 09:39:29,14950.0,100,Sell,230455866
2024-08-09 09:39:32,14950.0,300,Sell,230455918
2024-08-09 09:39:32,14950.0,200,Sell,230455917
2024-08-09 09:39:33,14950.0,200,Sell,230455949
2024-08-09 09:39:33,14950.0,100,Sell,230455950
2024-08-09 09:39:52,14950.0,100,Sell,230456186
2024-08-09 09:39:53,14950.0,100,Sell,230456203
2024-08-09 09:39:54,14950.0,100,Sell,230456210
2024-08-09 09:39:56,14950.0,1000,Sell,230456230
2024-08-09 09:40:06,14950.0,100,Sell,230456450
2024-08-09 09:40:07,14950.0,300,Sell,230456470
2024-08-09 09:40:10,14950.0,300,Sell,230456503
2024-08-09 09:40:19,14950.0,100,Sell,230456664
2024-08-09 09:40:22,14950.0,100,Sell,230456713
2024-08-09 09:40:35,14950.0,100,Sell,230457041
2024-08-09 09:40:38,14950.0,200,Sell,230457084
2024-08-09 09:40:54,14950.0,100,Sell,230457311
2024-08-09 09:41:09,14950.0,100,Sell,230457550
2024-08-09 09:41:13,14950.0,1000,Sell,230457611
2024-08-09 09:41:25,14950.0,200,Sell,230457735
2024-08-09 09:41:26,14950.0,100,Sell,230457739
2024-08-09 09:41:29,14950.0,100,Sell,230457798
2024-08-09 09:41:32,14950.0,100,Sell,230457888
2024-08-09 09:41:49,14950.0,100,Sell,230458154
2024-08-09 09:41:53,14950.0,2700,Sell,230458230
2024-08-09 09:41:53,14950.0,2300,Sell,230458235
2024-08-09 09:41:53,14950.0,3000,Sell,230458234
2024-08-09 09:41:53,14950.0,5800,Sell,230458229
2024-08-09 09:41:53,14950.0,200,Sell,230458232
2024-08-09 09:41:53,14950.0,3000,Sell,230458231
2024-08-09 09:41:53,14950.0,1000,Sell,230458233
2024-08-09 09:41:55,14950.0,600,Sell,230458246
2024-08-09 09:41:57,14950.0,100,Sell,230458288
2024-08-09 09:41:59,14950.0,1000,Sell,230458347
2024-08-09 09:42:00,14950.0,1000,Sell,230458372
2024-08-09 09:42:06,15000.0,100,Buy,230458470
2024-08-09 09:42:27,15000.0,200,Buy,230458770
2024-08-09 09:42:27,14950.0,100,Sell,230458771
2024-08-09 09:42:32,15000.0,100,Buy,230458862
2024-08-09 09:42:41,15000.0,1700,Buy,230459060
2024-08-09 09:42:53,15000.0,3500,Buy,230459237
2024-08-09 09:42:53,15000.0,2700,Buy,230459238
2024-08-09 09:42:59,14950.0,100,Sell,230459358
2024-08-09 09:43:01,15000.0,100,Buy,230459413
2024-08-09 09:43:09,14950.0,500,Sell,230459518
2024-08-09 09:43:22,15000.0,100,Buy,230459713
2024-08-09 09:43:22,15000.0,2600,Buy,230459715
2024-08-09 09:43:22,15000.0,200,Buy,230459712
2024-08-09 09:43:22,15000.0,100,Buy,230459714
2024-08-09 09:43:31,14950.0,100,Sell,230459854
2024-08-09 09:43:41,14900.0,1000,Sell,230460036
2024-08-09 09:43:41,14900.0,5000,Sell,230460037
2024-08-09 09:43:41,14900.0,5000,Sell,230460038
2024-08-09 09:43:41,14900.0,8300,Sell,230460039
2024-08-09 09:43:41,14900.0,500,Sell,230460040
2024-08-09 09:43:41,14900.0,1300,Sell,230460041
2024-08-09 09:43:41,14900.0,5000,Sell,230460042
2024-08-09 09:43:41,14900.0,2500,Sell,230460043
2024-08-09 09:43:41,14900.0,100,Sell,230460044
2024-08-09 09:43:41,14900.0,2000,Sell,230460045
2024-08-09 09:43:41,14900.0,1000,Sell,230460046
2024-08-09 09:43:41,14900.0,100,Sell,230460047
2024-08-09 09:43:41,14900.0,1000,Sell,230460048
2024-08-09 09:43:41,14900.0,5000,Sell,230460051
2024-08-09 09:43:41,14900.0,100,Sell,230460052
2024-08-09 09:43:41,14900.0,100,Sell,230460053
2024-08-09 09:43:41,14900.0,34000,Sell,230460054
2024-08-09 09:43:41,14900.0,300,Sell,230460055
2024-08-09 09:43:41,14900.0,100,Sell,230460056
2024-08-09 09:43:41,14900.0,100,Sell,230460035
2024-08-09 09:43:41,14900.0,20000,Sell,230460034
2024-08-09 09:43:41,14900.0,1000,Sell,230460050
2024-08-09 09:43:41,14900.0,1000,Sell,230460032
2024-08-09 09:43:41,14900.0,200,Sell,230460033
2024-08-09 09:43:41,14950.0,14200,Sell,230460011
2024-08-09 09:43:41,14950.0,20000,Sell,230460012
2024-08-09 09:43:41,14950.0,2100,Sell,230460013
2024-08-09 09:43:41,14950.0,600,Sell,230460014
2024-08-09 09:43:41,14950.0,1000,Sell,230460015
2024-08-09 09:43:41,14950.0,10000,Sell,230460016
2024-08-09 09:43:41,14950.0,200,Sell,230460017
2024-08-09 09:43:41,14950.0,100,Sell,230460018
2024-08-09 09:43:41,14950.0,2000,Sell,230460019
2024-08-09 09:43:41,14950.0,200,Sell,230460020
2024-08-09 09:43:41,14900.0,3400,Sell,230460049
2024-08-09 09:43:41,14950.0,100,Sell,230460022
2024-08-09 09:43:41,14950.0,1000,Sell,230460023
2024-08-09 09:43:41,14950.0,1000,Sell,230460021
2024-08-09 09:43:41,14950.0,2000,Sell,230460024
2024-08-09 09:43:41,14950.0,100,Sell,230460025
2024-08-09 09:43:41,14950.0,10000,Sell,230460026
2024-08-09 09:43:41,14950.0,300,Sell,230460027
2024-08-09 09:43:41,14900.0,300,Sell,230460028
2024-08-09 09:43:41,14900.0,5000,Sell,230460029
2024-08-09 09:43:41,14900.0,20000,Sell,230460030
2024-08-09 09:43:41,14900.0,20000,Sell,230460031
2024-08-09 09:43:53,14900.0,100,Buy,230460223
2024-08-09 09:43:55,14900.0,500,Buy,230460254
2024-08-09 09:43:56,14900.0,11100,Buy,230460259
2024-08-09 09:43:59,14900.0,600,Sell,230460314
2024-08-09 09:43:59,14900.0,400,Sell,230460315
2024-08-09 09:44:03,14900.0,100,Sell,230460398
2024-08-09 09:44:31,14900.0,600,Sell,230460894
2024-08-09 09:44:32,14900.0,3000,Sell,230460901
2024-08-09 09:44:36,14900.0,100,Sell,230460934
2024-08-09 09:44:56,14900.0,5000,Sell,230461263
2024-08-09 09:44:56,14900.0,100,Sell,230461262
2024-08-09 09:44:56,14900.0,10000,Sell,230461261
2024-08-09 09:44:56,14900.0,10000,Sell,230461260
2024-08-09 09:44:56,14900.0,100,Sell,230461259
2024-08-09 09:44:56,14900.0,20000,Sell,230461257
2024-08-09 09:44:56,14900.0,200,Sell,230461256
2024-08-09 09:44:56,14900.0,500,Sell,230461258
2024-08-09 09:44:56,14900.0,6000,Sell,230461254
2024-08-09 09:44:56,14900.0,20000,Sell,230461255
2024-08-09 09:44:56,14900.0,5800,Sell,230461247
2024-08-09 09:44:56,14900.0,10000,Sell,230461248
2024-08-09 09:44:56,14900.0,2000,Sell,230461249
2024-08-09 09:44:56,14900.0,800,Sell,230461250
2024-08-09 09:44:56,14900.0,200,Sell,230461251
2024-08-09 09:44:56,14900.0,5000,Sell,230461252
2024-08-09 09:44:56,14900.0,3000,Sell,230461253
2024-08-09 09:45:08,14900.0,1300,Buy,230461424
2024-08-09 09:45:09,14900.0,100,Sell,230461426
2024-08-09 09:45:28,14950.0,100,Buy,230461726
2024-08-09 09:45:40,14900.0,100,Sell,230461998
2024-08-09 09:45:42,14900.0,30000,Sell,230462029
2024-08-09 09:45:57,14900.0,100,Sell,230462275
2024-08-09 09:46:10,14900.0,100,Sell,230462561
2024-08-09 09:46:16,14900.0,8000,Sell,230462631
2024-08-09 09:46:16,14950.0,2100,Buy,230462628
2024-08-09 09:46:16,14950.0,100,Buy,230462627
2024-08-09 09:46:16,14950.0,4300,Buy,230462629
2024-08-09 09:46:17,14950.0,100,Buy,230462643
2024-08-09 09:46:17,14950.0,100,Buy,230462644
2024-08-09 09:46:17,14950.0,5000,Buy,230462645
2024-08-09 09:46:17,14950.0,11700,Buy,230462642
2024-08-09 09:46:30,14950.0,100,Sell,230462860
2024-08-09 09:46:32,14950.0,1000,Sell,230462894
2024-08-09 09:46:42,14950.0,100,Sell,230463087
2024-08-09 09:46:50,14950.0,3100,Sell,230463219
2024-08-09 09:46:50,14950.0,1900,Sell,230463218
2024-08-09 09:47:15,14950.0,100,Sell,230463760
2024-08-09 09:47:48,14950.0,100,Sell,230464442
2024-08-09 09:47:57,14950.0,4500,Sell,230464623
2024-08-09 09:48:03,14950.0,1000,Sell,230464742
2024-08-09 09:48:20,14950.0,100,Sell,230465090
2024-08-09 09:48:32,14950.0,500,Sell,230465323
2024-08-09 09:48:50,14950.0,100,Sell,230465650
2024-08-09 09:48:53,14950.0,1000,Sell,230465704
2024-08-09 09:48:57,14950.0,8300,Sell,230465773
2024-08-09 09:49:07,14950.0,300,Sell,230465952
2024-08-09 09:49:18,14950.0,500,Sell,230466308
2024-08-09 09:49:23,14950.0,100,Sell,230466391
2024-08-09 09:49:42,14950.0,200,Sell,230466751
2024-08-09 09:49:55,14950.0,100,Sell,230467011
2024-08-09 09:50:00,14950.0,100,Sell,230467140
2024-08-09 09:50:18,14950.0,300,Sell,230467506
2024-08-09 09:50:25,14950.0,100,Sell,230467701
2024-08-09 09:50:26,14950.0,100,Sell,230467725
2024-08-09 09:50:30,14950.0,400,Sell,230467857
2024-08-09 09:50:31,15000.0,500,Buy,230467866
2024-08-09 09:50:46,15000.0,5000,Buy,230468234
2024-08-09 09:50:47,15000.0,1000,Buy,230468241
2024-08-09 09:50:50,15000.0,900,Buy,230468326
2024-08-09 09:50:50,15000.0,1000,Buy,230468327
2024-08-09 09:50:50,15000.0,100,Buy,230468328
2024-08-09 09:50:58,14950.0,100,Sell,230468598
2024-08-09 09:51:05,15000.0,300,Buy,230468744
2024-08-09 09:51:05,15000.0,200,Buy,230468743
2024-08-09 09:51:05,15000.0,100,Buy,230468741
2024-08-09 09:51:05,15000.0,200,Buy,230468742
2024-08-09 09:51:05,15000.0,500,Buy,230468739
2024-08-09 09:51:05,15000.0,1200,Buy,230468738
2024-08-09 09:51:05,15000.0,400,Buy,230468737
2024-08-09 09:51:05,15000.0,1000,Buy,230468740
2024-08-09 09:51:22,15000.0,400,Buy,230469176
2024-08-09 09:51:29,14950.0,100,Sell,230469340
2024-08-09 09:51:54,15000.0,1000,Buy,230469896
2024-08-09 09:51:54,15000.0,100,Buy,230469895
2024-08-09 09:51:54,15000.0,1000,Buy,230469894
2024-08-09 09:51:54,15000.0,1000,Buy,230469893
2024-08-09 09:51:54,15000.0,600,Buy,230469892
2024-08-09 09:51:54,15000.0,1000,Buy,230469891
2024-08-09 09:51:54,15000.0,100,Buy,230469890
2024-08-09 09:51:54,15000.0,100,Buy,230469888
2024-08-09 09:51:54,15000.0,100,Buy,230469897
2024-08-09 09:51:54,15000.0,7000,Buy,230469887
2024-08-09 09:51:54,15000.0,500,Buy,230469886
2024-08-09 09:51:54,15000.0,100,Buy,230469885
2024-08-09 09:51:54,15000.0,200,Buy,230469882
2024-08-09 09:51:54,15000.0,1000,Buy,230469884
2024-08-09 09:51:54,15000.0,20000,Buy,230469883
2024-08-09 09:51:54,15000.0,5000,Buy,230469889
2024-08-09 09:51:54,15000.0,100,Buy,230469898
2024-08-09 09:51:54,15000.0,700,Buy,230469901
2024-08-09 09:51:54,15000.0,1300,Buy,230469900
2024-08-09 09:51:54,15000.0,3100,Buy,230469916
2024-08-09 09:51:54,15000.0,1000,Buy,230469915
2024-08-09 09:51:54,15000.0,300,Buy,230469914
2024-08-09 09:51:54,15000.0,300,Buy,230469913
2024-08-09 09:51:54,15000.0,6000,Buy,230469912
2024-08-09 09:51:54,15000.0,1000,Buy,230469911
2024-08-09 09:51:54,15000.0,2000,Buy,230469910
2024-08-09 09:51:54,15000.0,2000,Buy,230469909
2024-08-09 09:51:54,15000.0,300,Buy,230469908
2024-08-09 09:51:54,15000.0,1700,Buy,230469907
2024-08-09 09:51:54,15000.0,500,Buy,230469906
2024-08-09 09:51:54,15000.0,300,Buy,230469905
2024-08-09 09:51:54,15000.0,400,Buy,230469904
2024-08-09 09:51:54,15000.0,100,Buy,230469903
2024-08-09 09:51:54,15000.0,1000,Buy,230469902
2024-08-09 09:51:54,15000.0,30000,Buy,230469899
2024-08-09 09:51:54,15000.0,2000,Buy,230469881
2024-08-09 09:51:54,15000.0,20000,Buy,230469876
2024-08-09 09:51:54,15000.0,300,Buy,230469879
2024-08-09 09:51:54,15000.0,10000,Buy,230469856
2024-08-09 09:51:54,15000.0,10000,Buy,230469855
2024-08-09 09:51:54,15000.0,1000,Buy,230469854
2024-08-09 09:51:54,15000.0,300,Buy,230469853
2024-08-09 09:51:54,15000.0,400,Buy,230469852
2024-08-09 09:51:54,15000.0,7000,Buy,230469851
2024-08-09 09:51:54,15000.0,3000,Buy,230469850
2024-08-09 09:51:54,15000.0,100,Buy,230469849
2024-08-09 09:51:54,15000.0,500,Buy,230469848
2024-08-09 09:51:54,15000.0,300,Buy,230469847
2024-08-09 09:51:54,15000.0,300,Buy,230469846
2024-08-09 09:51:54,15000.0,2000,Buy,230469845
2024-08-09 09:51:54,15000.0,1000,Buy,230469844
2024-08-09 09:51:54,15000.0,2300,Buy,230469843
2024-08-09 09:51:54,15000.0,100,Buy,230469880
2024-08-09 09:51:54,15000.0,100,Buy,230469857
2024-08-09 09:51:54,15000.0,20000,Buy,230469858
2024-08-09 09:51:54,15000.0,600,Buy,230469875
2024-08-09 09:51:54,15000.0,500,Buy,230469860
2024-08-09 09:51:54,15000.0,200,Buy,230469877
2024-08-09 09:51:54,15000.0,100,Buy,230469859
2024-08-09 09:51:54,15000.0,3000,Buy,230469874
2024-08-09 09:51:54,15000.0,1200,Buy,230469873
2024-08-09 09:51:54,15000.0,200,Buy,230469872
2024-08-09 09:51:54,15000.0,1000,Buy,230469871
2024-08-09 09:51:54,15000.0,2000,Buy,230469870
2024-08-09 09:51:54,15000.0,5000,Buy,230469878
2024-08-09 09:51:54,15000.0,5000,Buy,230469868
2024-08-09 09:51:54,15000.0,1000,Buy,230469867
2024-08-09 09:51:54,15000.0,200,Buy,230469866
2024-08-09 09:51:54,15000.0,300,Buy,230469864
2024-08-09 09:51:54,15000.0,2000,Buy,230469863
2024-08-09 09:51:54,15000.0,100,Buy,230469862
2024-08-09 09:51:54,15000.0,1000,Buy,230469861
2024-08-09 09:51:54,15000.0,5000,Buy,230469869
2024-08-09 09:51:56,15000.0,100,Buy,230469947
2024-08-09 09:51:56,15000.0,1000,Buy,230469946
2024-08-09 09:51:56,15000.0,1000,Buy,230469945
2024-08-09 09:51:56,15000.0,500,Buy,230469944
2024-08-09 09:51:56,15000.0,300,Buy,230469943
2024-08-09 09:51:56,15000.0,500,Buy,230469942
2024-08-09 09:51:56,15000.0,6900,Buy,230469941
2024-08-09 09:52:01,15000.0,100,Sell,230470076
2024-08-09 09:52:06,15050.0,500,Buy,230470226
2024-08-09 09:52:06,15050.0,100,Buy,230470224
2024-08-09 09:52:06,15050.0,600,Buy,230470223
2024-08-09 09:52:06,15050.0,200,Buy,230470222
2024-08-09 09:52:06,15050.0,1000,Buy,230470221
2024-08-09 09:52:06,15050.0,200,Buy,230470225
2024-08-09 09:52:06,15050.0,100,Buy,230470219
2024-08-09 09:52:06,15050.0,500,Buy,230470218
2024-08-09 09:52:06,15050.0,1000,Buy,230470217
2024-08-09 09:52:06,15050.0,300,Buy,230470216
2024-08-09 09:52:06,15050.0,100,Buy,230470215
2024-08-09 09:52:06,15050.0,20100,Buy,230470220
2024-08-09 09:52:07,15050.0,300,Buy,230470269
2024-08-09 09:52:07,15050.0,1000,Buy,230470270
2024-08-09 09:52:07,15050.0,100,Buy,230470271
2024-08-09 09:52:07,15050.0,100,Buy,230470272
2024-08-09 09:52:07,15050.0,10000,Buy,230470273
2024-08-09 09:52:07,15050.0,3000,Buy,230470275
2024-08-09 09:52:07,15050.0,10000,Buy,230470276
2024-08-09 09:52:07,15050.0,5000,Buy,230470277
2024-08-09 09:52:07,15050.0,300,Buy,230470278
2024-08-09 09:52:07,15050.0,1000,Buy,230470279
2024-08-09 09:52:07,15050.0,100,Buy,230470282
2024-08-09 09:52:07,15050.0,100,Buy,230470281
2024-08-09 09:52:07,15050.0,500,Buy,230470283
2024-08-09 09:52:07,15050.0,1200,Buy,230470284
2024-08-09 09:52:07,15050.0,100,Buy,230470285
2024-08-09 09:52:07,15050.0,100,Buy,230470286
2024-08-09 09:52:07,15050.0,100,Buy,230470287
2024-08-09 09:52:07,15050.0,100,Buy,230470288
2024-08-09 09:52:07,15050.0,100,Buy,230470291
2024-08-09 09:52:07,15050.0,1000,Buy,230470292
2024-08-09 09:52:07,15050.0,5000,Buy,230470268
2024-08-09 09:52:07,15050.0,100,Buy,230470280
2024-08-09 09:52:07,15050.0,100,Buy,230470267
2024-08-09 09:52:07,15050.0,20000,Buy,230470274
2024-08-09 09:52:07,15050.0,500,Buy,230470265
2024-08-09 09:52:07,15050.0,5500,Buy,230470266
2024-08-09 09:52:07,15050.0,300,Buy,230470243
2024-08-09 09:52:07,15050.0,1000,Buy,230470244
2024-08-09 09:52:07,15050.0,500,Buy,230470246
2024-08-09 09:52:07,15050.0,200,Buy,230470247
2024-08-09 09:52:07,15050.0,100,Buy,230470248
2024-08-09 09:52:07,15050.0,200,Buy,230470249
2024-08-09 09:52:07,15050.0,5000,Buy,230470250
2024-08-09 09:52:07,15050.0,2000,Buy,230470251
2024-08-09 09:52:07,15050.0,20000,Buy,230470252
2024-08-09 09:52:07,15050.0,700,Buy,230470253
2024-08-09 09:52:07,15050.0,100,Buy,230470245
2024-08-09 09:52:07,15050.0,5000,Buy,230470255
2024-08-09 09:52:07,15050.0,300,Buy,230470263
2024-08-09 09:52:07,15050.0,1000,Buy,230470254
2024-08-09 09:52:07,15050.0,100,Buy,230470261
2024-08-09 09:52:07,15050.0,900,Buy,230470260
2024-08-09 09:52:07,15050.0,10000,Buy,230470262
2024-08-09 09:52:07,15050.0,100,Buy,230470259
2024-08-09 09:52:07,15050.0,5000,Buy,230470258
2024-08-09 09:52:07,15050.0,500,Buy,230470257
2024-08-09 09:52:07,15050.0,2000,Buy,230470256
2024-08-09 09:52:07,15050.0,600,Buy,230470264
2024-08-09 09:52:17,15100.0,500,Buy,230470539
2024-08-09 09:52:17,15100.0,100,Buy,230470532
2024-08-09 09:52:17,15100.0,600,Buy,230470538
2024-08-09 09:52:17,15100.0,100,Buy,230470537
2024-08-09 09:52:17,15100.0,100,Buy,230470536
2024-08-09 09:52:17,15100.0,300,Buy,230470535
2024-08-09 09:52:17,15100.0,500,Buy,230470534
2024-08-09 09:52:17,15100.0,2000,Buy,230470533
2024-08-09 09:52:17,15100.0,200,Buy,230470540
2024-08-09 09:52:17,15100.0,500,Buy,230470529
2024-08-09 09:52:17,15100.0,1000,Buy,230470530
2024-08-09 09:52:17,15100.0,1000,Buy,230470528
2024-08-09 09:52:17,15100.0,30000,Buy,230470527
2024-08-09 09:52:17,15100.0,400,Buy,230470526
2024-08-09 09:52:17,15100.0,10000,Buy,230470525
2024-08-09 09:52:17,15100.0,100,Buy,230470524
2024-08-09 09:52:17,15100.0,200,Buy,230470541
2024-08-09 09:52:17,15100.0,1000,Buy,230470523
2024-08-09 09:52:17,15100.0,1000,Buy,230470531
2024-08-09 09:52:17,15100.0,600,Buy,230470542
2024-08-09 09:52:17,15100.0,100,Buy,230470555
2024-08-09 09:52:17,15100.0,2000,Buy,230470544
2024-08-09 09:52:17,15100.0,8000,Buy,230470522
2024-08-09 09:52:17,15100.0,1900,Buy,230470566
2024-08-09 09:52:17,15100.0,7500,Buy,230470563
2024-08-09 09:52:17,15100.0,1000,Buy,230470562
2024-08-09 09:52:17,15100.0,300,Buy,230470561
2024-08-09 09:52:17,15100.0,5000,Buy,230470560
2024-08-09 09:52:17,15100.0,6200,Buy,230470559
2024-08-09 09:52:17,15100.0,5000,Buy,230470558
2024-08-09 09:52:17,15100.0,200,Buy,230470543
2024-08-09 09:52:17,15100.0,5000,Buy,230470556
2024-08-09 09:52:17,15100.0,300,Buy,230470552
2024-08-09 09:52:17,15100.0,1000,Buy,230470551
2024-08-09 09:52:17,15100.0,500,Buy,230470550
2024-08-09 09:52:17,15100.0,100,Buy,230470549
2024-08-09 09:52:17,15100.0,200,Buy,230470548
2024-08-09 09:52:17,15100.0,1400,Buy,230470547
2024-08-09 09:52:17,15100.0,200,Buy,230470546
2024-08-09 09:52:17,15100.0,1000,Buy,230470545
2024-08-09 09:52:17,15100.0,5000,Buy,230470554
2024-08-09 09:52:17,15100.0,100,Buy,230470521
2024-08-09 09:52:17,15100.0,100,Buy,230470557
2024-08-09 09:52:17,15100.0,500,Buy,230470519
2024-08-09 09:52:17,15100.0,100,Buy,230470495
2024-08-09 09:52:17,15100.0,1000,Buy,230470494
2024-08-09 09:52:17,15100.0,1000,Buy,230470493
2024-08-09 09:52:17,15100.0,1000,Buy,230470492
2024-08-09 09:52:17,15100.0,300,Buy,230470491
2024-08-09 09:52:17,15100.0,200,Buy,230470490
2024-08-09 09:52:17,15100.0,300,Buy,230470489
2024-08-09 09:52:17,15100.0,100,Buy,230470488
2024-08-09 09:52:17,15100.0,200,Buy,230470487
2024-08-09 09:52:17,15100.0,500,Buy,230470486
2024-08-09 09:52:17,15100.0,100,Buy,230470485
2024-08-09 09:52:17,15100.0,200,Buy,230470484
2024-08-09 09:52:17,15100.0,100,Buy,230470483
2024-08-09 09:52:17,15100.0,100,Buy,230470482
2024-08-09 09:52:17,15100.0,100,Buy,230470481
2024-08-09 09:52:17,15100.0,300,Buy,230470480
2024-08-09 09:52:17,15100.0,500,Buy,230470479
2024-08-09 09:52:17,15100.0,24700,Buy,230470478
2024-08-09 09:52:17,15100.0,100,Buy,230470520
2024-08-09 09:52:17,15100.0,5000,Buy,230470496
2024-08-09 09:52:17,15100.0,1000,Buy,230470497
2024-08-09 09:52:17,15100.0,300,Buy,230470553
2024-08-09 09:52:17,15100.0,2000,Buy,230470499
2024-08-09 09:52:17,15100.0,3000,Buy,230470517
2024-08-09 09:52:17,15100.0,100,Buy,230470516
2024-08-09 09:52:17,15100.0,1000,Buy,230470515
2024-08-09 09:52:17,15100.0,2000,Buy,230470514
2024-08-09 09:52:17,15100.0,25100,Buy,230470513
2024-08-09 09:52:17,15100.0,500,Buy,230470512
2024-08-09 09:52:17,15100.0,2500,Buy,230470511
2024-08-09 09:52:17,15100.0,300,Buy,230470510
2024-08-09 09:52:17,15100.0,100,Buy,230470509
2024-08-09 09:52:17,15100.0,300,Buy,230470518
2024-08-09 09:52:17,15100.0,100,Buy,230470507
2024-08-09 09:52:17,15100.0,100,Buy,230470498
2024-08-09 09:52:17,15100.0,200,Buy,230470506
2024-08-09 09:52:17,15100.0,300,Buy,230470505
2024-08-09 09:52:17,15100.0,200,Buy,230470504
2024-08-09 09:52:17,15100.0,2000,Buy,230470503
2024-08-09 09:52:17,15100.0,100,Buy,230470502
2024-08-09 09:52:17,15100.0,1000,Buy,230470501
2024-08-09 09:52:17,15100.0,20000,Buy,230470500
2024-08-09 09:52:17,15100.0,1000,Buy,230470508
2024-08-09 09:52:20,15050.0,100,Sell,230470607
2024-08-09 09:52:23,15100.0,100,Buy,230470691
2024-08-09 09:52:34,15050.0,100,Sell,230470904
2024-08-09 09:52:36,15100.0,1000,Buy,230470942
2024-08-09 09:52:49,15050.0,100,Sell,230471387
2024-08-09 09:53:04,15050.0,200,Sell,230471917
2024-08-09 09:53:06,15050.0,100,Sell,230471951
2024-08-09 09:53:21,15050.0,100,Sell,230472425
2024-08-09 09:53:22,15050.0,300,Sell,230472439
2024-08-09 09:53:22,15050.0,500,Sell,230472440
2024-08-09 09:53:22,15050.0,3500,Sell,230472441
2024-08-09 09:53:22,15050.0,700,Sell,230472442
2024-08-09 09:53:26,15050.0,300,Sell,230472658
2024-08-09 09:53:26,15050.0,700,Sell,230472659
2024-08-09 09:53:26,15050.0,4000,Sell,230472660
2024-08-09 09:53:27,15050.0,200,Sell,230472718
2024-08-09 09:53:27,15050.0,1000,Sell,230472717
2024-08-09 09:53:27,15050.0,5000,Sell,230472716
2024-08-09 09:53:36,15000.0,100,Sell,230472959
2024-08-09 09:53:39,15050.0,3800,Buy,230473045
2024-08-09 09:53:40,15050.0,1200,Sell,230473069
2024-08-09 09:53:41,15050.0,300,Buy,230473076
2024-08-09 09:53:48,15050.0,300,Sell,230473234
2024-08-09 09:53:49,15050.0,10000,Sell,230473256
2024-08-09 09:53:56,15100.0,300,Buy,230473475
2024-08-09 09:54:02,15050.0,1000,Sell,230473648
2024-08-09 09:54:09,15050.0,100,Sell,230473787
2024-08-09 09:54:33,15050.0,300,Sell,230474288
2024-08-09 09:54:38,15050.0,1000,Sell,230474413
2024-08-09 09:54:41,15050.0,100,Sell,230474470
2024-08-09 09:54:43,15100.0,1000,Buy,230474513
2024-08-09 09:54:52,15050.0,100,Sell,230474698
2024-08-09 09:55:03,15100.0,100,Buy,230474993
2024-08-09 09:55:12,15050.0,100,Sell,230475505
2024-08-09 09:55:24,15050.0,600,Sell,230475843
2024-08-09 09:55:42,15050.0,100,Sell,230476342
2024-08-09 09:55:55,15100.0,100,Buy,230476703
2024-08-09 09:56:06,15100.0,100,Buy,230477094
2024-08-09 09:56:07,15050.0,2000,Sell,230477160
2024-08-09 09:56:09,15050.0,1000,Sell,230477257
2024-08-09 09:56:13,15050.0,100,Sell,230477373
2024-08-09 09:56:31,15050.0,1000,Sell,230477907
2024-08-09 09:56:44,15050.0,100,Sell,230478244
2024-08-09 09:56:50,15050.0,500,Sell,230478429
2024-08-09 09:56:54,15050.0,1000,Sell,230478519
2024-08-09 09:56:55,15050.0,1000,Sell,230478535
2024-08-09 09:57:01,15050.0,9300,Sell,230478726
2024-08-09 09:57:01,15050.0,2000,Sell,230478728
2024-08-09 09:57:01,15050.0,500,Sell,230478729
2024-08-09 09:57:01,15050.0,100,Sell,230478730
2024-08-09 09:57:01,15050.0,4100,Sell,230478731
2024-08-09 09:57:14,15050.0,100,Sell,230479023
2024-08-09 09:57:18,15050.0,500,Sell,230479146
2024-08-09 09:57:23,15050.0,1000,Sell,230479260
2024-08-09 09:57:34,15050.0,1000,Sell,230479565
2024-08-09 09:57:43,15050.0,1000,Sell,230479726
2024-08-09 09:57:44,15050.0,300,Sell,230479752
2024-08-09 09:57:47,15050.0,100,Sell,230479806
2024-08-09 09:57:54,15050.0,100,Sell,230479960
2024-08-09 09:57:55,15050.0,300,Sell,230479977
2024-08-09 09:58:07,15050.0,5000,Sell,230480319
2024-08-09 09:58:18,15050.0,100,Sell,230480618
2024-08-09 09:58:21,15100.0,1500,Buy,230480699
2024-08-09 09:58:22,15050.0,500,Sell,230480716
2024-08-09 09:58:34,15100.0,500,Buy,230480984
2024-08-09 09:58:37,15100.0,500,Buy,230481063
2024-08-09 09:58:45,15050.0,20000,Sell,230481245
2024-08-09 09:58:46,15100.0,100,Buy,230481268
2024-08-09 09:58:51,15050.0,100,Sell,230481398
2024-08-09 09:58:52,15050.0,1000,Sell,230481415
2024-08-09 09:58:59,15100.0,100,Buy,230481627
2024-08-09 09:59:10,15050.0,8000,Sell,230482042
2024-08-09 09:59:20,15050.0,100,Sell,230482264
2024-08-09 09:59:24,15050.0,100,Sell,230482339
2024-08-09 09:59:27,15050.0,500,Sell,230482393
2024-08-09 09:59:27,15050.0,1900,Sell,230482389
2024-08-09 09:59:28,15050.0,100,Sell,230482410
2024-08-09 09:59:31,15050.0,300,Sell,230482465
2024-08-09 09:59:46,15050.0,200,Sell,230483008
2024-08-09 09:59:48,15050.0,1500,Sell,230483079
2024-08-09 09:59:48,15050.0,100,Sell,230483078
2024-08-09 09:59:48,15050.0,200,Sell,230483077
2024-08-09 09:59:48,15050.0,4000,Sell,230483075
2024-08-09 09:59:48,15050.0,500,Sell,230483074
2024-08-09 09:59:48,15050.0,100,Sell,230483076
2024-08-09 09:59:48,15050.0,3600,Sell,230483072
2024-08-09 09:59:49,15050.0,500,Sell,230483099
2024-08-09 09:59:52,15050.0,500,Sell,230483159
2024-08-09 09:59:53,15050.0,500,Sell,230483163
2024-08-09 09:59:55,15050.0,100,Sell,230483202
2024-08-09 09:59:56,15050.0,5000,Sell,230483213
2024-08-09 09:59:56,15050.0,500,Sell,230483218
2024-08-09 09:59:57,15050.0,600,Sell,230483275
2024-08-09 09:59:57,15050.0,400,Sell,230483276
2024-08-09 09:59:57,15050.0,100,Sell,230483284
2024-08-09 09:59:57,15050.0,700,Sell,230483295
2024-08-09 09:59:58,15050.0,100,Sell,230483312
2024-08-09 09:59:58,15050.0,200,Sell,230483311
2024-08-09 09:59:58,15050.0,300,Sell,230483315
2024-08-09 09:59:58,15050.0,500,Sell,230483317
2024-08-09 09:59:58,15050.0,5000,Sell,230483314
2024-08-09 09:59:58,15050.0,100,Sell,230483310
2024-08-09 09:59:58,15050.0,1000,Sell,230483313
2024-08-09 09:59:58,15050.0,200,Sell,230483308
2024-08-09 09:59:58,15050.0,1200,Sell,230483309
2024-08-09 09:59:58,15050.0,800,Sell,230483303
2024-08-09 09:59:58,15050.0,5000,Sell,230483304
2024-08-09 09:59:58,15050.0,5000,Sell,230483307
2024-08-09 09:59:58,15050.0,600,Sell,230483306
2024-08-09 09:59:58,15050.0,500,Sell,230483305
2024-08-09 10:00:00,15050.0,2400,Sell,230483341
2024-08-09 10:00:00,15050.0,100,Sell,230483342
2024-08-09 10:00:00,15050.0,500,Sell,230483343
2024-08-09 10:00:00,15050.0,2000,Sell,230483344
2024-08-09 10:00:01,15050.0,200,Sell,230483361
2024-08-09 10:00:05,15050.0,100,Sell,230483410
2024-08-09 10:00:05,15050.0,100,Sell,230483412
2024-08-09 10:00:07,15050.0,100,Sell,230483449
2024-08-09 10:00:07,15050.0,700,Sell,230483448
2024-08-09 10:00:07,15050.0,300,Sell,230483447
2024-08-09 10:00:07,15050.0,300,Sell,230483450
2024-08-09 10:00:07,15050.0,3500,Sell,230483445
2024-08-09 10:00:07,15050.0,200,Sell,230483444
2024-08-09 10:00:07,15050.0,200,Sell,230483443
2024-08-09 10:00:07,15050.0,100,Sell,230483446
2024-08-09 10:00:07,15050.0,600,Sell,230483442
2024-08-09 10:00:25,15000.0,100,Sell,230483877
2024-08-09 10:00:27,15000.0,200,Sell,230483949
2024-08-09 10:00:32,15000.0,100,Sell,230484144
2024-08-09 10:00:35,15050.0,4100,Buy,230484215
2024-08-09 10:00:35,15000.0,100,Sell,230484214
2024-08-09 10:00:40,15050.0,5000,Buy,230484286
2024-08-09 10:00:55,15000.0,100,Sell,230484649
2024-08-09 10:01:13,15000.0,100,Sell,230485015
2024-08-09 10:01:24,15000.0,1000,Sell,230485243
2024-08-09 10:01:28,15000.0,100,Sell,230485358
2024-08-09 10:01:32,15050.0,100,Buy,230485447
2024-08-09 10:01:36,15050.0,100,Buy,230485517
2024-08-09 10:01:57,15000.0,200,Sell,230486032
2024-08-09 10:02:00,15000.0,100,Sell,230486161
2024-08-09 10:02:07,15000.0,600,Sell,230486338
2024-08-09 10:02:21,15000.0,1000,Sell,230486615
2024-08-09 10:02:33,15000.0,100,Sell,230486863
2024-08-09 10:02:37,15000.0,100,Sell,230486930
2024-08-09 10:02:42,15000.0,900,Sell,230487016
2024-08-09 10:02:42,15000.0,4100,Sell,230487017
2024-08-09 10:02:46,15000.0,1000,Sell,230487130
2024-08-09 10:03:02,15000.0,1500,Sell,230487397
2024-08-09 10:03:05,15000.0,100,Sell,230487481
2024-08-09 10:03:21,15000.0,3300,Sell,230487751
2024-08-09 10:03:21,15000.0,5000,Sell,230487752
2024-08-09 10:03:21,15000.0,1400,Sell,230487753
2024-08-09 10:03:21,15000.0,300,Sell,230487754
2024-08-09 10:03:21,15050.0,1000,Buy,230487763
2024-08-09 10:03:36,15000.0,100,Sell,230488065
2024-08-09 10:03:47,15000.0,100,Sell,230488289
2024-08-09 10:04:08,15050.0,200,Buy,230488716
2024-08-09 10:04:08,15000.0,100,Sell,230488736
2024-08-09 10:04:16,15000.0,400,Sell,230488905
2024-08-09 10:04:16,15000.0,400,Sell,230488903
2024-08-09 10:04:16,15000.0,200,Sell,230488904
2024-08-09 10:04:25,15000.0,800,Sell,230489029
2024-08-09 10:04:25,15000.0,200,Sell,230489030
2024-08-09 10:04:31,15000.0,1000,Sell,230489123
2024-08-09 10:04:41,15000.0,100,Sell,230489463
2024-08-09 10:04:42,15000.0,3000,Sell,230489489
2024-08-09 10:04:57,15050.0,4000,Buy,230489797
2024-08-09 10:05:12,15000.0,100,Sell,230490094
2024-08-09 10:05:17,15050.0,100,Buy,230490205
2024-08-09 10:05:22,15050.0,500,Buy,230490314
2024-08-09 10:05:24,15050.0,1000,Buy,230490375
2024-08-09 10:05:43,15000.0,100,Sell,230490874
2024-08-09 10:06:00,15000.0,300,Sell,230491189
2024-08-09 10:06:13,15000.0,1500,Sell,230491531
2024-08-09 10:06:13,15000.0,1300,Sell,230491532
2024-08-09 10:06:13,15000.0,200,Sell,230491530
2024-08-09 10:06:15,15000.0,100,Sell,230491568
2024-08-09 10:06:28,15000.0,500,Sell,230491800
2024-08-09 10:06:39,15000.0,1100,Sell,230492071
2024-08-09 10:06:39,15000.0,200,Sell,230492072
2024-08-09 10:06:42,15000.0,3000,Sell,230492131
2024-08-09 10:06:45,15000.0,100,Sell,230492195
2024-08-09 10:07:00,15000.0,100,Sell,230492484
2024-08-09 10:07:13,15000.0,1000,Sell,230492770
2024-08-09 10:07:17,15000.0,100,Sell,230492866
2024-08-09 10:07:43,15000.0,100,Sell,230493543
2024-08-09 10:07:43,15000.0,100,Sell,230493550
2024-08-09 10:07:44,15000.0,500,Sell,230493573
2024-08-09 10:07:48,15000.0,100,Sell,230493663
2024-08-09 10:08:07,15000.0,1000,Sell,230494092
2024-08-09 10:08:15,15000.0,500,Sell,230494237
2024-08-09 10:08:16,15000.0,100,Sell,230494251
2024-08-09 10:08:20,15000.0,1000,Sell,230494341
2024-08-09 10:08:20,15000.0,100,Sell,230494345
2024-08-09 10:08:30,15000.0,1000,Sell,230494567
2024-08-09 10:08:46,15000.0,200,Sell,230494953
2024-08-09 10:08:48,15000.0,300,Sell,230495050
2024-08-09 10:08:51,15000.0,100,Sell,230495082
2024-08-09 10:08:53,15000.0,100,Sell,230495108
2024-08-09 10:08:57,15000.0,4700,Sell,230495239
2024-08-09 10:08:57,15000.0,300,Sell,230495238
2024-08-09 10:09:01,15000.0,200,Sell,230495337
2024-08-09 10:09:14,15050.0,5000,Buy,230495575
2024-08-09 10:09:24,15000.0,100,Sell,230495746
2024-08-09 10:09:47,15000.0,200,Sell,230496156
2024-08-09 10:09:47,15000.0,100,Sell,230496155
2024-08-09 10:09:55,15000.0,100,Sell,230496314
2024-08-09 10:10:19,15000.0,200,Sell,230496814
2024-08-09 10:10:19,15000.0,300,Sell,230496815
2024-08-09 10:10:26,15000.0,100,Sell,230496929
2024-08-09 10:10:45,15000.0,1400,Sell,230497311
2024-08-09 10:10:45,15000.0,300,Sell,230497313
2024-08-09 10:10:45,15000.0,100,Sell,230497314
2024-08-09 10:10:45,15000.0,200,Sell,230497312
2024-08-09 10:10:47,15000.0,200,Sell,230497327
2024-08-09 10:10:51,15000.0,100,Sell,230497432
2024-08-09 10:10:56,15000.0,100,Sell,230497526
2024-08-09 10:11:00,15000.0,500,Sell,230497590
2024-08-09 10:11:03,15000.0,1200,Sell,230497776
2024-08-09 10:11:03,15000.0,300,Sell,230497775
2024-08-09 10:11:03,15000.0,100,Sell,230497773
2024-08-09 10:11:03,15000.0,100,Sell,230497774
2024-08-09 10:11:18,15050.0,100,Buy,230498135
2024-08-09 10:11:23,15000.0,2000,Sell,230498222
2024-08-09 10:11:27,15000.0,100,Sell,230498268
2024-08-09 10:11:29,15050.0,13000,Buy,230498304
2024-08-09 10:11:29,15000.0,5000,Sell,230498307
2024-08-09 10:11:35,15000.0,300,Sell,230498412
2024-08-09 10:11:43,15000.0,500,Sell,230498566
2024-08-09 10:11:48,15000.0,100,Sell,230498651
2024-08-09 10:11:48,15000.0,900,Sell,230498650
2024-08-09 10:11:50,15000.0,300,Sell,230498702
2024-08-09 10:11:50,15000.0,200,Sell,230498703
2024-08-09 10:11:56,15000.0,200,Sell,230498819
2024-08-09 10:12:00,15000.0,300,Sell,230498894
2024-08-09 10:12:00,15000.0,100,Sell,230498886
2024-08-09 10:12:00,15000.0,200,Sell,230498893
2024-08-09 10:12:03,15000.0,200,Sell,230498935
2024-08-09 10:12:11,15000.0,5000,Sell,230499082
2024-08-09 10:12:19,15000.0,1000,Sell,230499201
2024-08-09 10:12:19,15000.0,800,Sell,230499190
2024-08-09 10:12:19,15000.0,100,Sell,230499196
2024-08-09 10:12:23,15000.0,1000,Sell,230499250
2024-08-09 10:12:25,15000.0,300,Sell,230499280
2024-08-09 10:12:25,15000.0,200,Sell,230499281
2024-08-09 10:12:25,15000.0,5000,Sell,230499282
2024-08-09 10:12:25,15000.0,200,Sell,230499283
2024-08-09 10:12:25,15000.0,3000,Sell,230499284
2024-08-09 10:12:25,15000.0,1000,Sell,230499285
2024-08-09 10:12:25,15000.0,200,Sell,230499286
2024-08-09 10:12:25,15000.0,600,Sell,230499287
2024-08-09 10:12:25,15000.0,400,Sell,230499288
2024-08-09 10:12:25,15000.0,500,Sell,230499289
2024-08-09 10:12:25,15000.0,1000,Sell,230499290
2024-08-09 10:12:25,15000.0,1000,Sell,230499291
2024-08-09 10:12:25,15000.0,1000,Sell,230499292
2024-08-09 10:12:25,15000.0,2000,Sell,230499293
2024-08-09 10:12:25,15000.0,1600,Sell,230499279
2024-08-09 10:12:26,15000.0,300,Sell,230499310
2024-08-09 10:12:31,15050.0,1000,Buy,230499433
2024-08-09 10:12:32,15000.0,100,Sell,230499467
2024-08-09 10:12:41,15000.0,100,Sell,230499706
2024-08-09 10:12:41,15000.0,200,Sell,230499705
2024-08-09 10:12:41,15000.0,1000,Sell,230499701
2024-08-09 10:12:41,15000.0,100,Sell,230499703
2024-08-09 10:12:41,15000.0,100,Sell,230499702
2024-08-09 10:12:41,15000.0,1500,Sell,230499704
2024-08-09 10:12:43,15000.0,900,Sell,230499731
2024-08-09 10:12:43,15000.0,500,Sell,230499732
2024-08-09 10:12:43,15000.0,3000,Sell,230499734
2024-08-09 10:12:43,15000.0,300,Sell,230499735
2024-08-09 10:12:43,15000.0,300,Sell,230499733
2024-08-09 10:12:44,15000.0,100,Sell,230499737
2024-08-09 10:12:45,15000.0,1000,Sell,230499753
2024-08-09 10:12:46,15000.0,2600,Sell,230499757
2024-08-09 10:12:46,15000.0,2400,Sell,230499758
2024-08-09 10:12:47,15000.0,5000,Sell,230499779
2024-08-09 10:12:55,15000.0,1000,Sell,230499910
2024-08-09 10:13:03,15000.0,100,Sell,230500033
2024-08-09 10:13:06,15000.0,100,Sell,230500093
2024-08-09 10:13:06,15000.0,3000,Sell,230500086
2024-08-09 10:13:06,15000.0,300,Sell,230500092
2024-08-09 10:13:17,15000.0,3200,Sell,230500315
2024-08-09 10:13:22,15000.0,2500,Sell,230500368
2024-08-09 10:13:31,15000.0,500,Sell,230500524
2024-08-09 10:13:31,15000.0,5000,Sell,230500523
2024-08-09 10:13:31,15000.0,15600,Sell,230500522
2024-08-09 10:13:31,15000.0,200,Sell,230500521
2024-08-09 10:13:31,15000.0,2000,Sell,230500512
2024-08-09 10:13:31,15000.0,1000,Sell,230500519
2024-08-09 10:13:31,15000.0,200,Sell,230500518
2024-08-09 10:13:31,15000.0,300,Sell,230500517
2024-08-09 10:13:31,15000.0,200,Sell,230500516
2024-08-09 10:13:31,15000.0,200,Sell,230500515
2024-08-09 10:13:31,15000.0,100,Sell,230500514
2024-08-09 10:13:31,15000.0,1000,Sell,230500513
2024-08-09 10:13:31,15000.0,10000,Sell,230500520
2024-08-09 10:13:31,15000.0,500,Sell,230500510
2024-08-09 10:13:31,15000.0,5000,Sell,230500509
2024-08-09 10:13:31,15000.0,2400,Sell,230500497
2024-08-09 10:13:31,15000.0,2000,Sell,230500498
2024-08-09 10:13:31,15000.0,1000,Sell,230500499
2024-08-09 10:13:31,15000.0,10000,Sell,230500500
2024-08-09 10:13:31,15000.0,300,Sell,230500511
2024-08-09 10:13:31,15000.0,200,Sell,230500502
2024-08-09 10:13:31,15000.0,500,Sell,230500501
2024-08-09 10:13:31,15000.0,100,Sell,230500504
2024-08-09 10:13:31,15000.0,1000,Sell,230500505
2024-08-09 10:13:31,15000.0,2000,Sell,230500506
2024-08-09 10:13:31,15000.0,100,Sell,230500507
2024-08-09 10:13:31,15000.0,500,Sell,230500508
2024-08-09 10:13:31,15000.0,5000,Sell,230500503
2024-08-09 10:13:33,14950.0,100,Sell,230500568
2024-08-09 10:14:06,14950.0,100,Sell,230501056
2024-08-09 10:14:16,14950.0,900,Sell,230501218
2024-08-09 10:14:31,14950.0,200,Sell,230501472
2024-08-09 10:14:36,14950.0,100,Sell,230501568
2024-08-09 10:15:07,14950.0,100,Sell,230502057
2024-08-09 10:15:38,14950.0,100,Sell,230502583
2024-08-09 10:15:43,14950.0,5000,Sell,230502671
2024-08-09 10:15:48,14950.0,10000,Sell,230502728
2024-08-09 10:16:00,14950.0,400,Sell,230502918
2024-08-09 10:16:08,15000.0,1000,Buy,230503003
2024-08-09 10:16:11,14950.0,100,Sell,230503032
2024-08-09 10:16:27,14950.0,1000,Sell,230503317
2024-08-09 10:16:30,14950.0,700,Sell,230503380
2024-08-09 10:16:30,14950.0,300,Sell,230503381
2024-08-09 10:16:43,14950.0,100,Sell,230503581
2024-08-09 10:16:44,14950.0,100,Sell,230503584
2024-08-09 10:16:57,14950.0,5600,Sell,230503791
2024-08-09 10:16:57,14950.0,1000,Sell,230503790
2024-08-09 10:16:57,14950.0,300,Sell,230503789
2024-08-09 10:16:57,14950.0,200,Sell,230503788
2024-08-09 10:16:57,14950.0,100,Sell,230503787
2024-08-09 10:16:57,14950.0,100,Sell,230503786
2024-08-09 10:16:57,14950.0,300,Sell,230503784
2024-08-09 10:16:57,14950.0,800,Sell,230503785
2024-08-09 10:16:57,14950.0,800,Sell,230503782
2024-08-09 10:16:57,14950.0,500,Sell,230503781
2024-08-09 10:16:57,14950.0,500,Sell,230503780
2024-08-09 10:16:57,14950.0,1000,Sell,230503779
2024-08-09 10:16:57,14950.0,20000,Sell,230503778
2024-08-09 10:16:57,14950.0,200,Sell,230503777
2024-08-09 10:16:57,14950.0,19500,Sell,230503776
2024-08-09 10:16:57,14950.0,100,Sell,230503783
2024-08-09 10:17:02,14950.0,3400,Sell,230503856
2024-08-09 10:17:12,14950.0,100,Sell,230503950
2024-08-09 10:17:15,14950.0,200,Sell,230504019
2024-08-09 10:17:15,14950.0,9700,Sell,230504023
2024-08-09 10:17:15,14950.0,5000,Sell,230504022
2024-08-09 10:17:15,14950.0,1000,Sell,230504021
2024-08-09 10:17:15,14950.0,2000,Sell,230504020
2024-08-09 10:17:15,14950.0,100,Sell,230504018
2024-08-09 10:17:15,14950.0,100,Sell,230504025
2024-08-09 10:17:15,14950.0,10000,Sell,230504016
2024-08-09 10:17:15,14950.0,10900,Sell,230504010
2024-08-09 10:17:15,14950.0,5000,Sell,230504011
2024-08-09 10:17:15,14950.0,1900,Sell,230504012
2024-08-09 10:17:15,14950.0,32000,Sell,230504017
2024-08-09 10:17:15,14950.0,200,Sell,230504014
2024-08-09 10:17:15,14950.0,20000,Sell,230504015
2024-08-09 10:17:15,14950.0,2000,Sell,230504013
2024-08-09 10:17:18,14950.0,100,Sell,230504081
2024-08-09 10:17:18,14950.0,100,Sell,230504080
2024-08-09 10:17:18,14950.0,500,Sell,230504079
2024-08-09 10:17:18,14950.0,100,Sell,230504078
2024-08-09 10:17:18,14950.0,2000,Sell,230504077
2024-08-09 10:17:18,14950.0,100,Sell,230504076
2024-08-09 10:17:18,14950.0,500,Sell,230504075
2024-08-09 10:17:18,14950.0,100,Sell,230504072
2024-08-09 10:17:18,14950.0,200,Sell,230504071
2024-08-09 10:17:18,14950.0,1000,Sell,230504070
2024-08-09 10:17:18,14950.0,7200,Sell,230504069
2024-08-09 10:17:18,14950.0,1000,Sell,230504074
2024-08-09 10:17:18,14950.0,1000,Sell,230504073
2024-08-09 10:17:26,14950.0,500,Buy,230504181
2024-08-09 10:17:38,14950.0,400,Buy,230504350
2024-08-09 10:17:48,14900.0,100,Sell,230504478
2024-08-09 10:18:04,14950.0,500,Buy,230504785
2024-08-09 10:18:08,14950.0,900,Buy,230504852
2024-08-09 10:18:18,14950.0,3000,Buy,230504972
2024-08-09 10:18:18,14900.0,100,Sell,230504976
2024-08-09 10:18:20,14950.0,5300,Buy,230505001
2024-08-09 10:18:20,14950.0,1300,Buy,230505002
2024-08-09 10:18:20,14950.0,500,Buy,230505003
2024-08-09 10:18:20,14950.0,200,Buy,230505004
2024-08-09 10:18:20,14950.0,100,Buy,230505005
2024-08-09 10:18:20,14950.0,5000,Buy,230505006
2024-08-09 10:18:20,14950.0,3000,Buy,230505007
2024-08-09 10:18:44,14950.0,100,Sell,230505338
2024-08-09 10:18:50,14950.0,100,Sell,230505456
2024-08-09 10:19:13,14950.0,1000,Sell,230505799
2024-08-09 10:19:22,14950.0,100,Sell,230505932
2024-08-09 10:19:52,14950.0,100,Sell,230506363
2024-08-09 10:20:23,14950.0,100,Sell,230506898
2024-08-09 10:20:29,14950.0,1000,Sell,230506985
2024-08-09 10:20:53,14950.0,100,Sell,230507306
2024-08-09 10:21:00,14950.0,60100,Sell,230507417
2024-08-09 10:21:00,14950.0,1000,Sell,230507415
2024-08-09 10:21:00,14950.0,15200,Sell,230507418
2024-08-09 10:21:00,14950.0,1000,Sell,230507416
2024-08-09 10:21:00,14950.0,2000,Sell,230507412
2024-08-09 10:21:00,14950.0,33000,Sell,230507414
2024-08-09 10:21:00,14950.0,3000,Sell,230507413
2024-08-09 10:21:06,14950.0,10000,Sell,230507504
2024-08-09 10:21:24,14950.0,100,Sell,230507779
2024-08-09 10:21:40,14950.0,100,Sell,230508024
2024-08-09 10:21:44,14950.0,100,Sell,230508082
2024-08-09 10:21:57,14950.0,100,Sell,230508375
2024-08-09 10:21:57,14950.0,100,Sell,230508377
2024-08-09 10:22:29,14950.0,100,Sell,230508834
2024-08-09 10:22:44,14950.0,500,Sell,230509053
2024-08-09 10:23:00,14950.0,100,Sell,230509283
2024-08-09 10:23:06,14950.0,500,Sell,230509346
2024-08-09 10:23:30,14950.0,100,Sell,230509675
2024-08-09 10:24:03,14950.0,100,Sell,230510412
2024-08-09 10:24:33,14950.0,1000,Sell,230510883
2024-08-09 10:24:34,14950.0,100,Sell,230510915
2024-08-09 10:24:43,14950.0,100,Sell,230511052
2024-08-09 10:24:44,14950.0,400,Sell,230511060
2024-08-09 10:24:48,14950.0,200,Sell,230511113
2024-08-09 10:25:05,14950.0,100,Sell,230511366
2024-08-09 10:25:35,14950.0,100,Sell,230511884
2024-08-09 10:25:50,14950.0,500,Sell,230512121
2024-08-09 10:26:06,14950.0,100,Sell,230512481
2024-08-09 10:26:07,14950.0,100,Sell,230512485
2024-08-09 10:26:18,14950.0,3000,Sell,230512655
2024-08-09 10:26:39,14950.0,100,Sell,230513026
2024-08-09 10:26:49,14950.0,100,Sell,230513365
2024-08-09 10:26:56,14950.0,2000,Sell,230513431
2024-08-09 10:27:11,14950.0,100,Sell,230513837
2024-08-09 10:27:43,14950.0,100,Sell,230514405
2024-08-09 10:28:05,14950.0,5000,Sell,230514728
2024-08-09 10:28:14,14950.0,100,Sell,230514837
2024-08-09 10:28:15,14950.0,4000,Sell,230514848
2024-08-09 10:28:37,14950.0,1000,Sell,230515121
2024-08-09 10:28:38,14950.0,300,Sell,230515158
2024-08-09 10:28:46,14950.0,100,Sell,230515259
2024-08-09 10:28:52,14950.0,100,Sell,230515369
2024-08-09 10:28:55,14950.0,4000,Sell,230515387
2024-08-09 10:29:00,14950.0,200,Sell,230515458
2024-08-09 10:29:00,14950.0,800,Sell,230515459
2024-08-09 10:29:04,14950.0,100,Sell,230515489
2024-08-09 10:29:17,14950.0,100,Sell,230515658
2024-08-09 10:29:24,14950.0,500,Sell,230515770
2024-08-09 10:29:27,15000.0,300,Buy,230515806
2024-08-09 10:29:39,15000.0,500,Buy,230516007
2024-08-09 10:29:39,15000.0,500,Buy,230516008
2024-08-09 10:29:39,15000.0,5000,Buy,230516009
2024-08-09 10:29:39,15000.0,200,Buy,230516010
2024-08-09 10:29:39,15000.0,1000,Buy,230516011
2024-08-09 10:29:39,15000.0,800,Buy,230516012
2024-08-09 10:29:48,14950.0,100,Sell,230516166
2024-08-09 10:30:04,15000.0,300,Buy,230516419
2024-08-09 10:30:09,14950.0,100,Sell,230516490
2024-08-09 10:30:21,14950.0,100,Sell,230516640
2024-08-09 10:30:35,14950.0,100,Sell,230516785
2024-08-09 10:30:54,14950.0,100,Sell,230517096
2024-08-09 10:30:56,14950.0,500,Sell,230517114
2024-08-09 10:31:01,14950.0,200,Sell,230517168
2024-08-09 10:31:02,14950.0,100,Sell,230517174
2024-08-09 10:31:27,14950.0,100,Sell,230517450
2024-08-09 10:31:46,14950.0,1000,Sell,230517708
2024-08-09 10:31:59,14950.0,100,Sell,230517828
2024-08-09 10:32:01,14950.0,100,Sell,230517854
2024-08-09 10:32:32,14950.0,100,Sell,230518310
2024-08-09 10:32:40,14950.0,1000,Sell,230518377
2024-08-09 10:33:01,14950.0,1000,Sell,230518641
2024-08-09 10:33:04,14950.0,100,Sell,230518679
2024-08-09 10:33:07,14950.0,8000,Sell,230518709
2024-08-09 10:33:27,14950.0,1000,Sell,230518985
2024-08-09 10:33:34,14950.0,100,Sell,230519054
2024-08-09 10:33:55,14950.0,100,Sell,230519272
2024-08-09 10:33:55,14950.0,1100,Sell,230519273
2024-08-09 10:33:55,14950.0,600,Sell,230519270
2024-08-09 10:33:55,14950.0,100,Sell,230519271
2024-08-09 10:34:07,14950.0,100,Sell,230519389
2024-08-09 10:34:18,15000.0,1000,Buy,230519552
2024-08-09 10:34:24,14950.0,2000,Sell,230519623
2024-08-09 10:34:30,15000.0,400,Buy,230519694
2024-08-09 10:34:39,14950.0,100,Sell,230519865
2024-08-09 10:35:03,14950.0,100,Sell,230520188
2024-08-09 10:35:11,14950.0,100,Sell,230520303
2024-08-09 10:35:42,14950.0,100,Sell,230520744
2024-08-09 10:35:58,14950.0,5000,Sell,230520934
2024-08-09 10:36:02,14950.0,700,Sell,230520969
2024-08-09 10:36:12,14950.0,100,Sell,230521095
2024-08-09 10:36:43,14950.0,1000,Sell,230521490
2024-08-09 10:36:45,14950.0,100,Sell,230521501
2024-08-09 10:37:12,15000.0,400,Buy,230521848
2024-08-09 10:37:16,14950.0,100,Sell,230521925
2024-08-09 10:37:36,14950.0,1500,Sell,230522176
2024-08-09 10:37:40,14950.0,7000,Sell,230522245
2024-08-09 10:37:42,14950.0,200,Sell,230522277
2024-08-09 10:37:47,14950.0,100,Sell,230522333
2024-08-09 10:37:51,14950.0,500,Sell,230522372
2024-08-09 10:38:10,14950.0,12400,Sell,230522602
2024-08-09 10:38:18,14950.0,100,Sell,230522730
2024-08-09 10:38:24,14950.0,1000,Sell,230522818
2024-08-09 10:38:30,14950.0,2100,Sell,230522900
2024-08-09 10:38:34,14950.0,1100,Sell,230522950
2024-08-09 10:38:36,14950.0,1000,Sell,230522967
2024-08-09 10:38:50,14950.0,100,Sell,230523142
2024-08-09 10:39:14,14950.0,1000,Sell,230523443
2024-08-09 10:39:22,14950.0,100,Sell,230523555
2024-08-09 10:39:31,14950.0,100,Sell,230523710
2024-08-09 10:39:47,14950.0,300,Sell,230524006
2024-08-09 10:39:54,14950.0,100,Sell,230524130
2024-08-09 10:40:27,14950.0,100,Sell,230524627
2024-08-09 10:40:33,15000.0,100,Buy,230524713
2024-08-09 10:40:46,14950.0,100,Sell,230524891
2024-08-09 10:40:58,14950.0,100,Sell,230525115
2024-08-09 10:41:16,15000.0,100,Buy,230525450
2024-08-09 10:41:19,15000.0,500,Buy,230525489
2024-08-09 10:41:20,14950.0,1000,Sell,230525492
2024-08-09 10:41:29,14950.0,100,Sell,230525693
2024-08-09 10:41:39,14950.0,100,Sell,230525883
2024-08-09 10:41:56,15000.0,100,Buy,230526185
2024-08-09 10:41:59,14950.0,100,Sell,230526254
2024-08-09 10:42:09,15000.0,2500,Buy,230526365
2024-08-09 10:42:30,15000.0,100,Buy,230526797
2024-08-09 10:42:30,14950.0,100,Sell,230526798
2024-08-09 10:42:33,15000.0,1700,Buy,230526834
2024-08-09 10:42:33,15000.0,200,Buy,230526835
2024-08-09 10:42:33,15000.0,100,Buy,230526836
2024-08-09 10:42:42,15000.0,50000,Buy,230526969
2024-08-09 10:42:53,15000.0,100,Buy,230527127
2024-08-09 10:42:53,15000.0,1900,Buy,230527125
2024-08-09 10:42:53,15000.0,1000,Buy,230527126
2024-08-09 10:43:02,14950.0,100,Sell,230527254
2024-08-09 10:43:07,15000.0,10200,Buy,230527344
2024-08-09 10:43:07,15000.0,100,Buy,230527346
2024-08-09 10:43:07,15000.0,1000,Buy,230527347
2024-08-09 10:43:07,15000.0,100,Buy,230527348
2024-08-09 10:43:07,15000.0,1000,Buy,230527349
2024-08-09 10:43:07,15000.0,1600,Buy,230527350
2024-08-09 10:43:07,15000.0,2000,Buy,230527351
2024-08-09 10:43:07,15000.0,700,Buy,230527352
2024-08-09 10:43:07,15000.0,300,Buy,230527353
2024-08-09 10:43:07,15000.0,500,Buy,230527354
2024-08-09 10:43:07,15000.0,600,Buy,230527355
2024-08-09 10:43:07,15000.0,1000,Buy,230527356
2024-08-09 10:43:07,15000.0,300,Buy,230527357
2024-08-09 10:43:07,15000.0,1000,Buy,230527343
2024-08-09 10:43:07,15000.0,500,Buy,230527361
2024-08-09 10:43:07,15000.0,200,Buy,230527362
2024-08-09 10:43:07,15000.0,1000,Buy,230527363
2024-08-09 10:43:07,15000.0,200,Buy,230527364
2024-08-09 10:43:07,15000.0,100,Buy,230527365
2024-08-09 10:43:07,15000.0,1000,Buy,230527366
2024-08-09 10:43:07,15000.0,2400,Buy,230527367
2024-08-09 10:43:07,15000.0,5000,Buy,230527368
2024-08-09 10:43:07,15000.0,1000,Buy,230527369
2024-08-09 10:43:07,15000.0,200,Buy,230527370
2024-08-09 10:43:07,15000.0,200,Buy,230527371
2024-08-09 10:43:07,15000.0,9400,Buy,230527372
2024-08-09 10:43:07,15000.0,200,Buy,230527360
2024-08-09 10:43:07,15000.0,100,Buy,230527342
2024-08-09 10:43:07,15000.0,500,Buy,230527359
2024-08-09 10:43:07,15000.0,1000,Buy,230527340
2024-08-09 10:43:07,15000.0,5000,Buy,230527341
2024-08-09 10:43:07,15000.0,400,Buy,230527312
2024-08-09 10:43:07,15000.0,1600,Buy,230527313
2024-08-09 10:43:07,15000.0,100,Buy,230527314
2024-08-09 10:43:07,15000.0,100,Buy,230527315
2024-08-09 10:43:07,15000.0,100,Buy,230527316
2024-08-09 10:43:07,15000.0,100,Buy,230527317
2024-08-09 10:43:07,15000.0,10000,Buy,230527318
2024-08-09 10:43:07,15000.0,100,Buy,230527319
2024-08-09 10:43:07,15000.0,100,Buy,230527320
2024-08-09 10:43:07,15000.0,10000,Buy,230527321
2024-08-09 10:43:07,15000.0,1000,Buy,230527322
2024-08-09 10:43:07,15000.0,200,Buy,230527323
2024-08-09 10:43:07,15000.0,1000,Buy,230527324
2024-08-09 10:43:07,15000.0,7100,Buy,230527325
2024-08-09 10:43:07,15000.0,100,Buy,230527358
2024-08-09 10:43:07,15000.0,10000,Buy,230527326
2024-08-09 10:43:07,15000.0,200,Buy,230527339
2024-08-09 10:43:07,15000.0,2000,Buy,230527338
2024-08-09 10:43:07,15000.0,3000,Buy,230527337
2024-08-09 10:43:07,15000.0,100,Buy,230527336
2024-08-09 10:43:07,15000.0,200,Buy,230527334
2024-08-09 10:43:07,15000.0,400,Buy,230527333
2024-08-09 10:43:07,15000.0,100,Buy,230527335
2024-08-09 10:43:07,15000.0,1000,Buy,230527331
2024-08-09 10:43:07,15000.0,500,Buy,230527330
2024-08-09 10:43:07,15000.0,1000,Buy,230527329
2024-08-09 10:43:07,15000.0,500,Buy,230527328
2024-08-09 10:43:07,15000.0,100,Buy,230527327
2024-08-09 10:43:07,15000.0,500,Buy,230527332
2024-08-09 10:43:11,15000.0,500,Buy,230527434
2024-08-09 10:43:12,15000.0,300,Buy,230527467
2024-08-09 10:43:12,15000.0,3000,Buy,230527470
2024-08-09 10:43:12,15000.0,2000,Buy,230527469
2024-08-09 10:43:12,15000.0,100,Buy,230527468
2024-08-09 10:43:12,15000.0,2000,Buy,230527466
2024-08-09 10:43:12,15000.0,200,Buy,230527460
2024-08-09 10:43:12,15000.0,200,Buy,230527464
2024-08-09 10:43:12,15000.0,1000,Buy,230527463
2024-08-09 10:43:12,15000.0,2000,Buy,230527462
2024-08-09 10:43:12,15000.0,100,Buy,230527461
2024-08-09 10:43:12,15000.0,100,Buy,230527459
2024-08-09 10:43:12,15000.0,2000,Buy,230527465
2024-08-09 10:43:15,15000.0,100,Buy,230527500
2024-08-09 10:43:16,15000.0,3000,Buy,230527512
2024-08-09 10:43:18,15000.0,1200,Buy,230527547
2024-08-09 10:43:18,15000.0,500,Buy,230527545
2024-08-09 10:43:18,15000.0,900,Buy,230527546
2024-08-09 10:43:18,15000.0,200,Buy,230527543
2024-08-09 10:43:18,15000.0,1900,Buy,230527542
2024-08-09 10:43:18,15000.0,300,Buy,230527544
2024-08-09 10:43:20,15000.0,3500,Buy,230527605
2024-08-09 10:43:20,15000.0,500,Buy,230527604
2024-08-09 10:43:20,15000.0,100,Buy,230527603
2024-08-09 10:43:20,15000.0,100,Buy,230527601
2024-08-09 10:43:20,15000.0,100,Buy,230527602
2024-08-09 10:43:20,15000.0,200,Buy,230527600
2024-08-09 10:43:20,15000.0,2000,Buy,230527599
2024-08-09 10:43:20,15000.0,1000,Buy,230527598
2024-08-09 10:43:20,15000.0,1000,Buy,230527597
2024-08-09 10:43:20,15000.0,400,Buy,230527596
2024-08-09 10:43:22,15000.0,300,Sell,230527628
2024-08-09 10:43:31,15000.0,800,Sell,230527743
2024-08-09 10:43:31,15000.0,200,Sell,230527744
2024-08-09 10:43:34,15000.0,100,Sell,230527793
2024-08-09 10:43:39,15000.0,5000,Sell,230527859
2024-08-09 10:43:55,15000.0,3000,Sell,230528046
2024-08-09 10:43:57,15000.0,1700,Sell,230528089
2024-08-09 10:43:57,15000.0,3300,Sell,230528090
2024-08-09 10:43:59,15000.0,100,Sell,230528103
2024-08-09 10:44:05,15000.0,100,Sell,230528185
2024-08-09 10:44:05,15000.0,1000,Sell,230528196
2024-08-09 10:44:12,15050.0,300,Buy,230528289
2024-08-09 10:44:36,15000.0,100,Sell,230528608
2024-08-09 10:44:49,15000.0,1000,Sell,230528819
2024-08-09 10:45:04,15000.0,100,Sell,230529008
2024-08-09 10:45:07,15050.0,5000,Buy,230529092
2024-08-09 10:45:08,15000.0,100,Sell,230529099
2024-08-09 10:45:12,15050.0,3000,Buy,230529146
2024-08-09 10:45:38,15000.0,100,Sell,230529517
2024-08-09 10:45:47,15050.0,500,Buy,230529671
2024-08-09 10:46:08,15000.0,100,Sell,230530012
2024-08-09 10:46:24,15000.0,100,Sell,230530186
2024-08-09 10:46:39,15000.0,100,Sell,230530411
2024-08-09 10:46:47,15000.0,700,Sell,230530520
2024-08-09 10:47:11,15000.0,100,Sell,230531093
2024-08-09 10:47:17,15000.0,1000,Sell,230531189
2024-08-09 10:47:21,15000.0,500,Sell,230531240
2024-08-09 10:47:41,15000.0,100,Sell,230531569
2024-08-09 10:47:49,15000.0,1400,Sell,230531687
2024-08-09 10:48:09,15000.0,50000,Sell,230531969
2024-08-09 10:48:13,15000.0,100,Sell,230532091
2024-08-09 10:48:16,15000.0,1000,Sell,230532135
2024-08-09 10:48:27,15000.0,100,Sell,230532335
2024-08-09 10:48:30,15000.0,30000,Sell,230532438
2024-08-09 10:48:34,15000.0,8800,Sell,230532531
2024-08-09 10:48:34,15000.0,1000,Sell,230532532
2024-08-09 10:48:34,15000.0,200,Sell,230532533
2024-08-09 10:48:35,15000.0,300,Sell,230532557
2024-08-09 10:48:36,15000.0,100,Sell,230532580
2024-08-09 10:48:41,15000.0,200,Sell,230532667
2024-08-09 10:48:44,15000.0,100,Sell,230532753
2024-08-09 10:48:45,15000.0,1000,Sell,230532773
2024-08-09 10:48:47,15000.0,100,Sell,230532798
2024-08-09 10:48:51,15000.0,500,Sell,230532873
2024-08-09 10:48:53,15000.0,1000,Sell,230532907
2024-08-09 10:48:55,15000.0,500,Sell,230532986
2024-08-09 10:48:57,15000.0,1200,Sell,230533037
2024-08-09 10:48:59,15000.0,500,Sell,230533056
2024-08-09 10:49:08,15000.0,500,Sell,230533249
2024-08-09 10:49:09,15000.0,300,Sell,230533267
2024-08-09 10:49:11,15000.0,100,Sell,230533291
2024-08-09 10:49:15,15000.0,100,Sell,230533365
2024-08-09 10:49:17,15000.0,100,Sell,230533430
2024-08-09 10:49:28,15000.0,500,Sell,230533714
2024-08-09 10:49:28,15000.0,500,Sell,230533671
2024-08-09 10:49:30,15000.0,200,Sell,230533795
2024-08-09 10:49:31,15000.0,500,Sell,230533818
2024-08-09 10:49:33,15000.0,300,Sell,230533858
2024-08-09 10:49:37,15000.0,1400,Sell,230533893
2024-08-09 10:49:37,15000.0,600,Sell,230533894
2024-08-09 10:49:38,15000.0,500,Sell,230533908
2024-08-09 10:49:40,15000.0,100,Sell,230533957
2024-08-09 10:49:40,15000.0,300,Sell,230533956
2024-08-09 10:49:48,15000.0,100,Sell,230534143
2024-08-09 10:49:50,15000.0,7500,Sell,230534212
2024-08-09 10:49:50,15000.0,600,Sell,230534213
2024-08-09 10:49:50,15000.0,200,Sell,230534214
2024-08-09 10:49:50,15000.0,1000,Sell,230534215
2024-08-09 10:49:50,15000.0,1300,Sell,230534216
2024-08-09 10:49:50,15000.0,2000,Sell,230534221
2024-08-09 10:49:50,15000.0,8400,Sell,230534211
2024-08-09 10:49:55,15000.0,300,Sell,230534384
2024-08-09 10:50:05,15000.0,1300,Sell,230534548
2024-08-09 10:50:07,15050.0,100,Buy,230534576
2024-08-09 10:50:11,15000.0,100,Sell,230534660
2024-08-09 10:50:18,15000.0,100,Sell,230534829
2024-08-09 10:50:29,15000.0,100,Sell,230535048
2024-08-09 10:50:36,15000.0,500,Sell,230535145
2024-08-09 10:50:41,15000.0,21000,Sell,230535224
2024-08-09 10:50:41,15000.0,100,Sell,230535236
2024-08-09 10:50:50,15000.0,5000,Sell,230535378
2024-08-09 10:50:51,15000.0,500,Sell,230535398
2024-08-09 10:50:51,15000.0,100,Sell,230535394
2024-08-09 10:50:56,15000.0,1000,Sell,230535468
2024-08-09 10:51:03,15000.0,9000,Sell,230535576
2024-08-09 10:51:09,15000.0,2500,Sell,230535672
2024-08-09 10:51:20,15000.0,39500,Sell,230535882
2024-08-09 10:51:21,15000.0,100,Sell,230535890
2024-08-09 10:51:23,15000.0,2000,Sell,230535938
2024-08-09 10:51:25,15000.0,13500,Sell,230535964
2024-08-09 10:51:25,15000.0,3000,Sell,230535965
2024-08-09 10:51:25,15000.0,1500,Sell,230535966
2024-08-09 10:51:25,15000.0,2000,Sell,230535967
2024-08-09 10:51:32,15000.0,3000,Sell,230536135
2024-08-09 10:51:52,14950.0,100,Sell,230536450
2024-08-09 10:52:16,14950.0,100,Sell,230536893
2024-08-09 10:52:16,14950.0,100,Sell,230536892
2024-08-09 10:52:16,14950.0,200,Sell,230536891
2024-08-09 10:52:16,14950.0,100,Sell,230536890
2024-08-09 10:52:16,14950.0,100,Sell,230536889
2024-08-09 10:52:16,14950.0,1000,Sell,230536884
2024-08-09 10:52:16,14950.0,300,Sell,230536887
2024-08-09 10:52:16,14950.0,2000,Sell,230536886
2024-08-09 10:52:16,14950.0,1400,Sell,230536885
2024-08-09 10:52:16,14950.0,200,Sell,230536894
2024-08-09 10:52:16,14950.0,1000,Sell,230536883
2024-08-09 10:52:16,14950.0,10000,Sell,230536888
2024-08-09 10:52:16,14950.0,1000,Sell,230536895
2024-08-09 10:52:16,14950.0,1000,Sell,230536900
2024-08-09 10:52:16,14950.0,7500,Sell,230536897
2024-08-09 10:52:16,14950.0,5000,Sell,230536898
2024-08-09 10:52:16,14950.0,1000,Sell,230536899
2024-08-09 10:52:16,14950.0,600,Sell,230536882
2024-08-09 10:52:16,14950.0,5000,Sell,230536902
2024-08-09 10:52:16,14950.0,500,Sell,230536904
2024-08-09 10:52:16,14950.0,500,Sell,230536905
2024-08-09 10:52:16,14950.0,20000,Sell,230536906
2024-08-09 10:52:16,14950.0,4000,Sell,230536907
2024-08-09 10:52:16,14950.0,20000,Sell,230536908
2024-08-09 10:52:16,14950.0,100,Sell,230536909
2024-08-09 10:52:16,14950.0,2200,Sell,230536910
2024-08-09 10:52:16,14950.0,1300,Sell,230536896
2024-08-09 10:52:16,14950.0,800,Sell,230536901
2024-08-09 10:52:16,14950.0,100,Sell,230536881
2024-08-09 10:52:16,14950.0,500,Sell,230536879
2024-08-09 10:52:16,14950.0,500,Sell,230536852
2024-08-09 10:52:16,14950.0,1000,Sell,230536853
2024-08-09 10:52:16,14950.0,100,Sell,230536854
2024-08-09 10:52:16,14950.0,100,Sell,230536855
2024-08-09 10:52:16,14950.0,100,Sell,230536856
2024-08-09 10:52:16,14950.0,200,Sell,230536858
2024-08-09 10:52:16,14950.0,10000,Sell,230536859
2024-08-09 10:52:16,14950.0,200,Sell,230536860
2024-08-09 10:52:16,14950.0,2000,Sell,230536861
2024-08-09 10:52:16,14950.0,600,Sell,230536862
2024-08-09 10:52:16,14950.0,100,Sell,230536863
2024-08-09 10:52:16,14950.0,100,Sell,230536864
2024-08-09 10:52:16,14950.0,500,Sell,230536865
2024-08-09 10:52:16,14950.0,1500,Sell,230536880
2024-08-09 10:52:16,14950.0,100,Sell,230536867
2024-08-09 10:52:16,14950.0,400,Sell,230536866
2024-08-09 10:52:16,14950.0,200,Sell,230536877
2024-08-09 10:52:16,14950.0,100,Sell,230536876
2024-08-09 10:52:16,14950.0,100,Sell,230536875
2024-08-09 10:52:16,14950.0,100,Sell,230536874
2024-08-09 10:52:16,14950.0,100,Sell,230536878
2024-08-09 10:52:16,14950.0,1000,Sell,230536872
2024-08-09 10:52:16,14950.0,10000,Sell,230536871
2024-08-09 10:52:16,14950.0,200,Sell,230536870
2024-08-09 10:52:16,14950.0,7000,Sell,230536869
2024-08-09 10:52:16,14950.0,100,Sell,230536868
2024-08-09 10:52:16,14950.0,1000,Sell,230536873
2024-08-09 10:52:20,14950.0,200,Sell,230536974
2024-08-09 10:52:23,14950.0,100,Sell,230537049
2024-08-09 10:52:43,14950.0,1000,Sell,230537469
2024-08-09 10:52:53,14950.0,100,Sell,230537681
2024-08-09 10:52:55,14950.0,100,Sell,230537699
2024-08-09 10:52:56,14950.0,1000,Sell,230537716
2024-08-09 10:53:25,14950.0,100,Sell,230538168
2024-08-09 10:53:34,14950.0,200,Sell,230538414
2024-08-09 10:53:34,14950.0,200,Sell,230538420
2024-08-09 10:53:34,14950.0,1600,Sell,230538413
2024-08-09 10:53:34,14950.0,47400,Sell,230538415
2024-08-09 10:53:34,14950.0,500,Sell,230538411
2024-08-09 10:53:34,14950.0,100,Sell,230538412
2024-08-09 10:53:34,14950.0,1000,Sell,230538410
2024-08-09 10:53:34,14950.0,25200,Sell,230538409
2024-08-09 10:53:57,14950.0,100,Sell,230538887
2024-08-09 10:54:04,14950.0,300,Sell,230539041
2024-08-09 10:54:20,14950.0,1000,Sell,230539259
2024-08-09 10:54:28,14950.0,100,Sell,230539341
2024-08-09 10:54:59,14950.0,100,Sell,230539840
2024-08-09 10:55:03,14950.0,800,Sell,230539910
2024-08-09 10:55:03,14950.0,200,Sell,230539911
2024-08-09 10:55:19,14950.0,5000,Sell,230540221
2024-08-09 10:55:25,14950.0,200,Sell,230540296
2024-08-09 10:55:25,14950.0,500,Sell,230540297
2024-08-09 10:55:25,14950.0,100,Sell,230540298
2024-08-09 10:55:29,14900.0,100,Sell,230540351
2024-08-09 10:55:51,14950.0,200,Buy,230540643
2024-08-09 10:55:53,14900.0,100,Sell,230540655
2024-08-09 10:56:00,14900.0,100,Sell,230540745
2024-08-09 10:56:31,14900.0,600,Sell,230541122
2024-08-09 10:56:31,14900.0,100,Sell,230541125
2024-08-09 10:56:40,14950.0,2600,Buy,230541339
2024-08-09 10:56:40,14950.0,100,Buy,230541326
2024-08-09 10:56:40,14950.0,400,Buy,230541338
2024-08-09 10:56:44,14950.0,400,Buy,230541392
2024-08-09 10:56:59,14950.0,1000,Sell,230541539
2024-08-09 10:57:02,14950.0,100,Sell,230541576
2024-08-09 10:57:07,14950.0,200,Sell,230541613
2024-08-09 10:57:21,14950.0,100,Sell,230541877
2024-08-09 10:57:23,14950.0,1000,Sell,230541894
2024-08-09 10:57:33,14950.0,100,Sell,230542017
2024-08-09 10:58:04,14950.0,100,Sell,230542425
2024-08-09 10:58:10,14950.0,5500,Sell,230542526
2024-08-09 10:58:18,14950.0,200,Sell,230542636
2024-08-09 10:58:35,14950.0,100,Sell,230542847
2024-08-09 10:58:56,14950.0,1000,Sell,230543098
2024-08-09 10:59:00,14950.0,200,Sell,230543127
2024-08-09 10:59:00,14950.0,200,Sell,230543128
2024-08-09 10:59:00,14950.0,200,Sell,230543129
2024-08-09 10:59:07,14950.0,100,Sell,230543211
2024-08-09 10:59:10,14950.0,1000,Sell,230543249
2024-08-09 10:59:19,14950.0,2300,Sell,230543420
2024-08-09 10:59:25,14950.0,1000,Sell,230543521
2024-08-09 10:59:30,14950.0,10000,Sell,230543568
2024-08-09 10:59:39,14950.0,100,Sell,230543697
2024-08-09 10:59:48,14950.0,500,Sell,230543783
2024-08-09 11:00:02,14950.0,1000,Sell,230544057
2024-08-09 11:00:10,14950.0,100,Sell,230544129
2024-08-09 11:00:21,14950.0,100,Sell,230544316
2024-08-09 11:00:27,14950.0,200,Sell,230544372
2024-08-09 11:00:41,14950.0,100,Sell,230544666
2024-08-09 11:01:03,14950.0,1000,Sell,230544903
2024-08-09 11:01:05,14950.0,3000,Sell,230544936
2024-08-09 11:01:06,14950.0,3000,Sell,230544942
2024-08-09 11:01:13,14950.0,100,Sell,230545012
2024-08-09 11:01:17,14950.0,100,Sell,230545072
2024-08-09 11:01:31,14950.0,1000,Sell,230545246
2024-08-09 11:01:37,14950.0,500,Sell,230545374
2024-08-09 11:01:38,14950.0,500,Sell,230545381
2024-08-09 11:01:41,14950.0,200,Sell,230545421
2024-08-09 11:01:44,14950.0,1000,Sell,230545461
2024-08-09 11:01:45,14950.0,100,Sell,230545476
2024-08-09 11:01:50,14950.0,100,Sell,230545558
2024-08-09 11:01:50,14950.0,400,Sell,230545565
2024-08-09 11:02:10,14950.0,100,Sell,230545823
2024-08-09 11:02:11,14950.0,100,Sell,230545838
2024-08-09 11:02:16,14950.0,100,Sell,230545900
2024-08-09 11:02:43,14950.0,1200,Sell,230546242
2024-08-09 11:02:47,14950.0,100,Sell,230546297
2024-08-09 11:02:57,14950.0,300,Sell,230546423
2024-08-09 11:03:09,14950.0,1000,Sell,230546545
2024-08-09 11:03:17,14950.0,100,Sell,230546680
2024-08-09 11:03:29,14950.0,500,Sell,230546820
2024-08-09 11:03:49,14950.0,100,Sell,230547064
2024-08-09 11:04:04,14950.0,100,Sell,230547270
2024-08-09 11:04:06,14950.0,200,Sell,230547313
2024-08-09 11:04:22,14950.0,100,Sell,230547574
2024-08-09 11:04:42,14950.0,300,Sell,230547910
2024-08-09 11:04:48,14950.0,100,Sell,230547975
2024-08-09 11:04:53,14950.0,100,Sell,230548022
2024-08-09 11:05:02,14950.0,200,Sell,230548150
2024-08-09 11:05:07,14950.0,1000,Sell,230548229
2024-08-09 11:05:08,14950.0,16600,Sell,230548239
2024-08-09 11:05:08,14950.0,100,Sell,230548240
2024-08-09 11:05:08,14950.0,100,Sell,230548241
2024-08-09 11:05:08,14950.0,3200,Sell,230548242
2024-08-09 11:05:24,14950.0,5300,Sell,230548512
2024-08-09 11:05:25,14950.0,100,Sell,230548521
2024-08-09 11:05:34,14950.0,200,Sell,230548691
2024-08-09 11:05:34,14950.0,400,Sell,230548690
2024-08-09 11:05:34,14950.0,1400,Sell,230548689
2024-08-09 11:05:41,14950.0,200,Sell,230548816
2024-08-09 11:05:47,14950.0,200,Sell,230548904
2024-08-09 11:05:48,14950.0,500,Sell,230548921
2024-08-09 11:05:56,14950.0,100,Sell,230549013
2024-08-09 11:06:08,14950.0,1000,Sell,230549193
2024-08-09 11:06:10,14950.0,1000,Sell,230549199
2024-08-09 11:06:10,14950.0,1000,Sell,230549212
2024-08-09 11:06:18,14950.0,100,Sell,230549336
2024-08-09 11:06:28,14950.0,100,Sell,230549470
2024-08-09 11:06:31,14950.0,300,Sell,230549529
2024-08-09 11:06:32,14950.0,500,Sell,230549550
2024-08-09 11:06:35,14950.0,500,Sell,230549578
2024-08-09 11:06:39,14950.0,500,Sell,230549630
2024-08-09 11:06:39,14950.0,400,Sell,230549629
2024-08-09 11:06:39,14950.0,100,Sell,230549628
2024-08-09 11:06:39,14950.0,200,Sell,230549632
2024-08-09 11:06:39,14950.0,100,Sell,230549626
2024-08-09 11:06:39,14950.0,2000,Sell,230549627
2024-08-09 11:06:39,14950.0,300,Sell,230549618
2024-08-09 11:06:39,14950.0,100,Sell,230549631
2024-08-09 11:06:39,14950.0,10700,Sell,230549625
2024-08-09 11:06:56,14950.0,200,Buy,230549825
2024-08-09 11:07:00,14900.0,100,Sell,230549863
2024-08-09 11:07:26,14900.0,400,Sell,230550173
2024-08-09 11:07:31,14900.0,100,Sell,230550233
2024-08-09 11:08:02,14900.0,100,Sell,230550669
2024-08-09 11:08:34,14900.0,100,Sell,230551087
2024-08-09 11:08:57,14900.0,1000,Sell,230551353
2024-08-09 11:09:06,14900.0,100,Sell,230551486
2024-08-09 11:09:09,14900.0,1000,Sell,230551519
2024-08-09 11:09:29,14950.0,200,Buy,230551878
2024-08-09 11:09:36,14900.0,100,Sell,230551997
2024-08-09 11:09:54,14950.0,100,Buy,230552269
2024-08-09 11:10:01,14950.0,1000,Buy,230552367
2024-08-09 11:10:08,14950.0,100,Buy,230552461
2024-08-09 11:10:09,14900.0,100,Sell,230552473
2024-08-09 11:10:40,14900.0,100,Sell,230552991
2024-08-09 11:10:45,14900.0,100,Sell,230553132
2024-08-09 11:10:51,14950.0,3000,Buy,230553228
2024-08-09 11:11:10,14950.0,1000,Buy,230553458
2024-08-09 11:11:11,14900.0,100,Sell,230553465
2024-08-09 11:11:22,14900.0,1200,Sell,230553640
2024-08-09 11:11:43,14900.0,100,Sell,230553914
2024-08-09 11:12:15,14900.0,100,Sell,230554392
2024-08-09 11:12:47,14900.0,100,Sell,230554757
2024-08-09 11:13:14,14900.0,100,Sell,230555145
2024-08-09 11:13:14,14900.0,900,Sell,230555146
2024-08-09 11:13:18,14900.0,100,Sell,230555218
2024-08-09 11:13:24,14900.0,1000,Sell,230555285
2024-08-09 11:13:30,14950.0,2000,Buy,230555338
2024-08-09 11:13:50,14900.0,100,Sell,230555514
2024-08-09 11:14:20,14900.0,100,Sell,230555909
2024-08-09 11:14:25,14900.0,500,Sell,230555964
2024-08-09 11:14:51,14900.0,100,Sell,230556300
2024-08-09 11:14:59,14900.0,6500,Sell,230556401
2024-08-09 11:15:13,14900.0,100,Sell,230556593
2024-08-09 11:15:19,14900.0,100,Sell,230556645
2024-08-09 11:15:23,14900.0,500,Sell,230556714
2024-08-09 11:15:23,14900.0,100,Sell,230556715
2024-08-09 11:15:23,14900.0,400,Sell,230556716
2024-08-09 11:15:24,14900.0,100,Sell,230556726
2024-08-09 11:15:57,14900.0,100,Sell,230557255
2024-08-09 11:16:17,14900.0,5000,Sell,230557460
2024-08-09 11:16:27,14900.0,100,Sell,230557586
2024-08-09 11:16:48,14900.0,1000,Sell,230557819
2024-08-09 11:16:51,14900.0,4600,Sell,230557864
2024-08-09 11:16:58,14900.0,100,Sell,230557934
2024-08-09 11:17:19,14900.0,1000,Sell,230558187
2024-08-09 11:17:30,14900.0,100,Sell,230558411
2024-08-09 11:17:51,14900.0,1000,Sell,230558702
2024-08-09 11:18:02,14900.0,100,Sell,230558814
2024-08-09 11:18:23,14950.0,200,Buy,230559027
2024-08-09 11:18:23,14950.0,700,Buy,230559028
2024-08-09 11:18:33,14900.0,100,Sell,230559141
2024-08-09 11:19:06,14900.0,100,Sell,230559473
2024-08-09 11:19:37,14900.0,100,Sell,230559932
2024-08-09 11:19:40,14900.0,100,Sell,230559983
2024-08-09 11:20:02,14900.0,100,Sell,230560193
2024-08-09 11:20:05,14900.0,300,Sell,230560221
2024-08-09 11:20:09,14900.0,100,Sell,230560271
2024-08-09 11:20:12,14950.0,100,Buy,230560306
2024-08-09 11:20:17,14950.0,1100,Buy,230560345
2024-08-09 11:20:17,14950.0,1000,Buy,230560344
2024-08-09 11:20:17,14950.0,200,Buy,230560342
2024-08-09 11:20:17,14950.0,200,Buy,230560341
2024-08-09 11:20:17,14950.0,500,Buy,230560343
2024-08-09 11:20:42,14900.0,100,Sell,230560638
2024-08-09 11:21:13,14900.0,100,Sell,230560988
2024-08-09 11:21:19,14900.0,1000,Sell,230561066
2024-08-09 11:21:45,14900.0,100,Sell,230561385
2024-08-09 11:21:50,14900.0,100,Sell,230561431
2024-08-09 11:21:57,14950.0,100,Buy,230561494
2024-08-09 11:22:15,14950.0,100,Buy,230561692
2024-08-09 11:22:16,14900.0,100,Sell,230561712
2024-08-09 11:22:34,14900.0,3000,Sell,230561892
2024-08-09 11:22:48,14900.0,100,Sell,230562067
2024-08-09 11:22:56,14900.0,100,Sell,230562144
2024-08-09 11:23:11,14900.0,800,Sell,230562273
2024-08-09 11:23:11,14900.0,200,Sell,230562274
2024-08-09 11:23:19,14900.0,100,Sell,230562357
2024-08-09 11:23:51,14900.0,100,Sell,230562735
2024-08-09 11:24:09,14900.0,100,Sell,230562930
2024-08-09 11:24:21,14900.0,100,Sell,230563081
2024-08-09 11:24:34,14900.0,400,Sell,230563190
2024-08-09 11:24:34,14900.0,600,Sell,230563191
2024-08-09 11:24:40,14900.0,1000,Sell,230563240
2024-08-09 11:24:46,14950.0,100,Buy,230563276
2024-08-09 11:24:54,14900.0,100,Sell,230563392
2024-08-09 11:24:55,14950.0,100,Buy,230563402
2024-08-09 11:25:08,14950.0,200,Buy,230563541
2024-08-09 11:25:25,14900.0,100,Sell,230563692
2024-08-09 11:25:55,14900.0,100,Sell,230564137
2024-08-09 11:26:10,14900.0,1000,Sell,230564412
2024-08-09 11:26:10,14900.0,500,Sell,230564397
2024-08-09 11:26:10,14900.0,100,Sell,230564396
2024-08-09 11:26:10,14900.0,400,Sell,230564398
2024-08-09 11:26:25,14900.0,9300,Sell,230564580
2024-08-09 11:26:25,14900.0,100,Sell,230564579
2024-08-09 11:26:25,14900.0,100,Sell,230564578
2024-08-09 11:26:25,14900.0,100,Sell,230564577
2024-08-09 11:26:25,14900.0,2000,Sell,230564576
2024-08-09 11:26:25,14900.0,100,Sell,230564575
2024-08-09 11:26:25,14900.0,400,Sell,230564573
2024-08-09 11:26:25,14900.0,300,Sell,230564572
2024-08-09 11:26:25,14900.0,5600,Sell,230564567
2024-08-09 11:26:25,14900.0,500,Sell,230564568
2024-08-09 11:26:25,14900.0,100,Sell,230564574
2024-08-09 11:26:25,14900.0,100,Sell,230564570
2024-08-09 11:26:25,14900.0,1000,Sell,230564569
2024-08-09 11:26:25,14900.0,300,Sell,230564571
2024-08-09 11:26:28,14900.0,100,Sell,230564610
2024-08-09 11:26:46,14900.0,200,Sell,230564827
2024-08-09 11:27:00,14900.0,100,Sell,230564988
2024-08-09 11:27:02,14900.0,3000,Sell,230565032
2024-08-09 11:27:32,14900.0,100,Sell,230565359
2024-08-09 11:27:53,14900.0,4000,Sell,230565630
2024-08-09 11:27:59,14900.0,1000,Sell,230565653
2024-08-09 11:28:03,14900.0,100,Sell,230565693
2024-08-09 11:28:20,14950.0,300,Buy,230565852
2024-08-09 11:28:37,14900.0,100,Sell,230566064
2024-08-09 11:28:45,14950.0,100,Buy,230566139
2024-08-09 11:28:45,14950.0,1000,Buy,230566140
2024-08-09 11:28:45,14950.0,2200,Buy,230566141
2024-08-09 11:28:48,14950.0,1000,Buy,230566173
2024-08-09 11:28:52,14900.0,1000,Sell,230566211
2024-08-09 11:28:52,14900.0,2000,Sell,230566210
2024-08-09 11:28:53,14950.0,1000,Buy,230566217
2024-08-09 11:28:53,14950.0,1000,Buy,230566223
2024-08-09 11:29:02,14950.0,1000,Buy,230566276
2024-08-09 11:29:05,14950.0,500,Buy,230566322
2024-08-09 11:29:12,14950.0,100,Buy,230566393
2024-08-09 11:29:26,14950.0,1000,Buy,230566532
2024-08-09 12:59:37,14950.0,200,Buy,230566775
2024-08-09 12:59:37,14950.0,1300,Buy,230566894
2024-08-09 12:59:38,14950.0,500,Buy,230567367
2024-08-09 12:59:38,14950.0,100,Buy,230567365
2024-08-09 12:59:38,14950.0,100,Buy,230567178
2024-08-09 12:59:38,14950.0,100,Buy,230567363
2024-08-09 12:59:38,14950.0,500,Buy,230567362
2024-08-09 12:59:38,14950.0,100,Buy,230567364
2024-08-09 12:59:39,14900.0,200,Sell,230567517
2024-08-09 12:59:40,14900.0,400,Sell,230568124
2024-08-09 12:59:40,14900.0,500,Sell,230568125
2024-08-09 12:59:40,14900.0,200,Sell,230568116
2024-08-09 12:59:40,14900.0,100,Sell,230568123
2024-08-09 12:59:40,14900.0,800,Sell,230568115
2024-08-09 12:59:41,14900.0,2400,Sell,230568524
2024-08-09 12:59:41,14900.0,100,Sell,230568523
2024-08-09 12:59:41,14900.0,100,Sell,230568522
2024-08-09 12:59:41,14900.0,300,Sell,230568521
2024-08-09 12:59:41,14900.0,100,Sell,230568520
2024-08-09 12:59:41,14950.0,3000,Buy,230568437
2024-08-09 12:59:41,14950.0,800,Buy,230568436
2024-08-09 12:59:41,14950.0,1000,Buy,230568435
2024-08-09 12:59:41,14900.0,100,Sell,230568300
2024-08-09 12:59:41,14950.0,300,Buy,230568433
2024-08-09 12:59:41,14950.0,5500,Buy,230568432
2024-08-09 12:59:41,14950.0,500,Buy,230568431
2024-08-09 12:59:41,14950.0,8800,Buy,230568430
2024-08-09 12:59:41,14950.0,100,Buy,230568353
2024-08-09 12:59:41,14950.0,200,Buy,230568351
2024-08-09 12:59:41,14900.0,900,Sell,230568301
2024-08-09 12:59:41,14950.0,200,Buy,230568180
2024-08-09 12:59:41,14950.0,100,Buy,230568434
2024-08-09 12:59:42,14900.0,600,Sell,230568637
2024-08-09 12:59:43,14950.0,1000,Buy,230568910
2024-08-09 12:59:43,14900.0,10000,Sell,230569008
2024-08-09 12:59:45,14950.0,100,Buy,230569100
2024-08-09 12:59:46,14950.0,700,Buy,230569282
2024-08-09 12:59:46,14900.0,1400,Sell,230569335
2024-08-09 12:59:48,14950.0,100,Buy,230569475
2024-08-09 12:59:49,14950.0,100,Buy,230569525
2024-08-09 12:59:49,14950.0,300,Buy,230569526
2024-08-09 12:59:52,14950.0,500,Buy,230569832
2024-08-09 12:59:52,14950.0,200,Buy,230569890
2024-08-09 12:59:52,14950.0,100,Buy,230569891
2024-08-09 12:59:52,14950.0,200,Buy,230569892
2024-08-09 12:59:52,14950.0,100,Buy,230569932
2024-08-09 12:59:52,14950.0,3500,Buy,230569893
2024-08-09 12:59:59,14950.0,100,Buy,230570436
2024-08-09 13:00:20,14900.0,1500,Sell,230570918
2024-08-09 13:00:33,14900.0,100,Sell,230571138
2024-08-09 13:00:41,14900.0,100,Sell,230571287
2024-08-09 13:00:43,14900.0,1300,Sell,230571327
2024-08-09 13:01:08,14900.0,100,Sell,230571904
2024-08-09 13:01:28,14900.0,500,Sell,230572304
2024-08-09 13:01:35,14900.0,100,Sell,230572410
2024-08-09 13:01:40,14900.0,100,Sell,230572522
2024-08-09 13:01:58,14900.0,1000,Sell,230572952
2024-08-09 13:02:10,14900.0,100,Sell,230573326
2024-08-09 13:02:26,14900.0,200,Sell,230573672
2024-08-09 13:02:43,14900.0,100,Sell,230574046
2024-08-09 13:02:47,14900.0,400,Sell,230574141
2024-08-09 13:03:12,14900.0,500,Sell,230574830
2024-08-09 13:03:12,14900.0,300,Sell,230574831
2024-08-09 13:03:12,14900.0,1000,Sell,230574832
2024-08-09 13:03:12,14900.0,1200,Sell,230574833
2024-08-09 13:03:13,14900.0,100,Sell,230574842
2024-08-09 13:03:15,14900.0,2000,Sell,230574906
2024-08-09 13:03:29,14900.0,1000,Sell,230575275
2024-08-09 13:03:40,14900.0,700,Sell,230575617
2024-08-09 13:03:40,14900.0,300,Sell,230575618
2024-08-09 13:03:41,14900.0,200,Sell,230575627
2024-08-09 13:03:46,14900.0,100,Sell,230575788
2024-08-09 13:03:47,14900.0,1500,Sell,230575827
2024-08-09 13:03:50,14900.0,5000,Sell,230575903
2024-08-09 13:03:50,14900.0,1000,Sell,230575904
2024-08-09 13:03:50,14900.0,300,Sell,230575909
2024-08-09 13:03:50,14900.0,300,Sell,230575906
2024-08-09 13:03:50,14900.0,100,Sell,230575907
2024-08-09 13:03:50,14900.0,30000,Sell,230575908
2024-08-09 13:03:50,14900.0,300,Sell,230575910
2024-08-09 13:03:50,14900.0,600,Sell,230575918
2024-08-09 13:03:50,14900.0,500,Sell,230575912
2024-08-09 13:03:50,14900.0,300,Sell,230575913
2024-08-09 13:03:50,14900.0,2000,Sell,230575914
2024-08-09 13:03:50,14900.0,100,Sell,230575915
2024-08-09 13:03:50,14900.0,4500,Sell,230575916
2024-08-09 13:03:50,14900.0,100,Sell,230575917
2024-08-09 13:03:50,14900.0,300,Sell,230575902
2024-08-09 13:03:50,14900.0,22200,Sell,230575919
2024-08-09 13:03:50,14900.0,100,Sell,230575911
2024-08-09 13:03:50,14900.0,2000,Sell,230575901
2024-08-09 13:03:50,14900.0,1000,Sell,230575905
2024-08-09 13:03:50,14900.0,100,Sell,230575899
2024-08-09 13:03:50,14900.0,1000,Sell,230575900
2024-08-09 13:03:50,14900.0,17900,Sell,230575881
2024-08-09 13:03:50,14900.0,20000,Sell,230575882
2024-08-09 13:03:50,14900.0,1000,Sell,230575884
2024-08-09 13:03:50,14900.0,10000,Sell,230575885
2024-08-09 13:03:50,14900.0,200,Sell,230575886
2024-08-09 13:03:50,14900.0,900,Sell,230575887
2024-08-09 13:03:50,14900.0,300,Sell,230575888
2024-08-09 13:03:50,14900.0,200,Sell,230575889
2024-08-09 13:03:50,14900.0,700,Sell,230575883
2024-08-09 13:03:50,14900.0,1000,Sell,230575891
2024-08-09 13:03:50,14900.0,10000,Sell,230575892
2024-08-09 13:03:50,14900.0,1000,Sell,230575893
2024-08-09 13:03:50,14900.0,200,Sell,230575894
2024-08-09 13:03:50,14900.0,600,Sell,230575895
2024-08-09 13:03:50,14900.0,100,Sell,230575898
2024-08-09 13:03:50,14900.0,100,Sell,230575896
2024-08-09 13:03:50,14900.0,300,Sell,230575897
2024-08-09 13:03:50,14900.0,1000,Sell,230575890
2024-08-09 13:03:55,14900.0,20000,Sell,230575991
2024-08-09 13:03:58,14900.0,500,Sell,230576058
2024-08-09 13:04:05,14900.0,1200,Sell,230576249
2024-08-09 13:04:08,14900.0,100,Sell,230576341
2024-08-09 13:04:08,14900.0,100,Sell,230576342
2024-08-09 13:04:08,14900.0,100,Sell,230576343
2024-08-09 13:04:08,14900.0,100,Sell,230576344
2024-08-09 13:04:08,14900.0,100,Sell,230576345
2024-08-09 13:04:08,14900.0,10000,Sell,230576346
2024-08-09 13:04:08,14900.0,700,Sell,230576347
2024-08-09 13:04:08,14900.0,1000,Sell,230576348
2024-08-09 13:04:08,14900.0,200,Sell,230576349
2024-08-09 13:04:08,14900.0,500,Sell,230576350
2024-08-09 13:04:08,14900.0,3500,Sell,230576362
2024-08-09 13:04:08,14900.0,300,Sell,230576352
2024-08-09 13:04:08,14900.0,100,Sell,230576353
2024-08-09 13:04:08,14900.0,2000,Sell,230576354
2024-08-09 13:04:08,14900.0,300,Sell,230576355
2024-08-09 13:04:08,14900.0,300,Sell,230576356
2024-08-09 13:04:08,14900.0,2500,Sell,230576357
2024-08-09 13:04:08,14900.0,500,Sell,230576358
2024-08-09 13:04:08,14900.0,1000,Sell,230576359
2024-08-09 13:04:08,14900.0,2000,Sell,230576360
2024-08-09 13:04:08,14900.0,1000,Sell,230576361
2024-08-09 13:04:08,14900.0,1000,Sell,230576351
2024-08-09 13:04:08,14900.0,400,Sell,230576340
2024-08-09 13:04:08,14900.0,200,Sell,230576339
2024-08-09 13:04:08,14900.0,100,Sell,230576337
2024-08-09 13:04:08,14900.0,6100,Sell,230576313
2024-08-09 13:04:08,14900.0,600,Sell,230576314
2024-08-09 13:04:08,14900.0,1500,Sell,230576315
2024-08-09 13:04:08,14900.0,100,Sell,230576316
2024-08-09 13:04:08,14900.0,1000,Sell,230576317
2024-08-09 13:04:08,14900.0,100,Sell,230576318
2024-08-09 13:04:08,14900.0,2000,Sell,230576319
2024-08-09 13:04:08,14900.0,100,Sell,230576320
2024-08-09 13:04:08,14900.0,100,Sell,230576322
2024-08-09 13:04:08,14900.0,400,Sell,230576323
2024-08-09 13:04:08,14900.0,200,Sell,230576324
2024-08-09 13:04:08,14900.0,5000,Sell,230576338
2024-08-09 13:04:08,14900.0,100,Sell,230576326
2024-08-09 13:04:08,14900.0,2000,Sell,230576336
2024-08-09 13:04:08,14900.0,1100,Sell,230576335
2024-08-09 13:04:08,14900.0,500,Sell,230576334
2024-08-09 13:04:08,14900.0,5000,Sell,230576333
2024-08-09 13:04:08,14900.0,300,Sell,230576332
2024-08-09 13:04:08,14900.0,100,Sell,230576325
2024-08-09 13:04:08,14900.0,100,Sell,230576330
2024-08-09 13:04:08,14900.0,300,Sell,230576327
2024-08-09 13:04:08,14900.0,100,Sell,230576331
2024-08-09 13:04:08,14900.0,500,Sell,230576329
2024-08-09 13:04:08,14900.0,5000,Sell,230576328
2024-08-09 13:04:16,14850.0,100,Sell,230576483
2024-08-09 13:04:17,14900.0,300,Buy,230576513
2024-08-09 13:04:24,14900.0,200,Buy,230576694
2024-08-09 13:04:48,14850.0,100,Sell,230577246
2024-08-09 13:05:05,14900.0,100,Buy,230577611
2024-08-09 13:05:12,14900.0,900,Buy,230577736
2024-08-09 13:05:12,14900.0,5000,Buy,230577737
2024-08-09 13:05:12,14900.0,1700,Buy,230577738
2024-08-09 13:05:12,14900.0,400,Buy,230577739
2024-08-09 13:05:12,14900.0,2000,Buy,230577740
2024-08-09 13:05:12,14900.0,3800,Buy,230577741
2024-08-09 13:05:12,14900.0,100,Buy,230577742
2024-08-09 13:05:12,14900.0,300,Buy,230577743
2024-08-09 13:05:12,14900.0,500,Buy,230577744
2024-08-09 13:05:12,14900.0,500,Buy,230577745
2024-08-09 13:05:12,14900.0,100,Buy,230577746
2024-08-09 13:05:12,14900.0,100,Buy,230577747
2024-08-09 13:05:12,14900.0,1000,Buy,230577748
2024-08-09 13:05:15,14900.0,1000,Sell,230577789
2024-08-09 13:05:18,14950.0,200,Buy,230577876
2024-08-09 13:05:20,14900.0,100,Sell,230577927
2024-08-09 13:05:29,14900.0,1000,Sell,230578159
2024-08-09 13:05:29,14900.0,5000,Sell,230578155
2024-08-09 13:05:30,14900.0,100,Sell,230578168
2024-08-09 13:05:52,14900.0,100,Sell,230578704
2024-08-09 13:05:53,14900.0,1000,Sell,230578711
2024-08-09 13:05:59,14900.0,2000,Sell,230578847
2024-08-09 13:06:00,14900.0,100,Sell,230578863
2024-08-09 13:06:20,14900.0,100,Sell,230579323
2024-08-09 13:06:21,14900.0,5000,Sell,230579344
2024-08-09 13:06:24,14900.0,100,Sell,230579402
2024-08-09 13:06:37,14900.0,10000,Sell,230579659
2024-08-09 13:06:47,14900.0,200,Sell,230579815
2024-08-09 13:06:55,14900.0,1000,Sell,230579937
2024-08-09 13:06:56,14900.0,100,Sell,230579973
2024-08-09 13:07:21,14900.0,100,Sell,230580476
2024-08-09 13:07:29,14900.0,100,Sell,230580696
2024-08-09 13:07:30,14900.0,2000,Sell,230580708
2024-08-09 13:07:33,14900.0,1000,Sell,230580765
2024-08-09 13:07:40,14900.0,3000,Sell,230580891
2024-08-09 13:07:41,14900.0,100,Sell,230580925
2024-08-09 13:07:49,14900.0,200,Sell,230581130
2024-08-09 13:07:50,14900.0,2000,Sell,230581149
2024-08-09 13:07:50,14900.0,100,Sell,230581161
2024-08-09 13:08:00,14900.0,100,Sell,230581379
2024-08-09 13:08:00,14900.0,300,Sell,230581388
2024-08-09 13:08:20,14900.0,2000,Sell,230581843
2024-08-09 13:08:31,14900.0,100,Sell,230582073
2024-08-09 13:08:32,14900.0,100,Sell,230582146
2024-08-09 13:08:43,14900.0,100,Sell,230582347
2024-08-09 13:08:46,14900.0,300,Sell,230582415
2024-08-09 13:08:58,14950.0,100,Buy,230582813
