time,price,volume,match_type,id
2024-07-30 09:14:42,15650.0,85200,ATO/ATC,227139739
2024-07-30 09:14:42,15650.0,5000,Sell,227139740
2024-07-30 09:14:43,15650.0,1000,Sell,227139846
2024-07-30 09:15:10,15650.0,1100,Sell,227140844
2024-07-30 09:15:10,15650.0,4900,Sell,227140845
2024-07-30 09:15:15,15650.0,4800,Sell,227140982
2024-07-30 09:15:15,15650.0,5100,Sell,227140980
2024-07-30 09:15:15,15650.0,100,Sell,227140981
2024-07-30 09:15:22,15650.0,5000,Sell,227141377
2024-07-30 09:15:38,15650.0,100,Sell,227141978
2024-07-30 09:15:38,15650.0,1500,Sell,227141979
2024-07-30 09:15:38,15650.0,200,Sell,227141977
2024-07-30 09:15:58,15650.0,100,Sell,227142585
2024-07-30 09:15:58,15650.0,400,Sell,227142586
2024-07-30 09:15:58,15650.0,200,Sell,227142587
2024-07-30 09:15:58,15650.0,100,Sell,227142588
2024-07-30 09:15:58,15650.0,200,Sell,227142589
2024-07-30 09:16:06,15650.0,7000,Sell,227142778
2024-07-30 09:16:06,15650.0,200,Sell,227142775
2024-07-30 09:16:06,15650.0,5000,Sell,227142776
2024-07-30 09:16:06,15650.0,100,Sell,227142777
2024-07-30 09:16:39,15650.0,3000,Sell,227143648
2024-07-30 09:16:39,15650.0,200,Sell,227143650
2024-07-30 09:16:39,15650.0,100,Sell,227143651
2024-07-30 09:16:39,15650.0,200,Sell,227143652
2024-07-30 09:16:39,15650.0,100,Sell,227143653
2024-07-30 09:16:39,15650.0,100,Sell,227143654
2024-07-30 09:16:39,15650.0,16300,Sell,227143655
2024-07-30 09:16:46,15700.0,200,Buy,227143827
2024-07-30 09:16:48,15650.0,600,Sell,227143882
2024-07-30 09:17:07,15650.0,500,Sell,227144622
2024-07-30 09:17:12,15650.0,900,Sell,227144764
2024-07-30 09:17:12,15650.0,1000,Sell,227144743
2024-07-30 09:18:27,15650.0,700,Sell,227147604
2024-07-30 09:18:27,15650.0,300,Sell,227147605
2024-07-30 09:18:32,15650.0,700,Sell,227147754
2024-07-30 09:18:32,15650.0,500,Sell,227147755
2024-07-30 09:18:32,15650.0,1800,Sell,227147756
2024-07-30 09:18:38,15650.0,100,Sell,227147985
2024-07-30 09:18:45,15650.0,1900,Sell,227148182
2024-07-30 09:18:47,15650.0,2000,Sell,227148317
2024-07-30 09:18:57,15650.0,100,Sell,227148707
2024-07-30 09:19:06,15650.0,1000,Sell,227148947
2024-07-30 09:19:07,15650.0,1500,Sell,227149011
2024-07-30 09:19:08,15650.0,1000,Sell,227149069
2024-07-30 09:19:23,15650.0,9300,Sell,227149626
2024-07-30 09:19:26,15650.0,800,Sell,227149688
2024-07-30 09:19:26,15650.0,1000,Sell,227149687
2024-07-30 09:19:26,15650.0,200,Sell,227149686
2024-07-30 09:19:26,15650.0,100,Sell,227149685
2024-07-30 09:19:26,15650.0,100,Sell,227149684
2024-07-30 09:19:26,15650.0,100,Sell,227149683
2024-07-30 09:19:26,15650.0,1500,Sell,227149682
2024-07-30 09:19:26,15650.0,100,Sell,227149680
2024-07-30 09:19:26,15650.0,1000,Sell,227149679
2024-07-30 09:19:26,15650.0,2000,Sell,227149681
2024-07-30 09:19:26,15650.0,1300,Sell,227149674
2024-07-30 09:19:26,15650.0,1000,Sell,227149675
2024-07-30 09:19:26,15650.0,100,Sell,227149678
2024-07-30 09:19:26,15650.0,300,Sell,227149677
2024-07-30 09:19:26,15650.0,1000,Sell,227149676
2024-07-30 09:19:41,15600.0,100,Sell,227150229
2024-07-30 09:19:41,15600.0,100,Sell,227150230
2024-07-30 09:19:41,15600.0,200,Sell,227150231
2024-07-30 09:19:41,15600.0,600,Sell,227150232
2024-07-30 09:19:42,15650.0,1000,Buy,227150262
2024-07-30 09:19:42,15650.0,500,Buy,227150261
2024-07-30 09:19:42,15600.0,600,Sell,227150255
2024-07-30 09:19:42,15600.0,100,Sell,227150254
2024-07-30 09:19:42,15600.0,600,Sell,227150253
2024-07-30 09:19:42,15650.0,200,Buy,227150263
2024-07-30 09:19:42,15600.0,500,Sell,227150251
2024-07-30 09:19:42,15600.0,500,Sell,227150252
2024-07-30 09:19:42,15600.0,300,Sell,227150246
2024-07-30 09:19:42,15600.0,100,Sell,227150247
2024-07-30 09:19:42,15650.0,2400,Buy,227150260
2024-07-30 09:19:42,15600.0,100,Sell,227150249
2024-07-30 09:19:42,15600.0,2000,Sell,227150250
2024-07-30 09:19:42,15600.0,200,Sell,227150248
2024-07-30 09:19:49,15650.0,1000,Sell,227150464
2024-07-30 09:19:51,15650.0,300,Sell,227150547
2024-07-30 09:19:52,15650.0,200,Sell,227150678
2024-07-30 09:20:11,15650.0,500,Sell,227151260
2024-07-30 09:20:36,15650.0,1800,Sell,227151969
2024-07-30 09:20:36,15650.0,100,Sell,227151965
2024-07-30 09:20:44,15650.0,5000,Sell,227152207
2024-07-30 09:20:53,15650.0,100,Sell,227152490
2024-07-30 09:20:56,15650.0,900,Sell,227152577
2024-07-30 09:21:02,15650.0,1000,Sell,227152759
2024-07-30 09:21:24,15650.0,100,Sell,227153377
2024-07-30 09:21:31,15650.0,200,Sell,227153617
2024-07-30 09:21:44,15650.0,500,Sell,227154004
2024-07-30 09:22:07,15650.0,100,Sell,227154635
2024-07-30 09:22:10,15650.0,1000,Sell,227154738
2024-07-30 09:22:18,15650.0,100,Sell,227154938
2024-07-30 09:22:37,15650.0,2000,Sell,227155448
2024-07-30 09:22:50,15650.0,2700,Sell,227155872
2024-07-30 09:22:50,15650.0,1000,Sell,227155870
2024-07-30 09:22:50,15650.0,300,Sell,227155871
2024-07-30 09:23:02,15650.0,1000,Sell,227156242
2024-07-30 09:23:03,15650.0,100,Sell,227156313
2024-07-30 09:23:17,15650.0,800,Sell,227156742
2024-07-30 09:23:17,15650.0,200,Sell,227156741
2024-07-30 09:23:25,15650.0,200,Sell,227156953
2024-07-30 09:23:25,15650.0,800,Sell,227156954
2024-07-30 09:23:26,15650.0,200,Sell,227156972
2024-07-30 09:23:26,15650.0,100,Sell,227156973
2024-07-30 09:23:26,15650.0,200,Sell,227156974
2024-07-30 09:23:26,15650.0,300,Sell,227156975
2024-07-30 09:23:42,15650.0,1500,Sell,227157407
2024-07-30 09:23:42,15650.0,100,Sell,227157406
2024-07-30 09:23:55,15650.0,8900,Sell,227157749
2024-07-30 09:23:55,15650.0,300,Sell,227157750
2024-07-30 09:24:18,15650.0,200,Sell,227158357
2024-07-30 09:24:35,15700.0,600,Buy,227158736
2024-07-30 09:24:37,15650.0,2000,Sell,227158776
2024-07-30 09:24:37,15650.0,8100,Sell,227158775
2024-07-30 09:24:37,15650.0,500,Sell,227158774
2024-07-30 09:24:37,15650.0,19800,Sell,227158778
2024-07-30 09:24:37,15650.0,100,Sell,227158772
2024-07-30 09:24:37,15650.0,100,Sell,227158773
2024-07-30 09:24:37,15650.0,9100,Sell,227158770
2024-07-30 09:24:37,15650.0,200,Sell,227158777
2024-07-30 09:24:37,15650.0,100,Sell,227158771
2024-07-30 09:24:39,15650.0,1000,Sell,227158863
2024-07-30 09:24:39,15650.0,400,Sell,227158864
2024-07-30 09:24:39,15650.0,10000,Sell,227158865
2024-07-30 09:24:39,15650.0,300,Sell,227158866
2024-07-30 09:24:39,15650.0,200,Sell,227158867
2024-07-30 09:24:39,15650.0,500,Sell,227158868
2024-07-30 09:24:39,15650.0,400,Sell,227158869
2024-07-30 09:24:39,15600.0,2100,Sell,227158870
2024-07-30 09:24:44,15650.0,1000,Sell,227159005
2024-07-30 09:24:54,15650.0,2000,Sell,227159291
2024-07-30 09:25:07,15650.0,300,Sell,227159676
2024-07-30 09:25:07,15650.0,3200,Sell,227159677
2024-07-30 09:25:07,15650.0,3100,Sell,227159683
2024-07-30 09:25:07,15650.0,6500,Sell,227159675
2024-07-30 09:25:08,15650.0,500,Sell,227159717
2024-07-30 09:25:08,15650.0,500,Sell,227159718
2024-07-30 09:25:35,15650.0,1700,Sell,227160413
2024-07-30 09:25:54,15650.0,900,Sell,227160918
2024-07-30 09:26:02,15650.0,600,Sell,227161183
2024-07-30 09:26:05,15650.0,5700,Sell,227161300
2024-07-30 09:26:33,15650.0,100,Sell,227162020
2024-07-30 09:26:34,15650.0,2000,Sell,227162033
2024-07-30 09:26:54,15650.0,2000,Sell,227162600
2024-07-30 09:27:06,15650.0,100,Sell,227162946
2024-07-30 09:27:08,15650.0,1000,Sell,227162989
2024-07-30 09:27:13,15650.0,100,Sell,227163114
2024-07-30 09:27:18,15650.0,3000,Sell,227163261
2024-07-30 09:27:48,15700.0,100,Buy,227164175
2024-07-30 09:27:50,15650.0,400,Sell,227164225
2024-07-30 09:28:14,15700.0,400,Buy,227164936
2024-07-30 09:28:14,15700.0,3000,Buy,227164934
2024-07-30 09:28:14,15700.0,600,Buy,227164933
2024-07-30 09:28:14,15700.0,400,Buy,227164935
2024-07-30 09:28:14,15700.0,2000,Buy,227164931
2024-07-30 09:28:14,15700.0,2000,Buy,227164930
2024-07-30 09:28:14,15700.0,11000,Buy,227164929
2024-07-30 09:28:14,15700.0,100,Buy,227164928
2024-07-30 09:28:14,15700.0,500,Buy,227164932
2024-07-30 09:28:20,15700.0,100,Buy,227165079
2024-07-30 09:28:21,15650.0,700,Sell,227165176
2024-07-30 09:28:23,15650.0,1000,Sell,227165221
2024-07-30 09:28:33,15700.0,200,Buy,227165521
2024-07-30 09:28:37,15700.0,1000,Buy,227165682
2024-07-30 09:28:37,15700.0,500,Buy,227165681
2024-07-30 09:28:37,15700.0,100,Buy,227165680
2024-07-30 09:28:37,15700.0,100,Buy,227165679
2024-07-30 09:28:37,15700.0,100,Buy,227165678
2024-07-30 09:28:37,15650.0,7500,Sell,227165675
2024-07-30 09:28:37,15700.0,300,Buy,227165676
2024-07-30 09:28:37,15700.0,100,Buy,227165677
2024-07-30 09:28:37,15650.0,200,Sell,227165671
2024-07-30 09:28:37,15650.0,10000,Sell,227165674
2024-07-30 09:28:37,15650.0,6800,Sell,227165673
2024-07-30 09:28:37,15650.0,500,Sell,227165672
2024-07-30 09:28:43,15700.0,2000,Sell,227165881
2024-07-30 09:28:52,15700.0,500,Sell,227166223
2024-07-30 09:28:57,15750.0,200,Buy,227166358
2024-07-30 09:28:57,15750.0,100,Buy,227166359
2024-07-30 09:28:57,15750.0,600,Buy,227166361
2024-07-30 09:28:57,15750.0,1000,Buy,227166362
2024-07-30 09:28:57,15750.0,100,Buy,227166360
2024-07-30 09:28:58,15700.0,600,Sell,227166392
2024-07-30 09:29:02,15700.0,6100,Sell,227166566
2024-07-30 09:29:04,15750.0,500,Buy,227166682
2024-07-30 09:29:11,15750.0,100,Buy,227166889
2024-07-30 09:29:14,15750.0,200,Buy,227167028
2024-07-30 09:29:14,15750.0,400,Buy,227167006
2024-07-30 09:29:14,15750.0,1600,Buy,227167007
2024-07-30 09:29:37,15700.0,900,Sell,227167832
2024-07-30 09:29:52,15700.0,1000,Sell,227168378
2024-07-30 09:29:54,15750.0,500,Buy,227168423
2024-07-30 09:29:55,15700.0,100,Sell,227168439
2024-07-30 09:30:01,15700.0,1700,Sell,227168609
2024-07-30 09:30:06,15750.0,600,Buy,227168907
2024-07-30 09:30:06,15750.0,200,Buy,227168912
2024-07-30 09:30:06,15750.0,2000,Buy,227168911
2024-07-30 09:30:06,15750.0,100,Buy,227168891
2024-07-30 09:30:06,15750.0,100,Buy,227168909
2024-07-30 09:30:06,15750.0,1000,Buy,227168908
2024-07-30 09:30:06,15750.0,100,Buy,227168910
2024-07-30 09:30:07,15750.0,300,Buy,227168922
2024-07-30 09:30:07,15750.0,100,Buy,227168923
2024-07-30 09:30:10,15750.0,1300,Sell,227169001
2024-07-30 09:30:11,15750.0,200,Sell,227169021
2024-07-30 09:30:33,15750.0,1800,Sell,227169752
2024-07-30 09:30:37,15750.0,15000,Sell,227169868
2024-07-30 09:30:41,15750.0,100,Sell,227169974
2024-07-30 09:30:44,15750.0,1200,Sell,227170091
2024-07-30 09:30:44,15750.0,100,Sell,227170092
2024-07-30 09:30:44,15750.0,100,Sell,227170093
2024-07-30 09:30:44,15750.0,8600,Sell,227170094
2024-07-30 09:30:49,15750.0,500,Sell,227170252
2024-07-30 09:30:52,15750.0,100,Sell,227170349
2024-07-30 09:30:52,15750.0,900,Sell,227170348
2024-07-30 09:30:55,15750.0,100,Sell,227170451
2024-07-30 09:31:18,15750.0,100,Buy,227171114
2024-07-30 09:31:18,15750.0,900,Buy,227171113
2024-07-30 09:31:28,15750.0,200,Buy,227171466
2024-07-30 09:31:28,15750.0,200,Buy,227171467
2024-07-30 09:31:28,15750.0,400,Buy,227171465
2024-07-30 09:32:06,15750.0,1000,Sell,227172560
2024-07-30 09:32:06,15750.0,1000,Sell,227172567
2024-07-30 09:32:43,15750.0,800,Sell,227173719
2024-07-30 09:32:43,15750.0,500,Sell,227173720
2024-07-30 09:32:43,15750.0,500,Sell,227173717
2024-07-30 09:32:43,15750.0,7200,Sell,227173716
2024-07-30 09:32:43,15750.0,3000,Sell,227173718
2024-07-30 09:32:51,15750.0,1400,Sell,227173896
2024-07-30 09:33:15,15750.0,2000,Sell,227174458
2024-07-30 09:33:17,15750.0,300,Sell,227174498
2024-07-30 09:33:21,15750.0,900,Sell,227174599
2024-07-30 09:33:31,15750.0,2000,Sell,227174838
2024-07-30 09:33:52,15750.0,1000,Sell,227175445
2024-07-30 09:33:55,15750.0,1400,Sell,227175505
2024-07-30 09:33:57,15750.0,500,Sell,227175592
2024-07-30 09:33:57,15750.0,500,Sell,227175593
2024-07-30 09:33:58,15800.0,100,Buy,227175597
2024-07-30 09:34:03,15750.0,500,Sell,227175725
2024-07-30 09:34:15,15750.0,300,Sell,227176035
2024-07-30 09:34:15,15750.0,1000,Sell,227176028
2024-07-30 09:34:33,15750.0,2000,Sell,227176489
2024-07-30 09:34:33,15750.0,7700,Sell,227176488
2024-07-30 09:34:33,15750.0,300,Sell,227176490
2024-07-30 09:34:36,15750.0,400,Sell,227176561
2024-07-30 09:34:36,15750.0,600,Sell,227176562
2024-07-30 09:34:37,15750.0,500,Sell,227176573
2024-07-30 09:34:38,15750.0,2000,Sell,227176579
2024-07-30 09:34:51,15750.0,2000,Sell,227176876
2024-07-30 09:35:05,15750.0,2000,Sell,227177250
2024-07-30 09:35:09,15750.0,1900,Sell,227177344
2024-07-30 09:35:25,15750.0,1000,Sell,227177708
2024-07-30 09:35:25,15750.0,1000,Sell,227177707
2024-07-30 09:35:32,15750.0,1800,Sell,227177901
2024-07-30 09:35:34,15750.0,600,Sell,227177943
2024-07-30 09:35:50,15750.0,1000,Sell,227178319
2024-07-30 09:35:59,15750.0,100,Sell,227178490
2024-07-30 09:36:17,15750.0,1400,Sell,227178879
2024-07-30 09:36:17,15750.0,8600,Sell,227178880
2024-07-30 09:36:37,15750.0,100,Sell,227179298
2024-07-30 09:36:37,15750.0,1300,Sell,227179299
2024-07-30 09:36:37,15750.0,8700,Sell,227179300
2024-07-30 09:36:44,15750.0,1000,Sell,227179434
2024-07-30 09:36:52,15750.0,200,Sell,227179674
2024-07-30 09:36:52,15750.0,100,Sell,227179679
2024-07-30 09:36:52,15750.0,100,Sell,227179678
2024-07-30 09:36:52,15750.0,300,Sell,227179673
2024-07-30 09:36:52,15750.0,300,Sell,227179676
2024-07-30 09:36:52,15750.0,100,Sell,227179675
2024-07-30 09:36:52,15750.0,1000,Sell,227179677
2024-07-30 09:37:05,15700.0,1000,Sell,227179983
2024-07-30 09:37:18,15750.0,7900,Buy,227180315
2024-07-30 09:37:18,15750.0,7100,Buy,227180316
2024-07-30 09:37:18,15750.0,5000,Buy,227180317
2024-07-30 09:37:25,15700.0,5000,Sell,227180452
2024-07-30 09:37:27,15700.0,500,Sell,227180516
2024-07-30 09:38:00,15700.0,100,Sell,227181340
2024-07-30 09:38:04,15750.0,5500,Buy,227181421
2024-07-30 09:38:04,15750.0,100,Buy,227181422
2024-07-30 09:38:04,15750.0,5000,Buy,227181423
2024-07-30 09:38:04,15750.0,2000,Buy,227181424
2024-07-30 09:38:04,15750.0,1000,Buy,227181425
2024-07-30 09:38:19,15750.0,900,Sell,227181779
2024-07-30 09:38:33,15750.0,5500,Sell,227182058
2024-07-30 09:38:34,15750.0,3500,Sell,227182059
2024-07-30 09:38:43,15750.0,100,Sell,227182233
2024-07-30 09:39:00,15750.0,100,Sell,227182557
2024-07-30 09:39:00,15750.0,20000,Sell,227182560
2024-07-30 09:39:00,15750.0,400,Sell,227182556
2024-07-30 09:39:00,15750.0,100,Sell,227182558
2024-07-30 09:39:00,15750.0,1000,Sell,227182559
2024-07-30 09:39:20,15750.0,2500,Buy,227183059
2024-07-30 09:39:20,15750.0,1000,Buy,227183060
2024-07-30 09:39:20,15750.0,4400,Buy,227183058
2024-07-30 09:39:33,15750.0,500,Sell,227183295
2024-07-30 09:39:34,15750.0,1000,Sell,227183307
2024-07-30 09:39:41,15750.0,300,Sell,227183455
2024-07-30 09:39:56,15750.0,300,Sell,227183740
2024-07-30 09:40:00,15750.0,3000,Sell,227183799
2024-07-30 09:40:25,15750.0,3400,Sell,227184389
2024-07-30 09:40:30,15750.0,1700,Sell,227184494
2024-07-30 09:40:34,15750.0,1900,Sell,227184584
2024-07-30 09:40:34,15750.0,100,Sell,227184585
2024-07-30 09:40:34,15750.0,8000,Sell,227184586
2024-07-30 09:40:40,15750.0,3400,Sell,227184699
2024-07-30 09:40:42,15750.0,6300,Sell,227184716
2024-07-30 09:40:43,15750.0,100,Sell,227184744
2024-07-30 09:40:48,15750.0,1000,Sell,227184885
2024-07-30 09:40:48,15750.0,700,Sell,227184889
2024-07-30 09:40:56,15750.0,200,Sell,227185079
2024-07-30 09:40:56,15750.0,100,Sell,227185076
2024-07-30 09:41:15,15750.0,200,Sell,227185469
2024-07-30 09:41:15,15750.0,500,Sell,227185470
2024-07-30 09:41:20,15700.0,600,Sell,227185554
2024-07-30 09:41:47,15700.0,80000,Sell,227186081
2024-07-30 09:41:49,15700.0,1000,Sell,227186149
2024-07-30 09:42:03,15700.0,900,Sell,227186423
2024-07-30 09:42:11,15700.0,2000,Sell,227186559
2024-07-30 09:43:05,15700.0,200,Sell,227187513
2024-07-30 09:43:11,15700.0,2000,Sell,227187666
2024-07-30 09:43:17,15700.0,1000,Sell,227187815
2024-07-30 09:43:34,15700.0,5000,Sell,227188232
2024-07-30 09:43:36,15700.0,5000,Sell,227188258
2024-07-30 09:44:23,15700.0,1000,Sell,227189218
2024-07-30 09:44:32,15700.0,1000,Sell,227189437
2024-07-30 09:44:48,15700.0,300,Sell,227189734
2024-07-30 09:45:03,15700.0,5000,Sell,227190084
2024-07-30 09:45:11,15700.0,400,Sell,227190209
2024-07-30 09:45:29,15700.0,1800,Sell,227190546
2024-07-30 09:45:46,15700.0,1000,Sell,227190914
2024-07-30 09:46:12,15700.0,10000,Sell,227191414
2024-07-30 09:46:25,15700.0,100,Sell,227191766
2024-07-30 09:46:26,15750.0,100,Buy,227191806
2024-07-30 09:46:28,15700.0,1000,Sell,227191850
2024-07-30 09:47:01,15700.0,900,Sell,227192636
2024-07-30 09:47:44,15700.0,1000,Sell,227193680
2024-07-30 09:47:51,15700.0,1000,Sell,227193761
2024-07-30 09:48:15,15700.0,1000,Sell,227194615
2024-07-30 09:48:18,15700.0,100,Sell,227194705
2024-07-30 09:48:46,15700.0,200,Sell,227195264
2024-07-30 09:48:56,15700.0,200,Sell,227195508
2024-07-30 09:48:57,15700.0,18000,Sell,227195527
2024-07-30 09:49:18,15700.0,5000,Sell,227195900
2024-07-30 09:49:18,15700.0,1000,Sell,227195904
2024-07-30 09:49:18,15700.0,200,Sell,227195917
2024-07-30 09:49:28,15700.0,100,Sell,227196155
2024-07-30 09:49:30,15700.0,1000,Sell,227196187
2024-07-30 09:49:32,15700.0,1000,Sell,227196216
2024-07-30 09:49:37,15700.0,300,Sell,227196334
2024-07-30 09:49:38,15700.0,300,Sell,227196345
2024-07-30 09:49:39,15700.0,5000,Sell,227196361
2024-07-30 09:49:53,15700.0,2000,Sell,227196759
2024-07-30 09:49:56,15700.0,200,Sell,227196818
2024-07-30 09:50:03,15700.0,1000,Sell,227196948
2024-07-30 09:50:14,15700.0,900,Sell,227197193
2024-07-30 09:50:25,15700.0,300,Sell,227197476
2024-07-30 09:50:27,15700.0,1800,Sell,227197524
2024-07-30 09:50:43,15750.0,2000,Buy,227197996
2024-07-30 09:50:44,15700.0,900,Sell,227198011
2024-07-30 09:50:45,15700.0,2200,Sell,227198029
2024-07-30 09:50:52,15700.0,3400,Sell,227198185
2024-07-30 09:50:52,15700.0,10000,Sell,227198186
2024-07-30 09:50:52,15700.0,200,Sell,227198187
2024-07-30 09:50:52,15700.0,400,Sell,227198188
2024-07-30 09:50:52,15700.0,1000,Sell,227198189
2024-07-30 09:50:52,15700.0,5000,Sell,227198190
2024-07-30 09:50:59,15700.0,1000,Sell,227198327
2024-07-30 09:50:59,15700.0,200,Sell,227198328
2024-07-30 09:50:59,15700.0,400,Sell,227198329
2024-07-30 09:50:59,15700.0,200,Sell,227198330
2024-07-30 09:50:59,15700.0,300,Sell,227198331
2024-07-30 09:50:59,15700.0,2000,Sell,227198335
2024-07-30 09:50:59,15700.0,100,Sell,227198333
2024-07-30 09:50:59,15700.0,1000,Sell,227198334
2024-07-30 09:50:59,15700.0,100,Sell,227198336
2024-07-30 09:50:59,15700.0,100,Sell,227198337
2024-07-30 09:50:59,15700.0,100,Sell,227198326
2024-07-30 09:50:59,15700.0,400,Sell,227198332
2024-07-30 09:50:59,15700.0,200,Sell,227198325
2024-07-30 09:50:59,15700.0,100,Sell,227198324
2024-07-30 09:50:59,15700.0,1700,Sell,227198323
2024-07-30 09:50:59,15700.0,100,Sell,227198312
2024-07-30 09:50:59,15700.0,1000,Sell,227198313
2024-07-30 09:50:59,15700.0,1000,Sell,227198314
2024-07-30 09:50:59,15700.0,500,Sell,227198315
2024-07-30 09:50:59,15700.0,500,Sell,227198316
2024-07-30 09:50:59,15700.0,5000,Sell,227198311
2024-07-30 09:50:59,15700.0,1000,Sell,227198318
2024-07-30 09:50:59,15700.0,100,Sell,227198322
2024-07-30 09:50:59,15700.0,1000,Sell,227198321
2024-07-30 09:50:59,15700.0,400,Sell,227198317
2024-07-30 09:50:59,15700.0,1000,Sell,227198319
2024-07-30 09:50:59,15700.0,500,Sell,227198320
2024-07-30 09:51:03,15700.0,9500,Sell,227198381
2024-07-30 09:51:14,15700.0,300,Sell,227198610
2024-07-30 09:51:15,15750.0,100,Buy,227198620
2024-07-30 09:51:15,15700.0,10000,Sell,227198626
2024-07-30 09:51:17,15700.0,900,Sell,227198664
2024-07-30 09:51:17,15700.0,100,Sell,227198663
2024-07-30 09:51:28,15700.0,100,Sell,227198936
2024-07-30 09:51:28,15700.0,2400,Sell,227198938
2024-07-30 09:51:28,15700.0,500,Sell,227198937
2024-07-30 09:51:38,15700.0,1200,Sell,227199182
2024-07-30 09:51:38,15700.0,200,Sell,227199183
2024-07-30 09:51:38,15700.0,600,Sell,227199184
2024-07-30 09:51:39,15700.0,1000,Sell,227199207
2024-07-30 09:51:41,15700.0,4400,Sell,227199267
2024-07-30 09:51:41,15700.0,600,Sell,227199268
2024-07-30 09:51:54,15700.0,1000,Sell,227199585
2024-07-30 09:51:59,15700.0,1000,Sell,227199693
2024-07-30 09:52:38,15700.0,100,Sell,227200496
2024-07-30 09:52:54,15700.0,3000,Sell,227200782
2024-07-30 09:53:05,15700.0,100,Sell,227201076
2024-07-30 09:53:14,15700.0,1000,Sell,227201214
2024-07-30 09:53:27,15700.0,300,Sell,227201476
2024-07-30 09:53:32,15700.0,4000,Sell,227201563
2024-07-30 09:53:42,15700.0,100,Sell,227201823
2024-07-30 09:53:47,15700.0,200,Sell,227201912
2024-07-30 09:53:47,15700.0,8800,Sell,227201910
2024-07-30 09:53:47,15700.0,2000,Sell,227201911
2024-07-30 09:53:53,15700.0,200,Sell,227201993
2024-07-30 09:53:53,15700.0,500,Sell,227201994
2024-07-30 09:53:53,15700.0,100,Sell,227201995
2024-07-30 09:53:53,15700.0,100,Sell,227201996
2024-07-30 09:53:53,15700.0,100,Sell,227201997
2024-07-30 09:53:53,15700.0,200,Sell,227201998
2024-07-30 09:53:53,15700.0,100,Sell,227201999
2024-07-30 09:54:14,15700.0,200,Buy,227202471
2024-07-30 09:54:17,15700.0,1900,Buy,227202529
2024-07-30 09:54:17,15700.0,300,Buy,227202528
2024-07-30 09:54:17,15700.0,2500,Buy,227202527
2024-07-30 09:54:28,15700.0,900,Sell,227202772
2024-07-30 09:54:43,15700.0,100,Sell,227203087
2024-07-30 09:55:22,15700.0,100,Sell,227203874
2024-07-30 09:55:26,15700.0,1700,Sell,227203930
2024-07-30 09:55:43,15700.0,1000,Sell,227204328
2024-07-30 09:56:04,15750.0,100,Buy,227204722
2024-07-30 09:56:06,15700.0,200,Sell,227204798
2024-07-30 09:56:16,15700.0,200,Sell,227204980
2024-07-30 09:56:16,15700.0,4800,Sell,227204981
2024-07-30 09:56:20,15700.0,100,Sell,227205035
2024-07-30 09:56:43,15700.0,100,Sell,227205441
2024-07-30 09:56:47,15750.0,100,Buy,227205547
2024-07-30 09:56:49,15700.0,4500,Sell,227205608
2024-07-30 09:56:49,15700.0,100,Sell,227205607
2024-07-30 09:56:49,15700.0,200,Sell,227205605
2024-07-30 09:56:49,15700.0,15000,Sell,227205603
2024-07-30 09:56:49,15700.0,2000,Sell,227205606
2024-07-30 09:56:49,15700.0,200,Sell,227205604
2024-07-30 09:56:57,15700.0,1000,Sell,227205763
2024-07-30 09:57:05,15700.0,200,Sell,227205957
2024-07-30 09:57:09,15700.0,2000,Sell,227206031
2024-07-30 09:57:10,15700.0,6000,Sell,227206080
2024-07-30 09:58:05,15700.0,5000,Sell,227207124
2024-07-30 09:58:12,15700.0,1000,Sell,227207245
2024-07-30 09:58:23,15700.0,100,Sell,227207470
2024-07-30 09:58:23,15700.0,100,Sell,227207471
2024-07-30 09:58:23,15700.0,100,Sell,227207472
2024-07-30 09:58:23,15700.0,100,Sell,227207473
2024-07-30 09:58:23,15700.0,400,Sell,227207474
2024-07-30 09:58:23,15700.0,900,Sell,227207475
2024-07-30 09:58:23,15700.0,300,Sell,227207469
2024-07-30 09:58:37,15700.0,500,Sell,227207755
2024-07-30 09:58:49,15700.0,1000,Sell,227207926
2024-07-30 09:58:50,15700.0,100,Sell,227207934
2024-07-30 09:58:50,15700.0,100,Sell,227207935
2024-07-30 09:58:50,15700.0,300,Sell,227207936
2024-07-30 09:58:55,15700.0,9700,Sell,227208073
2024-07-30 09:58:55,15700.0,10300,Sell,227208074
2024-07-30 09:58:58,15700.0,5000,Sell,227208126
2024-07-30 09:59:08,15700.0,4700,Sell,227208275
2024-07-30 09:59:08,15700.0,200,Sell,227208276
2024-07-30 09:59:08,15700.0,100,Sell,227208277
2024-07-30 09:59:17,15750.0,1000,Buy,227208495
2024-07-30 09:59:26,15700.0,900,Sell,227208703
2024-07-30 09:59:55,15700.0,3000,Sell,227209291
2024-07-30 10:00:22,15700.0,1800,Sell,227209895
2024-07-30 10:00:22,15700.0,3200,Sell,227209896
2024-07-30 10:00:24,15700.0,500,Sell,227209904
2024-07-30 10:00:24,15700.0,1800,Sell,227209943
2024-07-30 10:00:41,15700.0,1000,Sell,227210184
2024-07-30 10:00:52,15700.0,2100,Sell,227210360
2024-07-30 10:00:53,15750.0,100,Buy,227210364
2024-07-30 10:01:11,15750.0,200,Buy,227210643
2024-07-30 10:01:19,15700.0,1400,Sell,227210826
2024-07-30 10:01:19,15700.0,2600,Sell,227210827
2024-07-30 10:01:26,15750.0,1900,Buy,227210972
2024-07-30 10:01:26,15750.0,500,Buy,227210973
2024-07-30 10:01:26,15750.0,100,Buy,227210974
2024-07-30 10:01:26,15750.0,100,Buy,227210975
2024-07-30 10:01:26,15750.0,100,Buy,227210976
2024-07-30 10:01:26,15750.0,100,Buy,227210977
2024-07-30 10:01:26,15750.0,300,Buy,227210978
2024-07-30 10:01:38,15750.0,100,Buy,227211213
2024-07-30 10:01:49,15700.0,3100,Sell,227211358
2024-07-30 10:01:55,15700.0,1000,Sell,227211459
2024-07-30 10:02:00,15700.0,300,Sell,227211524
2024-07-30 10:02:13,15700.0,300,Sell,227211789
2024-07-30 10:02:26,15700.0,12700,Sell,227211963
2024-07-30 10:02:26,15700.0,7300,Sell,227211964
2024-07-30 10:02:41,15700.0,500,Sell,227212204
2024-07-30 10:02:59,15700.0,400,Sell,227212513
2024-07-30 10:03:10,15700.0,900,Sell,227212745
2024-07-30 10:03:19,15700.0,700,Sell,227212872
2024-07-30 10:03:28,15700.0,300,Sell,227213046
2024-07-30 10:04:24,15700.0,1000,Sell,227214045
2024-07-30 10:04:25,15700.0,500,Sell,227214063
2024-07-30 10:04:32,15700.0,1000,Sell,227214169
2024-07-30 10:04:37,15700.0,7400,Sell,227214287
2024-07-30 10:04:37,15700.0,1100,Sell,227214288
2024-07-30 10:04:37,15700.0,100,Sell,227214289
2024-07-30 10:04:37,15700.0,100,Sell,227214290
2024-07-30 10:04:37,15700.0,5000,Sell,227214291
2024-07-30 10:04:37,15700.0,6300,Sell,227214292
2024-07-30 10:05:23,15700.0,1800,Sell,227215043
2024-07-30 10:05:39,15700.0,1000,Sell,227215292
2024-07-30 10:05:43,15750.0,100,Buy,227215347
2024-07-30 10:05:47,15750.0,100,Buy,227215401
2024-07-30 10:06:05,15700.0,100,Sell,227215674
2024-07-30 10:06:05,15700.0,900,Sell,227215673
2024-07-30 10:06:18,15700.0,500,Sell,227215867
2024-07-30 10:06:26,15700.0,100,Sell,227215969
2024-07-30 10:06:49,15700.0,2000,Sell,227216433
2024-07-30 10:06:53,15700.0,1000,Sell,227216703
2024-07-30 10:07:03,15700.0,1000,Sell,227216996
2024-07-30 10:07:05,15700.0,2000,Sell,227217024
2024-07-30 10:07:14,15700.0,1900,Sell,227217147
2024-07-30 10:07:27,15700.0,500,Sell,227217359
2024-07-30 10:07:39,15700.0,200,Sell,227217553
2024-07-30 10:07:42,15700.0,500,Sell,227217641
2024-07-30 10:07:47,15700.0,500,Sell,227217756
2024-07-30 10:08:08,15700.0,900,Sell,227218189
2024-07-30 10:08:23,15700.0,3300,Sell,227218367
2024-07-30 10:08:42,15700.0,5500,Sell,227218641
2024-07-30 10:08:42,15700.0,4500,Sell,227218642
2024-07-30 10:08:44,15700.0,5000,Sell,227218664
2024-07-30 10:08:46,15700.0,1000,Sell,227218709
2024-07-30 10:08:52,15700.0,200,Sell,227218779
2024-07-30 10:08:52,15700.0,1000,Sell,227218780
2024-07-30 10:08:54,15700.0,100,Sell,227218813
2024-07-30 10:08:54,15700.0,100,Sell,227218812
2024-07-30 10:08:54,15700.0,500,Sell,227218810
2024-07-30 10:08:54,15700.0,8300,Sell,227218809
2024-07-30 10:08:54,15700.0,100,Sell,227218811
2024-07-30 10:09:22,15650.0,1000,Sell,227219245
2024-07-30 10:10:21,15650.0,1500,Sell,227220168
2024-07-30 10:10:21,15650.0,100,Sell,227220169
2024-07-30 10:10:21,15650.0,100,Sell,227220170
2024-07-30 10:10:26,15650.0,1200,Sell,227220264
2024-07-30 10:10:26,15650.0,500,Sell,227220262
2024-07-30 10:10:26,15650.0,500,Sell,227220263
2024-07-30 10:10:26,15650.0,1000,Sell,227220260
2024-07-30 10:10:26,15650.0,1000,Sell,227220259
2024-07-30 10:10:26,15650.0,1000,Sell,227220258
2024-07-30 10:10:26,15650.0,300,Sell,227220261
2024-07-30 10:10:32,15700.0,100,Buy,227220339
2024-07-30 10:10:37,15650.0,1000,Sell,227220404
2024-07-30 10:11:40,15650.0,800,Sell,227221298
2024-07-30 10:11:50,15650.0,500,Sell,227221457
2024-07-30 10:11:50,15650.0,1500,Sell,227221458
2024-07-30 10:11:52,15650.0,900,Sell,227221483
2024-07-30 10:11:58,15650.0,1200,Sell,227221596
2024-07-30 10:12:43,15650.0,100,Sell,227222142
2024-07-30 10:12:43,15650.0,500,Sell,227222141
2024-07-30 10:12:43,15650.0,400,Sell,227222139
2024-07-30 10:12:43,15650.0,1000,Sell,227222140
2024-07-30 10:12:52,15650.0,400,Sell,227222271
2024-07-30 10:12:52,15650.0,1000,Sell,227222272
2024-07-30 10:13:06,15650.0,1000,Sell,227222476
2024-07-30 10:13:12,15650.0,500,Sell,227222587
2024-07-30 10:13:12,15650.0,9100,Sell,227222592
2024-07-30 10:13:12,15650.0,100,Sell,227222591
2024-07-30 10:13:12,15650.0,1500,Sell,227222590
2024-07-30 10:13:12,15650.0,200,Sell,227222589
2024-07-30 10:13:12,15650.0,2000,Sell,227222588
2024-07-30 10:13:12,15650.0,600,Sell,227222586
2024-07-30 10:13:12,15650.0,8000,Sell,227222578
2024-07-30 10:13:12,15650.0,16000,Sell,227222584
2024-07-30 10:13:12,15650.0,100,Sell,227222579
2024-07-30 10:13:12,15650.0,1000,Sell,227222580
2024-07-30 10:13:12,15650.0,500,Sell,227222585
2024-07-30 10:13:12,15650.0,100,Sell,227222582
2024-07-30 10:13:12,15650.0,1000,Sell,227222581
2024-07-30 10:13:12,15650.0,500,Sell,227222583
2024-07-30 10:13:48,15700.0,1400,Buy,227223156
2024-07-30 10:13:48,15700.0,500,Buy,227223155
2024-07-30 10:13:48,15700.0,200,Buy,227223154
2024-07-30 10:13:48,15700.0,800,Buy,227223150
2024-07-30 10:13:48,15700.0,200,Buy,227223152
2024-07-30 10:13:48,15700.0,200,Buy,227223151
2024-07-30 10:13:48,15700.0,1700,Buy,227223153
2024-07-30 10:14:16,15700.0,2600,Buy,227223604
2024-07-30 10:14:16,15700.0,400,Buy,227223605
2024-07-30 10:14:16,15700.0,500,Buy,227223607
2024-07-30 10:14:16,15700.0,100,Buy,227223608
2024-07-30 10:14:16,15700.0,1300,Buy,227223609
2024-07-30 10:14:16,15700.0,100,Buy,227223606
2024-07-30 10:14:21,15650.0,1000,Sell,227223717
2024-07-30 10:14:21,15700.0,100,Buy,227223730
2024-07-30 10:14:47,15700.0,1000,Buy,227224190
2024-07-30 10:15:21,15700.0,100,Buy,227224768
2024-07-30 10:15:35,15650.0,1000,Sell,227225155
2024-07-30 10:15:53,15650.0,1000,Sell,227225462
2024-07-30 10:15:54,15650.0,4000,Sell,227225479
2024-07-30 10:16:50,15650.0,900,Sell,227226326
2024-07-30 10:17:00,15700.0,400,Buy,227226501
2024-07-30 10:18:04,15650.0,1000,Sell,227227475
2024-07-30 10:18:11,15650.0,600,Sell,227227582
2024-07-30 10:18:18,15650.0,300,Sell,227227684
2024-07-30 10:18:33,15650.0,200,Sell,227227949
2024-07-30 10:18:57,15650.0,100,Sell,227228444
2024-07-30 10:19:05,15650.0,500,Sell,227228578
2024-07-30 10:19:19,15650.0,1000,Sell,227228905
2024-07-30 10:19:23,15650.0,1000,Sell,227228998
2024-07-30 10:19:58,15650.0,400,Sell,227229600
2024-07-30 10:20:04,15700.0,2100,Buy,227229715
2024-07-30 10:20:04,15700.0,100,Buy,227229716
2024-07-30 10:20:04,15700.0,100,Buy,227229717
2024-07-30 10:20:04,15700.0,500,Buy,227229718
2024-07-30 10:20:04,15700.0,200,Buy,227229719
2024-07-30 10:20:04,15700.0,100,Buy,227229720
2024-07-30 10:20:04,15700.0,1500,Buy,227229721
2024-07-30 10:20:04,15700.0,400,Buy,227229722
2024-07-30 10:20:10,15700.0,100,Buy,227229803
2024-07-30 10:20:14,15650.0,100,Sell,227229886
2024-07-30 10:20:18,15650.0,1800,Sell,227229982
2024-07-30 10:20:33,15650.0,900,Sell,227230306
2024-07-30 10:20:42,15650.0,1700,Sell,227230439
2024-07-30 10:21:00,15650.0,200,Sell,227230749
2024-07-30 10:21:46,15650.0,200,Sell,227231347
2024-07-30 10:21:48,15650.0,1000,Sell,227231369
2024-07-30 10:21:50,15650.0,5000,Sell,227231413
2024-07-30 10:22:05,15700.0,500,Buy,227231825
2024-07-30 10:22:05,15700.0,100,Buy,227231824
2024-07-30 10:22:05,15700.0,3000,Buy,227231823
2024-07-30 10:22:05,15700.0,100,Buy,227231822
2024-07-30 10:22:05,15700.0,200,Buy,227231821
2024-07-30 10:22:05,15700.0,300,Buy,227231818
2024-07-30 10:22:05,15700.0,1000,Buy,227231819
2024-07-30 10:22:05,15700.0,6000,Buy,227231816
2024-07-30 10:22:05,15700.0,1800,Buy,227231815
2024-07-30 10:22:05,15700.0,1000,Buy,227231814
2024-07-30 10:22:05,15700.0,500,Buy,227231820
2024-07-30 10:22:05,15700.0,600,Buy,227231817
2024-07-30 10:22:08,15700.0,4000,Sell,227231954
2024-07-30 10:22:12,15700.0,100,Sell,227231994
2024-07-30 10:22:16,15700.0,800,Sell,227232049
2024-07-30 10:22:16,15700.0,1300,Sell,227232050
2024-07-30 10:22:47,15700.0,5000,Sell,227232700
2024-07-30 10:22:47,15700.0,200,Sell,227232710
2024-07-30 10:23:02,15700.0,1000,Sell,227233138
2024-07-30 10:23:08,15700.0,8000,Sell,227233229
2024-07-30 10:23:23,15700.0,600,Sell,227233472
2024-07-30 10:24:17,15700.0,900,Sell,227234414
2024-07-30 10:24:29,15700.0,2900,Sell,227234644
2024-07-30 10:24:36,15700.0,100,Sell,227234777
2024-07-30 10:24:36,15700.0,100,Sell,227234778
2024-07-30 10:24:42,15700.0,100,Sell,227234897
2024-07-30 10:24:59,15750.0,100,Buy,227235191
2024-07-30 10:25:00,15700.0,100,Sell,227235204
2024-07-30 10:25:16,15700.0,700,Sell,227235565
2024-07-30 10:25:16,15700.0,500,Sell,227235566
2024-07-30 10:25:16,15700.0,300,Sell,227235567
2024-07-30 10:25:16,15700.0,200,Sell,227235568
2024-07-30 10:25:24,15700.0,2000,Sell,227235750
2024-07-30 10:25:27,15700.0,2000,Buy,227235782
2024-07-30 10:25:31,15650.0,1000,Sell,227235839
2024-07-30 10:25:55,15700.0,200,Buy,227236167
2024-07-30 10:26:27,15700.0,200,Buy,227236562
2024-07-30 10:26:28,15700.0,1000,Buy,227236572
2024-07-30 10:26:28,15700.0,100,Buy,227236574
2024-07-30 10:26:28,15700.0,5600,Buy,227236571
2024-07-30 10:26:28,15700.0,100,Buy,227236573
2024-07-30 10:26:36,15700.0,700,Sell,227236681
2024-07-30 10:26:46,15650.0,1000,Sell,227236836
2024-07-30 10:27:23,15650.0,100,Sell,227237297
2024-07-30 10:27:58,15650.0,11700,Sell,227237855
2024-07-30 10:28:00,15650.0,1000,Sell,227237922
2024-07-30 10:29:15,15650.0,900,Sell,227238799
2024-07-30 10:29:25,15650.0,100,Sell,227238948
2024-07-30 10:29:25,15650.0,200,Sell,227238947
2024-07-30 10:29:25,15650.0,600,Sell,227238946
2024-07-30 10:29:25,15650.0,100,Sell,227238943
2024-07-30 10:29:25,15650.0,500,Sell,227238944
2024-07-30 10:29:25,15650.0,1300,Sell,227238941
2024-07-30 10:29:25,15650.0,100,Sell,227238945
2024-07-30 10:29:25,15650.0,100,Sell,227238942
2024-07-30 10:29:48,15700.0,100,Buy,227239179
2024-07-30 10:30:29,15650.0,100,Sell,227239747
2024-07-30 10:30:29,15650.0,600,Sell,227239748
2024-07-30 10:30:29,15650.0,100,Sell,227239746
2024-07-30 10:30:29,15650.0,100,Sell,227239744
2024-07-30 10:30:29,15650.0,100,Sell,227239745
2024-07-30 10:31:44,15650.0,1000,Sell,227240815
2024-07-30 10:32:13,15650.0,100,Sell,227241178
2024-07-30 10:32:22,15700.0,800,Buy,227241296
2024-07-30 10:32:59,15650.0,300,Sell,227241802
2024-07-30 10:32:59,15650.0,600,Sell,227241803
2024-07-30 10:33:10,15700.0,400,Buy,227241955
2024-07-30 10:33:10,15700.0,100,Buy,227241956
2024-07-30 10:33:11,15650.0,2000,Sell,227241959
2024-07-30 10:34:13,15650.0,1000,Sell,227242978
2024-07-30 10:34:30,15650.0,200,Sell,227243229
2024-07-30 10:34:30,15650.0,3400,Sell,227243230
2024-07-30 10:34:30,15650.0,6400,Sell,227243228
2024-07-30 10:34:37,15700.0,100,Buy,227243324
2024-07-30 10:35:13,15700.0,400,Buy,227243920
2024-07-30 10:35:18,15700.0,500,Buy,227244011
2024-07-30 10:35:23,15650.0,13100,Sell,227244099
2024-07-30 10:35:23,15650.0,100,Sell,227244098
2024-07-30 10:35:23,15650.0,1000,Sell,227244096
2024-07-30 10:35:23,15650.0,100,Sell,227244097
2024-07-30 10:35:23,15650.0,200,Sell,227244094
2024-07-30 10:35:23,15650.0,400,Sell,227244091
2024-07-30 10:35:23,15650.0,1300,Sell,227244095
2024-07-30 10:35:23,15650.0,200,Sell,227244093
2024-07-30 10:35:23,15650.0,1000,Sell,227244092
2024-07-30 10:35:28,15650.0,1000,Sell,227244210
2024-07-30 10:35:46,15650.0,2200,Sell,227244471
2024-07-30 10:36:42,15650.0,1000,Sell,227245407
2024-07-30 10:36:48,15700.0,100,Buy,227245465
2024-07-30 10:37:00,15650.0,5000,Sell,227245612
2024-07-30 10:37:19,15650.0,100,Sell,227245907
2024-07-30 10:37:30,15650.0,100,Sell,227246233
2024-07-30 10:37:40,15650.0,100,Sell,227246351
2024-07-30 10:37:55,15650.0,5000,Sell,227246652
2024-07-30 10:37:57,15650.0,900,Sell,227246735
2024-07-30 10:38:33,15650.0,100,Sell,227247309
2024-07-30 10:39:11,15650.0,1000,Sell,227248239
2024-07-30 10:39:27,15700.0,100,Buy,227248500
2024-07-30 10:39:38,15700.0,3700,Buy,227248663
2024-07-30 10:39:38,15700.0,100,Buy,227248664
2024-07-30 10:39:38,15700.0,1900,Buy,227248665
2024-07-30 10:39:54,15700.0,1000,Buy,227248900
2024-07-30 10:40:26,15650.0,1000,Sell,227249372
2024-07-30 10:41:06,15650.0,100,Sell,227249895
2024-07-30 10:41:40,15650.0,900,Sell,227250402
2024-07-30 10:42:17,15650.0,7500,Sell,227251034
2024-07-30 10:42:33,15650.0,1000,Sell,227251232
2024-07-30 10:42:44,15650.0,2500,Sell,227251503
2024-07-30 10:42:55,15650.0,1000,Sell,227251721
2024-07-30 10:43:46,15650.0,500,Sell,227252540
2024-07-30 10:43:46,15650.0,200,Sell,227252541
2024-07-30 10:43:46,15650.0,700,Sell,227252542
2024-07-30 10:43:46,15650.0,1200,Sell,227252543
2024-07-30 10:43:46,15650.0,1000,Sell,227252544
2024-07-30 10:43:46,15650.0,500,Sell,227252545
2024-07-30 10:43:46,15650.0,100,Sell,227252546
2024-07-30 10:43:46,15650.0,100,Sell,227252552
2024-07-30 10:43:46,15650.0,5000,Sell,227252548
2024-07-30 10:43:46,15650.0,200,Sell,227252553
2024-07-30 10:43:46,15650.0,200,Sell,227252554
2024-07-30 10:43:46,15650.0,100,Sell,227252555
2024-07-30 10:43:46,15650.0,50000,Sell,227252556
2024-07-30 10:43:46,15650.0,2000,Sell,227252557
2024-07-30 10:43:46,15650.0,1400,Sell,227252558
2024-07-30 10:43:46,15650.0,100,Sell,227252547
2024-07-30 10:43:46,15650.0,300,Sell,227252539
2024-07-30 10:43:46,15650.0,500,Sell,227252535
2024-07-30 10:43:46,15650.0,500,Sell,227252537
2024-07-30 10:43:46,15650.0,700,Sell,227252538
2024-07-30 10:43:46,15650.0,6400,Sell,227252520
2024-07-30 10:43:46,15650.0,200,Sell,227252521
2024-07-30 10:43:46,15650.0,100,Sell,227252522
2024-07-30 10:43:46,15650.0,4000,Sell,227252523
2024-07-30 10:43:46,15650.0,200,Sell,227252524
2024-07-30 10:43:46,15650.0,200,Sell,227252525
2024-07-30 10:43:46,15650.0,1000,Sell,227252526
2024-07-30 10:43:46,15650.0,2000,Sell,227252534
2024-07-30 10:43:46,15650.0,900,Sell,227252528
2024-07-30 10:43:46,15650.0,200,Sell,227252527
2024-07-30 10:43:46,15650.0,200,Sell,227252533
2024-07-30 10:43:46,15650.0,1000,Sell,227252532
2024-07-30 10:43:46,15650.0,600,Sell,227252536
2024-07-30 10:43:46,15650.0,1000,Sell,227252530
2024-07-30 10:43:46,15650.0,5700,Sell,227252531
2024-07-30 10:43:46,15650.0,200,Sell,227252529
2024-07-30 10:43:48,15700.0,3000,Buy,227252611
2024-07-30 10:44:09,15650.0,1000,Sell,227252932
2024-07-30 10:44:16,15700.0,100,Buy,227252996
2024-07-30 10:45:10,15700.0,100,Buy,227253794
2024-07-30 10:45:10,15700.0,7300,Buy,227253815
2024-07-30 10:45:10,15700.0,100,Buy,227253816
2024-07-30 10:45:10,15700.0,600,Buy,227253817
2024-07-30 10:45:10,15700.0,100,Buy,227253818
2024-07-30 10:45:10,15700.0,100,Buy,227253819
2024-07-30 10:45:10,15700.0,200,Buy,227253820
2024-07-30 10:45:10,15700.0,1700,Buy,227253821
2024-07-30 10:45:10,15700.0,4000,Buy,227253814
2024-07-30 10:45:10,15700.0,4000,Buy,227253822
2024-07-30 10:45:10,15700.0,100,Buy,227253824
2024-07-30 10:45:10,15700.0,2000,Buy,227253825
2024-07-30 10:45:10,15700.0,1000,Buy,227253826
2024-07-30 10:45:10,15700.0,7000,Buy,227253827
2024-07-30 10:45:10,15700.0,500,Buy,227253828
2024-07-30 10:45:10,15700.0,500,Buy,227253829
2024-07-30 10:45:10,15700.0,10000,Buy,227253830
2024-07-30 10:45:10,15700.0,1000,Buy,227253823
2024-07-30 10:45:10,15700.0,1000,Buy,227253793
2024-07-30 10:45:10,15700.0,2000,Buy,227253813
2024-07-30 10:45:10,15700.0,100,Buy,227253811
2024-07-30 10:45:10,15700.0,14300,Buy,227253795
2024-07-30 10:45:10,15700.0,1000,Buy,227253796
2024-07-30 10:45:10,15700.0,1800,Buy,227253797
2024-07-30 10:45:10,15700.0,300,Buy,227253798
2024-07-30 10:45:10,15700.0,21000,Buy,227253799
2024-07-30 10:45:10,15700.0,3500,Buy,227253800
2024-07-30 10:45:10,15700.0,2000,Buy,227253801
2024-07-30 10:45:10,15700.0,2100,Buy,227253831
2024-07-30 10:45:10,15700.0,500,Buy,227253802
2024-07-30 10:45:10,15700.0,1000,Buy,227253804
2024-07-30 10:45:10,15700.0,100,Buy,227253805
2024-07-30 10:45:10,15700.0,100,Buy,227253806
2024-07-30 10:45:10,15700.0,200,Buy,227253807
2024-07-30 10:45:10,15700.0,100,Buy,227253808
2024-07-30 10:45:10,15700.0,1000,Buy,227253809
2024-07-30 10:45:10,15700.0,1800,Buy,227253810
2024-07-30 10:45:10,15700.0,3000,Buy,227253803
2024-07-30 10:45:10,15700.0,2800,Buy,227253812
2024-07-30 10:45:24,15650.0,1000,Sell,227254062
2024-07-30 10:45:33,15700.0,300,Buy,227254183
2024-07-30 10:45:33,15700.0,1600,Buy,227254185
2024-07-30 10:45:33,15700.0,900,Buy,227254182
2024-07-30 10:45:33,15700.0,1000,Buy,227254184
2024-07-30 10:46:09,15700.0,1000,Buy,227254826
2024-07-30 10:46:09,15700.0,1000,Buy,227254825
2024-07-30 10:46:09,15700.0,200,Buy,227254822
2024-07-30 10:46:09,15700.0,100,Buy,227254823
2024-07-30 10:46:09,15700.0,200,Buy,227254824
2024-07-30 10:46:38,15700.0,900,Sell,227255250
2024-07-30 10:47:08,15700.0,46600,Sell,227255715
2024-07-30 10:47:08,15700.0,100,Sell,227255716
2024-07-30 10:47:08,15700.0,16700,Sell,227255718
2024-07-30 10:47:08,15700.0,3800,Sell,227255717
2024-07-30 10:47:18,15700.0,1000,Sell,227255857
2024-07-30 10:47:18,15700.0,400,Sell,227255858
2024-07-30 10:47:24,15700.0,100,Sell,227255959
2024-07-30 10:47:34,15700.0,1000,Sell,227256083
2024-07-30 10:47:37,15700.0,100,Sell,227256143
2024-07-30 10:47:38,15700.0,500,Sell,227256160
2024-07-30 10:47:47,15700.0,500,Sell,227256319
2024-07-30 10:47:47,15700.0,1000,Sell,227256316
2024-07-30 10:47:48,15700.0,10000,Sell,227256330
2024-07-30 10:47:51,15700.0,10000,Sell,227256423
2024-07-30 10:47:51,15700.0,200,Sell,227256426
2024-07-30 10:47:53,15700.0,1000,Sell,227256444
2024-07-30 10:47:58,15700.0,2000,Sell,227256545
2024-07-30 10:48:02,15700.0,5500,Sell,227256602
2024-07-30 10:48:41,15700.0,3000,Buy,227257202
2024-07-30 10:48:41,15700.0,100,Buy,227257203
2024-07-30 10:48:41,15700.0,1000,Buy,227257200
2024-07-30 10:48:41,15700.0,4500,Buy,227257199
2024-07-30 10:48:41,15700.0,100,Buy,227257201
2024-07-30 10:49:05,15750.0,100,Buy,227257568
2024-07-30 10:49:07,15700.0,1000,Sell,227257627
2024-07-30 10:49:11,15700.0,100,Sell,227257670
2024-07-30 10:49:14,15700.0,200,Sell,227257694
2024-07-30 10:49:14,15700.0,1000,Sell,227257695
2024-07-30 10:50:22,15650.0,900,Sell,227258871
2024-07-30 10:50:31,15700.0,900,Buy,227259076
2024-07-30 10:50:31,15700.0,8800,Buy,227259074
2024-07-30 10:50:31,15700.0,300,Buy,227259075
2024-07-30 10:50:39,15700.0,1100,Buy,227259173
2024-07-30 10:50:39,15700.0,1800,Buy,227259172
2024-07-30 10:50:39,15700.0,2100,Buy,227259171
2024-07-30 10:50:50,15700.0,1000,Buy,227259366
2024-07-30 10:51:04,15700.0,100,Buy,227259585
2024-07-30 10:51:27,15700.0,1000,Buy,227259992
2024-07-30 10:51:27,15700.0,7800,Buy,227259989
2024-07-30 10:51:27,15700.0,1000,Buy,227259990
2024-07-30 10:51:27,15700.0,200,Buy,227259991
2024-07-30 10:51:37,15650.0,1000,Sell,227260102
2024-07-30 10:52:24,15700.0,100,Buy,227260767
2024-07-30 10:52:33,15700.0,3900,Buy,227260903
2024-07-30 10:52:33,15700.0,1100,Buy,227260904
2024-07-30 10:52:51,15650.0,1000,Sell,227261144
2024-07-30 10:53:46,15700.0,400,Buy,227261884
2024-07-30 10:53:54,15700.0,100,Buy,227261981
2024-07-30 10:54:06,15650.0,900,Sell,227262168
2024-07-30 10:54:18,15650.0,1000,Sell,227262345
2024-07-30 10:55:07,15650.0,1800,Sell,227263623
2024-07-30 10:55:20,15650.0,1000,Sell,227263827
2024-07-30 10:56:05,15700.0,200,Buy,227264672
2024-07-30 10:56:12,15650.0,100,Sell,227264757
2024-07-30 10:56:35,15650.0,1000,Sell,227265060
2024-07-30 10:56:42,15650.0,100,Sell,227265143
2024-07-30 10:56:43,15700.0,100,Buy,227265145
2024-07-30 10:56:48,15650.0,200,Sell,227265204
2024-07-30 10:57:02,15700.0,100,Buy,227265426
2024-07-30 10:57:08,15650.0,200,Sell,227265478
2024-07-30 10:57:21,15700.0,100,Buy,227265701
2024-07-30 10:57:49,15650.0,1000,Sell,227266135
2024-07-30 10:58:38,15700.0,700,Buy,227267497
2024-07-30 10:58:38,15700.0,9300,Buy,227267498
2024-07-30 10:58:43,15700.0,100,Buy,227267625
2024-07-30 10:58:53,15700.0,200,Buy,227267844
2024-07-30 10:58:55,15650.0,100,Sell,227267877
2024-07-30 10:59:04,15650.0,900,Sell,227268067
2024-07-30 11:00:06,15650.0,1700,Sell,227268972
2024-07-30 11:00:16,15650.0,2000,Sell,227269145
2024-07-30 11:00:18,15650.0,1000,Sell,227269170
2024-07-30 11:00:35,15700.0,100,Buy,227269407
2024-07-30 11:01:18,15700.0,100,Buy,227270372
2024-07-30 11:01:33,15650.0,1000,Sell,227270695
2024-07-30 11:01:43,15650.0,1000,Sell,227270848
2024-07-30 11:02:04,15650.0,3000,Sell,227271128
2024-07-30 11:02:28,15700.0,100,Buy,227271662
2024-07-30 11:02:47,15650.0,900,Sell,227271899
2024-07-30 11:03:32,15700.0,100,Buy,227272480
2024-07-30 11:04:02,15650.0,1000,Sell,227273019
2024-07-30 11:04:05,15650.0,23800,Sell,227273059
2024-07-30 11:04:05,15650.0,6200,Sell,227273060
2024-07-30 11:04:22,15650.0,500,Sell,227273367
2024-07-30 11:04:27,15650.0,6000,Sell,227273403
2024-07-30 11:04:39,15650.0,200,Sell,227273636
2024-07-30 11:05:04,15650.0,1800,Sell,227274253
2024-07-30 11:05:16,15650.0,1000,Sell,227274388
2024-07-30 11:05:46,15700.0,500,Buy,227274878
2024-07-30 11:05:46,15700.0,100,Buy,227274879
2024-07-30 11:05:46,15700.0,4400,Buy,227274880
2024-07-30 11:06:11,15650.0,100,Sell,227275286
2024-07-30 11:06:19,15650.0,1000,Sell,227275457
2024-07-30 11:06:19,15650.0,300,Sell,227275458
2024-07-30 11:06:19,15650.0,800,Sell,227275459
2024-07-30 11:06:19,15650.0,200,Sell,227275460
2024-07-30 11:06:19,15650.0,5500,Sell,227275466
2024-07-30 11:06:19,15650.0,2500,Sell,227275462
2024-07-30 11:06:19,15650.0,100,Sell,227275463
2024-07-30 11:06:19,15650.0,100,Sell,227275464
2024-07-30 11:06:19,15650.0,200,Sell,227275465
2024-07-30 11:06:19,15650.0,100,Sell,227275456
2024-07-30 11:06:19,15650.0,600,Sell,227275461
2024-07-30 11:06:19,15650.0,100,Sell,227275455
2024-07-30 11:06:19,15650.0,100,Sell,227275452
2024-07-30 11:06:19,15650.0,500,Sell,227275453
2024-07-30 11:06:19,15650.0,14200,Sell,227275442
2024-07-30 11:06:19,15650.0,2000,Sell,227275454
2024-07-30 11:06:19,15650.0,200,Sell,227275444
2024-07-30 11:06:19,15650.0,1000,Sell,227275445
2024-07-30 11:06:19,15650.0,10000,Sell,227275446
2024-07-30 11:06:19,15650.0,700,Sell,227275443
2024-07-30 11:06:19,15650.0,3000,Sell,227275448
2024-07-30 11:06:19,15650.0,100,Sell,227275449
2024-07-30 11:06:19,15650.0,6000,Sell,227275450
2024-07-30 11:06:19,15650.0,200,Sell,227275451
2024-07-30 11:06:19,15650.0,500,Sell,227275447
2024-07-30 11:06:27,15650.0,200,Sell,227275563
2024-07-30 11:06:27,15650.0,500,Sell,227275564
2024-07-30 11:06:27,15650.0,200,Sell,227275565
2024-07-30 11:06:27,15650.0,100,Sell,227275566
2024-07-30 11:06:28,15650.0,100,Sell,227275612
2024-07-30 11:06:28,15650.0,500,Sell,227275613
2024-07-30 11:06:28,15650.0,900,Sell,227275614
2024-07-30 11:06:31,15650.0,1000,Sell,227275657
2024-07-30 11:07:45,15650.0,900,Sell,227276986
2024-07-30 11:07:49,15650.0,400,Sell,227277052
2024-07-30 11:07:56,15650.0,300,Sell,227277167
2024-07-30 11:07:58,15700.0,100,Buy,227277206
2024-07-30 11:07:59,15650.0,1000,Sell,227277212
2024-07-30 11:08:12,15650.0,200,Sell,227277360
2024-07-30 11:08:20,15650.0,500,Sell,227277475
2024-07-30 11:08:21,15700.0,100,Buy,227277490
2024-07-30 11:08:33,15700.0,300,Buy,227277670
2024-07-30 11:08:58,15700.0,400,Buy,227278040
2024-07-30 11:09:00,15650.0,1000,Sell,227278088
2024-07-30 11:09:05,15650.0,500,Sell,227278153
2024-07-30 11:09:26,15650.0,4000,Sell,227278426
2024-07-30 11:09:32,15650.0,100,Sell,227278553
2024-07-30 11:09:39,15700.0,100,Buy,227278638
2024-07-30 11:09:50,15650.0,7300,Sell,227278845
2024-07-30 11:09:53,15650.0,300,Sell,227278873
2024-07-30 11:09:57,15650.0,2000,Sell,227278934
2024-07-30 11:09:57,15650.0,1000,Sell,227278935
2024-07-30 11:09:57,15650.0,25400,Sell,227278936
2024-07-30 11:09:57,15650.0,21600,Sell,227278933
2024-07-30 11:10:00,15650.0,1000,Sell,227278975
2024-07-30 11:10:00,15650.0,22900,Sell,227278984
2024-07-30 11:10:00,15650.0,1200,Sell,227278983
2024-07-30 11:10:00,15650.0,500,Sell,227278982
2024-07-30 11:10:00,15650.0,1000,Sell,227278981
2024-07-30 11:10:00,15650.0,800,Sell,227278980
2024-07-30 11:10:00,15650.0,1000,Sell,227278979
2024-07-30 11:10:00,15650.0,700,Sell,227278978
2024-07-30 11:10:00,15650.0,200,Sell,227278977
2024-07-30 11:10:00,15650.0,500,Sell,227278976
2024-07-30 11:10:00,15650.0,500,Sell,227278974
2024-07-30 11:10:00,15650.0,2000,Sell,227278969
2024-07-30 11:10:00,15650.0,400,Sell,227278972
2024-07-30 11:10:00,15650.0,500,Sell,227278971
2024-07-30 11:10:00,15650.0,100,Sell,227278970
2024-07-30 11:10:00,15650.0,24600,Sell,227278961
2024-07-30 11:10:00,15650.0,5000,Sell,227278968
2024-07-30 11:10:00,15650.0,500,Sell,227278967
2024-07-30 11:10:00,15650.0,500,Sell,227278966
2024-07-30 11:10:00,15650.0,100,Sell,227278965
2024-07-30 11:10:00,15650.0,400,Sell,227278964
2024-07-30 11:10:00,15650.0,100,Sell,227278963
2024-07-30 11:10:00,15650.0,200,Sell,227278962
2024-07-30 11:10:00,15650.0,300,Sell,227278973
2024-07-30 11:10:03,15650.0,1800,Sell,227279060
2024-07-30 11:10:11,15650.0,700,Sell,227279165
2024-07-30 11:10:15,15650.0,1000,Sell,227279213
2024-07-30 11:10:24,15650.0,1000,Sell,227279371
2024-07-30 11:10:38,15650.0,100,Sell,227279640
2024-07-30 11:10:38,15650.0,100,Sell,227279647
2024-07-30 11:10:38,15650.0,3000,Sell,227279646
2024-07-30 11:10:38,15650.0,5000,Sell,227279645
2024-07-30 11:10:38,15650.0,700,Sell,227279644
2024-07-30 11:10:38,15650.0,400,Sell,227279643
2024-07-30 11:10:38,15650.0,100,Sell,227279641
2024-07-30 11:10:38,15650.0,500,Sell,227279639
2024-07-30 11:10:38,15650.0,2600,Sell,227279630
2024-07-30 11:10:38,15650.0,200,Sell,227279637
2024-07-30 11:10:38,15650.0,100,Sell,227279636
2024-07-30 11:10:38,15650.0,100,Sell,227279635
2024-07-30 11:10:38,15650.0,600,Sell,227279634
2024-07-30 11:10:38,15650.0,400,Sell,227279633
2024-07-30 11:10:38,15650.0,2900,Sell,227279632
2024-07-30 11:10:38,15650.0,100,Sell,227279631
2024-07-30 11:10:38,15650.0,100,Sell,227279638
2024-07-30 11:11:29,15600.0,300,Sell,227280600
2024-07-30 11:11:29,15600.0,600,Sell,227280601
2024-07-30 11:11:36,15650.0,500,Buy,227280677
2024-07-30 11:11:37,15600.0,100,Sell,227280715
2024-07-30 11:12:01,15600.0,100,Sell,227281247
2024-07-30 11:12:10,15650.0,200,Buy,227281344
2024-07-30 11:12:38,15650.0,700,Buy,227281731
2024-07-30 11:12:42,15650.0,2000,Buy,227281798
2024-07-30 11:12:44,15600.0,900,Sell,227281816
2024-07-30 11:12:44,15600.0,100,Sell,227281815
2024-07-30 11:13:00,15650.0,2000,Buy,227282042
2024-07-30 11:13:11,15650.0,100,Buy,227282183
2024-07-30 11:13:13,15600.0,500,Sell,227282252
2024-07-30 11:13:13,15600.0,2000,Sell,227282246
2024-07-30 11:13:13,15600.0,200,Sell,227282247
2024-07-30 11:13:13,15600.0,200,Sell,227282248
2024-07-30 11:13:13,15600.0,500,Sell,227282249
2024-07-30 11:13:13,15600.0,300,Sell,227282250
2024-07-30 11:13:13,15600.0,200,Sell,227282245
2024-07-30 11:13:13,15600.0,500,Sell,227282251
2024-07-30 11:13:13,15600.0,100,Sell,227282253
2024-07-30 11:13:13,15600.0,400,Sell,227282268
2024-07-30 11:13:13,15600.0,100,Sell,227282255
2024-07-30 11:13:13,15600.0,400,Sell,227282256
2024-07-30 11:13:13,15600.0,200,Sell,227282257
2024-07-30 11:13:13,15600.0,200,Sell,227282258
2024-07-30 11:13:13,15600.0,1000,Sell,227282264
2024-07-30 11:13:13,15600.0,400,Sell,227282265
2024-07-30 11:13:13,15600.0,2000,Sell,227282266
2024-07-30 11:13:13,15600.0,300,Sell,227282267
2024-07-30 11:13:13,15600.0,500,Sell,227282254
2024-07-30 11:13:13,15600.0,2000,Sell,227282244
2024-07-30 11:13:13,15600.0,200,Sell,227282236
2024-07-30 11:13:13,15600.0,200,Sell,227282242
2024-07-30 11:13:13,15600.0,7100,Sell,227282223
2024-07-30 11:13:13,15600.0,100,Sell,227282224
2024-07-30 11:13:13,15600.0,2000,Sell,227282225
2024-07-30 11:13:13,15600.0,10000,Sell,227282226
2024-07-30 11:13:13,15600.0,500,Sell,227282227
2024-07-30 11:13:13,15600.0,100,Sell,227282228
2024-07-30 11:13:13,15600.0,1000,Sell,227282229
2024-07-30 11:13:13,15600.0,100,Sell,227282231
2024-07-30 11:13:13,15600.0,100,Sell,227282230
2024-07-30 11:13:13,15600.0,2000,Sell,227282233
2024-07-30 11:13:13,15600.0,1000,Sell,227282234
2024-07-30 11:13:13,15600.0,200,Sell,227282235
2024-07-30 11:13:13,15600.0,100,Sell,227282237
2024-07-30 11:13:13,15600.0,100,Sell,227282238
2024-07-30 11:13:13,15600.0,300,Sell,227282239
2024-07-30 11:13:13,15600.0,1000,Sell,227282240
2024-07-30 11:13:13,15600.0,500,Sell,227282241
2024-07-30 11:13:13,15600.0,1400,Sell,227282232
2024-07-30 11:13:13,15600.0,100,Sell,227282243
2024-07-30 11:13:34,15600.0,100,Sell,227282515
2024-07-30 11:13:34,15600.0,100,Sell,227282516
2024-07-30 11:13:34,15600.0,1800,Sell,227282517
2024-07-30 11:13:35,15650.0,2000,Buy,227282531
2024-07-30 11:13:50,15600.0,100,Sell,227282710
2024-07-30 11:13:53,15600.0,500,Sell,227282801
2024-07-30 11:13:53,15600.0,100,Sell,227282780
2024-07-30 11:13:53,15600.0,200,Sell,227282781
2024-07-30 11:13:53,15600.0,200,Sell,227282782
2024-07-30 11:13:53,15600.0,2000,Sell,227282783
2024-07-30 11:13:53,15600.0,300,Sell,227282779
2024-07-30 11:13:53,15600.0,100,Sell,227282784
2024-07-30 11:13:53,15600.0,500,Sell,227282785
2024-07-30 11:13:53,15600.0,1000,Sell,227282786
2024-07-30 11:13:53,15600.0,3200,Sell,227282787
2024-07-30 11:13:53,15600.0,100,Sell,227282802
2024-07-30 11:13:53,15600.0,200,Sell,227282788
2024-07-30 11:13:53,15600.0,100,Sell,227282790
2024-07-30 11:13:53,15600.0,10000,Sell,227282791
2024-07-30 11:13:53,15600.0,1000,Sell,227282792
2024-07-30 11:13:53,15600.0,100,Sell,227282795
2024-07-30 11:13:53,15600.0,100,Sell,227282796
2024-07-30 11:13:53,15600.0,1000,Sell,227282797
2024-07-30 11:13:53,15600.0,100,Sell,227282798
2024-07-30 11:13:53,15600.0,1000,Sell,227282799
2024-07-30 11:13:53,15600.0,500,Sell,227282800
2024-07-30 11:13:53,15600.0,100,Sell,227282789
2024-07-30 11:13:53,15600.0,100,Sell,227282778
2024-07-30 11:13:53,15600.0,500,Sell,227282771
2024-07-30 11:13:53,15600.0,1000,Sell,227282776
2024-07-30 11:13:53,15600.0,1100,Sell,227282754
2024-07-30 11:13:53,15600.0,600,Sell,227282755
2024-07-30 11:13:53,15600.0,200,Sell,227282756
2024-07-30 11:13:53,15600.0,200,Sell,227282757
2024-07-30 11:13:53,15600.0,100,Sell,227282758
2024-07-30 11:13:53,15600.0,100,Sell,227282777
2024-07-30 11:13:53,15600.0,2000,Sell,227282760
2024-07-30 11:13:53,15600.0,400,Sell,227282761
2024-07-30 11:13:53,15600.0,1000,Sell,227282762
2024-07-30 11:13:53,15600.0,400,Sell,227282763
2024-07-30 11:13:53,15600.0,100,Sell,227282759
2024-07-30 11:13:53,15600.0,500,Sell,227282765
2024-07-30 11:13:53,15600.0,300,Sell,227282766
2024-07-30 11:13:53,15600.0,2000,Sell,227282767
2024-07-30 11:13:53,15600.0,2000,Sell,227282768
2024-07-30 11:13:53,15600.0,400,Sell,227282769
2024-07-30 11:13:53,15600.0,200,Sell,227282770
2024-07-30 11:13:53,15600.0,300,Sell,227282772
2024-07-30 11:13:53,15600.0,100,Sell,227282773
2024-07-30 11:13:53,15600.0,100,Sell,227282774
2024-07-30 11:13:53,15600.0,3000,Sell,227282775
2024-07-30 11:13:53,15600.0,1000,Sell,227282764
2024-07-30 11:13:58,15600.0,1000,Sell,227283019
2024-07-30 11:13:59,15600.0,400,Sell,227283031
2024-07-30 11:14:06,15600.0,2000,Sell,227283152
2024-07-30 11:14:22,15600.0,600,Sell,227283301
2024-07-30 11:14:22,15600.0,100,Sell,227283302
2024-07-30 11:14:22,15600.0,2000,Sell,227283303
2024-07-30 11:14:22,15600.0,100,Sell,227283304
2024-07-30 11:14:22,15600.0,800,Sell,227283305
2024-07-30 11:14:22,15600.0,500,Sell,227283306
2024-07-30 11:14:22,15600.0,2000,Sell,227283307
2024-07-30 11:14:22,15600.0,43900,Sell,227283308
2024-07-30 11:14:23,15600.0,200,Sell,227283322
2024-07-30 11:14:35,15600.0,100,Sell,227283509
2024-07-30 11:14:35,15600.0,800,Sell,227283508
2024-07-30 11:14:35,15600.0,300,Sell,227283515
2024-07-30 11:14:35,15600.0,200,Sell,227283514
2024-07-30 11:14:35,15600.0,200,Sell,227283512
2024-07-30 11:14:35,15600.0,100,Sell,227283510
2024-07-30 11:14:35,15600.0,100,Sell,227283513
2024-07-30 11:14:35,15600.0,200,Sell,227283511
2024-07-30 11:14:38,15600.0,100,Sell,227283554
2024-07-30 11:14:38,15600.0,28600,Sell,227283582
2024-07-30 11:14:38,15600.0,100,Sell,227283581
2024-07-30 11:14:38,15600.0,100,Sell,227283580
2024-07-30 11:14:38,15600.0,600,Sell,227283579
2024-07-30 11:14:38,15600.0,100,Sell,227283578
2024-07-30 11:14:38,15600.0,100,Sell,227283577
2024-07-30 11:14:38,15600.0,100,Sell,227283576
2024-07-30 11:14:38,15600.0,3000,Sell,227283575
2024-07-30 11:14:38,15600.0,1000,Sell,227283574
2024-07-30 11:14:38,15600.0,300,Sell,227283572
2024-07-30 11:14:38,15600.0,100,Sell,227283571
2024-07-30 11:14:38,15600.0,200,Sell,227283570
2024-07-30 11:14:38,15600.0,100,Sell,227283569
2024-07-30 11:14:38,15600.0,500,Sell,227283573
2024-07-30 11:14:38,15600.0,300,Sell,227283567
2024-07-30 11:14:38,15600.0,1000,Sell,227283555
2024-07-30 11:14:38,15600.0,10000,Sell,227283556
2024-07-30 11:14:38,15600.0,200,Sell,227283568
2024-07-30 11:14:38,15600.0,200,Sell,227283558
2024-07-30 11:14:38,15600.0,100,Sell,227283559
2024-07-30 11:14:38,15600.0,400,Sell,227283560
2024-07-30 11:14:38,15600.0,1000,Sell,227283557
2024-07-30 11:14:38,15600.0,100,Sell,227283562
2024-07-30 11:14:38,15600.0,100,Sell,227283563
2024-07-30 11:14:38,15600.0,200,Sell,227283564
2024-07-30 11:14:38,15600.0,300,Sell,227283565
2024-07-30 11:14:38,15600.0,100,Sell,227283566
2024-07-30 11:14:38,15600.0,1000,Sell,227283561
2024-07-30 11:14:51,15600.0,200,Sell,227283809
2024-07-30 11:15:01,15600.0,1700,Sell,227283966
2024-07-30 11:15:13,15600.0,900,Sell,227284167
2024-07-30 11:15:20,15600.0,10000,Sell,227284312
2024-07-30 11:15:33,15600.0,8600,Sell,227284536
2024-07-30 11:15:33,15600.0,200,Sell,227284537
2024-07-30 11:15:33,15600.0,1200,Sell,227284538
2024-07-30 11:15:54,15600.0,200,Sell,227284836
2024-07-30 11:15:54,15600.0,100,Sell,227284839
2024-07-30 11:15:54,15600.0,200,Sell,227284835
2024-07-30 11:15:54,15600.0,500,Sell,227284838
2024-07-30 11:15:54,15600.0,100,Sell,227284833
2024-07-30 11:15:54,15600.0,2000,Sell,227284834
2024-07-30 11:15:54,15600.0,200,Sell,227284821
2024-07-30 11:15:54,15600.0,200,Sell,227284837
2024-07-30 11:15:54,15600.0,1600,Sell,227284831
2024-07-30 11:15:54,15600.0,100,Sell,227284832
2024-07-30 11:16:14,15600.0,900,Sell,227285076
2024-07-30 11:16:14,15600.0,2000,Sell,227285077
2024-07-30 11:16:14,15600.0,100,Sell,227285078
2024-07-30 11:16:25,15600.0,1000,Sell,227285245
2024-07-30 11:16:25,15600.0,100,Sell,227285246
2024-07-30 11:16:25,15600.0,400,Sell,227285247
2024-07-30 11:16:25,15600.0,1000,Sell,227285248
2024-07-30 11:16:25,15600.0,200,Sell,227285249
2024-07-30 11:16:25,15600.0,100,Sell,227285250
2024-07-30 11:16:25,15600.0,200,Sell,227285251
2024-07-30 11:16:27,15600.0,100,Sell,227285353
2024-07-30 11:16:27,15600.0,100,Sell,227285350
2024-07-30 11:16:27,15600.0,500,Sell,227285351
2024-07-30 11:16:27,15600.0,300,Sell,227285352
2024-07-30 11:16:33,15600.0,100,Sell,227285481
2024-07-30 11:16:58,15650.0,400,Buy,227285887
2024-07-30 11:16:58,15600.0,300,Sell,227285905
2024-07-30 11:16:58,15600.0,100,Sell,227285906
2024-07-30 11:16:58,15600.0,100,Sell,227285907
2024-07-30 11:16:58,15600.0,400,Sell,227285909
2024-07-30 11:16:58,15600.0,100,Sell,227285908
2024-07-30 11:17:01,15650.0,300,Buy,227285944
2024-07-30 11:17:16,15650.0,100,Buy,227286101
2024-07-30 11:17:35,15650.0,1000,Buy,227286411
2024-07-30 11:17:42,15600.0,600,Sell,227286536
2024-07-30 11:17:42,15600.0,400,Sell,227286537
2024-07-30 11:17:47,15650.0,200,Buy,227286602
2024-07-30 11:18:00,15650.0,100,Buy,227286802
2024-07-30 11:18:10,15650.0,100,Buy,227286947
2024-07-30 11:18:47,15600.0,100,Sell,227287514
2024-07-30 11:18:47,15600.0,200,Sell,227287515
2024-07-30 11:18:56,15600.0,1000,Sell,227287609
2024-07-30 11:18:57,15600.0,100,Sell,227287621
2024-07-30 11:19:07,15650.0,200,Buy,227287719
2024-07-30 11:19:17,15600.0,100,Sell,227287860
2024-07-30 11:19:17,15600.0,1000,Sell,227287861
2024-07-30 11:19:17,15600.0,700,Sell,227287859
2024-07-30 11:19:54,15600.0,700,Sell,227288446
2024-07-30 11:19:54,15600.0,2000,Sell,227288447
2024-07-30 11:19:54,15600.0,300,Sell,227288448
2024-07-30 11:20:00,15600.0,1700,Sell,227288573
2024-07-30 11:20:00,15600.0,100,Sell,227288574
2024-07-30 11:20:11,15600.0,900,Sell,227288767
2024-07-30 11:20:54,15600.0,300,Sell,227289315
2024-07-30 11:20:54,15600.0,3000,Sell,227289314
2024-07-30 11:21:16,15600.0,200,Sell,227289558
2024-07-30 11:21:25,15600.0,100,Sell,227289664
2024-07-30 11:21:25,15600.0,500,Sell,227289663
2024-07-30 11:21:25,15600.0,400,Sell,227289665
2024-07-30 11:21:45,15600.0,800,Sell,227289912
2024-07-30 11:21:58,15650.0,500,Buy,227290075
2024-07-30 11:22:03,15600.0,1000,Sell,227290143
2024-07-30 11:22:03,15600.0,2000,Sell,227290144
2024-07-30 11:22:03,15600.0,200,Sell,227290145
2024-07-30 11:22:03,15600.0,100,Sell,227290146
2024-07-30 11:22:03,15600.0,700,Sell,227290147
2024-07-30 11:22:03,15600.0,11000,Sell,227290148
2024-07-30 11:22:40,15600.0,1000,Sell,227290540
2024-07-30 11:22:44,15600.0,900,Sell,227290584
2024-07-30 11:22:49,15650.0,100,Buy,227290646
2024-07-30 11:22:56,15600.0,1000,Sell,227290732
2024-07-30 11:23:36,15650.0,100,Buy,227291659
2024-07-30 11:23:50,15650.0,400,Buy,227291898
2024-07-30 11:23:54,15600.0,900,Sell,227291944
2024-07-30 11:24:06,15600.0,1000,Sell,227292102
2024-07-30 11:24:58,15600.0,1800,Sell,227292691
2024-07-30 11:25:09,15600.0,1000,Sell,227292860
2024-07-30 11:25:18,15650.0,200,Buy,227292987
2024-07-30 11:25:40,15650.0,2000,Buy,227293204
2024-07-30 11:25:50,15650.0,200,Buy,227293357
2024-07-30 11:25:53,15650.0,2000,Buy,227293388
2024-07-30 11:26:05,15650.0,200,Buy,227293534
2024-07-30 11:26:23,15600.0,900,Sell,227293772
2024-07-30 11:26:33,15600.0,1000,Sell,227293918
2024-07-30 11:27:20,15650.0,3100,Buy,227294532
2024-07-30 11:27:38,15650.0,100,Buy,227294783
2024-07-30 11:27:38,15600.0,1000,Sell,227294785
2024-07-30 11:28:00,15600.0,1800,Sell,227295043
2024-07-30 11:28:15,15600.0,1300,Sell,227295222
2024-07-30 11:28:38,15600.0,500,Sell,227295716
2024-07-30 11:29:02,15600.0,300,Sell,227296002
2024-07-30 11:29:10,15650.0,2900,Buy,227296136
2024-07-30 11:29:31,15650.0,100,Buy,227296401
2024-07-30 12:59:39,15650.0,200,Buy,227296651
2024-07-30 12:59:40,15600.0,1100,Sell,227296975
2024-07-30 12:59:40,15600.0,200,Sell,227297402
2024-07-30 12:59:41,15650.0,100,Buy,227297802
2024-07-30 12:59:42,15650.0,1000,Buy,227298149
2024-07-30 12:59:44,15650.0,200,Buy,227298373
2024-07-30 12:59:44,15650.0,200,Buy,227298372
2024-07-30 12:59:44,15650.0,2000,Buy,227298371
2024-07-30 12:59:44,15650.0,100,Buy,227298368
2024-07-30 12:59:44,15650.0,800,Buy,227298369
2024-07-30 12:59:44,15650.0,500,Buy,227298370
2024-07-30 12:59:44,15650.0,700,Buy,227298367
2024-07-30 12:59:44,15600.0,500,Sell,227298366
2024-07-30 12:59:45,15650.0,100,Buy,227298857
2024-07-30 12:59:45,15650.0,300,Buy,227298858
2024-07-30 12:59:47,15650.0,1000,Buy,227299336
2024-07-30 12:59:50,15650.0,4000,Buy,227300020
2024-07-30 12:59:50,15600.0,700,Sell,227300127
2024-07-30 12:59:51,15650.0,100,Buy,227300245
2024-07-30 12:59:51,15650.0,100,Buy,227300246
2024-07-30 12:59:51,15650.0,300,Buy,227300247
2024-07-30 12:59:56,15650.0,200,Buy,227300642
2024-07-30 12:59:56,15650.0,300,Buy,227300643
2024-07-30 12:59:58,15650.0,200,Buy,227300790
2024-07-30 13:00:00,15600.0,10000,Sell,227300967
2024-07-30 13:00:01,15650.0,100,Buy,227300982
2024-07-30 13:00:18,15600.0,600,Sell,227301554
2024-07-30 13:00:27,15650.0,100,Buy,227301836
2024-07-30 13:00:27,15650.0,200,Buy,227301837
2024-07-30 13:00:27,15650.0,1400,Buy,227301834
2024-07-30 13:00:27,15650.0,200,Buy,227301835
2024-07-30 13:00:30,15600.0,600,Sell,227301978
2024-07-30 13:00:33,15650.0,100,Buy,227302114
2024-07-30 13:00:33,15650.0,100,Buy,227302115
2024-07-30 13:00:33,15650.0,1000,Buy,227302116
2024-07-30 13:00:33,15650.0,700,Buy,227302117
2024-07-30 13:00:58,15600.0,1000,Sell,227302731
2024-07-30 13:01:57,15600.0,800,Sell,227304158
2024-07-30 13:01:57,15600.0,5200,Sell,227304164
2024-07-30 13:02:07,15600.0,100,Sell,227304461
2024-07-30 13:02:12,15600.0,200,Sell,227304586
2024-07-30 13:02:18,15600.0,1000,Sell,227304708
2024-07-30 13:02:28,15600.0,100,Sell,227304982
2024-07-30 13:02:29,15600.0,1000,Sell,227305006
2024-07-30 13:02:35,15600.0,300,Sell,227305205
2024-07-30 13:02:38,15600.0,500,Sell,227305278
2024-07-30 13:02:45,15600.0,700,Sell,227305453
2024-07-30 13:02:45,15600.0,100,Sell,227305454
2024-07-30 13:02:57,15600.0,100,Sell,227305728
2024-07-30 13:02:57,15600.0,1400,Sell,227305729
2024-07-30 13:03:20,15600.0,200,Sell,227306426
2024-07-30 13:03:20,15600.0,1000,Sell,227306423
2024-07-30 13:03:20,15600.0,200,Sell,227306427
2024-07-30 13:03:20,15600.0,200,Sell,227306425
2024-07-30 13:03:20,15600.0,600,Sell,227306421
2024-07-30 13:03:20,15600.0,100,Sell,227306422
2024-07-30 13:03:20,15600.0,100,Sell,227306424
2024-07-30 13:03:20,15600.0,600,Sell,227306420
2024-07-30 13:03:37,15600.0,7300,Sell,227306863
2024-07-30 13:03:37,15600.0,200,Sell,227306862
2024-07-30 13:03:37,15600.0,200,Sell,227306861
2024-07-30 13:03:37,15600.0,1000,Sell,227306860
2024-07-30 13:03:37,15600.0,300,Sell,227306854
2024-07-30 13:03:37,15600.0,100,Sell,227306858
2024-07-30 13:03:37,15600.0,200,Sell,227306857
2024-07-30 13:03:37,15600.0,100,Sell,227306856
2024-07-30 13:03:37,15600.0,500,Sell,227306855
2024-07-30 13:03:37,15600.0,100,Sell,227306859
2024-07-30 13:03:38,15600.0,1000,Sell,227306923
2024-07-30 13:03:46,15600.0,900,Sell,227307206
2024-07-30 13:04:55,15600.0,1800,Sell,227309204
2024-07-30 13:04:56,15600.0,200,Sell,227309249
2024-07-30 13:04:58,15600.0,1000,Sell,227309293
2024-07-30 13:05:13,15650.0,100,Buy,227309704
2024-07-30 13:06:18,15600.0,1000,Sell,227311661
2024-07-30 13:06:22,15600.0,3000,Sell,227311806
2024-07-30 13:06:44,15600.0,7000,Sell,227312412
2024-07-30 13:07:00,15600.0,500,Sell,227312859
2024-07-30 13:07:08,15600.0,200,Sell,227313113
2024-07-30 13:07:36,15600.0,1000,Sell,227313885
2024-07-30 13:07:38,15600.0,1000,Sell,227313921
2024-07-30 13:07:44,15600.0,500,Sell,227314212
2024-07-30 13:07:46,15650.0,800,Buy,227314255
2024-07-30 13:07:52,15600.0,300,Sell,227314414
2024-07-30 13:08:01,15600.0,2000,Sell,227314759
2024-07-30 13:08:50,15600.0,100,Sell,227316273
2024-07-30 13:08:58,15600.0,1000,Sell,227316494
2024-07-30 13:09:05,15600.0,200,Sell,227316759
2024-07-30 13:09:21,15600.0,2000,Sell,227317182
2024-07-30 13:09:27,15600.0,4700,Sell,227317342
2024-07-30 13:09:29,15600.0,100,Sell,227317362
2024-07-30 13:09:29,15600.0,1500,Sell,227317361
2024-07-30 13:09:33,15600.0,300,Sell,227317496
2024-07-30 13:09:34,15600.0,100,Sell,227317519
2024-07-30 13:09:41,15650.0,200,Buy,227317678
2024-07-30 13:09:44,15600.0,10000,Sell,227317722
2024-07-30 13:09:48,15600.0,100,Sell,227317824
2024-07-30 13:09:53,15600.0,200,Sell,227318020
2024-07-30 13:09:53,15600.0,100,Sell,227318021
2024-07-30 13:09:53,15600.0,100,Sell,227318018
2024-07-30 13:09:53,15600.0,200,Sell,227318019
2024-07-30 13:09:53,15600.0,1200,Sell,227318017
2024-07-30 13:10:18,15600.0,900,Sell,227318840
2024-07-30 13:10:18,15600.0,100,Sell,227318841
2024-07-30 13:11:09,15650.0,200,Buy,227320631
2024-07-30 13:11:38,15600.0,1000,Sell,227321453
2024-07-30 13:11:54,15650.0,1500,Buy,227321837
2024-07-30 13:11:54,15650.0,100,Buy,227321838
2024-07-30 13:11:54,15650.0,1200,Buy,227321839
2024-07-30 13:11:54,15650.0,1300,Buy,227321840
2024-07-30 13:11:54,15650.0,900,Buy,227321841
2024-07-30 13:12:01,15650.0,3500,Buy,227322006
2024-07-30 13:12:05,15650.0,200,Buy,227322161
2024-07-30 13:12:44,15650.0,800,Buy,227323191
2024-07-30 13:12:58,15600.0,200,Sell,227323571
2024-07-30 13:12:58,15600.0,800,Sell,227323572
2024-07-30 13:13:09,15650.0,100,Buy,227323890
2024-07-30 13:13:12,15650.0,1000,Buy,227323940
2024-07-30 13:13:14,15650.0,100,Buy,227324007
2024-07-30 13:13:17,15600.0,100,Sell,227324053
2024-07-30 13:13:17,15600.0,400,Sell,227324054
2024-07-30 13:13:17,15600.0,100,Sell,227324051
2024-07-30 13:13:17,15600.0,500,Sell,227324052
2024-07-30 13:13:17,15600.0,4200,Sell,227324050
2024-07-30 13:14:00,15600.0,2600,Sell,227325110
2024-07-30 13:14:00,15600.0,100,Sell,227325109
2024-07-30 13:14:00,15600.0,200,Sell,227325107
2024-07-30 13:14:00,15600.0,100,Sell,227325106
2024-07-30 13:14:00,15600.0,200,Sell,227325108
2024-07-30 13:14:18,15600.0,400,Sell,227325636
2024-07-30 13:14:18,15600.0,200,Sell,227325637
2024-07-30 13:14:18,15600.0,100,Sell,227325638
2024-07-30 13:14:18,15600.0,300,Sell,227325639
2024-07-30 13:14:26,15600.0,700,Sell,227325796
2024-07-30 13:14:49,15600.0,3000,Sell,227326254
2024-07-30 13:14:52,15600.0,1700,Sell,227326325
2024-07-30 13:15:01,15650.0,600,Buy,227326562
2024-07-30 13:15:09,15650.0,1000,Buy,227326742
2024-07-30 13:15:12,15650.0,900,Buy,227326807
2024-07-30 13:15:12,15650.0,100,Buy,227326808
2024-07-30 13:15:38,15600.0,1000,Sell,227327576
2024-07-30 13:15:52,15650.0,100,Buy,227327909
2024-07-30 13:16:03,15650.0,900,Buy,227328219
2024-07-30 13:16:03,15650.0,1000,Buy,227328220
2024-07-30 13:16:03,15650.0,100,Buy,227328221
2024-07-30 13:16:13,15650.0,1000,Buy,227328479
2024-07-30 13:16:13,15600.0,2000,Sell,227328478
2024-07-30 13:16:22,15650.0,100,Buy,227328706
2024-07-30 13:16:31,15600.0,1000,Sell,227328890
2024-07-30 13:16:31,15600.0,700,Sell,227328893
2024-07-30 13:16:31,15600.0,7800,Sell,227328889
2024-07-30 13:16:31,15600.0,500,Sell,227328891
2024-07-30 13:16:31,15600.0,5700,Sell,227328892
2024-07-30 13:16:50,15600.0,500,Sell,227329361
2024-07-30 13:16:50,15600.0,100,Sell,227329360
2024-07-30 13:16:50,15600.0,100,Sell,227329357
2024-07-30 13:16:50,15600.0,800,Sell,227329356
2024-07-30 13:16:50,15600.0,100,Sell,227329355
2024-07-30 13:16:50,15600.0,200,Sell,227329354
2024-07-30 13:16:50,15600.0,100,Sell,227329353
2024-07-30 13:16:50,15600.0,100,Sell,227329352
2024-07-30 13:16:50,15600.0,100,Sell,227329351
2024-07-30 13:16:50,15600.0,500,Sell,227329359
2024-07-30 13:16:50,15600.0,100,Sell,227329349
2024-07-30 13:16:50,15600.0,100,Sell,227329350
2024-07-30 13:16:50,15600.0,3300,Sell,227329340
2024-07-30 13:16:50,15600.0,300,Sell,227329341
2024-07-30 13:16:50,15600.0,1000,Sell,227329342
2024-07-30 13:16:50,15600.0,100,Sell,227329343
2024-07-30 13:16:50,15600.0,1700,Sell,227329358
2024-07-30 13:16:50,15600.0,300,Sell,227329345
2024-07-30 13:16:50,15600.0,100,Sell,227329346
2024-07-30 13:16:50,15600.0,200,Sell,227329347
2024-07-30 13:16:50,15600.0,100,Sell,227329348
2024-07-30 13:16:50,15600.0,100,Sell,227329344
2024-07-30 13:16:51,15650.0,200,Buy,227329394
2024-07-30 13:16:55,15600.0,100,Sell,227329463
2024-07-30 13:16:57,15650.0,1700,Buy,227329536
2024-07-30 13:16:58,15600.0,1000,Sell,227329556
2024-07-30 13:17:02,15650.0,100,Buy,227329668
2024-07-30 13:17:09,15600.0,200,Sell,227329856
2024-07-30 13:17:15,15600.0,1000,Sell,227329992
2024-07-30 13:17:36,15600.0,7000,Sell,227330528
2024-07-30 13:17:42,15600.0,3600,Sell,227330657
2024-07-30 13:17:44,15600.0,8000,Sell,227330750
2024-07-30 13:17:45,15650.0,100,Buy,227330762
2024-07-30 13:18:04,15650.0,100,Buy,227331508
2024-07-30 13:18:18,15600.0,1000,Sell,227331909
2024-07-30 13:18:30,15650.0,100,Buy,227332219
2024-07-30 13:18:30,15650.0,400,Buy,227332220
2024-07-30 13:18:32,15600.0,4000,Sell,227332249
2024-07-30 13:18:54,15600.0,2000,Sell,227332868
2024-07-30 13:18:54,15600.0,500,Sell,227332869
2024-07-30 13:19:00,15600.0,6000,Sell,227332996
2024-07-30 13:19:05,15600.0,100,Sell,227333143
2024-07-30 13:19:06,15650.0,400,Buy,227333175
2024-07-30 13:19:06,15650.0,400,Buy,227333176
2024-07-30 13:19:06,15650.0,200,Buy,227333177
2024-07-30 13:19:23,15600.0,200,Sell,227333729
2024-07-30 13:19:28,15650.0,200,Buy,227333849
2024-07-30 13:19:38,15600.0,1000,Sell,227334150
2024-07-30 13:19:50,15600.0,1800,Sell,227334484
2024-07-30 13:19:56,15600.0,11000,Sell,227334742
2024-07-30 13:20:11,15650.0,5000,Buy,227335222
2024-07-30 13:20:11,15650.0,200,Buy,227335221
2024-07-30 13:20:11,15650.0,1200,Buy,227335223
2024-07-30 13:20:11,15650.0,1000,Buy,227335219
2024-07-30 13:20:11,15650.0,300,Buy,227335218
2024-07-30 13:20:11,15650.0,1000,Buy,227335220
2024-07-30 13:20:11,15650.0,1300,Buy,227335217
2024-07-30 13:20:17,15650.0,100,Buy,227335404
2024-07-30 13:20:17,15650.0,300,Buy,227335405
2024-07-30 13:20:17,15650.0,200,Buy,227335406
2024-07-30 13:20:17,15650.0,1000,Buy,227335407
2024-07-30 13:20:17,15650.0,300,Buy,227335408
2024-07-30 13:20:36,15650.0,100,Buy,227336083
2024-07-30 13:20:36,15650.0,4000,Buy,227336084
2024-07-30 13:20:36,15650.0,60000,Buy,227336085
2024-07-30 13:20:36,15650.0,1000,Buy,227336089
2024-07-30 13:20:36,15650.0,2000,Buy,227336087
2024-07-30 13:20:36,15650.0,100,Buy,227336088
2024-07-30 13:20:36,15650.0,300,Buy,227336082
2024-07-30 13:20:36,15650.0,100,Buy,227336086
2024-07-30 13:20:36,15650.0,300,Buy,227336081
2024-07-30 13:20:36,15650.0,300,Buy,227336071
2024-07-30 13:20:36,15650.0,200,Buy,227336079
2024-07-30 13:20:36,15650.0,15000,Buy,227336078
2024-07-30 13:20:36,15650.0,1500,Buy,227336077
2024-07-30 13:20:36,15650.0,2000,Buy,227336076
2024-07-30 13:20:36,15650.0,10000,Buy,227336075
2024-07-30 13:20:36,15650.0,2000,Buy,227336074
2024-07-30 13:20:36,15650.0,35000,Buy,227336073
2024-07-30 13:20:36,15650.0,10000,Buy,227336072
2024-07-30 13:20:36,15650.0,5600,Buy,227336070
2024-07-30 13:20:36,15650.0,500,Buy,227336080
2024-07-30 13:20:39,15650.0,4100,Buy,227336174
2024-07-30 13:20:39,15650.0,2600,Buy,227336175
2024-07-30 13:20:40,15650.0,7400,Buy,227336197
2024-07-30 13:20:40,15650.0,1000,Buy,227336198
2024-07-30 13:20:40,15650.0,4000,Buy,227336199
2024-07-30 13:20:54,15650.0,500,Sell,227336589
2024-07-30 13:20:58,15650.0,1000,Sell,227336728
2024-07-30 13:21:18,15700.0,1700,Buy,227337301
2024-07-30 13:21:18,15700.0,2500,Buy,227337300
2024-07-30 13:21:18,15700.0,500,Buy,227337299
2024-07-30 13:21:18,15700.0,200,Buy,227337298
2024-07-30 13:21:18,15700.0,100,Buy,227337297
2024-07-30 13:21:18,15700.0,200,Buy,227337296
2024-07-30 13:21:18,15700.0,3000,Buy,227337295
2024-07-30 13:21:18,15700.0,500,Buy,227337294
2024-07-30 13:21:18,15700.0,200,Buy,227337281
2024-07-30 13:21:18,15700.0,1000,Buy,227337280
2024-07-30 13:21:18,15700.0,9600,Buy,227337268
2024-07-30 13:21:18,15700.0,100,Buy,227337278
2024-07-30 13:21:18,15700.0,100,Buy,227337269
2024-07-30 13:21:18,15700.0,2000,Buy,227337270
2024-07-30 13:21:18,15700.0,700,Buy,227337271
2024-07-30 13:21:18,15700.0,1000,Buy,227337272
2024-07-30 13:21:18,15700.0,15800,Buy,227337279
2024-07-30 13:21:18,15700.0,500,Buy,227337274
2024-07-30 13:21:18,15700.0,6300,Buy,227337275
2024-07-30 13:21:18,15700.0,100,Buy,227337276
2024-07-30 13:21:18,15700.0,2500,Buy,227337277
2024-07-30 13:21:18,15700.0,1400,Buy,227337273
2024-07-30 13:21:26,15700.0,300,Buy,227337515
2024-07-30 13:21:26,15700.0,1000,Buy,227337516
2024-07-30 13:21:26,15700.0,1000,Buy,227337517
2024-07-30 13:21:26,15700.0,100,Buy,227337518
2024-07-30 13:21:26,15700.0,400,Buy,227337519
2024-07-30 13:21:27,15650.0,7600,Sell,227337536
2024-07-30 13:21:27,15650.0,300,Sell,227337535
2024-07-30 13:21:27,15650.0,1100,Sell,227337534
2024-07-30 13:21:37,15700.0,100,Buy,227337908
2024-07-30 13:21:37,15700.0,200,Buy,227337910
2024-07-30 13:21:37,15700.0,100,Buy,227337911
2024-07-30 13:21:37,15700.0,500,Buy,227337912
2024-07-30 13:21:37,15700.0,100,Buy,227337913
2024-07-30 13:21:37,15700.0,500,Buy,227337914
2024-07-30 13:21:37,15700.0,400,Buy,227337915
2024-07-30 13:21:37,15700.0,100,Buy,227337909
2024-07-30 13:22:01,15700.0,1400,Buy,227338727
2024-07-30 13:22:06,15700.0,400,Buy,227338859
2024-07-30 13:22:18,15700.0,100,Buy,227339182
2024-07-30 13:22:18,15650.0,1000,Sell,227339185
2024-07-30 13:22:25,15700.0,700,Buy,227339440
2024-07-30 13:22:25,15700.0,300,Buy,227339441
2024-07-30 13:22:43,15700.0,100,Buy,227339974
2024-07-30 13:22:44,15700.0,400,Buy,227340009
2024-07-30 13:22:44,15700.0,600,Buy,227340008
2024-07-30 13:22:45,15700.0,1600,Buy,227340017
2024-07-30 13:22:45,15700.0,1400,Buy,227340018
2024-07-30 13:23:07,15700.0,100,Buy,227340602
2024-07-30 13:23:15,15700.0,900,Buy,227340866
2024-07-30 13:23:38,15650.0,1000,Sell,227341401
2024-07-30 13:24:34,15650.0,300,Sell,227342970
2024-07-30 13:24:49,15650.0,1800,Sell,227343398
2024-07-30 13:24:58,15650.0,1000,Sell,227343654
2024-07-30 13:25:21,15700.0,800,Buy,227344176
2024-07-30 13:25:21,15700.0,200,Buy,227344177
2024-07-30 13:25:37,15650.0,20000,Sell,227344583
2024-07-30 13:26:12,15650.0,100,Sell,227345443
2024-07-30 13:26:18,15650.0,1000,Sell,227345581
2024-07-30 13:26:19,15700.0,300,Buy,227345631
2024-07-30 13:27:23,15700.0,500,Buy,227346983
2024-07-30 13:27:38,15650.0,1000,Sell,227347304
2024-07-30 13:27:58,15650.0,2000,Sell,227347773
2024-07-30 13:27:58,15650.0,300,Sell,227347772
2024-07-30 13:27:58,15650.0,100,Sell,227347771
2024-07-30 13:27:58,15650.0,300,Sell,227347774
2024-07-30 13:27:58,15650.0,1000,Sell,227347769
2024-07-30 13:27:58,15650.0,100,Sell,227347768
2024-07-30 13:27:58,15650.0,1000,Sell,227347770
2024-07-30 13:27:58,15650.0,5200,Sell,227347767
2024-07-30 13:28:24,15650.0,3000,Sell,227348391
2024-07-30 13:28:36,15650.0,3400,Sell,227348606
2024-07-30 13:28:49,15650.0,1000,Sell,227348956
2024-07-30 13:28:58,15650.0,1000,Sell,227349140
2024-07-30 13:29:39,15650.0,200,Sell,227350273
2024-07-30 13:29:40,15650.0,1300,Sell,227350286
2024-07-30 13:29:47,15650.0,1700,Sell,227350499
2024-07-30 13:29:47,15650.0,3000,Sell,227350503
2024-07-30 13:30:08,15650.0,100,Sell,227351056
2024-07-30 13:30:08,15650.0,100,Sell,227351054
2024-07-30 13:30:08,15650.0,200,Sell,227351053
2024-07-30 13:30:08,15650.0,100,Sell,227351055
2024-07-30 13:30:10,15650.0,2000,Sell,227351147
2024-07-30 13:30:14,15650.0,1000,Sell,227351329
2024-07-30 13:30:18,15650.0,1000,Sell,227351473
2024-07-30 13:30:23,15650.0,100,Sell,227351612
2024-07-30 13:30:29,15650.0,9000,Sell,227351769
2024-07-30 13:30:36,15650.0,2000,Sell,227351951
2024-07-30 13:30:42,15650.0,1000,Sell,227352130
2024-07-30 13:31:02,15650.0,100,Sell,227352782
2024-07-30 13:31:05,15650.0,300,Sell,227352979
2024-07-30 13:31:05,15650.0,15700,Sell,227352980
2024-07-30 13:31:05,15650.0,100,Sell,227352977
2024-07-30 13:31:05,15650.0,2000,Sell,227352976
2024-07-30 13:31:05,15650.0,100,Sell,227352978
2024-07-30 13:31:05,15650.0,1800,Sell,227352975
2024-07-30 13:31:23,15650.0,500,Sell,227353681
2024-07-30 13:31:38,15650.0,1000,Sell,227354197
2024-07-30 13:31:47,15650.0,11100,Sell,227354456
2024-07-30 13:31:49,15650.0,300,Sell,227354525
2024-07-30 13:31:49,15650.0,2400,Sell,227354524
2024-07-30 13:31:49,15650.0,100,Sell,227354523
2024-07-30 13:31:49,15650.0,100,Sell,227354522
2024-07-30 13:31:49,15650.0,400,Sell,227354521
2024-07-30 13:31:49,15650.0,600,Sell,227354520
2024-07-30 13:31:49,15650.0,2000,Sell,227354519
2024-07-30 13:31:49,15650.0,500,Sell,227354518
2024-07-30 13:31:49,15650.0,1900,Sell,227354516
2024-07-30 13:31:49,15650.0,300,Sell,227354515
2024-07-30 13:31:49,15650.0,5000,Sell,227354514
2024-07-30 13:31:49,15650.0,100,Sell,227354513
2024-07-30 13:31:49,15650.0,200,Sell,227354512
2024-07-30 13:31:49,15650.0,500,Sell,227354511
2024-07-30 13:31:49,15650.0,21700,Sell,227354510
2024-07-30 13:31:49,15650.0,1800,Sell,227354526
2024-07-30 13:31:49,15650.0,2100,Sell,227354517
2024-07-30 13:31:54,15650.0,1000,Sell,227354703
2024-07-30 13:31:59,15650.0,300,Sell,227354903
2024-07-30 13:31:59,15650.0,900,Sell,227354914
2024-07-30 13:31:59,15650.0,100,Sell,227354913
2024-07-30 13:31:59,15650.0,300,Sell,227354912
2024-07-30 13:31:59,15650.0,2200,Sell,227354902
2024-07-30 13:31:59,15650.0,3500,Sell,227354910
2024-07-30 13:31:59,15650.0,6500,Sell,227354909
2024-07-30 13:31:59,15650.0,1000,Sell,227354908
2024-07-30 13:31:59,15650.0,200,Sell,227354911
2024-07-30 13:32:05,15650.0,300,Sell,227355095
2024-07-30 13:32:05,15650.0,300,Sell,227355098
2024-07-30 13:32:07,15650.0,2300,Sell,227355166
2024-07-30 13:32:07,15650.0,200,Sell,227355165
2024-07-30 13:32:07,15650.0,1000,Sell,227355163
2024-07-30 13:32:07,15650.0,1000,Sell,227355164
2024-07-30 13:32:07,15650.0,500,Sell,227355162
2024-07-30 13:32:12,15650.0,2000,Sell,227355501
2024-07-30 13:32:13,15650.0,1000,Sell,227355516
2024-07-30 13:32:14,15650.0,2000,Sell,227355591
2024-07-30 13:32:15,15650.0,100,Sell,227355608
2024-07-30 13:32:17,15650.0,2000,Sell,227355660
2024-07-30 13:32:17,15650.0,100,Sell,227355661
2024-07-30 13:32:17,15650.0,500,Sell,227355658
2024-07-30 13:32:17,15650.0,100,Sell,227355657
2024-07-30 13:32:17,15650.0,200,Sell,227355659
2024-07-30 13:32:17,15650.0,2100,Sell,227355656
2024-07-30 13:32:35,15650.0,100,Buy,227356266
2024-07-30 13:32:58,15600.0,100,Sell,227357073
2024-07-30 13:32:58,15600.0,900,Sell,227357074
2024-07-30 13:32:59,15650.0,100,Buy,227357109
2024-07-30 13:33:14,15600.0,100,Sell,227357519
2024-07-30 13:33:14,15600.0,300,Sell,227357520
2024-07-30 13:33:14,15600.0,100,Sell,227357521
2024-07-30 13:33:14,15600.0,1600,Sell,227357522
2024-07-30 13:33:40,15650.0,100,Buy,227358372
2024-07-30 13:33:51,15600.0,300,Sell,227358691
2024-07-30 13:34:09,15650.0,2000,Buy,227359377
2024-07-30 13:34:18,15600.0,1000,Sell,227359715
2024-07-30 13:34:35,15650.0,500,Buy,227360364
2024-07-30 13:34:57,15600.0,200,Sell,227360946
2024-07-30 13:35:38,15600.0,1000,Sell,227362373
2024-07-30 13:35:48,15650.0,1600,Buy,227362756
2024-07-30 13:35:48,15650.0,100,Buy,227362755
2024-07-30 13:35:48,15650.0,6200,Buy,227362754
2024-07-30 13:35:48,15650.0,100,Buy,227362753
2024-07-30 13:35:48,15650.0,400,Buy,227362734
2024-07-30 13:35:48,15650.0,300,Buy,227362732
2024-07-30 13:35:48,15650.0,500,Buy,227362731
2024-07-30 13:35:48,15650.0,1000,Buy,227362730
2024-07-30 13:35:48,15650.0,7500,Buy,227362729
2024-07-30 13:35:48,15650.0,300,Buy,227362733
2024-07-30 13:36:08,15650.0,100,Buy,227363499
2024-07-30 13:36:08,15650.0,100,Buy,227363500
2024-07-30 13:36:09,15650.0,300,Buy,227363567
2024-07-30 13:36:11,15650.0,100,Buy,227363645
2024-07-30 13:36:11,15650.0,3000,Buy,227363646
2024-07-30 13:36:13,15650.0,500,Buy,227363685
2024-07-30 13:36:14,15650.0,1000,Buy,227363749
2024-07-30 13:36:24,15600.0,500,Sell,227364218
2024-07-30 13:36:25,15650.0,500,Buy,227364249
2024-07-30 13:36:53,15650.0,300,Buy,227365365
2024-07-30 13:36:53,15650.0,100,Buy,227365366
2024-07-30 13:36:53,15650.0,1200,Buy,227365367
2024-07-30 13:36:53,15650.0,400,Buy,227365368
2024-07-30 13:36:58,15600.0,400,Sell,227365563
2024-07-30 13:36:58,15600.0,300,Sell,227365564
2024-07-30 13:36:58,15600.0,300,Sell,227365565
2024-07-30 13:37:15,15600.0,100,Sell,227366330
2024-07-30 13:37:17,15650.0,400,Buy,227366370
2024-07-30 13:37:17,15700.0,1000,Buy,227366374
2024-07-30 13:37:25,15650.0,700,Sell,227366705
2024-07-30 13:37:25,15650.0,1000,Sell,227366706
2024-07-30 13:37:28,15650.0,100,Buy,227366815
2024-07-30 13:37:34,15650.0,200,Buy,227367067
2024-07-30 13:38:18,15600.0,1000,Sell,227368489
2024-07-30 13:38:46,15600.0,100,Sell,227369501
2024-07-30 13:38:47,15650.0,100,Buy,227369521
2024-07-30 13:38:56,15650.0,100,Buy,227369944
2024-07-30 13:39:00,15650.0,1400,Buy,227370060
2024-07-30 13:39:00,15650.0,200,Buy,227370061
2024-07-30 13:39:00,15650.0,400,Buy,227370062
2024-07-30 13:39:01,15650.0,200,Buy,227370150
2024-07-30 13:39:29,15650.0,2000,Buy,227371090
2024-07-30 13:39:35,15600.0,3000,Sell,227371330
2024-07-30 13:39:38,15600.0,100,Sell,227371436
2024-07-30 13:39:38,15600.0,400,Sell,227371437
2024-07-30 13:39:38,15600.0,500,Sell,227371435
2024-07-30 13:39:44,15600.0,1600,Sell,227371594
2024-07-30 13:39:44,15600.0,200,Sell,227371595
2024-07-30 13:40:25,15600.0,500,Sell,227372825
2024-07-30 13:40:25,15600.0,200,Sell,227372824
2024-07-30 13:40:25,15600.0,100,Sell,227372823
2024-07-30 13:40:25,15600.0,100,Sell,227372822
2024-07-30 13:40:25,15600.0,300,Sell,227372821
2024-07-30 13:40:25,15600.0,100,Sell,227372820
2024-07-30 13:40:25,15600.0,1000,Sell,227372819
2024-07-30 13:40:25,15600.0,100,Sell,227372817
2024-07-30 13:40:25,15600.0,200,Sell,227372816
2024-07-30 13:40:25,15600.0,500,Sell,227372815
2024-07-30 13:40:25,15600.0,1000,Sell,227372814
2024-07-30 13:40:25,15600.0,800,Sell,227372813
2024-07-30 13:40:25,15600.0,100,Sell,227372818
2024-07-30 13:40:42,15600.0,5400,Sell,227373434
2024-07-30 13:40:42,15600.0,500,Sell,227373433
2024-07-30 13:40:42,15600.0,500,Sell,227373431
2024-07-30 13:40:42,15600.0,200,Sell,227373432
2024-07-30 13:40:42,15600.0,100,Sell,227373429
2024-07-30 13:40:42,15600.0,100,Sell,227373428
2024-07-30 13:40:42,15600.0,100,Sell,227373427
2024-07-30 13:40:42,15600.0,100,Sell,227373430
2024-07-30 13:40:51,15600.0,4600,Sell,227373715
2024-07-30 13:40:51,15600.0,100,Sell,227373716
2024-07-30 13:40:51,15600.0,100,Sell,227373717
2024-07-30 13:40:51,15600.0,1000,Sell,227373718
2024-07-30 13:40:58,15600.0,1000,Sell,227373861
2024-07-30 13:40:58,15600.0,36200,Sell,227373856
2024-07-30 13:40:58,15600.0,10000,Sell,227373855
2024-07-30 13:40:58,15600.0,300,Sell,227373854
2024-07-30 13:40:58,15600.0,100,Sell,227373851
2024-07-30 13:40:58,15600.0,200,Sell,227373852
2024-07-30 13:40:58,15600.0,1000,Sell,227373853
2024-07-30 13:40:58,15600.0,1000,Sell,227373848
2024-07-30 13:40:58,15600.0,200,Sell,227373850
2024-07-30 13:40:58,15600.0,1000,Sell,227373849
2024-07-30 13:41:11,15600.0,1000,Sell,227374440
2024-07-30 13:41:23,15600.0,21800,Sell,227374892
2024-07-30 13:41:23,15600.0,200,Sell,227374893
2024-07-30 13:41:23,15600.0,200,Sell,227374894
2024-07-30 13:41:23,15600.0,5000,Sell,227374895
2024-07-30 13:41:23,15600.0,100,Sell,227374896
2024-07-30 13:41:23,15600.0,1000,Sell,227374897
2024-07-30 13:41:23,15600.0,100,Sell,227374898
2024-07-30 13:41:23,15600.0,600,Sell,227374899
2024-07-30 13:41:23,15600.0,200,Sell,227374900
2024-07-30 13:41:23,15600.0,100,Sell,227374901
2024-07-30 13:41:23,15600.0,700,Sell,227374902
2024-07-30 13:41:37,15650.0,10600,Buy,227375449
2024-07-30 13:41:37,15650.0,3000,Buy,227375447
2024-07-30 13:41:37,15650.0,900,Buy,227375448
2024-07-30 13:41:37,15650.0,1500,Buy,227375445
2024-07-30 13:41:37,15650.0,1000,Buy,227375446
2024-07-30 13:41:37,15650.0,5000,Buy,227375444
2024-07-30 13:41:37,15650.0,2400,Buy,227375443
2024-07-30 13:41:53,15600.0,500,Sell,227376094
2024-07-30 13:41:54,15600.0,2000,Sell,227376134
2024-07-30 13:41:54,15600.0,200,Sell,227376135
2024-07-30 13:41:54,15600.0,100,Sell,227376136
2024-07-30 13:41:54,15600.0,100,Sell,227376137
2024-07-30 13:41:54,15600.0,200,Sell,227376138
2024-07-30 13:41:54,15600.0,3100,Sell,227376222
2024-07-30 13:41:54,15600.0,3800,Sell,227376133
2024-07-30 13:42:04,15600.0,2000,Sell,227376733
2024-07-30 13:42:15,15600.0,100,Sell,227377117
2024-07-30 13:42:16,15600.0,5000,Sell,227377133
2024-07-30 13:42:18,15600.0,1000,Sell,227377253
2024-07-30 13:42:21,15600.0,900,Sell,227377341
2024-07-30 13:42:29,15600.0,100,Sell,227377755
2024-07-30 13:42:29,15600.0,5000,Sell,227377756
2024-07-30 13:42:34,15600.0,2000,Sell,227377960
2024-07-30 13:42:38,15600.0,10600,Sell,227378462
2024-07-30 13:42:38,15600.0,100,Sell,227378463
2024-07-30 13:42:39,15600.0,600,Sell,227378506
2024-07-30 13:42:39,15600.0,1200,Sell,227378507
2024-07-30 13:42:39,15600.0,100,Sell,227378505
2024-07-30 13:42:39,15600.0,100,Sell,227378503
2024-07-30 13:42:39,15600.0,1000,Sell,227378504
2024-07-30 13:42:45,15600.0,500,Sell,227378784
2024-07-30 13:42:50,15600.0,600,Sell,227379027
2024-07-30 13:42:50,15600.0,100,Sell,227379028
2024-07-30 13:42:50,15600.0,100,Sell,227379029
2024-07-30 13:42:50,15600.0,300,Sell,227379030
2024-07-30 13:42:50,15600.0,100,Sell,227379031
2024-07-30 13:42:50,15600.0,100,Sell,227379032
2024-07-30 13:42:50,15600.0,200,Sell,227379034
2024-07-30 13:42:50,15600.0,200,Sell,227379035
2024-07-30 13:42:50,15600.0,1400,Sell,227379036
2024-07-30 13:42:50,15600.0,900,Sell,227379037
2024-07-30 13:42:50,15600.0,1000,Sell,227379038
2024-07-30 13:42:50,15600.0,100,Sell,227379040
2024-07-30 13:42:50,15600.0,1000,Sell,227379026
2024-07-30 13:42:50,15600.0,50000,Sell,227379041
2024-07-30 13:42:50,15600.0,1000,Sell,227379043
2024-07-30 13:42:50,15600.0,2000,Sell,227379044
2024-07-30 13:42:50,15600.0,100,Sell,227379045
2024-07-30 13:42:50,15600.0,800,Sell,227379046
2024-07-30 13:42:50,15600.0,3000,Sell,227379047
2024-07-30 13:42:50,15600.0,200,Sell,227379048
2024-07-30 13:42:50,15600.0,1000,Sell,227379049
2024-07-30 13:42:50,15600.0,300,Sell,227379050
2024-07-30 13:42:50,15600.0,9300,Sell,227379051
2024-07-30 13:42:50,15600.0,1800,Sell,227379039
2024-07-30 13:42:50,15600.0,100,Sell,227379025
2024-07-30 13:42:50,15600.0,400,Sell,227379042
2024-07-30 13:42:50,15600.0,1000,Sell,227379023
2024-07-30 13:42:50,15600.0,100,Sell,227379024
2024-07-30 13:42:50,15600.0,3300,Sell,227378998
2024-07-30 13:42:50,15600.0,800,Sell,227378999
2024-07-30 13:42:50,15600.0,100,Sell,227379000
2024-07-30 13:42:50,15600.0,500,Sell,227379001
2024-07-30 13:42:50,15600.0,100,Sell,227379002
2024-07-30 13:42:50,15600.0,900,Sell,227379003
2024-07-30 13:42:50,15600.0,100,Sell,227379004
2024-07-30 13:42:50,15600.0,100,Sell,227379005
2024-07-30 13:42:50,15600.0,500,Sell,227379006
2024-07-30 13:42:50,15600.0,400,Sell,227379008
2024-07-30 13:42:50,15600.0,200,Sell,227379009
2024-07-30 13:42:50,15600.0,300,Sell,227379007
2024-07-30 13:42:50,15600.0,1000,Sell,227379011
2024-07-30 13:42:50,15600.0,100,Sell,227379022
2024-07-30 13:42:50,15600.0,1000,Sell,227379021
2024-07-30 13:42:50,15600.0,500,Sell,227379020
2024-07-30 13:42:50,15600.0,100,Sell,227379010
2024-07-30 13:42:50,15600.0,5000,Sell,227379018
2024-07-30 13:42:50,15600.0,3000,Sell,227379017
2024-07-30 13:42:50,15600.0,100,Sell,227379019
2024-07-30 13:42:50,15600.0,100,Sell,227379015
2024-07-30 13:42:50,15600.0,1500,Sell,227379014
2024-07-30 13:42:50,15600.0,1000,Sell,227379013
2024-07-30 13:42:50,15600.0,100,Sell,227379012
2024-07-30 13:42:50,15600.0,2000,Sell,227379016
2024-07-30 13:42:55,15600.0,2000,Sell,227379228
2024-07-30 13:43:00,15600.0,1600,Sell,227379429
2024-07-30 13:43:05,15600.0,100,Sell,227379805
2024-07-30 13:43:05,15600.0,1000,Sell,227379829
2024-07-30 13:43:05,15600.0,1000,Sell,227379841
2024-07-30 13:43:08,15600.0,100,Sell,227379981
2024-07-30 13:43:08,15600.0,100,Sell,227379980
2024-07-30 13:43:08,15600.0,1000,Sell,227379943
2024-07-30 13:43:08,15600.0,400,Sell,227379978
2024-07-30 13:43:08,15600.0,500,Sell,227379979
2024-07-30 13:43:11,15600.0,200,Buy,227380110
2024-07-30 13:43:38,15550.0,1000,Sell,227381327
2024-07-30 13:43:46,15600.0,400,Buy,227381728
2024-07-30 13:43:46,15600.0,100,Buy,227381729
2024-07-30 13:43:54,15550.0,1000,Sell,227382125
2024-07-30 13:44:06,15550.0,300,Sell,227382777
2024-07-30 13:44:06,15550.0,100,Sell,227382776
2024-07-30 13:44:06,15550.0,100,Sell,227382774
2024-07-30 13:44:06,15550.0,1000,Sell,227382773
2024-07-30 13:44:06,15550.0,500,Sell,227382775
2024-07-30 13:44:11,15550.0,400,Sell,227383044
2024-07-30 13:44:11,15550.0,100,Sell,227383037
2024-07-30 13:44:11,15550.0,100,Sell,227383038
2024-07-30 13:44:11,15550.0,100,Sell,227383039
2024-07-30 13:44:11,15550.0,600,Sell,227383042
2024-07-30 13:44:11,15550.0,100,Sell,227383043
2024-07-30 13:44:11,15550.0,100,Sell,227383045
2024-07-30 13:44:11,15550.0,500,Sell,227383051
2024-07-30 13:44:11,15550.0,200,Sell,227383047
2024-07-30 13:44:11,15550.0,100,Sell,227383048
2024-07-30 13:44:11,15550.0,300,Sell,227383049
2024-07-30 13:44:11,15550.0,5000,Sell,227383050
2024-07-30 13:44:11,15550.0,900,Sell,227383052
2024-07-30 13:44:11,15550.0,1000,Sell,227383036
2024-07-30 13:44:11,15550.0,500,Sell,227383046
2024-07-30 13:44:11,15550.0,2000,Sell,227383035
2024-07-30 13:44:11,15550.0,700,Sell,227383033
2024-07-30 13:44:11,15600.0,200,Buy,227383014
2024-07-30 13:44:11,15550.0,200,Sell,227383019
2024-07-30 13:44:11,15550.0,100,Sell,227383020
2024-07-30 13:44:11,15550.0,100,Sell,227383021
2024-07-30 13:44:11,15550.0,3000,Sell,227383022
2024-07-30 13:44:11,15550.0,5000,Sell,227383023
2024-07-30 13:44:11,15550.0,100,Sell,227383024
2024-07-30 13:44:11,15550.0,100,Sell,227383025
2024-07-30 13:44:11,15550.0,200,Sell,227383034
2024-07-30 13:44:11,15550.0,200,Sell,227383027
2024-07-30 13:44:11,15550.0,500,Sell,227383028
2024-07-30 13:44:11,15550.0,100,Sell,227383029
2024-07-30 13:44:11,15550.0,500,Sell,227383030
2024-07-30 13:44:11,15550.0,200,Sell,227383031
2024-07-30 13:44:11,15550.0,5000,Sell,227383032
2024-07-30 13:44:11,15550.0,2000,Sell,227383026
2024-07-30 13:44:15,15550.0,900,Sell,227383198
2024-07-30 13:44:15,15550.0,3000,Sell,227383197
2024-07-30 13:44:15,15550.0,500,Sell,227383196
2024-07-30 13:44:15,15550.0,100,Sell,227383195
2024-07-30 13:44:15,15550.0,200,Sell,227383194
2024-07-30 13:44:15,15550.0,100,Sell,227383192
2024-07-30 13:44:15,15550.0,300,Sell,227383191
2024-07-30 13:44:15,15550.0,300,Sell,227383190
2024-07-30 13:44:15,15550.0,400,Sell,227383189
2024-07-30 13:44:15,15550.0,3100,Sell,227383188
2024-07-30 13:44:15,15550.0,100,Sell,227383193
2024-07-30 13:44:29,15550.0,1000,Sell,227384076
2024-07-30 13:44:35,15550.0,100,Sell,227384508
2024-07-30 13:44:35,15550.0,3800,Sell,227384513
2024-07-30 13:44:35,15550.0,1000,Sell,227384512
2024-07-30 13:44:35,15550.0,100,Sell,227384511
2024-07-30 13:44:35,15550.0,100,Sell,227384510
2024-07-30 13:44:35,15550.0,300,Sell,227384509
2024-07-30 13:44:35,15550.0,300,Sell,227384507
2024-07-30 13:44:35,15550.0,100,Sell,227384498
2024-07-30 13:44:35,15550.0,300,Sell,227384505
2024-07-30 13:44:35,15550.0,100,Sell,227384504
2024-07-30 13:44:35,15550.0,1000,Sell,227384503
2024-07-30 13:44:35,15550.0,200,Sell,227384502
2024-07-30 13:44:35,15550.0,200,Sell,227384501
2024-07-30 13:44:35,15550.0,1200,Sell,227384500
2024-07-30 13:44:35,15550.0,200,Sell,227384499
2024-07-30 13:44:35,15550.0,1000,Sell,227384506
2024-07-30 13:44:40,15550.0,1000,Sell,227384777
2024-07-30 13:44:40,15550.0,5000,Sell,227384781
2024-07-30 13:44:43,15550.0,200,Sell,227384904
2024-07-30 13:44:43,15550.0,1000,Sell,227384903
2024-07-30 13:44:43,15550.0,300,Sell,227384902
2024-07-30 13:44:43,15550.0,200,Sell,227384901
2024-07-30 13:44:44,15550.0,200,Sell,227384938
2024-07-30 13:44:44,15550.0,100,Sell,227384937
2024-07-30 13:44:44,15550.0,100,Sell,227384936
2024-07-30 13:44:44,15550.0,200,Sell,227384935
2024-07-30 13:44:44,15550.0,800,Sell,227384939
2024-07-30 13:44:44,15550.0,100,Sell,227384933
2024-07-30 13:44:44,15550.0,500,Sell,227384932
2024-07-30 13:44:44,15550.0,4000,Sell,227384931
2024-07-30 13:44:44,15550.0,3000,Sell,227384930
2024-07-30 13:44:44,15550.0,100,Sell,227384934
2024-07-30 13:44:48,15550.0,200,Sell,227385306
2024-07-30 13:44:56,15550.0,100,Sell,227385623
2024-07-30 13:44:58,15550.0,1000,Sell,227385726
2024-07-30 13:45:11,15550.0,400,Sell,227386766
2024-07-30 13:45:12,15550.0,500,Sell,227386784
2024-07-30 13:45:12,15550.0,3600,Sell,227386787
2024-07-30 13:45:12,15550.0,200,Sell,227386786
2024-07-30 13:45:12,15550.0,500,Sell,227386785
2024-07-30 13:45:12,15550.0,1000,Sell,227386783
2024-07-30 13:45:12,15550.0,200,Sell,227386780
2024-07-30 13:45:12,15550.0,2000,Sell,227386781
2024-07-30 13:45:12,15550.0,200,Sell,227386779
2024-07-30 13:45:12,15550.0,10000,Sell,227386778
2024-07-30 13:45:12,15550.0,1500,Sell,227386777
2024-07-30 13:45:12,15550.0,300,Sell,227386782
2024-07-30 13:45:16,15550.0,1000,Sell,227387073
2024-07-30 13:45:17,15550.0,200,Sell,227387175
2024-07-30 13:45:17,15550.0,1600,Sell,227387185
2024-07-30 13:45:17,15550.0,100,Sell,227387183
2024-07-30 13:45:17,15550.0,700,Sell,227387182
2024-07-30 13:45:17,15550.0,100,Sell,227387181
2024-07-30 13:45:17,15550.0,100,Sell,227387179
2024-07-30 13:45:17,15550.0,200,Sell,227387178
2024-07-30 13:45:17,15550.0,200,Sell,227387177
2024-07-30 13:45:17,15550.0,100,Sell,227387176
2024-07-30 13:45:17,15550.0,100,Sell,227387174
2024-07-30 13:45:17,15550.0,400,Sell,227387184
2024-07-30 13:45:17,15550.0,200,Sell,227387150
2024-07-30 13:45:17,15550.0,2900,Sell,227387173
2024-07-30 13:45:17,15550.0,5400,Sell,227387140
2024-07-30 13:45:17,15550.0,500,Sell,227387141
2024-07-30 13:45:17,15550.0,300,Sell,227387142
2024-07-30 13:45:17,15550.0,500,Sell,227387143
2024-07-30 13:45:17,15550.0,200,Sell,227387144
2024-07-30 13:45:17,15550.0,200,Sell,227387180
2024-07-30 13:45:17,15550.0,100,Sell,227387145
2024-07-30 13:45:17,15550.0,200,Sell,227387146
2024-07-30 13:45:17,15550.0,500,Sell,227387147
2024-07-30 13:45:17,15550.0,200,Sell,227387148
2024-07-30 13:45:17,15550.0,100,Sell,227387149
2024-07-30 13:45:18,15550.0,400,Sell,227387289
2024-07-30 13:45:18,15550.0,600,Sell,227387290
2024-07-30 13:45:20,15550.0,1400,Sell,227387442
2024-07-30 13:45:20,15550.0,100,Sell,227387443
2024-07-30 13:45:21,15550.0,900,Sell,227387461
2024-07-30 13:45:21,15550.0,400,Sell,227387459
2024-07-30 13:45:21,15550.0,2000,Sell,227387458
2024-07-30 13:45:21,15550.0,200,Sell,227387460
2024-07-30 13:45:23,15550.0,1000,Sell,227387563
2024-07-30 13:45:28,15550.0,1000,Sell,227387902
2024-07-30 13:45:28,15550.0,500,Sell,227387906
2024-07-30 13:45:28,15550.0,1000,Sell,227387905
2024-07-30 13:45:28,15550.0,100,Sell,227387904
2024-07-30 13:45:28,15550.0,100,Sell,227387903
2024-07-30 13:45:28,15550.0,900,Sell,227387901
2024-07-30 13:45:28,15550.0,2000,Sell,227387900
2024-07-30 13:45:28,15550.0,1100,Sell,227387850
2024-07-30 13:45:28,15550.0,600,Sell,227387895
2024-07-30 13:45:28,15550.0,100,Sell,227387894
2024-07-30 13:45:28,15550.0,100,Sell,227387893
2024-07-30 13:45:28,15550.0,1200,Sell,227387892
2024-07-30 13:45:28,15550.0,3800,Sell,227387852
2024-07-30 13:45:28,15550.0,100,Sell,227387851
2024-07-30 13:45:28,15550.0,400,Sell,227387899
2024-07-30 13:45:29,15550.0,100,Buy,227387970
2024-07-30 13:45:29,15550.0,200,Sell,227387944
2024-07-30 13:45:29,15550.0,100,Sell,227387943
2024-07-30 13:45:29,15550.0,100,Sell,227387940
2024-07-30 13:45:29,15550.0,100,Sell,227387939
2024-07-30 13:45:29,15550.0,300,Sell,227387942
2024-07-30 13:45:29,15550.0,200,Sell,227387941
2024-07-30 13:45:46,15550.0,300,Buy,227388849
2024-07-30 13:45:48,15550.0,100,Buy,227388965
2024-07-30 13:45:51,15550.0,500,Buy,227389131
2024-07-30 13:46:03,15550.0,100,Buy,227389600
2024-07-30 13:46:04,15550.0,1000,Buy,227389652
2024-07-30 13:46:08,15550.0,4800,Buy,227389818
2024-07-30 13:46:08,15550.0,300,Buy,227389819
2024-07-30 13:46:08,15550.0,1500,Buy,227389816
2024-07-30 13:46:08,15550.0,1000,Buy,227389817
2024-07-30 13:46:08,15550.0,500,Buy,227389813
2024-07-30 13:46:08,15550.0,40000,Buy,227389814
2024-07-30 13:46:08,15550.0,900,Buy,227389812
2024-07-30 13:46:08,15550.0,1000,Buy,227389815
2024-07-30 13:46:10,15550.0,1700,Buy,227389987
2024-07-30 13:46:18,15550.0,1000,Sell,227390324
2024-07-30 13:46:20,15550.0,300,Sell,227390424
2024-07-30 13:46:40,15550.0,1000,Sell,227391253
2024-07-30 13:46:46,15550.0,300,Sell,227391464
2024-07-30 13:46:54,15550.0,600,Sell,227391862
2024-07-30 13:46:59,15550.0,7000,Sell,227392039
2024-07-30 13:47:09,15600.0,100,Buy,227392289
2024-07-30 13:47:19,15600.0,100,Buy,227392651
2024-07-30 13:47:37,15600.0,200,Buy,227393317
2024-07-30 13:47:38,15550.0,1000,Sell,227393361
2024-07-30 13:47:51,15550.0,500,Sell,227393897
2024-07-30 13:47:57,15600.0,400,Buy,227394178
2024-07-30 13:48:16,15550.0,200,Sell,227394903
2024-07-30 13:48:34,15600.0,100,Buy,227395456
2024-07-30 13:48:48,15550.0,27500,Sell,227395931
2024-07-30 13:48:49,15600.0,700,Buy,227396002
2024-07-30 13:48:49,15550.0,400,Sell,227395989
2024-07-30 13:48:49,15550.0,200,Sell,227395988
2024-07-30 13:48:49,15550.0,400,Sell,227395987
2024-07-30 13:48:49,15550.0,100,Sell,227395973
2024-07-30 13:48:49,15550.0,500,Sell,227395986
2024-07-30 13:48:49,15550.0,10000,Sell,227395978
2024-07-30 13:48:49,15550.0,10000,Sell,227395977
2024-07-30 13:48:49,15550.0,1000,Sell,227395976
2024-07-30 13:48:49,15550.0,700,Sell,227395975
2024-07-30 13:48:49,15550.0,200,Sell,227395974
2024-07-30 13:48:49,15550.0,100,Sell,227395972
2024-07-30 13:48:49,15550.0,100,Sell,227395963
2024-07-30 13:48:49,15550.0,500,Sell,227395970
2024-07-30 13:48:49,15550.0,1900,Sell,227395969
2024-07-30 13:48:49,15550.0,300,Sell,227395968
2024-07-30 13:48:49,15550.0,400,Sell,227395967
2024-07-30 13:48:49,15550.0,200,Sell,227395966
2024-07-30 13:48:49,15550.0,200,Sell,227395965
2024-07-30 13:48:49,15550.0,500,Sell,227395964
2024-07-30 13:48:49,15550.0,1000,Sell,227395962
2024-07-30 13:48:49,15550.0,10000,Sell,227395961
2024-07-30 13:48:49,15550.0,1000,Sell,227395960
2024-07-30 13:48:49,15550.0,8900,Sell,227395959
2024-07-30 13:48:49,15550.0,1400,Sell,227395971
2024-07-30 13:48:58,15550.0,100,Sell,227396287
2024-07-30 13:48:58,15550.0,500,Sell,227396286
2024-07-30 13:48:58,15550.0,100,Sell,227396284
2024-07-30 13:48:58,15550.0,100,Sell,227396283
2024-07-30 13:48:58,15550.0,100,Sell,227396285
2024-07-30 13:48:58,15550.0,100,Sell,227396282
2024-07-30 13:49:05,15600.0,200,Buy,227396490
2024-07-30 13:49:08,15600.0,1000,Buy,227396592
2024-07-30 13:49:08,15600.0,200,Buy,227396591
2024-07-30 13:49:08,15550.0,100,Sell,227396593
2024-07-30 13:49:19,15550.0,100,Sell,227396881
2024-07-30 13:49:19,15550.0,600,Sell,227396882
2024-07-30 13:49:22,15600.0,1000,Buy,227397009
2024-07-30 13:49:29,15550.0,100,Sell,227397266
2024-07-30 13:49:29,15550.0,900,Sell,227397267
2024-07-30 13:49:31,15600.0,100,Buy,227397408
2024-07-30 13:49:42,15600.0,2000,Buy,227397942
2024-07-30 13:50:18,15550.0,1000,Sell,227399054
2024-07-30 13:50:26,15600.0,700,Buy,227399240
2024-07-30 13:50:30,15600.0,300,Buy,227399363
2024-07-30 13:50:36,15550.0,100,Sell,227399554
2024-07-30 13:50:47,15550.0,900,Sell,227399838
2024-07-30 13:50:58,15550.0,2000,Sell,227400142
2024-07-30 13:51:38,15550.0,1000,Sell,227401378
2024-07-30 13:51:50,15550.0,200,Sell,227401902
2024-07-30 13:51:53,15550.0,5000,Sell,227401997
2024-07-30 13:51:59,15600.0,1000,Buy,227402153
2024-07-30 13:52:02,15600.0,2000,Buy,227402229
2024-07-30 13:52:03,15600.0,400,Buy,227402276
2024-07-30 13:52:03,15600.0,2000,Buy,227402275
2024-07-30 13:52:03,15600.0,600,Buy,227402277
2024-07-30 13:52:13,15600.0,3200,Buy,227402571
2024-07-30 13:52:21,15600.0,1900,Buy,227402812
2024-07-30 13:52:33,15600.0,2800,Buy,227403153
2024-07-30 13:52:46,15600.0,100,Buy,227403582
2024-07-30 13:52:48,15600.0,13700,Buy,227403649
2024-07-30 13:52:58,15550.0,1000,Sell,227404003
2024-07-30 13:53:04,15550.0,300,Sell,227404187
2024-07-30 13:54:11,15550.0,5700,Sell,227406211
