time,price,volume,match_type,id
2024-08-15 09:14:40,14500.0,31300,ATO/ATC,231691364
2024-08-15 09:15:31,14500.0,200,Buy,231692232
2024-08-15 09:15:47,14500.0,100,Buy,231692433
2024-08-15 09:15:56,14500.0,100,Buy,231692534
2024-08-15 09:16:00,14500.0,100,Buy,231692593
2024-08-15 09:16:02,14500.0,1000,Buy,231692602
2024-08-15 09:16:08,14500.0,1300,Buy,231692707
2024-08-15 09:16:27,14500.0,100,Buy,231692962
2024-08-15 09:16:35,14450.0,200,Sell,231693058
2024-08-15 09:16:37,14500.0,100,Buy,231693089
2024-08-15 09:16:56,14500.0,1000,Sell,231693376
2024-08-15 09:16:56,14500.0,2700,Buy,231693374
2024-08-15 09:16:56,14500.0,2300,Buy,231693373
2024-08-15 09:16:56,14500.0,3000,Buy,231693371
2024-08-15 09:16:56,14500.0,200,Buy,231693372
2024-08-15 09:16:56,14500.0,500,Buy,231693369
2024-08-15 09:16:56,14500.0,400,Buy,231693368
2024-08-15 09:16:56,14500.0,100,Buy,231693367
2024-08-15 09:16:56,14500.0,6000,Buy,231693366
2024-08-15 09:16:56,14500.0,200,Buy,231693370
2024-08-15 09:17:09,14500.0,3600,Sell,231693698
2024-08-15 09:17:09,14500.0,1000,Sell,231693699
2024-08-15 09:17:46,14500.0,500,Buy,231694581
2024-08-15 09:17:47,14450.0,100,Sell,231694604
2024-08-15 09:17:47,14450.0,900,Sell,231694605
2024-08-15 09:18:03,14500.0,1100,Buy,231694836
2024-08-15 09:18:03,14500.0,500,Buy,231694831
2024-08-15 09:18:03,14500.0,100,Buy,231694835
2024-08-15 09:18:09,14500.0,200,Buy,231695007
2024-08-15 09:18:48,14450.0,300,Sell,231695668
2024-08-15 09:19:07,14450.0,100,Sell,231696016
2024-08-15 09:19:08,14450.0,100,Sell,231696036
2024-08-15 09:19:17,14500.0,600,Buy,231696184
2024-08-15 09:20:08,14450.0,300,Sell,231697215
2024-08-15 09:20:26,14450.0,100,Sell,231697644
2024-08-15 09:20:26,14450.0,300,Sell,231697645
2024-08-15 09:20:26,14450.0,100,Sell,231697646
2024-08-15 09:20:26,14450.0,500,Sell,231697647
2024-08-15 09:20:26,14450.0,200,Sell,231697650
2024-08-15 09:20:26,14450.0,1200,Sell,231697649
2024-08-15 09:20:26,14450.0,5400,Sell,231697651
2024-08-15 09:20:26,14450.0,100,Sell,231697643
2024-08-15 09:20:26,14450.0,1000,Sell,231697648
2024-08-15 09:20:26,14450.0,1000,Sell,231697642
2024-08-15 09:20:26,14450.0,100,Sell,231697634
2024-08-15 09:20:26,14450.0,100,Sell,231697640
2024-08-15 09:20:26,14450.0,500,Sell,231697639
2024-08-15 09:20:26,14450.0,1500,Sell,231697638
2024-08-15 09:20:26,14450.0,1000,Sell,231697637
2024-08-15 09:20:26,14450.0,100,Sell,231697636
2024-08-15 09:20:26,14450.0,100,Sell,231697635
2024-08-15 09:20:26,14500.0,100,Buy,231697631
2024-08-15 09:20:26,14450.0,100,Sell,231697633
2024-08-15 09:20:26,14450.0,400,Sell,231697632
2024-08-15 09:20:26,14450.0,2000,Sell,231697641
2024-08-15 09:20:29,14450.0,500,Sell,231697714
2024-08-15 09:21:04,14500.0,500,Buy,231698364
2024-08-15 09:21:08,14450.0,200,Sell,231698421
2024-08-15 09:21:08,14450.0,500,Sell,231698422
2024-08-15 09:21:08,14450.0,5600,Sell,231698423
2024-08-15 09:21:08,14450.0,100,Sell,231698424
2024-08-15 09:21:08,14450.0,5000,Sell,231698425
2024-08-15 09:21:08,14450.0,3700,Sell,231698426
2024-08-15 09:21:08,14450.0,4900,Sell,231698420
2024-08-15 09:21:13,14450.0,500,Sell,231698522
2024-08-15 09:21:13,14450.0,1600,Sell,231698523
2024-08-15 09:21:13,14450.0,100,Sell,231698521
2024-08-15 09:21:13,14450.0,1500,Sell,231698516
2024-08-15 09:21:13,14450.0,200,Sell,231698519
2024-08-15 09:21:13,14450.0,500,Sell,231698517
2024-08-15 09:21:13,14450.0,100,Sell,231698520
2024-08-15 09:21:13,14450.0,5500,Sell,231698518
2024-08-15 09:21:15,14450.0,400,Sell,231698569
2024-08-15 09:21:15,14450.0,900,Sell,231698583
2024-08-15 09:21:15,14450.0,500,Sell,231698582
2024-08-15 09:21:15,14450.0,200,Sell,231698581
2024-08-15 09:21:15,14450.0,2000,Sell,231698579
2024-08-15 09:21:15,14450.0,2000,Sell,231698577
2024-08-15 09:21:15,14450.0,100,Sell,231698580
2024-08-15 09:21:15,14450.0,100,Sell,231698575
2024-08-15 09:21:15,14450.0,1800,Sell,231698574
2024-08-15 09:21:15,14450.0,1000,Sell,231698573
2024-08-15 09:21:15,14450.0,500,Sell,231698572
2024-08-15 09:21:15,14450.0,200,Sell,231698571
2024-08-15 09:21:15,14450.0,100,Sell,231698570
2024-08-15 09:21:15,14450.0,100,Sell,231698576
2024-08-15 09:21:15,14450.0,100,Sell,231698578
2024-08-15 09:21:24,14450.0,500,Sell,231698713
2024-08-15 09:21:24,14450.0,100,Sell,231698731
2024-08-15 09:21:26,14450.0,1000,Sell,231698767
2024-08-15 09:21:31,14450.0,500,Sell,231698834
2024-08-15 09:21:31,14450.0,500,Sell,231698835
2024-08-15 09:21:35,14450.0,100,Sell,231698916
2024-08-15 09:22:01,14450.0,500,Sell,231699381
2024-08-15 09:22:04,14450.0,700,Sell,231699452
2024-08-15 09:22:04,14450.0,300,Sell,231699451
2024-08-15 09:22:07,14450.0,200,Sell,231699482
2024-08-15 09:22:11,14450.0,300,Sell,231699537
2024-08-15 09:22:21,14450.0,1000,Sell,231699703
2024-08-15 09:22:38,14450.0,100,Sell,231700017
2024-08-15 09:22:55,14450.0,700,Sell,231700197
2024-08-15 09:22:55,14450.0,200,Sell,231700198
2024-08-15 09:22:55,14450.0,100,Sell,231700199
2024-08-15 09:23:15,14450.0,1500,Sell,231700503
2024-08-15 09:23:15,14450.0,100,Sell,231700502
2024-08-15 09:23:15,14450.0,2000,Sell,231700500
2024-08-15 09:23:15,14450.0,100,Sell,231700501
2024-08-15 09:23:15,14450.0,100,Sell,231700498
2024-08-15 09:23:15,14450.0,500,Sell,231700497
2024-08-15 09:23:15,14450.0,5000,Sell,231700496
2024-08-15 09:23:15,14450.0,600,Sell,231700495
2024-08-15 09:23:15,14450.0,100,Sell,231700499
2024-08-15 09:23:47,14450.0,1000,Sell,231701023
2024-08-15 09:24:56,14450.0,4500,Sell,231702327
2024-08-15 09:24:56,14450.0,100,Sell,231702328
2024-08-15 09:24:56,14450.0,1200,Sell,231702329
2024-08-15 09:24:56,14450.0,2000,Sell,231702330
2024-08-15 09:24:56,14450.0,200,Sell,231702331
2024-08-15 09:24:56,14450.0,200,Sell,231702332
2024-08-15 09:24:56,14450.0,500,Sell,231702333
2024-08-15 09:24:56,14450.0,1300,Sell,231702334
2024-08-15 09:25:12,14450.0,200,Sell,231702560
2024-08-15 09:25:12,14450.0,4800,Sell,231702562
2024-08-15 09:25:12,14450.0,100,Sell,231702561
2024-08-15 09:25:12,14450.0,7100,Sell,231702559
2024-08-15 09:25:12,14450.0,700,Sell,231702558
2024-08-15 09:25:27,14450.0,3000,Sell,231702813
2024-08-15 09:25:29,14450.0,1000,Sell,231702836
2024-08-15 09:26:20,14450.0,500,Sell,231703651
2024-08-15 09:26:44,14450.0,2000,Sell,231703977
2024-08-15 09:26:53,14450.0,500,Sell,231704106
2024-08-15 09:26:58,14450.0,38200,Sell,231704176
2024-08-15 09:26:58,14450.0,200,Sell,231704177
2024-08-15 09:26:58,14450.0,100,Sell,231704178
2024-08-15 09:26:58,14450.0,100,Sell,231704179
2024-08-15 09:26:58,14450.0,100,Sell,231704180
2024-08-15 09:26:58,14450.0,2000,Sell,231704181
2024-08-15 09:26:58,14450.0,5500,Sell,231704182
2024-08-15 09:26:58,14450.0,15800,Sell,231704183
2024-08-15 09:27:00,14450.0,100,Sell,231704210
2024-08-15 09:27:08,14450.0,3000,Sell,231704380
2024-08-15 09:27:13,14450.0,1100,Sell,231704483
2024-08-15 09:27:14,14450.0,100,Sell,231704507
2024-08-15 09:27:14,14450.0,100,Sell,231704508
2024-08-15 09:27:19,14450.0,2000,Sell,231704577
2024-08-15 09:27:21,14450.0,700,Sell,231704598
2024-08-15 09:27:21,14450.0,1800,Sell,231704599
2024-08-15 09:27:32,14450.0,200,Sell,231704741
2024-08-15 09:27:32,14450.0,100,Sell,231704742
2024-08-15 09:27:32,14450.0,200,Sell,231704743
2024-08-15 09:27:32,14450.0,200,Sell,231704744
2024-08-15 09:27:36,14450.0,1000,Sell,231704783
2024-08-15 09:27:46,14450.0,3000,Sell,231704912
2024-08-15 09:27:46,14450.0,200,Sell,231704911
2024-08-15 09:27:51,14450.0,3700,Sell,231704963
2024-08-15 09:27:51,14450.0,100,Sell,231704962
2024-08-15 09:27:51,14450.0,800,Sell,231704959
2024-08-15 09:27:51,14450.0,500,Sell,231704960
2024-08-15 09:27:51,14450.0,100,Sell,231704961
2024-08-15 09:27:54,14500.0,100,Buy,231705014
2024-08-15 09:27:54,14500.0,400,Buy,231705015
2024-08-15 09:28:15,14450.0,200,Sell,231705288
2024-08-15 09:29:05,14450.0,100,Sell,231706050
2024-08-15 09:29:55,14450.0,200,Sell,231706871
2024-08-15 09:29:55,14450.0,1000,Sell,231706872
2024-08-15 09:29:55,14450.0,4800,Sell,231706873
2024-08-15 09:30:02,14450.0,900,Sell,231706986
2024-08-15 09:30:02,14450.0,200,Sell,231706984
2024-08-15 09:30:02,14450.0,500,Sell,231706985
2024-08-15 09:30:16,14500.0,100,Buy,231707223
2024-08-15 09:30:16,14500.0,400,Buy,231707224
2024-08-15 09:30:33,14500.0,100,Buy,231707516
2024-08-15 09:30:52,14450.0,300,Sell,231707819
2024-08-15 09:31:23,14450.0,1000,Sell,231708197
2024-08-15 09:32:00,14450.0,700,Sell,231708671
2024-08-15 09:32:00,14450.0,600,Sell,231708672
2024-08-15 09:32:00,14450.0,700,Sell,231708673
2024-08-15 09:32:03,14450.0,1000,Sell,231708742
2024-08-15 09:32:22,14500.0,1500,Buy,231709086
2024-08-15 09:32:22,14500.0,5200,Buy,231709087
2024-08-15 09:32:22,14500.0,3300,Buy,231709088
2024-08-15 09:32:28,14500.0,100,Buy,231709163
2024-08-15 09:33:11,14500.0,1500,Buy,231709681
2024-08-15 09:33:24,14450.0,400,Sell,231709821
2024-08-15 09:33:30,14450.0,500,Sell,231709905
2024-08-15 09:33:39,14450.0,1500,Sell,231710017
2024-08-15 09:33:40,14500.0,100,Buy,231710034
2024-08-15 09:33:40,14500.0,600,Buy,231710035
2024-08-15 09:34:01,14450.0,900,Sell,231710458
2024-08-15 09:34:01,14450.0,5000,Sell,231710459
2024-08-15 09:34:01,14450.0,100,Sell,231710460
2024-08-15 09:34:11,14500.0,100,Buy,231710639
2024-08-15 09:34:32,14450.0,200,Sell,231710926
2024-08-15 09:34:40,14450.0,100,Sell,231711063
2024-08-15 09:34:58,14450.0,100,Sell,231711434
2024-08-15 09:34:58,14450.0,300,Sell,231711433
2024-08-15 09:34:58,14450.0,100,Sell,231711432
2024-08-15 09:34:58,14450.0,800,Sell,231711429
2024-08-15 09:34:58,14450.0,100,Sell,231711428
2024-08-15 09:34:58,14450.0,100,Sell,231711427
2024-08-15 09:34:58,14450.0,100,Sell,231711435
2024-08-15 09:34:58,14450.0,500,Sell,231711426
2024-08-15 09:34:58,14450.0,1500,Sell,231711423
2024-08-15 09:34:58,14450.0,100,Sell,231711424
2024-08-15 09:34:58,14450.0,100,Sell,231711422
2024-08-15 09:34:58,14450.0,100,Sell,231711421
2024-08-15 09:34:58,14450.0,2000,Sell,231711420
2024-08-15 09:34:58,14450.0,100,Sell,231711419
2024-08-15 09:34:58,14450.0,300,Sell,231711418
2024-08-15 09:34:58,14450.0,9700,Sell,231711417
2024-08-15 09:34:58,14450.0,5000,Sell,231711425
2024-08-15 09:35:08,14500.0,100,Buy,231711586
2024-08-15 09:35:42,14500.0,100,Buy,231712112
2024-08-15 09:35:46,14500.0,300,Buy,231712229
2024-08-15 09:35:51,14450.0,1300,Sell,231712381
2024-08-15 09:35:51,14450.0,1000,Sell,231712379
2024-08-15 09:35:51,14450.0,500,Sell,231712380
2024-08-15 09:36:27,14450.0,1000,Sell,231713098
2024-08-15 09:36:35,14500.0,600,Buy,231713264
2024-08-15 09:36:39,14450.0,500,Sell,231713341
2024-08-15 09:36:42,14500.0,100,Buy,231713424
2024-08-15 09:37:32,14450.0,100,Sell,231714242
2024-08-15 09:37:36,14450.0,2100,Sell,231714309
2024-08-15 09:37:36,14450.0,1100,Sell,231714310
2024-08-15 09:37:36,14450.0,100,Sell,231714311
2024-08-15 09:37:36,14450.0,5700,Sell,231714312
2024-08-15 09:37:39,14500.0,100,Buy,231714383
2024-08-15 09:37:39,14500.0,200,Buy,231714384
2024-08-15 09:37:39,14500.0,200,Buy,231714385
2024-08-15 09:38:26,14500.0,700,Buy,231715172
2024-08-15 09:38:26,14500.0,200,Buy,231715171
2024-08-15 09:38:26,14500.0,100,Buy,231715170
2024-08-15 09:38:29,14500.0,500,Buy,231715214
2024-08-15 09:38:37,14450.0,2000,Sell,231715379
2024-08-15 09:39:05,14450.0,3000,Sell,231715950
2024-08-15 09:39:55,14450.0,200,Sell,231716944
2024-08-15 09:40:02,14450.0,700,Sell,231717062
2024-08-15 09:40:05,14450.0,100,Sell,231717161
2024-08-15 09:40:41,14450.0,10900,Sell,231717819
2024-08-15 09:40:53,14450.0,300,Sell,231718033
2024-08-15 09:41:24,14450.0,900,Sell,231718645
2024-08-15 09:41:27,14500.0,200,Buy,231718727
2024-08-15 09:41:44,14500.0,100,Buy,231719079
2024-08-15 09:42:02,14450.0,600,Sell,231719412
2024-08-15 09:42:03,14500.0,300,Buy,231719441
2024-08-15 09:43:12,14500.0,300,Buy,231720650
2024-08-15 09:43:29,14500.0,200,Buy,231720923
2024-08-15 09:43:49,14500.0,2000,Buy,231721132
2024-08-15 09:43:56,14500.0,5000,Buy,231721265
2024-08-15 09:43:59,14500.0,100,Buy,231721304
2024-08-15 09:44:05,14500.0,1000,Buy,231721374
2024-08-15 09:44:07,14500.0,100,Buy,231721416
2024-08-15 09:44:17,14500.0,500,Buy,231721546
2024-08-15 09:44:19,14500.0,1000,Buy,231721568
2024-08-15 09:44:20,14500.0,100,Buy,231721573
2024-08-15 09:44:23,14500.0,100,Buy,231721633
2024-08-15 09:44:28,14500.0,400,Buy,231721705
2024-08-15 09:44:44,14500.0,300,Buy,231721980
2024-08-15 09:44:44,14500.0,3700,Buy,231721984
2024-08-15 09:44:44,14500.0,200,Buy,231721983
2024-08-15 09:44:44,14500.0,3000,Buy,231721981
2024-08-15 09:44:44,14500.0,2000,Buy,231721979
2024-08-15 09:44:44,14500.0,600,Buy,231721982
2024-08-15 09:44:44,14500.0,100,Buy,231721977
2024-08-15 09:44:44,14500.0,100,Buy,231721976
2024-08-15 09:44:44,14500.0,100,Buy,231721975
2024-08-15 09:44:44,14500.0,1500,Buy,231721974
2024-08-15 09:44:44,14500.0,7400,Buy,231721973
2024-08-15 09:44:44,14500.0,1000,Buy,231721978
2024-08-15 09:44:45,14500.0,5000,Buy,231722003
2024-08-15 09:44:48,14500.0,200,Buy,231722056
2024-08-15 09:44:48,14500.0,5000,Buy,231722057
2024-08-15 09:44:48,14500.0,700,Buy,231722058
2024-08-15 09:44:48,14500.0,2000,Buy,231722059
2024-08-15 09:44:48,14500.0,200,Buy,231722060
2024-08-15 09:44:48,14500.0,100,Buy,231722061
2024-08-15 09:44:48,14500.0,100,Buy,231722062
2024-08-15 09:44:48,14500.0,2000,Buy,231722066
2024-08-15 09:44:48,14500.0,100,Buy,231722064
2024-08-15 09:44:48,14500.0,700,Buy,231722065
2024-08-15 09:44:48,14500.0,2000,Buy,231722067
2024-08-15 09:44:48,14500.0,1000,Buy,231722068
2024-08-15 09:44:48,14500.0,500,Buy,231722070
2024-08-15 09:44:48,14500.0,500,Buy,231722071
2024-08-15 09:44:48,14500.0,1000,Buy,231722055
2024-08-15 09:44:48,14500.0,100,Buy,231722063
2024-08-15 09:44:48,14500.0,200,Buy,231722054
2024-08-15 09:44:48,14500.0,300,Buy,231722069
2024-08-15 09:44:48,14500.0,10000,Buy,231722052
2024-08-15 09:44:48,14500.0,700,Buy,231722035
2024-08-15 09:44:48,14500.0,200,Buy,231722036
2024-08-15 09:44:48,14500.0,8800,Buy,231722037
2024-08-15 09:44:48,14500.0,100,Buy,231722038
2024-08-15 09:44:48,14500.0,5600,Buy,231722039
2024-08-15 09:44:48,14500.0,200,Buy,231722040
2024-08-15 09:44:48,14500.0,200,Buy,231722041
2024-08-15 09:44:48,14500.0,200,Buy,231722042
2024-08-15 09:44:48,14500.0,100,Buy,231722053
2024-08-15 09:44:48,14500.0,2000,Buy,231722044
2024-08-15 09:44:48,14500.0,1000,Buy,231722045
2024-08-15 09:44:48,14500.0,500,Buy,231722046
2024-08-15 09:44:48,14500.0,20000,Buy,231722047
2024-08-15 09:44:48,14500.0,20000,Buy,231722048
2024-08-15 09:44:48,14500.0,100,Buy,231722049
2024-08-15 09:44:48,14500.0,100,Buy,231722050
2024-08-15 09:44:48,14500.0,400,Buy,231722051
2024-08-15 09:44:48,14500.0,500,Buy,231722043
2024-08-15 09:44:53,14500.0,1000,Sell,231722163
2024-08-15 09:45:02,14550.0,100,Buy,231722315
2024-08-15 09:45:10,14500.0,5000,Sell,231722419
2024-08-15 09:45:20,14500.0,300,Sell,231722545
2024-08-15 09:45:27,14550.0,1600,Buy,231722616
2024-08-15 09:45:32,14500.0,4000,Sell,231722686
2024-08-15 09:46:11,14500.0,800,Sell,231723293
2024-08-15 09:46:29,14500.0,300,Sell,231723531
2024-08-15 09:46:37,14550.0,300,Buy,231723708
2024-08-15 09:46:48,14500.0,1200,Sell,231723855
2024-08-15 09:46:48,14500.0,100,Sell,231723857
2024-08-15 09:46:48,14500.0,500,Sell,231723858
2024-08-15 09:46:48,14500.0,1000,Sell,231723859
2024-08-15 09:46:48,14500.0,500,Sell,231723860
2024-08-15 09:46:48,14500.0,500,Sell,231723861
2024-08-15 09:46:48,14500.0,100,Sell,231723862
2024-08-15 09:46:48,14500.0,100,Sell,231723863
2024-08-15 09:46:48,14500.0,2000,Sell,231723856
2024-08-15 09:47:15,14500.0,500,Sell,231724281
2024-08-15 09:47:30,14500.0,200,Sell,231724468
2024-08-15 09:47:56,14500.0,500,Sell,231724864
2024-08-15 09:47:57,14500.0,1000,Sell,231724883
2024-08-15 09:48:03,14500.0,300,Sell,231724984
2024-08-15 09:49:32,14500.0,4000,Sell,231726652
2024-08-15 09:49:41,14500.0,500,Sell,231726816
2024-08-15 09:50:10,14500.0,500,Sell,231727388
2024-08-15 09:50:40,14550.0,200,Buy,231727848
2024-08-15 09:50:52,14500.0,500,Sell,231728146
2024-08-15 09:50:52,14500.0,1000,Sell,231728145
2024-08-15 09:50:52,14500.0,500,Sell,231728144
2024-08-15 09:50:52,14500.0,400,Sell,231728143
2024-08-15 09:50:52,14500.0,700,Sell,231728140
2024-08-15 09:50:52,14500.0,200,Sell,231728141
2024-08-15 09:50:52,14500.0,1000,Sell,231728139
2024-08-15 09:50:52,14500.0,2400,Sell,231728138
2024-08-15 09:50:52,14550.0,500,Buy,231728135
2024-08-15 09:50:52,14500.0,300,Sell,231728142
2024-08-15 09:50:54,14500.0,4800,Sell,231728252
2024-08-15 09:50:54,14500.0,200,Sell,231728251
2024-08-15 09:50:54,14500.0,200,Sell,231728250
2024-08-15 09:50:54,14500.0,200,Sell,231728247
2024-08-15 09:50:54,14500.0,100,Sell,231728248
2024-08-15 09:50:54,14500.0,500,Sell,231728246
2024-08-15 09:50:54,14500.0,800,Sell,231728245
2024-08-15 09:50:54,14500.0,200,Sell,231728249
2024-08-15 09:51:19,14500.0,1200,Sell,231728612
2024-08-15 09:51:19,14500.0,3300,Sell,231728613
2024-08-15 09:51:19,14500.0,500,Sell,231728614
2024-08-15 09:51:28,14500.0,200,Sell,231728835
2024-08-15 09:51:33,14500.0,300,Sell,231728952
2024-08-15 09:51:33,14500.0,500,Sell,231728953
2024-08-15 09:51:33,14500.0,100,Sell,231728954
2024-08-15 09:51:33,14500.0,100,Sell,231728955
2024-08-15 09:51:33,14500.0,200,Sell,231728968
2024-08-15 09:51:33,14500.0,400,Sell,231728969
2024-08-15 09:51:36,14500.0,2000,Sell,231729038
2024-08-15 09:51:41,14500.0,100,Sell,231729204
2024-08-15 09:51:41,14500.0,2600,Sell,231729201
2024-08-15 09:51:41,14500.0,1800,Sell,231729202
2024-08-15 09:51:41,14500.0,500,Sell,231729203
2024-08-15 09:51:51,14500.0,500,Sell,231729383
2024-08-15 09:51:51,14500.0,3000,Sell,231729384
2024-08-15 09:51:51,14500.0,200,Sell,231729385
2024-08-15 09:51:51,14500.0,400,Sell,231729386
2024-08-15 09:51:51,14500.0,2900,Sell,231729382
2024-08-15 09:51:56,14500.0,100,Sell,231729436
2024-08-15 09:52:09,14500.0,1000,Sell,231729651
2024-08-15 09:52:09,14500.0,100,Sell,231729652
2024-08-15 09:52:09,14500.0,500,Sell,231729653
2024-08-15 09:52:09,14500.0,200,Sell,231729654
2024-08-15 09:52:09,14500.0,200,Sell,231729655
2024-08-15 09:52:09,14500.0,3000,Sell,231729656
2024-08-15 09:52:15,14500.0,700,Sell,231729802
2024-08-15 09:52:24,14500.0,300,Sell,231729896
2024-08-15 09:52:24,14500.0,1000,Sell,231729895
2024-08-15 09:52:24,14500.0,100,Sell,231729894
2024-08-15 09:52:24,14500.0,200,Sell,231729892
2024-08-15 09:52:24,14500.0,3300,Sell,231729891
2024-08-15 09:52:24,14500.0,100,Sell,231729893
2024-08-15 09:52:26,14500.0,100,Sell,231729930
2024-08-15 09:52:59,14500.0,500,Sell,231730409
2024-08-15 09:54:11,14500.0,1200,Sell,231731534
2024-08-15 09:54:12,14500.0,2900,Sell,231731544
2024-08-15 09:54:12,14500.0,1200,Sell,231731545
2024-08-15 09:54:12,14500.0,3000,Sell,231731546
2024-08-15 09:54:12,14500.0,900,Sell,231731547
2024-08-15 09:54:17,14500.0,3100,Sell,231731586
2024-08-15 09:54:17,14500.0,100,Sell,231731587
2024-08-15 09:54:28,14500.0,100,Buy,231731732
2024-08-15 09:54:32,14500.0,200,Buy,231731763
2024-08-15 09:54:36,14500.0,100,Buy,231731832
2024-08-15 09:54:53,14500.0,2000,Buy,231732106
2024-08-15 09:54:56,14500.0,100,Buy,231732131
2024-08-15 09:56:09,14500.0,1000,Buy,231733232
2024-08-15 09:56:28,14500.0,100,Buy,231733461
2024-08-15 09:56:31,14500.0,500,Buy,231733510
2024-08-15 09:56:36,14500.0,300,Buy,231733549
2024-08-15 09:56:36,14500.0,1700,Buy,231733550
2024-08-15 09:57:03,14500.0,300,Buy,231733995
2024-08-15 09:57:19,14500.0,1200,Buy,231734288
2024-08-15 09:57:22,14500.0,200,Buy,231734323
2024-08-15 09:57:22,14500.0,300,Buy,231734328
2024-08-15 09:57:27,14450.0,2000,Sell,231734506
2024-08-15 09:57:27,14450.0,1000,Sell,231734505
2024-08-15 09:57:27,14450.0,300,Sell,231734507
2024-08-15 09:57:27,14450.0,400,Sell,231734503
2024-08-15 09:57:27,14450.0,100,Sell,231734502
2024-08-15 09:57:27,14450.0,2100,Sell,231734501
2024-08-15 09:57:27,14450.0,1100,Sell,231734504
2024-08-15 09:58:23,14450.0,100,Sell,231735374
2024-08-15 09:58:23,14450.0,100,Sell,231735375
2024-08-15 09:58:27,14500.0,200,Buy,231735442
2024-08-15 09:58:58,14450.0,100,Sell,231735881
2024-08-15 09:58:58,14450.0,200,Sell,231735882
2024-08-15 09:58:58,14450.0,100,Sell,231735883
2024-08-15 09:58:58,14450.0,1000,Sell,231735884
2024-08-15 09:58:58,14450.0,100,Sell,231735885
2024-08-15 09:58:58,14450.0,100,Sell,231735887
2024-08-15 09:58:58,14450.0,500,Sell,231735886
2024-08-15 09:58:58,14450.0,200,Sell,231735888
2024-08-15 09:58:58,14450.0,100,Sell,231735889
2024-08-15 09:58:58,14450.0,22400,Sell,231735890
2024-08-15 09:58:58,14450.0,100,Sell,231735880
2024-08-15 09:58:58,14450.0,2500,Sell,231735879
2024-08-15 09:58:58,14450.0,100,Sell,231735871
2024-08-15 09:58:58,14450.0,1000,Sell,231735877
2024-08-15 09:58:58,14450.0,10000,Sell,231735878
2024-08-15 09:58:58,14450.0,3600,Sell,231735866
2024-08-15 09:58:58,14450.0,100,Sell,231735868
2024-08-15 09:58:58,14450.0,4000,Sell,231735869
2024-08-15 09:58:58,14450.0,100,Sell,231735870
2024-08-15 09:58:58,14450.0,100,Sell,231735867
2024-08-15 09:58:58,14450.0,3000,Sell,231735873
2024-08-15 09:58:58,14450.0,100,Sell,231735874
2024-08-15 09:58:58,14450.0,200,Sell,231735875
2024-08-15 09:58:58,14450.0,100,Sell,231735876
2024-08-15 09:58:58,14450.0,200,Sell,231735872
2024-08-15 09:59:29,14400.0,100,Sell,231736341
2024-08-15 09:59:29,14400.0,10000,Sell,231736346
2024-08-15 09:59:29,14400.0,600,Sell,231736345
2024-08-15 09:59:29,14400.0,500,Sell,231736344
2024-08-15 09:59:29,14400.0,2000,Sell,231736343
2024-08-15 09:59:29,14400.0,100,Sell,231736342
2024-08-15 09:59:29,14450.0,200,Sell,231736340
2024-08-15 09:59:29,14450.0,200,Sell,231736334
2024-08-15 09:59:29,14450.0,100,Sell,231736338
2024-08-15 09:59:29,14450.0,1000,Sell,231736337
2024-08-15 09:59:29,14450.0,500,Sell,231736336
2024-08-15 09:59:29,14450.0,100,Sell,231736335
2024-08-15 09:59:29,14400.0,200,Sell,231736347
2024-08-15 09:59:29,14450.0,3800,Sell,231736331
2024-08-15 09:59:29,14450.0,500,Sell,231736333
2024-08-15 09:59:29,14450.0,100,Sell,231736332
2024-08-15 09:59:29,14450.0,2000,Sell,231736339
2024-08-15 09:59:29,14400.0,1500,Sell,231736348
2024-08-15 09:59:29,14400.0,200,Sell,231736354
2024-08-15 09:59:29,14400.0,100,Sell,231736350
2024-08-15 09:59:29,14400.0,3000,Sell,231736369
2024-08-15 09:59:29,14400.0,100,Sell,231736368
2024-08-15 09:59:29,14400.0,200,Sell,231736367
2024-08-15 09:59:29,14400.0,10000,Sell,231736366
2024-08-15 09:59:29,14400.0,100,Sell,231736365
2024-08-15 09:59:29,14400.0,200,Sell,231736364
2024-08-15 09:59:29,14400.0,500,Sell,231736363
2024-08-15 09:59:29,14400.0,3000,Sell,231736349
2024-08-15 09:59:29,14400.0,500,Sell,231736362
2024-08-15 09:59:29,14400.0,1000,Sell,231736358
2024-08-15 09:59:29,14400.0,300,Sell,231736357
2024-08-15 09:59:29,14400.0,1000,Sell,231736356
2024-08-15 09:59:29,14400.0,100,Sell,231736355
2024-08-15 09:59:29,14400.0,100,Sell,231736353
2024-08-15 09:59:29,14400.0,100,Sell,231736352
2024-08-15 09:59:29,14400.0,100,Sell,231736351
2024-08-15 09:59:29,14400.0,500,Sell,231736361
2024-08-15 09:59:29,14450.0,200,Sell,231736330
2024-08-15 09:59:29,14450.0,100,Sell,231736324
2024-08-15 09:59:29,14450.0,5000,Sell,231736328
2024-08-15 09:59:29,14450.0,600,Sell,231736305
2024-08-15 09:59:29,14450.0,100,Sell,231736304
2024-08-15 09:59:29,14450.0,200,Sell,231736303
2024-08-15 09:59:29,14450.0,100,Sell,231736302
2024-08-15 09:59:29,14450.0,2500,Sell,231736301
2024-08-15 09:59:29,14450.0,100,Sell,231736300
2024-08-15 09:59:29,14450.0,500,Sell,231736299
2024-08-15 09:59:29,14450.0,1400,Sell,231736298
2024-08-15 09:59:29,14450.0,1000,Sell,231736297
2024-08-15 09:59:29,14450.0,200,Sell,231736296
2024-08-15 09:59:29,14450.0,900,Sell,231736295
2024-08-15 09:59:29,14450.0,100,Sell,231736294
2024-08-15 09:59:29,14450.0,100,Sell,231736293
2024-08-15 09:59:29,14450.0,500,Sell,231736292
2024-08-15 09:59:29,14450.0,100,Sell,231736291
2024-08-15 09:59:29,14450.0,100,Sell,231736290
2024-08-15 09:59:29,14450.0,500,Sell,231736329
2024-08-15 09:59:29,14450.0,100,Sell,231736306
2024-08-15 09:59:29,14450.0,100,Sell,231736307
2024-08-15 09:59:29,14450.0,500,Sell,231736323
2024-08-15 09:59:29,14450.0,5700,Sell,231736309
2024-08-15 09:59:29,14450.0,600,Sell,231736326
2024-08-15 09:59:29,14450.0,100,Sell,231736325
2024-08-15 09:59:29,14450.0,100,Sell,231736308
2024-08-15 09:59:29,14450.0,3000,Sell,231736322
2024-08-15 09:59:29,14450.0,600,Sell,231736321
2024-08-15 09:59:29,14450.0,100,Sell,231736320
2024-08-15 09:59:29,14450.0,100,Sell,231736319
2024-08-15 09:59:29,14450.0,500,Sell,231736318
2024-08-15 09:59:29,14450.0,200,Sell,231736327
2024-08-15 09:59:29,14450.0,10000,Sell,231736316
2024-08-15 09:59:29,14450.0,100,Sell,231736310
2024-08-15 09:59:29,14450.0,100,Sell,231736311
2024-08-15 09:59:29,14450.0,1000,Sell,231736312
2024-08-15 09:59:29,14450.0,1000,Sell,231736317
2024-08-15 09:59:29,14450.0,500,Sell,231736314
2024-08-15 09:59:29,14450.0,100,Sell,231736315
2024-08-15 09:59:29,14450.0,100,Sell,231736313
2024-08-15 09:59:30,14400.0,2200,Sell,231736373
2024-08-15 09:59:30,14400.0,1000,Sell,231736374
2024-08-15 09:59:30,14400.0,8000,Sell,231736375
2024-08-15 09:59:31,14400.0,100,Sell,231736414
2024-08-15 09:59:31,14400.0,100,Sell,231736412
2024-08-15 09:59:31,14400.0,1000,Sell,231736411
2024-08-15 09:59:31,14400.0,200,Sell,231736410
2024-08-15 09:59:31,14400.0,500,Sell,231736407
2024-08-15 09:59:31,14400.0,100,Sell,231736408
2024-08-15 09:59:31,14400.0,100,Sell,231736406
2024-08-15 09:59:31,14400.0,200,Sell,231736405
2024-08-15 09:59:31,14400.0,500,Sell,231736404
2024-08-15 09:59:31,14400.0,100,Sell,231736409
2024-08-15 09:59:31,14400.0,300,Sell,231736416
2024-08-15 09:59:31,14400.0,500,Sell,231736418
2024-08-15 09:59:31,14400.0,2000,Sell,231736403
2024-08-15 09:59:31,14400.0,100,Sell,231736419
2024-08-15 09:59:31,14400.0,1000,Sell,231736420
2024-08-15 09:59:31,14400.0,100,Sell,231736421
2024-08-15 09:59:31,14400.0,5000,Sell,231736422
2024-08-15 09:59:31,14400.0,100,Sell,231736423
2024-08-15 09:59:31,14400.0,200,Sell,231736424
2024-08-15 09:59:31,14400.0,200,Sell,231736425
2024-08-15 09:59:31,14400.0,1500,Sell,231736441
2024-08-15 09:59:31,14400.0,2100,Sell,231736442
2024-08-15 09:59:31,14400.0,26700,Sell,231736443
2024-08-15 09:59:31,14400.0,100,Sell,231736417
2024-08-15 09:59:31,14400.0,1900,Sell,231736402
2024-08-15 09:59:31,14400.0,500,Sell,231736415
2024-08-15 09:59:31,14400.0,300,Sell,231736400
2024-08-15 09:59:31,14400.0,2000,Sell,231736401
2024-08-15 09:59:31,14400.0,800,Sell,231736376
2024-08-15 09:59:31,14400.0,100,Sell,231736377
2024-08-15 09:59:31,14400.0,600,Sell,231736378
2024-08-15 09:59:31,14400.0,100,Sell,231736379
2024-08-15 09:59:31,14400.0,100,Sell,231736380
2024-08-15 09:59:31,14400.0,100,Sell,231736381
2024-08-15 09:59:31,14400.0,100,Sell,231736382
2024-08-15 09:59:31,14400.0,100,Sell,231736383
2024-08-15 09:59:31,14400.0,100,Sell,231736384
2024-08-15 09:59:31,14400.0,100,Sell,231736385
2024-08-15 09:59:31,14400.0,200,Sell,231736386
2024-08-15 09:59:31,14400.0,200,Sell,231736387
2024-08-15 09:59:31,14400.0,2000,Sell,231736413
2024-08-15 09:59:31,14400.0,100,Sell,231736389
2024-08-15 09:59:31,14400.0,500,Sell,231736390
2024-08-15 09:59:31,14400.0,5000,Sell,231736388
2024-08-15 09:59:31,14400.0,500,Sell,231736391
2024-08-15 09:59:31,14400.0,300,Sell,231736392
2024-08-15 09:59:31,14400.0,200,Sell,231736393
2024-08-15 09:59:31,14400.0,300,Sell,231736394
2024-08-15 09:59:31,14400.0,1000,Sell,231736395
2024-08-15 09:59:31,14400.0,100,Sell,231736396
2024-08-15 09:59:31,14400.0,100,Sell,231736397
2024-08-15 09:59:31,14400.0,200,Sell,231736398
2024-08-15 09:59:31,14400.0,1000,Sell,231736399
2024-08-15 09:59:58,14400.0,500,Sell,231736756
2024-08-15 09:59:58,14400.0,700,Sell,231736755
2024-08-15 09:59:58,14400.0,3300,Sell,231736753
2024-08-15 09:59:58,14400.0,500,Sell,231736754
2024-08-15 10:00:04,14400.0,100,Sell,231736810
2024-08-15 10:00:12,14500.0,500,Buy,231736920
2024-08-15 10:01:07,14500.0,600,Buy,231737622
2024-08-15 10:01:09,14450.0,100,Sell,231737637
2024-08-15 10:01:09,14450.0,100,Sell,231737638
2024-08-15 10:01:09,14450.0,200,Sell,231737639
2024-08-15 10:01:12,14450.0,100,Buy,231737704
2024-08-15 10:01:27,14450.0,400,Buy,231737902
2024-08-15 10:01:42,14450.0,100,Buy,231738098
2024-08-15 10:02:12,14450.0,1000,Buy,231738439
2024-08-15 10:02:21,14450.0,100,Buy,231738580
2024-08-15 10:02:52,14450.0,100,Buy,231739035
2024-08-15 10:02:52,14450.0,100,Buy,231739049
2024-08-15 10:02:54,14450.0,2000,Buy,231739069
2024-08-15 10:03:00,14450.0,300,Buy,231739225
2024-08-15 10:03:00,14450.0,700,Buy,231739224
2024-08-15 10:03:14,14450.0,200,Buy,231739567
2024-08-15 10:03:17,14450.0,100,Buy,231739669
2024-08-15 10:03:19,14450.0,300,Buy,231739735
2024-08-15 10:03:19,14450.0,100,Buy,231739736
2024-08-15 10:03:25,14450.0,2000,Buy,231739819
2024-08-15 10:03:25,14450.0,2000,Buy,231739820
2024-08-15 10:03:59,14500.0,1000,Buy,231740422
2024-08-15 10:03:59,14500.0,1200,Buy,231740423
2024-08-15 10:03:59,14500.0,700,Buy,231740424
2024-08-15 10:04:09,14450.0,1500,Sell,231740601
2024-08-15 10:04:09,14450.0,1000,Sell,231740600
2024-08-15 10:04:21,14450.0,300,Sell,231740765
2024-08-15 10:04:21,14450.0,300,Sell,231740764
2024-08-15 10:04:21,14450.0,1400,Sell,231740763
2024-08-15 10:05:03,14450.0,100,Sell,231741526
2024-08-15 10:05:12,14450.0,100,Sell,231741733
2024-08-15 10:05:12,14450.0,1400,Sell,231741734
2024-08-15 10:05:22,14450.0,1000,Sell,231741914
2024-08-15 10:05:22,14450.0,500,Sell,231741913
2024-08-15 10:05:22,14450.0,200,Sell,231741912
2024-08-15 10:05:22,14450.0,100,Sell,231741909
2024-08-15 10:05:22,14450.0,500,Sell,231741910
2024-08-15 10:05:22,14450.0,1600,Sell,231741908
2024-08-15 10:05:22,14450.0,100,Sell,231741911
2024-08-15 10:06:01,14450.0,200,Sell,231742818
2024-08-15 10:06:29,14450.0,1300,Sell,231743285
2024-08-15 10:06:37,14450.0,100,Sell,231743418
2024-08-15 10:06:40,14450.0,1000,Sell,231743460
2024-08-15 10:06:40,14450.0,1500,Sell,231743458
2024-08-15 10:06:40,14450.0,100,Sell,231743459
2024-08-15 10:06:45,14450.0,4100,Buy,231743545
2024-08-15 10:06:47,14400.0,2000,Sell,231743578
2024-08-15 10:06:47,14400.0,100,Sell,231743579
2024-08-15 10:06:47,14400.0,200,Sell,231743580
2024-08-15 10:06:47,14400.0,200,Sell,231743581
2024-08-15 10:06:47,14400.0,500,Sell,231743582
2024-08-15 10:06:47,14400.0,200,Sell,231743583
2024-08-15 10:06:47,14400.0,100,Sell,231743577
2024-08-15 10:07:09,14450.0,300,Sell,231743898
2024-08-15 10:07:21,14450.0,100,Buy,231744233
2024-08-15 10:07:28,14450.0,100,Buy,231744396
2024-08-15 10:07:47,14450.0,100,Buy,231744853
2024-08-15 10:08:22,14450.0,200,Buy,231745542
2024-08-15 10:08:55,14450.0,200,Buy,231746057
2024-08-15 10:08:58,14450.0,1000,Buy,231746117
2024-08-15 10:09:01,14450.0,300,Buy,231746174
2024-08-15 10:09:03,14450.0,5000,Buy,231746210
2024-08-15 10:09:04,14450.0,100,Buy,231746215
2024-08-15 10:09:04,14450.0,100,Buy,231746216
2024-08-15 10:09:04,14450.0,200,Buy,231746217
2024-08-15 10:09:07,14450.0,700,Buy,231746280
2024-08-15 10:09:07,14450.0,100,Buy,231746281
2024-08-15 10:09:07,14450.0,200,Buy,231746282
2024-08-15 10:09:10,14450.0,100,Buy,231746373
2024-08-15 10:09:10,14450.0,1000,Buy,231746374
2024-08-15 10:09:21,14450.0,200,Buy,231746510
2024-08-15 10:09:21,14450.0,200,Buy,231746509
2024-08-15 10:09:24,14450.0,100,Buy,231746547
2024-08-15 10:11:20,14450.0,400,Sell,231748053
2024-08-15 10:11:20,14450.0,200,Sell,231748054
2024-08-15 10:13:31,14450.0,200,Sell,231750028
2024-08-15 10:14:33,14450.0,100,Sell,231750912
2024-08-15 10:14:43,14450.0,100,Sell,231751067
2024-08-15 10:14:43,14450.0,400,Sell,231751068
2024-08-15 10:14:43,14450.0,100,Sell,231751069
2024-08-15 10:14:43,14450.0,100,Sell,231751070
2024-08-15 10:15:45,14450.0,100,Sell,231752010
2024-08-15 10:15:45,14450.0,1000,Sell,231752011
2024-08-15 10:15:45,14450.0,100,Sell,231752009
2024-08-15 10:15:45,14450.0,100,Sell,231752004
2024-08-15 10:15:45,14450.0,200,Sell,231752007
2024-08-15 10:15:45,14450.0,300,Sell,231752005
2024-08-15 10:15:45,14450.0,100,Sell,231752008
2024-08-15 10:15:45,14450.0,100,Sell,231752006
2024-08-15 10:15:52,14450.0,200,Sell,231752154
2024-08-15 10:16:14,14450.0,400,Sell,231752576
2024-08-15 10:16:23,14450.0,1000,Sell,231752722
2024-08-15 10:16:36,14450.0,100,Sell,231752914
2024-08-15 10:16:36,14450.0,600,Sell,231752913
2024-08-15 10:16:36,14450.0,5000,Sell,231752910
2024-08-15 10:16:36,14450.0,3000,Sell,231752912
2024-08-15 10:16:36,14450.0,2000,Sell,231752908
2024-08-15 10:16:36,14450.0,1000,Sell,231752907
2024-08-15 10:16:36,14450.0,500,Sell,231752906
2024-08-15 10:16:36,14450.0,11400,Sell,231752905
2024-08-15 10:16:36,14450.0,2000,Sell,231752909
2024-08-15 10:16:36,14450.0,1000,Sell,231752911
2024-08-15 10:16:41,14450.0,2000,Buy,231753007
2024-08-15 10:16:54,14450.0,100,Buy,231753207
2024-08-15 10:17:07,14450.0,2000,Buy,231753427
2024-08-15 10:17:28,14400.0,500,Sell,231753749
2024-08-15 10:18:15,14400.0,100,Sell,231754481
2024-08-15 10:18:54,14450.0,500,Buy,231755047
2024-08-15 10:19:20,14450.0,500,Buy,231755603
2024-08-15 10:19:27,14450.0,800,Buy,231755818
2024-08-15 10:19:38,14400.0,200,Sell,231756030
2024-08-15 10:19:38,14400.0,100,Sell,231756031
2024-08-15 10:19:42,14450.0,100,Buy,231756123
2024-08-15 10:19:50,14450.0,1000,Buy,231756236
2024-08-15 10:21:09,14450.0,900,Buy,231758216
2024-08-15 10:21:23,14400.0,400,Sell,231758539
2024-08-15 10:21:23,14400.0,100,Sell,231758540
2024-08-15 10:21:26,14450.0,2000,Buy,231758601
2024-08-15 10:22:28,14450.0,400,Buy,231759985
2024-08-15 10:23:02,14400.0,400,Sell,231761123
2024-08-15 10:23:02,14400.0,100,Sell,231761124
2024-08-15 10:23:05,14400.0,800,Sell,231761188
2024-08-15 10:23:05,14400.0,100,Sell,231761187
2024-08-15 10:23:05,14400.0,900,Sell,231761185
2024-08-15 10:23:05,14400.0,200,Sell,231761186
2024-08-15 10:23:06,14450.0,100,Buy,231761250
2024-08-15 10:23:56,14400.0,500,Sell,231762506
2024-08-15 10:24:53,14400.0,1000,Sell,231763727
2024-08-15 10:24:54,14400.0,700,Sell,231763734
2024-08-15 10:24:54,14400.0,500,Sell,231763735
2024-08-15 10:24:54,14400.0,100,Sell,231763736
2024-08-15 10:24:54,14400.0,500,Sell,231763737
2024-08-15 10:24:54,14400.0,6900,Sell,231763738
2024-08-15 10:25:16,14400.0,700,Sell,231764228
2024-08-15 10:25:16,14400.0,100,Sell,231764226
2024-08-15 10:25:16,14400.0,100,Sell,231764225
2024-08-15 10:25:16,14400.0,100,Sell,231764227
2024-08-15 10:26:06,14400.0,1400,Sell,231765292
2024-08-15 10:26:06,14400.0,200,Sell,231765293
2024-08-15 10:26:06,14400.0,400,Sell,231765294
2024-08-15 10:26:28,14400.0,200,Sell,231765839
2024-08-15 10:26:33,14400.0,400,Sell,231765977
2024-08-15 10:26:33,14400.0,500,Sell,231765976
2024-08-15 10:26:33,14400.0,100,Sell,231765975
2024-08-15 10:26:33,14400.0,300,Sell,231765974
2024-08-15 10:26:33,14400.0,1000,Sell,231765973
2024-08-15 10:26:33,14400.0,300,Sell,231765972
2024-08-15 10:26:33,14400.0,100,Sell,231765971
2024-08-15 10:26:33,14400.0,300,Sell,231765970
2024-08-15 10:26:53,14400.0,100,Sell,231766399
2024-08-15 10:26:53,14400.0,1500,Sell,231766400
2024-08-15 10:26:59,14400.0,100,Sell,231766568
2024-08-15 10:27:02,14450.0,1000,Buy,231766644
2024-08-15 10:27:18,14400.0,2000,Sell,231766930
2024-08-15 10:27:18,14400.0,200,Sell,231766929
2024-08-15 10:27:18,14400.0,500,Sell,231766928
2024-08-15 10:27:18,14400.0,2000,Sell,231766926
2024-08-15 10:27:18,14400.0,500,Sell,231766925
2024-08-15 10:27:18,14400.0,1200,Sell,231766927
2024-08-15 10:27:18,14400.0,100,Sell,231766923
2024-08-15 10:27:18,14400.0,100,Sell,231766922
2024-08-15 10:27:18,14400.0,600,Sell,231766921
2024-08-15 10:27:18,14400.0,200,Sell,231766920
2024-08-15 10:27:18,14400.0,600,Sell,231766919
2024-08-15 10:27:18,14400.0,41900,Sell,231766918
2024-08-15 10:27:18,14400.0,100,Sell,231766924
2024-08-15 10:27:27,14400.0,200,Sell,231767090
2024-08-15 10:27:27,14400.0,100,Sell,231767089
2024-08-15 10:27:27,14400.0,100,Sell,231767088
2024-08-15 10:27:27,14400.0,200,Sell,231767087
2024-08-15 10:27:27,14400.0,100,Sell,231767086
2024-08-15 10:27:27,14400.0,3000,Sell,231767083
2024-08-15 10:27:27,14400.0,500,Sell,231767084
2024-08-15 10:27:27,14400.0,700,Sell,231767081
2024-08-15 10:27:27,14400.0,500,Sell,231767080
2024-08-15 10:27:27,14400.0,500,Sell,231767091
2024-08-15 10:27:27,14400.0,200,Sell,231767085
2024-08-15 10:27:27,14400.0,1000,Sell,231767092
2024-08-15 10:27:27,14400.0,100,Sell,231767104
2024-08-15 10:27:27,14400.0,2000,Sell,231767094
2024-08-15 10:27:27,14400.0,200,Sell,231767095
2024-08-15 10:27:27,14400.0,100,Sell,231767098
2024-08-15 10:27:27,14400.0,200,Sell,231767099
2024-08-15 10:27:27,14400.0,100,Sell,231767100
2024-08-15 10:27:27,14400.0,3800,Sell,231767101
2024-08-15 10:27:27,14400.0,100,Sell,231767102
2024-08-15 10:27:27,14400.0,100,Sell,231767103
2024-08-15 10:27:27,14400.0,300,Sell,231767079
2024-08-15 10:27:27,14400.0,200,Sell,231767105
2024-08-15 10:27:27,14400.0,200,Sell,231767106
2024-08-15 10:27:27,14400.0,9200,Sell,231767107
2024-08-15 10:27:27,14400.0,100,Sell,231767093
2024-08-15 10:27:27,14400.0,500,Sell,231767078
2024-08-15 10:27:27,14400.0,300,Sell,231767082
2024-08-15 10:27:27,14400.0,100,Sell,231767076
2024-08-15 10:27:27,14400.0,100,Sell,231767051
2024-08-15 10:27:27,14400.0,100,Sell,231767052
2024-08-15 10:27:27,14400.0,5000,Sell,231767053
2024-08-15 10:27:27,14400.0,100,Sell,231767054
2024-08-15 10:27:27,14400.0,400,Sell,231767055
2024-08-15 10:27:27,14400.0,400,Sell,231767056
2024-08-15 10:27:27,14400.0,4700,Sell,231767057
2024-08-15 10:27:27,14400.0,200,Sell,231767058
2024-08-15 10:27:27,14400.0,100,Sell,231767059
2024-08-15 10:27:27,14400.0,200,Sell,231767060
2024-08-15 10:27:27,14400.0,700,Sell,231767061
2024-08-15 10:27:27,14400.0,1000,Sell,231767062
2024-08-15 10:27:27,14400.0,100,Sell,231767063
2024-08-15 10:27:27,14400.0,1000,Sell,231767064
2024-08-15 10:27:27,14400.0,400,Sell,231767065
2024-08-15 10:27:27,14400.0,3000,Sell,231767066
2024-08-15 10:27:27,14400.0,500,Sell,231767067
2024-08-15 10:27:27,14400.0,100,Sell,231767068
2024-08-15 10:27:27,14400.0,1000,Sell,231767069
2024-08-15 10:27:27,14400.0,100,Sell,231767070
2024-08-15 10:27:27,14400.0,500,Sell,231767071
2024-08-15 10:27:27,14400.0,2000,Sell,231767072
2024-08-15 10:27:27,14400.0,300,Sell,231767073
2024-08-15 10:27:27,14400.0,100,Sell,231767074
2024-08-15 10:27:27,14400.0,100,Sell,231767075
2024-08-15 10:27:27,14400.0,3000,Sell,231767050
2024-08-15 10:27:27,14400.0,100,Sell,231767077
2024-08-15 10:27:29,14400.0,23800,Sell,231767150
2024-08-15 10:27:33,14400.0,100,Sell,231767212
2024-08-15 10:27:33,14400.0,13500,Sell,231767233
2024-08-15 10:27:33,14400.0,1000,Sell,231767232
2024-08-15 10:27:33,14400.0,600,Sell,231767231
2024-08-15 10:27:33,14400.0,100,Sell,231767230
2024-08-15 10:27:33,14400.0,100,Sell,231767229
2024-08-15 10:27:33,14400.0,100,Sell,231767228
2024-08-15 10:27:33,14400.0,200,Sell,231767227
2024-08-15 10:27:33,14400.0,2000,Sell,231767226
2024-08-15 10:27:33,14400.0,17000,Sell,231767211
2024-08-15 10:27:33,14400.0,1000,Sell,231767224
2024-08-15 10:27:33,14400.0,100,Sell,231767225
2024-08-15 10:27:33,14400.0,500,Sell,231767222
2024-08-15 10:27:33,14400.0,400,Sell,231767221
2024-08-15 10:27:33,14400.0,500,Sell,231767220
2024-08-15 10:27:33,14400.0,500,Sell,231767219
2024-08-15 10:27:33,14400.0,300,Sell,231767218
2024-08-15 10:27:33,14400.0,700,Sell,231767217
2024-08-15 10:27:33,14400.0,300,Sell,231767216
2024-08-15 10:27:33,14400.0,100,Sell,231767215
2024-08-15 10:27:33,14400.0,100,Sell,231767214
2024-08-15 10:27:33,14400.0,1000,Sell,231767213
2024-08-15 10:27:33,14400.0,3400,Sell,231767223
2024-08-15 10:28:08,14400.0,100,Buy,231767916
2024-08-15 10:28:39,14400.0,1000,Buy,231768596
2024-08-15 10:28:40,14400.0,200,Buy,231768640
2024-08-15 10:28:52,14400.0,500,Buy,231768946
2024-08-15 10:28:52,14400.0,300,Buy,231768950
2024-08-15 10:28:52,14400.0,5100,Buy,231768944
2024-08-15 10:28:52,14400.0,400,Buy,231768945
2024-08-15 10:29:04,14400.0,100,Buy,231769170
2024-08-15 10:29:07,14400.0,100,Buy,231769226
2024-08-15 10:29:18,14400.0,100,Buy,231769476
2024-08-15 10:29:31,14350.0,1300,Sell,231769693
2024-08-15 10:29:31,14350.0,100,Sell,231769692
2024-08-15 10:29:31,14350.0,100,Sell,231769691
2024-08-15 10:29:39,14400.0,800,Buy,231769904
2024-08-15 10:29:57,14350.0,1500,Sell,231770152
2024-08-15 10:29:57,14350.0,200,Sell,231770151
2024-08-15 10:29:57,14350.0,700,Sell,231770174
2024-08-15 10:29:57,14350.0,100,Sell,231770173
2024-08-15 10:29:57,14350.0,200,Sell,231770172
2024-08-15 10:29:57,14350.0,100,Sell,231770171
2024-08-15 10:29:57,14350.0,400,Sell,231770170
2024-08-15 10:29:57,14350.0,500,Sell,231770169
2024-08-15 10:29:57,14350.0,200,Sell,231770168
2024-08-15 10:29:57,14350.0,100,Sell,231770167
2024-08-15 10:29:57,14350.0,100,Sell,231770166
2024-08-15 10:29:57,14350.0,1000,Sell,231770165
2024-08-15 10:29:57,14350.0,800,Sell,231770175
2024-08-15 10:29:57,14350.0,200,Sell,231770163
2024-08-15 10:29:57,14350.0,1000,Sell,231770162
2024-08-15 10:29:57,14350.0,100,Sell,231770161
2024-08-15 10:29:57,14350.0,200,Sell,231770160
2024-08-15 10:29:57,14350.0,100,Sell,231770159
2024-08-15 10:29:57,14350.0,3000,Sell,231770158
2024-08-15 10:29:57,14350.0,200,Sell,231770157
2024-08-15 10:29:57,14350.0,500,Sell,231770156
2024-08-15 10:29:57,14350.0,100,Sell,231770155
2024-08-15 10:29:57,14350.0,200,Sell,231770154
2024-08-15 10:29:57,14350.0,1000,Sell,231770164
2024-08-15 10:29:57,14350.0,100,Sell,231770153
2024-08-15 10:30:08,14400.0,800,Buy,231770395
2024-08-15 10:30:23,14350.0,400,Sell,231770638
2024-08-15 10:30:23,14350.0,200,Sell,231770637
2024-08-15 10:31:03,14350.0,400,Sell,231771309
2024-08-15 10:31:04,14350.0,100,Sell,231771353
2024-08-15 10:31:04,14350.0,200,Sell,231771354
2024-08-15 10:31:04,14350.0,200,Sell,231771351
2024-08-15 10:31:04,14350.0,100,Sell,231771352
2024-08-15 10:31:18,14350.0,1500,Sell,231771638
2024-08-15 10:32:03,14400.0,100,Buy,231772306
2024-08-15 10:32:05,14400.0,100,Buy,231772343
2024-08-15 10:32:25,14400.0,400,Buy,231772860
2024-08-15 10:32:29,14400.0,100,Buy,231772930
2024-08-15 10:32:37,14400.0,100,Buy,231773072
2024-08-15 10:32:40,14400.0,100,Buy,231773103
2024-08-15 10:32:41,14350.0,2000,Sell,231773114
2024-08-15 10:32:48,14350.0,200,Sell,231773235
2024-08-15 10:32:49,14400.0,100,Buy,231773260
2024-08-15 10:32:59,14350.0,100,Sell,231773376
2024-08-15 10:33:10,14400.0,500,Buy,231773547
2024-08-15 10:33:12,14350.0,200,Sell,231773588
2024-08-15 10:33:16,14400.0,100,Buy,231773620
2024-08-15 10:33:33,14400.0,400,Buy,231773907
2024-08-15 10:33:35,14400.0,500,Buy,231773931
2024-08-15 10:33:47,14400.0,1000,Buy,231774118
2024-08-15 10:33:53,14400.0,500,Buy,231774188
2024-08-15 10:33:55,14400.0,300,Buy,231774205
2024-08-15 10:34:02,14400.0,100,Buy,231774331
2024-08-15 10:34:05,14400.0,1000,Buy,231774371
2024-08-15 10:34:10,14400.0,500,Buy,231774412
2024-08-15 10:34:11,14400.0,200,Buy,231774435
2024-08-15 10:34:12,14400.0,3800,Buy,231774446
2024-08-15 10:34:14,14400.0,2300,Buy,231774486
2024-08-15 10:34:15,14400.0,100,Buy,231774552
2024-08-15 10:34:20,14400.0,200,Buy,231774595
2024-08-15 10:34:22,14400.0,100,Buy,231774618
2024-08-15 10:34:23,14400.0,12100,Buy,231774638
2024-08-15 10:34:25,14400.0,500,Buy,231774660
2024-08-15 10:34:27,14400.0,1000,Buy,231774687
2024-08-15 10:34:30,14400.0,100,Buy,231774737
2024-08-15 10:34:35,14400.0,100,Buy,231774786
2024-08-15 10:34:36,14400.0,200,Buy,231774803
2024-08-15 10:34:37,14400.0,500,Buy,231774806
2024-08-15 10:34:39,14400.0,1000,Buy,231774927
2024-08-15 10:34:41,14400.0,500,Buy,231774956
2024-08-15 10:34:46,14400.0,400,Buy,231775016
2024-08-15 10:34:47,14400.0,100,Buy,231775030
2024-08-15 10:34:51,14400.0,500,Buy,231775100
2024-08-15 10:34:51,14400.0,5000,Buy,231775108
2024-08-15 10:34:54,14400.0,100,Buy,231775131
2024-08-15 10:34:55,14400.0,100,Buy,231775148
2024-08-15 10:34:55,14400.0,1700,Buy,231775151
2024-08-15 10:34:56,14400.0,300,Buy,231775164
2024-08-15 10:34:57,14400.0,1000,Buy,231775167
2024-08-15 10:34:57,14400.0,5000,Buy,231775176
2024-08-15 10:35:03,14400.0,500,Buy,231775340
2024-08-15 10:35:05,14400.0,2000,Buy,231775370
2024-08-15 10:35:07,14400.0,500,Buy,231775410
2024-08-15 10:35:08,14400.0,200,Buy,231775433
2024-08-15 10:35:19,14400.0,200,Buy,231775581
2024-08-15 10:35:21,14400.0,100,Buy,231775619
2024-08-15 10:35:22,14400.0,1000,Buy,231775654
2024-08-15 10:35:22,14400.0,5000,Buy,231775655
2024-08-15 10:35:22,14400.0,300,Buy,231775656
2024-08-15 10:35:22,14400.0,3700,Buy,231775657
2024-08-15 10:35:23,14400.0,100,Buy,231775661
2024-08-15 10:35:24,14400.0,1000,Buy,231775680
2024-08-15 10:35:26,14400.0,900,Buy,231775704
2024-08-15 10:35:28,14400.0,100,Buy,231775724
2024-08-15 10:35:29,14400.0,100,Buy,231775730
2024-08-15 10:35:29,14400.0,1000,Buy,231775727
2024-08-15 10:35:36,14400.0,300,Buy,231775833
2024-08-15 10:35:37,14400.0,100,Buy,231775853
2024-08-15 10:35:37,14400.0,100,Buy,231775859
2024-08-15 10:35:37,14400.0,5000,Buy,231775860
2024-08-15 10:35:39,14400.0,200,Buy,231775881
2024-08-15 10:35:50,14400.0,200,Buy,231776117
2024-08-15 10:35:51,14400.0,100,Buy,231776150
2024-08-15 10:35:52,14400.0,100,Buy,231776159
2024-08-15 10:35:55,14400.0,1000,Buy,231776184
2024-08-15 10:36:06,14400.0,400,Buy,231776356
2024-08-15 10:36:11,14400.0,200,Buy,231776434
2024-08-15 10:36:14,14400.0,25000,Buy,231776468
2024-08-15 10:36:15,14400.0,1000,Buy,231776482
2024-08-15 10:36:20,14400.0,300,Buy,231776524
2024-08-15 10:36:24,14400.0,100,Buy,231776578
2024-08-15 10:36:27,14400.0,100,Buy,231776615
2024-08-15 10:36:29,14400.0,500,Buy,231776653
2024-08-15 10:36:29,14350.0,100,Sell,231776637
2024-08-15 10:36:29,14400.0,2000,Buy,231776646
2024-08-15 10:36:30,14400.0,500,Buy,231776659
2024-08-15 10:36:31,14400.0,1000,Buy,231776669
2024-08-15 10:36:41,14400.0,200,Buy,231776822
2024-08-15 10:36:43,14400.0,1000,Buy,231776850
2024-08-15 10:36:52,14400.0,100,Buy,231776965
2024-08-15 10:36:53,14400.0,100,Buy,231776977
2024-08-15 10:36:54,14400.0,200,Buy,231776978
2024-08-15 10:36:57,14400.0,500,Buy,231777016
2024-08-15 10:36:57,14400.0,300,Buy,231777017
2024-08-15 10:36:57,14400.0,2000,Buy,231777018
2024-08-15 10:36:57,14400.0,500,Buy,231777019
2024-08-15 10:36:57,14400.0,500,Buy,231777020
2024-08-15 10:36:57,14400.0,1300,Buy,231777021
2024-08-15 10:36:57,14400.0,2000,Buy,231777022
2024-08-15 10:36:57,14400.0,1000,Buy,231777023
2024-08-15 10:36:57,14400.0,2000,Buy,231777024
2024-08-15 10:36:57,14400.0,6600,Buy,231777025
2024-08-15 10:36:57,14400.0,3300,Buy,231777015
2024-08-15 10:37:03,14400.0,500,Buy,231777119
2024-08-15 10:37:04,14400.0,1000,Buy,231777124
2024-08-15 10:37:14,14400.0,400,Buy,231777253
2024-08-15 10:37:34,14400.0,100,Sell,231777538
2024-08-15 10:37:40,14400.0,500,Sell,231777630
2024-08-15 10:37:40,14400.0,1000,Sell,231777631
2024-08-15 10:37:40,14400.0,100,Sell,231777632
2024-08-15 10:37:51,14400.0,1900,Buy,231777792
2024-08-15 10:37:55,14400.0,3100,Sell,231777841
2024-08-15 10:38:01,14400.0,200,Buy,231777960
2024-08-15 10:38:06,14400.0,300,Buy,231778014
2024-08-15 10:38:08,14400.0,2000,Buy,231778044
2024-08-15 10:38:17,14400.0,1000,Buy,231778169
2024-08-15 10:38:20,14400.0,400,Buy,231778187
2024-08-15 10:38:30,14400.0,100,Buy,231778380
2024-08-15 10:38:34,14400.0,1000,Buy,231778421
2024-08-15 10:38:35,14400.0,2500,Buy,231778424
2024-08-15 10:38:38,14400.0,500,Buy,231778471
2024-08-15 10:38:38,14400.0,600,Buy,231778472
2024-08-15 10:38:46,14400.0,1000,Buy,231778566
2024-08-15 10:38:58,14400.0,100,Buy,231778700
2024-08-15 10:39:01,14400.0,200,Buy,231778722
2024-08-15 10:39:15,14400.0,100,Buy,231778884
2024-08-15 10:39:22,14400.0,1700,Buy,231778951
2024-08-15 10:39:28,14400.0,3800,Buy,231779002
2024-08-15 10:39:28,14400.0,25200,Buy,231779000
2024-08-15 10:39:28,14400.0,1000,Buy,231779001
2024-08-15 10:39:39,14400.0,1000,Buy,231779136
2024-08-15 10:39:50,14400.0,200,Buy,231779302
2024-08-15 10:39:50,14400.0,200,Buy,231779303
2024-08-15 10:39:50,14400.0,600,Buy,231779304
2024-08-15 10:40:10,14400.0,10000,Buy,231779516
2024-08-15 10:40:13,14400.0,1000,Buy,231779546
2024-08-15 10:40:13,14400.0,300,Buy,231779549
2024-08-15 10:40:22,14400.0,100,Buy,231779658
2024-08-15 10:40:34,14400.0,1000,Buy,231779882
2024-08-15 10:40:40,14400.0,900,Buy,231779963
2024-08-15 10:40:40,14400.0,4000,Buy,231779961
2024-08-15 10:40:40,14400.0,100,Buy,231779962
2024-08-15 10:40:44,14400.0,300,Buy,231780016
2024-08-15 10:40:44,14400.0,5000,Buy,231780015
2024-08-15 10:40:44,14400.0,100,Buy,231780014
2024-08-15 10:40:48,14400.0,1000,Sell,231780069
2024-08-15 10:41:29,14400.0,5500,Sell,231780609
2024-08-15 10:41:50,14400.0,1500,Sell,231780884
2024-08-15 10:42:40,14400.0,600,Sell,231781453
2024-08-15 10:42:40,14400.0,100,Sell,231781454
2024-08-15 10:42:40,14400.0,300,Sell,231781455
2024-08-15 10:42:40,14400.0,1000,Sell,231781456
2024-08-15 10:43:27,14450.0,15100,Buy,231782080
2024-08-15 10:43:27,14450.0,1000,Buy,231782079
2024-08-15 10:43:27,14450.0,2000,Buy,231782076
2024-08-15 10:43:27,14450.0,10000,Buy,231782078
2024-08-15 10:43:27,14450.0,100,Buy,231782074
2024-08-15 10:43:27,14450.0,200,Buy,231782073
2024-08-15 10:43:27,14450.0,1000,Buy,231782072
2024-08-15 10:43:27,14450.0,12000,Buy,231782071
2024-08-15 10:43:27,14450.0,300,Buy,231782075
2024-08-15 10:43:27,14450.0,200,Buy,231782077
2024-08-15 10:44:26,14400.0,100,Sell,231782821
2024-08-15 10:44:26,14400.0,2900,Sell,231782822
2024-08-15 10:46:07,14400.0,2100,Sell,231784159
2024-08-15 10:46:07,14400.0,2000,Sell,231784160
2024-08-15 10:46:07,14400.0,500,Sell,231784161
2024-08-15 10:46:07,14400.0,900,Sell,231784162
2024-08-15 10:46:40,14400.0,100,Sell,231784599
2024-08-15 10:47:04,14400.0,100,Sell,231784814
2024-08-15 10:47:35,14400.0,600,Sell,231785217
2024-08-15 10:47:35,14400.0,300,Sell,231785218
2024-08-15 10:47:35,14400.0,100,Sell,231785216
2024-08-15 10:47:35,14400.0,100,Sell,231785214
2024-08-15 10:47:35,14400.0,3900,Sell,231785213
2024-08-15 10:47:35,14400.0,500,Sell,231785215
2024-08-15 10:47:45,14400.0,400,Sell,231785309
2024-08-15 10:47:45,14400.0,100,Sell,231785310
2024-08-15 10:48:42,14400.0,100,Sell,231785986
2024-08-15 10:48:42,14400.0,100,Sell,231785987
2024-08-15 10:48:42,14400.0,6900,Sell,231785988
2024-08-15 10:48:42,14400.0,3900,Sell,231785989
2024-08-15 10:49:07,14400.0,1100,Sell,231786208
2024-08-15 10:49:07,14400.0,3900,Sell,231786209
2024-08-15 10:49:34,14400.0,100,Sell,231786458
2024-08-15 10:49:43,14400.0,100,Sell,231786532
2024-08-15 10:50:08,14400.0,2000,Sell,231786863
2024-08-15 10:50:35,14400.0,100,Sell,231787205
2024-08-15 10:51:02,14400.0,1400,Sell,231787552
2024-08-15 10:51:32,14400.0,100,Sell,231788030
2024-08-15 10:51:39,14400.0,3000,Sell,231788098
2024-08-15 10:51:53,14450.0,400,Buy,231788237
2024-08-15 10:52:02,14450.0,100,Buy,231788377
2024-08-15 10:52:13,14450.0,800,Buy,231788525
2024-08-15 10:52:59,14450.0,5000,Buy,231789205
2024-08-15 10:53:09,14450.0,100,Buy,231789364
2024-08-15 10:54:26,14400.0,200,Sell,231790340
2024-08-15 10:55:21,14450.0,100,Buy,231791194
2024-08-15 10:55:33,14400.0,300,Sell,231791345
2024-08-15 10:55:33,14400.0,200,Sell,231791344
2024-08-15 10:55:33,14400.0,500,Sell,231791343
2024-08-15 10:55:33,14400.0,900,Sell,231791342
2024-08-15 10:55:33,14400.0,100,Sell,231791341
2024-08-15 10:55:33,14400.0,100,Sell,231791339
2024-08-15 10:55:33,14400.0,300,Sell,231791337
2024-08-15 10:55:33,14400.0,100,Sell,231791340
2024-08-15 10:55:33,14400.0,500,Sell,231791338
2024-08-15 10:56:24,14400.0,300,Sell,231792003
2024-08-15 10:56:24,14400.0,100,Sell,231792000
2024-08-15 10:56:24,14400.0,500,Sell,231792001
2024-08-15 10:56:24,14400.0,100,Sell,231792002
2024-08-15 10:57:16,14400.0,300,Sell,231792820
2024-08-15 10:57:58,14400.0,2000,Sell,231793493
2024-08-15 10:58:00,14400.0,1000,Sell,231793504
2024-08-15 10:58:05,14400.0,400,Sell,231793571
2024-08-15 10:58:11,14400.0,1000,Sell,231793643
2024-08-15 10:58:21,14400.0,6800,Sell,231793768
2024-08-15 10:58:21,14400.0,100,Sell,231793767
2024-08-15 10:58:21,14400.0,500,Sell,231793766
2024-08-15 10:58:21,14400.0,300,Sell,231793765
2024-08-15 10:58:21,14400.0,100,Sell,231793763
2024-08-15 10:58:21,14400.0,500,Sell,231793762
2024-08-15 10:58:21,14400.0,100,Sell,231793761
2024-08-15 10:58:21,14400.0,100,Sell,231793760
2024-08-15 10:58:21,14400.0,500,Sell,231793759
2024-08-15 10:58:21,14400.0,1000,Sell,231793764
2024-08-15 10:58:30,14400.0,1000,Sell,231793904
2024-08-15 10:58:32,14400.0,2000,Sell,231793935
2024-08-15 10:58:41,14400.0,1000,Sell,231794165
2024-08-15 10:58:41,14400.0,500,Sell,231794167
2024-08-15 10:58:41,14400.0,500,Sell,231794163
2024-08-15 10:58:41,14400.0,200,Sell,231794166
2024-08-15 10:58:41,14400.0,500,Sell,231794164
2024-08-15 10:58:41,14400.0,100,Sell,231794161
2024-08-15 10:58:41,14400.0,5000,Sell,231794160
2024-08-15 10:58:41,14400.0,100,Sell,231794159
2024-08-15 10:58:41,14400.0,100,Sell,231794162
2024-08-15 10:59:08,14400.0,500,Sell,231794599
2024-08-15 10:59:08,14400.0,100,Sell,231794598
2024-08-15 10:59:08,14400.0,100,Sell,231794597
2024-08-15 10:59:08,14400.0,6000,Sell,231794596
2024-08-15 10:59:08,14400.0,100,Sell,231794595
2024-08-15 10:59:08,14400.0,100,Sell,231794594
2024-08-15 10:59:08,14400.0,100,Sell,231794593
2024-08-15 10:59:08,14400.0,2000,Sell,231794592
2024-08-15 10:59:08,14400.0,100,Sell,231794591
2024-08-15 10:59:08,14400.0,100,Sell,231794590
2024-08-15 10:59:08,14400.0,100,Sell,231794588
2024-08-15 10:59:08,14400.0,400,Sell,231794587
2024-08-15 10:59:08,14400.0,400,Sell,231794586
2024-08-15 10:59:08,14400.0,300,Sell,231794585
2024-08-15 10:59:08,14400.0,300,Sell,231794584
2024-08-15 10:59:08,14400.0,100,Sell,231794583
2024-08-15 10:59:08,14400.0,2000,Sell,231794582
2024-08-15 10:59:08,14400.0,100,Sell,231794581
2024-08-15 10:59:08,14400.0,100,Sell,231794580
2024-08-15 10:59:08,14400.0,1500,Sell,231794579
2024-08-15 10:59:08,14400.0,300,Sell,231794589
2024-08-15 10:59:19,14400.0,100,Buy,231794792
2024-08-15 10:59:35,14400.0,100,Buy,231795034
2024-08-15 10:59:43,14400.0,100,Buy,231795190
2024-08-15 11:00:01,14400.0,500,Buy,231795438
2024-08-15 11:00:12,14400.0,5000,Buy,231795591
2024-08-15 11:01:08,14400.0,3000,Buy,231796288
2024-08-15 11:01:15,14400.0,100,Buy,231796394
2024-08-15 11:01:29,14400.0,900,Buy,231796589
2024-08-15 11:01:30,14400.0,400,Buy,231796607
2024-08-15 11:01:30,14400.0,100,Buy,231796608
2024-08-15 11:01:34,14400.0,200,Buy,231796670
2024-08-15 11:01:45,14400.0,200,Buy,231796794
2024-08-15 11:01:45,14400.0,300,Buy,231796795
2024-08-15 11:01:57,14400.0,200,Buy,231797016
2024-08-15 11:02:25,14400.0,200,Buy,231797539
2024-08-15 11:03:11,14400.0,100,Buy,231798372
2024-08-15 11:03:41,14400.0,100,Buy,231799022
2024-08-15 11:03:43,14400.0,100,Buy,231799050
2024-08-15 11:03:51,14400.0,200,Buy,231799167
2024-08-15 11:04:00,14400.0,2200,Buy,231799314
2024-08-15 11:04:00,14400.0,10000,Buy,231799315
2024-08-15 11:04:00,14400.0,5000,Buy,231799316
2024-08-15 11:04:00,14400.0,2800,Buy,231799317
2024-08-15 11:04:03,14400.0,200,Buy,231799385
2024-08-15 11:04:03,14400.0,400,Buy,231799386
2024-08-15 11:04:03,14400.0,200,Buy,231799387
2024-08-15 11:04:15,14400.0,500,Buy,231799526
2024-08-15 11:04:25,14400.0,100,Buy,231799612
2024-08-15 11:04:28,14400.0,100,Buy,231799647
2024-08-15 11:04:32,14400.0,100,Buy,231799690
2024-08-15 11:05:24,14400.0,600,Sell,231800842
2024-08-15 11:05:27,14400.0,200,Buy,231800865
2024-08-15 11:05:41,14400.0,800,Buy,231801053
2024-08-15 11:05:46,14400.0,100,Buy,231801117
2024-08-15 11:05:47,14400.0,500,Buy,231801144
2024-08-15 11:06:11,14350.0,900,Sell,231801468
2024-08-15 11:06:11,14350.0,100,Sell,231801469
2024-08-15 11:06:11,14350.0,500,Sell,231801470
2024-08-15 11:06:11,14350.0,200,Sell,231801471
2024-08-15 11:06:11,14350.0,100,Sell,231801472
2024-08-15 11:06:11,14350.0,3300,Sell,231801473
2024-08-15 11:06:27,14350.0,1700,Sell,231801670
2024-08-15 11:06:27,14350.0,100,Sell,231801671
2024-08-15 11:06:27,14350.0,100,Sell,231801672
2024-08-15 11:06:27,14350.0,100,Sell,231801673
2024-08-15 11:07:37,14400.0,100,Buy,231802649
2024-08-15 11:07:55,14350.0,900,Sell,231802908
2024-08-15 11:07:55,14350.0,2200,Sell,231802909
2024-08-15 11:08:01,14350.0,6400,Sell,231803006
2024-08-15 11:09:46,14350.0,200,Sell,231804535
2024-08-15 11:10:24,14350.0,1200,Sell,231805131
2024-08-15 11:10:24,14350.0,8800,Sell,231805132
2024-08-15 11:10:30,14350.0,400,Sell,231805231
2024-08-15 11:10:51,14400.0,1000,Buy,231805500
2024-08-15 11:11:01,14400.0,1000,Buy,231805597
2024-08-15 11:11:24,14400.0,200,Buy,231805840
2024-08-15 11:11:28,14350.0,3000,Sell,231805865
2024-08-15 11:11:31,14400.0,500,Buy,231805902
2024-08-15 11:11:31,14400.0,500,Buy,231805903
2024-08-15 11:11:48,14400.0,20000,Buy,231806127
2024-08-15 11:12:19,14400.0,100,Buy,231806546
2024-08-15 11:12:39,14400.0,200,Buy,231806953
2024-08-15 11:12:51,14400.0,400,Buy,231807085
2024-08-15 11:13:07,14400.0,200,Buy,231807371
2024-08-15 11:13:47,14400.0,1000,Buy,231807956
2024-08-15 11:14:02,14400.0,100,Buy,231808276
2024-08-15 11:14:05,14350.0,100,Sell,231808336
2024-08-15 11:14:05,14350.0,500,Sell,231808337
2024-08-15 11:14:05,14350.0,500,Sell,231808338
2024-08-15 11:14:05,14350.0,100,Sell,231808339
2024-08-15 11:14:05,14350.0,100,Sell,231808341
2024-08-15 11:14:05,14350.0,500,Sell,231808342
2024-08-15 11:14:05,14350.0,100,Sell,231808343
2024-08-15 11:14:05,14350.0,200,Sell,231808344
2024-08-15 11:14:05,14350.0,500,Sell,231808345
2024-08-15 11:14:05,14350.0,1500,Sell,231808346
2024-08-15 11:14:05,14350.0,1000,Sell,231808348
2024-08-15 11:14:05,14350.0,100,Sell,231808335
2024-08-15 11:14:05,14350.0,300,Sell,231808349
2024-08-15 11:14:05,14350.0,500,Sell,231808350
2024-08-15 11:14:05,14350.0,200,Sell,231808351
2024-08-15 11:14:05,14350.0,100,Sell,231808352
2024-08-15 11:14:05,14350.0,100,Sell,231808353
2024-08-15 11:14:05,14350.0,100,Sell,231808354
2024-08-15 11:14:05,14350.0,200,Sell,231808355
2024-08-15 11:14:05,14350.0,4300,Sell,231808356
2024-08-15 11:14:05,14350.0,100,Sell,231808347
2024-08-15 11:14:05,14350.0,100,Sell,231808334
2024-08-15 11:14:05,14350.0,5000,Sell,231808340
2024-08-15 11:14:05,14350.0,300,Sell,231808332
2024-08-15 11:14:05,14350.0,2800,Sell,231808311
2024-08-15 11:14:05,14350.0,200,Sell,231808312
2024-08-15 11:14:05,14350.0,500,Sell,231808313
2024-08-15 11:14:05,14350.0,100,Sell,231808314
2024-08-15 11:14:05,14350.0,200,Sell,231808333
2024-08-15 11:14:05,14350.0,100,Sell,231808316
2024-08-15 11:14:05,14350.0,700,Sell,231808317
2024-08-15 11:14:05,14350.0,500,Sell,231808318
2024-08-15 11:14:05,14350.0,1000,Sell,231808319
2024-08-15 11:14:05,14350.0,100,Sell,231808320
2024-08-15 11:14:05,14350.0,1000,Sell,231808321
2024-08-15 11:14:05,14350.0,100,Sell,231808315
2024-08-15 11:14:05,14350.0,100,Sell,231808323
2024-08-15 11:14:05,14350.0,3500,Sell,231808324
2024-08-15 11:14:05,14350.0,1000,Sell,231808325
2024-08-15 11:14:05,14350.0,300,Sell,231808326
2024-08-15 11:14:05,14350.0,100,Sell,231808327
2024-08-15 11:14:05,14350.0,10000,Sell,231808331
2024-08-15 11:14:05,14350.0,100,Sell,231808328
2024-08-15 11:14:05,14350.0,10000,Sell,231808329
2024-08-15 11:14:05,14350.0,1000,Sell,231808330
2024-08-15 11:14:05,14350.0,100,Sell,231808322
2024-08-15 11:14:15,14400.0,300,Buy,231808443
2024-08-15 11:14:39,14350.0,100,Sell,231808807
2024-08-15 11:15:03,14400.0,4000,Buy,231809128
2024-08-15 11:15:45,14400.0,100,Buy,231809719
2024-08-15 11:15:52,14350.0,100,Sell,231809784
2024-08-15 11:16:24,14400.0,100,Buy,231810285
2024-08-15 11:16:41,14400.0,100,Buy,231810678
2024-08-15 11:16:46,14400.0,10000,Buy,231810804
2024-08-15 11:16:56,14350.0,2400,Sell,231810959
2024-08-15 11:16:56,14350.0,100,Sell,231810954
2024-08-15 11:16:56,14350.0,100,Sell,231810958
2024-08-15 11:16:56,14350.0,100,Sell,231810957
2024-08-15 11:16:56,14350.0,300,Sell,231810956
2024-08-15 11:16:56,14350.0,100,Sell,231810955
2024-08-15 11:16:56,14350.0,100,Sell,231810953
2024-08-15 11:16:56,14350.0,2000,Sell,231810946
2024-08-15 11:16:56,14350.0,100,Sell,231810951
2024-08-15 11:16:56,14350.0,1500,Sell,231810943
2024-08-15 11:16:56,14350.0,200,Sell,231810947
2024-08-15 11:16:56,14350.0,700,Sell,231810952
2024-08-15 11:16:56,14350.0,200,Sell,231810949
2024-08-15 11:16:56,14350.0,2000,Sell,231810950
2024-08-15 11:16:56,14350.0,100,Sell,231810948
2024-08-15 11:17:02,14400.0,20000,Buy,231811035
2024-08-15 11:17:08,14350.0,100,Sell,231811120
2024-08-15 11:17:16,14400.0,100,Buy,231811205
2024-08-15 11:17:19,14350.0,100,Sell,231811815
2024-08-15 11:17:42,14400.0,20000,Buy,231812385
2024-08-15 11:17:48,14400.0,1000,Buy,231812535
2024-08-15 11:18:01,14350.0,2000,Sell,231812708
2024-08-15 11:18:01,14400.0,100,Buy,231812718
2024-08-15 11:18:18,14400.0,20000,Buy,231812985
2024-08-15 11:18:19,14400.0,100,Buy,231813000
2024-08-15 11:18:46,14400.0,1000,Buy,231813586
2024-08-15 11:18:56,14400.0,100,Buy,231813750
2024-08-15 11:18:59,14400.0,500,Buy,231813856
2024-08-15 11:18:59,14400.0,500,Buy,231813857
2024-08-15 11:19:09,14400.0,100,Buy,231814003
2024-08-15 11:19:11,14400.0,400,Buy,231814032
2024-08-15 11:19:28,14400.0,4000,Buy,231814377
2024-08-15 11:19:28,14400.0,300,Buy,231814376
2024-08-15 11:19:28,14400.0,600,Buy,231814374
2024-08-15 11:19:28,14400.0,4900,Buy,231814373
2024-08-15 11:19:28,14400.0,100,Buy,231814375
2024-08-15 11:19:32,14400.0,100,Buy,231814414
2024-08-15 11:19:41,14400.0,2000,Buy,231814592
2024-08-15 11:20:15,14400.0,100,Buy,231815311
2024-08-15 11:20:16,14400.0,200,Buy,231815320
2024-08-15 11:20:27,14400.0,1000,Buy,231815570
2024-08-15 11:20:31,14400.0,100,Buy,231815685
2024-08-15 11:20:36,14400.0,600,Buy,231815743
2024-08-15 11:20:59,14400.0,100,Buy,231816141
2024-08-15 11:21:26,14350.0,100,Sell,231816794
2024-08-15 11:22:18,14350.0,100,Sell,231817826
2024-08-15 11:22:18,14350.0,300,Sell,231817830
2024-08-15 11:22:18,14350.0,100,Sell,231817827
2024-08-15 11:22:18,14350.0,2000,Sell,231817828
2024-08-15 11:22:18,14350.0,1000,Sell,231817829
2024-08-15 11:22:18,14350.0,500,Sell,231817831
2024-08-15 11:22:18,14350.0,200,Sell,231817837
2024-08-15 11:22:18,14350.0,100,Sell,231817833
2024-08-15 11:22:18,14350.0,500,Sell,231817834
2024-08-15 11:22:18,14350.0,2000,Sell,231817835
2024-08-15 11:22:18,14350.0,100,Sell,231817836
2024-08-15 11:22:18,14350.0,26400,Sell,231817838
2024-08-15 11:22:18,14350.0,200,Sell,231817832
2024-08-15 11:22:18,14350.0,1000,Sell,231817825
2024-08-15 11:22:18,14350.0,100,Sell,231817822
2024-08-15 11:22:18,14350.0,1000,Sell,231817823
2024-08-15 11:22:18,14350.0,100,Sell,231817824
2024-08-15 11:22:18,14400.0,1000,Buy,231817805
2024-08-15 11:22:18,14350.0,10300,Sell,231817810
2024-08-15 11:22:18,14350.0,100,Sell,231817811
2024-08-15 11:22:18,14350.0,500,Sell,231817812
2024-08-15 11:22:18,14350.0,100,Sell,231817813
2024-08-15 11:22:18,14350.0,500,Sell,231817814
2024-08-15 11:22:18,14350.0,1000,Sell,231817821
2024-08-15 11:22:18,14350.0,200,Sell,231817816
2024-08-15 11:22:18,14350.0,300,Sell,231817820
2024-08-15 11:22:18,14350.0,1000,Sell,231817819
2024-08-15 11:22:18,14350.0,100,Sell,231817815
2024-08-15 11:22:18,14350.0,100,Sell,231817817
2024-08-15 11:22:18,14350.0,100,Sell,231817818
2024-08-15 11:22:21,14350.0,300,Sell,231817903
2024-08-15 11:22:53,14350.0,1000,Sell,231818638
2024-08-15 11:23:12,14400.0,200,Buy,231818999
2024-08-15 11:23:17,14350.0,1000,Sell,231819055
2024-08-15 11:23:24,14350.0,4000,Sell,231819190
2024-08-15 11:23:33,14400.0,500,Buy,231819341
2024-08-15 11:23:42,14400.0,1000,Buy,231819439
2024-08-15 11:23:57,14400.0,100,Buy,231819691
2024-08-15 11:24:19,14400.0,500,Buy,231820462
2024-08-15 11:24:20,14400.0,100,Buy,231820472
2024-08-15 11:24:21,14350.0,400,Sell,231820514
2024-08-15 11:24:25,14400.0,100,Buy,231820581
2024-08-15 11:24:40,14400.0,500,Buy,231820900
2024-08-15 11:25:42,14400.0,400,Buy,231822128
2024-08-15 11:26:24,14400.0,200,Buy,231822799
2024-08-15 11:26:37,14350.0,200,Sell,231822971
2024-08-15 11:27:03,14350.0,10000,Sell,231823537
2024-08-15 11:27:08,14400.0,100,Buy,231823738
2024-08-15 11:28:05,14400.0,100,Buy,231824696
2024-08-15 11:28:52,14400.0,100,Buy,231825599
2024-08-15 11:29:13,14400.0,400,Buy,231825974
2024-08-15 12:59:39,14350.0,300,Sell,231827447
2024-08-15 12:59:39,14400.0,500,Buy,231827541
2024-08-15 12:59:39,14400.0,1800,Buy,231827542
2024-08-15 12:59:39,14400.0,100,Buy,231827543
2024-08-15 12:59:40,14350.0,400,Sell,231827609
2024-08-15 12:59:40,14400.0,100,Buy,231827610
2024-08-15 12:59:40,14400.0,100,Buy,231827611
2024-08-15 12:59:40,14400.0,200,Buy,231827612
2024-08-15 12:59:40,14400.0,300,Buy,231827613
2024-08-15 12:59:40,14400.0,400,Buy,231827671
2024-08-15 12:59:41,14400.0,100,Buy,231828333
2024-08-15 12:59:41,14400.0,200,Buy,231828332
2024-08-15 12:59:41,14400.0,300,Buy,231828331
2024-08-15 12:59:41,14400.0,100,Buy,231828228
2024-08-15 12:59:41,14400.0,10000,Buy,231828236
2024-08-15 12:59:41,14400.0,200,Buy,231828229
2024-08-15 12:59:41,14400.0,1000,Buy,231828330
2024-08-15 12:59:42,14400.0,200,Buy,231828732
2024-08-15 12:59:42,14400.0,300,Buy,231828733
2024-08-15 12:59:42,14400.0,200,Buy,231828760
2024-08-15 12:59:43,14400.0,500,Buy,231828923
2024-08-15 12:59:43,14350.0,6000,Sell,231828874
2024-08-15 12:59:43,14400.0,500,Buy,231828840
2024-08-15 12:59:43,14350.0,3000,Sell,231828875
2024-08-15 12:59:44,14400.0,100,Buy,231829096
2024-08-15 12:59:44,14400.0,100,Buy,231828995
2024-08-15 12:59:44,14350.0,3000,Sell,231829095
2024-08-15 12:59:45,14400.0,400,Buy,231829441
2024-08-15 12:59:47,14400.0,100,Buy,231829663
2024-08-15 12:59:48,14400.0,1000,Buy,231829884
2024-08-15 12:59:49,14400.0,100,Buy,231830072
2024-08-15 12:59:50,14400.0,100,Buy,231830189
2024-08-15 12:59:51,14350.0,1000,Sell,231830276
2024-08-15 12:59:53,14400.0,500,Buy,231830531
2024-08-15 12:59:56,14400.0,300,Buy,231830767
2024-08-15 12:59:58,14400.0,1000,Buy,231830842
2024-08-15 13:00:02,14400.0,100,Buy,231831046
2024-08-15 13:00:03,14400.0,3000,Buy,231831064
2024-08-15 13:00:03,14400.0,100,Buy,231831085
2024-08-15 13:00:20,14350.0,200,Sell,231831765
2024-08-15 13:00:20,14350.0,1500,Sell,231831766
2024-08-15 13:00:20,14350.0,500,Sell,231831767
2024-08-15 13:00:20,14350.0,500,Sell,231831768
2024-08-15 13:00:20,14350.0,500,Sell,231831769
2024-08-15 13:00:20,14350.0,100,Sell,231831770
2024-08-15 13:00:20,14350.0,200,Sell,231831771
2024-08-15 13:00:20,14350.0,3000,Sell,231831779
2024-08-15 13:00:20,14350.0,100,Sell,231831773
2024-08-15 13:00:20,14350.0,2000,Sell,231831774
2024-08-15 13:00:20,14350.0,100,Sell,231831775
2024-08-15 13:00:20,14350.0,500,Sell,231831776
2024-08-15 13:00:20,14350.0,200,Sell,231831777
2024-08-15 13:00:20,14350.0,200,Sell,231831778
2024-08-15 13:00:20,14350.0,100,Sell,231831764
2024-08-15 13:00:20,14350.0,4300,Sell,231831780
2024-08-15 13:00:20,14350.0,100,Sell,231831772
2024-08-15 13:00:20,14350.0,100,Sell,231831763
2024-08-15 13:00:20,14350.0,1100,Sell,231831755
2024-08-15 13:00:20,14350.0,20000,Sell,231831761
2024-08-15 13:00:20,14350.0,5600,Sell,231831744
2024-08-15 13:00:20,14350.0,1000,Sell,231831745
2024-08-15 13:00:20,14350.0,200,Sell,231831746
2024-08-15 13:00:20,14350.0,100,Sell,231831747
2024-08-15 13:00:20,14350.0,500,Sell,231831748
2024-08-15 13:00:20,14350.0,100,Sell,231831749
2024-08-15 13:00:20,14350.0,100,Sell,231831750
2024-08-15 13:00:20,14350.0,200,Sell,231831762
2024-08-15 13:00:20,14350.0,100,Sell,231831751
2024-08-15 13:00:20,14350.0,200,Sell,231831753
2024-08-15 13:00:20,14350.0,5000,Sell,231831754
2024-08-15 13:00:20,14350.0,100,Sell,231831756
2024-08-15 13:00:20,14350.0,500,Sell,231831757
2024-08-15 13:00:20,14350.0,100,Sell,231831758
2024-08-15 13:00:20,14350.0,100,Sell,231831759
2024-08-15 13:00:20,14350.0,200,Sell,231831760
2024-08-15 13:00:20,14350.0,600,Sell,231831752
2024-08-15 13:00:50,14350.0,1100,Sell,231832774
2024-08-15 13:00:50,14350.0,1100,Sell,231832773
2024-08-15 13:00:50,14350.0,100,Sell,231832772
2024-08-15 13:00:50,14350.0,200,Sell,231832771
2024-08-15 13:00:50,14350.0,700,Sell,231832767
2024-08-15 13:00:50,14350.0,100,Sell,231832770
2024-08-15 13:00:50,14350.0,100,Sell,231832769
2024-08-15 13:00:50,14350.0,200,Sell,231832768
2024-08-15 13:00:55,14350.0,100,Sell,231832913
2024-08-15 13:00:55,14350.0,100,Sell,231832911
2024-08-15 13:00:55,14350.0,100,Sell,231832910
2024-08-15 13:00:55,14350.0,100,Sell,231832912
2024-08-15 13:00:55,14350.0,200,Sell,231832908
2024-08-15 13:00:55,14350.0,100,Sell,231832907
2024-08-15 13:00:55,14350.0,300,Sell,231832906
2024-08-15 13:00:55,14350.0,900,Sell,231832905
2024-08-15 13:00:55,14350.0,2000,Sell,231832909
2024-08-15 13:01:07,14350.0,1000,Sell,231833261
2024-08-15 13:01:07,14350.0,5000,Sell,231833257
2024-08-15 13:01:07,14350.0,100,Sell,231833258
2024-08-15 13:01:07,14350.0,100,Sell,231833259
2024-08-15 13:01:07,14350.0,100,Sell,231833260
2024-08-15 13:01:07,14350.0,5000,Sell,231833262
2024-08-15 13:01:07,14350.0,100,Sell,231833267
2024-08-15 13:01:07,14350.0,100,Sell,231833264
2024-08-15 13:01:07,14350.0,100,Sell,231833265
2024-08-15 13:01:07,14350.0,500,Sell,231833266
2024-08-15 13:01:07,14350.0,5000,Sell,231833256
2024-08-15 13:01:07,14350.0,100,Sell,231833268
2024-08-15 13:01:07,14350.0,3600,Sell,231833269
2024-08-15 13:01:07,14350.0,200,Sell,231833263
2024-08-15 13:01:07,14350.0,200,Sell,231833255
2024-08-15 13:01:07,14350.0,300,Sell,231833249
2024-08-15 13:01:07,14350.0,200,Sell,231833253
2024-08-15 13:01:07,14350.0,1200,Sell,231833238
2024-08-15 13:01:07,14350.0,500,Sell,231833239
2024-08-15 13:01:07,14350.0,100,Sell,231833240
2024-08-15 13:01:07,14350.0,15000,Sell,231833241
2024-08-15 13:01:07,14350.0,500,Sell,231833242
2024-08-15 13:01:07,14350.0,200,Sell,231833243
2024-08-15 13:01:07,14350.0,200,Sell,231833254
2024-08-15 13:01:07,14350.0,1000,Sell,231833244
2024-08-15 13:01:07,14350.0,4100,Sell,231833246
2024-08-15 13:01:07,14350.0,100,Sell,231833247
2024-08-15 13:01:07,14350.0,100,Sell,231833248
2024-08-15 13:01:07,14350.0,5000,Sell,231833250
2024-08-15 13:01:07,14350.0,100,Sell,231833251
2024-08-15 13:01:07,14350.0,100,Sell,231833252
2024-08-15 13:01:07,14350.0,100,Sell,231833245
2024-08-15 13:01:32,14350.0,500,Sell,231833939
2024-08-15 13:01:32,14350.0,1000,Sell,231833938
2024-08-15 13:01:32,14350.0,100,Sell,231833937
2024-08-15 13:01:32,14350.0,400,Sell,231833936
2024-08-15 13:01:33,14350.0,200,Sell,231833957
2024-08-15 13:01:33,14350.0,400,Sell,231833955
2024-08-15 13:01:33,14350.0,500,Sell,231833954
2024-08-15 13:01:33,14350.0,1000,Sell,231833953
2024-08-15 13:01:33,14350.0,100,Sell,231833952
2024-08-15 13:01:33,14350.0,100,Sell,231833951
2024-08-15 13:01:33,14350.0,400,Sell,231833950
2024-08-15 13:01:33,14350.0,400,Sell,231833956
2024-08-15 13:01:33,14350.0,100,Sell,231833948
2024-08-15 13:01:33,14350.0,200,Sell,231833947
2024-08-15 13:01:33,14350.0,1200,Sell,231833946
2024-08-15 13:01:33,14350.0,100,Sell,231833945
2024-08-15 13:01:33,14350.0,100,Sell,231833944
2024-08-15 13:01:33,14350.0,5000,Sell,231833943
2024-08-15 13:01:33,14350.0,100,Sell,231833942
2024-08-15 13:01:33,14350.0,100,Sell,231833949
2024-08-15 13:01:36,14350.0,1100,Sell,231834050
2024-08-15 13:01:43,14350.0,100,Sell,231834311
2024-08-15 13:01:43,14350.0,100,Sell,231834310
2024-08-15 13:01:43,14350.0,300,Sell,231834309
2024-08-15 13:01:43,14350.0,3000,Sell,231834305
2024-08-15 13:01:43,14350.0,1900,Sell,231834304
2024-08-15 13:01:43,14350.0,200,Sell,231834300
2024-08-15 13:01:43,14350.0,200,Sell,231834302
2024-08-15 13:01:43,14350.0,3000,Sell,231834301
2024-08-15 13:01:43,14350.0,500,Sell,231834299
2024-08-15 13:01:43,14350.0,300,Sell,231834312
2024-08-15 13:01:43,14350.0,200,Sell,231834303
2024-08-15 13:01:43,14350.0,1000,Sell,231834313
2024-08-15 13:01:43,14350.0,100,Sell,231834322
2024-08-15 13:01:43,14350.0,100,Sell,231834315
2024-08-15 13:01:43,14350.0,100,Sell,231834316
2024-08-15 13:01:43,14350.0,100,Sell,231834317
2024-08-15 13:01:43,14350.0,200,Sell,231834318
2024-08-15 13:01:43,14350.0,1000,Sell,231834319
2024-08-15 13:01:43,14350.0,1100,Sell,231834320
2024-08-15 13:01:43,14350.0,100,Sell,231834321
2024-08-15 13:01:43,14350.0,3500,Sell,231834298
2024-08-15 13:01:43,14350.0,500,Sell,231834323
2024-08-15 13:01:43,14350.0,1000,Sell,231834324
2024-08-15 13:01:43,14350.0,300,Sell,231834326
2024-08-15 13:01:43,14350.0,100,Sell,231834314
2024-08-15 13:01:43,14350.0,1000,Sell,231834297
2024-08-15 13:01:43,14350.0,600,Sell,231834325
2024-08-15 13:01:43,14350.0,2000,Sell,231834295
2024-08-15 13:01:43,14350.0,2200,Sell,231834266
2024-08-15 13:01:43,14350.0,300,Sell,231834267
2024-08-15 13:01:43,14350.0,100,Sell,231834296
2024-08-15 13:01:43,14350.0,500,Sell,231834268
2024-08-15 13:01:43,14350.0,300,Sell,231834269
2024-08-15 13:01:43,14350.0,100,Sell,231834270
2024-08-15 13:01:43,14350.0,100,Sell,231834271
2024-08-15 13:01:43,14350.0,100,Sell,231834272
2024-08-15 13:01:43,14350.0,2300,Sell,231834273
2024-08-15 13:01:43,14350.0,1000,Sell,231834274
2024-08-15 13:01:43,14350.0,100,Sell,231834276
2024-08-15 13:01:43,14350.0,200,Sell,231834277
2024-08-15 13:01:43,14350.0,100,Sell,231834275
2024-08-15 13:01:43,14350.0,100,Sell,231834283
2024-08-15 13:01:43,14350.0,9000,Sell,231834294
2024-08-15 13:01:43,14350.0,500,Sell,231834293
2024-08-15 13:01:43,14350.0,1000,Sell,231834292
2024-08-15 13:01:43,14350.0,500,Sell,231834282
2024-08-15 13:01:43,14350.0,1100,Sell,231834290
2024-08-15 13:01:43,14350.0,2000,Sell,231834289
2024-08-15 13:01:43,14350.0,200,Sell,231834291
2024-08-15 13:01:43,14350.0,5000,Sell,231834287
2024-08-15 13:01:43,14350.0,100,Sell,231834286
2024-08-15 13:01:43,14350.0,100,Sell,231834285
2024-08-15 13:01:43,14350.0,300,Sell,231834284
2024-08-15 13:01:43,14350.0,100,Sell,231834288
2024-08-15 13:01:47,14350.0,100,Sell,231834491
2024-08-15 13:01:47,14350.0,1000,Sell,231834510
2024-08-15 13:01:47,14350.0,500,Sell,231834509
2024-08-15 13:01:47,14350.0,500,Sell,231834494
2024-08-15 13:01:47,14350.0,500,Sell,231834493
2024-08-15 13:01:47,14350.0,300,Sell,231834492
2024-08-15 13:01:47,14350.0,600,Sell,231834490
2024-08-15 13:01:47,14350.0,700,Sell,231834482
2024-08-15 13:01:47,14350.0,2500,Sell,231834488
2024-08-15 13:01:47,14350.0,100,Sell,231834487
2024-08-15 13:01:47,14350.0,500,Sell,231834486
2024-08-15 13:01:47,14350.0,200,Sell,231834485
2024-08-15 13:01:47,14350.0,100,Sell,231834484
2024-08-15 13:01:47,14350.0,200,Sell,231834483
2024-08-15 13:01:47,14350.0,500,Sell,231834489
2024-08-15 13:01:51,14350.0,200,Buy,231834594
2024-08-15 13:01:52,14350.0,700,Buy,231834622
2024-08-15 13:01:52,14350.0,100,Buy,231834630
2024-08-15 13:02:01,14350.0,6300,Buy,231834839
2024-08-15 13:02:06,14350.0,100,Buy,231834949
2024-08-15 13:02:11,14350.0,1000,Buy,231835120
2024-08-15 13:02:13,14350.0,200,Buy,231835165
2024-08-15 13:02:18,14300.0,200,Sell,231835370
2024-08-15 13:02:18,14300.0,1300,Sell,231835373
2024-08-15 13:02:18,14300.0,1800,Sell,231835372
2024-08-15 13:02:18,14300.0,1000,Sell,231835371
2024-08-15 13:02:18,14300.0,100,Sell,231835368
2024-08-15 13:02:18,14300.0,300,Sell,231835369
2024-08-15 13:02:18,14300.0,100,Sell,231835366
2024-08-15 13:02:18,14300.0,100,Sell,231835314
2024-08-15 13:02:18,14300.0,100,Sell,231835365
2024-08-15 13:02:18,14300.0,100,Sell,231835364
2024-08-15 13:02:18,14300.0,100,Sell,231835316
2024-08-15 13:02:18,14300.0,300,Sell,231835315
2024-08-15 13:02:18,14300.0,100,Sell,231835367
2024-08-15 13:02:25,14300.0,2700,Sell,231835532
2024-08-15 13:02:25,14300.0,100,Sell,231835533
2024-08-15 13:02:25,14300.0,100,Sell,231835534
2024-08-15 13:02:25,14300.0,1000,Sell,231835535
2024-08-15 13:02:25,14300.0,100,Sell,231835536
2024-08-15 13:02:28,14350.0,200,Buy,231835659
2024-08-15 13:02:41,14350.0,20000,Buy,231835987
2024-08-15 13:02:50,14300.0,500,Sell,231836235
2024-08-15 13:03:21,14300.0,500,Sell,231837073
2024-08-15 13:03:31,14300.0,100,Sell,231837359
2024-08-15 13:03:35,14300.0,200,Sell,231837468
2024-08-15 13:03:35,14300.0,900,Sell,231837473
2024-08-15 13:03:35,14300.0,400,Sell,231837472
2024-08-15 13:03:35,14300.0,500,Sell,231837471
2024-08-15 13:03:35,14300.0,100,Sell,231837470
2024-08-15 13:03:35,14300.0,1000,Sell,231837469
2024-08-15 13:03:35,14300.0,1000,Sell,231837467
2024-08-15 13:03:35,14300.0,3800,Sell,231837458
2024-08-15 13:03:35,14300.0,1000,Sell,231837465
2024-08-15 13:03:35,14300.0,100,Sell,231837464
2024-08-15 13:03:35,14300.0,100,Sell,231837463
2024-08-15 13:03:35,14300.0,200,Sell,231837462
2024-08-15 13:03:35,14300.0,100,Sell,231837461
2024-08-15 13:03:35,14300.0,100,Sell,231837460
2024-08-15 13:03:35,14300.0,300,Sell,231837459
2024-08-15 13:03:35,14300.0,100,Sell,231837466
2024-08-15 13:03:43,14350.0,20000,Buy,231837671
2024-08-15 13:03:53,14300.0,400,Sell,231837980
2024-08-15 13:03:53,14300.0,100,Sell,231837979
2024-08-15 13:03:58,14350.0,4800,Buy,231838134
2024-08-15 13:03:58,14350.0,200,Buy,231838135
2024-08-15 13:03:59,14300.0,100,Sell,231838149
2024-08-15 13:03:59,14300.0,500,Sell,231838150
2024-08-15 13:04:02,14300.0,400,Sell,231838233
2024-08-15 13:04:05,14300.0,500,Sell,231838262
2024-08-15 13:04:05,14300.0,200,Sell,231838275
2024-08-15 13:04:25,14300.0,400,Sell,231838811
2024-08-15 13:04:34,14350.0,500,Buy,231839046
2024-08-15 13:04:35,14350.0,200,Buy,231839076
2024-08-15 13:04:44,14300.0,1300,Sell,231839319
2024-08-15 13:04:51,14350.0,1400,Buy,231839504
2024-08-15 13:04:51,14350.0,400,Buy,231839505
2024-08-15 13:04:51,14350.0,15000,Buy,231839506
2024-08-15 13:04:51,14350.0,2400,Buy,231839507
2024-08-15 13:04:51,14350.0,800,Buy,231839503
2024-08-15 13:04:55,14300.0,500,Sell,231839717
2024-08-15 13:05:01,14350.0,1000,Buy,231839899
2024-08-15 13:05:03,14350.0,100,Buy,231839946
2024-08-15 13:05:09,14350.0,2000,Buy,231840330
2024-08-15 13:05:10,14350.0,100,Buy,231840336
2024-08-15 13:05:27,14300.0,500,Sell,231840871
2024-08-15 13:05:30,14350.0,200,Buy,231840931
2024-08-15 13:05:38,14350.0,400,Buy,231841388
2024-08-15 13:05:43,14300.0,300,Sell,231841552
2024-08-15 13:05:45,14300.0,2000,Sell,231841604
2024-08-15 13:05:58,14300.0,100,Sell,231842151
2024-08-15 13:06:00,14300.0,500,Sell,231842293
2024-08-15 13:06:03,14300.0,2800,Sell,231842378
2024-08-15 13:06:03,14300.0,200,Sell,231842379
2024-08-15 13:06:03,14300.0,100,Sell,231842380
2024-08-15 13:06:03,14300.0,100,Sell,231842381
2024-08-15 13:06:03,14300.0,200,Sell,231842382
2024-08-15 13:06:03,14300.0,4000,Sell,231842383
2024-08-15 13:06:03,14300.0,3600,Sell,231842384
2024-08-15 13:06:06,14350.0,400,Buy,231842450
2024-08-15 13:06:16,14300.0,100,Sell,231842789
2024-08-15 13:06:17,14300.0,5000,Sell,231842801
2024-08-15 13:06:22,14350.0,500,Buy,231842951
2024-08-15 13:06:32,14300.0,400,Sell,231843220
2024-08-15 13:06:58,14300.0,100,Sell,231843806
2024-08-15 13:06:58,14300.0,500,Sell,231843807
2024-08-15 13:06:58,14300.0,2000,Sell,231843808
2024-08-15 13:06:58,14300.0,5000,Sell,231843809
2024-08-15 13:06:58,14300.0,100,Sell,231843810
2024-08-15 13:06:58,14300.0,100,Sell,231843811
2024-08-15 13:06:58,14300.0,100,Sell,231843812
2024-08-15 13:06:58,14300.0,100,Sell,231843813
2024-08-15 13:06:58,14300.0,3100,Sell,231843814
2024-08-15 13:06:58,14300.0,900,Sell,231843805
2024-08-15 13:07:02,14300.0,500,Sell,231843897
2024-08-15 13:07:13,14300.0,2100,Sell,231844168
2024-08-15 13:07:34,14300.0,400,Sell,231844740
2024-08-15 13:07:38,14350.0,100,Buy,231844853
2024-08-15 13:07:43,14350.0,500,Buy,231844961
2024-08-15 13:08:05,14300.0,500,Sell,231845562
2024-08-15 13:08:20,14350.0,1200,Buy,231846062
2024-08-15 13:08:28,14300.0,300,Sell,231846284
2024-08-15 13:08:37,14300.0,500,Sell,231846532
2024-08-15 13:08:57,14300.0,500,Sell,231847135
2024-08-15 13:09:02,14300.0,4700,Sell,231847245
2024-08-15 13:09:09,14300.0,500,Sell,231847413
2024-08-15 13:09:10,14300.0,100,Sell,231847500
2024-08-15 13:09:10,14300.0,100,Sell,231847499
2024-08-15 13:09:10,14300.0,100,Sell,231847497
2024-08-15 13:09:10,14300.0,200,Sell,231847498
2024-08-15 13:09:10,14300.0,500,Sell,231847495
2024-08-15 13:09:10,14300.0,300,Sell,231847494
2024-08-15 13:09:10,14300.0,600,Sell,231847493
2024-08-15 13:09:10,14300.0,100,Sell,231847496
2024-08-15 13:09:27,14350.0,100,Buy,231847939
2024-08-15 13:09:40,14350.0,100,Buy,231848273
2024-08-15 13:09:42,14300.0,400,Sell,231848332
2024-08-15 13:09:47,14300.0,1100,Sell,231848507
2024-08-15 13:09:47,14300.0,900,Sell,231848508
2024-08-15 13:09:53,14350.0,500,Buy,231848637
2024-08-15 13:09:56,14350.0,200,Buy,231848748
2024-08-15 13:09:58,14300.0,2000,Sell,231848840
2024-08-15 13:10:12,14300.0,500,Sell,231849169
2024-08-15 13:10:12,14300.0,16800,Sell,231849166
2024-08-15 13:10:12,14300.0,2100,Sell,231849162
2024-08-15 13:10:12,14300.0,100,Sell,231849164
2024-08-15 13:10:12,14300.0,500,Sell,231849163
2024-08-15 13:10:12,14300.0,500,Sell,231849165
2024-08-15 13:10:15,14350.0,100,Buy,231849245
2024-08-15 13:10:37,14350.0,200,Buy,231849808
2024-08-15 13:10:39,14300.0,500,Sell,231849849
2024-08-15 13:10:45,14300.0,400,Sell,231850038
2024-08-15 13:10:46,14300.0,100,Sell,231850077
2024-08-15 13:10:46,14300.0,100,Sell,231850078
2024-08-15 13:10:46,14300.0,1500,Sell,231850079
2024-08-15 13:10:46,14300.0,100,Sell,231850080
2024-08-15 13:10:46,14300.0,200,Sell,231850081
2024-08-15 13:10:46,14300.0,200,Sell,231850082
2024-08-15 13:10:46,14300.0,400,Sell,231850076
2024-08-15 13:10:46,14300.0,100,Sell,231850084
2024-08-15 13:10:46,14300.0,100,Sell,231850086
2024-08-15 13:10:46,14300.0,100,Sell,231850087
2024-08-15 13:10:46,14300.0,100,Sell,231850088
2024-08-15 13:10:46,14300.0,100,Sell,231850089
2024-08-15 13:10:46,14300.0,200,Sell,231850083
2024-08-15 13:10:46,14300.0,200,Sell,231850075
2024-08-15 13:10:46,14300.0,100,Sell,231850085
2024-08-15 13:10:46,14300.0,100,Sell,231850073
2024-08-15 13:10:46,14300.0,100,Sell,231850074
2024-08-15 13:10:46,14300.0,1800,Sell,231850059
2024-08-15 13:10:46,14300.0,500,Sell,231850061
2024-08-15 13:10:46,14300.0,500,Sell,231850062
2024-08-15 13:10:46,14300.0,100,Sell,231850063
2024-08-15 13:10:46,14300.0,100,Sell,231850064
2024-08-15 13:10:46,14300.0,900,Sell,231850065
2024-08-15 13:10:46,14300.0,600,Sell,231850060
2024-08-15 13:10:46,14300.0,100,Sell,231850067
2024-08-15 13:10:46,14300.0,300,Sell,231850068
2024-08-15 13:10:46,14300.0,200,Sell,231850069
2024-08-15 13:10:46,14300.0,500,Sell,231850070
2024-08-15 13:10:46,14300.0,10000,Sell,231850072
2024-08-15 13:10:46,14300.0,500,Sell,231850071
2024-08-15 13:10:46,14300.0,100,Sell,231850066
2024-08-15 13:10:51,14300.0,200,Sell,231850295
2024-08-15 13:10:57,14300.0,1700,Sell,231850454
2024-08-15 13:10:57,14300.0,300,Sell,231850453
2024-08-15 13:10:59,14300.0,300,Sell,231850503
2024-08-15 13:10:59,14300.0,200,Sell,231850504
2024-08-15 13:11:00,14300.0,500,Sell,231850545
2024-08-15 13:11:00,14300.0,500,Sell,231850549
2024-08-15 13:11:00,14300.0,200,Sell,231850548
2024-08-15 13:11:00,14300.0,100,Sell,231850547
2024-08-15 13:11:00,14300.0,100,Sell,231850546
2024-08-15 13:11:00,14300.0,14500,Sell,231850544
2024-08-15 13:11:00,14300.0,100,Sell,231850542
2024-08-15 13:11:00,14300.0,100,Sell,231850541
2024-08-15 13:11:00,14300.0,200,Sell,231850540
2024-08-15 13:11:00,14300.0,100,Sell,231850539
2024-08-15 13:11:00,14300.0,100,Sell,231850538
2024-08-15 13:11:00,14300.0,1800,Sell,231850537
2024-08-15 13:11:00,14300.0,1700,Sell,231850543
2024-08-15 13:11:03,14300.0,500,Sell,231850677
2024-08-15 13:11:03,14300.0,200,Sell,231850676
2024-08-15 13:11:03,14300.0,2800,Sell,231850675
2024-08-15 13:11:03,14300.0,100,Sell,231850674
2024-08-15 13:11:03,14300.0,200,Sell,231850673
2024-08-15 13:11:03,14300.0,500,Sell,231850672
2024-08-15 13:11:03,14300.0,100,Sell,231850671
2024-08-15 13:11:03,14300.0,100,Sell,231850670
2024-08-15 13:11:03,14300.0,1000,Sell,231850667
2024-08-15 13:11:03,14300.0,500,Sell,231850668
2024-08-15 13:11:03,14300.0,500,Sell,231850666
2024-08-15 13:11:03,14300.0,1000,Sell,231850665
2024-08-15 13:11:03,14300.0,1000,Sell,231850664
2024-08-15 13:11:03,14300.0,1000,Sell,231850663
2024-08-15 13:11:03,14300.0,1900,Sell,231850662
2024-08-15 13:11:03,14300.0,100,Sell,231850669
2024-08-15 13:11:03,14300.0,1000,Sell,231850678
2024-08-15 13:11:03,14300.0,5000,Sell,231850696
2024-08-15 13:11:03,14300.0,100,Sell,231850680
2024-08-15 13:11:03,14300.0,300,Sell,231850697
2024-08-15 13:11:03,14300.0,200,Sell,231850695
2024-08-15 13:11:03,14300.0,200,Sell,231850694
2024-08-15 13:11:03,14300.0,500,Sell,231850693
2024-08-15 13:11:03,14300.0,500,Sell,231850692
2024-08-15 13:11:03,14300.0,1000,Sell,231850691
2024-08-15 13:11:03,14300.0,1000,Sell,231850690
2024-08-15 13:11:03,14300.0,500,Sell,231850689
2024-08-15 13:11:03,14300.0,100,Sell,231850688
2024-08-15 13:11:03,14300.0,5000,Sell,231850687
2024-08-15 13:11:03,14300.0,500,Sell,231850686
2024-08-15 13:11:03,14300.0,100,Sell,231850684
2024-08-15 13:11:03,14300.0,100,Sell,231850683
2024-08-15 13:11:03,14300.0,200,Sell,231850682
2024-08-15 13:11:03,14300.0,100,Sell,231850681
2024-08-15 13:11:03,14300.0,100,Sell,231850679
2024-08-15 13:11:03,14300.0,4600,Sell,231850661
2024-08-15 13:11:03,14300.0,200,Sell,231850658
2024-08-15 13:11:03,14300.0,300,Sell,231850659
2024-08-15 13:11:03,14300.0,200,Sell,231850634
2024-08-15 13:11:03,14300.0,100,Sell,231850633
2024-08-15 13:11:03,14300.0,100,Sell,231850632
2024-08-15 13:11:03,14300.0,200,Sell,231850631
2024-08-15 13:11:03,14300.0,200,Sell,231850630
2024-08-15 13:11:03,14300.0,100,Sell,231850629
2024-08-15 13:11:03,14300.0,200,Sell,231850628
2024-08-15 13:11:03,14300.0,100,Sell,231850627
2024-08-15 13:11:03,14300.0,100,Sell,231850626
2024-08-15 13:11:03,14300.0,200,Sell,231850625
2024-08-15 13:11:03,14300.0,200,Sell,231850624
2024-08-15 13:11:03,14300.0,100,Sell,231850623
2024-08-15 13:11:03,14300.0,500,Sell,231850621
2024-08-15 13:11:03,14300.0,500,Sell,231850620
2024-08-15 13:11:03,14300.0,500,Sell,231850660
2024-08-15 13:11:03,14300.0,100,Sell,231850635
2024-08-15 13:11:03,14300.0,200,Sell,231850636
2024-08-15 13:11:03,14300.0,100,Sell,231850622
2024-08-15 13:11:03,14300.0,200,Sell,231850638
2024-08-15 13:11:03,14300.0,100,Sell,231850657
2024-08-15 13:11:03,14300.0,100,Sell,231850637
2024-08-15 13:11:03,14300.0,200,Sell,231850655
2024-08-15 13:11:03,14300.0,200,Sell,231850654
2024-08-15 13:11:03,14300.0,100,Sell,231850653
2024-08-15 13:11:03,14300.0,100,Sell,231850652
2024-08-15 13:11:03,14300.0,100,Sell,231850651
2024-08-15 13:11:03,14300.0,1400,Sell,231850650
2024-08-15 13:11:03,14300.0,1300,Sell,231850656
2024-08-15 13:11:03,14300.0,200,Sell,231850645
2024-08-15 13:11:03,14300.0,700,Sell,231850644
2024-08-15 13:11:03,14300.0,3000,Sell,231850643
2024-08-15 13:11:03,14300.0,2000,Sell,231850642
2024-08-15 13:11:03,14300.0,1000,Sell,231850641
2024-08-15 13:11:03,14300.0,100,Sell,231850639
2024-08-15 13:11:03,14300.0,2000,Sell,231850649
2024-08-15 13:11:03,14300.0,400,Sell,231850640
2024-08-15 13:11:16,14300.0,200,Sell,231851039
2024-08-15 13:11:16,14300.0,100,Sell,231851040
2024-08-15 13:11:16,14300.0,100,Sell,231851041
2024-08-15 13:11:21,14300.0,200,Sell,231851255
2024-08-15 13:11:21,14300.0,100,Sell,231851254
2024-08-15 13:11:21,14300.0,100,Sell,231851253
2024-08-15 13:11:21,14300.0,200,Sell,231851252
2024-08-15 13:11:21,14300.0,100,Sell,231851248
2024-08-15 13:11:21,14300.0,100,Sell,231851250
2024-08-15 13:11:21,14300.0,100,Sell,231851249
2024-08-15 13:11:21,14300.0,100,Sell,231851247
2024-08-15 13:11:21,14300.0,100,Sell,231851256
2024-08-15 13:11:21,14300.0,100,Sell,231851246
2024-08-15 13:11:21,14300.0,100,Sell,231851251
2024-08-15 13:11:21,14300.0,2200,Sell,231851257
2024-08-15 13:11:21,14300.0,500,Sell,231851267
2024-08-15 13:11:21,14300.0,100,Sell,231851259
2024-08-15 13:11:21,14300.0,5000,Sell,231851260
2024-08-15 13:11:21,14300.0,100,Sell,231851261
2024-08-15 13:11:21,14300.0,100,Sell,231851262
2024-08-15 13:11:21,14300.0,500,Sell,231851263
2024-08-15 13:11:21,14300.0,1000,Sell,231851264
2024-08-15 13:11:21,14300.0,100,Sell,231851265
2024-08-15 13:11:21,14300.0,200,Sell,231851266
2024-08-15 13:11:21,14300.0,500,Sell,231851268
2024-08-15 13:11:21,14300.0,1000,Sell,231851269
2024-08-15 13:11:21,14300.0,300,Sell,231851270
2024-08-15 13:11:21,14300.0,100,Sell,231851271
2024-08-15 13:11:21,14300.0,100,Sell,231851245
2024-08-15 13:11:21,14300.0,100,Sell,231851258
2024-08-15 13:11:21,14300.0,1000,Sell,231851244
2024-08-15 13:11:21,14300.0,100,Sell,231851233
2024-08-15 13:11:21,14300.0,100,Sell,231851242
2024-08-15 13:11:21,14300.0,100,Sell,231851215
2024-08-15 13:11:21,14300.0,3000,Sell,231851216
2024-08-15 13:11:21,14300.0,100,Sell,231851217
2024-08-15 13:11:21,14300.0,100,Sell,231851243
2024-08-15 13:11:21,14300.0,15000,Sell,231851219
2024-08-15 13:11:21,14300.0,100,Sell,231851220
2024-08-15 13:11:21,14300.0,200,Sell,231851221
2024-08-15 13:11:21,14300.0,3000,Sell,231851222
2024-08-15 13:11:21,14300.0,1000,Sell,231851223
2024-08-15 13:11:21,14300.0,200,Sell,231851224
2024-08-15 13:11:21,14300.0,100,Sell,231851225
2024-08-15 13:11:21,14300.0,100,Sell,231851226
2024-08-15 13:11:21,14300.0,200,Sell,231851227
2024-08-15 13:11:21,14300.0,100,Sell,231851218
2024-08-15 13:11:21,14300.0,100,Sell,231851229
2024-08-15 13:11:21,14300.0,100,Sell,231851228
2024-08-15 13:11:21,14300.0,100,Sell,231851241
2024-08-15 13:11:21,14300.0,5000,Sell,231851239
2024-08-15 13:11:21,14300.0,200,Sell,231851238
2024-08-15 13:11:21,14300.0,100,Sell,231851237
2024-08-15 13:11:21,14300.0,300,Sell,231851240
2024-08-15 13:11:21,14300.0,5000,Sell,231851235
2024-08-15 13:11:21,14300.0,100,Sell,231851234
2024-08-15 13:11:21,14300.0,100,Sell,231851232
2024-08-15 13:11:21,14300.0,1000,Sell,231851231
2024-08-15 13:11:21,14300.0,100,Sell,231851230
2024-08-15 13:11:21,14300.0,100,Sell,231851236
2024-08-15 13:11:24,14300.0,100,Sell,231851331
2024-08-15 13:11:24,14300.0,900,Sell,231851332
2024-08-15 13:11:26,14300.0,100,Sell,231851434
2024-08-15 13:11:26,14300.0,700,Sell,231851439
2024-08-15 13:11:26,14300.0,10000,Sell,231851438
2024-08-15 13:11:26,14300.0,2000,Sell,231851437
2024-08-15 13:11:26,14300.0,1000,Sell,231851436
2024-08-15 13:11:26,14300.0,500,Sell,231851435
2024-08-15 13:11:26,14300.0,1000,Sell,231851433
2024-08-15 13:11:26,14300.0,400,Sell,231851426
2024-08-15 13:11:26,14300.0,200,Sell,231851431
2024-08-15 13:11:26,14300.0,500,Sell,231851430
2024-08-15 13:11:26,14300.0,1000,Sell,231851429
2024-08-15 13:11:26,14300.0,1000,Sell,231851428
2024-08-15 13:11:26,14300.0,500,Sell,231851427
2024-08-15 13:11:26,14300.0,100,Sell,231851425
2024-08-15 13:11:26,14300.0,1000,Sell,231851432
2024-08-15 13:11:32,14300.0,500,Sell,231851554
2024-08-15 13:11:33,14300.0,800,Sell,231851589
2024-08-15 13:11:33,14300.0,1000,Sell,231851590
2024-08-15 13:11:33,14300.0,200,Sell,231851592
2024-08-15 13:11:33,14300.0,2000,Sell,231851620
2024-08-15 13:11:33,14300.0,9000,Sell,231851621
2024-08-15 13:11:33,14300.0,100,Sell,231851622
2024-08-15 13:11:33,14300.0,1000,Sell,231851623
2024-08-15 13:11:33,14300.0,100,Sell,231851624
2024-08-15 13:11:33,14300.0,2000,Sell,231851625
2024-08-15 13:11:33,14300.0,100,Sell,231851626
2024-08-15 13:11:33,14300.0,100,Sell,231851627
2024-08-15 13:11:33,14300.0,100,Sell,231851628
2024-08-15 13:11:33,14300.0,900,Sell,231851629
2024-08-15 13:11:33,14300.0,5000,Sell,231851630
2024-08-15 13:11:33,14300.0,200,Sell,231851631
2024-08-15 13:11:33,14300.0,100,Sell,231851632
2024-08-15 13:11:33,14300.0,500,Sell,231851633
2024-08-15 13:11:33,14300.0,100,Sell,231851634
2024-08-15 13:11:33,14300.0,500,Sell,231851635
2024-08-15 13:11:33,14300.0,500,Sell,231851636
2024-08-15 13:11:33,14300.0,100,Sell,231851637
2024-08-15 13:11:33,14300.0,1000,Sell,231851638
2024-08-15 13:11:33,14300.0,100,Sell,231851639
2024-08-15 13:11:33,14300.0,300,Sell,231851640
2024-08-15 13:11:33,14300.0,100,Sell,231851641
2024-08-15 13:11:33,14300.0,1000,Sell,231851642
2024-08-15 13:11:33,14300.0,100,Sell,231851619
2024-08-15 13:11:33,14300.0,400,Sell,231851618
2024-08-15 13:11:33,14300.0,100,Sell,231851591
2024-08-15 13:11:33,14300.0,5000,Sell,231851616
2024-08-15 13:11:33,14300.0,100,Sell,231851593
2024-08-15 13:11:33,14300.0,1000,Sell,231851594
2024-08-15 13:11:33,14300.0,1000,Sell,231851595
2024-08-15 13:11:33,14300.0,200,Sell,231851596
2024-08-15 13:11:33,14300.0,100,Sell,231851597
2024-08-15 13:11:33,14300.0,500,Sell,231851598
2024-08-15 13:11:33,14300.0,200,Sell,231851599
2024-08-15 13:11:33,14300.0,1000,Sell,231851600
2024-08-15 13:11:33,14300.0,300,Sell,231851601
2024-08-15 13:11:33,14300.0,100,Sell,231851602
2024-08-15 13:11:33,14300.0,500,Sell,231851603
2024-08-15 13:11:33,14300.0,2000,Sell,231851617
2024-08-15 13:11:33,14300.0,100,Sell,231851605
2024-08-15 13:11:33,14300.0,500,Sell,231851606
2024-08-15 13:11:33,14300.0,400,Sell,231851607
2024-08-15 13:11:33,14300.0,200,Sell,231851608
2024-08-15 13:11:33,14300.0,100,Sell,231851609
2024-08-15 13:11:33,14300.0,100,Sell,231851610
2024-08-15 13:11:33,14300.0,500,Sell,231851611
2024-08-15 13:11:33,14300.0,500,Sell,231851612
2024-08-15 13:11:33,14300.0,500,Sell,231851613
2024-08-15 13:11:33,14300.0,700,Sell,231851614
2024-08-15 13:11:33,14300.0,100,Sell,231851615
2024-08-15 13:11:33,14300.0,200,Sell,231851604
2024-08-15 13:11:34,14300.0,100,Buy,231851658
2024-08-15 13:11:34,14300.0,4000,Buy,231851659
2024-08-15 13:11:38,14300.0,100,Buy,231851788
2024-08-15 13:11:47,14250.0,500,Sell,231852032
2024-08-15 13:11:55,14300.0,100,Buy,231852186
2024-08-15 13:12:07,14300.0,1400,Buy,231852620
2024-08-15 13:12:07,14300.0,100,Buy,231852637
2024-08-15 13:12:07,14300.0,200,Buy,231852673
2024-08-15 13:12:10,14300.0,3500,Buy,231852741
2024-08-15 13:12:10,14300.0,400,Buy,231852739
2024-08-15 13:12:10,14300.0,600,Buy,231852738
2024-08-15 13:12:10,14300.0,100,Buy,231852740
2024-08-15 13:12:19,14250.0,500,Sell,231852959
2024-08-15 13:12:22,14300.0,100,Buy,231853035
2024-08-15 13:12:31,14300.0,1000,Buy,231853388
2024-08-15 13:12:36,14250.0,500,Sell,231853542
2024-08-15 13:12:36,14250.0,1500,Sell,231853541
2024-08-15 13:12:51,14250.0,500,Sell,231853916
2024-08-15 13:13:03,14300.0,300,Buy,231854195
2024-08-15 13:13:08,14300.0,500,Buy,231854314
2024-08-15 13:13:10,14250.0,400,Sell,231854369
2024-08-15 13:13:19,14250.0,100,Sell,231854556
2024-08-15 13:13:23,14250.0,500,Sell,231854626
2024-08-15 13:13:35,14300.0,2000,Buy,231854888
2024-08-15 13:13:40,14300.0,1000,Buy,231855050
2024-08-15 13:13:44,14300.0,100,Buy,231855142
2024-08-15 13:13:49,14250.0,2000,Sell,231855280
2024-08-15 13:13:55,14250.0,500,Sell,231855400
2024-08-15 13:14:12,14300.0,1000,Buy,231855801
2024-08-15 13:14:16,14300.0,100,Buy,231855882
2024-08-15 13:14:23,14300.0,200,Buy,231856058
2024-08-15 13:14:23,14300.0,100,Buy,231856057
2024-08-15 13:14:28,14250.0,400,Sell,231856172
2024-08-15 13:14:51,14300.0,400,Buy,231856656
2024-08-15 13:14:55,14300.0,2000,Buy,231856750
2024-08-15 13:14:58,14250.0,400,Sell,231856845
2024-08-15 13:15:18,14300.0,700,Buy,231857408
2024-08-15 13:15:28,14300.0,2000,Buy,231857812
2024-08-15 13:15:29,14250.0,200,Sell,231857845
2024-08-15 13:15:29,14250.0,200,Sell,231857846
2024-08-15 13:15:38,14300.0,300,Buy,231858067
2024-08-15 13:15:39,14300.0,500,Buy,231858128
2024-08-15 13:15:43,14300.0,100,Buy,231858200
2024-08-15 13:15:43,14300.0,100,Buy,231858198
2024-08-15 13:15:49,14300.0,200,Buy,231858373
2024-08-15 13:15:49,14300.0,500,Buy,231858353
2024-08-15 13:15:54,14300.0,300,Buy,231858571
2024-08-15 13:15:55,14300.0,500,Buy,231858603
2024-08-15 13:15:55,14300.0,1500,Buy,231858617
2024-08-15 13:15:56,14300.0,500,Buy,231858630
2024-08-15 13:15:57,14300.0,500,Buy,231858657
2024-08-15 13:15:57,14300.0,100,Buy,231858669
2024-08-15 13:16:00,14250.0,200,Sell,231858770
2024-08-15 13:16:00,14250.0,300,Sell,231858771
2024-08-15 13:16:01,14300.0,900,Buy,231858782
2024-08-15 13:16:01,14300.0,600,Buy,231858783
2024-08-15 13:16:03,14300.0,400,Buy,231858835
2024-08-15 13:16:03,14300.0,100,Buy,231858836
2024-08-15 13:16:04,14300.0,100,Buy,231858856
2024-08-15 13:16:05,14300.0,1800,Buy,231858898
2024-08-15 13:16:05,14300.0,2300,Buy,231858899
2024-08-15 13:16:08,14250.0,400,Sell,231858970
2024-08-15 13:16:09,14300.0,200,Buy,231858997
2024-08-15 13:16:13,14300.0,2500,Buy,231859091
2024-08-15 13:16:13,14300.0,500,Buy,231859092
2024-08-15 13:16:15,14250.0,2000,Sell,231859138
2024-08-15 13:16:15,14300.0,1500,Buy,231859139
2024-08-15 13:16:15,14300.0,500,Buy,231859140
2024-08-15 13:16:15,14300.0,100,Buy,231859143
2024-08-15 13:16:16,14300.0,2000,Buy,231859180
2024-08-15 13:16:21,14300.0,100,Buy,231859295
2024-08-15 13:16:22,14300.0,600,Buy,231859330
2024-08-15 13:16:22,14300.0,100,Buy,231859300
2024-08-15 13:16:23,14300.0,1300,Buy,231859331
2024-08-15 13:16:23,14300.0,100,Buy,231859332
2024-08-15 13:16:23,14300.0,900,Buy,231859334
2024-08-15 13:16:23,14300.0,200,Buy,231859355
2024-08-15 13:16:24,14300.0,14100,Buy,231859362
2024-08-15 13:16:24,14300.0,700,Buy,231859363
2024-08-15 13:16:24,14300.0,5200,Buy,231859364
2024-08-15 13:16:25,14300.0,1000,Buy,231859410
2024-08-15 13:16:25,14300.0,2600,Buy,231859409
2024-08-15 13:16:25,14300.0,6000,Buy,231859411
2024-08-15 13:16:25,14300.0,100,Buy,231859407
2024-08-15 13:16:25,14300.0,500,Buy,231859408
2024-08-15 13:16:25,14300.0,14800,Buy,231859406
2024-08-15 13:16:26,14300.0,1000,Buy,231859421
2024-08-15 13:16:26,14300.0,4000,Buy,231859424
2024-08-15 13:16:26,14300.0,800,Buy,231859425
2024-08-15 13:16:26,14300.0,5000,Buy,231859444
2024-08-15 13:16:26,14300.0,100,Buy,231859448
2024-08-15 13:16:27,14300.0,500,Buy,231859468
2024-08-15 13:16:27,14300.0,300,Buy,231859472
2024-08-15 13:16:27,14300.0,100,Buy,231859493
2024-08-15 13:16:28,14300.0,1000,Buy,231859528
2024-08-15 13:16:28,14300.0,1500,Buy,231859527
2024-08-15 13:16:28,14300.0,1500,Buy,231859529
2024-08-15 13:16:28,14300.0,1500,Buy,231859525
2024-08-15 13:16:28,14300.0,100,Buy,231859517
2024-08-15 13:16:28,14300.0,9000,Buy,231859526
2024-08-15 13:16:32,14300.0,400,Sell,231859653
2024-08-15 13:16:36,14300.0,500,Sell,231859766
2024-08-15 13:16:48,14300.0,800,Sell,231860072
2024-08-15 13:17:03,14300.0,500,Sell,231860426
2024-08-15 13:17:08,14300.0,1000,Sell,231860540
2024-08-15 13:17:23,14350.0,100,Buy,231860870
2024-08-15 13:17:23,14350.0,400,Buy,231860871
2024-08-15 13:17:36,14300.0,500,Sell,231861122
2024-08-15 13:17:45,14300.0,6700,Sell,231861284
2024-08-15 13:17:45,14300.0,3300,Sell,231861282
2024-08-15 13:17:45,14300.0,10000,Sell,231861283
2024-08-15 13:17:46,14300.0,1000,Sell,231861301
2024-08-15 13:17:50,14300.0,5000,Sell,231861375
2024-08-15 13:18:08,14300.0,300,Sell,231861835
2024-08-15 13:18:08,14300.0,200,Sell,231861836
2024-08-15 13:18:08,14300.0,100,Sell,231861842
2024-08-15 13:18:23,14300.0,100,Sell,231862171
2024-08-15 13:18:41,14300.0,500,Sell,231862580
2024-08-15 13:19:12,14300.0,100,Sell,231863222
2024-08-15 13:19:13,14300.0,400,Sell,231863248
2024-08-15 13:19:44,14300.0,400,Sell,231863890
2024-08-15 13:19:54,14350.0,2000,Buy,231864119
2024-08-15 13:19:54,14350.0,2600,Buy,231864117
2024-08-15 13:19:54,14350.0,5400,Buy,231864118
2024-08-15 13:19:55,14300.0,100,Sell,231864123
2024-08-15 13:20:03,14350.0,1000,Buy,231864294
2024-08-15 13:20:10,14300.0,1500,Sell,231864437
2024-08-15 13:20:10,14300.0,100,Sell,231864438
2024-08-15 13:20:10,14300.0,200,Sell,231864439
2024-08-15 13:20:10,14300.0,2000,Sell,231864440
2024-08-15 13:20:10,14300.0,1200,Sell,231864441
2024-08-15 13:20:15,14300.0,400,Sell,231864517
2024-08-15 13:20:20,14350.0,10000,Buy,231864650
2024-08-15 13:20:30,14300.0,200,Sell,231864818
2024-08-15 13:20:43,14350.0,100,Buy,231865151
2024-08-15 13:20:46,14300.0,400,Sell,231865178
2024-08-15 13:20:51,14300.0,1000,Sell,231865290
2024-08-15 13:20:51,14300.0,3200,Sell,231865298
2024-08-15 13:20:51,14300.0,100,Sell,231865297
2024-08-15 13:20:51,14300.0,500,Sell,231865295
2024-08-15 13:20:51,14300.0,400,Sell,231865294
2024-08-15 13:20:51,14300.0,1000,Sell,231865293
2024-08-15 13:20:51,14300.0,100,Sell,231865292
2024-08-15 13:20:51,14300.0,500,Sell,231865291
2024-08-15 13:20:51,14300.0,100,Sell,231865289
2024-08-15 13:20:51,14300.0,100,Sell,231865296
2024-08-15 13:20:51,14300.0,200,Sell,231865287
2024-08-15 13:20:51,14300.0,100,Sell,231865286
2024-08-15 13:20:51,14300.0,500,Sell,231865285
2024-08-15 13:20:51,14300.0,100,Sell,231865284
2024-08-15 13:20:51,14300.0,1000,Sell,231865283
2024-08-15 13:20:51,14300.0,1000,Sell,231865282
2024-08-15 13:20:51,14300.0,100,Sell,231865288
2024-08-15 13:20:51,14300.0,200,Sell,231865281
2024-08-15 13:20:51,14300.0,2000,Sell,231865280
2024-08-15 13:20:51,14300.0,300,Sell,231865279
2024-08-15 13:20:58,14350.0,100,Buy,231865412
2024-08-15 13:21:03,14350.0,10000,Buy,231865516
2024-08-15 13:21:15,14350.0,300,Buy,231865754
2024-08-15 13:21:16,14300.0,100,Sell,231865771
2024-08-15 13:21:16,14300.0,300,Sell,231865770
2024-08-15 13:21:19,14350.0,100,Buy,231865816
2024-08-15 13:21:22,14300.0,800,Sell,231865888
2024-08-15 13:21:22,14300.0,600,Sell,231865889
2024-08-15 13:21:25,14350.0,2000,Buy,231865936
2024-08-15 13:21:35,14350.0,100,Buy,231866111
2024-08-15 13:21:44,14350.0,10000,Buy,231866263
2024-08-15 13:21:46,14300.0,400,Sell,231866342
2024-08-15 13:21:46,14300.0,100,Sell,231866343
2024-08-15 13:21:53,14350.0,2000,Buy,231866460
2024-08-15 13:22:17,14350.0,100,Buy,231867027
