time,price,volume,match_type,id
2024-07-31 09:14:41,15650.0,22900,ATO/ATC,227499100
2024-07-31 09:14:49,15650.0,100,Buy,227499280
2024-07-31 09:15:04,15600.0,500,Sell,227499672
2024-07-31 09:15:04,15600.0,500,Sell,227499671
2024-07-31 09:15:07,15600.0,100,Sell,227499771
2024-07-31 09:15:34,15600.0,100,Buy,227500606
2024-07-31 09:15:36,15600.0,100,Buy,227500646
2024-07-31 09:15:54,15600.0,2000,Buy,227501203
2024-07-31 09:15:55,15600.0,100,Buy,227501246
2024-07-31 09:16:01,15600.0,500,Buy,227501403
2024-07-31 09:16:06,15600.0,300,Buy,227501549
2024-07-31 09:16:32,15600.0,100,Buy,227502377
2024-07-31 09:16:33,15600.0,100,Buy,227502417
2024-07-31 09:16:35,15600.0,600,Buy,227502488
2024-07-31 09:16:41,15600.0,1300,Buy,227502692
2024-07-31 09:16:41,15600.0,1300,Buy,227502694
2024-07-31 09:16:41,15600.0,2100,Buy,227502695
2024-07-31 09:16:41,15600.0,1300,Buy,227502693
2024-07-31 09:16:58,15600.0,400,Buy,227503411
2024-07-31 09:17:02,15600.0,11000,Buy,227503593
2024-07-31 09:17:03,15600.0,100,Buy,227503666
2024-07-31 09:17:21,15550.0,400,Sell,227504507
2024-07-31 09:17:41,15600.0,3000,Buy,227505214
2024-07-31 09:17:51,15550.0,1000,Sell,227505502
2024-07-31 09:18:14,15600.0,500,Buy,227506287
2024-07-31 09:18:14,15550.0,500,Sell,227506263
2024-07-31 09:18:25,15600.0,400,Buy,227506653
2024-07-31 09:18:49,15550.0,700,Sell,227507626
2024-07-31 09:18:49,15550.0,2000,Sell,227507625
2024-07-31 09:18:49,15550.0,100,Sell,227507624
2024-07-31 09:18:49,15600.0,200,Buy,227507632
2024-07-31 09:18:49,15550.0,5000,Sell,227507622
2024-07-31 09:18:49,15550.0,100,Sell,227507621
2024-07-31 09:18:49,15550.0,1100,Sell,227507620
2024-07-31 09:18:49,15550.0,1000,Sell,227507623
2024-07-31 09:18:57,15600.0,300,Buy,227507882
2024-07-31 09:19:00,15600.0,3000,Buy,227507999
2024-07-31 09:19:13,15600.0,100,Buy,227508471
2024-07-31 09:19:21,15600.0,400,Buy,227508791
2024-07-31 09:19:22,15600.0,200,Buy,227508797
2024-07-31 09:19:31,15550.0,200,Sell,227509117
2024-07-31 09:19:31,15550.0,400,Sell,227509120
2024-07-31 09:19:31,15550.0,500,Sell,227509116
2024-07-31 09:19:31,15550.0,1500,Sell,227509119
2024-07-31 09:19:31,15550.0,1200,Sell,227509114
2024-07-31 09:19:31,15550.0,600,Sell,227509115
2024-07-31 09:19:31,15550.0,1300,Sell,227509111
2024-07-31 09:19:31,15550.0,500,Sell,227509118
2024-07-31 09:19:31,15550.0,100,Sell,227509112
2024-07-31 09:19:31,15550.0,2000,Sell,227509113
2024-07-31 09:19:41,15600.0,1000,Buy,227509419
2024-07-31 09:19:51,15600.0,5000,Buy,227509829
2024-07-31 09:19:53,15600.0,1000,Buy,227509906
2024-07-31 09:20:00,15600.0,1000,Buy,227510168
2024-07-31 09:20:00,15600.0,400,Buy,227510169
2024-07-31 09:20:00,15550.0,200,Sell,227510177
2024-07-31 09:20:00,15550.0,100,Sell,227510178
2024-07-31 09:20:00,15550.0,300,Sell,227510179
2024-07-31 09:20:00,15550.0,100,Sell,227510180
2024-07-31 09:20:05,15550.0,400,Sell,227510318
2024-07-31 09:20:05,15550.0,900,Sell,227510319
2024-07-31 09:21:06,15550.0,1000,Sell,227512802
2024-07-31 09:21:06,15550.0,100,Sell,227512803
2024-07-31 09:21:06,15550.0,100,Sell,227512804
2024-07-31 09:21:06,15550.0,500,Sell,227512805
2024-07-31 09:21:06,15550.0,100,Sell,227512806
2024-07-31 09:21:06,15550.0,500,Sell,227512807
2024-07-31 09:21:06,15550.0,100,Sell,227512809
2024-07-31 09:21:06,15550.0,1000,Sell,227512808
2024-07-31 09:21:15,15550.0,100,Sell,227513117
2024-07-31 09:21:33,15550.0,200,Sell,227513722
2024-07-31 09:21:45,15550.0,1000,Sell,227514116
2024-07-31 09:21:48,15550.0,100,Sell,227514203
2024-07-31 09:21:51,15550.0,1500,Sell,227514317
2024-07-31 09:21:51,15550.0,1000,Sell,227514318
2024-07-31 09:21:51,15550.0,300,Sell,227514319
2024-07-31 09:21:51,15550.0,200,Sell,227514320
2024-07-31 09:21:53,15550.0,1000,Sell,227514393
2024-07-31 09:21:54,15550.0,100,Sell,227514423
2024-07-31 09:22:13,15550.0,1000,Sell,227515214
2024-07-31 09:22:27,15550.0,500,Sell,227515526
2024-07-31 09:22:32,15550.0,3000,Sell,227515630
2024-07-31 09:22:40,15550.0,600,Sell,227515804
2024-07-31 09:22:40,15550.0,100,Sell,227515805
2024-07-31 09:22:40,15550.0,1000,Sell,227515806
2024-07-31 09:22:40,15550.0,200,Sell,227515807
2024-07-31 09:22:40,15550.0,100,Sell,227515808
2024-07-31 09:22:43,15550.0,200,Sell,227515853
2024-07-31 09:22:43,15550.0,300,Sell,227515852
2024-07-31 09:22:43,15550.0,1000,Sell,227515851
2024-07-31 09:22:43,15550.0,100,Sell,227515849
2024-07-31 09:22:43,15550.0,900,Sell,227515848
2024-07-31 09:22:43,15550.0,100,Sell,227515846
2024-07-31 09:22:43,15550.0,200,Sell,227515850
2024-07-31 09:22:43,15550.0,300,Sell,227515847
2024-07-31 09:22:49,15550.0,1100,Sell,227515995
2024-07-31 09:23:22,15550.0,500,Sell,227516851
2024-07-31 09:23:24,15550.0,200,Sell,227516915
2024-07-31 09:23:24,15550.0,300,Sell,227516916
2024-07-31 09:23:24,15550.0,200,Sell,227516917
2024-07-31 09:23:24,15550.0,200,Sell,227516918
2024-07-31 09:23:24,15550.0,500,Sell,227516920
2024-07-31 09:23:24,15550.0,200,Sell,227516921
2024-07-31 09:23:24,15550.0,300,Sell,227516922
2024-07-31 09:23:24,15550.0,100,Sell,227516923
2024-07-31 09:23:24,15550.0,100,Sell,227516924
2024-07-31 09:23:24,15550.0,200,Sell,227516925
2024-07-31 09:23:24,15550.0,400,Sell,227516926
2024-07-31 09:23:24,15550.0,2000,Sell,227516919
2024-07-31 09:23:42,15550.0,100,Sell,227517631
2024-07-31 09:23:56,15550.0,500,Sell,227518083
2024-07-31 09:23:56,15550.0,500,Sell,227518084
2024-07-31 09:23:58,15550.0,100,Sell,227518170
2024-07-31 09:24:03,15550.0,100,Sell,227518290
2024-07-31 09:24:04,15600.0,100,Buy,227518355
2024-07-31 09:24:16,15600.0,200,Buy,227518632
2024-07-31 09:24:19,15550.0,400,Sell,227518682
2024-07-31 09:24:19,15550.0,100,Sell,227518683
2024-07-31 09:24:19,15550.0,100,Sell,227518684
2024-07-31 09:24:19,15550.0,100,Sell,227518685
2024-07-31 09:24:33,15550.0,1100,Sell,227519225
2024-07-31 09:24:33,15550.0,100,Sell,227519223
2024-07-31 09:24:33,15550.0,100,Sell,227519224
2024-07-31 09:25:05,15550.0,800,Sell,227520122
2024-07-31 09:25:05,15550.0,300,Sell,227520133
2024-07-31 09:25:13,15550.0,400,Sell,227520361
2024-07-31 09:25:13,15600.0,300,Buy,227520348
2024-07-31 09:25:13,15600.0,500,Buy,227520349
2024-07-31 09:25:13,15600.0,1000,Buy,227520347
2024-07-31 09:25:13,15600.0,100,Buy,227520350
2024-07-31 09:25:13,15600.0,400,Buy,227520345
2024-07-31 09:25:13,15600.0,100,Buy,227520344
2024-07-31 09:25:13,15600.0,600,Buy,227520343
2024-07-31 09:25:13,15600.0,6300,Buy,227520342
2024-07-31 09:25:13,15600.0,400,Buy,227520346
2024-07-31 09:25:14,15550.0,500,Sell,227520381
2024-07-31 09:25:31,15550.0,200,Sell,227520778
2024-07-31 09:25:53,15550.0,500,Sell,227521231
2024-07-31 09:25:59,15550.0,3200,Sell,227521438
2024-07-31 09:25:59,15550.0,100,Sell,227521437
2024-07-31 09:25:59,15550.0,4500,Sell,227521434
2024-07-31 09:25:59,15550.0,9800,Sell,227521435
2024-07-31 09:25:59,15550.0,4700,Sell,227521433
2024-07-31 09:25:59,15550.0,1000,Sell,227521436
2024-07-31 09:26:06,15600.0,100,Buy,227521579
2024-07-31 09:26:16,15550.0,800,Sell,227521898
2024-07-31 09:26:16,15550.0,100,Sell,227521897
2024-07-31 09:26:16,15550.0,6800,Sell,227521893
2024-07-31 09:26:16,15550.0,100,Sell,227521895
2024-07-31 09:26:16,15550.0,1200,Sell,227521894
2024-07-31 09:26:16,15550.0,2800,Sell,227521896
2024-07-31 09:26:24,15600.0,200,Buy,227522067
2024-07-31 09:26:32,15600.0,100,Buy,227522269
2024-07-31 09:26:48,15550.0,10000,Sell,227522886
2024-07-31 09:26:48,15550.0,500,Sell,227522891
2024-07-31 09:26:48,15550.0,100,Sell,227522890
2024-07-31 09:26:48,15550.0,7600,Sell,227522889
2024-07-31 09:26:48,15550.0,500,Sell,227522888
2024-07-31 09:26:48,15550.0,100,Sell,227522887
2024-07-31 09:26:48,15550.0,1000,Sell,227522885
2024-07-31 09:26:48,15550.0,1400,Sell,227522877
2024-07-31 09:26:48,15550.0,100,Sell,227522883
2024-07-31 09:26:48,15550.0,200,Sell,227522882
2024-07-31 09:26:48,15550.0,1000,Sell,227522881
2024-07-31 09:26:48,15550.0,200,Sell,227522880
2024-07-31 09:26:48,15550.0,3000,Sell,227522879
2024-07-31 09:26:48,15550.0,500,Sell,227522878
2024-07-31 09:26:48,15550.0,100,Sell,227522884
2024-07-31 09:26:49,15550.0,3000,Buy,227522922
2024-07-31 09:26:50,15550.0,3000,Buy,227523008
2024-07-31 09:26:52,15550.0,1400,Buy,227523059
2024-07-31 09:27:00,15550.0,6300,Buy,227523265
2024-07-31 09:27:00,15600.0,1900,Buy,227523266
2024-07-31 09:27:00,15600.0,1800,Buy,227523267
2024-07-31 09:27:20,15550.0,100,Sell,227523911
2024-07-31 09:27:20,15500.0,3000,Sell,227523912
2024-07-31 09:27:20,15550.0,200,Sell,227523910
2024-07-31 09:27:20,15550.0,100,Sell,227523909
2024-07-31 09:27:29,15550.0,300,Buy,227524174
2024-07-31 09:27:30,15550.0,300,Buy,227524192
2024-07-31 09:27:30,15550.0,400,Buy,227524181
2024-07-31 09:27:38,15550.0,2000,Buy,227524364
2024-07-31 09:27:39,15550.0,400,Buy,227524421
2024-07-31 09:27:41,15550.0,100,Buy,227524473
2024-07-31 09:27:48,15500.0,100,Sell,227524624
2024-07-31 09:28:16,15550.0,2000,Buy,227525384
2024-07-31 09:28:16,15500.0,1000,Sell,227525385
2024-07-31 09:28:17,15550.0,1400,Buy,227525403
2024-07-31 09:28:30,15550.0,1000,Buy,227526064
2024-07-31 09:28:43,15550.0,800,Buy,227526468
2024-07-31 09:28:46,15500.0,500,Sell,227526519
2024-07-31 09:28:47,15550.0,1000,Buy,227526673
2024-07-31 09:28:53,15550.0,300,Buy,227526810
2024-07-31 09:28:53,15550.0,500,Buy,227526811
2024-07-31 09:28:53,15550.0,5200,Buy,227526812
2024-07-31 09:28:57,15550.0,1100,Buy,227526972
2024-07-31 09:29:17,15550.0,300,Buy,227527695
2024-07-31 09:29:20,15500.0,100,Sell,227528119
2024-07-31 09:29:46,15550.0,100,Buy,227529109
2024-07-31 09:29:57,15500.0,100,Sell,227529525
2024-07-31 09:29:57,15500.0,200,Sell,227529526
2024-07-31 09:29:57,15500.0,100,Sell,227529527
2024-07-31 09:29:57,15500.0,100,Sell,227529528
2024-07-31 09:29:57,15500.0,100,Sell,227529529
2024-07-31 09:29:57,15500.0,100,Sell,227529530
2024-07-31 09:29:57,15500.0,14300,Sell,227529524
2024-07-31 09:30:27,15550.0,1900,Buy,227530911
2024-07-31 09:30:29,15550.0,2500,Buy,227530946
2024-07-31 09:30:30,15550.0,100,Buy,227530970
2024-07-31 09:30:35,15500.0,100,Sell,227531115
2024-07-31 09:30:38,15550.0,100,Buy,227531216
2024-07-31 09:30:39,15500.0,500,Sell,227531250
2024-07-31 09:30:50,15550.0,6700,Buy,227531563
2024-07-31 09:30:50,15550.0,4200,Buy,227531564
2024-07-31 09:30:53,15550.0,500,Buy,227531643
2024-07-31 09:30:54,15550.0,20000,Buy,227531688
2024-07-31 09:30:54,15550.0,1300,Buy,227531687
2024-07-31 09:30:54,15550.0,4000,Buy,227531689
2024-07-31 09:30:54,15550.0,100,Buy,227531685
2024-07-31 09:30:54,15550.0,17400,Buy,227531686
2024-07-31 09:30:54,15550.0,5300,Buy,227531684
2024-07-31 09:30:59,15500.0,300,Sell,227531818
2024-07-31 09:31:34,15600.0,200,Buy,227532825
2024-07-31 09:31:34,15600.0,200,Buy,227532826
2024-07-31 09:31:49,15600.0,2000,Buy,227533209
2024-07-31 09:32:01,15550.0,100,Sell,227533556
2024-07-31 09:32:32,15600.0,500,Buy,227534633
2024-07-31 09:32:52,15600.0,100,Buy,227535408
2024-07-31 09:32:56,15600.0,100,Buy,227535545
2024-07-31 09:33:03,15600.0,500,Buy,227535804
2024-07-31 09:33:11,15550.0,200,Sell,227536060
2024-07-31 09:33:11,15550.0,200,Sell,227536061
2024-07-31 09:33:11,15550.0,100,Sell,227536062
2024-07-31 09:33:15,15600.0,1000,Buy,227536184
2024-07-31 09:33:33,15600.0,100,Buy,227536660
2024-07-31 09:33:34,15550.0,100,Sell,227536692
2024-07-31 09:33:48,15600.0,500,Buy,227537039
2024-07-31 09:33:51,15600.0,1500,Buy,227537145
2024-07-31 09:33:54,15600.0,100,Buy,227537236
2024-07-31 09:34:02,15600.0,200,Buy,227537460
2024-07-31 09:34:03,15600.0,1000,Buy,227537525
2024-07-31 09:34:13,15600.0,100,Buy,227538007
2024-07-31 09:34:14,15600.0,200,Buy,227538028
2024-07-31 09:34:20,15600.0,1000,Buy,227538225
2024-07-31 09:34:25,15600.0,200,Buy,227538379
2024-07-31 09:34:30,15600.0,1100,Buy,227538585
2024-07-31 09:34:30,15600.0,200,Buy,227538586
2024-07-31 09:34:30,15600.0,100,Buy,227538587
2024-07-31 09:34:30,15600.0,700,Buy,227538584
2024-07-31 09:34:34,15600.0,600,Buy,227538737
2024-07-31 09:34:39,15600.0,100,Buy,227538866
2024-07-31 09:34:46,15600.0,800,Buy,227539065
2024-07-31 09:34:46,15600.0,300,Buy,227539064
2024-07-31 09:34:46,15600.0,100,Buy,227539063
2024-07-31 09:34:46,15600.0,100,Buy,227539062
2024-07-31 09:34:46,15600.0,100,Buy,227539061
2024-07-31 09:34:46,15600.0,1800,Buy,227539058
2024-07-31 09:34:46,15600.0,1900,Buy,227539057
2024-07-31 09:34:46,15600.0,500,Buy,227539060
2024-07-31 09:34:46,15600.0,1200,Buy,227539059
2024-07-31 09:34:47,15600.0,400,Buy,227539091
2024-07-31 09:34:56,15600.0,1000,Buy,227539342
2024-07-31 09:34:57,15600.0,2000,Buy,227539388
2024-07-31 09:34:59,15600.0,1000,Buy,227539405
2024-07-31 09:35:04,15600.0,6000,Buy,227539538
2024-07-31 09:35:06,15600.0,20000,Buy,227539586
2024-07-31 09:35:06,15600.0,100,Buy,227539595
2024-07-31 09:35:06,15600.0,100,Buy,227539594
2024-07-31 09:35:06,15600.0,600,Buy,227539593
2024-07-31 09:35:06,15600.0,8800,Buy,227539585
2024-07-31 09:35:06,15600.0,1000,Buy,227539591
2024-07-31 09:35:06,15600.0,1300,Buy,227539590
2024-07-31 09:35:06,15600.0,1000,Buy,227539589
2024-07-31 09:35:06,15600.0,5000,Buy,227539592
2024-07-31 09:35:37,15600.0,500,Sell,227540722
2024-07-31 09:35:37,15600.0,500,Sell,227540723
2024-07-31 09:35:37,15600.0,500,Sell,227540724
2024-07-31 09:36:21,15600.0,500,Sell,227542004
2024-07-31 09:36:21,15600.0,1000,Sell,227542005
2024-07-31 09:36:35,15650.0,500,Buy,227542418
2024-07-31 09:36:39,15650.0,800,Buy,227542510
2024-07-31 09:36:43,15650.0,100,Buy,227542640
2024-07-31 09:36:59,15650.0,300,Buy,227543072
2024-07-31 09:37:02,15650.0,2500,Buy,227543171
2024-07-31 09:37:06,15650.0,100,Buy,227543268
2024-07-31 09:37:15,15650.0,1900,Buy,227543525
2024-07-31 09:37:15,15650.0,100,Buy,227543520
2024-07-31 09:37:15,15650.0,100,Buy,227543524
2024-07-31 09:37:27,15650.0,300,Buy,227543830
2024-07-31 09:37:28,15650.0,600,Buy,227543871
2024-07-31 09:37:30,15650.0,200,Buy,227543926
2024-07-31 09:37:40,15650.0,1000,Buy,227544311
2024-07-31 09:37:42,15600.0,100,Sell,227544362
2024-07-31 09:37:56,15650.0,1000,Buy,227544690
2024-07-31 09:38:10,15650.0,1000,Buy,227545125
2024-07-31 09:38:34,15650.0,500,Buy,227545980
2024-07-31 09:38:35,15650.0,100,Buy,227546028
2024-07-31 09:38:41,15650.0,200,Buy,227546196
2024-07-31 09:38:44,15650.0,15000,Buy,227546274
2024-07-31 09:38:54,15650.0,300,Buy,227546577
2024-07-31 09:39:01,15650.0,500,Buy,227546783
2024-07-31 09:39:06,15650.0,100,Buy,227547069
2024-07-31 09:39:09,15650.0,500,Buy,227547191
2024-07-31 09:39:12,15650.0,500,Buy,227547240
2024-07-31 09:39:14,15650.0,500,Buy,227547308
2024-07-31 09:39:16,15650.0,1000,Buy,227547361
2024-07-31 09:39:19,15650.0,20000,Buy,227547445
2024-07-31 09:39:20,15650.0,30800,Buy,227547469
2024-07-31 09:39:22,15650.0,300,Buy,227547519
2024-07-31 09:39:23,15650.0,10800,Buy,227547551
2024-07-31 09:39:23,15650.0,100,Buy,227547558
2024-07-31 09:39:24,15650.0,12800,Buy,227547583
2024-07-31 09:39:24,15650.0,1000,Buy,227547613
2024-07-31 09:39:24,15650.0,100,Buy,227547612
2024-07-31 09:39:24,15650.0,500,Buy,227547611
2024-07-31 09:39:24,15650.0,2000,Buy,227547610
2024-07-31 09:39:24,15650.0,5000,Buy,227547609
2024-07-31 09:39:24,15650.0,5000,Buy,227547602
2024-07-31 09:39:24,15650.0,1000,Buy,227547601
2024-07-31 09:39:24,15650.0,500,Buy,227547600
2024-07-31 09:39:24,15650.0,100,Buy,227547599
2024-07-31 09:39:24,15650.0,1000,Buy,227547598
2024-07-31 09:39:24,15650.0,100,Buy,227547597
2024-07-31 09:39:24,15650.0,1300,Buy,227547608
2024-07-31 09:39:24,15650.0,100,Buy,227547595
2024-07-31 09:39:24,15650.0,100,Buy,227547594
2024-07-31 09:39:24,15650.0,400,Buy,227547593
2024-07-31 09:39:24,15650.0,100,Buy,227547592
2024-07-31 09:39:24,15650.0,300,Buy,227547591
2024-07-31 09:39:24,15650.0,300,Buy,227547590
2024-07-31 09:39:24,15650.0,1000,Buy,227547589
2024-07-31 09:39:24,15650.0,200,Buy,227547588
2024-07-31 09:39:24,15650.0,500,Buy,227547587
2024-07-31 09:39:24,15650.0,400,Buy,227547586
2024-07-31 09:39:24,15650.0,100,Buy,227547585
2024-07-31 09:39:24,15650.0,600,Buy,227547584
2024-07-31 09:39:24,15650.0,100,Buy,227547596
2024-07-31 09:39:44,15700.0,300,Buy,227548307
2024-07-31 09:39:44,15700.0,100,Buy,227548306
2024-07-31 09:39:44,15700.0,100,Buy,227548303
2024-07-31 09:39:44,15700.0,100,Buy,227548304
2024-07-31 09:39:44,15700.0,400,Buy,227548302
2024-07-31 09:39:44,15700.0,200,Buy,227548305
2024-07-31 09:39:48,15700.0,200,Buy,227548471
2024-07-31 09:39:48,15700.0,100,Buy,227548472
2024-07-31 09:39:48,15700.0,1000,Buy,227548473
2024-07-31 09:39:58,15700.0,100,Buy,227548794
2024-07-31 09:40:07,15700.0,200,Buy,227549215
2024-07-31 09:40:12,15700.0,100,Buy,227549370
2024-07-31 09:40:15,15700.0,2500,Buy,227549486
2024-07-31 09:40:21,15700.0,500,Buy,227549620
2024-07-31 09:40:30,15700.0,10000,Buy,227549912
2024-07-31 09:40:37,15700.0,100,Buy,227550046
2024-07-31 09:40:42,15700.0,200,Buy,227550271
2024-07-31 09:40:43,15700.0,500,Buy,227550300
2024-07-31 09:40:54,15700.0,200,Buy,227550674
2024-07-31 09:40:54,15700.0,700,Buy,227550655
2024-07-31 09:40:55,15700.0,500,Buy,227550709
2024-07-31 09:40:59,15700.0,1000,Buy,227550869
2024-07-31 09:41:05,15700.0,10000,Buy,227551117
2024-07-31 09:41:10,15700.0,1000,Buy,227551313
2024-07-31 09:41:16,15700.0,3000,Buy,227551558
2024-07-31 09:41:28,15700.0,1300,Buy,227551944
2024-07-31 09:41:38,15700.0,10000,Buy,227552279
2024-07-31 09:41:42,15700.0,200,Buy,227552374
2024-07-31 09:41:44,15700.0,200,Buy,227552466
2024-07-31 09:41:48,15700.0,6800,Buy,227552587
2024-07-31 09:41:50,15700.0,2500,Buy,227552672
2024-07-31 09:41:52,15700.0,1000,Buy,227552702
2024-07-31 09:41:59,15700.0,300,Buy,227552948
2024-07-31 09:42:07,15700.0,1200,Buy,227553229
2024-07-31 09:42:10,15700.0,1000,Buy,227553340
2024-07-31 09:42:18,15700.0,2000,Buy,227553536
2024-07-31 09:42:19,15650.0,24000,Sell,227553564
2024-07-31 09:42:26,15650.0,1300,Sell,227553788
2024-07-31 09:42:54,15650.0,1000,Sell,227554619
2024-07-31 09:42:56,15650.0,1000,Sell,227554765
2024-07-31 09:43:22,15650.0,20000,Sell,227555526
2024-07-31 09:43:24,15650.0,1000,Sell,227555594
2024-07-31 09:43:26,15650.0,10000,Sell,227555648
2024-07-31 09:43:36,15650.0,1300,Sell,227556002
2024-07-31 09:43:36,15650.0,100,Sell,227556001
2024-07-31 09:43:36,15650.0,200,Sell,227555999
2024-07-31 09:43:36,15650.0,3000,Sell,227556000
2024-07-31 09:43:36,15650.0,7100,Sell,227555998
2024-07-31 09:43:37,15650.0,200,Sell,227556024
2024-07-31 09:43:49,15650.0,1500,Sell,227556404
2024-07-31 09:43:49,15650.0,500,Sell,227556405
2024-07-31 09:43:49,15650.0,600,Sell,227556406
2024-07-31 09:43:49,15650.0,1900,Sell,227556407
2024-07-31 09:43:51,15650.0,300,Sell,227556430
2024-07-31 09:43:57,15650.0,200,Sell,227556582
2024-07-31 09:44:02,15650.0,500,Sell,227556709
2024-07-31 09:44:08,15650.0,100,Sell,227556890
2024-07-31 09:44:08,15650.0,500,Sell,227556891
2024-07-31 09:44:08,15650.0,300,Sell,227556892
2024-07-31 09:44:08,15650.0,300,Sell,227556893
2024-07-31 09:44:08,15650.0,500,Sell,227556894
2024-07-31 09:44:08,15650.0,1000,Sell,227556899
2024-07-31 09:44:08,15650.0,100,Sell,227556896
2024-07-31 09:44:08,15650.0,600,Sell,227556897
2024-07-31 09:44:08,15650.0,100,Sell,227556898
2024-07-31 09:44:08,15650.0,1000,Sell,227556900
2024-07-31 09:44:08,15650.0,1000,Sell,227556895
2024-07-31 09:44:08,15650.0,100,Sell,227556889
2024-07-31 09:44:08,15650.0,500,Sell,227556881
2024-07-31 09:44:08,15650.0,3000,Sell,227556887
2024-07-31 09:44:08,15650.0,10000,Sell,227556888
2024-07-31 09:44:08,15650.0,2100,Sell,227556875
2024-07-31 09:44:08,15650.0,3000,Sell,227556876
2024-07-31 09:44:08,15650.0,100,Sell,227556877
2024-07-31 09:44:08,15650.0,200,Sell,227556878
2024-07-31 09:44:08,15650.0,200,Sell,227556879
2024-07-31 09:44:08,15650.0,400,Sell,227556880
2024-07-31 09:44:08,15650.0,200,Sell,227556882
2024-07-31 09:44:08,15650.0,1000,Sell,227556883
2024-07-31 09:44:08,15650.0,100,Sell,227556884
2024-07-31 09:44:08,15650.0,300,Sell,227556885
2024-07-31 09:44:08,15650.0,5000,Sell,227556886
2024-07-31 09:44:12,15650.0,200,Buy,227557011
2024-07-31 09:44:15,15650.0,4500,Buy,227557091
2024-07-31 09:44:23,15650.0,200,Buy,227557370
2024-07-31 09:44:29,15650.0,1000,Buy,227557582
2024-07-31 09:44:36,15650.0,10000,Buy,227557785
2024-07-31 09:44:40,15650.0,1700,Buy,227557934
2024-07-31 09:44:41,15650.0,2000,Buy,227557968
2024-07-31 09:44:41,15650.0,2000,Buy,227557969
2024-07-31 09:44:41,15650.0,700,Buy,227557967
2024-07-31 09:44:50,15650.0,500,Sell,227558203
2024-07-31 09:44:56,15650.0,100,Sell,227558352
2024-07-31 09:44:59,15650.0,4700,Sell,227558465
2024-07-31 09:44:59,15650.0,300,Sell,227558466
2024-07-31 09:45:17,15650.0,700,Sell,227558822
2024-07-31 09:45:17,15650.0,100,Sell,227558823
2024-07-31 09:45:17,15650.0,500,Sell,227558824
2024-07-31 09:45:17,15650.0,400,Sell,227558825
2024-07-31 09:45:17,15650.0,100,Sell,227558826
2024-07-31 09:45:17,15650.0,2000,Sell,227558827
2024-07-31 09:45:17,15650.0,1000,Sell,227558828
2024-07-31 09:45:17,15650.0,200,Sell,227558829
2024-07-31 09:45:32,15650.0,300,Sell,227559179
2024-07-31 09:45:34,15650.0,700,Buy,227559226
2024-07-31 09:45:37,15650.0,1800,Buy,227559304
2024-07-31 09:45:37,15650.0,200,Sell,227559290
2024-07-31 09:46:26,15650.0,100,Sell,227560461
2024-07-31 09:46:29,15650.0,400,Sell,227560508
2024-07-31 09:46:46,15650.0,3000,Sell,227560839
2024-07-31 09:46:48,15650.0,1000,Sell,227560884
2024-07-31 09:46:52,15650.0,200,Sell,227560966
2024-07-31 09:46:54,15650.0,1300,Sell,227561001
2024-07-31 09:46:54,15700.0,300,Buy,227561010
2024-07-31 09:46:58,15650.0,500,Sell,227561091
2024-07-31 09:47:05,15650.0,200,Sell,227561206
2024-07-31 09:47:12,15650.0,2000,Sell,227561448
2024-07-31 09:47:18,15650.0,100,Sell,227561589
2024-07-31 09:47:23,15650.0,100,Sell,227561748
2024-07-31 09:47:33,15650.0,100,Sell,227561913
2024-07-31 09:47:38,15650.0,1000,Sell,227562026
2024-07-31 09:47:38,15650.0,500,Sell,227562027
2024-07-31 09:47:38,15650.0,12700,Sell,227562028
2024-07-31 09:47:38,15650.0,2700,Sell,227562029
2024-07-31 09:47:38,15650.0,700,Sell,227562030
2024-07-31 09:47:38,15650.0,400,Sell,227562031
2024-07-31 09:47:40,15650.0,300,Sell,227562055
2024-07-31 09:47:52,15650.0,100,Sell,227562334
2024-07-31 09:47:52,15650.0,200,Sell,227562335
2024-07-31 09:47:52,15650.0,200,Sell,227562336
2024-07-31 09:47:52,15650.0,500,Sell,227562337
2024-07-31 09:47:52,15650.0,300,Sell,227562333
2024-07-31 09:48:18,15650.0,200,Buy,227562869
2024-07-31 09:48:20,15650.0,200,Buy,227562896
2024-07-31 09:48:31,15650.0,2000,Buy,227563110
2024-07-31 09:48:32,15650.0,1000,Buy,227563156
2024-07-31 09:48:45,15650.0,300,Buy,227563322
2024-07-31 09:48:48,15650.0,200,Buy,227563388
2024-07-31 09:49:11,15650.0,500,Buy,227563802
2024-07-31 09:49:38,15650.0,100,Buy,227564396
2024-07-31 09:49:46,15650.0,500,Buy,227564569
2024-07-31 09:49:46,15650.0,3300,Buy,227564568
2024-07-31 09:49:46,15650.0,10000,Buy,227564567
2024-07-31 09:49:46,15650.0,5000,Buy,227564566
2024-07-31 09:49:46,15650.0,500,Buy,227564563
2024-07-31 09:49:46,15650.0,500,Buy,227564565
2024-07-31 09:49:46,15650.0,100,Buy,227564561
2024-07-31 09:49:46,15650.0,3000,Buy,227564562
2024-07-31 09:49:46,15650.0,1700,Buy,227564556
2024-07-31 09:49:46,15650.0,2400,Buy,227564557
2024-07-31 09:49:46,15650.0,200,Buy,227564564
2024-07-31 09:49:46,15650.0,200,Buy,227564559
2024-07-31 09:49:46,15650.0,5000,Buy,227564558
2024-07-31 09:49:46,15650.0,1600,Buy,227564560
2024-07-31 09:50:03,15650.0,200,Buy,227564975
2024-07-31 09:50:03,15650.0,1200,Buy,227564976
2024-07-31 09:50:10,15650.0,800,Buy,227565114
2024-07-31 09:50:10,15650.0,1000,Buy,227565115
2024-07-31 09:50:10,15650.0,200,Buy,227565116
2024-07-31 09:50:11,15650.0,2500,Buy,227565118
2024-07-31 09:50:15,15650.0,2500,Buy,227565300
2024-07-31 09:50:22,15650.0,1300,Buy,227565440
2024-07-31 09:50:22,15650.0,100,Buy,227565441
2024-07-31 09:50:22,15650.0,100,Buy,227565442
2024-07-31 09:50:22,15650.0,500,Buy,227565443
2024-07-31 09:50:25,15650.0,300,Buy,227565545
2024-07-31 09:50:26,15650.0,1200,Buy,227565584
2024-07-31 09:50:49,15650.0,500,Sell,227566005
2024-07-31 09:50:56,15650.0,200,Sell,227566139
2024-07-31 09:51:01,15650.0,100,Sell,227566231
2024-07-31 09:51:02,15650.0,300,Sell,227566287
2024-07-31 09:51:04,15650.0,100,Sell,227566324
2024-07-31 09:51:06,15650.0,200,Sell,227566367
2024-07-31 09:51:22,15650.0,400,Sell,227566760
2024-07-31 09:51:22,15650.0,100,Sell,227566761
2024-07-31 09:51:22,15650.0,200,Sell,227566762
2024-07-31 09:51:22,15650.0,100,Sell,227566763
2024-07-31 09:51:22,15650.0,500,Sell,227566764
2024-07-31 09:52:23,15650.0,600,Sell,227567953
2024-07-31 09:52:29,15650.0,600,Sell,227568070
2024-07-31 09:52:50,15650.0,400,Sell,227568585
2024-07-31 09:52:50,15650.0,300,Sell,227568584
2024-07-31 09:52:50,15650.0,500,Sell,227568582
2024-07-31 09:52:50,15650.0,300,Sell,227568581
2024-07-31 09:52:50,15650.0,200,Sell,227568583
2024-07-31 09:52:55,15650.0,100,Buy,227568704
2024-07-31 09:53:00,15600.0,100,Sell,227568871
2024-07-31 09:53:00,15600.0,100,Sell,227568884
2024-07-31 09:53:00,15600.0,700,Sell,227568885
2024-07-31 09:53:01,15600.0,300,Sell,227568890
2024-07-31 09:53:01,15600.0,300,Sell,227568891
2024-07-31 09:53:11,15650.0,600,Buy,227569124
2024-07-31 09:53:29,15600.0,1500,Sell,227569475
2024-07-31 09:53:51,15650.0,100,Buy,227569854
2024-07-31 09:53:53,15650.0,500,Buy,227569896
2024-07-31 09:54:03,15650.0,2000,Buy,227570038
2024-07-31 09:54:12,15650.0,100,Buy,227570179
2024-07-31 09:54:19,15650.0,1000,Buy,227570405
2024-07-31 09:54:19,15650.0,500,Buy,227570404
2024-07-31 09:54:19,15650.0,4400,Buy,227570401
2024-07-31 09:54:19,15650.0,1000,Buy,227570402
2024-07-31 09:54:19,15650.0,100,Buy,227570403
2024-07-31 09:54:36,15650.0,2000,Sell,227570676
2024-07-31 09:54:38,15650.0,1000,Buy,227570714
2024-07-31 09:55:07,15650.0,500,Sell,227571451
2024-07-31 09:55:34,15650.0,500,Sell,227572043
2024-07-31 09:55:37,15650.0,100,Buy,227572094
2024-07-31 09:55:47,15600.0,200,Sell,227572294
2024-07-31 09:55:48,15650.0,400,Buy,227572313
2024-07-31 09:55:50,15650.0,100,Sell,227572377
2024-07-31 09:55:59,15650.0,100,Buy,227572595
2024-07-31 09:55:59,15650.0,100,Buy,227572596
2024-07-31 09:56:22,15650.0,1000,Buy,227573193
2024-07-31 09:56:26,15650.0,300,Sell,227573242
2024-07-31 09:56:34,15650.0,100,Buy,227573475
2024-07-31 09:56:35,15650.0,1000,Buy,227573583
2024-07-31 09:56:39,15600.0,100,Sell,227573704
2024-07-31 09:56:44,15650.0,200,Buy,227573809
2024-07-31 09:56:46,15650.0,1200,Buy,227573828
2024-07-31 09:57:17,15650.0,1000,Buy,227574672
2024-07-31 09:57:47,15650.0,1000,Buy,227575276
2024-07-31 09:57:52,15650.0,100,Buy,227575361
2024-07-31 09:58:13,15600.0,100,Sell,227575707
2024-07-31 09:58:13,15600.0,100,Sell,227575708
2024-07-31 09:58:14,15600.0,100,Sell,227575741
2024-07-31 09:58:14,15600.0,200,Sell,227575740
2024-07-31 09:58:14,15600.0,1000,Sell,227575739
2024-07-31 09:58:14,15600.0,200,Sell,227575738
2024-07-31 09:58:14,15600.0,100,Sell,227575735
2024-07-31 09:58:14,15600.0,600,Sell,227575736
2024-07-31 09:58:14,15600.0,1200,Sell,227575742
2024-07-31 09:58:14,15600.0,500,Sell,227575733
2024-07-31 09:58:14,15600.0,1000,Sell,227575737
2024-07-31 09:58:14,15600.0,100,Sell,227575734
2024-07-31 09:58:42,15600.0,200,Sell,227576461
2024-07-31 09:58:42,15600.0,1000,Sell,227576460
2024-07-31 09:58:42,15600.0,800,Sell,227576459
2024-07-31 09:59:02,15650.0,1000,Buy,227576874
2024-07-31 09:59:19,15650.0,200,Buy,227577376
2024-07-31 10:00:25,15600.0,900,Sell,227578916
2024-07-31 10:00:32,15650.0,100,Buy,227579097
2024-07-31 10:00:38,15600.0,200,Sell,227579269
2024-07-31 10:00:50,15650.0,500,Buy,227579845
2024-07-31 10:01:25,15600.0,100,Sell,227580525
2024-07-31 10:01:36,15650.0,6000,Buy,227580758
2024-07-31 10:02:44,15650.0,200,Buy,227582036
2024-07-31 10:02:51,15650.0,3500,Buy,227582148
2024-07-31 10:03:07,15600.0,200,Sell,227582511
2024-07-31 10:03:15,15650.0,100,Buy,227582713
2024-07-31 10:03:25,15650.0,200,Buy,227582934
2024-07-31 10:03:32,15650.0,100,Buy,227583214
2024-07-31 10:04:08,15650.0,2000,Buy,227583980
2024-07-31 10:04:46,15650.0,1000,Buy,227584861
2024-07-31 10:04:55,15650.0,400,Buy,227585064
2024-07-31 10:05:06,15600.0,300,Sell,227585306
2024-07-31 10:05:12,15650.0,2500,Buy,227585460
2024-07-31 10:05:16,15600.0,200,Sell,227585550
2024-07-31 10:05:16,15600.0,100,Sell,227585549
2024-07-31 10:05:25,15650.0,100,Buy,227585723
2024-07-31 10:05:26,15600.0,200,Sell,227585805
2024-07-31 10:05:34,15600.0,600,Sell,227586055
2024-07-31 10:05:34,15600.0,300,Sell,227586056
2024-07-31 10:05:34,15600.0,300,Sell,227586057
2024-07-31 10:05:34,15600.0,100,Sell,227586058
2024-07-31 10:05:34,15600.0,100,Sell,227586059
2024-07-31 10:05:34,15600.0,3600,Sell,227586060
2024-07-31 10:06:09,15600.0,200,Sell,227587311
2024-07-31 10:06:12,15650.0,300,Buy,227587384
2024-07-31 10:06:25,15600.0,100,Sell,227587784
2024-07-31 10:06:30,15650.0,1000,Buy,227587985
2024-07-31 10:06:51,15600.0,500,Sell,227588441
2024-07-31 10:07:06,15650.0,100,Buy,227588788
2024-07-31 10:07:27,15600.0,100,Sell,227589252
2024-07-31 10:07:31,15650.0,600,Buy,227589320
2024-07-31 10:07:57,15650.0,100,Buy,227589970
2024-07-31 10:08:28,15650.0,100,Buy,227590634
2024-07-31 10:08:44,15600.0,500,Sell,227590965
2024-07-31 10:08:44,15600.0,1000,Sell,227590966
2024-07-31 10:09:10,15650.0,100,Buy,227591525
2024-07-31 10:09:50,15650.0,100,Buy,227592564
2024-07-31 10:09:57,15650.0,1000,Buy,227592701
2024-07-31 10:10:08,15650.0,300,Buy,227592863
2024-07-31 10:10:17,15650.0,900,Buy,227593061
2024-07-31 10:10:54,15650.0,200,Buy,227593846
2024-07-31 10:11:03,15650.0,1000,Buy,227594038
2024-07-31 10:11:09,15650.0,1000,Buy,227594169
2024-07-31 10:11:23,15600.0,500,Sell,227594459
2024-07-31 10:11:23,15600.0,100,Sell,227594460
2024-07-31 10:11:23,15600.0,100,Sell,227594461
2024-07-31 10:11:23,15600.0,200,Sell,227594462
2024-07-31 10:11:23,15600.0,100,Sell,227594463
2024-07-31 10:11:40,15600.0,100,Sell,227594843
2024-07-31 10:12:33,15600.0,200,Sell,227596008
2024-07-31 10:12:44,15600.0,1900,Sell,227596242
2024-07-31 10:12:44,15600.0,3100,Sell,227596241
2024-07-31 10:12:45,15600.0,100,Sell,227596270
2024-07-31 10:12:45,15600.0,1100,Sell,227596271
2024-07-31 10:12:45,15600.0,100,Sell,227596272
2024-07-31 10:12:45,15600.0,1000,Sell,227596273
2024-07-31 10:12:45,15600.0,2000,Sell,227596274
2024-07-31 10:12:45,15600.0,700,Sell,227596275
2024-07-31 10:12:52,15650.0,3100,Buy,227596384
2024-07-31 10:14:04,15650.0,300,Buy,227597824
2024-07-31 10:14:05,15650.0,500,Buy,227597845
2024-07-31 10:14:10,15650.0,100,Buy,227597925
2024-07-31 10:14:16,15650.0,100,Buy,227598040
2024-07-31 10:14:29,15600.0,300,Sell,227598337
2024-07-31 10:14:29,15600.0,300,Sell,227598338
2024-07-31 10:14:34,15650.0,1400,Buy,227598452
2024-07-31 10:14:55,15650.0,200,Buy,227598878
2024-07-31 10:15:04,15650.0,500,Buy,227599024
2024-07-31 10:15:08,15600.0,100,Sell,227599165
2024-07-31 10:15:32,15650.0,1000,Buy,227599691
2024-07-31 10:15:46,15600.0,1000,Sell,227600079
2024-07-31 10:15:46,15600.0,2000,Sell,227600078
2024-07-31 10:15:46,15600.0,100,Sell,227600077
2024-07-31 10:15:46,15600.0,300,Sell,227600073
2024-07-31 10:15:46,15600.0,2000,Sell,227600075
2024-07-31 10:15:46,15600.0,100,Sell,227600074
2024-07-31 10:15:46,15600.0,300,Sell,227600076
2024-07-31 10:15:46,15600.0,600,Sell,227600072
2024-07-31 10:16:04,15600.0,1000,Sell,227600335
2024-07-31 10:17:29,15650.0,100,Buy,227602437
2024-07-31 10:17:54,15600.0,1500,Sell,227602861
2024-07-31 10:17:59,15650.0,100,Buy,227602958
2024-07-31 10:18:46,15600.0,500,Sell,227603912
2024-07-31 10:19:34,15650.0,3000,Buy,227604896
2024-07-31 10:19:34,15650.0,300,Buy,227604897
2024-07-31 10:19:34,15650.0,1000,Buy,227604898
2024-07-31 10:19:34,15650.0,1000,Buy,227604899
2024-07-31 10:19:34,15650.0,17000,Buy,227604900
2024-07-31 10:19:34,15650.0,200,Buy,227604901
2024-07-31 10:19:34,15650.0,6700,Buy,227604902
2024-07-31 10:20:04,15650.0,100,Buy,227605411
2024-07-31 10:20:14,15650.0,2000,Buy,227605609
2024-07-31 10:20:19,15650.0,100,Buy,227605701
2024-07-31 10:20:22,15650.0,300,Buy,227605774
2024-07-31 10:20:30,15650.0,27200,Buy,227605938
2024-07-31 10:20:30,15650.0,5000,Buy,227605937
2024-07-31 10:20:30,15650.0,500,Buy,227605935
2024-07-31 10:20:30,15650.0,100,Buy,227605934
2024-07-31 10:20:30,15650.0,500,Buy,227605936
2024-07-31 10:20:30,15650.0,200,Buy,227605932
2024-07-31 10:20:30,15650.0,300,Buy,227605931
2024-07-31 10:20:30,15650.0,100,Buy,227605930
2024-07-31 10:20:30,15650.0,100,Buy,227605929
2024-07-31 10:20:30,15650.0,1000,Buy,227605928
2024-07-31 10:20:30,15650.0,5000,Buy,227605933
2024-07-31 10:20:31,15650.0,2000,Buy,227605968
2024-07-31 10:20:31,15650.0,100,Buy,227605969
2024-07-31 10:20:31,15650.0,100,Buy,227605970
2024-07-31 10:20:31,15650.0,1000,Buy,227605971
2024-07-31 10:20:31,15650.0,1000,Buy,227605972
2024-07-31 10:20:31,15650.0,2300,Buy,227605973
2024-07-31 10:20:31,15650.0,1500,Buy,227605974
2024-07-31 10:20:31,15650.0,4700,Buy,227605977
2024-07-31 10:20:31,15650.0,1300,Buy,227605976
2024-07-31 10:20:31,15650.0,1000,Buy,227605978
2024-07-31 10:20:31,15650.0,300,Buy,227605979
2024-07-31 10:20:31,15650.0,1300,Buy,227605967
2024-07-31 10:20:31,15650.0,800,Buy,227605982
2024-07-31 10:20:31,15650.0,1300,Buy,227605988
2024-07-31 10:20:31,15650.0,10000,Buy,227605989
2024-07-31 10:20:31,15650.0,2000,Buy,227605975
2024-07-31 10:20:31,15650.0,1000,Buy,227605966
2024-07-31 10:20:31,15650.0,1000,Buy,227605981
2024-07-31 10:20:31,15650.0,1000,Buy,227605964
2024-07-31 10:20:31,15650.0,2000,Buy,227605965
2024-07-31 10:20:31,15650.0,22800,Buy,227605947
2024-07-31 10:20:31,15650.0,100,Buy,227605948
2024-07-31 10:20:31,15650.0,10000,Buy,227605949
2024-07-31 10:20:31,15650.0,200,Buy,227605950
2024-07-31 10:20:31,15650.0,1300,Buy,227605951
2024-07-31 10:20:31,15650.0,400,Buy,227605952
2024-07-31 10:20:31,15650.0,1000,Buy,227605953
2024-07-31 10:20:31,15650.0,100,Buy,227605954
2024-07-31 10:20:31,15650.0,4700,Buy,227605980
2024-07-31 10:20:31,15650.0,600,Buy,227605956
2024-07-31 10:20:31,15650.0,100,Buy,227605962
2024-07-31 10:20:31,15650.0,100,Buy,227605961
2024-07-31 10:20:31,15650.0,1300,Buy,227605960
2024-07-31 10:20:31,15650.0,500,Buy,227605963
2024-07-31 10:20:31,15650.0,100,Buy,227605955
2024-07-31 10:20:31,15650.0,100,Buy,227605957
2024-07-31 10:20:31,15650.0,300,Buy,227605959
2024-07-31 10:20:31,15650.0,100,Buy,227605958
2024-07-31 10:21:18,15650.0,600,Sell,227606855
2024-07-31 10:21:41,15650.0,9600,Sell,227607340
2024-07-31 10:21:41,15650.0,400,Sell,227607339
2024-07-31 10:22:37,15650.0,100,Sell,227608247
2024-07-31 10:22:39,15650.0,1000,Sell,227608290
2024-07-31 10:22:39,15650.0,500,Sell,227608292
2024-07-31 10:22:39,15650.0,1300,Sell,227608294
2024-07-31 10:22:52,15650.0,1000,Sell,227608556
2024-07-31 10:22:52,15650.0,10700,Sell,227608558
2024-07-31 10:22:52,15650.0,17500,Sell,227608554
2024-07-31 10:22:52,15650.0,20000,Sell,227608555
2024-07-31 10:22:52,15650.0,800,Sell,227608557
2024-07-31 10:22:55,15650.0,29300,Sell,227608622
2024-07-31 10:22:55,15650.0,500,Sell,227608623
2024-07-31 10:22:55,15650.0,5900,Sell,227608624
2024-07-31 10:22:55,15650.0,500,Sell,227608625
2024-07-31 10:22:55,15650.0,200,Sell,227608626
2024-07-31 10:22:55,15650.0,200,Sell,227608627
2024-07-31 10:22:55,15650.0,200,Sell,227608628
2024-07-31 10:23:12,15650.0,100,Buy,227608919
2024-07-31 10:23:35,15650.0,2800,Buy,227609297
2024-07-31 10:23:47,15650.0,200,Buy,227609485
2024-07-31 10:23:54,15650.0,2000,Buy,227609841
2024-07-31 10:23:54,15650.0,1600,Buy,227609840
2024-07-31 10:23:54,15650.0,2200,Buy,227609839
2024-07-31 10:23:54,15650.0,60100,Buy,227609834
2024-07-31 10:23:54,15650.0,2000,Buy,227609837
2024-07-31 10:23:54,15650.0,1000,Buy,227609836
2024-07-31 10:23:54,15650.0,200,Buy,227609835
2024-07-31 10:23:54,15650.0,10000,Buy,227609838
2024-07-31 10:24:03,15650.0,10000,Sell,227609972
2024-07-31 10:24:19,15650.0,3000,Sell,227610320
2024-07-31 10:24:21,15650.0,1000,Sell,227610348
2024-07-31 10:24:24,15700.0,300,Buy,227610392
2024-07-31 10:24:30,15650.0,1000,Sell,227610497
2024-07-31 10:24:42,15650.0,400,Sell,227610795
2024-07-31 10:24:42,15650.0,500,Sell,227610796
2024-07-31 10:24:42,15650.0,1000,Sell,227610797
2024-07-31 10:24:42,15650.0,700,Sell,227610798
2024-07-31 10:24:42,15650.0,1300,Sell,227610799
2024-07-31 10:24:42,15650.0,200,Sell,227610800
2024-07-31 10:24:42,15650.0,5900,Sell,227610794
2024-07-31 10:24:56,15650.0,20000,Buy,227611263
2024-07-31 10:24:58,15650.0,1000,Sell,227611333
2024-07-31 10:25:25,15650.0,500,Sell,227611920
2024-07-31 10:25:28,15650.0,300,Sell,227611970
2024-07-31 10:25:44,15650.0,1000,Sell,227612250
2024-07-31 10:26:03,15650.0,1800,Sell,227612559
2024-07-31 10:26:10,15650.0,500,Sell,227612707
2024-07-31 10:26:15,15650.0,1000,Sell,227612798
2024-07-31 10:26:20,15650.0,1000,Sell,227612873
2024-07-31 10:26:46,15650.0,500,Sell,227613284
2024-07-31 10:26:46,15650.0,1000,Sell,227613282
2024-07-31 10:26:46,15650.0,100,Sell,227613283
2024-07-31 10:26:46,15650.0,100,Sell,227613280
2024-07-31 10:26:46,15650.0,2900,Sell,227613279
2024-07-31 10:26:46,15650.0,200,Sell,227613281
2024-07-31 10:26:50,15650.0,200,Buy,227613326
2024-07-31 10:27:01,15700.0,400,Buy,227613484
2024-07-31 10:27:11,15650.0,3300,Sell,227613664
2024-07-31 10:27:16,15650.0,1500,Buy,227613789
2024-07-31 10:27:31,15650.0,200,Buy,227613999
2024-07-31 10:27:56,15650.0,100,Sell,227614403
2024-07-31 10:28:19,15650.0,200,Sell,227614765
2024-07-31 10:29:00,15650.0,100,Sell,227615476
2024-07-31 10:29:00,15650.0,1000,Sell,227615477
2024-07-31 10:29:00,15650.0,700,Sell,227615474
2024-07-31 10:29:00,15650.0,100,Sell,227615475
2024-07-31 10:29:14,15650.0,100,Buy,227615719
2024-07-31 10:29:15,15650.0,5000,Buy,227615730
2024-07-31 10:29:19,15650.0,1000,Buy,227615790
2024-07-31 10:29:43,15600.0,500,Sell,227616167
2024-07-31 10:30:00,15600.0,200,Sell,227616603
2024-07-31 10:30:01,15650.0,3000,Buy,227616606
2024-07-31 10:30:20,15650.0,400,Buy,227616985
2024-07-31 10:30:20,15650.0,100,Buy,227616986
2024-07-31 10:30:20,15650.0,100,Buy,227616983
2024-07-31 10:30:20,15650.0,4000,Buy,227616982
2024-07-31 10:30:20,15650.0,300,Buy,227616984
2024-07-31 10:30:29,15650.0,100,Sell,227617413
2024-07-31 10:31:06,15650.0,100,Sell,227617995
2024-07-31 10:31:20,15650.0,100,Buy,227618286
2024-07-31 10:31:31,15650.0,500,Buy,227618496
2024-07-31 10:32:25,15650.0,100,Buy,227619406
2024-07-31 10:32:43,15650.0,500,Buy,227619675
2024-07-31 10:32:45,15650.0,200,Buy,227619696
2024-07-31 10:32:52,15650.0,100,Buy,227619813
2024-07-31 10:32:54,15650.0,300,Buy,227619835
2024-07-31 10:32:59,15650.0,1700,Buy,227619924
2024-07-31 10:32:59,15650.0,200,Buy,227619922
2024-07-31 10:32:59,15650.0,100,Buy,227619923
2024-07-31 10:33:21,15650.0,500,Buy,227620207
2024-07-31 10:34:08,15650.0,100,Buy,227621052
2024-07-31 10:34:28,15650.0,300,Buy,227621408
2024-07-31 10:35:13,15600.0,300,Sell,227622402
2024-07-31 10:35:29,15650.0,100,Buy,227622683
2024-07-31 10:35:47,15650.0,300,Buy,227623077
2024-07-31 10:36:28,15650.0,300,Buy,227623895
2024-07-31 10:36:37,15600.0,2000,Sell,227624063
2024-07-31 10:36:48,15600.0,700,Sell,227624266
2024-07-31 10:36:48,15600.0,300,Sell,227624267
2024-07-31 10:37:07,15600.0,200,Sell,227624593
2024-07-31 10:37:17,15650.0,1500,Buy,227624741
2024-07-31 10:37:34,15650.0,200,Buy,227624961
2024-07-31 10:37:34,15650.0,800,Buy,227624962
2024-07-31 10:37:50,15650.0,200,Buy,227625204
2024-07-31 10:37:50,15650.0,300,Buy,227625205
2024-07-31 10:38:01,15650.0,700,Buy,227625354
2024-07-31 10:38:01,15650.0,6100,Buy,227625355
2024-07-31 10:38:15,15600.0,300,Sell,227625602
2024-07-31 10:40:32,15600.0,900,Sell,227629373
2024-07-31 10:40:32,15600.0,200,Sell,227629371
2024-07-31 10:40:32,15600.0,100,Sell,227629372
2024-07-31 10:40:39,15600.0,500,Sell,227629452
2024-07-31 10:40:39,15600.0,600,Sell,227629453
2024-07-31 10:40:39,15600.0,500,Sell,227629451
2024-07-31 10:40:39,15600.0,100,Sell,227629450
2024-07-31 10:40:39,15600.0,200,Sell,227629449
2024-07-31 10:40:39,15600.0,100,Sell,227629442
2024-07-31 10:40:39,15600.0,100,Sell,227629447
2024-07-31 10:40:39,15600.0,100,Sell,227629446
2024-07-31 10:40:39,15600.0,500,Sell,227629445
2024-07-31 10:40:39,15600.0,100,Sell,227629444
2024-07-31 10:40:39,15600.0,100,Sell,227629443
2024-07-31 10:40:39,15600.0,100,Sell,227629448
2024-07-31 10:40:40,15600.0,800,Sell,227629468
2024-07-31 10:41:03,15600.0,4600,Sell,227629822
2024-07-31 10:41:03,15600.0,200,Sell,227629823
2024-07-31 10:41:03,15600.0,100,Sell,227629824
2024-07-31 10:41:03,15600.0,5100,Sell,227629825
2024-07-31 10:41:06,15600.0,1400,Sell,227629880
2024-07-31 10:41:06,15600.0,200,Sell,227629881
2024-07-31 10:41:06,15600.0,500,Sell,227629882
2024-07-31 10:41:06,15600.0,100,Sell,227629883
2024-07-31 10:41:23,15600.0,500,Sell,227630167
2024-07-31 10:41:23,15600.0,2000,Sell,227630166
2024-07-31 10:41:25,15600.0,1000,Sell,227630236
2024-07-31 10:41:40,15650.0,4900,Buy,227630471
2024-07-31 10:42:01,15650.0,400,Buy,227630918
2024-07-31 10:42:09,15650.0,1000,Buy,227631197
2024-07-31 10:42:25,15650.0,100,Buy,227631558
2024-07-31 10:42:26,15650.0,100,Buy,227631569
2024-07-31 10:42:47,15650.0,15000,Buy,227631942
2024-07-31 10:42:59,15600.0,1000,Sell,227632168
2024-07-31 10:43:17,15600.0,200,Sell,227632454
2024-07-31 10:43:17,15600.0,200,Sell,227632455
2024-07-31 10:43:17,15600.0,100,Sell,227632456
2024-07-31 10:43:22,15600.0,100,Sell,227632585
2024-07-31 10:43:22,15600.0,100,Sell,227632584
2024-07-31 10:43:22,15600.0,200,Sell,227632586
2024-07-31 10:43:22,15600.0,300,Sell,227632582
2024-07-31 10:43:22,15600.0,200,Sell,227632581
2024-07-31 10:43:22,15600.0,100,Sell,227632583
2024-07-31 10:43:27,15600.0,800,Sell,227632658
2024-07-31 10:43:27,15600.0,200,Sell,227632659
2024-07-31 10:43:47,15650.0,100,Buy,227633172
2024-07-31 10:43:51,15600.0,100,Sell,227633237
2024-07-31 10:44:04,15650.0,100,Buy,227633545
2024-07-31 10:44:12,15600.0,100,Sell,227633706
2024-07-31 10:44:12,15600.0,200,Sell,227633713
2024-07-31 10:44:12,15600.0,100,Sell,227633712
2024-07-31 10:44:12,15600.0,100,Sell,227633711
2024-07-31 10:44:12,15600.0,500,Sell,227633707
2024-07-31 10:44:12,15600.0,100,Sell,227633709
2024-07-31 10:44:12,15600.0,400,Sell,227633708
2024-07-31 10:44:12,15600.0,400,Sell,227633714
2024-07-31 10:44:12,15600.0,100,Sell,227633710
2024-07-31 10:44:12,15600.0,300,Sell,227633715
2024-07-31 10:44:12,15600.0,4000,Sell,227633726
2024-07-31 10:44:12,15600.0,5000,Sell,227633717
2024-07-31 10:44:12,15600.0,100,Sell,227633718
2024-07-31 10:44:12,15600.0,2000,Sell,227633719
2024-07-31 10:44:12,15600.0,100,Sell,227633720
2024-07-31 10:44:12,15600.0,100,Sell,227633721
2024-07-31 10:44:12,15600.0,100,Sell,227633722
2024-07-31 10:44:12,15600.0,100,Sell,227633723
2024-07-31 10:44:12,15600.0,500,Sell,227633724
2024-07-31 10:44:12,15600.0,100,Sell,227633725
2024-07-31 10:44:12,15600.0,200,Sell,227633716
2024-07-31 10:44:12,15600.0,4000,Sell,227633705
2024-07-31 10:44:12,15600.0,6500,Sell,227633695
2024-07-31 10:44:12,15600.0,1000,Sell,227633703
2024-07-31 10:44:12,15600.0,1000,Sell,227633704
2024-07-31 10:44:12,15600.0,2900,Sell,227633682
2024-07-31 10:44:12,15600.0,200,Sell,227633683
2024-07-31 10:44:12,15600.0,1900,Sell,227633684
2024-07-31 10:44:12,15600.0,400,Sell,227633685
2024-07-31 10:44:12,15600.0,100,Sell,227633686
2024-07-31 10:44:12,15600.0,1000,Sell,227633687
2024-07-31 10:44:12,15600.0,200,Sell,227633688
2024-07-31 10:44:12,15600.0,1000,Sell,227633689
2024-07-31 10:44:12,15600.0,100,Sell,227633690
2024-07-31 10:44:12,15600.0,300,Sell,227633693
2024-07-31 10:44:12,15600.0,100,Sell,227633692
2024-07-31 10:44:12,15600.0,300,Sell,227633702
2024-07-31 10:44:12,15600.0,100,Sell,227633701
2024-07-31 10:44:12,15600.0,100,Sell,227633700
2024-07-31 10:44:12,15600.0,1800,Sell,227633699
2024-07-31 10:44:12,15600.0,500,Sell,227633691
2024-07-31 10:44:12,15600.0,100,Sell,227633697
2024-07-31 10:44:12,15600.0,200,Sell,227633694
2024-07-31 10:44:12,15600.0,300,Sell,227633698
2024-07-31 10:44:12,15600.0,200,Sell,227633696
2024-07-31 10:44:20,15650.0,1000,Buy,227633848
2024-07-31 10:44:44,15650.0,100,Buy,227634321
2024-07-31 10:45:16,15650.0,100,Buy,227635084
2024-07-31 10:45:19,15650.0,1000,Buy,227635159
2024-07-31 10:45:24,15650.0,100,Buy,227635250
2024-07-31 10:45:51,15650.0,200,Buy,227635798
2024-07-31 10:45:51,15650.0,300,Buy,227635800
2024-07-31 10:46:02,15650.0,5000,Buy,227635959
2024-07-31 10:46:37,15650.0,1900,Buy,227636773
2024-07-31 10:46:53,15650.0,200,Buy,227637040
2024-07-31 10:46:55,15600.0,500,Sell,227637076
2024-07-31 10:47:00,15600.0,3000,Sell,227637255
2024-07-31 10:47:06,15600.0,1000,Sell,227637381
2024-07-31 10:47:43,15650.0,400,Buy,227638147
2024-07-31 10:48:00,15650.0,200,Buy,227638699
2024-07-31 10:48:21,15600.0,1500,Sell,227639136
2024-07-31 10:48:53,15600.0,1000,Sell,227639969
2024-07-31 10:49:06,15650.0,1200,Buy,227640600
2024-07-31 10:49:12,15600.0,300,Sell,227640736
2024-07-31 10:49:26,15600.0,21000,Sell,227641040
2024-07-31 10:49:28,15600.0,1200,Sell,227641075
2024-07-31 10:49:59,15650.0,500,Buy,227641724
2024-07-31 10:50:08,15650.0,1000,Buy,227641872
2024-07-31 10:50:28,15650.0,100,Buy,227642307
2024-07-31 10:51:07,15650.0,500,Buy,227643434
2024-07-31 10:51:15,15600.0,500,Sell,227643755
2024-07-31 10:51:16,15650.0,100,Buy,227643776
2024-07-31 10:52:49,15600.0,2000,Sell,227646333
2024-07-31 10:53:10,15650.0,200,Buy,227646905
2024-07-31 10:53:11,15600.0,500,Sell,227646913
2024-07-31 10:53:11,15600.0,4000,Sell,227646912
2024-07-31 10:53:11,15600.0,1000,Sell,227646929
2024-07-31 10:53:11,15600.0,300,Sell,227646928
2024-07-31 10:53:11,15600.0,100,Sell,227646927
2024-07-31 10:53:11,15600.0,100,Sell,227646926
2024-07-31 10:53:11,15600.0,100,Sell,227646925
2024-07-31 10:53:11,15600.0,200,Sell,227646924
2024-07-31 10:53:11,15600.0,1000,Sell,227646923
2024-07-31 10:53:11,15600.0,600,Sell,227646930
2024-07-31 10:53:11,15600.0,200,Sell,227646921
2024-07-31 10:53:11,15600.0,400,Sell,227646922
2024-07-31 10:53:11,15600.0,200,Sell,227646915
2024-07-31 10:53:11,15600.0,10000,Sell,227646916
2024-07-31 10:53:11,15600.0,100,Sell,227646914
2024-07-31 10:53:11,15600.0,100,Sell,227646918
2024-07-31 10:53:11,15600.0,500,Sell,227646919
2024-07-31 10:53:11,15600.0,100,Sell,227646917
2024-07-31 10:53:11,15600.0,500,Sell,227646920
2024-07-31 10:53:57,15600.0,800,Sell,227648380
2024-07-31 10:53:57,15600.0,400,Sell,227648381
2024-07-31 10:54:25,15650.0,300,Buy,227649173
2024-07-31 10:54:29,15600.0,4800,Sell,227649275
2024-07-31 10:54:29,15600.0,200,Sell,227649274
2024-07-31 10:54:47,15650.0,100,Buy,227649824
2024-07-31 10:54:53,15600.0,100,Sell,227649998
2024-07-31 10:55:14,15650.0,100,Buy,227650663
2024-07-31 10:55:35,15650.0,3300,Buy,227651250
2024-07-31 10:55:49,15650.0,2000,Buy,227651551
2024-07-31 10:56:38,15650.0,500,Buy,227653214
2024-07-31 10:57:03,15650.0,1000,Buy,227653844
2024-07-31 10:57:19,15600.0,3000,Sell,227654224
2024-07-31 10:57:19,15600.0,900,Sell,227654227
2024-07-31 10:57:19,15600.0,100,Sell,227654228
2024-07-31 10:57:19,15600.0,500,Sell,227654226
2024-07-31 10:57:19,15600.0,500,Sell,227654225
2024-07-31 10:57:19,15600.0,1000,Sell,227654223
2024-07-31 10:57:19,15600.0,100,Sell,227654221
2024-07-31 10:57:19,15600.0,2300,Sell,227654222
2024-07-31 10:57:19,15600.0,700,Sell,227654216
2024-07-31 10:57:19,15600.0,500,Sell,227654217
2024-07-31 10:57:19,15600.0,100,Sell,227654219
2024-07-31 10:57:19,15600.0,100,Sell,227654220
2024-07-31 10:57:19,15600.0,200,Sell,227654218
2024-07-31 10:58:22,15600.0,100,Sell,227655558
2024-07-31 10:58:22,15600.0,400,Sell,227655559
2024-07-31 10:58:25,15600.0,600,Sell,227655603
2024-07-31 10:58:25,15600.0,600,Sell,227655604
2024-07-31 10:59:02,15600.0,400,Sell,227656392
2024-07-31 10:59:02,15600.0,100,Sell,227656393
2024-07-31 10:59:02,15600.0,100,Sell,227656394
2024-07-31 10:59:02,15600.0,400,Sell,227656395
2024-07-31 10:59:08,15600.0,300,Sell,227656520
2024-07-31 10:59:08,15600.0,300,Sell,227656519
2024-07-31 10:59:08,15600.0,100,Sell,227656517
2024-07-31 10:59:08,15600.0,200,Sell,227656516
2024-07-31 10:59:08,15600.0,100,Sell,227656518
2024-07-31 11:00:50,15600.0,100,Sell,227658329
2024-07-31 11:00:50,15600.0,900,Sell,227658330
2024-07-31 11:01:46,15600.0,100,Sell,227659436
2024-07-31 11:01:46,15600.0,1000,Sell,227659437
2024-07-31 11:01:46,15600.0,100,Sell,227659435
2024-07-31 11:01:46,15600.0,200,Sell,227659432
2024-07-31 11:01:46,15600.0,1000,Sell,227659433
2024-07-31 11:01:46,15600.0,500,Sell,227659434
2024-07-31 11:01:46,15600.0,100,Sell,227659431
2024-07-31 11:02:00,15600.0,900,Sell,227659671
2024-07-31 11:02:00,15600.0,100,Sell,227659672
2024-07-31 11:02:00,15600.0,200,Sell,227659673
2024-07-31 11:02:00,15600.0,800,Sell,227659674
2024-07-31 11:02:00,15650.0,100,Buy,227659678
2024-07-31 11:02:16,15650.0,700,Buy,227659953
2024-07-31 11:02:16,15650.0,500,Buy,227659954
2024-07-31 11:02:16,15650.0,100,Buy,227659955
2024-07-31 11:02:16,15650.0,400,Buy,227659956
2024-07-31 11:02:17,15650.0,200,Buy,227659973
2024-07-31 11:03:45,15650.0,1400,Buy,227661749
2024-07-31 11:03:45,15650.0,400,Buy,227661750
2024-07-31 11:03:53,15650.0,700,Buy,227661877
2024-07-31 11:05:26,15600.0,500,Sell,227664007
2024-07-31 11:06:18,15600.0,200,Sell,227664933
2024-07-31 11:06:49,15600.0,100,Sell,227665395
2024-07-31 11:06:59,15600.0,100,Sell,227665582
2024-07-31 11:06:59,15600.0,100,Sell,227665581
2024-07-31 11:06:59,15600.0,1000,Sell,227665580
2024-07-31 11:06:59,15600.0,600,Sell,227665579
2024-07-31 11:06:59,15600.0,700,Sell,227665578
2024-07-31 11:06:59,15600.0,300,Sell,227665577
2024-07-31 11:06:59,15600.0,300,Sell,227665576
2024-07-31 11:06:59,15600.0,100,Sell,227665574
2024-07-31 11:06:59,15600.0,600,Sell,227665573
2024-07-31 11:06:59,15600.0,200,Sell,227665572
2024-07-31 11:06:59,15600.0,300,Sell,227665571
2024-07-31 11:06:59,15600.0,3400,Sell,227665566
2024-07-31 11:06:59,15600.0,100,Sell,227665583
2024-07-31 11:06:59,15600.0,200,Sell,227665575
2024-07-31 11:07:04,15650.0,100,Buy,227665731
2024-07-31 11:07:06,15600.0,800,Sell,227665793
2024-07-31 11:07:06,15600.0,100,Sell,227665794
2024-07-31 11:07:06,15600.0,100,Sell,227665792
2024-07-31 11:07:17,15650.0,200,Buy,227665983
2024-07-31 11:07:20,15600.0,100,Sell,227666076
2024-07-31 11:07:55,15600.0,100,Sell,227666550
2024-07-31 11:08:39,15600.0,100,Sell,227667146
2024-07-31 11:08:39,15600.0,400,Sell,227667147
2024-07-31 11:09:02,15600.0,100,Sell,227667545
2024-07-31 11:09:02,15600.0,500,Sell,227667535
2024-07-31 11:09:02,15600.0,200,Sell,227667534
2024-07-31 11:09:02,15600.0,2300,Sell,227667536
2024-07-31 11:09:16,15650.0,3600,Buy,227667776
2024-07-31 11:09:16,15650.0,100,Buy,227667777
2024-07-31 11:09:16,15650.0,300,Buy,227667778
2024-07-31 11:09:41,15650.0,7000,Buy,227668132
2024-07-31 11:09:41,15650.0,200,Buy,227668131
2024-07-31 11:09:41,15650.0,1200,Buy,227668130
2024-07-31 11:09:41,15650.0,200,Buy,227668128
2024-07-31 11:09:41,15650.0,1400,Buy,227668129
2024-07-31 11:09:54,15600.0,100,Sell,227668289
2024-07-31 11:10:00,15650.0,100,Buy,227668354
2024-07-31 11:10:47,15650.0,1900,Buy,227669163
2024-07-31 11:10:47,15650.0,1100,Buy,227669162
2024-07-31 11:10:48,15650.0,3100,Buy,227669172
2024-07-31 11:10:48,15650.0,800,Buy,227669173
2024-07-31 11:10:51,15650.0,100,Buy,227669248
2024-07-31 11:10:57,15650.0,1000,Buy,227669350
2024-07-31 11:11:06,15650.0,1500,Buy,227669501
2024-07-31 11:12:21,15600.0,3900,Sell,227670645
2024-07-31 11:12:21,15600.0,600,Sell,227670649
2024-07-31 11:12:44,15600.0,1400,Sell,227670979
2024-07-31 11:12:44,15600.0,600,Sell,227670980
2024-07-31 11:12:53,15600.0,100,Sell,227671102
2024-07-31 11:13:07,15600.0,100,Sell,227671324
2024-07-31 11:13:27,15600.0,100,Sell,227671636
2024-07-31 11:13:27,15600.0,2900,Sell,227671637
2024-07-31 11:13:33,15650.0,200,Buy,227671690
2024-07-31 11:14:06,15650.0,100,Buy,227672083
2024-07-31 11:15:17,15600.0,100,Sell,227673074
2024-07-31 11:15:43,15600.0,800,Sell,227673419
2024-07-31 11:15:43,15600.0,1000,Sell,227673418
2024-07-31 11:15:47,15650.0,1000,Buy,227673457
2024-07-31 11:15:47,15650.0,2000,Buy,227673497
2024-07-31 11:16:15,15600.0,1300,Sell,227674066
2024-07-31 11:16:17,15600.0,1200,Sell,227674114
2024-07-31 11:16:25,15600.0,500,Sell,227674223
2024-07-31 11:16:27,15600.0,1200,Sell,227674243
2024-07-31 11:16:27,15600.0,1100,Sell,227674244
2024-07-31 11:16:47,15600.0,100,Sell,227674569
2024-07-31 11:16:47,15600.0,3000,Sell,227674577
2024-07-31 11:16:47,15600.0,200,Sell,227674576
2024-07-31 11:16:47,15600.0,100,Sell,227674575
2024-07-31 11:16:47,15600.0,300,Sell,227674574
2024-07-31 11:16:47,15600.0,100,Sell,227674573
2024-07-31 11:16:47,15600.0,5000,Sell,227674572
2024-07-31 11:16:47,15600.0,100,Sell,227674571
2024-07-31 11:16:47,15600.0,100,Sell,227674570
2024-07-31 11:16:47,15600.0,100,Sell,227674568
2024-07-31 11:16:47,15600.0,300,Sell,227674562
2024-07-31 11:16:47,15600.0,100,Sell,227674566
2024-07-31 11:16:47,15600.0,500,Sell,227674565
2024-07-31 11:16:47,15600.0,1000,Sell,227674564
2024-07-31 11:16:47,15600.0,3000,Sell,227674563
2024-07-31 11:16:47,15600.0,8900,Sell,227674556
2024-07-31 11:16:47,15600.0,200,Sell,227674561
2024-07-31 11:16:47,15600.0,600,Sell,227674560
2024-07-31 11:16:47,15600.0,1000,Sell,227674559
2024-07-31 11:16:47,15600.0,500,Sell,227674558
2024-07-31 11:16:47,15600.0,4000,Sell,227674557
2024-07-31 11:16:47,15600.0,1000,Sell,227674567
2024-07-31 11:16:51,15600.0,100,Sell,227674617
2024-07-31 11:17:39,15600.0,100,Sell,227675460
2024-07-31 11:17:41,15600.0,100,Sell,227675481
2024-07-31 11:17:43,15600.0,500,Sell,227675550
2024-07-31 11:17:51,15600.0,200,Sell,227675649
2024-07-31 11:18:06,15600.0,2000,Sell,227675822
2024-07-31 11:18:36,15650.0,100,Buy,227676249
2024-07-31 11:18:38,15600.0,1500,Sell,227676276
2024-07-31 11:18:46,15650.0,100,Buy,227676395
2024-07-31 11:18:49,15600.0,100,Sell,227676493
2024-07-31 11:19:00,15600.0,2000,Sell,227676683
2024-07-31 11:19:00,15600.0,2100,Sell,227676685
2024-07-31 11:19:00,15600.0,100,Sell,227676684
2024-07-31 11:19:00,15600.0,100,Sell,227676682
2024-07-31 11:19:00,15600.0,100,Sell,227676677
2024-07-31 11:19:00,15600.0,200,Sell,227676680
2024-07-31 11:19:00,15600.0,200,Sell,227676679
2024-07-31 11:19:00,15600.0,600,Sell,227676678
2024-07-31 11:19:00,15600.0,2400,Sell,227676676
2024-07-31 11:19:00,15600.0,200,Sell,227676681
2024-07-31 11:19:29,15600.0,600,Sell,227677118
2024-07-31 11:19:40,15600.0,300,Sell,227677311
2024-07-31 11:19:40,15600.0,100,Sell,227677312
2024-07-31 11:19:40,15600.0,1700,Sell,227677313
2024-07-31 11:20:23,15650.0,1400,Buy,227677958
2024-07-31 11:20:23,15650.0,500,Buy,227677956
2024-07-31 11:20:23,15650.0,3100,Buy,227677955
2024-07-31 11:20:23,15650.0,5000,Buy,227677957
2024-07-31 11:20:46,15650.0,300,Buy,227678280
2024-07-31 11:20:46,15650.0,200,Buy,227678281
2024-07-31 11:21:03,15650.0,100,Buy,227678476
2024-07-31 11:21:46,15650.0,200,Buy,227679113
2024-07-31 11:22:00,15600.0,100,Sell,227679315
2024-07-31 11:22:21,15650.0,5000,Buy,227679620
2024-07-31 11:22:21,15650.0,1000,Buy,227679617
2024-07-31 11:22:21,15650.0,3000,Buy,227679618
2024-07-31 11:22:21,15650.0,1000,Buy,227679619
2024-07-31 11:22:24,15650.0,200,Buy,227679694
2024-07-31 11:22:24,15650.0,300,Buy,227679695
2024-07-31 11:22:24,15650.0,1000,Buy,227679696
2024-07-31 11:22:24,15650.0,1000,Buy,227679697
2024-07-31 11:22:24,15650.0,2000,Buy,227679705
2024-07-31 11:22:24,15650.0,200,Buy,227679693
2024-07-31 11:22:24,15650.0,300,Buy,227679698
2024-07-31 11:22:24,15650.0,1200,Buy,227679699
2024-07-31 11:22:24,15650.0,600,Buy,227679700
2024-07-31 11:22:24,15650.0,100,Buy,227679701
2024-07-31 11:22:24,15650.0,1200,Buy,227679702
2024-07-31 11:22:24,15650.0,10000,Buy,227679703
2024-07-31 11:22:24,15650.0,100,Buy,227679704
2024-07-31 11:22:24,15650.0,1000,Buy,227679706
2024-07-31 11:22:24,15650.0,1000,Buy,227679718
2024-07-31 11:22:24,15650.0,1200,Buy,227679708
2024-07-31 11:22:24,15650.0,200,Buy,227679709
2024-07-31 11:22:24,15650.0,100,Buy,227679712
2024-07-31 11:22:24,15650.0,500,Buy,227679713
2024-07-31 11:22:24,15650.0,100,Buy,227679714
2024-07-31 11:22:24,15650.0,4200,Buy,227679715
2024-07-31 11:22:24,15650.0,5000,Buy,227679716
2024-07-31 11:22:24,15650.0,500,Buy,227679717
2024-07-31 11:22:24,15650.0,1200,Buy,227679719
2024-07-31 11:22:24,15650.0,10000,Buy,227679720
2024-07-31 11:22:24,15650.0,3000,Buy,227679721
2024-07-31 11:22:24,15650.0,100,Buy,227679722
2024-07-31 11:22:24,15650.0,1000,Buy,227679692
2024-07-31 11:22:24,15650.0,20000,Buy,227679707
2024-07-31 11:22:24,15650.0,1200,Buy,227679691
2024-07-31 11:22:24,15650.0,1000,Buy,227679664
2024-07-31 11:22:24,15650.0,5000,Buy,227679689
2024-07-31 11:22:24,15650.0,900,Buy,227679690
2024-07-31 11:22:24,15650.0,110800,Buy,227679659
2024-07-31 11:22:24,15650.0,500,Buy,227679660
2024-07-31 11:22:24,15650.0,400,Buy,227679661
2024-07-31 11:22:24,15650.0,1000,Buy,227679662
2024-07-31 11:22:24,15650.0,1000,Buy,227679665
2024-07-31 11:22:24,15650.0,400,Buy,227679666
2024-07-31 11:22:24,15650.0,600,Buy,227679667
2024-07-31 11:22:24,15650.0,1200,Buy,227679668
2024-07-31 11:22:24,15650.0,3400,Buy,227679669
2024-07-31 11:22:24,15650.0,900,Buy,227679670
2024-07-31 11:22:24,15650.0,400,Buy,227679671
2024-07-31 11:22:24,15650.0,5000,Buy,227679672
2024-07-31 11:22:24,15650.0,50000,Buy,227679673
2024-07-31 11:22:24,15650.0,1800,Buy,227679663
2024-07-31 11:22:24,15650.0,15000,Buy,227679675
2024-07-31 11:22:24,15650.0,100,Buy,227679676
2024-07-31 11:22:24,15650.0,600,Buy,227679677
2024-07-31 11:22:24,15650.0,100,Buy,227679678
2024-07-31 11:22:24,15650.0,1000,Buy,227679679
2024-07-31 11:22:24,15650.0,100,Buy,227679680
2024-07-31 11:22:24,15650.0,1600,Buy,227679681
2024-07-31 11:22:24,15650.0,3000,Buy,227679682
2024-07-31 11:22:24,15650.0,7000,Buy,227679683
2024-07-31 11:22:24,15650.0,200,Buy,227679674
2024-07-31 11:22:24,15650.0,1000,Buy,227679684
2024-07-31 11:22:24,15650.0,5000,Buy,227679685
2024-07-31 11:22:24,15650.0,600,Buy,227679686
2024-07-31 11:22:24,15650.0,1000,Buy,227679687
2024-07-31 11:22:24,15650.0,1000,Buy,227679688
2024-07-31 11:22:29,15700.0,100,Buy,227679815
2024-07-31 11:23:08,15700.0,100,Buy,227680393
2024-07-31 11:23:25,15650.0,1000,Sell,227680600
2024-07-31 11:23:34,15700.0,800,Buy,227680731
2024-07-31 11:23:45,15650.0,100,Sell,227680848
2024-07-31 11:24:13,15650.0,300,Sell,227681283
2024-07-31 11:24:48,15650.0,100,Sell,227681889
2024-07-31 11:24:56,15650.0,1300,Sell,227682000
2024-07-31 11:24:57,15700.0,400,Buy,227682014
2024-07-31 11:24:59,15700.0,500,Buy,227682039
2024-07-31 11:25:09,15650.0,5000,Sell,227682161
2024-07-31 11:25:14,15650.0,1100,Sell,227682210
2024-07-31 11:25:37,15650.0,500,Sell,227682529
2024-07-31 11:25:41,15650.0,100,Sell,227682585
2024-07-31 11:25:45,15650.0,100,Sell,227682670
2024-07-31 11:25:52,15650.0,500,Sell,227682833
2024-07-31 11:25:57,15700.0,3800,Buy,227682886
2024-07-31 11:26:01,15700.0,1000,Buy,227682916
2024-07-31 11:26:55,15700.0,1000,Buy,227683646
2024-07-31 11:27:20,15700.0,2300,Buy,227683968
2024-07-31 11:27:35,15700.0,1700,Buy,227684150
2024-07-31 11:27:42,15700.0,3900,Buy,227684259
2024-07-31 11:28:19,15650.0,1000,Sell,227684665
2024-07-31 11:28:21,15700.0,2000,Buy,227684688
2024-07-31 11:28:34,15700.0,100,Buy,227684846
2024-07-31 11:28:40,15700.0,800,Buy,227684880
2024-07-31 11:28:57,15700.0,1000,Buy,227685144
2024-07-31 11:29:37,15700.0,1000,Buy,227685872
2024-07-31 12:59:36,15700.0,200,Buy,227685925
2024-07-31 12:59:37,15700.0,200,Buy,227686107
2024-07-31 12:59:38,15650.0,100,Sell,227686471
2024-07-31 12:59:38,15700.0,1600,Buy,227686473
2024-07-31 12:59:38,15700.0,200,Buy,227686467
2024-07-31 12:59:38,15700.0,100,Buy,227686458
2024-07-31 12:59:39,15700.0,1200,Buy,227686943
2024-07-31 12:59:39,15700.0,300,Buy,227686944
2024-07-31 12:59:39,15700.0,200,Buy,227687261
2024-07-31 12:59:39,15700.0,200,Buy,227687262
2024-07-31 12:59:39,15700.0,800,Buy,227687263
2024-07-31 12:59:39,15700.0,100,Buy,227686942
2024-07-31 12:59:41,15650.0,5000,Sell,227687867
2024-07-31 12:59:41,15700.0,100,Buy,227687870
2024-07-31 12:59:41,15650.0,100,Sell,227687875
2024-07-31 12:59:42,15700.0,500,Buy,227688252
2024-07-31 12:59:42,15700.0,100,Buy,227688251
2024-07-31 12:59:42,15700.0,2000,Buy,227688250
2024-07-31 12:59:42,15700.0,400,Buy,227688255
2024-07-31 12:59:42,15700.0,1200,Buy,227688247
2024-07-31 12:59:42,15700.0,300,Buy,227688248
2024-07-31 12:59:42,15700.0,400,Buy,227688242
2024-07-31 12:59:42,15700.0,1400,Buy,227688253
2024-07-31 12:59:42,15700.0,200,Buy,227688246
2024-07-31 12:59:43,15700.0,200,Buy,227688633
2024-07-31 12:59:43,15700.0,200,Buy,227688634
2024-07-31 12:59:43,15650.0,10000,Sell,227688637
2024-07-31 12:59:44,15650.0,1000,Sell,227688896
2024-07-31 12:59:44,15650.0,200,Sell,227688901
2024-07-31 12:59:45,15700.0,700,Buy,227689281
2024-07-31 12:59:45,15700.0,500,Buy,227689284
2024-07-31 12:59:45,15700.0,100,Buy,227689251
2024-07-31 12:59:45,15700.0,800,Buy,227689279
2024-07-31 12:59:46,15700.0,200,Buy,227689500
2024-07-31 12:59:46,15650.0,2000,Sell,227689503
2024-07-31 12:59:46,15700.0,300,Buy,227689504
2024-07-31 12:59:46,15700.0,200,Buy,227689505
2024-07-31 12:59:46,15700.0,100,Buy,227689506
2024-07-31 12:59:46,15700.0,200,Buy,227689508
2024-07-31 12:59:47,15700.0,100,Buy,227689597
2024-07-31 12:59:49,15700.0,400,Buy,227689976
2024-07-31 12:59:49,15650.0,500,Sell,227689975
2024-07-31 12:59:50,15700.0,200,Buy,227690108
2024-07-31 12:59:50,15700.0,100,Buy,227690150
2024-07-31 12:59:51,15650.0,6000,Sell,227690205
2024-07-31 12:59:51,15700.0,100,Buy,227690242
2024-07-31 12:59:54,15700.0,500,Buy,227690467
2024-07-31 12:59:54,15700.0,100,Buy,227690543
2024-07-31 12:59:55,15700.0,1000,Buy,227690659
2024-07-31 12:59:55,15700.0,200,Buy,227690660
2024-07-31 12:59:55,15700.0,1000,Buy,227690661
2024-07-31 12:59:55,15700.0,2500,Buy,227690662
2024-07-31 12:59:55,15700.0,1000,Buy,227690663
2024-07-31 12:59:55,15700.0,500,Buy,227690664
2024-07-31 12:59:55,15700.0,100,Buy,227690666
2024-07-31 12:59:55,15700.0,200,Buy,227690658
2024-07-31 12:59:55,15700.0,500,Buy,227690668
2024-07-31 12:59:55,15700.0,200,Buy,227690669
2024-07-31 12:59:55,15700.0,200,Buy,227690670
2024-07-31 12:59:55,15700.0,100,Buy,227690671
2024-07-31 12:59:55,15700.0,2000,Buy,227690665
2024-07-31 12:59:55,15700.0,200,Buy,227690667
2024-07-31 12:59:55,15700.0,1000,Buy,227690656
2024-07-31 12:59:55,15700.0,1000,Buy,227690672
2024-07-31 12:59:55,15700.0,500,Buy,227690655
2024-07-31 12:59:55,15700.0,500,Buy,227690654
2024-07-31 12:59:55,15700.0,10000,Buy,227690653
2024-07-31 12:59:55,15700.0,1000,Buy,227690652
2024-07-31 12:59:55,15700.0,100,Buy,227690651
2024-07-31 12:59:55,15700.0,7500,Buy,227690650
2024-07-31 12:59:55,15700.0,5000,Buy,227690649
2024-07-31 12:59:55,15700.0,200,Buy,227690648
2024-07-31 12:59:55,15700.0,300,Buy,227690647
2024-07-31 12:59:55,15700.0,7500,Buy,227690646
2024-07-31 12:59:55,15700.0,5000,Buy,227690645
2024-07-31 12:59:55,15700.0,500,Buy,227690644
2024-07-31 12:59:55,15700.0,100,Buy,227690657
2024-07-31 12:59:55,15700.0,500,Buy,227690673
2024-07-31 12:59:55,15700.0,400,Buy,227690694
2024-07-31 12:59:55,15700.0,100,Buy,227690675
2024-07-31 12:59:55,15700.0,700,Buy,227690704
2024-07-31 12:59:55,15700.0,1100,Buy,227690703
2024-07-31 12:59:55,15700.0,3600,Buy,227690702
2024-07-31 12:59:55,15700.0,6000,Buy,227690701
2024-07-31 12:59:55,15700.0,200,Buy,227690700
2024-07-31 12:59:55,15700.0,1000,Buy,227690699
2024-07-31 12:59:55,15700.0,1000,Buy,227690698
2024-07-31 12:59:55,15700.0,1000,Buy,227690697
2024-07-31 12:59:55,15700.0,1200,Buy,227690696
2024-07-31 12:59:55,15700.0,100,Buy,227690695
2024-07-31 12:59:55,15700.0,1200,Buy,227690643
2024-07-31 12:59:55,15700.0,700,Buy,227690693
2024-07-31 12:59:55,15700.0,3000,Buy,227690692
2024-07-31 12:59:55,15700.0,2000,Buy,227690691
2024-07-31 12:59:55,15700.0,400,Buy,227690690
2024-07-31 12:59:55,15700.0,1200,Buy,227690689
2024-07-31 12:59:55,15700.0,700,Buy,227690688
2024-07-31 12:59:55,15700.0,900,Buy,227690687
2024-07-31 12:59:55,15700.0,600,Buy,227690686
2024-07-31 12:59:55,15700.0,100,Buy,227690685
2024-07-31 12:59:55,15700.0,400,Buy,227690684
2024-07-31 12:59:55,15700.0,2000,Buy,227690683
2024-07-31 12:59:55,15700.0,200,Buy,227690682
2024-07-31 12:59:55,15700.0,2000,Buy,227690681
2024-07-31 12:59:55,15700.0,600,Buy,227690680
2024-07-31 12:59:55,15700.0,600,Buy,227690679
2024-07-31 12:59:55,15700.0,3000,Buy,227690678
2024-07-31 12:59:55,15700.0,500,Buy,227690677
2024-07-31 12:59:55,15700.0,600,Buy,227690676
2024-07-31 12:59:55,15700.0,10000,Buy,227690674
2024-07-31 12:59:55,15700.0,100,Buy,227690642
2024-07-31 12:59:55,15700.0,500,Buy,227690625
2024-07-31 12:59:55,15700.0,600,Buy,227690640
2024-07-31 12:59:55,15700.0,100,Buy,227690605
2024-07-31 12:59:55,15700.0,100,Buy,227690604
2024-07-31 12:59:55,15700.0,100,Buy,227690641
2024-07-31 12:59:55,15700.0,1100,Buy,227690602
2024-07-31 12:59:55,15700.0,1000,Buy,227690601
2024-07-31 12:59:55,15700.0,2000,Buy,227690600
2024-07-31 12:59:55,15700.0,100,Buy,227690599
2024-07-31 12:59:55,15700.0,1000,Buy,227690598
2024-07-31 12:59:55,15700.0,100,Buy,227690597
2024-07-31 12:59:55,15700.0,100,Buy,227690596
2024-07-31 12:59:55,15700.0,100,Buy,227690595
2024-07-31 12:59:55,15700.0,200,Buy,227690594
2024-07-31 12:59:55,15700.0,500,Buy,227690593
2024-07-31 12:59:55,15700.0,5000,Buy,227690606
2024-07-31 12:59:55,15700.0,500,Buy,227690592
2024-07-31 12:59:55,15700.0,500,Buy,227690590
2024-07-31 12:59:55,15700.0,200,Buy,227690589
2024-07-31 12:59:55,15700.0,1000,Buy,227690588
2024-07-31 12:59:55,15700.0,200,Buy,227690587
2024-07-31 12:59:55,15700.0,1000,Buy,227690586
2024-07-31 12:59:55,15700.0,100,Buy,227690585
2024-07-31 12:59:55,15700.0,1000,Buy,227690584
2024-07-31 12:59:55,15700.0,800,Buy,227690583
2024-07-31 12:59:55,15700.0,1000,Buy,227690582
2024-07-31 12:59:55,15700.0,17400,Buy,227690581
2024-07-31 12:59:55,15700.0,2000,Buy,227690580
2024-07-31 12:59:55,15700.0,1000,Buy,227690579
2024-07-31 12:59:55,15700.0,300,Buy,227690578
2024-07-31 12:59:55,15700.0,100,Buy,227690591
2024-07-31 12:59:55,15700.0,3000,Buy,227690607
2024-07-31 12:59:55,15700.0,1000,Buy,227690603
2024-07-31 12:59:55,15700.0,1000,Buy,227690609
2024-07-31 12:59:55,15700.0,2000,Buy,227690639
2024-07-31 12:59:55,15700.0,300,Buy,227690638
2024-07-31 12:59:55,15700.0,2000,Buy,227690637
2024-07-31 12:59:55,15700.0,2000,Buy,227690636
2024-07-31 12:59:55,15700.0,3000,Buy,227690635
2024-07-31 12:59:55,15700.0,1000,Buy,227690634
2024-07-31 12:59:55,15700.0,500,Buy,227690633
2024-07-31 12:59:55,15700.0,100,Buy,227690632
2024-07-31 12:59:55,15700.0,100,Buy,227690631
2024-07-31 12:59:55,15700.0,1000,Buy,227690608
2024-07-31 12:59:55,15700.0,1000,Buy,227690629
2024-07-31 12:59:55,15700.0,1000,Buy,227690628
2024-07-31 12:59:55,15700.0,100,Buy,227690627
2024-07-31 12:59:55,15700.0,500,Buy,227690626
2024-07-31 12:59:55,15700.0,5000,Buy,227690630
2024-07-31 12:59:55,15700.0,100,Buy,227690623
2024-07-31 12:59:55,15700.0,200,Buy,227690610
2024-07-31 12:59:55,15700.0,100,Buy,227690624
2024-07-31 12:59:55,15700.0,1000,Buy,227690612
2024-07-31 12:59:55,15700.0,400,Buy,227690613
2024-07-31 12:59:55,15700.0,100,Buy,227690614
2024-07-31 12:59:55,15700.0,1000,Buy,227690615
2024-07-31 12:59:55,15700.0,500,Buy,227690611
2024-07-31 12:59:55,15700.0,200,Buy,227690617
2024-07-31 12:59:55,15700.0,200,Buy,227690618
2024-07-31 12:59:55,15700.0,100,Buy,227690619
2024-07-31 12:59:55,15700.0,100,Buy,227690620
2024-07-31 12:59:55,15700.0,100,Buy,227690621
2024-07-31 12:59:55,15700.0,100,Buy,227690622
2024-07-31 12:59:55,15700.0,200,Buy,227690616
2024-07-31 12:59:58,15700.0,100,Sell,227691071
2024-07-31 12:59:58,15700.0,3500,Sell,227691129
2024-07-31 12:59:59,15700.0,1000,Sell,227691284
2024-07-31 13:00:01,15700.0,3000,Sell,227691449
2024-07-31 13:00:02,15700.0,3200,Sell,227691539
2024-07-31 13:00:11,15700.0,100,Sell,227691830
2024-07-31 13:00:12,15700.0,500,Sell,227691844
2024-07-31 13:00:33,15700.0,500,Sell,227692315
2024-07-31 13:01:06,15700.0,10000,Sell,227693156
2024-07-31 13:01:43,15700.0,11800,Sell,227694256
2024-07-31 13:01:43,15700.0,2700,Sell,227694257
2024-07-31 13:01:57,15700.0,200,Sell,227694517
2024-07-31 13:02:22,15700.0,100,Sell,227695011
2024-07-31 13:02:22,15700.0,2000,Sell,227695010
2024-07-31 13:02:22,15700.0,200,Sell,227695009
2024-07-31 13:02:22,15700.0,400,Sell,227695008
2024-07-31 13:02:22,15700.0,500,Sell,227695003
2024-07-31 13:02:22,15700.0,100,Sell,227695006
2024-07-31 13:02:22,15700.0,900,Sell,227695004
2024-07-31 13:02:22,15700.0,700,Sell,227695007
2024-07-31 13:02:22,15700.0,100,Sell,227695005
2024-07-31 13:02:23,15700.0,500,Sell,227695041
2024-07-31 13:02:25,15700.0,100,Sell,227695108
2024-07-31 13:02:50,15700.0,300,Sell,227695621
2024-07-31 13:02:51,15700.0,900,Sell,227695666
2024-07-31 13:02:51,15700.0,500,Sell,227695667
2024-07-31 13:03:02,15700.0,100,Buy,227695895
2024-07-31 13:03:12,15700.0,600,Buy,227696201
2024-07-31 13:03:12,15700.0,500,Buy,227696204
2024-07-31 13:03:12,15700.0,200,Buy,227696218
2024-07-31 13:03:13,15700.0,100,Buy,227696224
2024-07-31 13:03:13,15700.0,500,Buy,227696223
2024-07-31 13:03:28,15700.0,300,Buy,227696673
2024-07-31 13:03:29,15700.0,200,Buy,227696679
2024-07-31 13:03:45,15700.0,100,Buy,227697087
2024-07-31 13:03:56,15700.0,300,Buy,227697364
2024-07-31 13:04:11,15700.0,1700,Buy,227697653
2024-07-31 13:04:36,15700.0,3700,Buy,227698212
2024-07-31 13:04:36,15700.0,300,Buy,227698211
2024-07-31 13:04:36,15700.0,100,Buy,227698210
2024-07-31 13:04:36,15700.0,6500,Buy,227698209
2024-07-31 13:04:36,15700.0,300,Buy,227698206
2024-07-31 13:04:36,15700.0,6000,Buy,227698207
2024-07-31 13:04:36,15700.0,100,Buy,227698205
2024-07-31 13:04:36,15700.0,1000,Buy,227698208
2024-07-31 13:04:36,15700.0,2000,Buy,227698204
2024-07-31 13:04:37,15700.0,2000,Buy,227698225
2024-07-31 13:04:41,15700.0,1100,Buy,227698341
2024-07-31 13:04:41,15700.0,1400,Buy,227698342
2024-07-31 13:04:50,15700.0,100,Buy,227698520
2024-07-31 13:04:50,15700.0,900,Buy,227698521
2024-07-31 13:04:56,15700.0,100,Buy,227698658
2024-07-31 13:04:59,15700.0,400,Buy,227698772
2024-07-31 13:05:06,15700.0,100,Buy,227698935
2024-07-31 13:05:10,15700.0,400,Buy,227699029
2024-07-31 13:05:14,15650.0,200,Sell,227699122
2024-07-31 13:05:22,15650.0,300,Sell,227699290
2024-07-31 13:05:24,15650.0,1200,Sell,227699343
2024-07-31 13:05:25,15700.0,200,Buy,227699364
2024-07-31 13:05:25,15700.0,5600,Buy,227699366
2024-07-31 13:05:25,15700.0,3100,Buy,227699363
2024-07-31 13:05:25,15700.0,1100,Buy,227699365
2024-07-31 13:05:39,15700.0,4400,Buy,227699758
2024-07-31 13:05:40,15700.0,500,Buy,227699765
2024-07-31 13:05:40,15700.0,100,Buy,227699766
2024-07-31 13:05:41,15700.0,100,Buy,227699797
2024-07-31 13:05:41,15700.0,4900,Buy,227699798
2024-07-31 13:05:47,15700.0,100,Buy,227699921
2024-07-31 13:05:47,15700.0,300,Buy,227699922
2024-07-31 13:05:55,15700.0,800,Buy,227700135
2024-07-31 13:05:59,15700.0,3000,Buy,227700273
2024-07-31 13:06:06,15700.0,100,Buy,227700458
2024-07-31 13:06:17,15700.0,5000,Buy,227700718
2024-07-31 13:06:38,15700.0,100,Buy,227701280
2024-07-31 13:06:49,15700.0,100,Buy,227701566
2024-07-31 13:06:49,15700.0,100,Buy,227701568
2024-07-31 13:06:49,15700.0,1000,Buy,227701567
2024-07-31 13:06:49,15700.0,300,Buy,227701565
2024-07-31 13:06:49,15700.0,300,Buy,227701563
2024-07-31 13:06:49,15700.0,300,Buy,227701562
2024-07-31 13:06:49,15700.0,700,Buy,227701561
2024-07-31 13:06:49,15700.0,1000,Buy,227701564
2024-07-31 13:06:53,15700.0,4000,Sell,227701673
2024-07-31 13:07:04,15700.0,2000,Sell,227701961
2024-07-31 13:07:26,15700.0,100,Sell,227702564
2024-07-31 13:07:32,15700.0,300,Sell,227702767
2024-07-31 13:07:36,15750.0,2000,Buy,227702872
2024-07-31 13:07:36,15750.0,1000,Buy,227702873
2024-07-31 13:07:36,15750.0,300,Buy,227702874
2024-07-31 13:07:36,15750.0,100,Buy,227702875
2024-07-31 13:07:36,15750.0,600,Buy,227702880
2024-07-31 13:07:36,15750.0,1000,Buy,227702877
2024-07-31 13:07:36,15750.0,1000,Buy,227702879
2024-07-31 13:07:36,15750.0,200,Buy,227702881
2024-07-31 13:07:36,15750.0,1000,Buy,227702871
2024-07-31 13:07:36,15750.0,3000,Buy,227702876
2024-07-31 13:07:36,15750.0,200,Buy,227702870
2024-07-31 13:07:36,15750.0,100,Buy,227702878
2024-07-31 13:07:36,15750.0,2000,Buy,227702868
2024-07-31 13:07:36,15750.0,500,Buy,227702858
2024-07-31 13:07:36,15750.0,100,Buy,227702859
2024-07-31 13:07:36,15750.0,10000,Buy,227702860
2024-07-31 13:07:36,15750.0,100,Buy,227702857
2024-07-31 13:07:36,15750.0,1000,Buy,227702861
2024-07-31 13:07:36,15750.0,200,Buy,227702869
2024-07-31 13:07:36,15750.0,500,Buy,227702863
2024-07-31 13:07:36,15750.0,500,Buy,227702867
2024-07-31 13:07:36,15750.0,100,Buy,227702866
2024-07-31 13:07:36,15750.0,500,Buy,227702862
2024-07-31 13:07:36,15750.0,2000,Buy,227702864
2024-07-31 13:07:36,15750.0,2000,Buy,227702865
2024-07-31 13:07:45,15750.0,300,Buy,227703138
2024-07-31 13:07:45,15700.0,200,Sell,227703139
2024-07-31 13:07:45,15700.0,2000,Sell,227703140
2024-07-31 13:07:45,15700.0,3000,Sell,227703142
2024-07-31 13:07:45,15700.0,1700,Sell,227703143
2024-07-31 13:07:45,15700.0,100,Sell,227703141
2024-07-31 13:07:49,15700.0,200,Sell,227703345
2024-07-31 13:08:07,15750.0,100,Buy,227703950
2024-07-31 13:08:17,15750.0,4000,Buy,227704289
2024-07-31 13:08:20,15750.0,1000,Buy,227704347
2024-07-31 13:08:45,15700.0,100,Sell,227704934
2024-07-31 13:08:45,15700.0,100,Sell,227704929
2024-07-31 13:09:26,15700.0,200,Sell,227706036
2024-07-31 13:09:33,15700.0,200,Sell,227706259
2024-07-31 13:09:33,15700.0,300,Sell,227706258
2024-07-31 13:09:35,15700.0,200,Sell,227706300
2024-07-31 13:09:35,15700.0,200,Sell,227706298
2024-07-31 13:09:35,15700.0,400,Sell,227706299
2024-07-31 13:10:05,15750.0,100,Buy,227707054
2024-07-31 13:10:22,15750.0,4300,Buy,227707460
2024-07-31 13:10:22,15750.0,500,Buy,227707461
2024-07-31 13:10:22,15750.0,2200,Buy,227707462
2024-07-31 13:10:25,15750.0,200,Buy,227707581
2024-07-31 13:10:38,15750.0,500,Buy,227707957
2024-07-31 13:10:45,15700.0,100,Sell,227708103
2024-07-31 13:10:46,15750.0,300,Buy,227708131
2024-07-31 13:10:49,15750.0,500,Buy,227708220
2024-07-31 13:10:53,15750.0,100,Buy,227708323
2024-07-31 13:10:56,15750.0,500,Buy,227708374
2024-07-31 13:11:09,15750.0,700,Buy,227708811
2024-07-31 13:11:09,15750.0,300,Buy,227708812
2024-07-31 13:11:16,15750.0,500,Buy,227708967
2024-07-31 13:11:33,15750.0,1200,Buy,227709521
2024-07-31 13:11:58,15750.0,100,Buy,227710064
2024-07-31 13:12:03,15750.0,2500,Buy,227710308
2024-07-31 13:12:05,15700.0,2300,Sell,227710400
2024-07-31 13:12:05,15700.0,100,Sell,227710399
2024-07-31 13:12:05,15700.0,1600,Sell,227710398
2024-07-31 13:12:28,15700.0,2700,Sell,227710923
2024-07-31 13:12:28,15700.0,200,Sell,227710924
2024-07-31 13:12:28,15700.0,6200,Sell,227710925
2024-07-31 13:12:28,15700.0,300,Sell,227710926
2024-07-31 13:12:28,15700.0,200,Sell,227710927
2024-07-31 13:12:28,15700.0,100,Sell,227710928
2024-07-31 13:12:28,15700.0,100,Sell,227710929
2024-07-31 13:12:28,15700.0,200,Sell,227710930
2024-07-31 13:12:58,15700.0,100,Sell,227711722
2024-07-31 13:13:04,15750.0,200,Buy,227711851
2024-07-31 13:13:08,15700.0,700,Sell,227711946
2024-07-31 13:13:08,15700.0,200,Sell,227711944
2024-07-31 13:13:08,15700.0,100,Sell,227711945
2024-07-31 13:13:48,15750.0,100,Buy,227712800
2024-07-31 13:14:16,15700.0,200,Sell,227713522
2024-07-31 13:14:37,15700.0,800,Sell,227714116
2024-07-31 13:14:37,15700.0,5600,Sell,227714117
2024-07-31 13:14:40,15750.0,2100,Buy,227714156
2024-07-31 13:14:40,15750.0,100,Buy,227714157
2024-07-31 13:14:40,15750.0,100,Buy,227714158
2024-07-31 13:15:28,15700.0,8000,Sell,227715741
2024-07-31 13:15:44,15700.0,100,Sell,227716246
2024-07-31 13:15:58,15700.0,1200,Sell,227716711
2024-07-31 13:16:04,15750.0,100,Buy,227716866
2024-07-31 13:16:04,15750.0,200,Buy,227716863
2024-07-31 13:16:04,15750.0,200,Buy,227716864
2024-07-31 13:16:04,15750.0,100,Buy,227716865
2024-07-31 13:16:18,15750.0,400,Buy,227717170
2024-07-31 13:16:25,15750.0,500,Buy,227717428
2024-07-31 13:16:25,15750.0,500,Buy,227717429
2024-07-31 13:16:25,15750.0,1000,Buy,227717430
2024-07-31 13:16:29,15750.0,100,Buy,227717554
2024-07-31 13:16:31,15700.0,3600,Sell,227717625
2024-07-31 13:16:57,15700.0,500,Sell,227718440
2024-07-31 13:16:57,15750.0,500,Buy,227718441
2024-07-31 13:17:04,15700.0,100,Sell,227718619
2024-07-31 13:17:09,15700.0,1500,Sell,227718774
2024-07-31 13:17:09,15700.0,500,Sell,227718773
2024-07-31 13:17:09,15700.0,20900,Sell,227718770
2024-07-31 13:17:09,15700.0,7000,Sell,227718771
2024-07-31 13:17:09,15700.0,100,Sell,227718772
2024-07-31 13:17:27,15700.0,500,Sell,227719222
2024-07-31 13:17:35,15700.0,1000,Sell,227719464
2024-07-31 13:17:35,15700.0,100,Sell,227719465
2024-07-31 13:17:42,15700.0,600,Sell,227719662
2024-07-31 13:17:42,15700.0,100,Sell,227719663
2024-07-31 13:17:42,15700.0,400,Sell,227719661
2024-07-31 13:17:42,15700.0,100,Sell,227719664
2024-07-31 13:17:42,15700.0,1000,Sell,227719659
2024-07-31 13:17:42,15700.0,100,Sell,227719657
2024-07-31 13:17:42,15700.0,200,Sell,227719660
2024-07-31 13:17:42,15700.0,500,Sell,227719658
2024-07-31 13:17:55,15700.0,200,Sell,227720066
2024-07-31 13:17:57,15700.0,500,Sell,227720135
2024-07-31 13:18:04,15700.0,200,Sell,227720316
2024-07-31 13:18:04,15700.0,300,Sell,227720317
2024-07-31 13:18:05,15700.0,100,Sell,227720346
2024-07-31 13:18:05,15700.0,100,Sell,227720347
2024-07-31 13:18:05,15700.0,400,Sell,227720348
2024-07-31 13:18:05,15700.0,300,Sell,227720349
2024-07-31 13:18:05,15700.0,100,Sell,227720350
2024-07-31 13:18:07,15700.0,100,Sell,227720388
2024-07-31 13:18:13,15750.0,1600,Buy,227720513
2024-07-31 13:18:13,15750.0,400,Buy,227720512
2024-07-31 13:18:32,15750.0,500,Buy,227721018
2024-07-31 13:18:39,15750.0,200,Buy,227721203
2024-07-31 13:18:41,15750.0,500,Buy,227721259
2024-07-31 13:18:50,15750.0,900,Buy,227721573
2024-07-31 13:18:51,15700.0,600,Sell,227721610
2024-07-31 13:18:51,15700.0,100,Sell,227721611
2024-07-31 13:18:51,15700.0,100,Sell,227721612
2024-07-31 13:18:51,15700.0,10000,Sell,227721613
2024-07-31 13:18:51,15700.0,4200,Sell,227721614
2024-07-31 13:18:52,15700.0,500,Sell,227721845
2024-07-31 13:18:59,15750.0,1000,Buy,227722011
2024-07-31 13:19:05,15700.0,100,Sell,227722210
2024-07-31 13:19:09,15700.0,100,Sell,227722398
2024-07-31 13:19:35,15700.0,3300,Sell,227723210
2024-07-31 13:19:35,15700.0,200,Sell,227723211
2024-07-31 13:19:35,15700.0,200,Sell,227723212
2024-07-31 13:19:35,15700.0,300,Sell,227723213
2024-07-31 13:19:35,15700.0,6000,Sell,227723214
2024-07-31 13:19:37,15700.0,27500,Sell,227723279
2024-07-31 13:19:42,15700.0,500,Sell,227723415
2024-07-31 13:19:43,15700.0,500,Sell,227723455
2024-07-31 13:19:46,15700.0,2000,Sell,227723551
2024-07-31 13:19:47,15700.0,900,Sell,227723569
2024-07-31 13:19:51,15700.0,300,Sell,227723732
2024-07-31 13:19:51,15700.0,300,Sell,227723731
2024-07-31 13:19:51,15700.0,100,Sell,227723730
2024-07-31 13:19:51,15700.0,1000,Sell,227723729
2024-07-31 13:19:51,15700.0,22000,Sell,227723728
2024-07-31 13:19:51,15700.0,1000,Sell,227723727
2024-07-31 13:19:51,15700.0,100,Sell,227723725
2024-07-31 13:19:51,15700.0,500,Sell,227723726
2024-07-31 13:19:51,15700.0,300,Sell,227723723
2024-07-31 13:19:51,15700.0,600,Sell,227723717
2024-07-31 13:19:51,15700.0,10000,Sell,227723718
2024-07-31 13:19:51,15700.0,1200,Sell,227723719
2024-07-31 13:19:51,15700.0,300,Sell,227723724
2024-07-31 13:19:51,15700.0,100,Sell,227723721
2024-07-31 13:19:51,15700.0,1900,Sell,227723720
2024-07-31 13:19:51,15700.0,1900,Sell,227723722
2024-07-31 13:20:08,15700.0,400,Buy,227724314
2024-07-31 13:20:20,15700.0,200,Buy,227724644
2024-07-31 13:20:30,15700.0,2000,Buy,227724867
2024-07-31 13:20:30,15700.0,3000,Buy,227724877
2024-07-31 13:20:41,15700.0,2800,Buy,227725128
2024-07-31 13:20:41,15700.0,200,Buy,227725129
2024-07-31 13:20:47,15700.0,100,Buy,227725444
2024-07-31 13:20:47,15700.0,100,Buy,227725443
2024-07-31 13:20:48,15700.0,2000,Buy,227725465
2024-07-31 13:20:52,15700.0,100,Buy,227725588
2024-07-31 13:21:02,15700.0,300,Buy,227725845
2024-07-31 13:21:14,15700.0,100,Buy,227726245
2024-07-31 13:21:49,15700.0,2000,Buy,227727266
2024-07-31 13:21:50,15700.0,700,Buy,227727268
2024-07-31 13:21:53,15700.0,500,Buy,227727333
2024-07-31 13:22:09,15650.0,300,Sell,227727850
2024-07-31 13:22:23,15650.0,500,Sell,227728297
2024-07-31 13:22:32,15700.0,500,Buy,227728503
2024-07-31 13:22:51,15700.0,500,Buy,227729113
2024-07-31 13:23:33,15700.0,500,Buy,227730272
2024-07-31 13:23:36,15700.0,1500,Buy,227730357
2024-07-31 13:23:53,15700.0,100,Buy,227730872
2024-07-31 13:23:57,15700.0,100,Buy,227731030
2024-07-31 13:24:11,15700.0,800,Buy,227731462
2024-07-31 13:24:13,15650.0,1600,Sell,227731511
2024-07-31 13:24:13,15650.0,100,Sell,227731510
2024-07-31 13:24:13,15650.0,300,Sell,227731509
2024-07-31 13:24:13,15650.0,500,Sell,227731508
2024-07-31 13:24:13,15650.0,1200,Sell,227731506
2024-07-31 13:24:13,15650.0,500,Sell,227731505
2024-07-31 13:24:13,15650.0,100,Sell,227731504
2024-07-31 13:24:13,15650.0,500,Sell,227731503
2024-07-31 13:24:13,15650.0,200,Sell,227731507
2024-07-31 13:24:20,15700.0,200,Buy,227731688
2024-07-31 13:24:20,15700.0,200,Buy,227731689
2024-07-31 13:24:27,15700.0,400,Buy,227731892
2024-07-31 13:24:27,15700.0,1000,Buy,227731891
2024-07-31 13:24:27,15700.0,300,Buy,227731890
2024-07-31 13:24:27,15700.0,1000,Buy,227731888
2024-07-31 13:24:27,15700.0,1000,Buy,227731889
2024-07-31 13:24:27,15700.0,300,Buy,227731887
2024-07-31 13:24:44,15700.0,100,Buy,227732525
2024-07-31 13:24:48,15700.0,100,Buy,227732648
2024-07-31 13:25:08,15700.0,400,Buy,227733276
2024-07-31 13:25:08,15700.0,100,Buy,227733277
2024-07-31 13:25:08,15700.0,1000,Buy,227733278
2024-07-31 13:25:08,15700.0,100,Buy,227733279
2024-07-31 13:25:09,15700.0,200,Buy,227733312
2024-07-31 13:25:14,15700.0,2100,Buy,227733444
2024-07-31 13:25:14,15700.0,200,Buy,227733441
2024-07-31 13:25:14,15700.0,2000,Buy,227733442
2024-07-31 13:25:14,15700.0,2000,Buy,227733443
2024-07-31 13:25:19,15700.0,600,Buy,227733563
2024-07-31 13:25:27,15700.0,2800,Buy,227733755
2024-07-31 13:25:35,15700.0,1000,Buy,227733948
2024-07-31 13:25:39,15650.0,1000,Sell,227734079
2024-07-31 13:25:39,15650.0,400,Sell,227734083
2024-07-31 13:25:57,15650.0,5000,Sell,227734554
2024-07-31 13:25:57,15650.0,3300,Sell,227734556
2024-07-31 13:25:57,15650.0,3000,Sell,227734555
2024-07-31 13:25:57,15650.0,8000,Sell,227734553
2024-07-31 13:25:57,15650.0,200,Sell,227734552
2024-07-31 13:25:57,15650.0,200,Sell,227734550
2024-07-31 13:25:57,15650.0,500,Sell,227734549
2024-07-31 13:25:57,15650.0,500,Sell,227734548
2024-07-31 13:25:57,15650.0,1000,Sell,227734547
2024-07-31 13:25:57,15650.0,300,Sell,227734551
2024-07-31 13:26:31,15650.0,1100,Sell,227735525
2024-07-31 13:26:42,15700.0,400,Buy,227735822
2024-07-31 13:26:43,15650.0,500,Sell,227735843
2024-07-31 13:26:50,15650.0,2000,Sell,227735984
2024-07-31 13:26:59,15650.0,500,Sell,227736146
2024-07-31 13:27:16,15650.0,200,Sell,227736484
2024-07-31 13:27:19,15700.0,200,Buy,227736690
2024-07-31 13:27:19,15650.0,5000,Sell,227736699
2024-07-31 13:27:22,15650.0,500,Sell,227736751
2024-07-31 13:27:30,15650.0,100,Sell,227736924
2024-07-31 13:27:33,15700.0,2300,Buy,227736971
2024-07-31 13:27:46,15700.0,1000,Buy,227737439
2024-07-31 13:27:49,15650.0,300,Sell,227737495
2024-07-31 13:28:04,15650.0,1200,Sell,227738028
2024-07-31 13:28:09,15700.0,500,Buy,227738179
2024-07-31 13:28:26,15650.0,1500,Sell,227738722
2024-07-31 13:28:39,15650.0,2000,Sell,227739069
2024-07-31 13:28:41,15650.0,100,Sell,227739158
2024-07-31 13:28:52,15650.0,300,Sell,227739452
2024-07-31 13:29:14,15650.0,200,Sell,227740105
2024-07-31 13:29:19,15650.0,1000,Sell,227740235
2024-07-31 13:29:23,15700.0,2400,Buy,227740347
2024-07-31 13:29:26,15650.0,3000,Sell,227740399
2024-07-31 13:29:55,15650.0,37200,Sell,227741305
2024-07-31 13:29:55,15650.0,500,Sell,227741306
2024-07-31 13:29:55,15650.0,400,Sell,227741307
2024-07-31 13:29:55,15650.0,100,Sell,227741308
2024-07-31 13:29:55,15650.0,100,Sell,227741309
2024-07-31 13:29:55,15650.0,300,Sell,227741310
2024-07-31 13:29:55,15650.0,100,Sell,227741311
2024-07-31 13:29:55,15650.0,500,Sell,227741312
2024-07-31 13:29:55,15650.0,100,Sell,227741313
2024-07-31 13:29:55,15650.0,100,Sell,227741314
2024-07-31 13:29:55,15650.0,600,Sell,227741315
2024-07-31 13:30:11,15650.0,3000,Sell,227741638
2024-07-31 13:30:23,15650.0,100,Sell,227741972
2024-07-31 13:30:23,15650.0,2000,Sell,227741973
2024-07-31 13:30:23,15650.0,300,Sell,227741974
2024-07-31 13:30:23,15650.0,900,Sell,227741975
2024-07-31 13:30:23,15650.0,700,Sell,227741976
2024-07-31 13:30:23,15650.0,200,Sell,227741977
2024-07-31 13:30:23,15650.0,5000,Sell,227741981
2024-07-31 13:30:23,15650.0,500,Sell,227741978
2024-07-31 13:30:23,15650.0,200,Sell,227741979
2024-07-31 13:30:23,15650.0,100,Sell,227741970
2024-07-31 13:30:23,15650.0,100,Sell,227741980
2024-07-31 13:30:23,15650.0,100,Sell,227741971
2024-07-31 13:30:23,15650.0,700,Sell,227741982
2024-07-31 13:30:23,15650.0,100,Sell,227741990
2024-07-31 13:30:23,15650.0,1000,Sell,227741984
2024-07-31 13:30:23,15650.0,10000,Sell,227741985
2024-07-31 13:30:23,15650.0,500,Sell,227741986
2024-07-31 13:30:23,15650.0,200,Sell,227741987
2024-07-31 13:30:23,15650.0,1000,Sell,227741988
2024-07-31 13:30:23,15650.0,1000,Sell,227741989
2024-07-31 13:30:23,15650.0,2000,Sell,227741991
2024-07-31 13:30:23,15650.0,100,Sell,227741992
2024-07-31 13:30:23,15650.0,3000,Sell,227741993
2024-07-31 13:30:23,15650.0,100,Sell,227741994
2024-07-31 13:30:23,15650.0,200,Sell,227741995
2024-07-31 13:30:23,15650.0,100,Sell,227741996
2024-07-31 13:30:23,15650.0,1000,Sell,227741997
2024-07-31 13:30:23,15650.0,21900,Sell,227741983
2024-07-31 13:30:23,15650.0,200,Sell,227741969
2024-07-31 13:30:23,15650.0,21000,Sell,227741956
2024-07-31 13:30:23,15650.0,200,Sell,227741967
2024-07-31 13:30:23,15650.0,200,Sell,227741968
2024-07-31 13:30:23,15650.0,1400,Sell,227741938
2024-07-31 13:30:23,15650.0,5500,Sell,227741939
2024-07-31 13:30:23,15650.0,1000,Sell,227741940
2024-07-31 13:30:23,15650.0,3000,Sell,227741941
2024-07-31 13:30:23,15650.0,100,Sell,227741942
2024-07-31 13:30:23,15650.0,500,Sell,227741943
2024-07-31 13:30:23,15650.0,500,Sell,227741944
2024-07-31 13:30:23,15650.0,200,Sell,227741945
2024-07-31 13:30:23,15650.0,600,Sell,227741946
2024-07-31 13:30:23,15650.0,2000,Sell,227741947
2024-07-31 13:30:23,15650.0,4200,Sell,227741948
2024-07-31 13:30:23,15650.0,200,Sell,227741949
2024-07-31 13:30:23,15650.0,100,Sell,227741950
2024-07-31 13:30:23,15650.0,100,Sell,227741953
2024-07-31 13:30:23,15650.0,100,Sell,227741952
2024-07-31 13:30:23,15650.0,200,Sell,227741965
2024-07-31 13:30:23,15650.0,100,Sell,227741964
2024-07-31 13:30:23,15650.0,300,Sell,227741963
2024-07-31 13:30:23,15650.0,500,Sell,227741962
2024-07-31 13:30:23,15650.0,1000,Sell,227741961
2024-07-31 13:30:23,15650.0,1000,Sell,227741960
2024-07-31 13:30:23,15650.0,100,Sell,227741966
2024-07-31 13:30:23,15650.0,500,Sell,227741958
2024-07-31 13:30:23,15650.0,100,Sell,227741951
2024-07-31 13:30:23,15650.0,300,Sell,227741954
2024-07-31 13:30:23,15650.0,1500,Sell,227741959
2024-07-31 13:30:23,15650.0,100,Sell,227741957
2024-07-31 13:30:23,15650.0,1000,Sell,227741955
2024-07-31 13:30:42,15650.0,500,Buy,227742486
2024-07-31 13:30:55,15650.0,3000,Buy,227742903
2024-07-31 13:31:32,15650.0,200,Buy,227743955
2024-07-31 13:31:35,15650.0,1000,Buy,227744026
2024-07-31 13:31:47,15650.0,100,Buy,227744398
2024-07-31 13:31:54,15650.0,100,Buy,227744558
2024-07-31 13:32:00,15650.0,1000,Buy,227744686
2024-07-31 13:32:03,15650.0,1000,Buy,227744838
2024-07-31 13:32:09,15650.0,300,Buy,227745063
2024-07-31 13:32:12,15650.0,500,Buy,227745133
2024-07-31 13:32:13,15650.0,500,Buy,227745153
2024-07-31 13:32:13,15650.0,500,Buy,227745173
2024-07-31 13:32:15,15650.0,200,Buy,227745200
2024-07-31 13:32:25,15600.0,500,Sell,227745519
2024-07-31 13:32:28,15600.0,300,Sell,227745572
2024-07-31 13:32:30,15650.0,1900,Buy,227745614
2024-07-31 13:32:31,15650.0,28300,Buy,227745725
2024-07-31 13:32:31,15650.0,21700,Buy,227745726
2024-07-31 13:32:32,15650.0,8300,Buy,227745738
2024-07-31 13:32:32,15650.0,100,Buy,227745739
2024-07-31 13:32:32,15650.0,2000,Buy,227745740
2024-07-31 13:32:32,15650.0,1100,Buy,227745741
2024-07-31 13:32:32,15650.0,20000,Buy,227745742
2024-07-31 13:32:32,15650.0,1000,Buy,227745743
2024-07-31 13:32:32,15650.0,3600,Buy,227745744
2024-07-31 13:32:32,15650.0,200,Buy,227745745
2024-07-31 13:32:32,15650.0,200,Buy,227745746
2024-07-31 13:32:32,15650.0,5000,Buy,227745747
2024-07-31 13:32:32,15650.0,100,Buy,227745748
2024-07-31 13:32:41,15650.0,100,Sell,227746009
2024-07-31 13:32:50,15700.0,1000,Buy,227746253
2024-07-31 13:33:00,15650.0,300,Sell,227746533
2024-07-31 13:33:23,15650.0,100,Sell,227747064
2024-07-31 13:33:48,15650.0,500,Sell,227747823
2024-07-31 13:33:48,15650.0,200,Sell,227747824
2024-07-31 13:33:48,15650.0,4300,Sell,227747825
2024-07-31 13:33:57,15700.0,200,Buy,227748033
2024-07-31 13:35:09,15650.0,700,Sell,227749901
2024-07-31 13:35:09,15650.0,1000,Sell,227749902
2024-07-31 13:35:09,15650.0,2000,Sell,227749903
2024-07-31 13:35:09,15650.0,300,Sell,227749904
2024-07-31 13:35:16,15700.0,100,Buy,227750120
2024-07-31 13:35:42,15700.0,1900,Buy,227750696
2024-07-31 13:36:03,15650.0,300,Sell,227751122
2024-07-31 13:36:03,15650.0,100,Sell,227751120
2024-07-31 13:36:03,15650.0,100,Sell,227751121
2024-07-31 13:36:03,15650.0,600,Sell,227751118
2024-07-31 13:36:03,15650.0,200,Sell,227751117
2024-07-31 13:36:03,15650.0,100,Sell,227751119
2024-07-31 13:36:39,15650.0,200,Sell,227751907
2024-07-31 13:36:39,15650.0,2000,Sell,227751906
2024-07-31 13:36:39,15650.0,700,Sell,227751908
2024-07-31 13:36:39,15650.0,100,Sell,227751904
2024-07-31 13:36:39,15650.0,1000,Sell,227751903
2024-07-31 13:36:39,15650.0,1000,Sell,227751902
2024-07-31 13:36:39,15650.0,5000,Sell,227751905
2024-07-31 13:36:43,15650.0,1000,Sell,227752008
2024-07-31 13:36:44,15650.0,500,Sell,227752032
2024-07-31 13:36:48,15650.0,100,Sell,227752113
2024-07-31 13:36:58,15650.0,700,Sell,227752358
2024-07-31 13:36:58,15650.0,200,Sell,227752359
2024-07-31 13:36:58,15650.0,400,Sell,227752360
2024-07-31 13:36:58,15650.0,2300,Sell,227752361
2024-07-31 13:37:52,15650.0,100,Sell,227753488
2024-07-31 13:38:08,15650.0,300,Sell,227753737
2024-07-31 13:38:18,15650.0,1000,Sell,227753902
2024-07-31 13:38:48,15650.0,100,Sell,227754513
2024-07-31 13:39:36,15650.0,800,Sell,227755411
2024-07-31 13:39:36,15650.0,800,Sell,227755410
2024-07-31 13:39:36,15650.0,400,Sell,227755408
2024-07-31 13:39:36,15650.0,1000,Sell,227755407
2024-07-31 13:39:36,15650.0,500,Sell,227755409
2024-07-31 13:39:55,15650.0,1100,Sell,227755976
2024-07-31 13:39:58,15650.0,100,Sell,227756040
2024-07-31 13:40:01,15650.0,500,Sell,227756110
2024-07-31 13:40:03,15650.0,100,Sell,227756178
2024-07-31 13:40:46,15650.0,300,Sell,227756954
2024-07-31 13:40:53,15650.0,100,Sell,227757099
2024-07-31 13:40:53,15650.0,300,Sell,227757100
2024-07-31 13:40:59,15650.0,2000,Sell,227757186
2024-07-31 13:41:24,15650.0,100,Sell,227757643
2024-07-31 13:41:53,15650.0,5000,Sell,227758149
2024-07-31 13:42:14,15650.0,500,Sell,227758464
2024-07-31 13:43:03,15650.0,100,Sell,227759461
2024-07-31 13:43:20,15700.0,100,Buy,227759758
2024-07-31 13:43:27,15700.0,1600,Buy,227759885
2024-07-31 13:43:39,15700.0,300,Buy,227760128
2024-07-31 13:44:08,15700.0,100,Buy,227760765
2024-07-31 13:44:09,15700.0,200,Buy,227760788
2024-07-31 13:44:26,15650.0,100,Sell,227761205
2024-07-31 13:44:31,15700.0,2700,Buy,227761312
2024-07-31 13:44:37,15700.0,100,Buy,227761392
2024-07-31 13:44:40,15700.0,200,Buy,227761477
2024-07-31 13:44:53,15700.0,100,Buy,227761676
2024-07-31 13:45:06,15700.0,100,Buy,227762059
2024-07-31 13:45:34,15700.0,1900,Buy,227762603
2024-07-31 13:46:24,15650.0,1000,Sell,227763554
2024-07-31 13:46:36,15700.0,3000,Buy,227763771
2024-07-31 13:46:51,15700.0,100,Buy,227764199
2024-07-31 13:46:55,15700.0,100,Buy,227764295
2024-07-31 13:46:58,15700.0,100,Buy,227764352
2024-07-31 13:46:58,15700.0,2900,Buy,227764350
2024-07-31 13:46:58,15700.0,500,Buy,227764351
2024-07-31 13:47:09,15700.0,700,Buy,227764661
2024-07-31 13:47:09,15700.0,200,Buy,227764660
2024-07-31 13:47:28,15700.0,500,Buy,227765412
2024-07-31 13:47:28,15700.0,1100,Buy,227765411
2024-07-31 13:47:28,15700.0,3100,Buy,227765409
2024-07-31 13:47:28,15700.0,300,Buy,227765408
2024-07-31 13:47:28,15700.0,1000,Buy,227765410
2024-07-31 13:47:44,15700.0,100,Buy,227765947
2024-07-31 13:47:46,15700.0,1000,Buy,227766032
2024-07-31 13:47:58,15700.0,300,Buy,227766491
2024-07-31 13:48:09,15700.0,3000,Buy,227766809
2024-07-31 13:48:10,15700.0,100,Buy,227766835
2024-07-31 13:48:31,15700.0,900,Buy,227767370
2024-07-31 13:48:52,15650.0,2000,Sell,227768064
2024-07-31 13:49:07,15700.0,100,Buy,227768492
2024-07-31 13:49:07,15700.0,300,Buy,227768493
2024-07-31 13:49:07,15700.0,200,Buy,227768494
2024-07-31 13:49:07,15700.0,100,Buy,227768495
2024-07-31 13:49:07,15700.0,2000,Buy,227768496
2024-07-31 13:49:07,15700.0,200,Buy,227768497
2024-07-31 13:49:07,15700.0,400,Buy,227768491
2024-07-31 13:49:10,15650.0,500,Sell,227768577
2024-07-31 13:49:21,15650.0,3600,Sell,227768992
2024-07-31 13:49:23,15650.0,1900,Sell,227769054
2024-07-31 13:49:25,15650.0,4000,Sell,227769129
2024-07-31 13:49:28,15650.0,5000,Sell,227769272
2024-07-31 13:49:29,15650.0,100,Sell,227769322
2024-07-31 13:49:38,15650.0,100,Sell,227769554
2024-07-31 13:49:44,15650.0,1000,Sell,227769708
2024-07-31 13:49:47,15650.0,100,Sell,227769822
2024-07-31 13:49:50,15650.0,5000,Sell,227769904
2024-07-31 13:49:51,15700.0,100,Buy,227769936
2024-07-31 13:49:57,15700.0,200,Buy,227770118
2024-07-31 13:49:57,15700.0,100,Buy,227770119
2024-07-31 13:49:57,15700.0,1700,Buy,227770120
2024-07-31 13:50:03,15650.0,200,Sell,227770288
2024-07-31 13:50:11,15650.0,600,Sell,227770653
2024-07-31 13:50:12,15700.0,800,Buy,227770787
2024-07-31 13:50:18,15650.0,400,Sell,227770970
2024-07-31 13:50:30,15700.0,100,Buy,227771393
2024-07-31 13:50:35,15650.0,200,Sell,227771615
2024-07-31 13:50:43,15650.0,700,Sell,227771910
2024-07-31 13:50:51,15700.0,100,Buy,227772090
2024-07-31 13:50:54,15650.0,500,Sell,227772173
2024-07-31 13:51:17,15700.0,900,Buy,227772913
2024-07-31 13:51:25,15700.0,1000,Buy,227773175
2024-07-31 13:51:37,15650.0,400,Sell,227773519
2024-07-31 13:51:39,15650.0,1000,Sell,227773599
2024-07-31 13:52:03,15650.0,1000,Sell,227774266
2024-07-31 13:52:03,15650.0,2700,Sell,227774265
2024-07-31 13:52:03,15650.0,1300,Sell,227774267
2024-07-31 13:52:36,15650.0,1700,Sell,227775421
2024-07-31 13:52:36,15650.0,800,Sell,227775422
2024-07-31 13:52:39,15650.0,1200,Sell,227775492
2024-07-31 13:52:39,15650.0,300,Sell,227775493
2024-07-31 13:52:39,15650.0,2000,Sell,227775494
2024-07-31 13:52:39,15650.0,1000,Sell,227775495
2024-07-31 13:52:39,15650.0,500,Sell,227775496
2024-07-31 13:52:43,15650.0,100,Sell,227775953
2024-07-31 13:52:48,15650.0,200,Sell,227776166
2024-07-31 13:53:02,15650.0,100,Sell,227777416
2024-07-31 13:53:20,15650.0,1100,Sell,227778128
2024-07-31 13:53:26,15650.0,200,Sell,227778293
2024-07-31 13:53:26,15650.0,400,Sell,227778294
2024-07-31 13:53:26,15650.0,300,Sell,227778296
2024-07-31 13:53:26,15650.0,2000,Sell,227778295
2024-07-31 13:53:26,15650.0,800,Sell,227778297
2024-07-31 13:53:26,15650.0,100,Sell,227778313
2024-07-31 13:53:26,15650.0,100,Sell,227778308
2024-07-31 13:53:26,15650.0,200,Sell,227778309
2024-07-31 13:53:26,15650.0,100,Sell,227778310
2024-07-31 13:53:26,15650.0,4500,Sell,227778292
2024-07-31 13:53:26,15650.0,5300,Sell,227778314
2024-07-31 13:53:26,15650.0,1200,Sell,227778307
2024-07-31 13:53:26,15650.0,500,Sell,227778291
2024-07-31 13:53:26,15650.0,2500,Sell,227778312
2024-07-31 13:53:26,15650.0,100,Sell,227778289
2024-07-31 13:53:26,15650.0,100,Sell,227778290
2024-07-31 13:53:26,15650.0,2000,Sell,227778277
2024-07-31 13:53:26,15650.0,1200,Sell,227778278
2024-07-31 13:53:26,15650.0,500,Sell,227778279
2024-07-31 13:53:26,15650.0,600,Sell,227778280
2024-07-31 13:53:26,15650.0,500,Sell,227778281
2024-07-31 13:53:26,15650.0,500,Sell,227778311
2024-07-31 13:53:26,15650.0,200,Sell,227778283
2024-07-31 13:53:26,15650.0,900,Sell,227778284
2024-07-31 13:53:26,15650.0,100,Sell,227778282
2024-07-31 13:53:26,15650.0,100,Sell,227778285
2024-07-31 13:53:26,15650.0,1000,Sell,227778286
2024-07-31 13:53:26,15650.0,1000,Sell,227778287
2024-07-31 13:53:26,15650.0,2000,Sell,227778288
2024-07-31 13:53:42,15650.0,1000,Sell,227778899
2024-07-31 13:54:05,15650.0,500,Sell,227779958
2024-07-31 13:54:05,15650.0,1500,Sell,227779959
2024-07-31 13:54:32,15650.0,1700,Sell,227781196
2024-07-31 13:54:32,15650.0,100,Sell,227781195
2024-07-31 13:54:32,15650.0,400,Sell,227781194
2024-07-31 13:54:32,15650.0,500,Sell,227781193
2024-07-31 13:54:32,15650.0,1000,Sell,227781192
2024-07-31 13:54:32,15650.0,1000,Sell,227781191
2024-07-31 13:54:32,15650.0,300,Sell,227781190
2024-07-31 13:54:44,15650.0,2000,Sell,227781966
2024-07-31 13:54:44,15650.0,300,Sell,227781965
2024-07-31 13:54:44,15650.0,100,Sell,227781964
2024-07-31 13:54:44,15650.0,1400,Sell,227781967
2024-07-31 13:54:44,15650.0,5000,Sell,227781963
2024-07-31 13:54:44,15650.0,100,Sell,227781962
2024-07-31 13:54:44,15650.0,100,Sell,227781961
2024-07-31 13:54:44,15650.0,500,Sell,227781960
2024-07-31 13:54:44,15650.0,3000,Sell,227781955
2024-07-31 13:54:44,15650.0,500,Sell,227781949
2024-07-31 13:54:44,15650.0,400,Sell,227781953
2024-07-31 13:54:44,15650.0,1000,Sell,227781952
2024-07-31 13:54:44,15650.0,1000,Sell,227781951
2024-07-31 13:54:44,15650.0,300,Sell,227781950
2024-07-31 13:54:44,15650.0,1000,Sell,227781948
2024-07-31 13:54:44,15650.0,700,Sell,227781947
2024-07-31 13:54:44,15650.0,1000,Sell,227781946
2024-07-31 13:54:44,15650.0,100,Sell,227781954
2024-07-31 13:54:44,15650.0,300,Sell,227781945
2024-07-31 13:55:19,15650.0,1100,Buy,227784246
2024-07-31 13:55:41,15600.0,100,Sell,227785432
2024-07-31 13:55:41,15650.0,100,Buy,227785433
2024-07-31 13:55:41,15650.0,100,Buy,227785434
2024-07-31 13:55:43,15650.0,900,Buy,227785541
2024-07-31 13:55:58,15600.0,6000,Sell,227786305
2024-07-31 13:56:05,15650.0,1000,Buy,227786684
2024-07-31 13:56:16,15600.0,1300,Sell,227787194
2024-07-31 13:56:16,15600.0,1000,Sell,227787231
2024-07-31 13:56:16,15600.0,100,Sell,227787232
2024-07-31 13:56:16,15600.0,2000,Sell,227787233
2024-07-31 13:56:16,15600.0,1000,Sell,227787234
2024-07-31 13:56:16,15600.0,1200,Sell,227787235
2024-07-31 13:56:16,15600.0,100,Sell,227787236
2024-07-31 13:56:16,15600.0,100,Sell,227787237
2024-07-31 13:56:16,15600.0,100,Sell,227787238
2024-07-31 13:56:16,15600.0,1000,Sell,227787239
2024-07-31 13:56:16,15600.0,100,Sell,227787240
2024-07-31 13:56:16,15600.0,100,Sell,227787241
2024-07-31 13:56:16,15600.0,100,Sell,227787242
2024-07-31 13:56:16,15600.0,200,Sell,227787243
2024-07-31 13:56:16,15600.0,100,Sell,227787244
2024-07-31 13:56:16,15600.0,1000,Sell,227787245
2024-07-31 13:56:16,15600.0,100,Sell,227787247
2024-07-31 13:56:16,15600.0,100,Sell,227787248
2024-07-31 13:56:16,15600.0,600,Sell,227787249
2024-07-31 13:56:16,15650.0,500,Buy,227787291
2024-07-31 13:56:16,15600.0,100,Sell,227787230
2024-07-31 13:56:16,15600.0,200,Sell,227787229
2024-07-31 13:56:16,15600.0,100,Sell,227787246
2024-07-31 13:56:16,15600.0,200,Sell,227787227
2024-07-31 13:56:16,15600.0,100,Sell,227787228
2024-07-31 13:56:16,15600.0,700,Sell,227787195
2024-07-31 13:56:16,15600.0,100,Sell,227787197
2024-07-31 13:56:16,15600.0,100,Sell,227787198
2024-07-31 13:56:16,15600.0,4000,Sell,227787199
2024-07-31 13:56:16,15600.0,1000,Sell,227787200
2024-07-31 13:56:16,15600.0,100,Sell,227787201
2024-07-31 13:56:16,15600.0,500,Sell,227787202
2024-07-31 13:56:16,15600.0,1000,Sell,227787203
2024-07-31 13:56:16,15600.0,1000,Sell,227787204
2024-07-31 13:56:16,15600.0,2000,Sell,227787196
2024-07-31 13:56:16,15600.0,100,Sell,227787206
2024-07-31 13:56:16,15600.0,1000,Sell,227787205
2024-07-31 13:56:16,15600.0,1000,Sell,227787226
2024-07-31 13:56:16,15600.0,4000,Sell,227787224
2024-07-31 13:56:16,15600.0,100,Sell,227787223
2024-07-31 13:56:16,15600.0,500,Sell,227787225
2024-07-31 13:56:16,15600.0,4000,Sell,227787221
2024-07-31 13:56:16,15600.0,700,Sell,227787209
2024-07-31 13:56:16,15600.0,15000,Sell,227787208
2024-07-31 13:56:16,15600.0,2000,Sell,227787207
2024-07-31 13:56:16,15600.0,100,Sell,227787222
2024-07-31 13:56:48,15600.0,300,Sell,227789187
2024-07-31 13:56:53,15600.0,100,Sell,227789424
2024-07-31 13:57:06,15600.0,100,Sell,227790035
2024-07-31 13:57:06,15600.0,900,Sell,227790036
2024-07-31 13:57:11,15600.0,100,Sell,227790311
2024-07-31 13:57:11,15600.0,600,Sell,227790309
2024-07-31 13:57:11,15600.0,1100,Sell,227790308
2024-07-31 13:57:11,15600.0,28900,Sell,227790307
2024-07-31 13:57:11,15600.0,200,Sell,227790310
2024-07-31 13:57:11,15600.0,19100,Sell,227790305
2024-07-31 13:57:11,15600.0,500,Sell,227790306
2024-07-31 13:57:11,15600.0,100,Sell,227790301
2024-07-31 13:57:11,15600.0,300,Sell,227790304
2024-07-31 13:57:11,15600.0,1000,Sell,227790303
2024-07-31 13:57:11,15600.0,100,Sell,227790302
2024-07-31 13:57:16,15600.0,100,Sell,227790566
