time,price,volume,match_type,id
2024-08-20 09:14:39,14900.0,71900,ATO/ATC,232874135
2024-08-20 09:14:40,14950.0,1300,Buy,232874204
2024-08-20 09:14:40,14950.0,400,Buy,232874205
2024-08-20 09:14:41,14950.0,3000,Sell,232874220
2024-08-20 09:14:47,14950.0,400,Sell,232874311
2024-08-20 09:14:47,14950.0,300,Sell,232874308
2024-08-20 09:15:25,15000.0,100,Buy,232874970
2024-08-20 09:15:27,14950.0,100,Sell,232874995
2024-08-20 09:15:37,14950.0,1400,Sell,232875247
2024-08-20 09:15:38,14950.0,300,Sell,232875323
2024-08-20 09:15:38,14950.0,2100,Sell,232875320
2024-08-20 09:15:38,14950.0,100,Sell,232875321
2024-08-20 09:15:38,14950.0,100,Sell,232875322
2024-08-20 09:15:50,14950.0,600,Sell,232875643
2024-08-20 09:16:04,15000.0,400,Buy,232875883
2024-08-20 09:16:04,15000.0,100,Buy,232875884
2024-08-20 09:16:04,15000.0,100,Buy,232875885
2024-08-20 09:16:04,15000.0,200,Buy,232875886
2024-08-20 09:16:04,15000.0,100,Buy,232875887
2024-08-20 09:16:04,15000.0,100,Buy,232875888
2024-08-20 09:16:13,15000.0,700,Buy,232876115
2024-08-20 09:16:17,15000.0,100,Buy,232876166
2024-08-20 09:16:18,15000.0,300,Buy,232876195
2024-08-20 09:16:26,15000.0,500,Buy,232876393
2024-08-20 09:16:29,15000.0,1300,Buy,232876435
2024-08-20 09:16:29,15000.0,3000,Buy,232876436
2024-08-20 09:16:29,15000.0,700,Buy,232876437
2024-08-20 09:16:33,15000.0,100,Buy,232876533
2024-08-20 09:16:36,15000.0,2200,Buy,232876589
2024-08-20 09:16:36,15000.0,800,Buy,232876590
2024-08-20 09:16:39,15000.0,900,Buy,232876652
2024-08-20 09:16:39,15000.0,300,Buy,232876653
2024-08-20 09:16:49,15000.0,1000,Buy,232876887
2024-08-20 09:16:49,15000.0,1000,Buy,232876885
2024-08-20 09:16:49,15000.0,3000,Buy,232876886
2024-08-20 09:16:53,15000.0,1000,Buy,232877044
2024-08-20 09:16:58,15000.0,300,Buy,232877173
2024-08-20 09:16:59,15000.0,500,Buy,232877179
2024-08-20 09:16:59,15000.0,200,Buy,232877187
2024-08-20 09:16:59,15000.0,300,Buy,232877188
2024-08-20 09:17:00,15000.0,2700,Buy,232877217
2024-08-20 09:17:00,15000.0,3000,Buy,232877218
2024-08-20 09:17:00,15000.0,3000,Buy,232877219
2024-08-20 09:17:00,15000.0,1300,Buy,232877220
2024-08-20 09:17:09,15000.0,1000,Buy,232877453
2024-08-20 09:17:11,15000.0,600,Buy,232877503
2024-08-20 09:17:13,15000.0,100,Buy,232877562
2024-08-20 09:17:13,15000.0,3000,Buy,232877563
2024-08-20 09:17:13,15000.0,6900,Buy,232877564
2024-08-20 09:17:16,15000.0,2000,Buy,232877625
2024-08-20 09:17:16,15000.0,3200,Buy,232877624
2024-08-20 09:17:16,15000.0,48700,Buy,232877623
2024-08-20 09:17:16,15000.0,2000,Buy,232877621
2024-08-20 09:17:16,15000.0,500,Buy,232877622
2024-08-20 09:17:16,15000.0,5000,Buy,232877619
2024-08-20 09:17:16,15000.0,3100,Buy,232877616
2024-08-20 09:17:16,15000.0,100,Buy,232877620
2024-08-20 09:17:16,15000.0,3000,Buy,232877618
2024-08-20 09:17:16,15000.0,500,Buy,232877617
2024-08-20 09:17:29,15000.0,500,Sell,232877925
2024-08-20 09:17:31,15000.0,10000,Sell,232877991
2024-08-20 09:17:32,15000.0,400,Sell,232878013
2024-08-20 09:17:32,15000.0,200,Sell,232878014
2024-08-20 09:17:39,15050.0,100,Buy,232878179
2024-08-20 09:17:39,15050.0,600,Buy,232878180
2024-08-20 09:17:42,15050.0,1600,Buy,232878265
2024-08-20 09:17:42,15050.0,3000,Buy,232878264
2024-08-20 09:17:42,15050.0,3000,Buy,232878262
2024-08-20 09:17:42,15050.0,4400,Buy,232878261
2024-08-20 09:17:42,15050.0,3000,Buy,232878263
2024-08-20 09:17:43,15050.0,500,Buy,232878269
2024-08-20 09:17:49,15050.0,400,Buy,232878444
2024-08-20 09:17:49,15050.0,10000,Buy,232878441
2024-08-20 09:17:49,15050.0,2000,Buy,232878440
2024-08-20 09:17:49,15050.0,100,Buy,232878439
2024-08-20 09:17:49,15050.0,1000,Buy,232878438
2024-08-20 09:17:49,15050.0,1000,Buy,232878437
2024-08-20 09:17:49,15050.0,3000,Buy,232878435
2024-08-20 09:17:49,15050.0,3000,Buy,232878434
2024-08-20 09:17:49,15050.0,3000,Buy,232878433
2024-08-20 09:17:49,15050.0,3000,Buy,232878432
2024-08-20 09:17:49,15050.0,3000,Buy,232878431
2024-08-20 09:17:49,15050.0,900,Buy,232878430
2024-08-20 09:17:49,15050.0,2200,Buy,232878436
2024-08-20 09:18:00,15050.0,100,Sell,232878604
2024-08-20 09:18:09,15050.0,100,Sell,232878814
2024-08-20 09:18:10,15100.0,500,Buy,232878837
2024-08-20 09:18:12,15050.0,7300,Sell,232878897
2024-08-20 09:18:14,15050.0,2000,Sell,232879044
2024-08-20 09:18:17,15050.0,500,Sell,232879094
2024-08-20 09:18:17,15050.0,7900,Sell,232879093
2024-08-20 09:18:27,15050.0,2600,Buy,232879320
2024-08-20 09:18:28,15050.0,2000,Buy,232879346
2024-08-20 09:18:34,15050.0,1200,Buy,232879485
2024-08-20 09:18:35,15050.0,5800,Buy,232879499
2024-08-20 09:18:35,15050.0,4200,Buy,232879500
2024-08-20 09:18:42,15050.0,1800,Sell,232879731
2024-08-20 09:18:42,15050.0,100,Buy,232879682
2024-08-20 09:18:42,15050.0,100,Buy,232879681
2024-08-20 09:18:42,15050.0,800,Buy,232879679
2024-08-20 09:18:42,15050.0,200,Buy,232879680
2024-08-20 09:18:46,15050.0,2000,Buy,232879831
2024-08-20 09:18:46,15050.0,1000,Buy,232879830
2024-08-20 09:18:50,15050.0,100,Buy,232879917
2024-08-20 09:19:00,15050.0,10000,Buy,232880201
2024-08-20 09:19:06,15000.0,100,Sell,232880400
2024-08-20 09:19:14,15000.0,100,Sell,232880635
2024-08-20 09:19:16,15000.0,400,Sell,232880675
2024-08-20 09:19:19,15050.0,1000,Buy,232880731
2024-08-20 09:19:35,15000.0,1400,Sell,232881160
2024-08-20 09:19:37,15000.0,900,Sell,232881238
2024-08-20 09:19:42,15000.0,100,Sell,232881390
2024-08-20 09:19:56,15000.0,2900,Sell,232881752
2024-08-20 09:20:02,15000.0,500,Sell,232881904
2024-08-20 09:20:16,15000.0,300,Sell,232882233
2024-08-20 09:20:16,15000.0,300,Sell,232882234
2024-08-20 09:20:21,15000.0,100,Sell,232882369
2024-08-20 09:20:22,15000.0,500,Sell,232882373
2024-08-20 09:20:24,15000.0,1500,Sell,232882417
2024-08-20 09:20:28,15050.0,10100,Buy,232882497
2024-08-20 09:20:40,15000.0,3000,Sell,232882798
2024-08-20 09:20:47,15000.0,200,Sell,232882961
2024-08-20 09:20:47,15000.0,100,Sell,232882960
2024-08-20 09:20:47,15000.0,8700,Sell,232882958
2024-08-20 09:20:47,15000.0,1000,Sell,232882959
2024-08-20 09:20:51,15000.0,1000,Sell,232883076
2024-08-20 09:21:06,15000.0,500,Sell,232883451
2024-08-20 09:21:12,15050.0,1000,Buy,232883593
2024-08-20 09:21:19,15000.0,300,Sell,232883761
2024-08-20 09:21:19,15000.0,100,Sell,232883784
2024-08-20 09:21:28,15050.0,200,Buy,232883997
2024-08-20 09:22:11,15050.0,1000,Buy,232885141
2024-08-20 09:22:12,15000.0,7500,Sell,232885155
2024-08-20 09:22:13,15000.0,100,Sell,232885203
2024-08-20 09:22:13,15000.0,100,Sell,232885202
2024-08-20 09:22:13,15000.0,2400,Sell,232885201
2024-08-20 09:22:21,15000.0,2000,Sell,232885491
2024-08-20 09:22:21,15000.0,3000,Sell,232885492
2024-08-20 09:22:23,15000.0,7600,Sell,232885524
2024-08-20 09:22:23,15000.0,200,Sell,232885523
2024-08-20 09:22:23,15000.0,500,Sell,232885522
2024-08-20 09:22:23,15000.0,500,Sell,232885521
2024-08-20 09:22:23,15000.0,1000,Sell,232885520
2024-08-20 09:22:23,15000.0,5000,Sell,232885519
2024-08-20 09:22:23,15000.0,500,Sell,232885518
2024-08-20 09:22:23,15000.0,100,Sell,232885516
2024-08-20 09:22:23,15000.0,2400,Sell,232885515
2024-08-20 09:22:23,15000.0,7000,Sell,232885510
2024-08-20 09:22:23,15000.0,2000,Sell,232885511
2024-08-20 09:22:23,15000.0,100,Sell,232885517
2024-08-20 09:22:23,15000.0,1000,Sell,232885513
2024-08-20 09:22:23,15000.0,100,Sell,232885514
2024-08-20 09:22:23,15000.0,22000,Sell,232885512
2024-08-20 09:22:36,15000.0,3400,Sell,232885859
2024-08-20 09:22:36,15000.0,500,Sell,232885860
2024-08-20 09:22:36,15000.0,200,Sell,232885861
2024-08-20 09:22:36,15000.0,400,Sell,232885870
2024-08-20 09:22:36,15000.0,100,Sell,232885863
2024-08-20 09:22:36,15000.0,5000,Sell,232885864
2024-08-20 09:22:36,15000.0,100,Sell,232885865
2024-08-20 09:22:36,15000.0,700,Sell,232885866
2024-08-20 09:22:36,15000.0,100,Sell,232885867
2024-08-20 09:22:36,15000.0,1000,Sell,232885868
2024-08-20 09:22:36,15000.0,8000,Sell,232885869
2024-08-20 09:22:36,15000.0,500,Sell,232885862
2024-08-20 09:22:38,15000.0,800,Sell,232885915
2024-08-20 09:22:38,15000.0,800,Sell,232885913
2024-08-20 09:22:38,15000.0,200,Sell,232885914
2024-08-20 09:22:43,15000.0,600,Buy,232886041
2024-08-20 09:22:45,15000.0,200,Buy,232886072
2024-08-20 09:22:51,15000.0,300,Buy,232886271
2024-08-20 09:22:52,15000.0,100,Buy,232886300
2024-08-20 09:22:52,15000.0,400,Buy,232886301
2024-08-20 09:22:52,15000.0,100,Buy,232886302
2024-08-20 09:22:56,15000.0,500,Buy,232886399
2024-08-20 09:22:59,14950.0,200,Sell,232886457
2024-08-20 09:22:59,14950.0,100,Sell,232886455
2024-08-20 09:22:59,14950.0,300,Sell,232886456
2024-08-20 09:23:02,15000.0,1000,Buy,232886516
2024-08-20 09:23:12,15000.0,5000,Buy,232886748
2024-08-20 09:23:19,15000.0,5000,Buy,232886917
2024-08-20 09:23:19,15000.0,5000,Buy,232886918
2024-08-20 09:23:32,14950.0,1400,Sell,232887374
2024-08-20 09:23:44,15000.0,3500,Buy,232887753
2024-08-20 09:23:55,15000.0,100,Buy,232888105
2024-08-20 09:24:18,15000.0,1600,Buy,232888661
2024-08-20 09:24:30,15000.0,2000,Buy,232888938
2024-08-20 09:24:39,15000.0,300,Buy,232889163
2024-08-20 09:24:46,14950.0,2000,Sell,232889309
2024-08-20 09:24:47,15000.0,300,Buy,232889346
2024-08-20 09:24:49,15000.0,1000,Buy,232889392
2024-08-20 09:25:00,15000.0,3400,Buy,232889674
2024-08-20 09:25:00,15000.0,6200,Buy,232889672
2024-08-20 09:25:00,15000.0,400,Buy,232889673
2024-08-20 09:25:01,15000.0,1600,Buy,232889714
2024-08-20 09:25:01,15000.0,5000,Buy,232889715
2024-08-20 09:25:01,15000.0,100,Buy,232889716
2024-08-20 09:25:01,15000.0,500,Buy,232889717
2024-08-20 09:25:01,15000.0,100,Buy,232889718
2024-08-20 09:25:01,15000.0,2000,Buy,232889719
2024-08-20 09:25:01,15000.0,5000,Buy,232889720
2024-08-20 09:25:01,15000.0,200,Buy,232889721
2024-08-20 09:25:01,15000.0,200,Buy,232889722
2024-08-20 09:25:01,15000.0,300,Buy,232889723
2024-08-20 09:25:01,15000.0,8800,Buy,232889724
2024-08-20 09:25:08,15000.0,3000,Buy,232889902
2024-08-20 09:25:09,15000.0,3000,Buy,232889921
2024-08-20 09:25:09,15000.0,300,Buy,232889920
2024-08-20 09:25:09,15000.0,300,Buy,232889923
2024-08-20 09:25:09,15000.0,17000,Buy,232889918
2024-08-20 09:25:09,15000.0,1000,Buy,232889919
2024-08-20 09:25:09,15000.0,10000,Buy,232889922
2024-08-20 09:25:09,15000.0,13200,Buy,232889917
2024-08-20 09:25:15,15000.0,200,Buy,232890086
2024-08-20 09:25:30,15000.0,2000,Sell,232890748
2024-08-20 09:25:30,15000.0,500,Sell,232890749
2024-08-20 09:25:33,15000.0,100,Sell,232890837
2024-08-20 09:25:43,15000.0,400,Sell,232891086
2024-08-20 09:25:43,15000.0,100,Sell,232891087
2024-08-20 09:25:43,15000.0,200,Sell,232891088
2024-08-20 09:25:54,15000.0,5000,Sell,232891348
2024-08-20 09:26:10,15000.0,1000,Sell,232891729
2024-08-20 09:26:13,15000.0,100,Sell,232891789
2024-08-20 09:26:23,15000.0,3700,Sell,232892042
2024-08-20 09:26:23,15000.0,20000,Sell,232892043
2024-08-20 09:26:23,15000.0,100,Sell,232892044
2024-08-20 09:26:23,15000.0,26200,Sell,232892045
2024-08-20 09:26:42,15000.0,100,Sell,232892576
2024-08-20 09:26:44,15000.0,200,Sell,232892624
2024-08-20 09:26:46,15000.0,2000,Sell,232892684
2024-08-20 09:26:46,15000.0,900,Sell,232892670
2024-08-20 09:26:51,15000.0,2100,Sell,232892795
2024-08-20 09:26:51,15000.0,100,Sell,232892794
2024-08-20 09:26:51,15000.0,1800,Sell,232892792
2024-08-20 09:26:51,15000.0,1000,Sell,232892793
2024-08-20 09:26:56,15000.0,1000,Sell,232892919
2024-08-20 09:26:57,15000.0,2000,Sell,232892957
2024-08-20 09:27:33,15000.0,1400,Sell,232893931
2024-08-20 09:27:34,15000.0,8900,Sell,232893978
2024-08-20 09:27:34,15000.0,1000,Sell,232893976
2024-08-20 09:27:34,15000.0,100,Sell,232893975
2024-08-20 09:27:34,15000.0,500,Sell,232893977
2024-08-20 09:27:34,15000.0,200,Sell,232893973
2024-08-20 09:27:34,15000.0,700,Sell,232893972
2024-08-20 09:27:34,15000.0,13500,Sell,232893971
2024-08-20 09:27:34,15000.0,100,Sell,232893974
2024-08-20 09:27:55,15000.0,200,Sell,232894582
2024-08-20 09:27:56,15000.0,400,Sell,232894608
2024-08-20 09:28:00,15000.0,1300,Sell,232894694
2024-08-20 09:28:07,15000.0,500,Sell,232894870
2024-08-20 09:28:08,15000.0,400,Sell,232894873
2024-08-20 09:28:11,15000.0,200,Sell,232894941
2024-08-20 09:28:11,15000.0,1100,Sell,232894951
2024-08-20 09:28:12,15000.0,500,Sell,232894960
2024-08-20 09:28:26,15000.0,300,Sell,232895337
2024-08-20 09:28:27,15000.0,18600,Sell,232895358
2024-08-20 09:28:27,15000.0,200,Sell,232895339
2024-08-20 09:28:27,15000.0,6000,Sell,232895356
2024-08-20 09:28:27,15000.0,400,Sell,232895357
2024-08-20 09:28:28,15000.0,3000,Sell,232895365
2024-08-20 09:28:29,15000.0,200,Sell,232895402
2024-08-20 09:28:29,15000.0,500,Sell,232895401
2024-08-20 09:28:29,15000.0,400,Sell,232895400
2024-08-20 09:28:29,15000.0,900,Sell,232895403
2024-08-20 09:28:29,15000.0,2000,Sell,232895398
2024-08-20 09:28:29,15000.0,2000,Sell,232895397
2024-08-20 09:28:29,15000.0,2000,Sell,232895396
2024-08-20 09:28:29,15000.0,2000,Sell,232895394
2024-08-20 09:28:29,15000.0,2000,Sell,232895399
2024-08-20 09:28:30,15000.0,2000,Sell,232895410
2024-08-20 09:28:30,15000.0,100,Sell,232895411
2024-08-20 09:28:30,15000.0,1900,Sell,232895412
2024-08-20 09:28:30,15000.0,100,Sell,232895413
2024-08-20 09:28:30,15000.0,200,Sell,232895414
2024-08-20 09:28:30,15000.0,1700,Sell,232895415
2024-08-20 09:28:30,15000.0,2000,Sell,232895416
2024-08-20 09:28:38,15000.0,500,Sell,232895665
2024-08-20 09:28:41,15000.0,200,Sell,232895754
2024-08-20 09:28:44,15000.0,200,Sell,232895825
2024-08-20 09:28:46,15000.0,5000,Sell,232895886
2024-08-20 09:28:47,15000.0,2600,Sell,232895925
2024-08-20 09:28:51,15000.0,2000,Sell,232896017
2024-08-20 09:28:51,15000.0,2000,Sell,232896032
2024-08-20 09:28:51,15000.0,2000,Sell,232896031
2024-08-20 09:28:51,15000.0,2000,Sell,232896030
2024-08-20 09:28:51,15000.0,2000,Sell,232896016
2024-08-20 09:28:51,15000.0,200,Sell,232896026
2024-08-20 09:28:51,15000.0,1900,Sell,232896029
2024-08-20 09:28:51,15000.0,1200,Sell,232896024
2024-08-20 09:28:51,15000.0,800,Sell,232896023
2024-08-20 09:28:51,15000.0,200,Sell,232896022
2024-08-20 09:28:51,15000.0,1800,Sell,232896021
2024-08-20 09:28:51,15000.0,2000,Sell,232896020
2024-08-20 09:28:51,15000.0,1800,Sell,232896025
2024-08-20 09:28:51,15000.0,100,Sell,232896028
2024-08-20 09:28:56,15000.0,3000,Sell,232896126
2024-08-20 09:28:59,15000.0,500,Sell,232896208
2024-08-20 09:29:04,15000.0,100,Sell,232896364
2024-08-20 09:29:04,15000.0,100,Sell,232896366
2024-08-20 09:29:04,15000.0,1200,Sell,232896365
2024-08-20 09:29:04,15000.0,2000,Sell,232896362
2024-08-20 09:29:04,15000.0,2000,Sell,232896361
2024-08-20 09:29:04,15000.0,2000,Sell,232896360
2024-08-20 09:29:04,15000.0,2000,Sell,232896359
2024-08-20 09:29:04,15000.0,600,Sell,232896363
2024-08-20 09:29:19,15000.0,700,Sell,232896804
2024-08-20 09:29:19,15000.0,100,Sell,232896805
2024-08-20 09:29:19,15000.0,100,Sell,232896806
2024-08-20 09:29:19,15000.0,100,Sell,232896807
2024-08-20 09:29:20,15000.0,200,Sell,232896819
2024-08-20 09:29:20,15000.0,100,Sell,232896818
2024-08-20 09:29:20,15000.0,200,Sell,232896817
2024-08-20 09:29:20,15000.0,400,Sell,232896815
2024-08-20 09:29:20,15000.0,100,Sell,232896816
2024-08-20 09:29:25,15000.0,300,Sell,232896924
2024-08-20 09:29:32,15000.0,8300,Sell,232897071
2024-08-20 09:29:33,15000.0,200,Sell,232897100
2024-08-20 09:29:36,15000.0,100,Sell,232897181
2024-08-20 09:29:37,15000.0,2500,Sell,232897190
2024-08-20 09:29:41,15000.0,2000,Sell,232897268
2024-08-20 09:29:41,15000.0,2000,Sell,232897269
2024-08-20 09:29:41,15000.0,2000,Sell,232897266
2024-08-20 09:29:41,15000.0,2000,Sell,232897265
2024-08-20 09:29:41,15000.0,2000,Sell,232897267
2024-08-20 09:29:48,15000.0,500,Sell,232897427
2024-08-20 09:29:49,15000.0,500,Sell,232897446
2024-08-20 09:29:49,15000.0,600,Sell,232897445
2024-08-20 09:29:49,15000.0,300,Sell,232897447
2024-08-20 09:29:49,15000.0,100,Sell,232897443
2024-08-20 09:29:49,15000.0,7500,Sell,232897442
2024-08-20 09:29:49,15000.0,1000,Sell,232897444
2024-08-20 09:29:53,15050.0,100,Buy,232897522
2024-08-20 09:30:08,15000.0,2000,Sell,232897851
2024-08-20 09:30:08,15000.0,2000,Sell,232897860
2024-08-20 09:30:08,15000.0,2000,Sell,232897859
2024-08-20 09:30:08,15000.0,2000,Sell,232897854
2024-08-20 09:30:08,15000.0,2000,Sell,232897852
2024-08-20 09:30:08,15000.0,1400,Sell,232897850
2024-08-20 09:30:08,15000.0,2000,Sell,232897858
2024-08-20 09:30:08,15000.0,400,Sell,232897848
2024-08-20 09:30:08,15000.0,100,Sell,232897847
2024-08-20 09:30:08,15000.0,1500,Sell,232897846
2024-08-20 09:30:08,15000.0,1500,Sell,232897845
2024-08-20 09:30:08,15000.0,500,Sell,232897844
2024-08-20 09:30:08,15000.0,1300,Sell,232897843
2024-08-20 09:30:08,15000.0,700,Sell,232897842
2024-08-20 09:30:08,15000.0,600,Sell,232897849
2024-08-20 09:30:17,15050.0,100,Buy,232898065
2024-08-20 09:30:19,15000.0,2000,Sell,232898123
2024-08-20 09:30:19,15000.0,2000,Sell,232898122
2024-08-20 09:30:19,15000.0,2000,Sell,232898129
2024-08-20 09:30:19,15000.0,600,Sell,232898120
2024-08-20 09:30:19,15000.0,2000,Sell,232898118
2024-08-20 09:30:19,15000.0,1400,Sell,232898121
2024-08-20 09:30:30,15000.0,500,Sell,232898399
2024-08-20 09:30:30,15050.0,500,Buy,232898400
2024-08-20 09:30:33,15050.0,200,Buy,232898457
2024-08-20 09:30:34,15000.0,500,Sell,232898504
2024-08-20 09:30:38,15000.0,1000,Sell,232898620
2024-08-20 09:30:41,15050.0,1000,Buy,232898719
2024-08-20 09:30:44,15050.0,100,Buy,232898806
2024-08-20 09:30:51,15050.0,1000,Buy,232898958
2024-08-20 09:30:51,15050.0,6400,Buy,232898972
2024-08-20 09:30:51,15050.0,200,Buy,232898970
2024-08-20 09:30:51,15050.0,19500,Buy,232898960
2024-08-20 09:30:51,15050.0,100,Buy,232898959
2024-08-20 09:30:51,15050.0,1000,Buy,232898957
2024-08-20 09:30:51,15050.0,5000,Buy,232898971
2024-08-20 09:30:51,15050.0,2300,Buy,232898955
2024-08-20 09:30:51,15050.0,2500,Buy,232898951
2024-08-20 09:30:51,15050.0,69800,Buy,232898950
2024-08-20 09:30:51,15050.0,1000,Buy,232898956
2024-08-20 09:30:51,15050.0,2600,Buy,232898953
2024-08-20 09:30:51,15050.0,10000,Buy,232898954
2024-08-20 09:30:51,15050.0,20000,Buy,232898952
2024-08-20 09:30:52,15050.0,8200,Buy,232899014
2024-08-20 09:30:52,15050.0,100,Buy,232899013
2024-08-20 09:30:52,15050.0,200,Buy,232899012
2024-08-20 09:30:52,15050.0,100,Buy,232899011
2024-08-20 09:30:52,15050.0,100,Buy,232899010
2024-08-20 09:30:52,15050.0,200,Buy,232899009
2024-08-20 09:30:52,15050.0,25000,Buy,232899007
2024-08-20 09:30:52,15050.0,2500,Buy,232899005
2024-08-20 09:30:52,15050.0,300,Buy,232899004
2024-08-20 09:30:52,15050.0,600,Buy,232899003
2024-08-20 09:30:52,15050.0,200,Buy,232899002
2024-08-20 09:30:52,15050.0,2800,Buy,232899001
2024-08-20 09:30:52,15050.0,1500,Buy,232898999
2024-08-20 09:30:52,15050.0,3000,Buy,232899008
2024-08-20 09:30:52,15050.0,200,Buy,232898997
2024-08-20 09:30:52,15050.0,2200,Buy,232898998
2024-08-20 09:30:52,15050.0,3600,Buy,232898985
2024-08-20 09:30:52,15050.0,2000,Buy,232898986
2024-08-20 09:30:52,15050.0,2100,Buy,232898987
2024-08-20 09:30:52,15050.0,3900,Buy,232898988
2024-08-20 09:30:52,15050.0,100,Buy,232898989
2024-08-20 09:30:52,15050.0,9800,Buy,232898990
2024-08-20 09:30:52,15050.0,3000,Buy,232899006
2024-08-20 09:30:52,15050.0,500,Buy,232898992
2024-08-20 09:30:52,15050.0,10000,Buy,232898991
2024-08-20 09:30:52,15050.0,2000,Buy,232898993
2024-08-20 09:30:52,15050.0,100,Buy,232898994
2024-08-20 09:30:52,15050.0,100,Buy,232898995
2024-08-20 09:30:52,15050.0,1500,Buy,232898996
2024-08-20 09:30:53,15050.0,1800,Buy,232899056
2024-08-20 09:30:53,15050.0,2300,Buy,232899057
2024-08-20 09:31:12,15000.0,400,Sell,232899566
2024-08-20 09:31:12,15000.0,300,Sell,232899549
2024-08-20 09:31:12,15050.0,600,Buy,232899565
2024-08-20 09:31:21,15050.0,100,Buy,232899713
2024-08-20 09:31:21,15050.0,100,Buy,232899725
2024-08-20 09:31:23,15050.0,100,Buy,232899805
2024-08-20 09:31:23,15050.0,400,Sell,232899810
2024-08-20 09:31:24,15050.0,100,Buy,232899824
2024-08-20 09:31:24,15050.0,2800,Sell,232899834
2024-08-20 09:31:27,15050.0,1400,Sell,232899891
2024-08-20 09:31:47,15050.0,1500,Sell,232900460
2024-08-20 09:31:48,15050.0,500,Sell,232900461
2024-08-20 09:31:49,15050.0,3000,Buy,232900495
2024-08-20 09:31:58,15050.0,500,Buy,232900785
2024-08-20 09:31:59,15050.0,500,Sell,232900852
2024-08-20 09:32:04,15050.0,2600,Sell,232900964
2024-08-20 09:32:08,15050.0,200,Sell,232901034
2024-08-20 09:32:14,15050.0,300,Sell,232901144
2024-08-20 09:32:19,15050.0,200,Sell,232901274
2024-08-20 09:32:26,15100.0,200,Buy,232901468
2024-08-20 09:32:27,15100.0,500,Buy,232901554
2024-08-20 09:32:37,15050.0,2900,Sell,232901844
2024-08-20 09:32:38,15100.0,300,Buy,232901896
2024-08-20 09:32:46,15050.0,2000,Sell,232902137
2024-08-20 09:32:46,15050.0,2000,Sell,232902131
2024-08-20 09:32:46,15050.0,2000,Sell,232902130
2024-08-20 09:32:46,15050.0,2000,Sell,232902136
2024-08-20 09:32:46,15050.0,2000,Sell,232902128
2024-08-20 09:32:46,15050.0,2000,Sell,232902127
2024-08-20 09:32:46,15050.0,2000,Sell,232902126
2024-08-20 09:32:46,15050.0,2000,Sell,232902125
2024-08-20 09:32:46,15050.0,2000,Sell,232902129
2024-08-20 09:32:46,15050.0,2000,Sell,232902135
2024-08-20 09:32:55,15050.0,500,Sell,232902367
2024-08-20 09:32:55,15100.0,500,Buy,232902368
2024-08-20 09:32:55,15100.0,1000,Buy,232902377
2024-08-20 09:32:55,15100.0,400,Buy,232902378
2024-08-20 09:33:00,15100.0,200,Buy,232902497
2024-08-20 09:33:00,15100.0,800,Buy,232902498
2024-08-20 09:33:01,15050.0,2000,Sell,232902509
2024-08-20 09:33:01,15050.0,2000,Sell,232902512
2024-08-20 09:33:01,15050.0,2000,Sell,232902511
2024-08-20 09:33:01,15050.0,2000,Sell,232902510
2024-08-20 09:33:01,15050.0,2000,Sell,232902507
2024-08-20 09:33:01,15050.0,2000,Sell,232902506
2024-08-20 09:33:01,15050.0,2000,Sell,232902502
2024-08-20 09:33:01,15050.0,2000,Sell,232902501
2024-08-20 09:33:01,15050.0,2000,Sell,232902500
2024-08-20 09:33:01,15050.0,2000,Sell,232902508
2024-08-20 09:33:09,15050.0,300,Sell,232902754
2024-08-20 09:33:18,15100.0,1800,Buy,232902948
2024-08-20 09:33:43,15050.0,100,Sell,232903563
2024-08-20 09:33:47,15100.0,200,Buy,232903657
2024-08-20 09:33:54,15050.0,2000,Sell,232903851
2024-08-20 09:33:54,15050.0,400,Sell,232903850
2024-08-20 09:33:54,15050.0,200,Sell,232903849
2024-08-20 09:33:54,15050.0,2000,Sell,232903848
2024-08-20 09:33:54,15050.0,2000,Sell,232903846
2024-08-20 09:33:54,15050.0,1800,Sell,232903845
2024-08-20 09:33:54,15050.0,200,Sell,232903844
2024-08-20 09:33:54,15050.0,100,Sell,232903843
2024-08-20 09:33:54,15050.0,1900,Sell,232903842
2024-08-20 09:33:54,15050.0,2000,Sell,232903847
2024-08-20 09:33:55,15050.0,2000,Sell,232903862
2024-08-20 09:33:55,15050.0,2000,Sell,232903863
2024-08-20 09:33:55,15050.0,2000,Sell,232903864
2024-08-20 09:33:55,15050.0,2000,Sell,232903865
2024-08-20 09:34:18,15050.0,500,Sell,232904549
2024-08-20 09:34:18,15050.0,5000,Sell,232904547
2024-08-20 09:34:18,15050.0,100,Sell,232904548
2024-08-20 09:34:18,15050.0,200,Sell,232904546
2024-08-20 09:34:18,15050.0,2000,Sell,232904545
2024-08-20 09:34:18,15050.0,500,Sell,232904536
2024-08-20 09:34:36,15050.0,2000,Sell,232905092
2024-08-20 09:34:36,15050.0,2000,Sell,232905093
2024-08-20 09:34:37,15050.0,2000,Sell,232905107
2024-08-20 09:34:37,15100.0,500,Buy,232905105
2024-08-20 09:34:37,15050.0,2000,Sell,232905106
2024-08-20 09:34:37,15050.0,500,Sell,232905103
2024-08-20 09:34:37,15050.0,500,Sell,232905102
2024-08-20 09:34:37,15050.0,1000,Sell,232905104
2024-08-20 09:34:40,15050.0,1000,Sell,232905206
2024-08-20 09:34:41,15050.0,600,Sell,232905224
2024-08-20 09:35:10,15100.0,3000,Buy,232906014
2024-08-20 09:35:10,15100.0,1300,Buy,232906017
2024-08-20 09:35:10,15100.0,3000,Buy,232906016
2024-08-20 09:35:10,15100.0,3000,Buy,232906015
2024-08-20 09:35:10,15100.0,3000,Buy,232906013
2024-08-20 09:35:10,15100.0,1100,Buy,232906008
2024-08-20 09:35:10,15100.0,500,Buy,232906011
2024-08-20 09:35:10,15100.0,300,Buy,232906010
2024-08-20 09:35:10,15100.0,100,Buy,232906009
2024-08-20 09:35:10,15100.0,1700,Buy,232906007
2024-08-20 09:35:10,15050.0,1100,Sell,232905997
2024-08-20 09:35:10,15100.0,3000,Buy,232906012
2024-08-20 09:35:18,15100.0,100,Buy,232906229
2024-08-20 09:35:18,15050.0,2000,Sell,232906234
2024-08-20 09:35:19,15100.0,100,Buy,232906282
2024-08-20 09:35:19,15100.0,1900,Buy,232906283
2024-08-20 09:35:19,15050.0,2000,Sell,232906269
2024-08-20 09:35:19,15050.0,2000,Sell,232906263
2024-08-20 09:35:19,15050.0,2000,Sell,232906267
2024-08-20 09:35:19,15050.0,2000,Sell,232906264
2024-08-20 09:35:19,15100.0,1500,Buy,232906254
2024-08-20 09:35:19,15050.0,2000,Sell,232906268
2024-08-20 09:35:20,15050.0,100,Sell,232906293
2024-08-20 09:35:20,15050.0,400,Sell,232906295
2024-08-20 09:35:22,15100.0,200,Buy,232906344
2024-08-20 09:35:22,15100.0,100,Buy,232906354
2024-08-20 09:35:22,15050.0,2600,Sell,232906357
2024-08-20 09:35:25,15050.0,1400,Sell,232906426
2024-08-20 09:35:29,15050.0,10000,Sell,232906501
2024-08-20 09:35:39,15050.0,1300,Sell,232906792
2024-08-20 09:35:39,15050.0,1700,Sell,232906791
2024-08-20 09:35:39,15050.0,300,Sell,232906790
2024-08-20 09:35:39,15050.0,200,Sell,232906787
2024-08-20 09:35:39,15050.0,1800,Sell,232906786
2024-08-20 09:35:39,15050.0,2000,Sell,232906780
2024-08-20 09:35:39,15050.0,2000,Sell,232906784
2024-08-20 09:35:39,15050.0,2000,Sell,232906783
2024-08-20 09:35:39,15050.0,2000,Sell,232906782
2024-08-20 09:35:39,15050.0,2000,Sell,232906781
2024-08-20 09:35:39,15050.0,700,Sell,232906793
2024-08-20 09:35:39,15050.0,2000,Sell,232906785
2024-08-20 09:35:39,15050.0,2000,Sell,232906773
2024-08-20 09:35:59,15100.0,800,Buy,232907253
2024-08-20 09:35:59,15100.0,200,Buy,232907254
2024-08-20 09:36:05,15050.0,100,Sell,232907432
2024-08-20 09:36:10,15100.0,400,Buy,232907574
2024-08-20 09:36:12,15100.0,5000,Buy,232907684
2024-08-20 09:36:12,15100.0,400,Buy,232907683
2024-08-20 09:36:12,15100.0,300,Buy,232907682
2024-08-20 09:36:12,15100.0,1000,Buy,232907685
2024-08-20 09:36:12,15100.0,200,Buy,232907681
2024-08-20 09:36:12,15100.0,200,Buy,232907680
2024-08-20 09:36:12,15100.0,500,Buy,232907679
2024-08-20 09:36:12,15100.0,2000,Buy,232907678
2024-08-20 09:36:12,15100.0,100,Buy,232907677
2024-08-20 09:36:12,15100.0,100,Buy,232907676
2024-08-20 09:36:12,15100.0,1000,Buy,232907675
2024-08-20 09:36:12,15100.0,100,Buy,232907674
2024-08-20 09:36:12,15100.0,500,Buy,232907672
2024-08-20 09:36:12,15100.0,100,Buy,232907671
2024-08-20 09:36:12,15100.0,100,Buy,232907670
2024-08-20 09:36:12,15100.0,1200,Buy,232907669
2024-08-20 09:36:12,15100.0,200,Buy,232907668
2024-08-20 09:36:12,15100.0,100,Buy,232907667
2024-08-20 09:36:12,15100.0,400,Buy,232907666
2024-08-20 09:36:12,15100.0,100,Buy,232907665
2024-08-20 09:36:12,15100.0,100,Buy,232907664
2024-08-20 09:36:12,15100.0,7600,Buy,232907663
2024-08-20 09:36:12,15100.0,5000,Buy,232907673
2024-08-20 09:36:12,15100.0,100,Buy,232907686
2024-08-20 09:36:12,15100.0,1000,Buy,232907662
2024-08-20 09:36:12,15100.0,5000,Buy,232907688
2024-08-20 09:36:12,15100.0,1600,Buy,232907710
2024-08-20 09:36:12,15100.0,2000,Buy,232907709
2024-08-20 09:36:12,15100.0,2000,Buy,232907708
2024-08-20 09:36:12,15100.0,2000,Buy,232907707
2024-08-20 09:36:12,15100.0,2000,Buy,232907706
2024-08-20 09:36:12,15100.0,2000,Buy,232907705
2024-08-20 09:36:12,15100.0,100,Buy,232907704
2024-08-20 09:36:12,15100.0,100,Buy,232907703
2024-08-20 09:36:12,15100.0,100,Buy,232907702
2024-08-20 09:36:12,15100.0,400,Buy,232907701
2024-08-20 09:36:12,15100.0,100,Buy,232907687
2024-08-20 09:36:12,15100.0,200,Buy,232907700
2024-08-20 09:36:12,15100.0,200,Buy,232907698
2024-08-20 09:36:12,15100.0,1000,Buy,232907697
2024-08-20 09:36:12,15100.0,200,Buy,232907696
2024-08-20 09:36:12,15100.0,13000,Buy,232907695
2024-08-20 09:36:12,15100.0,300,Buy,232907694
2024-08-20 09:36:12,15100.0,500,Buy,232907693
2024-08-20 09:36:12,15100.0,20000,Buy,232907692
2024-08-20 09:36:12,15100.0,10000,Buy,232907691
2024-08-20 09:36:12,15100.0,500,Buy,232907690
2024-08-20 09:36:12,15100.0,100,Buy,232907689
2024-08-20 09:36:12,15100.0,1000,Buy,232907699
2024-08-20 09:36:12,15100.0,2000,Buy,232907661
2024-08-20 09:36:12,15100.0,10000,Buy,232907626
2024-08-20 09:36:12,15100.0,2000,Buy,232907657
2024-08-20 09:36:12,15100.0,700,Buy,232907630
2024-08-20 09:36:12,15100.0,100,Buy,232907629
2024-08-20 09:36:12,15100.0,1000,Buy,232907628
2024-08-20 09:36:12,15100.0,200,Buy,232907627
2024-08-20 09:36:12,15100.0,100,Buy,232907625
2024-08-20 09:36:12,15100.0,10000,Buy,232907624
2024-08-20 09:36:12,15100.0,100,Buy,232907623
2024-08-20 09:36:12,15100.0,500,Buy,232907622
2024-08-20 09:36:12,15100.0,1000,Buy,232907621
2024-08-20 09:36:12,15100.0,800,Buy,232907620
2024-08-20 09:36:12,15100.0,3000,Buy,232907631
2024-08-20 09:36:12,15100.0,100,Buy,232907619
2024-08-20 09:36:12,15100.0,1000,Buy,232907616
2024-08-20 09:36:12,15100.0,1400,Buy,232907615
2024-08-20 09:36:12,15100.0,3000,Buy,232907614
2024-08-20 09:36:12,15100.0,20000,Buy,232907613
2024-08-20 09:36:12,15100.0,200,Buy,232907612
2024-08-20 09:36:12,15100.0,300,Buy,232907611
2024-08-20 09:36:12,15100.0,1600,Buy,232907610
2024-08-20 09:36:12,15100.0,3000,Buy,232907609
2024-08-20 09:36:12,15100.0,3000,Buy,232907608
2024-08-20 09:36:12,15100.0,2400,Buy,232907607
2024-08-20 09:36:12,15100.0,100,Buy,232907617
2024-08-20 09:36:12,15100.0,200,Buy,232907632
2024-08-20 09:36:12,15100.0,2000,Buy,232907618
2024-08-20 09:36:12,15100.0,100,Buy,232907634
2024-08-20 09:36:12,15100.0,5000,Buy,232907633
2024-08-20 09:36:12,15100.0,500,Buy,232907656
2024-08-20 09:36:12,15100.0,1200,Buy,232907655
2024-08-20 09:36:12,15100.0,3100,Buy,232907654
2024-08-20 09:36:12,15100.0,100,Buy,232907653
2024-08-20 09:36:12,15100.0,1000,Buy,232907652
2024-08-20 09:36:12,15100.0,100,Buy,232907651
2024-08-20 09:36:12,15100.0,1500,Buy,232907650
2024-08-20 09:36:12,15100.0,100,Buy,232907649
2024-08-20 09:36:12,15100.0,300,Buy,232907648
2024-08-20 09:36:12,15100.0,100,Buy,232907647
2024-08-20 09:36:12,15100.0,100,Buy,232907646
2024-08-20 09:36:12,15100.0,200,Buy,232907660
2024-08-20 09:36:12,15100.0,100,Buy,232907645
2024-08-20 09:36:12,15100.0,100,Buy,232907635
2024-08-20 09:36:12,15100.0,100,Buy,232907636
2024-08-20 09:36:12,15100.0,200,Buy,232907638
2024-08-20 09:36:12,15100.0,2000,Buy,232907639
2024-08-20 09:36:12,15100.0,100,Buy,232907637
2024-08-20 09:36:12,15100.0,100,Buy,232907641
2024-08-20 09:36:12,15100.0,200,Buy,232907642
2024-08-20 09:36:12,15100.0,100,Buy,232907643
2024-08-20 09:36:12,15100.0,2000,Buy,232907644
2024-08-20 09:36:12,15100.0,20000,Buy,232907640
2024-08-20 09:36:15,15100.0,3000,Buy,232907826
2024-08-20 09:36:15,15100.0,200,Buy,232907830
2024-08-20 09:36:15,15100.0,500,Buy,232907829
2024-08-20 09:36:15,15100.0,2500,Buy,232907828
2024-08-20 09:36:15,15100.0,100,Buy,232907827
2024-08-20 09:36:15,15100.0,2100,Buy,232907824
2024-08-20 09:36:15,15100.0,1000,Buy,232907825
2024-08-20 09:36:15,15100.0,2000,Buy,232907818
2024-08-20 09:36:15,15100.0,3000,Buy,232907822
2024-08-20 09:36:15,15100.0,2000,Buy,232907821
2024-08-20 09:36:15,15100.0,2000,Buy,232907820
2024-08-20 09:36:15,15100.0,2000,Buy,232907819
2024-08-20 09:36:15,15100.0,400,Buy,232907817
2024-08-20 09:36:15,15100.0,2000,Buy,232907823
2024-08-20 09:36:16,15100.0,1100,Buy,232907872
2024-08-20 09:36:18,15100.0,28900,Buy,232907918
2024-08-20 09:36:21,15100.0,100,Sell,232907981
2024-08-20 09:36:25,15100.0,500,Sell,232908112
2024-08-20 09:36:38,15100.0,20000,Sell,232908499
2024-08-20 09:36:38,15100.0,400,Sell,232908506
2024-08-20 09:36:38,15100.0,300,Sell,232908507
2024-08-20 09:36:38,15100.0,100,Sell,232908461
2024-08-20 09:36:45,15100.0,500,Sell,232908621
2024-08-20 09:36:45,15100.0,300,Sell,232908622
2024-08-20 09:36:48,15100.0,100,Sell,232908691
2024-08-20 09:36:48,15100.0,100,Sell,232908703
2024-08-20 09:36:57,15150.0,500,Buy,232908902
2024-08-20 09:36:59,15100.0,100,Sell,232908949
2024-08-20 09:37:02,15100.0,2000,Sell,232909073
2024-08-20 09:37:02,15100.0,2000,Sell,232909072
2024-08-20 09:37:02,15100.0,2000,Sell,232909071
2024-08-20 09:37:02,15100.0,2000,Sell,232909067
2024-08-20 09:37:02,15100.0,2000,Sell,232909066
2024-08-20 09:37:02,15100.0,2000,Sell,232909058
2024-08-20 09:37:02,15100.0,600,Sell,232909062
2024-08-20 09:37:02,15100.0,2000,Sell,232909061
2024-08-20 09:37:02,15100.0,2000,Sell,232909060
2024-08-20 09:37:02,15100.0,2000,Sell,232909059
2024-08-20 09:37:02,15100.0,1400,Sell,232909063
2024-08-20 09:37:17,15100.0,100,Sell,232909493
2024-08-20 09:37:18,15100.0,1700,Sell,232909502
2024-08-20 09:37:18,15100.0,1800,Sell,232909505
2024-08-20 09:37:18,15100.0,1200,Sell,232909506
2024-08-20 09:37:18,15150.0,1500,Buy,232909507
2024-08-20 09:37:18,15150.0,500,Buy,232909508
2024-08-20 09:37:20,15100.0,1000,Sell,232909601
2024-08-20 09:37:26,15100.0,100,Sell,232909819
2024-08-20 09:37:28,15100.0,100,Sell,232909879
2024-08-20 09:37:32,15100.0,2000,Sell,232909989
2024-08-20 09:37:32,15100.0,2000,Sell,232910006
2024-08-20 09:37:32,15100.0,1400,Sell,232910005
2024-08-20 09:37:32,15100.0,600,Sell,232910004
2024-08-20 09:37:32,15100.0,2000,Sell,232910003
2024-08-20 09:37:32,15100.0,2000,Sell,232910002
2024-08-20 09:37:32,15100.0,400,Sell,232910001
2024-08-20 09:37:32,15100.0,1600,Sell,232910000
2024-08-20 09:37:32,15100.0,2000,Sell,232909999
2024-08-20 09:37:32,15100.0,2000,Sell,232909995
2024-08-20 09:37:32,15100.0,400,Sell,232909994
2024-08-20 09:37:32,15100.0,100,Sell,232909993
2024-08-20 09:37:32,15100.0,600,Sell,232909992
2024-08-20 09:37:32,15100.0,600,Sell,232909990
2024-08-20 09:37:32,15100.0,2000,Sell,232909996
2024-08-20 09:37:32,15100.0,300,Sell,232909991
2024-08-20 09:37:36,15100.0,10000,Sell,232910101
2024-08-20 09:37:38,15100.0,700,Sell,232910154
2024-08-20 09:37:38,15100.0,4300,Sell,232910155
2024-08-20 09:37:41,15100.0,100,Sell,232910277
2024-08-20 09:37:45,15100.0,2000,Sell,232910419
2024-08-20 09:37:45,15100.0,500,Sell,232910420
2024-08-20 09:37:45,15100.0,1000,Sell,232910421
2024-08-20 09:37:45,15100.0,200,Sell,232910422
2024-08-20 09:37:45,15100.0,200,Sell,232910423
2024-08-20 09:37:45,15100.0,100,Sell,232910424
2024-08-20 09:37:45,15100.0,2000,Sell,232910426
2024-08-20 09:37:45,15100.0,2000,Sell,232910413
2024-08-20 09:37:45,15100.0,2000,Sell,232910425
2024-08-20 09:37:56,15100.0,1000,Sell,232910822
2024-08-20 09:38:03,15100.0,1000,Sell,232911099
2024-08-20 09:38:05,15100.0,2000,Sell,232911190
2024-08-20 09:38:09,15100.0,2000,Sell,232911281
2024-08-20 09:38:11,15100.0,100,Sell,232911384
2024-08-20 09:38:12,15100.0,100,Sell,232911411
2024-08-20 09:38:13,15150.0,100,Buy,232911435
2024-08-20 09:38:14,15100.0,500,Sell,232911475
2024-08-20 09:38:18,15100.0,1000,Sell,232911586
2024-08-20 09:38:20,15100.0,4600,Sell,232911687
2024-08-20 09:38:20,15100.0,100,Sell,232911694
2024-08-20 09:38:20,15100.0,2000,Sell,232911693
2024-08-20 09:38:20,15100.0,100,Sell,232911692
2024-08-20 09:38:20,15100.0,800,Sell,232911695
2024-08-20 09:38:20,15100.0,200,Sell,232911690
2024-08-20 09:38:20,15100.0,100,Sell,232911689
2024-08-20 09:38:20,15100.0,1700,Sell,232911688
2024-08-20 09:38:20,15100.0,1000,Sell,232911691
2024-08-20 09:38:27,15100.0,1000,Sell,232911899
2024-08-20 09:38:30,15100.0,2000,Sell,232911975
2024-08-20 09:38:30,15100.0,2000,Sell,232911974
2024-08-20 09:38:30,15100.0,2000,Sell,232911973
2024-08-20 09:38:30,15100.0,2000,Sell,232911969
2024-08-20 09:38:30,15100.0,2000,Sell,232911972
2024-08-20 09:38:30,15100.0,2000,Sell,232911968
2024-08-20 09:38:30,15100.0,2000,Sell,232911963
2024-08-20 09:38:30,15100.0,200,Sell,232911966
2024-08-20 09:38:30,15100.0,1800,Sell,232911967
2024-08-20 09:38:30,15150.0,400,Buy,232911953
2024-08-20 09:38:30,15150.0,100,Buy,232911954
2024-08-20 09:38:30,15150.0,500,Buy,232911955
2024-08-20 09:38:30,15100.0,2000,Sell,232911964
2024-08-20 09:38:30,15100.0,2000,Sell,232911965
2024-08-20 09:38:33,15100.0,1000,Sell,232912118
2024-08-20 09:38:38,15100.0,200,Sell,232912281
2024-08-20 09:38:38,15100.0,500,Sell,232912280
2024-08-20 09:38:38,15100.0,100,Sell,232912278
2024-08-20 09:38:38,15100.0,9900,Sell,232912277
2024-08-20 09:38:38,15100.0,500,Sell,232912276
2024-08-20 09:38:38,15100.0,2900,Sell,232912269
2024-08-20 09:38:38,15100.0,500,Sell,232912274
2024-08-20 09:38:38,15100.0,500,Sell,232912273
2024-08-20 09:38:38,15100.0,1000,Sell,232912272
2024-08-20 09:38:38,15100.0,900,Sell,232912271
2024-08-20 09:38:38,15100.0,2000,Sell,232912270
2024-08-20 09:38:38,15100.0,500,Sell,232912275
2024-08-20 09:38:38,15100.0,500,Sell,232912279
2024-08-20 09:38:39,15100.0,500,Sell,232912305
2024-08-20 09:38:39,15100.0,800,Sell,232912325
2024-08-20 09:38:39,15100.0,1000,Sell,232912326
2024-08-20 09:38:39,15100.0,200,Sell,232912327
2024-08-20 09:38:39,15100.0,600,Sell,232912328
2024-08-20 09:38:44,15100.0,600,Sell,232912496
2024-08-20 09:38:44,15100.0,400,Sell,232912495
2024-08-20 09:38:52,15100.0,1000,Sell,232912772
2024-08-20 09:38:57,15100.0,300,Sell,232912884
2024-08-20 09:39:00,15100.0,1000,Sell,232913185
2024-08-20 09:39:00,15100.0,100,Sell,232913182
2024-08-20 09:39:00,15100.0,100,Sell,232913183
2024-08-20 09:39:00,15100.0,500,Sell,232913184
2024-08-20 09:39:01,15100.0,3300,Buy,232913222
2024-08-20 09:39:03,15150.0,2500,Buy,232913242
2024-08-20 09:39:03,15150.0,500,Buy,232913243
2024-08-20 09:39:04,15100.0,100,Sell,232913263
2024-08-20 09:39:17,15100.0,100,Sell,232913694
2024-08-20 09:39:22,15100.0,200,Sell,232913848
2024-08-20 09:39:22,15100.0,1400,Sell,232913822
2024-08-20 09:39:22,15100.0,300,Sell,232913847
2024-08-20 09:39:26,15100.0,100,Sell,232913917
2024-08-20 09:39:43,15100.0,500,Sell,232914465
2024-08-20 09:39:43,15100.0,200,Sell,232914474
2024-08-20 09:39:43,15100.0,2000,Sell,232914483
2024-08-20 09:39:44,15100.0,1800,Sell,232914514
2024-08-20 09:39:44,15100.0,200,Sell,232914515
2024-08-20 09:39:45,15100.0,2000,Sell,232914526
2024-08-20 09:39:45,15100.0,2000,Sell,232914525
2024-08-20 09:39:45,15100.0,1200,Sell,232914523
2024-08-20 09:39:45,15100.0,1800,Sell,232914522
2024-08-20 09:39:45,15100.0,200,Sell,232914521
2024-08-20 09:39:45,15100.0,800,Sell,232914524
2024-08-20 09:39:51,15100.0,300,Sell,232914667
2024-08-20 09:39:51,15100.0,500,Sell,232914705
2024-08-20 09:40:03,15100.0,100,Sell,232914996
2024-08-20 09:40:03,15100.0,1900,Sell,232914995
2024-08-20 09:40:03,15100.0,600,Sell,232914994
2024-08-20 09:40:03,15100.0,2000,Sell,232914992
2024-08-20 09:40:03,15100.0,2000,Sell,232914991
2024-08-20 09:40:03,15100.0,2000,Sell,232914990
2024-08-20 09:40:03,15100.0,1400,Sell,232914993
2024-08-20 09:40:06,15100.0,500,Sell,232915071
2024-08-20 09:40:06,15100.0,500,Sell,232915075
2024-08-20 09:40:06,15100.0,300,Sell,232915073
2024-08-20 09:40:06,15100.0,1000,Sell,232915072
2024-08-20 09:40:06,15100.0,1500,Sell,232915070
2024-08-20 09:40:06,15100.0,100,Sell,232915074
2024-08-20 09:40:06,15100.0,1000,Sell,232915068
2024-08-20 09:40:06,15100.0,100,Sell,232915067
2024-08-20 09:40:06,15100.0,100,Sell,232915066
2024-08-20 09:40:06,15100.0,2500,Sell,232915065
2024-08-20 09:40:06,15100.0,9900,Sell,232915064
2024-08-20 09:40:06,15100.0,100,Sell,232915069
2024-08-20 09:40:08,15150.0,200,Buy,232915118
2024-08-20 09:40:09,15100.0,7400,Sell,232915163
2024-08-20 09:40:10,15100.0,300,Sell,232915173
2024-08-20 09:40:10,15100.0,1000,Sell,232915172
2024-08-20 09:40:10,15100.0,100,Sell,232915174
2024-08-20 09:40:10,15100.0,5600,Sell,232915170
2024-08-20 09:40:10,15150.0,2000,Buy,232915169
2024-08-20 09:40:10,15100.0,100,Sell,232915171
2024-08-20 09:40:15,15100.0,500,Buy,232915335
2024-08-20 09:40:18,15100.0,100,Buy,232915404
2024-08-20 09:40:24,15100.0,1000,Buy,232915525
2024-08-20 09:40:24,15100.0,500,Buy,232915528
2024-08-20 09:40:26,15100.0,200,Buy,232915576
2024-08-20 09:40:30,15100.0,800,Buy,232915685
2024-08-20 09:40:31,15100.0,3000,Buy,232915690
2024-08-20 09:40:34,15100.0,400,Buy,232915761
2024-08-20 09:40:35,15100.0,2000,Buy,232915797
2024-08-20 09:40:51,15100.0,100,Buy,232916207
2024-08-20 09:40:59,15100.0,100,Buy,232916436
2024-08-20 09:41:01,15100.0,2000,Buy,232916491
2024-08-20 09:41:01,15100.0,4200,Buy,232916489
2024-08-20 09:41:01,15100.0,2000,Buy,232916490
2024-08-20 09:41:06,15100.0,2000,Buy,232916611
2024-08-20 09:41:06,15100.0,1000,Buy,232916612
2024-08-20 09:41:11,15100.0,500,Buy,232916752
2024-08-20 09:41:15,15100.0,500,Buy,232916815
2024-08-20 09:41:15,15100.0,500,Buy,232916814
2024-08-20 09:41:19,15100.0,1500,Buy,232916952
2024-08-20 09:41:19,15100.0,500,Buy,232916953
2024-08-20 09:41:22,15100.0,500,Buy,232917064
2024-08-20 09:41:25,15100.0,100,Buy,232917186
2024-08-20 09:41:25,15100.0,600,Buy,232917187
2024-08-20 09:41:44,15100.0,400,Buy,232917582
2024-08-20 09:41:45,15100.0,1000,Buy,232917597
2024-08-20 09:41:45,15100.0,700,Buy,232917598
2024-08-20 09:41:48,15100.0,1000,Buy,232917701
2024-08-20 09:41:49,15100.0,300,Buy,232917733
2024-08-20 09:41:49,15100.0,2000,Buy,232917734
2024-08-20 09:41:49,15100.0,200,Buy,232917735
2024-08-20 09:42:04,15100.0,200,Buy,232918166
2024-08-20 09:42:04,15100.0,1800,Buy,232918165
2024-08-20 09:42:07,15050.0,300,Sell,232918281
2024-08-20 09:42:07,15050.0,400,Sell,232918280
2024-08-20 09:42:10,15100.0,500,Buy,232918365
2024-08-20 09:42:20,15050.0,500,Sell,232918622
2024-08-20 09:42:20,15050.0,2000,Sell,232918642
2024-08-20 09:42:20,15050.0,2000,Sell,232918641
2024-08-20 09:42:20,15050.0,800,Sell,232918640
2024-08-20 09:42:20,15050.0,1200,Sell,232918639
2024-08-20 09:42:20,15050.0,2000,Sell,232918638
2024-08-20 09:42:20,15050.0,1500,Sell,232918621
2024-08-20 09:42:20,15050.0,1800,Sell,232918630
2024-08-20 09:42:20,15050.0,2000,Sell,232918628
2024-08-20 09:42:20,15050.0,2000,Sell,232918627
2024-08-20 09:42:20,15050.0,1000,Sell,232918626
2024-08-20 09:42:20,15050.0,1000,Sell,232918625
2024-08-20 09:42:20,15100.0,900,Buy,232918624
2024-08-20 09:42:20,15050.0,2000,Sell,232918623
2024-08-20 09:42:20,15050.0,200,Sell,232918629
2024-08-20 09:42:29,15100.0,200,Buy,232918858
2024-08-20 09:42:31,15050.0,1300,Sell,232918918
2024-08-20 09:42:31,15050.0,100,Sell,232918917
2024-08-20 09:42:31,15050.0,500,Sell,232918916
2024-08-20 09:42:31,15050.0,200,Sell,232918914
2024-08-20 09:42:31,15050.0,200,Sell,232918912
2024-08-20 09:42:31,15050.0,100,Sell,232918915
2024-08-20 09:42:31,15050.0,500,Sell,232918913
2024-08-20 09:42:33,15050.0,2000,Sell,232918977
2024-08-20 09:42:33,15050.0,100,Sell,232918993
2024-08-20 09:42:33,15050.0,400,Sell,232918992
2024-08-20 09:42:33,15050.0,300,Sell,232918991
2024-08-20 09:42:33,15050.0,1200,Sell,232918990
2024-08-20 09:42:33,15050.0,2000,Sell,232918989
2024-08-20 09:42:33,15050.0,2000,Sell,232918988
2024-08-20 09:42:33,15050.0,800,Sell,232918986
2024-08-20 09:42:33,15050.0,2000,Sell,232918983
2024-08-20 09:42:33,15050.0,2000,Sell,232918982
2024-08-20 09:42:33,15050.0,2000,Sell,232918981
2024-08-20 09:42:33,15050.0,2000,Sell,232918980
2024-08-20 09:42:33,15050.0,1500,Sell,232918979
2024-08-20 09:42:33,15050.0,500,Sell,232918978
2024-08-20 09:42:33,15050.0,700,Sell,232918985
2024-08-20 09:42:33,15050.0,500,Sell,232918984
2024-08-20 09:43:08,15050.0,4300,Sell,232920033
2024-08-20 09:43:08,15050.0,200,Sell,232920032
2024-08-20 09:43:09,15050.0,500,Sell,232920051
2024-08-20 09:43:17,15050.0,2000,Sell,232920390
2024-08-20 09:43:18,15050.0,500,Sell,232920417
2024-08-20 09:43:20,15050.0,1400,Sell,232920480
2024-08-20 09:43:32,15050.0,1300,Sell,232921002
2024-08-20 09:43:32,15050.0,1700,Sell,232921003
2024-08-20 09:43:37,15050.0,2000,Sell,232921247
2024-08-20 09:43:37,15050.0,400,Sell,232921246
2024-08-20 09:43:37,15050.0,100,Sell,232921245
2024-08-20 09:43:37,15050.0,400,Sell,232921244
2024-08-20 09:43:37,15050.0,1100,Sell,232921243
2024-08-20 09:43:37,15050.0,1300,Sell,232921242
2024-08-20 09:43:37,15050.0,100,Sell,232921241
2024-08-20 09:43:37,15050.0,400,Sell,232921239
2024-08-20 09:43:37,15050.0,400,Sell,232921238
2024-08-20 09:43:37,15050.0,300,Sell,232921237
2024-08-20 09:43:37,15050.0,1300,Sell,232921236
2024-08-20 09:43:37,15050.0,2000,Sell,232921231
2024-08-20 09:43:37,15050.0,200,Sell,232921240
2024-08-20 09:43:48,15100.0,100,Buy,232921830
2024-08-20 09:43:49,15050.0,2000,Sell,232921919
2024-08-20 09:43:49,15050.0,2000,Sell,232921918
2024-08-20 09:43:49,15050.0,2000,Sell,232921917
2024-08-20 09:43:49,15050.0,2000,Sell,232921916
2024-08-20 09:43:49,15050.0,2000,Sell,232921915
2024-08-20 09:43:50,15050.0,2000,Sell,232921927
2024-08-20 09:43:50,15050.0,2000,Sell,232921928
2024-08-20 09:43:50,15050.0,2000,Sell,232921929
2024-08-20 09:43:50,15050.0,2000,Sell,232921930
2024-08-20 09:43:50,15050.0,2000,Sell,232921931
2024-08-20 09:43:50,15050.0,2000,Sell,232921942
2024-08-20 09:43:54,15100.0,400,Buy,232922049
2024-08-20 09:43:54,15100.0,100,Buy,232922048
2024-08-20 09:44:04,15100.0,2000,Buy,232922303
2024-08-20 09:44:12,15100.0,600,Buy,232922459
2024-08-20 09:44:12,15100.0,1200,Buy,232922460
2024-08-20 09:44:12,15100.0,200,Buy,232922461
2024-08-20 09:44:17,15050.0,1000,Sell,232922612
2024-08-20 09:44:19,15100.0,1000,Buy,232922672
2024-08-20 09:44:19,15100.0,1000,Buy,232922671
2024-08-20 09:44:19,15100.0,3500,Buy,232922673
2024-08-20 09:44:19,15100.0,3500,Buy,232922669
2024-08-20 09:44:19,15100.0,200,Buy,232922670
2024-08-20 09:44:19,15100.0,300,Buy,232922667
2024-08-20 09:44:19,15100.0,500,Buy,232922668
2024-08-20 09:44:47,15100.0,10000,Buy,232923341
2024-08-20 09:44:50,15050.0,400,Sell,232923491
2024-08-20 09:44:50,15050.0,200,Sell,232923492
2024-08-20 09:44:56,15050.0,2000,Sell,232923689
2024-08-20 09:44:56,15050.0,2000,Sell,232923695
2024-08-20 09:44:56,15050.0,2000,Sell,232923696
2024-08-20 09:44:56,15050.0,2000,Sell,232923697
2024-08-20 09:44:56,15050.0,2000,Sell,232923698
2024-08-20 09:44:57,15050.0,100,Sell,232923717
2024-08-20 09:44:57,15050.0,2000,Sell,232923718
2024-08-20 09:44:57,15050.0,2000,Sell,232923719
2024-08-20 09:44:57,15050.0,900,Sell,232923722
2024-08-20 09:44:57,15050.0,2000,Sell,232923732
2024-08-20 09:44:57,15050.0,2000,Sell,232923724
2024-08-20 09:44:57,15050.0,1900,Sell,232923730
2024-08-20 09:44:57,15050.0,100,Sell,232923731
2024-08-20 09:44:57,15050.0,500,Sell,232923715
2024-08-20 09:44:57,15050.0,1100,Sell,232923723
2024-08-20 09:44:57,15050.0,200,Sell,232923714
2024-08-20 09:44:57,15050.0,500,Sell,232923716
2024-08-20 09:44:57,15050.0,300,Sell,232923712
2024-08-20 09:44:57,15050.0,700,Sell,232923713
2024-08-20 09:44:57,15050.0,2000,Sell,232923703
2024-08-20 09:44:57,15050.0,2000,Sell,232923704
2024-08-20 09:44:57,15050.0,2000,Sell,232923706
2024-08-20 09:44:57,15050.0,2000,Sell,232923707
2024-08-20 09:44:57,15050.0,2000,Sell,232923705
2024-08-20 09:44:57,15050.0,1000,Sell,232923709
2024-08-20 09:44:57,15050.0,200,Sell,232923710
2024-08-20 09:44:57,15050.0,500,Sell,232923711
2024-08-20 09:44:57,15050.0,2000,Sell,232923702
2024-08-20 09:44:57,15050.0,2000,Sell,232923708
2024-08-20 09:45:11,15050.0,100,Sell,232924082
2024-08-20 09:45:11,15050.0,1000,Sell,232924085
2024-08-20 09:45:11,15050.0,500,Sell,232924084
2024-08-20 09:45:11,15050.0,500,Sell,232924083
2024-08-20 09:45:11,15050.0,1900,Sell,232924081
2024-08-20 09:45:11,15050.0,1100,Sell,232924077
2024-08-20 09:45:11,15050.0,2000,Sell,232924079
2024-08-20 09:45:11,15050.0,2000,Sell,232924078
2024-08-20 09:45:11,15050.0,900,Sell,232924076
2024-08-20 09:45:11,15050.0,2000,Sell,232924075
2024-08-20 09:45:11,15050.0,2000,Sell,232924080
2024-08-20 09:45:12,15050.0,2000,Sell,232924106
2024-08-20 09:45:12,15050.0,900,Sell,232924108
2024-08-20 09:45:12,15050.0,1100,Sell,232924107
2024-08-20 09:45:12,15050.0,2000,Sell,232924092
2024-08-20 09:45:12,15050.0,2000,Sell,232924087
2024-08-20 09:45:12,15050.0,2000,Sell,232924090
2024-08-20 09:45:12,15050.0,2000,Sell,232924089
2024-08-20 09:45:12,15050.0,2000,Sell,232924088
2024-08-20 09:45:12,15050.0,2000,Sell,232924091
2024-08-20 09:45:14,15050.0,2500,Sell,232924172
2024-08-20 09:45:19,15100.0,2000,Buy,232924283
2024-08-20 09:45:35,15100.0,100,Buy,232924673
2024-08-20 09:45:48,15100.0,100,Buy,232924924
2024-08-20 09:45:53,15100.0,100,Buy,232925059
2024-08-20 09:46:10,15050.0,200,Sell,232925539
2024-08-20 09:46:12,15100.0,100,Buy,232925579
2024-08-20 09:46:14,15100.0,700,Buy,232925601
2024-08-20 09:46:17,15100.0,500,Buy,232925661
2024-08-20 09:46:18,15050.0,700,Sell,232925704
2024-08-20 09:46:18,15050.0,2000,Sell,232925715
2024-08-20 09:46:18,15050.0,2000,Sell,232925706
2024-08-20 09:46:18,15050.0,2000,Sell,232925705
2024-08-20 09:46:18,15050.0,1300,Sell,232925703
2024-08-20 09:46:18,15050.0,2000,Sell,232925702
2024-08-20 09:46:18,15050.0,2000,Sell,232925701
2024-08-20 09:46:18,15050.0,2000,Sell,232925700
2024-08-20 09:46:18,15050.0,2000,Sell,232925699
2024-08-20 09:46:18,15050.0,2000,Sell,232925697
2024-08-20 09:46:18,15050.0,2000,Sell,232925696
2024-08-20 09:46:32,15050.0,100,Sell,232926129
2024-08-20 09:46:35,15050.0,2000,Sell,232926248
2024-08-20 09:46:35,15050.0,2000,Sell,232926249
2024-08-20 09:46:35,15050.0,2000,Sell,232926250
2024-08-20 09:46:36,15050.0,2000,Sell,232926267
2024-08-20 09:46:36,15050.0,2000,Sell,232926266
2024-08-20 09:46:36,15050.0,1400,Sell,232926265
2024-08-20 09:46:36,15050.0,600,Sell,232926264
2024-08-20 09:46:36,15050.0,1200,Sell,232926262
2024-08-20 09:46:36,15050.0,2000,Sell,232926261
2024-08-20 09:46:36,15050.0,2000,Sell,232926260
2024-08-20 09:46:36,15050.0,2000,Sell,232926259
2024-08-20 09:46:36,15050.0,800,Sell,232926263
2024-08-20 09:46:43,15050.0,100,Sell,232926534
2024-08-20 09:46:53,15050.0,2000,Sell,232926772
2024-08-20 09:46:53,15050.0,2000,Sell,232926775
2024-08-20 09:46:53,15050.0,2000,Sell,232926774
2024-08-20 09:46:53,15050.0,2000,Sell,232926773
2024-08-20 09:46:53,15050.0,2000,Sell,232926771
2024-08-20 09:46:53,15050.0,2000,Sell,232926770
2024-08-20 09:46:53,15050.0,2000,Sell,232926766
2024-08-20 09:46:53,15050.0,2000,Sell,232926765
2024-08-20 09:46:53,15050.0,2000,Sell,232926764
2024-08-20 09:46:53,15050.0,500,Sell,232926763
2024-08-20 09:46:53,15050.0,1500,Sell,232926762
2024-08-20 09:47:01,15050.0,100,Sell,232926960
2024-08-20 09:47:03,15050.0,1400,Sell,232927010
2024-08-20 09:47:03,15050.0,8100,Sell,232927011
2024-08-20 09:47:06,15100.0,7000,Buy,232927079
2024-08-20 09:47:12,15050.0,200,Sell,232927238
2024-08-20 09:47:12,15050.0,500,Sell,232927239
2024-08-20 09:47:12,15050.0,1500,Sell,232927244
2024-08-20 09:47:12,15050.0,500,Sell,232927245
2024-08-20 09:47:12,15050.0,800,Sell,232927246
2024-08-20 09:47:12,15050.0,1200,Sell,232927247
2024-08-20 09:47:12,15050.0,100,Sell,232927268
2024-08-20 09:47:12,15050.0,1200,Sell,232927266
2024-08-20 09:47:12,15050.0,800,Sell,232927267
2024-08-20 09:47:12,15050.0,1300,Sell,232927237
2024-08-20 09:47:12,15050.0,1000,Sell,232927269
2024-08-20 09:47:12,15050.0,100,Sell,232927270
2024-08-20 09:47:12,15050.0,800,Sell,232927265
2024-08-20 09:47:12,15050.0,700,Sell,232927236
2024-08-20 09:47:12,15050.0,700,Sell,232927229
2024-08-20 09:47:12,15050.0,400,Sell,232927234
2024-08-20 09:47:12,15050.0,200,Sell,232927235
2024-08-20 09:47:12,15050.0,2000,Sell,232927219
2024-08-20 09:47:12,15050.0,2000,Sell,232927220
2024-08-20 09:47:12,15050.0,2000,Sell,232927221
2024-08-20 09:47:12,15050.0,1900,Sell,232927225
2024-08-20 09:47:12,15050.0,100,Sell,232927226
2024-08-20 09:47:12,15050.0,2000,Sell,232927224
2024-08-20 09:47:12,15050.0,1100,Sell,232927228
2024-08-20 09:47:12,15050.0,2000,Sell,232927218
2024-08-20 09:47:12,15050.0,1300,Sell,232927230
2024-08-20 09:47:12,15050.0,1700,Sell,232927231
2024-08-20 09:47:12,15050.0,300,Sell,232927232
2024-08-20 09:47:12,15050.0,700,Sell,232927233
2024-08-20 09:47:12,15050.0,900,Sell,232927227
2024-08-20 09:47:17,15050.0,1400,Sell,232927413
2024-08-20 09:47:23,15050.0,3000,Sell,232927586
2024-08-20 09:47:28,15050.0,300,Sell,232927695
2024-08-20 09:47:32,15050.0,2000,Sell,232927917
2024-08-20 09:47:34,15050.0,200,Sell,232927975
2024-08-20 09:47:34,15050.0,2000,Sell,232927973
2024-08-20 09:47:34,15050.0,2000,Sell,232927959
2024-08-20 09:47:34,15050.0,2000,Sell,232927961
2024-08-20 09:47:34,15050.0,2000,Sell,232927960
2024-08-20 09:47:34,15050.0,2000,Sell,232927972
2024-08-20 09:47:35,15050.0,300,Sell,232927977
2024-08-20 09:47:43,15050.0,200,Sell,232928113
2024-08-20 09:47:43,15050.0,800,Sell,232928114
2024-08-20 09:47:50,15050.0,5000,Sell,232928379
2024-08-20 09:48:05,15050.0,1400,Sell,232928780
2024-08-20 09:48:06,15050.0,100,Sell,232928783
2024-08-20 09:48:10,15050.0,2000,Sell,232928888
2024-08-20 09:48:10,15050.0,100,Sell,232928885
2024-08-20 09:48:10,15050.0,100,Sell,232928884
2024-08-20 09:48:10,15050.0,400,Sell,232928881
2024-08-20 09:48:10,15050.0,600,Sell,232928882
2024-08-20 09:48:10,15050.0,1600,Sell,232928880
2024-08-20 09:48:10,15050.0,1100,Sell,232928886
2024-08-20 09:48:10,15050.0,600,Sell,232928878
2024-08-20 09:48:10,15050.0,1400,Sell,232928879
2024-08-20 09:48:10,15050.0,2000,Sell,232928871
2024-08-20 09:48:10,15050.0,2000,Sell,232928872
2024-08-20 09:48:10,15050.0,100,Sell,232928883
2024-08-20 09:48:10,15050.0,2000,Sell,232928874
2024-08-20 09:48:10,15050.0,2000,Sell,232928875
2024-08-20 09:48:10,15050.0,2000,Sell,232928877
2024-08-20 09:48:10,15050.0,2000,Sell,232928873
2024-08-20 09:48:22,15100.0,100,Buy,232929154
2024-08-20 09:48:24,15050.0,200,Sell,232929202
2024-08-20 09:48:26,15050.0,500,Sell,232929342
2024-08-20 09:48:31,15050.0,500,Sell,232929487
2024-08-20 09:48:31,15050.0,2600,Sell,232929481
2024-08-20 09:48:34,15050.0,2500,Sell,232929626
2024-08-20 09:48:38,15050.0,500,Sell,232929766
2024-08-20 09:48:39,15050.0,100,Sell,232929782
2024-08-20 09:48:39,15050.0,100,Sell,232929783
2024-08-20 09:48:39,15050.0,200,Sell,232929784
2024-08-20 09:48:44,15050.0,100,Sell,232929916
2024-08-20 09:48:49,15050.0,200,Sell,232930032
2024-08-20 09:49:08,15100.0,300,Buy,232930454
2024-08-20 09:49:31,15050.0,1000,Sell,232931079
2024-08-20 09:49:51,15050.0,400,Sell,232931869
2024-08-20 09:49:51,15050.0,500,Sell,232931865
2024-08-20 09:49:51,15050.0,1600,Sell,232931866
2024-08-20 09:49:51,15050.0,2500,Sell,232931867
2024-08-20 09:49:51,15050.0,5000,Sell,232931868
2024-08-20 09:49:54,15100.0,100,Buy,232931916
2024-08-20 09:49:59,15050.0,100,Sell,232932059
2024-08-20 09:49:59,15050.0,1000,Sell,232932074
2024-08-20 09:49:59,15050.0,500,Sell,232932073
2024-08-20 09:49:59,15050.0,500,Sell,232932072
2024-08-20 09:49:59,15050.0,200,Sell,232932071
2024-08-20 09:49:59,15050.0,500,Sell,232932070
2024-08-20 09:49:59,15050.0,500,Sell,232932067
2024-08-20 09:49:59,15050.0,800,Sell,232932069
2024-08-20 09:49:59,15050.0,100,Sell,232932065
2024-08-20 09:49:59,15050.0,1000,Sell,232932064
2024-08-20 09:49:59,15050.0,200,Sell,232932063
2024-08-20 09:49:59,15050.0,300,Sell,232932062
2024-08-20 09:49:59,15050.0,1000,Sell,232932061
2024-08-20 09:49:59,15050.0,500,Sell,232932060
2024-08-20 09:49:59,15050.0,200,Sell,232932066
2024-08-20 09:49:59,15050.0,100,Sell,232932058
2024-08-20 09:50:00,15050.0,100,Sell,232932082
2024-08-20 09:50:00,15050.0,500,Sell,232932085
2024-08-20 09:50:00,15050.0,500,Sell,232932084
2024-08-20 09:50:00,15050.0,500,Sell,232932081
2024-08-20 09:50:00,15050.0,200,Sell,232932079
2024-08-20 09:50:00,15050.0,400,Sell,232932076
2024-08-20 09:50:00,15050.0,100,Sell,232932080
2024-08-20 09:50:00,15050.0,100,Sell,232932078
2024-08-20 09:50:00,15050.0,100,Sell,232932077
2024-08-20 09:50:03,15050.0,4500,Sell,232932242
2024-08-20 09:50:04,15050.0,3500,Sell,232932248
2024-08-20 09:50:04,15050.0,500,Sell,232932249
2024-08-20 09:50:11,15050.0,400,Buy,232932496
2024-08-20 09:50:17,15000.0,100,Sell,232932845
2024-08-20 09:50:17,15000.0,300,Sell,232932846
2024-08-20 09:50:17,15000.0,300,Sell,232932847
2024-08-20 09:50:25,15050.0,1000,Buy,232933135
2024-08-20 09:50:28,15050.0,100,Buy,232933223
2024-08-20 09:50:28,15050.0,100,Buy,232933224
2024-08-20 09:50:32,15050.0,1000,Buy,232933312
2024-08-20 09:50:36,15050.0,1000,Buy,232933439
2024-08-20 09:50:38,15050.0,100,Buy,232933495
2024-08-20 09:50:53,15050.0,2000,Buy,232934025
2024-08-20 09:50:54,15050.0,1300,Buy,232934054
2024-08-20 09:50:54,15050.0,2000,Buy,232934053
2024-08-20 09:50:54,15050.0,2000,Buy,232934052
2024-08-20 09:50:54,15050.0,100,Buy,232934050
2024-08-20 09:50:54,15050.0,5900,Buy,232934049
2024-08-20 09:50:54,15050.0,300,Buy,232934051
2024-08-20 09:50:56,15050.0,700,Buy,232934122
2024-08-20 09:50:56,15050.0,2000,Buy,232934123
2024-08-20 09:50:56,15050.0,2000,Buy,232934124
2024-08-20 09:50:56,15050.0,500,Buy,232934125
2024-08-20 09:50:56,15050.0,4800,Buy,232934126
2024-08-20 09:51:00,15050.0,2500,Buy,232934246
2024-08-20 09:51:07,15050.0,1000,Buy,232934586
2024-08-20 09:51:08,15050.0,100,Buy,232934598
2024-08-20 09:51:10,15050.0,1000,Buy,232934751
2024-08-20 09:51:10,15050.0,5000,Buy,232934752
2024-08-20 09:51:10,15050.0,1100,Buy,232934753
2024-08-20 09:51:10,15050.0,500,Buy,232934754
2024-08-20 09:51:10,15050.0,1600,Buy,232934750
2024-08-20 09:51:15,15050.0,800,Sell,232934896
2024-08-20 09:51:15,15000.0,400,Sell,232934897
2024-08-20 09:51:15,15000.0,200,Sell,232934898
2024-08-20 09:51:31,15000.0,100,Sell,232935327
2024-08-20 09:51:31,15000.0,200,Sell,232935326
2024-08-20 09:51:31,15000.0,100,Sell,232935325
2024-08-20 09:51:31,15000.0,100,Sell,232935323
2024-08-20 09:51:31,15050.0,1000,Sell,232935321
2024-08-20 09:51:31,15000.0,100,Sell,232935324
2024-08-20 09:51:31,15000.0,100,Sell,232935322
2024-08-20 09:51:48,15050.0,200,Sell,232935839
2024-08-20 09:51:48,15000.0,1400,Sell,232935840
2024-08-20 09:51:48,15000.0,500,Sell,232935841
2024-08-20 09:51:48,15000.0,200,Sell,232935842
2024-08-20 09:51:48,15000.0,300,Sell,232935843
2024-08-20 09:51:54,15050.0,200,Sell,232936056
2024-08-20 09:51:58,15050.0,1200,Buy,232936160
2024-08-20 09:51:58,15050.0,300,Buy,232936161
2024-08-20 09:52:09,15050.0,500,Sell,232936517
2024-08-20 09:52:09,15050.0,100,Buy,232936551
2024-08-20 09:52:09,15050.0,1000,Sell,232936516
2024-08-20 09:52:10,15050.0,300,Buy,232936571
2024-08-20 09:52:17,15050.0,1000,Buy,232936751
2024-08-20 09:52:18,15050.0,200,Sell,232936758
2024-08-20 09:52:25,15050.0,900,Sell,232936970
2024-08-20 09:52:25,15050.0,100,Sell,232936969
2024-08-20 09:52:27,15100.0,100,Buy,232937054
2024-08-20 09:52:39,15050.0,100,Sell,232937460
2024-08-20 09:52:39,15050.0,2000,Sell,232937461
2024-08-20 09:52:39,15050.0,300,Sell,232937462
2024-08-20 09:52:39,15050.0,2000,Sell,232937463
2024-08-20 09:52:39,15050.0,200,Sell,232937464
2024-08-20 09:52:39,15050.0,5300,Sell,232937465
2024-08-20 09:52:39,15050.0,100,Sell,232937459
2024-08-20 09:52:40,15050.0,900,Sell,232937502
2024-08-20 09:52:52,15050.0,1800,Sell,232938031
2024-08-20 09:53:01,15050.0,200,Sell,232938255
2024-08-20 09:53:01,15050.0,200,Sell,232938253
2024-08-20 09:53:01,15050.0,200,Sell,232938254
2024-08-20 09:53:11,15100.0,300,Buy,232938493
2024-08-20 09:53:12,15050.0,1000,Sell,232938509
2024-08-20 09:53:15,15050.0,300,Sell,232938633
2024-08-20 09:53:15,15050.0,300,Sell,232938635
2024-08-20 09:53:15,15050.0,500,Sell,232938634
2024-08-20 09:53:15,15050.0,500,Sell,232938632
2024-08-20 09:53:15,15050.0,300,Sell,232938636
2024-08-20 09:53:15,15050.0,400,Sell,232938627
2024-08-20 09:53:15,15050.0,1000,Sell,232938626
2024-08-20 09:53:15,15050.0,600,Sell,232938625
2024-08-20 09:53:15,15050.0,2000,Sell,232938624
2024-08-20 09:53:15,15050.0,2000,Sell,232938623
2024-08-20 09:53:15,15050.0,100,Sell,232938631
2024-08-20 09:53:27,15050.0,300,Sell,232939046
2024-08-20 09:53:27,15050.0,1000,Sell,232939047
2024-08-20 09:53:28,15050.0,3400,Sell,232939095
2024-08-20 09:53:28,15050.0,1600,Sell,232939096
2024-08-20 09:53:38,15050.0,400,Sell,232939363
2024-08-20 09:53:38,15050.0,100,Sell,232939364
2024-08-20 09:53:38,15050.0,100,Sell,232939365
2024-08-20 09:53:38,15050.0,1000,Sell,232939366
2024-08-20 09:53:38,15050.0,3400,Sell,232939367
2024-08-20 09:54:00,15050.0,100,Sell,232940037
2024-08-20 09:54:00,15050.0,400,Sell,232940034
2024-08-20 09:54:00,15050.0,1000,Sell,232940035
2024-08-20 09:54:00,15050.0,1500,Sell,232940036
2024-08-20 09:54:43,15050.0,1100,Sell,232941252
2024-08-20 09:54:48,15100.0,300,Buy,232941342
2024-08-20 09:54:53,15100.0,100,Buy,232941445
2024-08-20 09:55:05,15100.0,1000,Buy,232941748
2024-08-20 09:55:08,15050.0,1100,Sell,232941814
2024-08-20 09:55:08,15050.0,900,Sell,232941813
2024-08-20 09:55:08,15050.0,100,Sell,232941808
2024-08-20 09:55:08,15050.0,2000,Sell,232941810
2024-08-20 09:55:08,15050.0,2000,Sell,232941809
2024-08-20 09:55:08,15050.0,300,Sell,232941807
2024-08-20 09:55:08,15050.0,100,Sell,232941802
2024-08-20 09:55:08,15050.0,700,Sell,232941805
2024-08-20 09:55:08,15050.0,500,Sell,232941804
2024-08-20 09:55:08,15050.0,1500,Sell,232941803
2024-08-20 09:55:08,15050.0,300,Sell,232941801
2024-08-20 09:55:08,15050.0,100,Sell,232941800
2024-08-20 09:55:08,15050.0,400,Sell,232941806
2024-08-20 09:55:10,15050.0,100,Sell,232941839
2024-08-20 09:55:13,15050.0,800,Sell,232941920
2024-08-20 09:55:13,15050.0,600,Sell,232941921
2024-08-20 09:55:26,15050.0,2000,Sell,232942283
2024-08-20 09:55:26,15050.0,2000,Sell,232942293
2024-08-20 09:55:26,15050.0,1000,Sell,232942285
2024-08-20 09:55:26,15050.0,900,Sell,232942286
2024-08-20 09:55:26,15050.0,2000,Sell,232942290
2024-08-20 09:55:26,15050.0,2000,Sell,232942288
2024-08-20 09:55:26,15050.0,2000,Sell,232942289
2024-08-20 09:55:26,15050.0,2000,Sell,232942292
2024-08-20 09:55:26,15050.0,2000,Sell,232942287
2024-08-20 09:55:26,15050.0,2000,Sell,232942279
2024-08-20 09:55:26,15050.0,100,Sell,232942284
2024-08-20 09:55:26,15050.0,1900,Sell,232942277
2024-08-20 09:55:26,15050.0,2000,Sell,232942278
2024-08-20 09:55:26,15050.0,2000,Sell,232942263
2024-08-20 09:55:26,15050.0,2000,Sell,232942264
2024-08-20 09:55:26,15050.0,2000,Sell,232942266
2024-08-20 09:55:26,15050.0,2000,Sell,232942267
2024-08-20 09:55:26,15050.0,2000,Sell,232942282
2024-08-20 09:55:26,15050.0,2000,Sell,232942272
2024-08-20 09:55:26,15050.0,2000,Sell,232942274
2024-08-20 09:55:26,15050.0,2000,Sell,232942275
2024-08-20 09:55:26,15050.0,100,Sell,232942276
2024-08-20 09:55:26,15050.0,2000,Sell,232942268
2024-08-20 09:55:45,15050.0,2000,Sell,232942736
2024-08-20 09:55:45,15050.0,2000,Sell,232942735
2024-08-20 09:55:45,15050.0,2000,Sell,232942734
2024-08-20 09:55:45,15050.0,2000,Sell,232942733
2024-08-20 09:55:45,15050.0,2000,Sell,232942730
2024-08-20 09:55:45,15050.0,2000,Sell,232942729
2024-08-20 09:55:45,15050.0,2000,Sell,232942737
2024-08-20 09:55:45,15050.0,2000,Sell,232942727
2024-08-20 09:55:45,15050.0,2000,Sell,232942726
2024-08-20 09:55:45,15050.0,2000,Sell,232942725
2024-08-20 09:55:45,15050.0,2000,Sell,232942724
2024-08-20 09:55:45,15050.0,2000,Sell,232942723
2024-08-20 09:55:45,15050.0,2000,Sell,232942722
2024-08-20 09:55:45,15050.0,2000,Sell,232942715
2024-08-20 09:55:45,15050.0,2000,Sell,232942728
2024-08-20 09:55:46,15050.0,300,Sell,232942748
2024-08-20 09:55:46,15050.0,300,Sell,232942749
2024-08-20 09:56:00,15050.0,2000,Sell,232943282
2024-08-20 09:56:00,15050.0,2000,Sell,232943281
2024-08-20 09:56:00,15050.0,2000,Sell,232943278
2024-08-20 09:56:00,15050.0,2000,Sell,232943277
2024-08-20 09:56:00,15050.0,2000,Sell,232943271
2024-08-20 09:56:00,15050.0,2000,Sell,232943272
2024-08-20 09:56:00,15050.0,2000,Sell,232943270
2024-08-20 09:56:00,15050.0,2000,Sell,232943268
2024-08-20 09:56:00,15050.0,2000,Sell,232943267
2024-08-20 09:56:00,15050.0,2000,Sell,232943276
2024-08-20 09:56:06,15050.0,5000,Sell,232943460
2024-08-20 09:56:08,15050.0,500,Sell,232943504
2024-08-20 09:56:10,15050.0,100,Sell,232943566
2024-08-20 09:56:22,15050.0,2000,Sell,232943872
2024-08-20 09:56:22,15050.0,2000,Sell,232943871
2024-08-20 09:56:22,15050.0,2000,Sell,232943873
2024-08-20 09:56:22,15050.0,2000,Sell,232943869
2024-08-20 09:56:22,15050.0,2000,Sell,232943865
2024-08-20 09:56:22,15050.0,2000,Sell,232943870
2024-08-20 09:56:22,15050.0,2000,Sell,232943866
2024-08-20 09:56:23,15050.0,2000,Sell,232943875
2024-08-20 09:56:23,15050.0,2000,Sell,232943876
2024-08-20 09:56:23,15050.0,2000,Sell,232943877
2024-08-20 09:56:28,15050.0,2000,Sell,232944081
2024-08-20 09:56:31,15100.0,200,Buy,232944179
2024-08-20 09:56:49,15050.0,1100,Sell,232944640
2024-08-20 09:56:49,15050.0,2000,Sell,232944638
2024-08-20 09:56:49,15050.0,900,Sell,232944639
2024-08-20 09:56:49,15050.0,2000,Sell,232944636
2024-08-20 09:56:49,15050.0,2000,Sell,232944632
2024-08-20 09:56:49,15050.0,2000,Sell,232944637
2024-08-20 09:56:58,15050.0,1000,Sell,232944844
2024-08-20 09:57:03,15050.0,1100,Sell,232944969
2024-08-20 09:57:03,15050.0,100,Sell,232944970
2024-08-20 09:57:03,15050.0,300,Sell,232944971
2024-08-20 09:57:03,15050.0,1000,Sell,232944972
2024-08-20 09:57:03,15050.0,400,Sell,232944973
2024-08-20 09:57:06,15050.0,2100,Sell,232945054
2024-08-20 09:57:06,15050.0,300,Sell,232945053
2024-08-20 09:57:06,15050.0,600,Sell,232945052
2024-08-20 09:57:08,15050.0,2000,Sell,232945168
2024-08-20 09:57:08,15050.0,2000,Sell,232945169
2024-08-20 09:57:08,15050.0,2000,Sell,232945170
2024-08-20 09:57:08,15050.0,2000,Sell,232945171
2024-08-20 09:57:08,15050.0,2000,Sell,232945172
2024-08-20 09:57:08,15050.0,2000,Sell,232945173
2024-08-20 09:57:08,15050.0,2000,Sell,232945174
2024-08-20 09:57:09,15050.0,2000,Sell,232945197
2024-08-20 09:57:09,15050.0,2000,Sell,232945198
2024-08-20 09:57:09,15050.0,2000,Sell,232945199
2024-08-20 09:57:18,15050.0,100,Sell,232945454
2024-08-20 09:57:23,15050.0,2000,Sell,232945579
2024-08-20 09:57:26,15050.0,100,Sell,232945606
2024-08-20 09:57:28,15050.0,300,Sell,232945767
2024-08-20 09:57:28,15050.0,300,Sell,232945761
2024-08-20 09:57:28,15050.0,200,Sell,232945765
2024-08-20 09:57:28,15050.0,1000,Sell,232945764
2024-08-20 09:57:28,15050.0,2000,Sell,232945763
2024-08-20 09:57:28,15050.0,2000,Sell,232945768
2024-08-20 09:57:28,15050.0,1700,Sell,232945760
2024-08-20 09:57:28,15050.0,500,Sell,232945766
2024-08-20 09:57:28,15050.0,700,Sell,232945758
2024-08-20 09:57:28,15050.0,1300,Sell,232945759
2024-08-20 09:57:28,15050.0,2000,Sell,232945751
2024-08-20 09:57:28,15050.0,2000,Sell,232945752
2024-08-20 09:57:28,15050.0,2000,Sell,232945762
2024-08-20 09:57:28,15050.0,300,Sell,232945754
2024-08-20 09:57:28,15050.0,1700,Sell,232945753
2024-08-20 09:57:28,15050.0,1900,Sell,232945757
2024-08-20 09:57:28,15050.0,100,Sell,232945756
2024-08-20 09:57:29,15050.0,2000,Sell,232945771
2024-08-20 09:57:29,15050.0,2000,Sell,232945772
2024-08-20 09:57:29,15050.0,2000,Sell,232945773
2024-08-20 09:57:29,15050.0,1400,Sell,232945774
2024-08-20 09:57:29,15050.0,300,Sell,232945775
2024-08-20 09:57:29,15050.0,300,Sell,232945776
2024-08-20 09:57:29,15050.0,1700,Sell,232945777
2024-08-20 09:57:29,15050.0,100,Sell,232945778
2024-08-20 09:57:29,15050.0,200,Sell,232945779
2024-08-20 09:57:29,15100.0,500,Buy,232945781
2024-08-20 09:57:33,15050.0,100,Sell,232945858
2024-08-20 09:57:33,15050.0,400,Sell,232945859
2024-08-20 09:57:39,15100.0,3000,Buy,232946138
2024-08-20 09:57:39,15050.0,100,Sell,232946157
2024-08-20 09:57:40,15050.0,1800,Sell,232946204
2024-08-20 09:57:40,15050.0,1000,Sell,232946203
2024-08-20 09:57:40,15050.0,300,Sell,232946201
2024-08-20 09:57:40,15050.0,1700,Sell,232946200
2024-08-20 09:57:40,15050.0,200,Sell,232946202
2024-08-20 09:57:42,15050.0,200,Sell,232946237
2024-08-20 09:57:42,15050.0,100,Sell,232946238
2024-08-20 09:57:42,15050.0,500,Sell,232946239
2024-08-20 09:57:42,15050.0,1000,Sell,232946240
2024-08-20 09:57:42,15050.0,200,Sell,232946241
2024-08-20 09:57:44,15050.0,300,Sell,232946281
2024-08-20 09:57:44,15050.0,500,Sell,232946282
2024-08-20 09:57:44,15050.0,200,Sell,232946283
2024-08-20 09:57:47,15050.0,2000,Sell,232946357
2024-08-20 09:57:47,15050.0,200,Sell,232946355
2024-08-20 09:57:47,15050.0,500,Sell,232946356
2024-08-20 09:57:52,15050.0,300,Buy,232946497
2024-08-20 09:57:57,15050.0,700,Sell,232946607
2024-08-20 09:58:05,15050.0,100,Buy,232946949
2024-08-20 09:58:20,15050.0,200,Buy,232947444
2024-08-20 09:58:21,15050.0,100,Buy,232947479
2024-08-20 09:58:23,15050.0,1000,Buy,232947548
2024-08-20 09:58:29,15000.0,400,Sell,232947789
2024-08-20 09:58:30,15000.0,200,Sell,232947792
2024-08-20 09:58:49,15050.0,100,Buy,232948348
2024-08-20 09:58:52,15050.0,1200,Buy,232948394
2024-08-20 09:58:52,15050.0,800,Buy,232948393
2024-08-20 09:58:59,15050.0,500,Buy,232948703
2024-08-20 09:58:59,15000.0,100,Sell,232948695
2024-08-20 09:58:59,15000.0,1200,Sell,232948696
2024-08-20 09:59:02,15050.0,1300,Buy,232948750
2024-08-20 09:59:02,15050.0,700,Buy,232948751
2024-08-20 09:59:10,15000.0,800,Sell,232949079
2024-08-20 09:59:10,15000.0,600,Sell,232949080
2024-08-20 09:59:11,15050.0,1000,Buy,232949096
2024-08-20 09:59:13,15050.0,500,Buy,232949159
2024-08-20 09:59:14,15050.0,100,Buy,232949175
2024-08-20 09:59:14,15050.0,3200,Buy,232949176
2024-08-20 09:59:14,15050.0,7800,Buy,232949173
2024-08-20 09:59:14,15050.0,2600,Buy,232949174
2024-08-20 09:59:20,15050.0,100,Buy,232949338
2024-08-20 09:59:27,15050.0,1000,Buy,232949544
2024-08-20 09:59:30,15050.0,10400,Buy,232949596
2024-08-20 09:59:31,15050.0,5000,Buy,232949608
2024-08-20 09:59:33,15050.0,300,Buy,232949654
2024-08-20 09:59:33,15050.0,1500,Buy,232949655
2024-08-20 09:59:34,15050.0,200,Buy,232949682
2024-08-20 09:59:34,15050.0,500,Buy,232949681
2024-08-20 09:59:35,15050.0,200,Buy,232949711
2024-08-20 09:59:36,15050.0,100,Buy,232949723
2024-08-20 09:59:37,15050.0,1000,Buy,232949753
2024-08-20 09:59:41,15050.0,500,Buy,232949811
2024-08-20 09:59:41,15050.0,2000,Buy,232949812
2024-08-20 09:59:41,15050.0,2000,Buy,232949813
2024-08-20 09:59:41,15050.0,500,Buy,232949814
2024-08-20 09:59:46,15050.0,1400,Buy,232949962
2024-08-20 09:59:51,15050.0,100,Buy,232950069
2024-08-20 09:59:51,15050.0,3600,Buy,232950070
2024-08-20 09:59:54,15050.0,8100,Buy,232950185
2024-08-20 09:59:54,15050.0,1400,Buy,232950183
2024-08-20 09:59:54,15050.0,500,Buy,232950184
2024-08-20 09:59:56,15050.0,200,Buy,232950258
2024-08-20 09:59:58,15050.0,500,Buy,232950284
2024-08-20 10:00:00,15050.0,500,Buy,232950331
2024-08-20 10:00:00,15050.0,500,Buy,232950334
2024-08-20 10:00:02,15050.0,200,Buy,232950384
2024-08-20 10:00:38,15050.0,100,Sell,232951502
2024-08-20 10:00:56,15050.0,200,Sell,232951928
2024-08-20 10:01:00,15100.0,1500,Buy,232952070
2024-08-20 10:01:05,15100.0,1000,Buy,232952194
2024-08-20 10:01:13,15050.0,400,Sell,232952376
2024-08-20 10:01:14,15050.0,300,Sell,232952384
2024-08-20 10:01:19,15100.0,300,Buy,232952481
2024-08-20 10:01:28,15050.0,36400,Sell,232952783
2024-08-20 10:01:28,15050.0,4000,Sell,232952782
2024-08-20 10:01:28,15050.0,100,Sell,232952781
2024-08-20 10:01:28,15050.0,500,Sell,232952780
2024-08-20 10:01:28,15050.0,21000,Sell,232952779
2024-08-20 10:01:28,15050.0,30000,Sell,232952778
2024-08-20 10:01:28,15050.0,800,Sell,232952770
2024-08-20 10:01:28,15050.0,2000,Sell,232952776
2024-08-20 10:01:28,15050.0,200,Sell,232952771
2024-08-20 10:01:28,15050.0,300,Sell,232952772
2024-08-20 10:01:28,15050.0,1000,Sell,232952777
2024-08-20 10:01:28,15050.0,200,Sell,232952774
2024-08-20 10:01:28,15050.0,500,Sell,232952773
2024-08-20 10:01:28,15050.0,3000,Sell,232952775
2024-08-20 10:01:32,15050.0,200,Sell,232952838
2024-08-20 10:01:39,15050.0,100,Sell,232953056
2024-08-20 10:01:40,15050.0,2500,Sell,232953069
2024-08-20 10:01:46,15050.0,100,Sell,232953245
2024-08-20 10:01:47,15050.0,500,Sell,232953265
2024-08-20 10:01:59,15100.0,100,Buy,232953673
2024-08-20 10:02:19,15050.0,5000,Sell,232954241
2024-08-20 10:02:41,15050.0,2000,Sell,232954798
2024-08-20 10:02:41,15050.0,2000,Sell,232954797
2024-08-20 10:02:41,15050.0,400,Sell,232954796
2024-08-20 10:02:41,15050.0,1600,Sell,232954795
2024-08-20 10:02:41,15050.0,1000,Sell,232954788
2024-08-20 10:02:41,15050.0,500,Sell,232954787
2024-08-20 10:02:41,15050.0,100,Sell,232954786
2024-08-20 10:02:41,15050.0,900,Sell,232954785
2024-08-20 10:02:41,15050.0,400,Sell,232954789
2024-08-20 10:02:41,15050.0,500,Sell,232954783
2024-08-20 10:02:41,15050.0,200,Sell,232954782
2024-08-20 10:02:41,15050.0,2000,Sell,232954781
2024-08-20 10:02:41,15050.0,2000,Sell,232954780
2024-08-20 10:02:41,15050.0,800,Sell,232954779
2024-08-20 10:02:41,15050.0,1200,Sell,232954778
2024-08-20 10:02:41,15050.0,2000,Sell,232954769
2024-08-20 10:02:41,15050.0,2000,Sell,232954768
2024-08-20 10:02:41,15050.0,400,Sell,232954784
2024-08-20 10:02:47,15050.0,200,Sell,232955027
2024-08-20 10:02:50,15050.0,100,Sell,232955060
2024-08-20 10:02:57,15050.0,4700,Sell,232955347
2024-08-20 10:02:57,15050.0,1000,Sell,232955346
2024-08-20 10:02:57,15050.0,300,Sell,232955345
2024-08-20 10:02:57,15050.0,100,Sell,232955342
2024-08-20 10:02:57,15050.0,100,Sell,232955343
2024-08-20 10:02:57,15050.0,100,Sell,232955341
2024-08-20 10:02:57,15050.0,600,Sell,232955340
2024-08-20 10:02:57,15050.0,100,Sell,232955344
2024-08-20 10:02:58,15050.0,300,Sell,232955387
2024-08-20 10:02:58,15050.0,1700,Sell,232955388
2024-08-20 10:02:58,15050.0,2000,Sell,232955389
2024-08-20 10:02:58,15050.0,2000,Sell,232955390
2024-08-20 10:02:59,15050.0,2000,Sell,232955397
2024-08-20 10:02:59,15050.0,2000,Sell,232955395
2024-08-20 10:02:59,15050.0,2000,Sell,232955396
2024-08-20 10:02:59,15050.0,2000,Sell,232955393
2024-08-20 10:02:59,15050.0,2000,Sell,232955392
2024-08-20 10:02:59,15050.0,2000,Sell,232955391
2024-08-20 10:02:59,15050.0,2000,Sell,232955394
2024-08-20 10:03:07,15050.0,200,Sell,232955568
2024-08-20 10:03:08,15050.0,1400,Sell,232955583
2024-08-20 10:03:19,15050.0,200,Sell,232955993
2024-08-20 10:03:30,15050.0,1000,Sell,232956271
2024-08-20 10:03:31,15050.0,100,Sell,232956297
2024-08-20 10:03:36,15050.0,800,Sell,232956391
2024-08-20 10:03:36,15050.0,2000,Sell,232956392
2024-08-20 10:03:36,15050.0,1000,Sell,232956393
2024-08-20 10:03:36,15050.0,1700,Sell,232956397
2024-08-20 10:03:36,15050.0,300,Sell,232956396
2024-08-20 10:03:36,15050.0,500,Sell,232956390
2024-08-20 10:03:36,15050.0,2000,Sell,232956395
2024-08-20 10:03:36,15050.0,100,Sell,232956389
2024-08-20 10:03:36,15050.0,1000,Sell,232956394
2024-08-20 10:03:36,15050.0,100,Sell,232956387
2024-08-20 10:03:36,15050.0,600,Sell,232956386
2024-08-20 10:03:36,15050.0,1400,Sell,232956385
2024-08-20 10:03:36,15050.0,600,Sell,232956384
2024-08-20 10:03:36,15050.0,1400,Sell,232956383
2024-08-20 10:03:36,15050.0,2000,Sell,232956382
2024-08-20 10:03:36,15050.0,2000,Sell,232956381
2024-08-20 10:03:36,15050.0,2000,Sell,232956380
2024-08-20 10:03:36,15050.0,500,Sell,232956388
2024-08-20 10:03:37,15050.0,2900,Sell,232956420
2024-08-20 10:03:40,15050.0,100,Sell,232956500
2024-08-20 10:03:41,15050.0,1000,Sell,232956524
2024-08-20 10:03:43,15050.0,200,Sell,232956564
2024-08-20 10:03:46,15050.0,200,Sell,232956699
2024-08-20 10:03:57,15050.0,400,Sell,232956911
2024-08-20 10:03:57,15050.0,200,Sell,232956912
2024-08-20 10:04:00,15050.0,3300,Sell,232956967
2024-08-20 10:04:00,15050.0,100,Sell,232956968
2024-08-20 10:04:00,15050.0,100,Sell,232956969
2024-08-20 10:04:00,15050.0,1500,Sell,232956970
2024-08-20 10:04:04,15050.0,1500,Sell,232957055
2024-08-20 10:04:06,15050.0,3000,Sell,232957134
2024-08-20 10:04:06,15050.0,100,Sell,232957135
2024-08-20 10:04:28,15050.0,1000,Buy,232957840
2024-08-20 10:04:29,15050.0,200,Buy,232957856
2024-08-20 10:04:42,15000.0,500,Sell,232958310
2024-08-20 10:04:49,15000.0,3000,Sell,232958472
2024-08-20 10:04:57,15000.0,2300,Sell,232958790
2024-08-20 10:04:57,15000.0,2600,Sell,232958799
2024-08-20 10:04:57,15000.0,1000,Sell,232958789
2024-08-20 10:04:57,15000.0,1700,Sell,232958787
2024-08-20 10:04:58,15050.0,2000,Buy,232958835
2024-08-20 10:05:09,15050.0,2000,Buy,232959120
2024-08-20 10:05:36,15000.0,100,Sell,232959968
2024-08-20 10:05:36,15000.0,1900,Sell,232959969
2024-08-20 10:05:37,15050.0,1900,Buy,232959994
2024-08-20 10:05:37,15050.0,100,Buy,232959996
2024-08-20 10:05:39,15050.0,100,Buy,232960045
2024-08-20 10:05:44,15050.0,100,Buy,232960163
2024-08-20 10:05:56,15050.0,1000,Buy,232960447
2024-08-20 10:05:56,15050.0,1000,Buy,232960448
2024-08-20 10:06:01,15050.0,1000,Buy,232960574
2024-08-20 10:06:02,15050.0,1000,Buy,232960609
2024-08-20 10:06:17,15050.0,200,Buy,232960974
2024-08-20 10:06:23,15050.0,200,Buy,232961083
2024-08-20 10:06:28,15050.0,700,Buy,232961215
2024-08-20 10:06:41,15000.0,300,Sell,232961640
2024-08-20 10:06:41,15000.0,300,Sell,232961639
2024-08-20 10:06:44,15000.0,100,Sell,232961672
2024-08-20 10:07:08,15000.0,1400,Sell,232962327
2024-08-20 10:07:37,15000.0,200,Sell,232962904
2024-08-20 10:07:37,15000.0,2000,Sell,232962913
2024-08-20 10:07:37,15000.0,2000,Sell,232962912
2024-08-20 10:07:37,15000.0,2000,Sell,232962911
2024-08-20 10:07:37,15000.0,1900,Sell,232962910
2024-08-20 10:07:37,15000.0,100,Sell,232962909
2024-08-20 10:07:37,15000.0,1000,Sell,232962907
2024-08-20 10:07:37,15000.0,200,Sell,232962906
2024-08-20 10:07:37,15000.0,800,Sell,232962905
2024-08-20 10:07:37,15000.0,100,Sell,232962903
2024-08-20 10:07:37,15000.0,2000,Sell,232962890
2024-08-20 10:07:37,15000.0,2000,Sell,232962897
2024-08-20 10:07:37,15000.0,2000,Sell,232962896
2024-08-20 10:07:37,15000.0,2000,Sell,232962895
2024-08-20 10:07:37,15000.0,1000,Sell,232962894
2024-08-20 10:07:37,15000.0,1000,Sell,232962893
2024-08-20 10:07:37,15000.0,2000,Sell,232962892
2024-08-20 10:07:37,15000.0,2000,Sell,232962891
2024-08-20 10:07:37,15000.0,2000,Sell,232962889
2024-08-20 10:07:37,15000.0,2000,Sell,232962888
2024-08-20 10:07:37,15000.0,1700,Sell,232962902
2024-08-20 10:07:44,15000.0,1000,Sell,232963053
2024-08-20 10:07:52,15000.0,2500,Sell,232963231
2024-08-20 10:07:53,15000.0,500,Sell,232963249
2024-08-20 10:08:07,15000.0,5000,Sell,232963618
2024-08-20 10:08:10,15050.0,100,Buy,232963713
2024-08-20 10:08:14,15000.0,1300,Sell,232963810
2024-08-20 10:08:15,15000.0,1800,Sell,232963841
2024-08-20 10:08:15,15000.0,800,Sell,232963842
2024-08-20 10:08:28,15000.0,3700,Sell,232964116
2024-08-20 10:08:28,15000.0,5000,Sell,232964115
2024-08-20 10:08:28,15000.0,1000,Sell,232964114
2024-08-20 10:08:28,15000.0,5000,Sell,232964113
2024-08-20 10:08:28,15000.0,100,Sell,232964112
2024-08-20 10:08:28,15000.0,500,Sell,232964111
2024-08-20 10:08:28,15000.0,1000,Sell,232964110
2024-08-20 10:08:28,15000.0,500,Sell,232964108
2024-08-20 10:08:28,15000.0,300,Sell,232964107
2024-08-20 10:08:28,15000.0,200,Sell,232964106
2024-08-20 10:08:28,15000.0,100,Sell,232964105
2024-08-20 10:08:28,15000.0,100,Sell,232964104
2024-08-20 10:08:28,15000.0,1000,Sell,232964103
2024-08-20 10:08:28,15000.0,500,Sell,232964102
2024-08-20 10:08:28,15000.0,1000,Sell,232964109
2024-08-20 10:08:54,15000.0,2000,Sell,232964692
2024-08-20 10:08:57,15000.0,200,Sell,232964807
2024-08-20 10:09:18,15000.0,700,Sell,232965286
2024-08-20 10:09:18,15000.0,4100,Sell,232965284
2024-08-20 10:09:18,15000.0,200,Sell,232965285
2024-08-20 10:09:21,15000.0,300,Sell,232965369
2024-08-20 10:09:21,15000.0,100,Sell,232965370
2024-08-20 10:09:21,15000.0,1000,Sell,232965371
2024-08-20 10:09:21,15000.0,500,Sell,232965372
2024-08-20 10:09:21,15000.0,100,Sell,232965373
2024-08-20 10:09:25,15000.0,100,Sell,232965557
2024-08-20 10:09:25,15000.0,200,Sell,232965558
2024-08-20 10:09:25,15000.0,200,Sell,232965555
2024-08-20 10:09:25,15000.0,100,Sell,232965556
2024-08-20 10:09:39,15000.0,200,Sell,232965797
2024-08-20 10:09:53,15000.0,100,Sell,232966218
2024-08-20 10:09:56,15000.0,300,Sell,232966394
2024-08-20 10:10:05,15000.0,1000,Sell,232966685
2024-08-20 10:10:28,15000.0,100,Sell,232967243
2024-08-20 10:10:57,15000.0,100,Sell,232968094
2024-08-20 10:10:57,15000.0,500,Sell,232968095
2024-08-20 10:10:57,15000.0,600,Sell,232968093
2024-08-20 10:10:57,15000.0,1000,Sell,232968097
2024-08-20 10:10:57,15000.0,1700,Sell,232968098
2024-08-20 10:10:57,15000.0,700,Sell,232968096
2024-08-20 10:10:57,15000.0,2000,Sell,232968092
2024-08-20 10:10:57,15000.0,2000,Sell,232968089
2024-08-20 10:10:57,15000.0,200,Sell,232968090
2024-08-20 10:10:57,15000.0,2000,Sell,232968091
2024-08-20 10:10:57,15000.0,1600,Sell,232968084
2024-08-20 10:10:57,15000.0,300,Sell,232968085
2024-08-20 10:10:57,15000.0,200,Sell,232968088
2024-08-20 10:10:57,15000.0,100,Sell,232968087
2024-08-20 10:10:57,15000.0,2000,Sell,232968086
2024-08-20 10:11:03,15000.0,1400,Sell,232968202
2024-08-20 10:11:19,15000.0,400,Sell,232968693
2024-08-20 10:11:25,15000.0,100,Sell,232968798
2024-08-20 10:11:29,15000.0,1100,Sell,232968914
2024-08-20 10:11:30,15000.0,100,Sell,232968925
2024-08-20 10:11:31,15000.0,200,Sell,232969060
2024-08-20 10:11:31,15000.0,1000,Sell,232969059
2024-08-20 10:11:31,15000.0,100,Sell,232969049
2024-08-20 10:11:31,15000.0,900,Sell,232969057
2024-08-20 10:11:31,15000.0,300,Sell,232969056
2024-08-20 10:11:31,15000.0,200,Sell,232969054
2024-08-20 10:11:31,15000.0,100,Sell,232969053
2024-08-20 10:11:31,15000.0,1000,Sell,232969052
2024-08-20 10:11:31,15000.0,100,Sell,232969051
2024-08-20 10:11:31,15000.0,10000,Sell,232969050
2024-08-20 10:11:31,15000.0,200,Sell,232969048
2024-08-20 10:11:31,15000.0,1000,Sell,232969045
2024-08-20 10:11:31,15000.0,500,Sell,232969046
2024-08-20 10:11:31,15000.0,600,Sell,232969061
2024-08-20 10:11:31,15000.0,5000,Sell,232969044
2024-08-20 10:11:31,15000.0,300,Sell,232969043
2024-08-20 10:11:31,15000.0,100,Sell,232969042
2024-08-20 10:11:31,15000.0,200,Sell,232969041
2024-08-20 10:11:31,15000.0,1000,Sell,232969040
2024-08-20 10:11:31,15000.0,300,Sell,232969039
2024-08-20 10:11:31,15000.0,300,Sell,232969038
2024-08-20 10:11:31,15000.0,1000,Sell,232969037
2024-08-20 10:11:31,15000.0,100,Sell,232969036
2024-08-20 10:11:31,15000.0,1100,Sell,232969047
2024-08-20 10:11:31,15000.0,100,Sell,232969062
2024-08-20 10:11:31,15000.0,200,Sell,232969065
2024-08-20 10:11:31,15000.0,100,Sell,232969064
2024-08-20 10:11:31,15000.0,100,Sell,232969089
2024-08-20 10:11:31,15000.0,1000,Sell,232969088
2024-08-20 10:11:31,15000.0,5000,Sell,232969087
2024-08-20 10:11:31,15000.0,100,Sell,232969086
2024-08-20 10:11:31,15000.0,500,Sell,232969085
2024-08-20 10:11:31,15000.0,100,Sell,232969084
2024-08-20 10:11:31,15000.0,500,Sell,232969083
2024-08-20 10:11:31,15000.0,1000,Sell,232969082
2024-08-20 10:11:31,15000.0,500,Sell,232969081
2024-08-20 10:11:31,15000.0,100,Sell,232969080
2024-08-20 10:11:31,15000.0,300,Sell,232969079
2024-08-20 10:11:31,15000.0,1000,Sell,232969078
2024-08-20 10:11:31,15000.0,1000,Sell,232969077
2024-08-20 10:11:31,15000.0,2000,Sell,232969076
2024-08-20 10:11:31,15000.0,200,Sell,232969075
2024-08-20 10:11:31,15000.0,100,Sell,232969074
2024-08-20 10:11:31,15000.0,100,Sell,232969073
2024-08-20 10:11:31,15000.0,300,Sell,232969072
2024-08-20 10:11:31,15000.0,10000,Sell,232969071
2024-08-20 10:11:31,15000.0,200,Sell,232969070
2024-08-20 10:11:31,15000.0,1000,Sell,232969069
2024-08-20 10:11:31,15000.0,3000,Sell,232969068
2024-08-20 10:11:31,15000.0,10000,Sell,232969067
2024-08-20 10:11:31,15000.0,100,Sell,232969066
2024-08-20 10:11:31,15000.0,2500,Sell,232969035
2024-08-20 10:11:31,15000.0,200,Sell,232969063
2024-08-20 10:11:31,15000.0,100,Sell,232969034
2024-08-20 10:11:31,15000.0,500,Sell,232969058
2024-08-20 10:11:31,15000.0,20000,Sell,232969032
2024-08-20 10:11:31,15000.0,700,Sell,232969003
2024-08-20 10:11:31,15000.0,1300,Sell,232969002
2024-08-20 10:11:31,15000.0,1000,Sell,232969001
2024-08-20 10:11:31,15000.0,200,Sell,232969000
2024-08-20 10:11:31,15000.0,400,Sell,232968999
2024-08-20 10:11:31,15000.0,1000,Sell,232968998
2024-08-20 10:11:31,15000.0,300,Sell,232968997
2024-08-20 10:11:31,15000.0,2000,Sell,232968996
2024-08-20 10:11:31,15000.0,100,Sell,232968995
2024-08-20 10:11:31,15000.0,300,Sell,232968994
2024-08-20 10:11:31,15000.0,200,Sell,232968993
2024-08-20 10:11:31,15000.0,100,Sell,232968992
2024-08-20 10:11:31,15000.0,100,Sell,232968991
2024-08-20 10:11:31,15000.0,100,Sell,232968990
2024-08-20 10:11:31,15000.0,500,Sell,232968989
2024-08-20 10:11:31,15000.0,100,Sell,232968988
2024-08-20 10:11:31,15000.0,10000,Sell,232968987
2024-08-20 10:11:31,15000.0,500,Sell,232968986
2024-08-20 10:11:31,15000.0,2000,Sell,232968985
2024-08-20 10:11:31,15000.0,200,Sell,232968984
2024-08-20 10:11:31,15000.0,5000,Sell,232968982
2024-08-20 10:11:31,15000.0,200,Sell,232968981
2024-08-20 10:11:31,15000.0,100,Sell,232968980
2024-08-20 10:11:31,15000.0,400,Sell,232968979
2024-08-20 10:11:31,15000.0,300,Sell,232969033
2024-08-20 10:11:31,15000.0,300,Sell,232969004
2024-08-20 10:11:31,15000.0,400,Sell,232969005
2024-08-20 10:11:31,15000.0,5200,Sell,232968978
2024-08-20 10:11:31,15000.0,3000,Sell,232969007
2024-08-20 10:11:31,15000.0,5000,Sell,232969006
2024-08-20 10:11:31,15000.0,500,Sell,232969031
2024-08-20 10:11:31,15000.0,1000,Sell,232969030
2024-08-20 10:11:31,15000.0,5000,Sell,232969029
2024-08-20 10:11:31,15000.0,7000,Sell,232969028
2024-08-20 10:11:31,15000.0,1000,Sell,232969027
2024-08-20 10:11:31,15000.0,300,Sell,232969026
2024-08-20 10:11:31,15000.0,100,Sell,232969025
2024-08-20 10:11:31,15000.0,600,Sell,232969024
2024-08-20 10:11:31,15000.0,200,Sell,232969023
2024-08-20 10:11:31,15000.0,100,Sell,232969022
2024-08-20 10:11:31,15000.0,2000,Sell,232969021
2024-08-20 10:11:31,15000.0,100,Sell,232969020
2024-08-20 10:11:31,15000.0,1000,Sell,232969055
2024-08-20 10:11:31,15000.0,200,Sell,232969018
2024-08-20 10:11:31,15000.0,200,Sell,232969019
2024-08-20 10:11:31,15000.0,200,Sell,232969009
2024-08-20 10:11:31,15000.0,2500,Sell,232969010
2024-08-20 10:11:31,15000.0,200,Sell,232969011
2024-08-20 10:11:31,15000.0,2200,Sell,232969012
2024-08-20 10:11:31,15000.0,2000,Sell,232969008
2024-08-20 10:11:31,15000.0,100,Sell,232969013
2024-08-20 10:11:31,15000.0,1000,Sell,232969014
2024-08-20 10:11:31,15000.0,4400,Sell,232969015
2024-08-20 10:11:31,15000.0,200,Sell,232969016
2024-08-20 10:11:31,15000.0,500,Sell,232969017
2024-08-20 10:11:32,15000.0,1000,Sell,232969111
2024-08-20 10:11:32,15000.0,19300,Sell,232969112
2024-08-20 10:11:32,15000.0,2000,Sell,232969113
2024-08-20 10:11:32,15000.0,5100,Sell,232969114
2024-08-20 10:11:32,15000.0,200,Sell,232969115
2024-08-20 10:11:32,15000.0,100,Sell,232969118
2024-08-20 10:11:32,15000.0,14900,Sell,232969123
2024-08-20 10:11:32,15000.0,3000,Sell,232969119
2024-08-20 10:11:32,15000.0,200,Sell,232969120
2024-08-20 10:11:32,15000.0,100,Sell,232969110
2024-08-20 10:11:32,15000.0,2000,Sell,232969122
2024-08-20 10:11:32,15000.0,200,Sell,232969116
2024-08-20 10:11:32,15000.0,800,Sell,232969121
2024-08-20 10:11:32,15000.0,300,Sell,232969117
2024-08-20 10:11:32,15000.0,1000,Sell,232969107
2024-08-20 10:11:32,15000.0,2000,Sell,232969108
2024-08-20 10:11:32,15000.0,100,Sell,232969096
2024-08-20 10:11:32,15000.0,500,Sell,232969097
2024-08-20 10:11:32,15000.0,2000,Sell,232969098
2024-08-20 10:11:32,15000.0,500,Sell,232969099
2024-08-20 10:11:32,15000.0,100,Sell,232969100
2024-08-20 10:11:32,15000.0,1000,Sell,232969109
2024-08-20 10:11:32,15000.0,100,Sell,232969102
2024-08-20 10:11:32,15000.0,400,Sell,232969103
2024-08-20 10:11:32,15000.0,500,Sell,232969104
2024-08-20 10:11:32,15000.0,300,Sell,232969105
2024-08-20 10:11:32,15000.0,300,Sell,232969101
2024-08-20 10:11:32,15000.0,100,Sell,232969106
2024-08-20 10:11:34,15000.0,10000,Buy,232969189
2024-08-20 10:11:36,15000.0,500,Buy,232969271
2024-08-20 10:11:39,15000.0,1000,Buy,232969346
2024-08-20 10:11:52,15000.0,1000,Buy,232969781
2024-08-20 10:11:58,14950.0,500,Sell,232969978
2024-08-20 10:11:58,14950.0,500,Sell,232969979
2024-08-20 10:12:09,14950.0,100,Sell,232970268
2024-08-20 10:12:09,14950.0,400,Sell,232970265
2024-08-20 10:12:09,14950.0,100,Sell,232970266
2024-08-20 10:12:09,14950.0,100,Sell,232970267
2024-08-20 10:12:10,15000.0,300,Buy,232970289
2024-08-20 10:12:24,15000.0,200,Buy,232970737
2024-08-20 10:12:27,15000.0,1000,Buy,232970932
2024-08-20 10:12:31,15000.0,700,Buy,232971051
2024-08-20 10:12:32,15000.0,16100,Buy,232971085
2024-08-20 10:12:32,15000.0,2600,Buy,232971086
2024-08-20 10:12:32,15000.0,3000,Buy,232971087
2024-08-20 10:12:32,15000.0,1000,Buy,232971089
2024-08-20 10:12:32,15000.0,300,Buy,232971090
2024-08-20 10:12:32,15000.0,1000,Buy,232971091
2024-08-20 10:12:32,15000.0,1500,Buy,232971092
2024-08-20 10:12:32,15000.0,300,Buy,232971093
2024-08-20 10:12:32,15000.0,3000,Buy,232971094
2024-08-20 10:12:32,15000.0,6000,Buy,232971088
2024-08-20 10:12:42,15000.0,500,Sell,232971340
2024-08-20 10:12:44,15000.0,100,Sell,232971434
2024-08-20 10:12:54,15000.0,500,Sell,232971728
2024-08-20 10:13:55,15000.0,1000,Sell,232973202
2024-08-20 10:14:11,15000.0,3000,Sell,232973510
2024-08-20 10:14:13,15050.0,900,Buy,232973541
2024-08-20 10:14:13,15050.0,700,Buy,232973542
2024-08-20 10:14:16,15000.0,6800,Sell,232973604
2024-08-20 10:14:16,15000.0,100,Sell,232973601
2024-08-20 10:14:16,15000.0,200,Sell,232973602
2024-08-20 10:14:16,15000.0,300,Sell,232973603
2024-08-20 10:14:18,15000.0,1900,Sell,232973652
2024-08-20 10:14:18,15000.0,1300,Sell,232973665
2024-08-20 10:14:18,15000.0,100,Sell,232973666
2024-08-20 10:14:18,15000.0,500,Sell,232973667
2024-08-20 10:14:18,15000.0,100,Sell,232973668
2024-08-20 10:14:22,15000.0,800,Sell,232973721
2024-08-20 10:14:22,15000.0,100,Sell,232973719
2024-08-20 10:14:22,15000.0,100,Sell,232973720
2024-08-20 10:14:30,15050.0,100,Buy,232973934
2024-08-20 10:14:31,15000.0,300,Sell,232973943
2024-08-20 10:14:39,15050.0,200,Buy,232974330
2024-08-20 10:14:39,15050.0,2000,Buy,232974331
2024-08-20 10:14:39,15050.0,2000,Buy,232974332
2024-08-20 10:14:39,15050.0,1800,Buy,232974333
2024-08-20 10:14:47,15000.0,500,Sell,232974570
2024-08-20 10:14:49,15000.0,700,Sell,232974614
2024-08-20 10:14:49,15000.0,200,Sell,232974613
2024-08-20 10:14:49,15000.0,900,Sell,232974611
2024-08-20 10:14:49,15000.0,800,Sell,232974612
2024-08-20 10:14:52,15000.0,300,Sell,232974658
2024-08-20 10:14:52,15000.0,200,Sell,232974659
2024-08-20 10:14:52,15000.0,100,Sell,232974656
2024-08-20 10:14:55,15000.0,3700,Sell,232974701
2024-08-20 10:14:57,15000.0,500,Buy,232974762
2024-08-20 10:15:00,14950.0,1400,Sell,232974811
2024-08-20 10:15:33,15000.0,2000,Buy,232975814
2024-08-20 10:15:46,15000.0,1700,Buy,232976073
2024-08-20 10:15:46,15000.0,700,Buy,232976074
2024-08-20 10:15:48,15000.0,200,Buy,232976100
2024-08-20 10:15:48,15000.0,6000,Buy,232976098
2024-08-20 10:15:48,15000.0,2500,Buy,232976099
2024-08-20 10:15:48,15000.0,1300,Buy,232976097
2024-08-20 10:16:03,14950.0,2900,Sell,232976520
2024-08-20 10:16:18,15000.0,1000,Buy,232976941
2024-08-20 10:16:22,14950.0,500,Sell,232977040
2024-08-20 10:16:39,15000.0,200,Buy,232977415
2024-08-20 10:16:48,15000.0,500,Buy,232977629
2024-08-20 10:16:56,14950.0,300,Sell,232977807
2024-08-20 10:17:03,15000.0,6000,Buy,232977998
2024-08-20 10:17:36,14950.0,400,Sell,232978714
2024-08-20 10:17:36,14950.0,300,Sell,232978715
2024-08-20 10:17:38,15000.0,19500,Buy,232978750
2024-08-20 10:17:38,14950.0,100,Sell,232978751
2024-08-20 10:17:59,15000.0,400,Buy,232979228
2024-08-20 10:18:29,15000.0,2000,Buy,232979893
2024-08-20 10:18:38,15000.0,100,Buy,232980121
2024-08-20 10:18:46,15000.0,200,Buy,232980303
2024-08-20 10:18:58,14950.0,1400,Sell,232980596
2024-08-20 10:18:58,15000.0,500,Buy,232980599
2024-08-20 10:19:11,15000.0,500,Buy,232980864
2024-08-20 10:20:04,15000.0,100,Buy,232982005
2024-08-20 10:20:20,14950.0,200,Sell,232982346
2024-08-20 10:20:20,14950.0,400,Sell,232982345
2024-08-20 10:20:37,14950.0,500,Sell,232982976
2024-08-20 10:20:37,14950.0,100,Sell,232982975
2024-08-20 10:20:37,14950.0,9700,Sell,232982974
2024-08-20 10:20:37,14950.0,100,Sell,232982973
2024-08-20 10:20:37,14950.0,500,Sell,232982972
2024-08-20 10:20:37,14950.0,1000,Sell,232982971
2024-08-20 10:20:37,14950.0,1000,Sell,232982970
2024-08-20 10:20:37,14950.0,500,Sell,232982969
2024-08-20 10:20:37,14950.0,10000,Sell,232982968
2024-08-20 10:20:37,14950.0,3200,Sell,232982977
2024-08-20 10:20:37,14950.0,1000,Sell,232982967
2024-08-20 10:20:37,14950.0,7000,Sell,232982965
2024-08-20 10:20:37,14950.0,100,Sell,232982964
2024-08-20 10:20:37,14950.0,1000,Sell,232982963
2024-08-20 10:20:37,14950.0,4500,Sell,232982962
2024-08-20 10:20:37,14950.0,5000,Sell,232982961
2024-08-20 10:20:37,14950.0,2000,Sell,232982960
2024-08-20 10:20:37,14950.0,100,Sell,232982959
2024-08-20 10:20:37,14950.0,200,Sell,232982958
2024-08-20 10:20:37,14950.0,2000,Sell,232982957
2024-08-20 10:20:37,14950.0,500,Sell,232982966
2024-08-20 10:20:42,15000.0,500,Buy,232983077
2024-08-20 10:20:50,15000.0,1000,Buy,232983258
2024-08-20 10:21:13,14950.0,3000,Sell,232983784
2024-08-20 10:21:13,14950.0,2000,Sell,232983783
2024-08-20 10:21:13,14950.0,100,Sell,232983782
2024-08-20 10:21:13,14950.0,500,Sell,232983781
2024-08-20 10:21:13,14950.0,200,Sell,232983780
2024-08-20 10:21:13,14950.0,1200,Sell,232983779
2024-08-20 10:21:13,14950.0,500,Sell,232983778
2024-08-20 10:21:13,14950.0,10000,Sell,232983785
2024-08-20 10:21:13,14950.0,500,Sell,232983777
2024-08-20 10:21:13,14950.0,1000,Sell,232983773
2024-08-20 10:21:13,14950.0,1000,Sell,232983775
2024-08-20 10:21:13,14950.0,100,Sell,232983776
2024-08-20 10:21:13,14950.0,1800,Sell,232983766
2024-08-20 10:21:13,14950.0,5000,Sell,232983767
2024-08-20 10:21:13,14950.0,2000,Sell,232983768
2024-08-20 10:21:13,14950.0,200,Sell,232983772
2024-08-20 10:21:13,14950.0,100,Sell,232983770
2024-08-20 10:21:13,14950.0,300,Sell,232983769
2024-08-20 10:21:13,14950.0,500,Sell,232983774
2024-08-20 10:21:13,14950.0,20000,Sell,232983771
2024-08-20 10:21:22,15000.0,1700,Buy,232983944
2024-08-20 10:21:34,14950.0,100,Sell,232984171
2024-08-20 10:22:27,14950.0,700,Sell,232985257
2024-08-20 10:22:55,14950.0,200,Sell,232985827
2024-08-20 10:22:55,14950.0,500,Sell,232985828
2024-08-20 10:22:55,14950.0,700,Sell,232985829
2024-08-20 10:23:03,14950.0,300,Sell,232986027
2024-08-20 10:23:03,14950.0,700,Sell,232986028
2024-08-20 10:23:04,14950.0,300,Sell,232986127
2024-08-20 10:23:04,14950.0,400,Sell,232986128
2024-08-20 10:23:15,14950.0,1200,Sell,232986324
2024-08-20 10:23:17,14950.0,100,Sell,232986386
2024-08-20 10:23:20,14950.0,5000,Sell,232986438
2024-08-20 10:23:59,14950.0,500,Sell,232987052
2024-08-20 10:24:00,15000.0,500,Buy,232987064
2024-08-20 10:24:08,15000.0,2000,Buy,232987191
2024-08-20 10:24:10,14950.0,400,Sell,232987213
2024-08-20 10:24:11,14950.0,1700,Sell,232987231
2024-08-20 10:24:16,15000.0,100,Buy,232987315
2024-08-20 10:24:41,15000.0,100,Buy,232987821
2024-08-20 10:25:49,14950.0,200,Sell,232989141
2024-08-20 10:25:50,14950.0,300,Sell,232989145
2024-08-20 10:26:11,15000.0,200,Buy,232989555
2024-08-20 10:26:17,14950.0,100,Sell,232989674
2024-08-20 10:26:31,15000.0,100,Buy,232989960
2024-08-20 10:26:50,15000.0,1000,Buy,232990233
2024-08-20 10:26:54,15000.0,16000,Buy,232990324
2024-08-20 10:26:56,14950.0,1400,Sell,232990355
2024-08-20 10:26:59,14950.0,200,Sell,232990409
2024-08-20 10:27:34,15000.0,100,Buy,232990994
2024-08-20 10:27:38,14950.0,5000,Sell,232991068
2024-08-20 10:27:38,14950.0,100,Sell,232991069
2024-08-20 10:27:38,14950.0,200,Sell,232991070
2024-08-20 10:27:38,14950.0,100,Sell,232991071
2024-08-20 10:27:38,14950.0,500,Sell,232991072
2024-08-20 10:27:38,14950.0,100,Sell,232991073
2024-08-20 10:27:38,14950.0,1000,Sell,232991067
2024-08-20 10:27:38,14950.0,400,Sell,232991074
2024-08-20 10:27:38,14950.0,500,Sell,232991075
2024-08-20 10:27:38,14950.0,100,Sell,232991079
2024-08-20 10:27:38,14950.0,800,Sell,232991080
2024-08-20 10:27:38,14950.0,500,Sell,232991081
2024-08-20 10:27:38,14950.0,300,Sell,232991082
2024-08-20 10:27:38,14950.0,1000,Sell,232991066
2024-08-20 10:27:38,14950.0,1000,Sell,232991057
2024-08-20 10:27:38,14950.0,700,Sell,232991064
2024-08-20 10:27:38,14950.0,100,Sell,232991065
2024-08-20 10:27:38,14950.0,7500,Sell,232991051
2024-08-20 10:27:38,14950.0,12000,Sell,232991052
2024-08-20 10:27:38,14950.0,1000,Sell,232991053
2024-08-20 10:27:38,14950.0,100,Sell,232991055
2024-08-20 10:27:38,14950.0,100,Sell,232991056
2024-08-20 10:27:38,14950.0,5000,Sell,232991054
2024-08-20 10:27:38,14950.0,100,Sell,232991059
2024-08-20 10:27:38,14950.0,100,Sell,232991060
2024-08-20 10:27:38,14950.0,100,Sell,232991061
2024-08-20 10:27:38,14950.0,700,Sell,232991062
2024-08-20 10:27:38,14950.0,100,Sell,232991058
2024-08-20 10:27:38,14950.0,800,Sell,232991063
2024-08-20 10:27:55,14950.0,1700,Sell,232991317
2024-08-20 10:27:55,14950.0,200,Sell,232991315
2024-08-20 10:27:55,14950.0,100,Sell,232991316
2024-08-20 10:27:58,14950.0,300,Sell,232991370
2024-08-20 10:27:58,14950.0,500,Sell,232991371
2024-08-20 10:27:58,14950.0,1800,Sell,232991372
2024-08-20 10:28:03,15000.0,5000,Buy,232991449
2024-08-20 10:28:04,14950.0,500,Sell,232991463
2024-08-20 10:28:15,14950.0,800,Sell,232991781
2024-08-20 10:28:15,14950.0,300,Sell,232991782
2024-08-20 10:28:15,14950.0,200,Sell,232991783
2024-08-20 10:28:15,14950.0,500,Sell,232991784
2024-08-20 10:28:15,14950.0,200,Sell,232991785
2024-08-20 10:28:20,15000.0,200,Buy,232991874
2024-08-20 10:28:32,14950.0,300,Sell,232992086
2024-08-20 10:28:32,14950.0,100,Sell,232992084
2024-08-20 10:28:32,14950.0,300,Sell,232992085
2024-08-20 10:28:33,15000.0,100,Buy,232992099
2024-08-20 10:29:00,14950.0,100,Sell,232992680
2024-08-20 10:29:07,14950.0,300,Sell,232992927
2024-08-20 10:29:07,14950.0,9600,Sell,232992923
2024-08-20 10:29:07,14950.0,100,Sell,232992925
2024-08-20 10:29:07,14950.0,5000,Sell,232992926
2024-08-20 10:29:21,14950.0,200,Sell,232993266
2024-08-20 10:29:21,14950.0,300,Sell,232993268
2024-08-20 10:29:21,14950.0,600,Sell,232993269
2024-08-20 10:29:21,14950.0,100,Sell,232993270
2024-08-20 10:29:21,14950.0,500,Sell,232993271
2024-08-20 10:29:21,14950.0,200,Sell,232993272
2024-08-20 10:29:21,14950.0,400,Sell,232993273
2024-08-20 10:29:29,15000.0,200,Buy,232993401
2024-08-20 10:29:46,15000.0,2000,Buy,232994151
2024-08-20 10:29:57,14950.0,1700,Sell,232994476
2024-08-20 10:29:57,14950.0,11900,Sell,232994480
2024-08-20 10:29:57,14950.0,600,Sell,232994479
2024-08-20 10:29:57,14950.0,100,Sell,232994478
2024-08-20 10:29:57,14950.0,100,Sell,232994477
2024-08-20 10:29:57,14950.0,3000,Sell,232994475
2024-08-20 10:29:57,14950.0,500,Sell,232994474
2024-08-20 10:29:57,14950.0,300,Sell,232994473
2024-08-20 10:29:57,14950.0,400,Sell,232994472
2024-08-20 10:29:57,14950.0,200,Sell,232994471
2024-08-20 10:29:57,14950.0,1000,Sell,232994470
2024-08-20 10:29:57,14950.0,500,Sell,232994469
2024-08-20 10:29:57,14950.0,100,Sell,232994468
2024-08-20 10:29:57,14950.0,600,Sell,232994467
2024-08-20 10:30:02,14950.0,200,Sell,232994576
2024-08-20 10:30:02,14950.0,100,Sell,232994577
2024-08-20 10:30:02,14950.0,1000,Sell,232994579
2024-08-20 10:30:02,14950.0,3000,Sell,232994581
2024-08-20 10:30:02,14950.0,100,Sell,232994584
2024-08-20 10:30:02,14950.0,600,Sell,232994583
2024-08-20 10:30:02,14950.0,5000,Sell,232994575
2024-08-20 10:30:02,14950.0,100,Sell,232994585
2024-08-20 10:30:02,14950.0,8700,Sell,232994586
2024-08-20 10:30:02,14950.0,500,Sell,232994582
2024-08-20 10:30:02,14950.0,200,Sell,232994574
2024-08-20 10:30:02,14950.0,200,Sell,232994580
2024-08-20 10:30:02,14950.0,100,Sell,232994572
2024-08-20 10:30:02,14950.0,500,Sell,232994573
2024-08-20 10:30:02,14950.0,7000,Sell,232994561
2024-08-20 10:30:02,14950.0,5000,Sell,232994562
2024-08-20 10:30:02,14950.0,2000,Sell,232994563
2024-08-20 10:30:02,14950.0,200,Sell,232994564
2024-08-20 10:30:02,14950.0,100,Sell,232994565
2024-08-20 10:30:02,14950.0,700,Sell,232994578
2024-08-20 10:30:02,14950.0,800,Sell,232994567
2024-08-20 10:30:02,14950.0,100,Sell,232994568
2024-08-20 10:30:02,14950.0,1300,Sell,232994569
2024-08-20 10:30:02,14950.0,300,Sell,232994570
2024-08-20 10:30:02,14950.0,200,Sell,232994566
2024-08-20 10:30:02,14950.0,500,Sell,232994571
2024-08-20 10:30:26,14950.0,800,Sell,232995256
2024-08-20 10:30:26,14950.0,2000,Sell,232995254
2024-08-20 10:30:26,14950.0,6800,Sell,232995253
2024-08-20 10:30:26,14950.0,400,Sell,232995252
2024-08-20 10:30:26,14950.0,400,Sell,232995250
2024-08-20 10:30:26,14950.0,200,Sell,232995249
2024-08-20 10:30:26,14950.0,100,Sell,232995248
2024-08-20 10:30:26,14950.0,100,Sell,232995255
2024-08-20 10:30:26,14950.0,1000,Sell,232995246
2024-08-20 10:30:26,14950.0,100,Sell,232995247
2024-08-20 10:30:26,14950.0,1300,Sell,232995240
2024-08-20 10:30:26,14950.0,100,Sell,232995241
2024-08-20 10:30:26,14950.0,100,Sell,232995251
2024-08-20 10:30:26,14950.0,7000,Sell,232995243
2024-08-20 10:30:26,14950.0,100,Sell,232995244
2024-08-20 10:30:26,14950.0,1000,Sell,232995242
2024-08-20 10:30:26,14950.0,500,Sell,232995245
2024-08-20 10:30:33,14950.0,14800,Sell,232995362
2024-08-20 10:30:50,14950.0,1400,Sell,232995870
2024-08-20 10:31:10,14950.0,100,Sell,232996166
2024-08-20 10:31:16,14950.0,100,Sell,232996273
2024-08-20 10:31:16,14950.0,400,Sell,232996271
2024-08-20 10:31:16,14950.0,100,Sell,232996272
2024-08-20 10:31:17,14950.0,900,Sell,232996286
2024-08-20 10:31:17,14950.0,1500,Sell,232996287
2024-08-20 10:31:42,14950.0,1000,Sell,232996717
2024-08-20 10:32:34,14950.0,100,Sell,232997668
2024-08-20 10:32:48,15000.0,100,Buy,232998015
2024-08-20 10:32:59,15000.0,100,Buy,232998193
2024-08-20 10:33:05,15000.0,1000,Buy,232998292
2024-08-20 10:33:14,15000.0,300,Buy,232998507
2024-08-20 10:33:20,14950.0,2400,Sell,232998582
2024-08-20 10:33:20,14950.0,500,Sell,232998583
2024-08-20 10:33:20,14950.0,100,Sell,232998584
2024-08-20 10:33:38,15000.0,100,Buy,232998890
2024-08-20 10:33:59,14950.0,100,Sell,232999265
2024-08-20 10:33:59,14950.0,200,Sell,232999264
2024-08-20 10:33:59,14950.0,300,Sell,232999263
2024-08-20 10:34:14,15000.0,200,Buy,232999447
2024-08-20 10:34:48,14950.0,100,Sell,232999908
