time,price,volume,match_type,id
2024-07-19 09:14:42,15650.0,156700,ATO/ATC,224501150
2024-07-19 09:14:48,15600.0,100,Sell,224501323
2024-07-19 09:14:49,15600.0,100,Sell,224501337
2024-07-19 09:14:49,15600.0,1900,Sell,224501339
2024-07-19 09:14:49,15600.0,100,Sell,224501333
2024-07-19 09:14:49,15600.0,1000,Sell,224501338
2024-07-19 09:14:50,15600.0,200,Sell,224501348
2024-07-19 09:14:50,15650.0,100,Buy,224501352
2024-07-19 09:14:52,15650.0,100,Buy,224501389
2024-07-19 09:14:56,15650.0,300,Buy,224501434
2024-07-19 09:15:00,15650.0,1000,Buy,224501492
2024-07-19 09:15:08,15650.0,2800,Buy,224501661
2024-07-19 09:15:08,15650.0,2400,Buy,224501660
2024-07-19 09:15:09,15600.0,300,Sell,224501728
2024-07-19 09:15:10,15650.0,4100,Buy,224501780
2024-07-19 09:15:10,15650.0,600,Buy,224501779
2024-07-19 09:15:10,15650.0,100,Buy,224501778
2024-07-19 09:15:10,15650.0,3100,Buy,224501773
2024-07-19 09:15:10,15650.0,500,Buy,224501776
2024-07-19 09:15:10,15650.0,4000,Buy,224501775
2024-07-19 09:15:10,15650.0,500,Buy,224501774
2024-07-19 09:15:10,15650.0,100,Buy,224501777
2024-07-19 09:15:11,15650.0,100,Buy,224501799
2024-07-19 09:15:15,15600.0,1000,Sell,224501877
2024-07-19 09:15:18,15650.0,100,Buy,224501969
2024-07-19 09:15:22,15650.0,200,Buy,224502072
2024-07-19 09:15:31,15650.0,300,Buy,224502289
2024-07-19 09:15:38,15650.0,100,Buy,224502467
2024-07-19 09:15:40,15650.0,2000,Buy,224502517
2024-07-19 09:15:40,15650.0,100,Buy,224502516
2024-07-19 09:15:40,15650.0,2000,Buy,224502515
2024-07-19 09:15:40,15650.0,100,Buy,224502514
2024-07-19 09:15:40,15650.0,300,Buy,224502512
2024-07-19 09:15:40,15650.0,100,Buy,224502513
2024-07-19 09:15:40,15650.0,100,Buy,224502511
2024-07-19 09:15:46,15650.0,1000,Buy,224502655
2024-07-19 09:15:47,15600.0,3000,Sell,224502676
2024-07-19 09:15:49,15600.0,600,Sell,224502715
2024-07-19 09:15:49,15600.0,200,Sell,224502716
2024-07-19 09:15:49,15600.0,700,Sell,224502717
2024-07-19 09:15:51,15600.0,300,Sell,224502793
2024-07-19 09:15:53,15650.0,100,Buy,224502828
2024-07-19 09:15:53,15650.0,100,Buy,224502816
2024-07-19 09:15:55,15600.0,600,Sell,224502855
2024-07-19 09:15:55,15600.0,1400,Sell,224502854
2024-07-19 09:16:02,15650.0,100,Buy,224503003
2024-07-19 09:16:15,15600.0,200,Sell,224503350
2024-07-19 09:16:15,15600.0,100,Sell,224503351
2024-07-19 09:16:15,15600.0,200,Sell,224503352
2024-07-19 09:16:15,15600.0,300,Sell,224503353
2024-07-19 09:16:15,15600.0,2200,Sell,224503349
2024-07-19 09:16:16,15600.0,200,Sell,224503367
2024-07-19 09:16:16,15600.0,800,Sell,224503368
2024-07-19 09:16:17,15650.0,100,Buy,224503379
2024-07-19 09:16:19,15650.0,1600,Buy,224503420
2024-07-19 09:16:19,15650.0,3100,Buy,224503421
2024-07-19 09:16:21,15650.0,900,Buy,224503455
2024-07-19 09:16:21,15650.0,100,Buy,224503456
2024-07-19 09:16:24,15600.0,200,Sell,224503513
2024-07-19 09:16:24,15600.0,100,Sell,224503514
2024-07-19 09:16:28,15650.0,100,Buy,224503599
2024-07-19 09:16:32,15650.0,100,Buy,224503720
2024-07-19 09:16:32,15650.0,100,Buy,224503721
2024-07-19 09:16:32,15650.0,100,Buy,224503722
2024-07-19 09:16:32,15650.0,1000,Buy,224503723
2024-07-19 09:16:32,15650.0,300,Buy,224503724
2024-07-19 09:16:32,15650.0,4800,Buy,224503725
2024-07-19 09:16:32,15650.0,3000,Buy,224503730
2024-07-19 09:16:32,15650.0,600,Buy,224503719
2024-07-19 09:16:34,15600.0,500,Sell,224503786
2024-07-19 09:16:34,15600.0,200,Sell,224503790
2024-07-19 09:16:43,15600.0,700,Sell,224504031
2024-07-19 09:16:43,15650.0,200,Buy,224504034
2024-07-19 09:16:44,15650.0,200,Buy,224504046
2024-07-19 09:16:50,15650.0,200,Buy,224504224
2024-07-19 09:16:50,15650.0,500,Buy,224504223
2024-07-19 09:16:50,15650.0,2300,Buy,224504222
2024-07-19 09:16:52,15650.0,2600,Buy,224504292
2024-07-19 09:16:52,15650.0,200,Buy,224504291
2024-07-19 09:16:52,15650.0,800,Buy,224504288
2024-07-19 09:16:52,15650.0,2000,Buy,224504289
2024-07-19 09:16:52,15650.0,400,Buy,224504290
2024-07-19 09:16:55,15600.0,2000,Sell,224504366
2024-07-19 09:16:57,15600.0,900,Sell,224504418
2024-07-19 09:17:07,15600.0,200,Sell,224504717
2024-07-19 09:17:07,15650.0,2500,Buy,224504697
2024-07-19 09:17:07,15650.0,4000,Buy,224504696
2024-07-19 09:17:07,15650.0,5000,Buy,224504693
2024-07-19 09:17:07,15650.0,200,Buy,224504692
2024-07-19 09:17:07,15650.0,500,Buy,224504691
2024-07-19 09:17:07,15650.0,400,Buy,224504695
2024-07-19 09:17:07,15650.0,400,Buy,224504689
2024-07-19 09:17:07,15650.0,100,Buy,224504688
2024-07-19 09:17:07,15650.0,100,Buy,224504687
2024-07-19 09:17:07,15650.0,1000,Buy,224504686
2024-07-19 09:17:07,15650.0,200,Buy,224504685
2024-07-19 09:17:07,15650.0,400,Buy,224504684
2024-07-19 09:17:07,15650.0,200,Buy,224504690
2024-07-19 09:17:07,15650.0,1000,Buy,224504694
2024-07-19 09:17:19,15600.0,100,Sell,224505084
2024-07-19 09:17:20,15600.0,1000,Sell,224505097
2024-07-19 09:17:26,15600.0,400,Sell,224505324
2024-07-19 09:17:26,15600.0,200,Sell,224505325
2024-07-19 09:17:26,15600.0,300,Sell,224505326
2024-07-19 09:17:26,15600.0,100,Sell,224505327
2024-07-19 09:17:26,15600.0,1000,Sell,224505328
2024-07-19 09:17:27,15600.0,100,Sell,224505356
2024-07-19 09:17:32,15650.0,100,Buy,224505495
2024-07-19 09:17:32,15600.0,100,Sell,224505477
2024-07-19 09:17:34,15600.0,200,Sell,224505530
2024-07-19 09:17:36,15600.0,1700,Sell,224505597
2024-07-19 09:17:36,15600.0,600,Sell,224505594
2024-07-19 09:17:36,15600.0,200,Sell,224505595
2024-07-19 09:17:36,15600.0,500,Sell,224505596
2024-07-19 09:17:37,15600.0,2000,Sell,224505612
2024-07-19 09:17:40,15600.0,100,Sell,224505693
2024-07-19 09:17:43,15600.0,2000,Sell,224505844
2024-07-19 09:17:47,15600.0,1000,Sell,224505931
2024-07-19 09:17:50,15600.0,1000,Sell,224505992
2024-07-19 09:17:52,15600.0,500,Sell,224506047
2024-07-19 09:17:54,15600.0,300,Sell,224506104
2024-07-19 09:17:55,15600.0,5600,Sell,224506133
2024-07-19 09:17:56,15650.0,200,Buy,224506158
2024-07-19 09:18:09,15600.0,3000,Sell,224506660
2024-07-19 09:18:19,15650.0,200,Buy,224506928
2024-07-19 09:18:22,15600.0,400,Sell,224507003
2024-07-19 09:18:24,15600.0,1000,Sell,224507060
2024-07-19 09:18:26,15600.0,1400,Sell,224507124
2024-07-19 09:18:26,15600.0,600,Sell,224507125
2024-07-19 09:18:26,15600.0,1000,Sell,224507142
2024-07-19 09:18:37,15600.0,500,Sell,224507476
2024-07-19 09:18:37,15600.0,2000,Sell,224507482
2024-07-19 09:18:39,15600.0,100,Sell,224507517
2024-07-19 09:18:44,15600.0,1500,Sell,224507669
2024-07-19 09:18:52,15600.0,500,Sell,224507918
2024-07-19 09:18:52,15600.0,1000,Sell,224507927
2024-07-19 09:18:58,15600.0,300,Sell,224508117
2024-07-19 09:19:00,15600.0,100,Sell,224508158
2024-07-19 09:19:01,15600.0,400,Sell,224508208
2024-07-19 09:19:01,15600.0,1000,Sell,224508207
2024-07-19 09:19:01,15600.0,1000,Sell,224508205
2024-07-19 09:19:01,15600.0,200,Sell,224508206
2024-07-19 09:19:01,15600.0,2400,Sell,224508204
2024-07-19 09:19:02,15600.0,200,Sell,224508240
2024-07-19 09:19:02,15600.0,500,Sell,224508241
2024-07-19 09:19:02,15600.0,100,Sell,224508242
2024-07-19 09:19:02,15600.0,500,Sell,224508243
2024-07-19 09:19:02,15600.0,5000,Sell,224508244
2024-07-19 09:19:02,15600.0,2800,Sell,224508245
2024-07-19 09:19:02,15600.0,200,Sell,224508246
2024-07-19 09:19:02,15600.0,700,Sell,224508247
2024-07-19 09:19:05,15600.0,800,Sell,224508382
2024-07-19 09:19:06,15600.0,3000,Sell,224508417
2024-07-19 09:19:11,15600.0,100,Sell,224508533
2024-07-19 09:19:11,15650.0,100,Buy,224508542
2024-07-19 09:19:12,15600.0,400,Sell,224508551
2024-07-19 09:19:12,15600.0,100,Sell,224508552
2024-07-19 09:19:14,15600.0,500,Sell,224508640
2024-07-19 09:19:14,15600.0,100,Sell,224508639
2024-07-19 09:19:14,15600.0,200,Sell,224508637
2024-07-19 09:19:14,15600.0,100,Sell,224508636
2024-07-19 09:19:14,15600.0,100,Sell,224508638
2024-07-19 09:19:15,15600.0,100,Sell,224508663
2024-07-19 09:19:15,15600.0,100,Sell,224508679
2024-07-19 09:19:20,15600.0,400,Sell,224508787
2024-07-19 09:19:25,15600.0,2000,Sell,224508910
2024-07-19 09:19:28,15600.0,300,Sell,224509004
2024-07-19 09:19:28,15600.0,200,Sell,224509010
2024-07-19 09:19:28,15600.0,1100,Sell,224509009
2024-07-19 09:19:28,15600.0,2400,Sell,224509008
2024-07-19 09:19:28,15600.0,100,Sell,224509007
2024-07-19 09:19:28,15600.0,500,Sell,224509005
2024-07-19 09:19:28,15600.0,100,Sell,224509003
2024-07-19 09:19:28,15600.0,300,Sell,224509006
2024-07-19 09:19:28,15600.0,10000,Sell,224509001
2024-07-19 09:19:28,15600.0,5600,Sell,224508995
2024-07-19 09:19:28,15600.0,1000,Sell,224508996
2024-07-19 09:19:28,15600.0,100,Sell,224508997
2024-07-19 09:19:28,15600.0,100,Sell,224509002
2024-07-19 09:19:28,15600.0,1800,Sell,224508994
2024-07-19 09:19:28,15600.0,500,Sell,224508999
2024-07-19 09:19:28,15600.0,6000,Sell,224509000
2024-07-19 09:19:28,15600.0,100,Sell,224508998
2024-07-19 09:19:30,15600.0,500,Sell,224509054
2024-07-19 09:19:30,15600.0,5000,Sell,224509082
2024-07-19 09:19:30,15600.0,100,Sell,224509083
2024-07-19 09:19:30,15600.0,100,Sell,224509084
2024-07-19 09:19:30,15600.0,1000,Sell,224509085
2024-07-19 09:19:30,15600.0,100,Sell,224509086
2024-07-19 09:19:30,15600.0,1000,Sell,224509081
2024-07-19 09:19:33,15600.0,1000,Buy,224509151
2024-07-19 09:19:35,15600.0,400,Buy,224509189
2024-07-19 09:19:38,15550.0,100,Sell,224509245
2024-07-19 09:19:44,15600.0,100,Buy,224509483
2024-07-19 09:19:46,15600.0,4000,Buy,224509554
2024-07-19 09:19:52,15600.0,1000,Buy,224509725
2024-07-19 09:20:07,15600.0,400,Buy,224510179
2024-07-19 09:20:11,15600.0,1000,Buy,224510280
2024-07-19 09:20:20,15600.0,600,Buy,224510533
2024-07-19 09:20:21,15550.0,100,Sell,224510540
2024-07-19 09:20:25,15600.0,4700,Buy,224510724
2024-07-19 09:20:32,15550.0,800,Sell,224510880
2024-07-19 09:20:32,15550.0,200,Sell,224510881
2024-07-19 09:20:41,15550.0,400,Sell,224511149
2024-07-19 09:20:41,15550.0,2000,Sell,224511148
2024-07-19 09:20:41,15550.0,500,Sell,224511146
2024-07-19 09:20:41,15550.0,100,Sell,224511147
2024-07-19 09:20:43,15550.0,400,Sell,224511228
2024-07-19 09:20:43,15550.0,100,Sell,224511223
2024-07-19 09:20:43,15550.0,6000,Sell,224511227
2024-07-19 09:20:43,15550.0,100,Sell,224511226
2024-07-19 09:20:43,15550.0,200,Sell,224511225
2024-07-19 09:20:43,15550.0,200,Sell,224511224
2024-07-19 09:20:43,15550.0,200,Sell,224511222
2024-07-19 09:20:43,15550.0,200,Sell,224511215
2024-07-19 09:20:43,15550.0,500,Sell,224511220
2024-07-19 09:20:43,15550.0,700,Sell,224511221
2024-07-19 09:20:43,15550.0,3500,Sell,224511216
2024-07-19 09:20:43,15550.0,19600,Sell,224511214
2024-07-19 09:20:43,15550.0,2400,Sell,224511218
2024-07-19 09:20:43,15550.0,100,Sell,224511217
2024-07-19 09:20:43,15550.0,2800,Sell,224511219
2024-07-19 09:20:54,15550.0,600,Sell,224511481
2024-07-19 09:20:54,15550.0,500,Sell,224511482
2024-07-19 09:20:54,15550.0,500,Sell,224511483
2024-07-19 09:20:54,15550.0,400,Sell,224511484
2024-07-19 09:20:56,15550.0,600,Sell,224511534
2024-07-19 09:20:56,15550.0,200,Sell,224511535
2024-07-19 09:20:56,15550.0,200,Sell,224511536
2024-07-19 09:20:57,15550.0,200,Sell,224511569
2024-07-19 09:20:57,15550.0,100,Sell,224511539
2024-07-19 09:20:57,15550.0,300,Sell,224511537
2024-07-19 09:20:57,15550.0,100,Sell,224511538
2024-07-19 09:20:58,15550.0,200,Sell,224511607
2024-07-19 09:21:03,15550.0,3000,Buy,224511689
2024-07-19 09:21:04,15550.0,1800,Buy,224511727
2024-07-19 09:21:04,15550.0,200,Buy,224511728
2024-07-19 09:21:09,15500.0,2000,Sell,224511847
2024-07-19 09:21:18,15550.0,200,Buy,224512080
2024-07-19 09:21:18,15550.0,400,Buy,224512081
2024-07-19 09:21:19,15550.0,1200,Buy,224512102
2024-07-19 09:21:19,15550.0,1000,Buy,224512100
2024-07-19 09:21:19,15550.0,1000,Buy,224512101
2024-07-19 09:21:19,15550.0,1500,Buy,224512098
2024-07-19 09:21:19,15550.0,19600,Buy,224512097
2024-07-19 09:21:19,15550.0,6000,Buy,224512099
2024-07-19 09:21:20,15550.0,4000,Sell,224512133
2024-07-19 09:21:22,15550.0,1900,Sell,224512238
2024-07-19 09:21:23,15550.0,500,Sell,224512286
2024-07-19 09:21:23,15550.0,2000,Sell,224512294
2024-07-19 09:21:24,15550.0,100,Sell,224512297
2024-07-19 09:21:25,15600.0,3500,Buy,224512347
2024-07-19 09:21:25,15600.0,100,Buy,224512346
2024-07-19 09:21:25,15600.0,200,Buy,224512345
2024-07-19 09:21:25,15600.0,200,Buy,224512344
2024-07-19 09:21:25,15600.0,500,Buy,224512343
2024-07-19 09:21:25,15600.0,7000,Buy,224512342
2024-07-19 09:21:25,15600.0,5000,Buy,224512340
2024-07-19 09:21:25,15600.0,7000,Buy,224512341
2024-07-19 09:21:25,15600.0,5000,Buy,224512338
2024-07-19 09:21:25,15600.0,4000,Buy,224512337
2024-07-19 09:21:25,15600.0,1000,Buy,224512336
2024-07-19 09:21:25,15600.0,500,Buy,224512335
2024-07-19 09:21:25,15600.0,1000,Buy,224512334
2024-07-19 09:21:25,15600.0,12000,Buy,224512333
2024-07-19 09:21:25,15600.0,5500,Buy,224512332
2024-07-19 09:21:25,15600.0,17500,Buy,224512339
2024-07-19 09:21:33,15550.0,200,Sell,224512579
2024-07-19 09:21:35,15600.0,100,Buy,224512624
2024-07-19 09:21:35,15600.0,100,Buy,224512641
2024-07-19 09:21:39,15600.0,100,Buy,224512797
2024-07-19 09:21:40,15600.0,5600,Buy,224512828
2024-07-19 09:21:40,15600.0,3600,Buy,224512827
2024-07-19 09:21:40,15600.0,200,Buy,224512826
2024-07-19 09:21:40,15600.0,100,Buy,224512821
2024-07-19 09:21:40,15600.0,1100,Buy,224512825
2024-07-19 09:21:43,15600.0,500,Buy,224512896
2024-07-19 09:21:44,15600.0,1400,Buy,224512950
2024-07-19 09:21:50,15600.0,500,Buy,224513070
2024-07-19 09:21:50,15600.0,8900,Buy,224513069
2024-07-19 09:21:50,15600.0,2000,Buy,224513087
2024-07-19 09:21:50,15600.0,2000,Buy,224513086
2024-07-19 09:21:50,15600.0,2000,Buy,224513084
2024-07-19 09:21:50,15600.0,5000,Buy,224513083
2024-07-19 09:21:50,15600.0,200,Buy,224513082
2024-07-19 09:21:50,15600.0,100,Buy,224513081
2024-07-19 09:21:50,15600.0,100,Buy,224513080
2024-07-19 09:21:50,15600.0,100,Buy,224513085
2024-07-19 09:21:50,15600.0,1000,Buy,224513078
2024-07-19 09:21:50,15600.0,500,Buy,224513077
2024-07-19 09:21:50,15600.0,1000,Buy,224513076
2024-07-19 09:21:50,15600.0,500,Buy,224513075
2024-07-19 09:21:50,15600.0,1000,Buy,224513074
2024-07-19 09:21:50,15600.0,30000,Buy,224513071
2024-07-19 09:21:50,15600.0,1000,Buy,224513073
2024-07-19 09:21:50,15600.0,10000,Buy,224513072
2024-07-19 09:21:50,15600.0,1000,Buy,224513079
2024-07-19 09:22:00,15600.0,100,Sell,224513316
2024-07-19 09:22:01,15650.0,200,Buy,224513358
2024-07-19 09:22:03,15650.0,1500,Buy,224513424
2024-07-19 09:22:07,15600.0,4500,Sell,224513517
2024-07-19 09:22:09,15600.0,200,Sell,224513551
2024-07-19 09:22:12,15600.0,500,Sell,224513646
2024-07-19 09:22:12,15600.0,1000,Sell,224513652
2024-07-19 09:22:14,15600.0,100,Sell,224513744
2024-07-19 09:22:17,15650.0,1000,Buy,224513797
2024-07-19 09:22:22,15650.0,200,Buy,224513911
2024-07-19 09:22:22,15650.0,200,Buy,224513912
2024-07-19 09:22:25,15650.0,900,Buy,224513993
2024-07-19 09:22:25,15650.0,100,Buy,224513992
2024-07-19 09:22:25,15650.0,100,Buy,224513990
2024-07-19 09:22:25,15650.0,300,Buy,224513989
2024-07-19 09:22:25,15650.0,1500,Buy,224513991
2024-07-19 09:22:32,15650.0,100,Buy,224514127
2024-07-19 09:22:32,15600.0,1000,Sell,224514130
2024-07-19 09:22:33,15650.0,200,Buy,224514166
2024-07-19 09:22:33,15650.0,100,Buy,224514167
2024-07-19 09:22:33,15650.0,100,Buy,224514168
2024-07-19 09:22:33,15650.0,1600,Buy,224514169
2024-07-19 09:22:33,15650.0,1000,Buy,224514172
2024-07-19 09:22:34,15650.0,100,Buy,224514175
2024-07-19 09:22:35,15650.0,200,Buy,224514211
2024-07-19 09:22:35,15650.0,1000,Buy,224514212
2024-07-19 09:22:35,15600.0,20000,Sell,224514222
2024-07-19 09:22:40,15650.0,900,Buy,224514321
2024-07-19 09:22:40,15650.0,1000,Buy,224514320
2024-07-19 09:22:40,15650.0,1100,Buy,224514319
2024-07-19 09:22:42,15650.0,900,Buy,224514401
2024-07-19 09:22:55,15650.0,200,Buy,224514656
2024-07-19 09:22:55,15650.0,9800,Buy,224514657
2024-07-19 09:22:56,15650.0,200,Buy,224514670
2024-07-19 09:22:56,15650.0,200,Buy,224514671
2024-07-19 09:22:56,15650.0,1600,Buy,224514672
2024-07-19 09:22:56,15650.0,5000,Buy,224514673
2024-07-19 09:22:58,15600.0,1900,Sell,224514736
2024-07-19 09:23:00,15650.0,1000,Buy,224514831
2024-07-19 09:23:03,15600.0,100,Sell,224514878
2024-07-19 09:23:04,15650.0,10000,Buy,224514892
2024-07-19 09:23:04,15650.0,5000,Buy,224514891
2024-07-19 09:23:04,15650.0,800,Buy,224514893
2024-07-19 09:23:04,15650.0,2000,Buy,224514889
2024-07-19 09:23:04,15650.0,100,Buy,224514890
2024-07-19 09:23:04,15650.0,2400,Buy,224514888
2024-07-19 09:23:06,15650.0,200,Buy,224514918
2024-07-19 09:23:06,15650.0,500,Buy,224514919
2024-07-19 09:23:10,15650.0,100,Buy,224515039
2024-07-19 09:23:17,15650.0,200,Buy,224515326
2024-07-19 09:23:17,15650.0,200,Buy,224515325
2024-07-19 09:23:17,15650.0,500,Buy,224515324
2024-07-19 09:23:17,15650.0,300,Buy,224515323
2024-07-19 09:23:17,15650.0,2000,Buy,224515327
2024-07-19 09:23:17,15650.0,700,Buy,224515321
2024-07-19 09:23:17,15650.0,300,Buy,224515320
2024-07-19 09:23:17,15650.0,500,Buy,224515319
2024-07-19 09:23:17,15650.0,2400,Buy,224515318
2024-07-19 09:23:17,15650.0,1300,Buy,224515322
2024-07-19 09:23:18,15600.0,3000,Sell,224515364
2024-07-19 09:23:18,15600.0,100,Sell,224515373
2024-07-19 09:23:18,15600.0,200,Sell,224515371
2024-07-19 09:23:18,15600.0,500,Sell,224515369
2024-07-19 09:23:18,15600.0,100,Sell,224515368
2024-07-19 09:23:18,15600.0,100,Sell,224515367
2024-07-19 09:23:18,15600.0,100,Sell,224515366
2024-07-19 09:23:18,15600.0,3000,Sell,224515365
2024-07-19 09:23:18,15600.0,1000,Sell,224515363
2024-07-19 09:23:18,15600.0,500,Sell,224515372
2024-07-19 09:23:18,15600.0,5000,Sell,224515361
2024-07-19 09:23:18,15600.0,3000,Sell,224515362
2024-07-19 09:23:18,15600.0,32600,Sell,224515352
2024-07-19 09:23:18,15600.0,4900,Sell,224515353
2024-07-19 09:23:18,15600.0,5600,Sell,224515354
2024-07-19 09:23:18,15600.0,20000,Sell,224515355
2024-07-19 09:23:18,15600.0,500,Sell,224515370
2024-07-19 09:23:18,15600.0,5000,Sell,224515356
2024-07-19 09:23:18,15600.0,1000,Sell,224515357
2024-07-19 09:23:18,15600.0,50000,Sell,224515358
2024-07-19 09:23:18,15600.0,300,Sell,224515359
2024-07-19 09:23:18,15600.0,400,Sell,224515360
2024-07-19 09:23:19,15600.0,10000,Buy,224515384
2024-07-19 09:23:20,15600.0,1000,Buy,224515433
2024-07-19 09:23:22,15600.0,900,Buy,224515470
2024-07-19 09:23:23,15600.0,5000,Buy,224515490
2024-07-19 09:23:25,15600.0,300,Buy,224515541
2024-07-19 09:23:30,15600.0,1000,Buy,224515654
2024-07-19 09:23:31,15600.0,1000,Buy,224515660
2024-07-19 09:23:32,15600.0,300,Buy,224515671
2024-07-19 09:23:34,15550.0,400,Sell,224515725
2024-07-19 09:23:42,15600.0,10000,Buy,224515881
2024-07-19 09:23:44,15600.0,3000,Buy,224515927
2024-07-19 09:23:48,15600.0,10000,Buy,224516027
2024-07-19 09:23:53,15600.0,200,Buy,224516148
2024-07-19 09:23:58,15600.0,2800,Buy,224516236
2024-07-19 09:23:58,15600.0,2400,Buy,224516235
2024-07-19 09:24:01,15600.0,2000,Buy,224516302
2024-07-19 09:24:01,15600.0,2000,Buy,224516315
2024-07-19 09:24:02,15600.0,900,Buy,224516343
2024-07-19 09:24:04,15600.0,600,Buy,224516380
2024-07-19 09:24:06,15600.0,1900,Buy,224516416
2024-07-19 09:24:09,15600.0,1000,Buy,224516447
2024-07-19 09:24:10,15600.0,100,Buy,224516488
2024-07-19 09:24:20,15600.0,300,Buy,224516682
2024-07-19 09:24:26,15600.0,500,Buy,224516790
2024-07-19 09:24:27,15600.0,5900,Buy,224516819
2024-07-19 09:24:27,15600.0,4100,Buy,224516820
2024-07-19 09:24:29,15600.0,600,Buy,224516868
2024-07-19 09:24:31,15600.0,100,Buy,224516929
2024-07-19 09:24:31,15600.0,100,Buy,224516930
2024-07-19 09:24:32,15600.0,100,Buy,224516939
2024-07-19 09:24:34,15600.0,1500,Buy,224516979
2024-07-19 09:24:37,15600.0,5000,Buy,224517065
2024-07-19 09:24:40,15600.0,2800,Buy,224517117
2024-07-19 09:24:40,15600.0,2400,Buy,224517116
2024-07-19 09:24:43,15600.0,2000,Buy,224517212
2024-07-19 09:24:43,15600.0,200,Buy,224517211
2024-07-19 09:24:44,15600.0,100,Buy,224517222
2024-07-19 09:24:46,15600.0,600,Buy,224517290
2024-07-19 09:24:46,15600.0,100,Buy,224517291
2024-07-19 09:24:47,15600.0,10000,Buy,224517305
2024-07-19 09:24:48,15600.0,5000,Buy,224517318
2024-07-19 09:24:50,15600.0,100,Buy,224517399
2024-07-19 09:24:51,15600.0,10000,Buy,224517407
2024-07-19 09:24:52,15600.0,7000,Buy,224517414
2024-07-19 09:24:53,15600.0,4900,Buy,224517443
2024-07-19 09:24:53,15600.0,3300,Buy,224517444
2024-07-19 09:24:53,15600.0,100,Buy,224517445
2024-07-19 09:24:53,15600.0,400,Buy,224517446
2024-07-19 09:24:53,15600.0,1800,Buy,224517447
2024-07-19 09:24:54,15600.0,500,Buy,224517475
2024-07-19 09:24:54,15600.0,100,Buy,224517472
2024-07-19 09:24:54,15600.0,1100,Buy,224517470
2024-07-19 09:24:55,15600.0,100,Buy,224517480
2024-07-19 09:24:57,15600.0,100,Buy,224517515
2024-07-19 09:24:59,15600.0,6300,Buy,224517549
2024-07-19 09:24:59,15600.0,2000,Buy,224517550
2024-07-19 09:24:59,15600.0,100,Buy,224517551
2024-07-19 09:24:59,15600.0,200,Buy,224517552
2024-07-19 09:24:59,15600.0,1000,Buy,224517553
2024-07-19 09:24:59,15600.0,400,Buy,224517554
2024-07-19 09:25:00,15600.0,100,Buy,224517618
2024-07-19 09:25:03,15600.0,500,Buy,224517660
2024-07-19 09:25:03,15600.0,200,Buy,224517661
2024-07-19 09:25:04,15600.0,100,Buy,224517682
2024-07-19 09:25:04,15600.0,100,Buy,224517681
2024-07-19 09:25:04,15600.0,8800,Buy,224517679
2024-07-19 09:25:04,15600.0,1000,Buy,224517680
2024-07-19 09:25:06,15600.0,100,Buy,224517720
2024-07-19 09:25:06,15600.0,300,Buy,224517721
2024-07-19 09:25:06,15600.0,100,Buy,224517719
2024-07-19 09:25:08,15600.0,1000,Buy,224517752
2024-07-19 09:25:15,15600.0,500,Sell,224517911
2024-07-19 09:25:26,15600.0,500,Sell,224518184
2024-07-19 09:25:33,15600.0,100,Sell,224518343
2024-07-19 09:25:34,15600.0,500,Sell,224518351
2024-07-19 09:25:41,15600.0,100,Sell,224518469
2024-07-19 09:25:46,15650.0,100,Buy,224518592
2024-07-19 09:25:59,15600.0,2000,Sell,224519026
2024-07-19 09:26:09,15600.0,100,Sell,224519224
2024-07-19 09:26:16,15600.0,500,Sell,224519482
2024-07-19 09:26:21,15600.0,2000,Sell,224519627
2024-07-19 09:26:23,15600.0,200,Sell,224519659
2024-07-19 09:26:27,15600.0,2000,Sell,224519743
2024-07-19 09:26:28,15600.0,100,Sell,224519765
2024-07-19 09:26:34,15600.0,100,Sell,224519910
2024-07-19 09:27:13,15650.0,900,Buy,224521105
2024-07-19 09:27:19,15600.0,1000,Sell,224521261
2024-07-19 09:27:19,15650.0,500,Buy,224521277
2024-07-19 09:27:22,15650.0,1500,Buy,224521356
2024-07-19 09:27:22,15650.0,600,Buy,224521357
2024-07-19 09:27:22,15650.0,900,Buy,224521358
2024-07-19 09:27:33,15650.0,100,Buy,224521803
2024-07-19 09:27:33,15650.0,100,Buy,224521804
2024-07-19 09:27:33,15650.0,200,Buy,224521805
2024-07-19 09:27:53,15650.0,400,Buy,224522596
2024-07-19 09:27:53,15650.0,600,Buy,224522597
2024-07-19 09:27:57,15650.0,1200,Buy,224522750
2024-07-19 09:27:57,15650.0,400,Buy,224522749
2024-07-19 09:28:01,15650.0,100,Buy,224523046
2024-07-19 09:28:04,15650.0,100,Buy,224523164
2024-07-19 09:28:05,15650.0,200,Buy,224523197
2024-07-19 09:28:08,15650.0,300,Buy,224523376
2024-07-19 09:28:08,15650.0,1900,Buy,224523378
2024-07-19 09:28:08,15650.0,100,Buy,224523379
2024-07-19 09:28:14,15650.0,900,Buy,224523559
2024-07-19 09:28:14,15650.0,1000,Buy,224523560
2024-07-19 09:28:14,15650.0,2000,Buy,224523561
2024-07-19 09:28:14,15650.0,100,Buy,224523562
2024-07-19 09:28:15,15650.0,3500,Buy,224523596
2024-07-19 09:28:17,15650.0,2000,Buy,224523668
2024-07-19 09:28:18,15650.0,400,Buy,224523703
2024-07-19 09:28:18,15650.0,200,Buy,224523704
2024-07-19 09:28:23,15650.0,100,Buy,224523821
2024-07-19 09:28:27,15650.0,700,Buy,224524010
2024-07-19 09:28:27,15650.0,2000,Buy,224524009
2024-07-19 09:28:27,15650.0,200,Buy,224524007
2024-07-19 09:28:27,15650.0,100,Buy,224524008
2024-07-19 09:28:28,15650.0,7300,Buy,224524056
2024-07-19 09:28:28,15650.0,1500,Buy,224524055
2024-07-19 09:28:28,15650.0,100,Buy,224524054
2024-07-19 09:28:28,15650.0,6000,Buy,224524053
2024-07-19 09:28:28,15650.0,2000,Buy,224524052
2024-07-19 09:28:28,15650.0,2000,Buy,224524051
2024-07-19 09:28:28,15650.0,100,Buy,224524050
2024-07-19 09:28:28,15650.0,100,Buy,224524045
2024-07-19 09:28:28,15650.0,300,Buy,224524044
2024-07-19 09:28:28,15650.0,1000,Buy,224524043
2024-07-19 09:28:28,15650.0,600,Buy,224524042
2024-07-19 09:28:28,15650.0,100,Buy,224524041
2024-07-19 09:28:28,15650.0,1000,Buy,224524040
2024-07-19 09:28:28,15650.0,200,Buy,224524039
2024-07-19 09:28:28,15650.0,100,Buy,224524037
2024-07-19 09:28:28,15650.0,1000,Buy,224524036
2024-07-19 09:28:28,15650.0,200,Buy,224524038
2024-07-19 09:28:28,15650.0,1100,Buy,224524024
2024-07-19 09:28:28,15650.0,1000,Buy,224524025
2024-07-19 09:28:28,15650.0,1500,Buy,224524026
2024-07-19 09:28:28,15650.0,5000,Buy,224524027
2024-07-19 09:28:28,15650.0,500,Buy,224524029
2024-07-19 09:28:28,15650.0,100,Buy,224524028
2024-07-19 09:28:28,15650.0,500,Buy,224524031
2024-07-19 09:28:28,15650.0,100,Buy,224524032
2024-07-19 09:28:28,15650.0,900,Buy,224524033
2024-07-19 09:28:28,15650.0,100,Buy,224524034
2024-07-19 09:28:28,15650.0,5500,Buy,224524035
2024-07-19 09:28:28,15650.0,100,Buy,224524030
2024-07-19 09:28:31,15650.0,2000,Buy,224524239
2024-07-19 09:28:34,15650.0,1000,Buy,224524410
2024-07-19 09:28:34,15650.0,1600,Buy,224524411
2024-07-19 09:28:34,15650.0,500,Buy,224524409
2024-07-19 09:28:34,15650.0,700,Buy,224524404
2024-07-19 09:28:34,15650.0,500,Buy,224524407
2024-07-19 09:28:34,15650.0,1000,Buy,224524406
2024-07-19 09:28:34,15650.0,100,Buy,224524405
2024-07-19 09:28:34,15650.0,200,Buy,224524408
2024-07-19 09:28:39,15650.0,200,Buy,224524576
2024-07-19 09:28:40,15650.0,500,Buy,224524600
2024-07-19 09:28:40,15650.0,1500,Buy,224524610
2024-07-19 09:28:41,15650.0,100,Buy,224524624
2024-07-19 09:28:41,15650.0,500,Buy,224524648
2024-07-19 09:28:42,15650.0,300,Buy,224524668
2024-07-19 09:28:43,15650.0,600,Buy,224524712
2024-07-19 09:28:45,15650.0,1000,Buy,224524761
2024-07-19 09:28:45,15650.0,100,Buy,224524764
2024-07-19 09:28:45,15650.0,3700,Buy,224524760
2024-07-19 09:28:45,15650.0,100,Buy,224524762
2024-07-19 09:28:45,15650.0,100,Buy,224524763
2024-07-19 09:28:48,15650.0,200,Buy,224524887
2024-07-19 09:28:49,15650.0,200,Buy,224524896
2024-07-19 09:28:49,15650.0,3000,Buy,224524897
2024-07-19 09:28:49,15650.0,1000,Buy,224524898
2024-07-19 09:28:49,15650.0,100,Buy,224524899
2024-07-19 09:28:49,15650.0,1000,Buy,224524900
2024-07-19 09:28:49,15650.0,900,Buy,224524901
2024-07-19 09:28:49,15650.0,100,Buy,224524902
2024-07-19 09:28:49,15650.0,700,Buy,224524903
2024-07-19 09:28:53,15650.0,2300,Buy,224525078
2024-07-19 09:28:53,15650.0,100,Buy,224525077
2024-07-19 09:28:53,15650.0,100,Buy,224525076
2024-07-19 09:28:57,15650.0,1200,Buy,224525201
2024-07-19 09:28:57,15650.0,1000,Buy,224525202
2024-07-19 09:28:57,15650.0,100,Buy,224525203
2024-07-19 09:28:57,15650.0,100,Buy,224525204
2024-07-19 09:28:57,15650.0,500,Buy,224525205
2024-07-19 09:28:57,15650.0,100,Buy,224525206
2024-07-19 09:28:57,15650.0,200,Buy,224525207
2024-07-19 09:28:57,15650.0,100,Buy,224525208
2024-07-19 09:28:57,15650.0,9000,Buy,224525209
2024-07-19 09:28:57,15650.0,7700,Buy,224525200
2024-07-19 09:28:59,15650.0,100,Buy,224525299
2024-07-19 09:29:00,15650.0,900,Buy,224525314
2024-07-19 09:29:00,15650.0,1000,Buy,224525315
2024-07-19 09:29:07,15700.0,800,Buy,224525579
2024-07-19 09:29:08,15650.0,200,Sell,224525625
2024-07-19 09:29:15,15650.0,500,Sell,224525822
2024-07-19 09:29:21,15700.0,200,Buy,224526060
2024-07-19 09:29:21,15700.0,800,Buy,224526061
2024-07-19 09:29:24,15650.0,5000,Sell,224526203
2024-07-19 09:29:59,15650.0,1000,Sell,224527369
2024-07-19 09:29:59,15700.0,100,Buy,224527383
2024-07-19 09:30:03,15650.0,500,Sell,224527528
2024-07-19 09:30:05,15700.0,100,Buy,224527563
2024-07-19 09:30:05,15700.0,100,Buy,224527564
2024-07-19 09:30:05,15700.0,100,Buy,224527565
2024-07-19 09:30:05,15700.0,200,Buy,224527566
2024-07-19 09:30:05,15700.0,2500,Buy,224527567
2024-07-19 09:30:06,15700.0,300,Buy,224527601
2024-07-19 09:30:14,15700.0,2000,Buy,224527993
2024-07-19 09:30:14,15700.0,3700,Buy,224527990
2024-07-19 09:30:14,15700.0,100,Buy,224527989
2024-07-19 09:30:15,15650.0,1000,Sell,224528031
2024-07-19 09:30:15,15650.0,5000,Sell,224528042
2024-07-19 09:30:15,15650.0,1100,Sell,224528041
2024-07-19 09:30:15,15650.0,400,Sell,224528040
2024-07-19 09:30:15,15650.0,5000,Sell,224528039
2024-07-19 09:30:15,15650.0,500,Sell,224528038
2024-07-19 09:30:15,15650.0,1000,Sell,224528037
2024-07-19 09:30:15,15650.0,1000,Sell,224528036
2024-07-19 09:30:15,15650.0,9000,Sell,224528035
2024-07-19 09:30:15,15650.0,1000,Sell,224528034
2024-07-19 09:30:15,15650.0,1000,Sell,224528033
2024-07-19 09:30:15,15650.0,4000,Sell,224528030
2024-07-19 09:30:15,15650.0,1500,Sell,224528032
2024-07-19 09:30:15,15650.0,100,Sell,224528028
2024-07-19 09:30:15,15650.0,100,Sell,224528029
2024-07-19 09:30:15,15650.0,500,Sell,224528019
2024-07-19 09:30:15,15650.0,2000,Sell,224528020
2024-07-19 09:30:15,15650.0,600,Sell,224528021
2024-07-19 09:30:15,15650.0,100,Sell,224528022
2024-07-19 09:30:15,15650.0,1900,Sell,224528018
2024-07-19 09:30:15,15650.0,100,Sell,224528024
2024-07-19 09:30:15,15650.0,600,Sell,224528025
2024-07-19 09:30:15,15650.0,500,Sell,224528026
2024-07-19 09:30:15,15650.0,100,Sell,224528027
2024-07-19 09:30:15,15650.0,26900,Sell,224528017
2024-07-19 09:30:15,15650.0,5000,Sell,224528023
2024-07-19 09:30:16,15700.0,2000,Buy,224528098
2024-07-19 09:30:17,15700.0,200,Buy,224528187
2024-07-19 09:30:19,15650.0,2500,Sell,224528352
2024-07-19 09:30:22,15700.0,100,Buy,224528491
2024-07-19 09:30:22,15700.0,5000,Buy,224528496
2024-07-19 09:30:22,15700.0,100,Buy,224528495
2024-07-19 09:30:22,15700.0,100,Buy,224528494
2024-07-19 09:30:22,15700.0,400,Buy,224528493
2024-07-19 09:30:22,15700.0,100,Buy,224528492
2024-07-19 09:30:22,15700.0,100,Buy,224528490
2024-07-19 09:30:22,15700.0,600,Buy,224528497
2024-07-19 09:30:22,15700.0,100,Buy,224528488
2024-07-19 09:30:22,15700.0,500,Buy,224528487
2024-07-19 09:30:22,15700.0,1000,Buy,224528486
2024-07-19 09:30:22,15700.0,500,Buy,224528485
2024-07-19 09:30:22,15700.0,100,Buy,224528484
2024-07-19 09:30:22,15700.0,100,Buy,224528483
2024-07-19 09:30:22,15700.0,100,Buy,224528482
2024-07-19 09:30:22,15700.0,1100,Buy,224528477
2024-07-19 09:30:22,15700.0,10000,Buy,224528489
2024-07-19 09:30:29,15700.0,2000,Buy,224528797
2024-07-19 09:30:31,15700.0,500,Buy,224528888
2024-07-19 09:30:32,15700.0,500,Buy,224528902
2024-07-19 09:30:33,15700.0,500,Buy,224528957
2024-07-19 09:30:35,15700.0,400,Buy,224529040
2024-07-19 09:30:36,15650.0,2000,Sell,224529084
2024-07-19 09:30:48,15700.0,6900,Buy,224529724
2024-07-19 09:30:48,15700.0,300,Buy,224529723
2024-07-19 09:30:48,15700.0,500,Buy,224529722
2024-07-19 09:30:48,15700.0,2000,Buy,224529721
2024-07-19 09:30:48,15700.0,1000,Buy,224529720
2024-07-19 09:30:48,15700.0,1000,Buy,224529719
2024-07-19 09:30:48,15700.0,1000,Buy,224529718
2024-07-19 09:30:48,15700.0,100,Buy,224529715
2024-07-19 09:30:48,15700.0,100,Buy,224529716
2024-07-19 09:30:48,15700.0,500,Buy,224529714
2024-07-19 09:30:48,15700.0,4000,Buy,224529713
2024-07-19 09:30:48,15700.0,100,Buy,224529712
2024-07-19 09:30:48,15700.0,2000,Buy,224529711
2024-07-19 09:30:48,15700.0,5500,Buy,224529710
2024-07-19 09:30:48,15700.0,5000,Buy,224529717
2024-07-19 09:30:57,15700.0,300,Buy,224530124
2024-07-19 09:31:00,15700.0,100,Buy,224530210
2024-07-19 09:31:00,15700.0,5000,Buy,224530211
2024-07-19 09:31:00,15700.0,2000,Buy,224530212
2024-07-19 09:31:00,15700.0,2700,Buy,224530217
2024-07-19 09:31:00,15700.0,1000,Buy,224530215
2024-07-19 09:31:00,15700.0,400,Buy,224530216
2024-07-19 09:31:00,15700.0,500,Buy,224530209
2024-07-19 09:31:00,15700.0,5000,Buy,224530214
2024-07-19 09:31:00,15700.0,200,Buy,224530208
2024-07-19 09:31:00,15700.0,100,Buy,224530213
2024-07-19 09:31:00,15700.0,100,Buy,224530206
2024-07-19 09:31:00,15700.0,500,Buy,224530205
2024-07-19 09:31:00,15700.0,100,Buy,224530204
2024-07-19 09:31:00,15700.0,1500,Buy,224530203
2024-07-19 09:31:00,15700.0,5000,Buy,224530202
2024-07-19 09:31:00,15700.0,2800,Buy,224530197
2024-07-19 09:31:00,15700.0,5000,Buy,224530201
2024-07-19 09:31:00,15700.0,200,Buy,224530200
2024-07-19 09:31:00,15700.0,200,Buy,224530199
2024-07-19 09:31:00,15700.0,500,Buy,224530198
2024-07-19 09:31:00,15700.0,100,Buy,224530207
2024-07-19 09:31:06,15700.0,1500,Buy,224530527
2024-07-19 09:31:07,15700.0,800,Buy,224530553
2024-07-19 09:31:07,15700.0,200,Buy,224530554
2024-07-19 09:31:07,15700.0,100,Buy,224530555
2024-07-19 09:31:09,15650.0,400,Sell,224530663
2024-07-19 09:31:09,15650.0,100,Sell,224530661
2024-07-19 09:31:09,15650.0,500,Sell,224530662
2024-07-19 09:31:19,15700.0,100,Buy,224531190
2024-07-19 09:31:22,15700.0,1000,Buy,224531284
2024-07-19 09:31:22,15700.0,1000,Buy,224531285
2024-07-19 09:31:22,15700.0,200,Buy,224531286
2024-07-19 09:31:22,15700.0,100,Buy,224531287
2024-07-19 09:31:22,15700.0,500,Buy,224531291
2024-07-19 09:31:22,15700.0,100,Buy,224531292
2024-07-19 09:31:22,15700.0,600,Buy,224531294
2024-07-19 09:31:22,15700.0,100,Buy,224531295
2024-07-19 09:31:22,15700.0,100,Buy,224531296
2024-07-19 09:31:22,15700.0,200,Buy,224531297
2024-07-19 09:31:22,15700.0,5300,Buy,224531298
2024-07-19 09:31:22,15700.0,100,Buy,224531318
2024-07-19 09:31:22,15700.0,3000,Buy,224531293
2024-07-19 09:31:22,15700.0,1000,Buy,224531283
2024-07-19 09:31:22,15700.0,100,Buy,224531281
2024-07-19 09:31:22,15700.0,500,Buy,224531271
2024-07-19 09:31:22,15700.0,200,Buy,224531280
2024-07-19 09:31:22,15700.0,200,Buy,224531279
2024-07-19 09:31:22,15700.0,100,Buy,224531278
2024-07-19 09:31:22,15700.0,4000,Buy,224531277
2024-07-19 09:31:22,15700.0,200,Buy,224531276
2024-07-19 09:31:22,15700.0,100,Buy,224531275
2024-07-19 09:31:22,15700.0,6000,Buy,224531274
2024-07-19 09:31:22,15700.0,200,Buy,224531273
2024-07-19 09:31:22,15700.0,100,Buy,224531272
2024-07-19 09:31:22,15700.0,600,Buy,224531268
2024-07-19 09:31:22,15700.0,1000,Buy,224531270
2024-07-19 09:31:22,15700.0,2000,Buy,224531269
2024-07-19 09:31:22,15700.0,1400,Buy,224531282
2024-07-19 09:31:23,15700.0,4900,Buy,224531337
2024-07-19 09:31:25,15700.0,1000,Buy,224531384
2024-07-19 09:31:25,15700.0,1000,Buy,224531408
2024-07-19 09:31:29,15700.0,100,Buy,224531618
2024-07-19 09:31:29,15700.0,10000,Buy,224531619
2024-07-19 09:31:29,15700.0,3000,Buy,224531620
2024-07-19 09:31:29,15700.0,3000,Buy,224531622
2024-07-19 09:31:29,15700.0,100,Buy,224531617
2024-07-19 09:31:29,15700.0,800,Buy,224531624
2024-07-19 09:31:29,15700.0,100,Buy,224531625
2024-07-19 09:31:29,15700.0,100,Buy,224531626
2024-07-19 09:31:29,15700.0,800,Buy,224531627
2024-07-19 09:31:29,15700.0,2100,Buy,224531628
2024-07-19 09:31:29,15700.0,100,Buy,224531623
2024-07-19 09:31:29,15700.0,100,Buy,224531616
2024-07-19 09:31:29,15700.0,1000,Buy,224531621
2024-07-19 09:31:29,15700.0,100,Buy,224531614
2024-07-19 09:31:29,15700.0,7700,Buy,224531603
2024-07-19 09:31:29,15700.0,1900,Buy,224531604
2024-07-19 09:31:29,15700.0,3100,Buy,224531605
2024-07-19 09:31:29,15700.0,100,Buy,224531606
2024-07-19 09:31:29,15700.0,100,Buy,224531607
2024-07-19 09:31:29,15700.0,600,Buy,224531615
2024-07-19 09:31:29,15700.0,100,Buy,224531609
2024-07-19 09:31:29,15700.0,1000,Buy,224531610
2024-07-19 09:31:29,15700.0,1000,Buy,224531611
2024-07-19 09:31:29,15700.0,100,Buy,224531612
2024-07-19 09:31:29,15700.0,500,Buy,224531613
2024-07-19 09:31:29,15700.0,1000,Buy,224531608
2024-07-19 09:31:33,15700.0,2000,Buy,224531846
2024-07-19 09:31:34,15700.0,100,Buy,224531913
2024-07-19 09:31:37,15700.0,100,Buy,224532033
2024-07-19 09:31:38,15700.0,200,Buy,224532077
2024-07-19 09:31:38,15700.0,700,Buy,224532062
2024-07-19 09:31:38,15700.0,200,Buy,224532063
2024-07-19 09:31:40,15700.0,200,Buy,224532218
2024-07-19 09:31:40,15700.0,600,Buy,224532216
2024-07-19 09:31:40,15700.0,1000,Buy,224532217
2024-07-19 09:31:40,15700.0,300,Buy,224532219
2024-07-19 09:31:40,15700.0,2400,Buy,224532220
2024-07-19 09:31:42,15700.0,100,Buy,224532332
2024-07-19 09:31:44,15700.0,200,Buy,224532402
2024-07-19 09:31:44,15700.0,1000,Buy,224532395
2024-07-19 09:31:45,15700.0,300,Buy,224532456
2024-07-19 09:31:45,15700.0,1000,Buy,224532470
2024-07-19 09:31:45,15700.0,1000,Buy,224532471
2024-07-19 09:31:45,15700.0,200,Sell,224532472
2024-07-19 09:31:55,15700.0,500,Sell,224532991
2024-07-19 09:32:03,15700.0,7400,Sell,224533377
2024-07-19 09:32:07,15750.0,500,Buy,224533512
2024-07-19 09:32:13,15700.0,6000,Sell,224533869
2024-07-19 09:32:15,15750.0,9300,Buy,224533954
2024-07-19 09:32:15,15750.0,100,Buy,224533952
2024-07-19 09:32:15,15750.0,100,Buy,224533953
2024-07-19 09:32:25,15700.0,200,Sell,224534425
2024-07-19 09:32:29,15700.0,1000,Sell,224534619
2024-07-19 09:32:29,15750.0,200,Buy,224534635
2024-07-19 09:32:30,15750.0,500,Buy,224534653
2024-07-19 09:32:35,15700.0,600,Sell,224534971
2024-07-19 09:32:36,15750.0,100,Buy,224535103
2024-07-19 09:32:36,15750.0,400,Buy,224535104
2024-07-19 09:32:37,15750.0,100,Buy,224535129
2024-07-19 09:32:39,15700.0,1000,Sell,224535213
2024-07-19 09:32:42,15750.0,1000,Buy,224535459
2024-07-19 09:32:45,15700.0,100,Sell,224535548
2024-07-19 09:32:47,15750.0,500,Buy,224535628
2024-07-19 09:32:47,15750.0,500,Buy,224535629
2024-07-19 09:32:52,15750.0,100,Buy,224535833
2024-07-19 09:32:52,15750.0,700,Buy,224535834
2024-07-19 09:32:52,15750.0,500,Buy,224535832
2024-07-19 09:32:52,15750.0,5000,Buy,224535830
2024-07-19 09:32:52,15750.0,100,Buy,224535829
2024-07-19 09:32:52,15750.0,4600,Buy,224535828
2024-07-19 09:32:52,15750.0,5000,Buy,224535831
2024-07-19 09:32:55,15750.0,300,Buy,224536062
2024-07-19 09:32:55,15750.0,200,Buy,224536063
2024-07-19 09:32:55,15750.0,100,Buy,224536064
2024-07-19 09:33:01,15750.0,1000,Buy,224536293
2024-07-19 09:33:02,15750.0,400,Buy,224536338
2024-07-19 09:33:04,15750.0,500,Buy,224536430
2024-07-19 09:33:04,15750.0,500,Buy,224536429
2024-07-19 09:33:05,15750.0,200,Buy,224536472
2024-07-19 09:33:05,15750.0,300,Buy,224536473
2024-07-19 09:33:06,15750.0,900,Buy,224536525
2024-07-19 09:33:06,15750.0,100,Buy,224536524
2024-07-19 09:33:06,15750.0,100,Buy,224536520
2024-07-19 09:33:06,15750.0,100,Buy,224536522
2024-07-19 09:33:06,15750.0,500,Buy,224536521
2024-07-19 09:33:06,15750.0,100,Buy,224536519
2024-07-19 09:33:06,15750.0,2000,Buy,224536523
2024-07-19 09:33:06,15750.0,100,Buy,224536517
2024-07-19 09:33:06,15750.0,100,Buy,224536516
2024-07-19 09:33:06,15750.0,2000,Buy,224536515
2024-07-19 09:33:06,15750.0,200,Buy,224536514
2024-07-19 09:33:06,15750.0,100,Buy,224536513
2024-07-19 09:33:06,15750.0,1700,Buy,224536512
2024-07-19 09:33:06,15750.0,2000,Buy,224536518
2024-07-19 09:33:07,15750.0,2500,Buy,224536612
2024-07-19 09:33:07,15750.0,100,Buy,224536611
2024-07-19 09:33:07,15750.0,100,Buy,224536610
2024-07-19 09:33:07,15750.0,100,Buy,224536608
2024-07-19 09:33:07,15750.0,1000,Buy,224536607
2024-07-19 09:33:07,15750.0,1100,Buy,224536606
2024-07-19 09:33:07,15750.0,100,Buy,224536609
2024-07-19 09:33:08,15750.0,1600,Buy,224536635
2024-07-19 09:33:10,15750.0,4000,Buy,224536798
2024-07-19 09:33:12,15750.0,1000,Buy,224536897
2024-07-19 09:33:12,15750.0,800,Buy,224536874
2024-07-19 09:33:12,15750.0,200,Buy,224536873
2024-07-19 09:33:12,15750.0,100,Buy,224536872
2024-07-19 09:33:12,15750.0,1000,Buy,224536871
2024-07-19 09:33:12,15750.0,1900,Buy,224536870
2024-07-19 09:33:15,15750.0,3000,Buy,224537019
2024-07-19 09:33:15,15750.0,200,Buy,224537020
2024-07-19 09:33:15,15750.0,300,Buy,224537021
2024-07-19 09:33:16,15750.0,400,Buy,224537080
2024-07-19 09:33:16,15750.0,5000,Buy,224537081
2024-07-19 09:33:16,15750.0,3000,Buy,224537082
2024-07-19 09:33:16,15750.0,10000,Buy,224537083
2024-07-19 09:33:16,15750.0,2000,Buy,224537084
2024-07-19 09:33:16,15750.0,500,Buy,224537087
2024-07-19 09:33:16,15750.0,200,Buy,224537086
2024-07-19 09:33:16,15750.0,500,Buy,224537079
2024-07-19 09:33:16,15750.0,16800,Buy,224537088
2024-07-19 09:33:16,15750.0,600,Buy,224537089
2024-07-19 09:33:16,15750.0,100,Buy,224537090
2024-07-19 09:33:16,15750.0,1000,Buy,224537085
2024-07-19 09:33:16,15750.0,100,Buy,224537078
2024-07-19 09:33:16,15750.0,200,Buy,224537077
2024-07-19 09:33:16,15750.0,200,Buy,224537068
2024-07-19 09:33:16,15750.0,100,Buy,224537075
2024-07-19 09:33:16,15750.0,100,Buy,224537074
2024-07-19 09:33:16,15750.0,2000,Buy,224537073
2024-07-19 09:33:16,15750.0,100,Buy,224537072
2024-07-19 09:33:16,15750.0,200,Buy,224537071
2024-07-19 09:33:16,15750.0,800,Buy,224537070
2024-07-19 09:33:16,15750.0,500,Buy,224537069
2024-07-19 09:33:16,15750.0,200,Buy,224537076
2024-07-19 09:33:16,15750.0,200,Buy,224537067
2024-07-19 09:33:16,15750.0,200,Buy,224537066
2024-07-19 09:33:16,15750.0,500,Buy,224537065
2024-07-19 09:33:16,15750.0,1000,Buy,224537064
2024-07-19 09:33:16,15750.0,4200,Buy,224537063
2024-07-19 09:33:16,15750.0,500,Buy,224537056
2024-07-19 09:33:19,15750.0,1000,Buy,224537208
2024-07-19 09:33:20,15750.0,2200,Buy,224537251
2024-07-19 09:33:20,15750.0,500,Buy,224537250
2024-07-19 09:33:20,15750.0,1000,Buy,224537248
2024-07-19 09:33:20,15750.0,1300,Buy,224537247
2024-07-19 09:33:20,15750.0,200,Buy,224537241
2024-07-19 09:33:20,15750.0,1000,Buy,224537249
2024-07-19 09:33:21,15750.0,300,Buy,224537297
2024-07-19 09:33:21,15750.0,100,Buy,224537298
2024-07-19 09:33:21,15750.0,500,Buy,224537305
2024-07-19 09:33:21,15750.0,200,Buy,224537330
2024-07-19 09:33:22,15750.0,200,Buy,224537354
2024-07-19 09:33:22,15750.0,100,Buy,224537355
2024-07-19 09:33:22,15750.0,100,Buy,224537356
2024-07-19 09:33:22,15750.0,100,Buy,224537357
2024-07-19 09:33:22,15750.0,300,Buy,224537358
2024-07-19 09:33:23,15750.0,100,Buy,224537410
2024-07-19 09:33:24,15750.0,1000,Buy,224537460
2024-07-19 09:33:24,15750.0,1000,Buy,224537459
2024-07-19 09:33:24,15750.0,100,Buy,224537461
2024-07-19 09:33:24,15750.0,100,Buy,224537458
2024-07-19 09:33:24,15750.0,100,Buy,224537463
2024-07-19 09:33:24,15750.0,3000,Buy,224537464
2024-07-19 09:33:24,15750.0,1000,Buy,224537465
2024-07-19 09:33:24,15750.0,100,Buy,224537462
2024-07-19 09:33:24,15750.0,1000,Buy,224537457
2024-07-19 09:33:24,15750.0,2000,Buy,224537439
2024-07-19 09:33:24,15750.0,700,Buy,224537455
2024-07-19 09:33:24,15750.0,300,Buy,224537454
2024-07-19 09:33:24,15750.0,200,Buy,224537444
2024-07-19 09:33:24,15750.0,1500,Buy,224537443
2024-07-19 09:33:24,15750.0,100,Buy,224537442
2024-07-19 09:33:24,15750.0,500,Buy,224537441
2024-07-19 09:33:24,15750.0,500,Buy,224537440
2024-07-19 09:33:24,15750.0,400,Buy,224537437
2024-07-19 09:33:24,15750.0,200,Buy,224537438
2024-07-19 09:33:24,15750.0,1300,Buy,224537456
2024-07-19 09:33:35,15750.0,6700,Sell,224538031
2024-07-19 09:33:35,15750.0,6300,Sell,224538029
2024-07-19 09:33:35,15750.0,2000,Sell,224538030
2024-07-19 09:33:37,15750.0,700,Sell,224538111
2024-07-19 09:33:38,15800.0,1000,Buy,224538121
2024-07-19 09:33:38,15800.0,200,Buy,224538122
2024-07-19 09:33:38,15800.0,300,Buy,224538123
2024-07-19 09:33:39,15750.0,600,Sell,224538145
2024-07-19 09:33:39,15750.0,500,Sell,224538146
2024-07-19 09:33:51,15800.0,100,Buy,224538631
2024-07-19 09:33:51,15800.0,100,Buy,224538632
2024-07-19 09:33:55,15750.0,200,Sell,224538846
2024-07-19 09:33:59,15800.0,1500,Buy,224538985
2024-07-19 09:33:59,15800.0,400,Buy,224538983
2024-07-19 09:33:59,15800.0,100,Buy,224538984
2024-07-19 09:34:00,15750.0,300,Sell,224539041
2024-07-19 09:34:01,15750.0,1500,Sell,224539055
2024-07-19 09:34:04,15750.0,100,Sell,224539163
2024-07-19 09:34:05,15800.0,3000,Buy,224539316
2024-07-19 09:34:05,15800.0,100,Buy,224539315
2024-07-19 09:34:05,15800.0,100,Buy,224539314
2024-07-19 09:34:05,15800.0,200,Buy,224539313
2024-07-19 09:34:05,15800.0,1000,Buy,224539312
2024-07-19 09:34:05,15800.0,5000,Buy,224539311
2024-07-19 09:34:05,15800.0,200,Buy,224539310
2024-07-19 09:34:05,15800.0,200,Buy,224539309
2024-07-19 09:34:05,15800.0,3000,Buy,224539308
2024-07-19 09:34:05,15800.0,500,Buy,224539317
2024-07-19 09:34:05,15800.0,100,Buy,224539307
2024-07-19 09:34:05,15800.0,10000,Buy,224539306
2024-07-19 09:34:05,15800.0,500,Buy,224539294
2024-07-19 09:34:05,15800.0,1000,Buy,224539293
2024-07-19 09:34:05,15800.0,100,Buy,224539292
2024-07-19 09:34:05,15800.0,100,Buy,224539318
2024-07-19 09:34:05,15800.0,100,Buy,224539332
2024-07-19 09:34:05,15800.0,500,Buy,224539320
2024-07-19 09:34:05,15800.0,500,Buy,224539291
2024-07-19 09:34:05,15800.0,14200,Buy,224539336
2024-07-19 09:34:05,15800.0,500,Buy,224539335
2024-07-19 09:34:05,15800.0,500,Buy,224539334
2024-07-19 09:34:05,15800.0,100,Buy,224539333
2024-07-19 09:34:05,15800.0,100,Buy,224539331
2024-07-19 09:34:05,15800.0,2000,Buy,224539330
2024-07-19 09:34:05,15800.0,1000,Buy,224539319
2024-07-19 09:34:05,15800.0,900,Buy,224539329
2024-07-19 09:34:05,15800.0,1000,Buy,224539327
2024-07-19 09:34:05,15800.0,400,Buy,224539326
2024-07-19 09:34:05,15800.0,200,Buy,224539325
2024-07-19 09:34:05,15800.0,200,Buy,224539324
2024-07-19 09:34:05,15800.0,200,Buy,224539323
2024-07-19 09:34:05,15800.0,1000,Buy,224539322
2024-07-19 09:34:05,15800.0,1000,Buy,224539321
2024-07-19 09:34:05,15800.0,300,Buy,224539328
2024-07-19 09:34:05,15800.0,500,Buy,224539290
2024-07-19 09:34:05,15800.0,300,Buy,224539279
2024-07-19 09:34:05,15800.0,100,Buy,224539288
2024-07-19 09:34:05,15800.0,10000,Buy,224539266
2024-07-19 09:34:05,15800.0,1000,Buy,224539265
2024-07-19 09:34:05,15800.0,100,Buy,224539264
2024-07-19 09:34:05,15800.0,200,Buy,224539263
2024-07-19 09:34:05,15800.0,500,Buy,224539262
2024-07-19 09:34:05,15800.0,10000,Buy,224539261
2024-07-19 09:34:05,15800.0,100,Buy,224539260
2024-07-19 09:34:05,15800.0,100,Buy,224539259
2024-07-19 09:34:05,15800.0,1000,Buy,224539258
2024-07-19 09:34:05,15800.0,600,Buy,224539257
2024-07-19 09:34:05,15800.0,200,Buy,224539256
2024-07-19 09:34:05,15800.0,100,Buy,224539255
2024-07-19 09:34:05,15800.0,200,Buy,224539254
2024-07-19 09:34:05,15800.0,33500,Buy,224539252
2024-07-19 09:34:05,15800.0,1000,Buy,224539289
2024-07-19 09:34:05,15800.0,500,Buy,224539267
2024-07-19 09:34:05,15800.0,200,Buy,224539268
2024-07-19 09:34:05,15800.0,100,Buy,224539253
2024-07-19 09:34:05,15800.0,3000,Buy,224539270
2024-07-19 09:34:05,15800.0,600,Buy,224539286
2024-07-19 09:34:05,15800.0,200,Buy,224539287
2024-07-19 09:34:05,15800.0,1000,Buy,224539285
2024-07-19 09:34:05,15800.0,9300,Buy,224539284
2024-07-19 09:34:05,15800.0,5000,Buy,224539282
2024-07-19 09:34:05,15800.0,100,Buy,224539281
2024-07-19 09:34:05,15800.0,100,Buy,224539280
2024-07-19 09:34:05,15800.0,3000,Buy,224539283
2024-07-19 09:34:05,15800.0,5000,Buy,224539277
2024-07-19 09:34:05,15800.0,500,Buy,224539278
2024-07-19 09:34:05,15800.0,200,Buy,224539271
2024-07-19 09:34:05,15800.0,500,Buy,224539272
2024-07-19 09:34:05,15800.0,10000,Buy,224539273
2024-07-19 09:34:05,15800.0,500,Buy,224539269
2024-07-19 09:34:05,15800.0,200,Buy,224539275
2024-07-19 09:34:05,15800.0,200,Buy,224539276
2024-07-19 09:34:05,15800.0,500,Buy,224539274
2024-07-19 09:34:06,15750.0,100,Sell,224539355
2024-07-19 09:34:12,15800.0,100,Sell,224539617
2024-07-19 09:34:12,15800.0,800,Buy,224539598
2024-07-19 09:34:12,15800.0,100,Buy,224539599
2024-07-19 09:34:12,15800.0,1000,Buy,224539600
2024-07-19 09:34:12,15800.0,100,Buy,224539601
2024-07-19 09:34:12,15800.0,1200,Buy,224539602
2024-07-19 09:34:12,15800.0,1000,Buy,224539603
2024-07-19 09:34:13,15800.0,100,Sell,224539651
2024-07-19 09:34:16,15800.0,100,Sell,224539831
2024-07-19 09:34:17,15800.0,3500,Sell,224539852
2024-07-19 09:34:17,15800.0,1500,Sell,224539853
2024-07-19 09:34:21,15800.0,1000,Sell,224540065
2024-07-19 09:34:22,15800.0,100,Sell,224540138
2024-07-19 09:34:23,15850.0,100,Buy,224540148
2024-07-19 09:34:23,15850.0,100,Buy,224540149
2024-07-19 09:34:23,15850.0,400,Buy,224540150
2024-07-19 09:34:23,15850.0,1000,Buy,224540179
2024-07-19 09:34:38,15800.0,200,Sell,224540710
2024-07-19 09:34:41,15800.0,100,Sell,224540997
2024-07-19 09:34:44,15850.0,200,Buy,224541136
2024-07-19 09:34:44,15800.0,400,Sell,224541131
2024-07-19 09:34:44,15800.0,100,Sell,224541130
2024-07-19 09:34:45,15800.0,100,Sell,224541201
2024-07-19 09:34:45,15800.0,300,Sell,224541202
2024-07-19 09:34:47,15850.0,200,Buy,224541307
2024-07-19 09:34:47,15850.0,100,Buy,224541300
2024-07-19 09:34:47,15850.0,500,Buy,224541306
2024-07-19 09:34:47,15850.0,200,Buy,224541305
2024-07-19 09:34:47,15850.0,300,Buy,224541304
2024-07-19 09:34:47,15850.0,200,Buy,224541303
2024-07-19 09:34:47,15850.0,100,Buy,224541301
2024-07-19 09:34:47,15850.0,100,Buy,224541299
2024-07-19 09:34:47,15850.0,4800,Buy,224541291
2024-07-19 09:34:47,15850.0,100,Buy,224541297
2024-07-19 09:34:47,15850.0,2500,Buy,224541296
2024-07-19 09:34:47,15850.0,10000,Buy,224541295
2024-07-19 09:34:47,15850.0,200,Buy,224541294
2024-07-19 09:34:47,15850.0,100,Buy,224541293
2024-07-19 09:34:47,15850.0,200,Buy,224541292
2024-07-19 09:34:47,15800.0,1000,Sell,224541283
2024-07-19 09:34:47,15850.0,500,Buy,224541298
2024-07-19 09:34:49,15850.0,100,Buy,224541369
2024-07-19 09:34:49,15800.0,1200,Sell,224541368
2024-07-19 09:34:49,15850.0,100,Buy,224541370
2024-07-19 09:34:49,15850.0,100,Buy,224541363
2024-07-19 09:34:49,15850.0,200,Buy,224541362
2024-07-19 09:34:49,15800.0,600,Sell,224541367
2024-07-19 09:34:51,15850.0,1000,Buy,224541470
2024-07-19 09:34:51,15850.0,100,Buy,224541471
2024-07-19 09:34:51,15850.0,200,Buy,224541472
2024-07-19 09:34:51,15850.0,3700,Buy,224541473
2024-07-19 09:34:52,15850.0,200,Buy,224541511
2024-07-19 09:34:55,15850.0,100,Buy,224541564
2024-07-19 09:34:55,15850.0,100,Buy,224541565
2024-07-19 09:34:56,15850.0,100,Buy,224541627
2024-07-19 09:34:59,15850.0,100,Buy,224541743
2024-07-19 09:35:00,15850.0,4800,Buy,224541792
2024-07-19 09:35:00,15850.0,200,Buy,224541771
2024-07-19 09:35:00,15850.0,200,Buy,224541793
2024-07-19 09:35:00,15850.0,500,Buy,224541769
2024-07-19 09:35:00,15850.0,800,Buy,224541768
2024-07-19 09:35:00,15850.0,500,Buy,224541770
2024-07-19 09:35:03,15850.0,800,Buy,224541975
2024-07-19 09:35:03,15850.0,300,Buy,224541976
2024-07-19 09:35:03,15850.0,500,Buy,224541977
2024-07-19 09:35:03,15850.0,10000,Buy,224541978
2024-07-19 09:35:03,15850.0,2400,Buy,224541979
2024-07-19 09:35:03,15850.0,200,Buy,224541980
2024-07-19 09:35:04,15850.0,200,Buy,224542041
2024-07-19 09:35:04,15850.0,300,Buy,224542057
2024-07-19 09:35:04,15850.0,300,Buy,224542058
2024-07-19 09:35:05,15850.0,200,Buy,224542077
2024-07-19 09:35:05,15850.0,300,Buy,224542080
2024-07-19 09:35:08,15800.0,100,Sell,224542198
2024-07-19 09:35:08,15850.0,2000,Buy,224542193
2024-07-19 09:35:09,15850.0,100,Buy,224542237
2024-07-19 09:35:09,15850.0,3700,Buy,224542246
2024-07-19 09:35:11,15850.0,200,Buy,224542326
2024-07-19 09:35:11,15850.0,100,Buy,224542331
2024-07-19 09:35:12,15850.0,200,Buy,224542377
2024-07-19 09:35:13,15850.0,800,Buy,224542386
2024-07-19 09:35:15,15850.0,600,Buy,224542466
2024-07-19 09:35:17,15850.0,1000,Buy,224542520
2024-07-19 09:35:22,15850.0,5000,Buy,224542759
2024-07-19 09:35:22,15850.0,100,Buy,224542770
2024-07-19 09:35:24,15850.0,2300,Buy,224542903
2024-07-19 09:35:25,15850.0,200,Buy,224542908
2024-07-19 09:35:25,15850.0,500,Buy,224542909
2024-07-19 09:35:28,15850.0,1500,Buy,224543026
2024-07-19 09:35:28,15850.0,200,Buy,224543027
2024-07-19 09:35:29,15850.0,300,Buy,224543063
2024-07-19 09:35:29,15850.0,200,Buy,224543064
2024-07-19 09:35:34,15850.0,800,Buy,224543182
2024-07-19 09:35:34,15850.0,100,Buy,224543183
2024-07-19 09:35:34,15850.0,3000,Buy,224543184
2024-07-19 09:35:34,15850.0,100,Buy,224543185
2024-07-19 09:35:34,15850.0,500,Buy,224543186
2024-07-19 09:35:34,15850.0,1500,Buy,224543187
2024-07-19 09:35:34,15850.0,3000,Buy,224543193
2024-07-19 09:35:44,15850.0,500,Buy,224543669
2024-07-19 09:35:44,15850.0,200,Buy,224543670
2024-07-19 09:35:48,15850.0,600,Buy,224543787
2024-07-19 09:35:51,15800.0,100,Sell,224543865
2024-07-19 09:35:52,15850.0,1400,Buy,224543879
2024-07-19 09:35:52,15850.0,100,Buy,224543877
2024-07-19 09:35:52,15800.0,400,Sell,224543869
2024-07-19 09:35:52,15850.0,600,Buy,224543878
2024-07-19 09:35:53,15850.0,100,Buy,224543889
2024-07-19 09:35:54,15850.0,100,Buy,224543915
2024-07-19 09:35:54,15850.0,1000,Buy,224543916
2024-07-19 09:35:54,15850.0,100,Buy,224543917
2024-07-19 09:35:54,15850.0,1100,Buy,224543918
2024-07-19 09:35:54,15850.0,500,Buy,224543919
2024-07-19 09:35:54,15850.0,400,Buy,224543920
2024-07-19 09:35:56,15850.0,600,Buy,224543977
2024-07-19 09:35:56,15850.0,400,Buy,224543978
2024-07-19 09:35:57,15850.0,100,Buy,224544018
2024-07-19 09:35:57,15850.0,800,Buy,224544019
2024-07-19 09:35:57,15850.0,100,Buy,224544017
2024-07-19 09:35:57,15850.0,200,Buy,224544036
2024-07-19 09:35:57,15850.0,100,Buy,224544015
2024-07-19 09:35:57,15850.0,200,Buy,224544014
2024-07-19 09:35:57,15850.0,2000,Buy,224544013
2024-07-19 09:35:57,15850.0,1600,Buy,224544012
2024-07-19 09:35:57,15850.0,100,Buy,224544016
2024-07-19 09:35:59,15800.0,5000,Sell,224544118
2024-07-19 09:36:00,15850.0,500,Buy,224544131
2024-07-19 09:36:02,15850.0,300,Buy,224544199
2024-07-19 09:36:04,15850.0,200,Buy,224544286
2024-07-19 09:36:04,15850.0,500,Buy,224544287
2024-07-19 09:36:04,15850.0,300,Buy,224544288
2024-07-19 09:36:07,15850.0,700,Buy,224544344
2024-07-19 09:36:08,15850.0,400,Buy,224544394
2024-07-19 09:36:09,15850.0,100,Buy,224544447
2024-07-19 09:36:09,15850.0,100,Buy,224544446
2024-07-19 09:36:09,15850.0,100,Buy,224544445
2024-07-19 09:36:09,15850.0,100,Buy,224544444
2024-07-19 09:36:09,15850.0,1900,Buy,224544443
2024-07-19 09:36:09,15850.0,500,Buy,224544440
2024-07-19 09:36:09,15850.0,2000,Buy,224544442
2024-07-19 09:36:09,15850.0,500,Buy,224544441
2024-07-19 09:36:09,15850.0,8600,Buy,224544448
2024-07-19 09:36:09,15850.0,1100,Buy,224544439
2024-07-19 09:36:09,15850.0,5000,Buy,224544410
2024-07-19 09:36:09,15850.0,200,Buy,224544413
2024-07-19 09:36:09,15850.0,500,Buy,224544412
2024-07-19 09:36:09,15850.0,400,Buy,224544411
2024-07-19 09:36:09,15850.0,600,Buy,224544409
2024-07-19 09:36:09,15850.0,100,Buy,224544408
2024-07-19 09:36:09,15850.0,200,Buy,224544407
2024-07-19 09:36:09,15850.0,1000,Buy,224544406
2024-07-19 09:36:09,15850.0,1000,Buy,224544405
2024-07-19 09:36:09,15850.0,100,Buy,224544404
2024-07-19 09:36:09,15850.0,900,Buy,224544414
2024-07-19 09:36:10,15850.0,3400,Buy,224544487
2024-07-19 09:36:14,15800.0,1000,Sell,224544629
2024-07-19 09:36:14,15800.0,300,Sell,224544620
2024-07-19 09:36:14,15800.0,200,Sell,224544619
2024-07-19 09:36:14,15800.0,200,Sell,224544621
2024-07-19 09:36:14,15800.0,2000,Sell,224544617
2024-07-19 09:36:14,15850.0,100,Buy,224544615
2024-07-19 09:36:14,15800.0,100,Sell,224544618
2024-07-19 09:36:14,15800.0,3200,Sell,224544616
2024-07-19 09:36:15,15800.0,100,Sell,224544649
2024-07-19 09:36:25,15850.0,700,Buy,224545052
2024-07-19 09:36:30,15850.0,600,Buy,224545176
2024-07-19 09:36:31,15850.0,200,Buy,224545225
2024-07-19 09:36:32,15850.0,100,Buy,224545279
2024-07-19 09:36:40,15800.0,200,Sell,224545522
2024-07-19 09:36:43,15850.0,200,Buy,224545673
2024-07-19 09:36:44,15850.0,5600,Buy,224545688
2024-07-19 09:36:44,15850.0,500,Buy,224545686
2024-07-19 09:36:44,15850.0,100,Buy,224545685
2024-07-19 09:36:44,15850.0,5000,Buy,224545687
2024-07-19 09:36:44,15850.0,1500,Buy,224545683
2024-07-19 09:36:44,15850.0,4500,Buy,224545682
2024-07-19 09:36:44,15850.0,100,Buy,224545684
2024-07-19 09:36:44,15850.0,3000,Buy,224545681
2024-07-19 09:36:44,15850.0,1100,Buy,224545680
2024-07-19 09:36:53,15800.0,500,Sell,224546106
2024-07-19 09:36:53,15800.0,100,Sell,224546105
2024-07-19 09:36:53,15800.0,100,Sell,224546095
2024-07-19 09:36:53,15800.0,400,Sell,224546103
2024-07-19 09:36:53,15800.0,100,Sell,224546104
2024-07-19 09:36:54,15800.0,200,Sell,224546146
2024-07-19 09:36:54,15800.0,100,Sell,224546148
2024-07-19 09:36:54,15800.0,5000,Sell,224546149
2024-07-19 09:36:54,15800.0,2000,Sell,224546150
2024-07-19 09:36:54,15800.0,2200,Sell,224546151
2024-07-19 09:36:54,15800.0,500,Sell,224546147
2024-07-19 09:36:56,15800.0,600,Sell,224546208
2024-07-19 09:36:57,15850.0,100,Buy,224546274
2024-07-19 09:37:02,15850.0,3000,Buy,224546447
2024-07-19 09:37:04,15800.0,500,Sell,224546476
2024-07-19 09:37:04,15800.0,7800,Sell,224546477
2024-07-19 09:37:04,15800.0,5000,Sell,224546475
2024-07-19 09:37:04,15800.0,1500,Sell,224546473
2024-07-19 09:37:04,15800.0,500,Sell,224546474
2024-07-19 09:37:04,15800.0,4700,Sell,224546472
2024-07-19 09:37:05,15800.0,2200,Sell,224546512
2024-07-19 09:37:05,15800.0,1200,Sell,224546518
2024-07-19 09:37:05,15800.0,200,Sell,224546517
2024-07-19 09:37:05,15800.0,300,Sell,224546519
2024-07-19 09:37:05,15800.0,500,Sell,224546515
2024-07-19 09:37:05,15800.0,5000,Sell,224546514
2024-07-19 09:37:05,15800.0,500,Sell,224546513
2024-07-19 09:37:05,15800.0,100,Sell,224546516
2024-07-19 09:37:11,15800.0,200,Sell,224546668
2024-07-19 09:37:15,15800.0,1000,Sell,224546874
2024-07-19 09:37:15,15800.0,5000,Sell,224546880
2024-07-19 09:37:15,15800.0,3000,Sell,224546879
2024-07-19 09:37:15,15800.0,1000,Sell,224546878
2024-07-19 09:37:15,15800.0,500,Sell,224546877
2024-07-19 09:37:15,15800.0,20000,Sell,224546876
2024-07-19 09:37:15,15800.0,2500,Sell,224546875
2024-07-19 09:37:15,15800.0,300,Sell,224546872
2024-07-19 09:37:15,15800.0,100,Sell,224546871
2024-07-19 09:37:15,15800.0,3300,Sell,224546870
2024-07-19 09:37:15,15800.0,100,Sell,224546869
2024-07-19 09:37:15,15800.0,500,Sell,224546868
2024-07-19 09:37:15,15800.0,1000,Sell,224546867
2024-07-19 09:37:15,15800.0,200,Sell,224546866
2024-07-19 09:37:15,15800.0,9500,Sell,224546865
2024-07-19 09:37:15,15800.0,2000,Sell,224546873
2024-07-19 09:37:16,15800.0,100,Sell,224546891
2024-07-19 09:37:17,15800.0,500,Sell,224546919
2024-07-19 09:37:19,15800.0,500,Sell,224546960
2024-07-19 09:37:19,15800.0,1000,Sell,224546954
2024-07-19 09:37:21,15800.0,100,Sell,224547010
2024-07-19 09:37:22,15800.0,100,Sell,224547038
2024-07-19 09:37:24,15800.0,1000,Sell,224547089
2024-07-19 09:37:24,15800.0,1000,Sell,224547105
2024-07-19 09:37:26,15800.0,200,Sell,224547147
2024-07-19 09:37:26,15800.0,300,Sell,224547139
2024-07-19 09:37:26,15800.0,700,Sell,224547138
2024-07-19 09:37:29,15800.0,100,Sell,224547254
2024-07-19 09:37:29,15800.0,6400,Sell,224547255
2024-07-19 09:37:30,15800.0,1000,Sell,224547278
2024-07-19 09:37:33,15800.0,1000,Sell,224547342
2024-07-19 09:37:33,15800.0,3500,Sell,224547362
2024-07-19 09:37:33,15800.0,4000,Sell,224547363
2024-07-19 09:37:33,15800.0,2500,Sell,224547364
2024-07-19 09:37:35,15800.0,2000,Sell,224547414
2024-07-19 09:37:36,15800.0,300,Sell,224547452
2024-07-19 09:37:36,15800.0,100,Sell,224547428
2024-07-19 09:37:36,15800.0,5400,Sell,224547451
2024-07-19 09:37:37,15800.0,300,Sell,224547469
2024-07-19 09:37:37,15800.0,1000,Sell,224547477
2024-07-19 09:37:37,15800.0,1000,Sell,224547476
2024-07-19 09:37:37,15800.0,4900,Sell,224547475
2024-07-19 09:37:37,15800.0,3000,Sell,224547474
2024-07-19 09:37:37,15800.0,500,Sell,224547473
2024-07-19 09:37:37,15800.0,500,Sell,224547472
2024-07-19 09:37:37,15800.0,3000,Sell,224547471
2024-07-19 09:37:37,15800.0,100,Sell,224547470
2024-07-19 09:37:37,15800.0,100,Sell,224547468
2024-07-19 09:37:37,15800.0,300,Sell,224547463
2024-07-19 09:37:37,15800.0,3600,Sell,224547466
2024-07-19 09:37:37,15800.0,200,Sell,224547465
2024-07-19 09:37:37,15800.0,1000,Sell,224547464
2024-07-19 09:37:37,15800.0,4000,Sell,224547462
2024-07-19 09:37:37,15800.0,500,Sell,224547461
2024-07-19 09:37:37,15800.0,8100,Sell,224547460
2024-07-19 09:37:37,15800.0,100,Sell,224547459
2024-07-19 09:37:37,15800.0,1000,Sell,224547458
2024-07-19 09:37:37,15800.0,1000,Sell,224547457
2024-07-19 09:37:37,15800.0,1000,Sell,224547456
2024-07-19 09:37:37,15800.0,100,Sell,224547467
2024-07-19 09:37:38,15800.0,100,Sell,224547527
2024-07-19 09:37:38,15800.0,100,Sell,224547529
2024-07-19 09:37:38,15800.0,100,Sell,224547528
2024-07-19 09:37:38,15800.0,2000,Sell,224547526
2024-07-19 09:37:38,15800.0,300,Sell,224547525
2024-07-19 09:37:38,15800.0,400,Sell,224547524
2024-07-19 09:37:38,15800.0,2500,Sell,224547523
2024-07-19 09:37:38,15800.0,200,Sell,224547522
2024-07-19 09:37:38,15800.0,500,Sell,224547510
2024-07-19 09:37:38,15800.0,400,Sell,224547509
2024-07-19 09:37:41,15800.0,500,Buy,224547601
2024-07-19 09:37:47,15800.0,100,Buy,224547792
2024-07-19 09:37:49,15800.0,1000,Buy,224547886
2024-07-19 09:37:50,15800.0,100,Buy,224547907
2024-07-19 09:37:51,15800.0,200,Buy,224547946
2024-07-19 09:37:59,15800.0,100,Buy,224548137
2024-07-19 09:37:59,15800.0,200,Buy,224548140
2024-07-19 09:38:04,15800.0,700,Buy,224548224
2024-07-19 09:38:04,15800.0,100,Buy,224548222
2024-07-19 09:38:04,15800.0,200,Buy,224548223
2024-07-19 09:38:05,15800.0,100,Buy,224548230
2024-07-19 09:38:08,15750.0,800,Sell,224548313
2024-07-19 09:38:27,15800.0,100,Buy,224548786
2024-07-19 09:38:29,15750.0,100,Sell,224548882
2024-07-19 09:38:29,15750.0,2700,Sell,224548886
2024-07-19 09:38:29,15750.0,600,Sell,224548885
2024-07-19 09:38:29,15750.0,1200,Sell,224548884
2024-07-19 09:38:29,15750.0,200,Sell,224548883
2024-07-19 09:38:29,15750.0,500,Sell,224548881
2024-07-19 09:38:29,15750.0,200,Sell,224548875
2024-07-19 09:38:29,15750.0,3000,Sell,224548879
2024-07-19 09:38:29,15750.0,900,Sell,224548878
2024-07-19 09:38:29,15750.0,10000,Sell,224548877
2024-07-19 09:38:29,15750.0,500,Sell,224548876
2024-07-19 09:38:29,15750.0,1200,Sell,224548874
2024-07-19 09:38:29,15750.0,500,Sell,224548880
2024-07-19 09:38:32,15750.0,500,Sell,224548968
2024-07-19 09:38:32,15750.0,400,Sell,224548973
2024-07-19 09:38:32,15750.0,100,Sell,224548972
2024-07-19 09:38:32,15750.0,1000,Sell,224548971
2024-07-19 09:38:32,15750.0,1000,Sell,224548970
2024-07-19 09:38:32,15750.0,100,Sell,224548969
2024-07-19 09:38:32,15750.0,100,Sell,224548967
2024-07-19 09:38:32,15750.0,100,Sell,224548960
2024-07-19 09:38:32,15750.0,100,Sell,224548965
2024-07-19 09:38:32,15750.0,2300,Sell,224548959
2024-07-19 09:38:32,15750.0,100,Sell,224548961
2024-07-19 09:38:32,15750.0,600,Sell,224548966
2024-07-19 09:38:32,15750.0,100,Sell,224548963
2024-07-19 09:38:32,15750.0,3000,Sell,224548964
2024-07-19 09:38:32,15750.0,500,Sell,224548962
2024-07-19 09:38:34,15750.0,100,Sell,224549056
2024-07-19 09:38:36,15750.0,1100,Sell,224549085
2024-07-19 09:38:36,15750.0,300,Sell,224549086
2024-07-19 09:38:36,15750.0,500,Sell,224549087
2024-07-19 09:38:36,15750.0,300,Sell,224549088
2024-07-19 09:38:36,15750.0,1000,Sell,224549089
2024-07-19 09:38:36,15750.0,200,Sell,224549090
2024-07-19 09:38:36,15750.0,300,Sell,224549091
2024-07-19 09:38:43,15700.0,1000,Sell,224549271
2024-07-19 09:38:44,15750.0,100,Buy,224549309
2024-07-19 09:38:49,15750.0,2000,Buy,224549425
2024-07-19 09:38:49,15750.0,500,Buy,224549426
2024-07-19 09:38:49,15750.0,2400,Buy,224549427
2024-07-19 09:38:49,15750.0,600,Buy,224549428
2024-07-19 09:38:49,15750.0,1000,Buy,224549429
2024-07-19 09:38:49,15750.0,2000,Buy,224549430
2024-07-19 09:38:49,15750.0,1000,Sell,224549431
2024-07-19 09:38:49,15750.0,200,Buy,224549416
2024-07-19 09:38:49,15750.0,100,Buy,224549417
2024-07-19 09:38:57,15750.0,200,Sell,224549737
2024-07-19 09:39:06,15750.0,500,Sell,224550010
2024-07-19 09:39:06,15750.0,100,Sell,224550027
2024-07-19 09:39:07,15750.0,200,Sell,224550034
2024-07-19 09:39:07,15750.0,300,Sell,224550035
2024-07-19 09:39:14,15800.0,1800,Buy,224550283
2024-07-19 09:39:14,15800.0,300,Buy,224550282
2024-07-19 09:39:14,15800.0,2900,Buy,224550281
2024-07-19 09:39:19,15800.0,800,Buy,224550413
2024-07-19 09:39:25,15750.0,700,Sell,224550563
2024-07-19 09:39:27,15750.0,200,Sell,224550620
2024-07-19 09:39:46,15750.0,200,Sell,224551208
2024-07-19 09:39:49,15800.0,1000,Buy,224551259
2024-07-19 09:40:08,15800.0,200,Buy,224551748
2024-07-19 09:40:08,15800.0,500,Buy,224551747
2024-07-19 09:40:08,15800.0,200,Buy,224551746
2024-07-19 09:40:08,15800.0,500,Buy,224551745
2024-07-19 09:40:08,15800.0,500,Buy,224551742
2024-07-19 09:40:08,15800.0,100,Buy,224551743
2024-07-19 09:40:08,15800.0,100,Buy,224551741
2024-07-19 09:40:08,15800.0,10000,Buy,224551740
2024-07-19 09:40:08,15800.0,5000,Buy,224551739
2024-07-19 09:40:08,15800.0,800,Buy,224551744
2024-07-19 09:40:08,15800.0,1000,Buy,224551749
2024-07-19 09:40:08,15800.0,2000,Buy,224551752
2024-07-19 09:40:08,15800.0,100,Buy,224551751
2024-07-19 09:40:08,15800.0,100,Buy,224551753
2024-07-19 09:40:08,15800.0,3000,Buy,224551754
2024-07-19 09:40:08,15800.0,1000,Buy,224551755
2024-07-19 09:40:08,15800.0,1000,Buy,224551756
2024-07-19 09:40:08,15800.0,500,Buy,224551757
2024-07-19 09:40:08,15800.0,300,Buy,224551758
2024-07-19 09:40:08,15800.0,200,Buy,224551759
2024-07-19 09:40:08,15800.0,2000,Buy,224551760
2024-07-19 09:40:08,15800.0,9600,Sell,224551761
2024-07-19 09:40:08,15800.0,100,Buy,224551738
2024-07-19 09:40:08,15800.0,100,Buy,224551750
2024-07-19 09:40:08,15800.0,2000,Buy,224551737
2024-07-19 09:40:08,15800.0,500,Buy,224551713
2024-07-19 09:40:08,15800.0,5000,Buy,224551735
2024-07-19 09:40:08,15800.0,3000,Buy,224551712
2024-07-19 09:40:08,15800.0,6400,Buy,224551711
2024-07-19 09:40:08,15800.0,2000,Buy,224551714
2024-07-19 09:40:08,15800.0,300,Buy,224551715
2024-07-19 09:40:08,15800.0,500,Buy,224551716
2024-07-19 09:40:08,15800.0,500,Buy,224551717
2024-07-19 09:40:08,15800.0,200,Buy,224551718
2024-07-19 09:40:08,15800.0,800,Buy,224551719
2024-07-19 09:40:08,15800.0,200,Buy,224551720
2024-07-19 09:40:08,15800.0,100,Buy,224551721
2024-07-19 09:40:08,15800.0,1000,Buy,224551722
2024-07-19 09:40:08,15800.0,100,Buy,224551736
2024-07-19 09:40:08,15800.0,2000,Buy,224551724
2024-07-19 09:40:08,15800.0,1000,Buy,224551734
2024-07-19 09:40:08,15800.0,300,Buy,224551733
2024-07-19 09:40:08,15800.0,1400,Buy,224551732
2024-07-19 09:40:08,15800.0,100,Buy,224551731
2024-07-19 09:40:08,15800.0,2000,Buy,224551730
2024-07-19 09:40:08,15800.0,500,Buy,224551723
2024-07-19 09:40:08,15800.0,10000,Buy,224551728
2024-07-19 09:40:08,15800.0,1000,Buy,224551725
2024-07-19 09:40:08,15800.0,15000,Buy,224551729
2024-07-19 09:40:08,15800.0,200,Buy,224551727
2024-07-19 09:40:08,15800.0,5000,Buy,224551726
2024-07-19 09:40:09,15800.0,100,Buy,224551825
2024-07-19 09:40:09,15800.0,300,Buy,224551828
2024-07-19 09:40:10,15800.0,700,Sell,224551836
2024-07-19 09:40:13,15800.0,800,Buy,224551867
2024-07-19 09:40:13,15800.0,200,Buy,224551878
2024-07-19 09:40:15,15800.0,800,Sell,224551938
2024-07-19 09:40:15,15800.0,200,Sell,224551939
2024-07-19 09:40:15,15800.0,800,Sell,224551944
2024-07-19 09:40:16,15800.0,200,Buy,224551965
2024-07-19 09:40:24,15800.0,500,Sell,224552252
2024-07-19 09:40:29,15800.0,1000,Sell,224552403
2024-07-19 09:40:29,15800.0,1000,Sell,224552402
2024-07-19 09:40:42,15800.0,500,Sell,224552783
2024-07-19 09:40:42,15800.0,100,Sell,224552794
2024-07-19 09:40:46,15800.0,400,Sell,224552880
2024-07-19 09:40:46,15800.0,1000,Sell,224552884
2024-07-19 09:40:46,15800.0,500,Sell,224552881
2024-07-19 09:40:46,15800.0,1000,Sell,224552882
2024-07-19 09:40:46,15800.0,100,Sell,224552883
2024-07-19 09:40:47,15800.0,100,Sell,224552894
2024-07-19 09:40:48,15800.0,2000,Sell,224552913
2024-07-19 09:40:51,15800.0,500,Sell,224552982
2024-07-19 09:40:53,15800.0,5000,Sell,224553040
2024-07-19 09:40:53,15800.0,200,Sell,224553041
2024-07-19 09:40:56,15800.0,1000,Sell,224553125
2024-07-19 09:41:00,15850.0,100,Buy,224553272
2024-07-19 09:41:00,15800.0,100,Sell,224553275
2024-07-19 09:41:05,15800.0,100,Sell,224553424
2024-07-19 09:41:05,15800.0,100,Sell,224553425
2024-07-19 09:41:10,15800.0,400,Sell,224553546
2024-07-19 09:41:10,15800.0,1000,Sell,224553547
2024-07-19 09:41:10,15800.0,500,Sell,224553548
2024-07-19 09:41:10,15800.0,100,Sell,224553549
2024-07-19 09:41:12,15800.0,200,Sell,224553598
2024-07-19 09:41:17,15800.0,1000,Sell,224553701
2024-07-19 09:41:23,15800.0,800,Sell,224553850
2024-07-19 09:41:25,15800.0,1000,Sell,224553913
2024-07-19 09:41:26,15800.0,100,Sell,224553923
2024-07-19 09:41:33,15850.0,100,Buy,224554113
2024-07-19 09:41:34,15800.0,100,Sell,224554122
2024-07-19 09:41:36,15800.0,500,Sell,224554184
2024-07-19 09:41:40,15800.0,500,Sell,224554278
2024-07-19 09:41:42,15800.0,800,Sell,224554340
2024-07-19 09:41:42,15800.0,500,Sell,224554354
2024-07-19 09:41:42,15800.0,1000,Sell,224554352
2024-07-19 09:41:42,15800.0,100,Sell,224554351
2024-07-19 09:41:42,15800.0,900,Sell,224554350
2024-07-19 09:41:42,15800.0,10000,Sell,224554349
2024-07-19 09:41:42,15800.0,1000,Sell,224554353
2024-07-19 09:41:42,15800.0,300,Sell,224554347
2024-07-19 09:41:42,15800.0,10000,Sell,224554346
2024-07-19 09:41:42,15800.0,10000,Sell,224554343
2024-07-19 09:41:42,15800.0,500,Sell,224554342
2024-07-19 09:41:42,15800.0,9000,Sell,224554341
2024-07-19 09:41:42,15800.0,200,Sell,224554348
2024-07-19 09:41:42,15800.0,5700,Sell,224554339
2024-07-19 09:41:45,15850.0,500,Buy,224554436
2024-07-19 09:41:48,15800.0,1500,Sell,224554512
2024-07-19 09:41:48,15800.0,500,Sell,224554513
2024-07-19 09:41:48,15800.0,100,Sell,224554514
2024-07-19 09:41:48,15800.0,5000,Sell,224554515
2024-07-19 09:41:48,15800.0,2900,Sell,224554516
2024-07-19 09:41:49,15800.0,500,Sell,224554538
2024-07-19 09:41:49,15800.0,300,Sell,224554554
2024-07-19 09:41:50,15800.0,300,Sell,224554565
2024-07-19 09:41:51,15800.0,2000,Sell,224554598
2024-07-19 09:42:01,15850.0,200,Buy,224554835
2024-07-19 09:42:10,15800.0,2600,Sell,224555002
2024-07-19 09:42:15,15800.0,200,Sell,224555158
2024-07-19 09:42:20,15800.0,500,Sell,224555250
2024-07-19 09:42:20,15800.0,800,Sell,224555251
2024-07-19 09:42:20,15800.0,6500,Sell,224555252
2024-07-19 09:42:20,15800.0,11200,Sell,224555249
2024-07-19 09:42:21,15800.0,500,Sell,224555259
2024-07-19 09:42:24,15850.0,300,Buy,224555318
2024-07-19 09:42:24,15850.0,200,Buy,224555317
2024-07-19 09:42:24,15850.0,2200,Buy,224555319
2024-07-19 09:42:24,15850.0,300,Buy,224555315
2024-07-19 09:42:24,15850.0,1000,Buy,224555314
2024-07-19 09:42:24,15850.0,1100,Buy,224555316
2024-07-19 09:42:24,15850.0,900,Buy,224555313
2024-07-19 09:42:29,15800.0,100,Sell,224555453
2024-07-19 09:42:30,15800.0,100,Sell,224555481
2024-07-19 09:42:30,15800.0,2900,Sell,224555467
2024-07-19 09:42:30,15800.0,100,Sell,224555468
2024-07-19 09:42:34,15800.0,2000,Sell,224555613
2024-07-19 09:42:43,15800.0,1000,Sell,224555833
2024-07-19 09:42:44,15800.0,1000,Sell,224555856
2024-07-19 09:42:49,15800.0,5000,Sell,224556021
2024-07-19 09:42:50,15800.0,900,Sell,224556027
2024-07-19 09:42:50,15800.0,100,Sell,224556028
2024-07-19 09:42:51,15800.0,500,Sell,224556045
2024-07-19 09:42:51,15800.0,1500,Sell,224556046
2024-07-19 09:42:52,15800.0,100,Sell,224556069
2024-07-19 09:42:52,15800.0,400,Sell,224556068
2024-07-19 09:42:52,15800.0,500,Sell,224556066
2024-07-19 09:42:52,15800.0,100,Sell,224556067
2024-07-19 09:42:54,15800.0,1500,Sell,224556104
2024-07-19 09:42:54,15800.0,100,Sell,224556105
2024-07-19 09:42:54,15800.0,600,Sell,224556106
2024-07-19 09:42:54,15800.0,200,Sell,224556107
2024-07-19 09:42:54,15800.0,100,Sell,224556108
2024-07-19 09:42:54,15800.0,500,Sell,224556103
2024-07-19 09:42:55,15800.0,100,Sell,224556118
2024-07-19 09:42:55,15800.0,100,Sell,224556119
2024-07-19 09:42:59,15800.0,200,Sell,224556202
2024-07-19 09:42:59,15800.0,100,Sell,224556203
2024-07-19 09:42:59,15800.0,500,Sell,224556204
2024-07-19 09:42:59,15800.0,100,Sell,224556205
2024-07-19 09:42:59,15800.0,100,Sell,224556206
2024-07-19 09:43:01,15800.0,900,Sell,224556243
2024-07-19 09:43:01,15800.0,100,Sell,224556242
2024-07-19 09:43:01,15800.0,100,Sell,224556240
2024-07-19 09:43:01,15800.0,300,Sell,224556241
2024-07-19 09:43:01,15800.0,100,Sell,224556239
2024-07-19 09:43:03,15800.0,100,Sell,224556288
2024-07-19 09:43:03,15800.0,1900,Sell,224556289
2024-07-19 09:43:03,15800.0,400,Sell,224556295
2024-07-19 09:43:03,15800.0,700,Sell,224556298
2024-07-19 09:43:04,15800.0,300,Sell,224556299
2024-07-19 09:43:05,15800.0,200,Sell,224556318
2024-07-19 09:43:06,15800.0,9800,Buy,224556334
2024-07-19 09:43:07,15800.0,200,Sell,224556361
2024-07-19 09:43:10,15800.0,500,Sell,224556403
2024-07-19 09:43:11,15800.0,500,Sell,224556414
2024-07-19 09:43:12,15800.0,800,Sell,224556452
2024-07-19 09:43:13,15800.0,2000,Sell,224556471
2024-07-19 09:43:16,15800.0,100,Sell,224556536
2024-07-19 09:43:20,15800.0,1000,Sell,224556709
2024-07-19 09:43:20,15800.0,3300,Sell,224556722
2024-07-19 09:43:22,15800.0,2000,Sell,224556754
2024-07-19 09:43:23,15800.0,1000,Sell,224556777
2024-07-19 09:43:25,15800.0,500,Sell,224556876
2024-07-19 09:43:32,15800.0,1000,Sell,224557130
2024-07-19 09:43:35,15800.0,500,Sell,224557240
2024-07-19 09:43:38,15800.0,100,Sell,224557290
2024-07-19 09:43:40,15800.0,1000,Sell,224557404
2024-07-19 09:43:44,15800.0,1700,Sell,224557527
2024-07-19 09:43:44,15800.0,300,Sell,224557528
2024-07-19 09:43:48,15800.0,1700,Sell,224557672
2024-07-19 09:43:48,15800.0,700,Sell,224557673
2024-07-19 09:43:52,15800.0,200,Sell,224557761
2024-07-19 09:43:55,15800.0,100,Sell,224557852
2024-07-19 09:43:56,15800.0,1000,Sell,224557868
2024-07-19 09:43:57,15800.0,100,Sell,224557882
2024-07-19 09:43:59,15800.0,100,Sell,224557937
2024-07-19 09:44:01,15800.0,2800,Sell,224557995
2024-07-19 09:44:01,15800.0,2200,Sell,224557996
2024-07-19 09:44:03,15800.0,100,Sell,224558057
2024-07-19 09:44:03,15800.0,100,Sell,224558056
2024-07-19 09:44:03,15800.0,600,Sell,224558055
2024-07-19 09:44:03,15800.0,400,Sell,224558054
2024-07-19 09:44:03,15800.0,1000,Sell,224558052
2024-07-19 09:44:03,15800.0,100,Sell,224558053
2024-07-19 09:44:03,15800.0,100,Sell,224558050
2024-07-19 09:44:03,15800.0,500,Sell,224558037
2024-07-19 09:44:03,15800.0,400,Sell,224558043
2024-07-19 09:44:03,15800.0,1000,Sell,224558051
2024-07-19 09:44:03,15800.0,5600,Sell,224558049
2024-07-19 09:44:03,15800.0,1800,Sell,224558048
2024-07-19 09:44:06,15800.0,3000,Sell,224558129
2024-07-19 09:44:09,15800.0,2000,Sell,224558195
2024-07-19 09:44:09,15800.0,500,Sell,224558205
2024-07-19 09:44:11,15800.0,100,Sell,224558271
2024-07-19 09:44:17,15800.0,1000,Sell,224558408
2024-07-19 09:44:21,15800.0,1000,Sell,224558540
2024-07-19 09:44:25,15800.0,500,Sell,224558602
2024-07-19 09:44:26,15800.0,1800,Sell,224558613
2024-07-19 09:44:26,15800.0,200,Sell,224558614
2024-07-19 09:44:29,15800.0,100,Sell,224558674
2024-07-19 09:44:30,15800.0,1000,Sell,224558680
2024-07-19 09:44:31,15800.0,300,Sell,224558711
2024-07-19 09:44:31,15800.0,700,Sell,224558712
2024-07-19 09:44:32,15800.0,4300,Sell,224558748
2024-07-19 09:44:32,15800.0,100,Sell,224558749
2024-07-19 09:44:32,15800.0,3000,Sell,224558750
2024-07-19 09:44:32,15800.0,100,Sell,224558751
2024-07-19 09:44:32,15800.0,200,Sell,224558752
2024-07-19 09:44:32,15800.0,200,Sell,224558753
2024-07-19 09:44:32,15800.0,1000,Sell,224558754
2024-07-19 09:44:33,15800.0,200,Buy,224558782
2024-07-19 09:44:35,15800.0,100,Buy,224558835
2024-07-19 09:44:37,15800.0,400,Buy,224558886
2024-07-19 09:44:47,15800.0,1000,Buy,224559140
2024-07-19 09:44:51,15800.0,500,Buy,224559240
2024-07-19 09:44:57,15800.0,700,Buy,224559406
2024-07-19 09:45:11,15800.0,200,Buy,224559758
2024-07-19 09:45:16,15800.0,500,Buy,224559893
2024-07-19 09:45:32,15800.0,300,Buy,224560275
2024-07-19 09:45:38,15750.0,100,Sell,224560392
2024-07-19 09:45:38,15750.0,400,Sell,224560393
2024-07-19 09:45:42,15750.0,100,Sell,224560464
2024-07-19 09:45:42,15750.0,900,Sell,224560465
2024-07-19 09:45:43,15800.0,500,Buy,224560499
2024-07-19 09:45:43,15750.0,2000,Sell,224560500
2024-07-19 09:45:57,15800.0,300,Buy,224560896
2024-07-19 09:46:08,15750.0,1000,Sell,224561151
2024-07-19 09:46:10,15750.0,2000,Sell,224561206
2024-07-19 09:46:10,15750.0,1000,Sell,224561205
2024-07-19 09:46:11,15750.0,300,Sell,224561221
2024-07-19 09:46:13,15750.0,600,Sell,224561270
2024-07-19 09:46:13,15750.0,10000,Sell,224561274
2024-07-19 09:46:13,15750.0,500,Sell,224561271
2024-07-19 09:46:13,15750.0,200,Sell,224561272
2024-07-19 09:46:13,15750.0,200,Sell,224561273
2024-07-19 09:46:13,15750.0,200,Sell,224561275
2024-07-19 09:46:13,15750.0,200,Sell,224561283
2024-07-19 09:46:13,15750.0,4700,Sell,224561277
2024-07-19 09:46:13,15750.0,100,Sell,224561278
2024-07-19 09:46:13,15750.0,500,Sell,224561279
2024-07-19 09:46:13,15750.0,1000,Sell,224561280
2024-07-19 09:46:13,15750.0,100,Sell,224561282
2024-07-19 09:46:13,15800.0,5000,Buy,224561302
2024-07-19 09:46:13,15750.0,1000,Sell,224561269
2024-07-19 09:46:13,15750.0,300,Sell,224561268
2024-07-19 09:46:13,15750.0,100,Sell,224561276
2024-07-19 09:46:13,15750.0,500,Sell,224561266
2024-07-19 09:46:13,15750.0,3300,Sell,224561252
2024-07-19 09:46:13,15750.0,100,Sell,224561253
2024-07-19 09:46:13,15750.0,100,Sell,224561254
2024-07-19 09:46:13,15750.0,2000,Sell,224561255
2024-07-19 09:46:13,15750.0,10000,Sell,224561256
2024-07-19 09:46:13,15750.0,100,Sell,224561257
2024-07-19 09:46:13,15750.0,800,Sell,224561258
2024-07-19 09:46:13,15750.0,500,Sell,224561267
2024-07-19 09:46:13,15750.0,100,Sell,224561260
2024-07-19 09:46:13,15750.0,900,Sell,224561265
2024-07-19 09:46:13,15750.0,300,Sell,224561264
2024-07-19 09:46:13,15750.0,400,Sell,224561259
2024-07-19 09:46:13,15750.0,100,Sell,224561262
2024-07-19 09:46:13,15750.0,100,Sell,224561261
2024-07-19 09:46:13,15750.0,1000,Sell,224561263
2024-07-19 09:46:14,15750.0,200,Sell,224561316
2024-07-19 09:46:33,15800.0,1400,Buy,224561706
2024-07-19 09:46:33,15800.0,4600,Buy,224561707
2024-07-19 09:46:47,15750.0,500,Sell,224561980
2024-07-19 09:46:47,15800.0,1400,Buy,224561989
2024-07-19 09:46:47,15800.0,600,Buy,224561990
2024-07-19 09:46:52,15800.0,100,Buy,224562087
2024-07-19 09:46:52,15800.0,400,Buy,224562086
2024-07-19 09:46:53,15800.0,500,Buy,224562089
2024-07-19 09:46:58,15800.0,500,Buy,224562223
2024-07-19 09:47:14,15800.0,1000,Buy,224562572
2024-07-19 09:47:24,15800.0,1200,Buy,224562768
2024-07-19 09:47:27,15800.0,100,Buy,224562858
2024-07-19 09:47:37,15800.0,5000,Buy,224563092
2024-07-19 09:47:38,15800.0,100,Buy,224563128
2024-07-19 09:47:40,15800.0,300,Buy,224563157
2024-07-19 09:47:41,15800.0,500,Buy,224563198
2024-07-19 09:47:54,15800.0,4900,Buy,224563468
2024-07-19 09:47:58,15800.0,800,Buy,224563554
2024-07-19 09:48:09,15800.0,20000,Buy,224563805
2024-07-19 09:48:13,15800.0,1000,Buy,224563912
2024-07-19 09:48:25,15800.0,900,Buy,224564130
2024-07-19 09:48:29,15800.0,200,Buy,224564228
2024-07-19 09:48:29,15800.0,100,Buy,224564221
2024-07-19 09:48:42,15800.0,1000,Buy,224564483
2024-07-19 09:48:43,15800.0,300,Buy,224564489
2024-07-19 09:48:47,15800.0,100,Buy,224564600
2024-07-19 09:48:50,15800.0,500,Buy,224564770
2024-07-19 09:48:50,15800.0,100,Buy,224564771
2024-07-19 09:48:50,15800.0,200,Buy,224564772
2024-07-19 09:48:50,15800.0,2000,Buy,224564773
2024-07-19 09:48:50,15800.0,10000,Buy,224564775
2024-07-19 09:48:50,15800.0,1000,Buy,224564776
2024-07-19 09:48:50,15800.0,500,Buy,224564777
2024-07-19 09:48:50,15800.0,100,Buy,224564778
2024-07-19 09:48:50,15800.0,6400,Buy,224564779
2024-07-19 09:48:50,15800.0,500,Buy,224564782
2024-07-19 09:48:50,15800.0,200,Buy,224564781
2024-07-19 09:48:50,15800.0,11400,Buy,224564783
2024-07-19 09:48:50,15800.0,4100,Buy,224564784
2024-07-19 09:48:50,15800.0,100,Buy,224564785
2024-07-19 09:48:50,15800.0,300,Buy,224564786
2024-07-19 09:48:50,15800.0,3000,Buy,224564787
2024-07-19 09:48:50,15800.0,1000,Buy,224564788
2024-07-19 09:48:50,15800.0,90800,Buy,224564789
2024-07-19 09:48:50,15800.0,500,Buy,224564769
2024-07-19 09:48:50,15800.0,900,Buy,224564780
2024-07-19 09:48:50,15800.0,400,Buy,224564768
2024-07-19 09:48:50,15800.0,100,Buy,224564774
2024-07-19 09:48:50,15800.0,600,Buy,224564765
2024-07-19 09:48:50,15800.0,1000,Buy,224564745
2024-07-19 09:48:50,15800.0,3000,Buy,224564746
2024-07-19 09:48:50,15800.0,500,Buy,224564747
2024-07-19 09:48:50,15800.0,1000,Buy,224564748
2024-07-19 09:48:50,15800.0,11900,Buy,224564749
2024-07-19 09:48:50,15800.0,3000,Buy,224564751
2024-07-19 09:48:50,15800.0,6000,Buy,224564752
2024-07-19 09:48:50,15800.0,1000,Buy,224564753
2024-07-19 09:48:50,15800.0,2000,Buy,224564754
2024-07-19 09:48:50,15800.0,5000,Buy,224564755
2024-07-19 09:48:50,15800.0,100,Buy,224564750
2024-07-19 09:48:50,15800.0,300,Buy,224564757
2024-07-19 09:48:50,15800.0,8000,Buy,224564756
2024-07-19 09:48:50,15800.0,1000,Buy,224564764
2024-07-19 09:48:50,15800.0,500,Buy,224564763
2024-07-19 09:48:50,15800.0,100,Buy,224564762
2024-07-19 09:48:50,15800.0,100,Buy,224564761
2024-07-19 09:48:50,15800.0,400,Buy,224564767
2024-07-19 09:48:50,15800.0,1400,Buy,224564744
2024-07-19 09:48:50,15800.0,2000,Buy,224564759
2024-07-19 09:48:50,15800.0,500,Buy,224564758
2024-07-19 09:48:50,15800.0,10000,Buy,224564760
2024-07-19 09:48:52,15800.0,2000,Buy,224564799
2024-07-19 09:48:52,15800.0,300,Buy,224564800
2024-07-19 09:48:52,15800.0,300,Buy,224564825
2024-07-19 09:48:52,15800.0,93500,Buy,224564798
2024-07-19 09:49:16,15800.0,200,Sell,224565375
2024-07-19 09:49:22,15800.0,700,Sell,224565487
2024-07-19 09:49:23,15800.0,5000,Sell,224565534
2024-07-19 09:49:24,15800.0,1000,Sell,224565554
2024-07-19 09:49:29,15800.0,2000,Sell,224565710
2024-07-19 09:49:30,15800.0,800,Sell,224565727
2024-07-19 09:49:30,15800.0,1000,Sell,224565726
2024-07-19 09:49:30,15800.0,2000,Sell,224565724
2024-07-19 09:49:30,15800.0,100,Sell,224565725
2024-07-19 09:49:30,15800.0,1100,Sell,224565723
2024-07-19 09:49:32,15800.0,200,Sell,224565758
2024-07-19 09:49:32,15800.0,400,Sell,224565759
2024-07-19 09:49:32,15800.0,300,Sell,224565760
2024-07-19 09:49:32,15800.0,200,Sell,224565761
2024-07-19 09:49:32,15800.0,900,Sell,224565762
2024-07-19 09:49:33,15800.0,100,Sell,224565780
2024-07-19 09:49:34,15800.0,500,Sell,224565808
2024-07-19 09:49:42,15800.0,500,Sell,224565953
2024-07-19 09:49:46,15800.0,100,Sell,224566043
2024-07-19 09:49:53,15800.0,1000,Sell,224566209
2024-07-19 09:50:02,15800.0,1800,Sell,224566343
2024-07-19 09:50:02,15800.0,5600,Sell,224566344
2024-07-19 09:50:02,15800.0,12600,Sell,224566345
2024-07-19 09:50:03,15800.0,100,Sell,224566370
2024-07-19 09:50:07,15800.0,200,Sell,224566449
2024-07-19 09:50:10,15800.0,100,Sell,224566519
2024-07-19 09:50:14,15800.0,100,Sell,224566599
2024-07-19 09:50:17,15850.0,200,Buy,224566669
2024-07-19 09:50:22,15800.0,100,Sell,224566766
2024-07-19 09:50:22,15800.0,200,Sell,224566767
2024-07-19 09:50:23,15800.0,500,Sell,224566806
2024-07-19 09:50:41,15800.0,100,Sell,224567183
2024-07-19 09:50:43,15800.0,2000,Sell,224567308
2024-07-19 09:50:44,15800.0,500,Sell,224567318
2024-07-19 09:50:45,15800.0,5000,Sell,224567354
2024-07-19 09:50:49,15800.0,1000,Sell,224567441
2024-07-19 09:50:51,15800.0,300,Sell,224567480
2024-07-19 09:50:53,15800.0,100,Sell,224567524
2024-07-19 09:50:56,15800.0,100,Sell,224567584
2024-07-19 09:51:00,15800.0,600,Sell,224567678
2024-07-19 09:51:00,15800.0,400,Sell,224567679
2024-07-19 09:51:00,15800.0,300,Sell,224567676
2024-07-19 09:51:00,15800.0,100,Sell,224567677
2024-07-19 09:51:00,15800.0,600,Sell,224567675
2024-07-19 09:51:00,15800.0,400,Sell,224567672
2024-07-19 09:51:00,15800.0,100,Sell,224567667
2024-07-19 09:51:00,15800.0,400,Sell,224567666
2024-07-19 09:51:02,15800.0,100,Sell,224567724
2024-07-19 09:51:10,15800.0,100,Sell,224567895
2024-07-19 09:51:13,15800.0,100,Sell,224568055
2024-07-19 09:51:14,15800.0,100,Sell,224568072
2024-07-19 09:51:16,15800.0,200,Sell,224568172
2024-07-19 09:51:16,15800.0,100,Sell,224568173
2024-07-19 09:51:16,15800.0,700,Sell,224568174
2024-07-19 09:51:16,15800.0,100,Sell,224568176
2024-07-19 09:51:22,15800.0,100,Sell,224568279
2024-07-19 09:51:23,15800.0,100,Sell,224568294
2024-07-19 09:51:24,15800.0,100,Sell,224568320
2024-07-19 09:51:25,15800.0,300,Sell,224568356
2024-07-19 09:51:31,15800.0,100,Sell,224568446
2024-07-19 09:51:31,15800.0,100,Sell,224568447
2024-07-19 09:51:32,15800.0,200,Sell,224568465
2024-07-19 09:51:38,15800.0,100,Sell,224568553
2024-07-19 09:51:39,15800.0,100,Sell,224568600
2024-07-19 09:51:42,15800.0,15000,Sell,224568678
2024-07-19 09:51:44,15800.0,5000,Sell,224568761
2024-07-19 09:51:55,15800.0,1000,Sell,224569178
2024-07-19 09:51:56,15850.0,3000,Buy,224569185
2024-07-19 09:52:10,15850.0,200,Buy,224569503
2024-07-19 09:52:20,15850.0,100,Buy,224569763
2024-07-19 09:52:20,15850.0,500,Buy,224569765
2024-07-19 09:52:20,15850.0,2000,Buy,224569764
2024-07-19 09:52:20,15850.0,200,Buy,224569762
2024-07-19 09:52:20,15850.0,4400,Buy,224569766
2024-07-19 09:52:20,15850.0,1000,Buy,224569760
2024-07-19 09:52:20,15850.0,1000,Buy,224569759
2024-07-19 09:52:20,15850.0,1400,Buy,224569758
2024-07-19 09:52:20,15850.0,3000,Buy,224569761
2024-07-19 09:52:20,15850.0,14400,Buy,224569757
2024-07-19 09:52:23,15800.0,1000,Sell,224569860
2024-07-19 09:52:30,15800.0,500,Sell,224570118
2024-07-19 09:52:32,15850.0,300,Buy,224570157
2024-07-19 09:52:42,15850.0,100,Buy,224570430
2024-07-19 09:52:42,15800.0,100,Sell,224570429
2024-07-19 09:52:43,15800.0,7000,Sell,224570462
2024-07-19 09:52:50,15800.0,9100,Sell,224570678
2024-07-19 09:53:01,15850.0,100,Buy,224571007
2024-07-19 09:53:06,15800.0,5000,Sell,224571156
2024-07-19 09:53:27,15850.0,100,Buy,224571732
2024-07-19 09:53:29,15800.0,500,Sell,224571747
2024-07-19 09:53:29,15800.0,10000,Sell,224571758
2024-07-19 09:53:33,15800.0,500,Sell,224571832
2024-07-19 09:53:39,15800.0,100,Sell,224572271
2024-07-19 09:53:40,15800.0,1000,Sell,224572312
2024-07-19 09:53:42,15800.0,3000,Sell,224572338
2024-07-19 09:53:46,15800.0,100,Sell,224572415
2024-07-19 09:53:46,15800.0,100,Sell,224572433
2024-07-19 09:53:46,15850.0,1000,Buy,224572432
2024-07-19 09:53:52,15850.0,2000,Buy,224572621
2024-07-19 09:53:56,15800.0,2000,Sell,224572686
2024-07-19 09:54:00,15800.0,11400,Sell,224572836
2024-07-19 09:54:01,15800.0,1000,Sell,224572911
2024-07-19 09:54:02,15800.0,500,Sell,224572940
2024-07-19 09:54:03,15800.0,300,Sell,224572947
2024-07-19 09:54:04,15800.0,500,Sell,224572964
2024-07-19 09:54:04,15800.0,300,Sell,224572981
2024-07-19 09:54:05,15800.0,10000,Sell,224572989
2024-07-19 09:54:07,15850.0,100,Buy,224573032
2024-07-19 09:54:09,15800.0,200,Sell,224573065
2024-07-19 09:54:13,15800.0,1500,Sell,224573165
2024-07-19 09:54:16,15800.0,700,Sell,224573245
2024-07-19 09:54:20,15800.0,500,Sell,224573378
2024-07-19 09:54:26,15800.0,300,Sell,224573594
2024-07-19 09:54:34,15800.0,5000,Sell,224573865
2024-07-19 09:54:38,15800.0,100,Sell,224574023
2024-07-19 09:54:39,15850.0,2000,Buy,224574049
2024-07-19 09:54:39,15850.0,1000,Buy,224574050
2024-07-19 09:54:39,15850.0,100,Buy,224574051
2024-07-19 09:54:39,15800.0,4300,Sell,224574052
2024-07-19 09:54:39,15850.0,1900,Buy,224574048
2024-07-19 09:54:41,15800.0,100,Sell,224574080
2024-07-19 09:54:44,15800.0,300,Sell,224574172
2024-07-19 09:54:44,15800.0,2000,Sell,224574174
2024-07-19 09:54:44,15800.0,100,Sell,224574175
2024-07-19 09:54:44,15800.0,5000,Sell,224574176
2024-07-19 09:54:44,15800.0,100,Sell,224574173
2024-07-19 09:54:47,15800.0,500,Sell,224574238
2024-07-19 09:54:49,15800.0,1000,Sell,224574248
2024-07-19 09:54:50,15800.0,2000,Sell,224574280
2024-07-19 09:54:51,15800.0,500,Sell,224574294
2024-07-19 09:54:51,15800.0,1500,Sell,224574293
2024-07-19 09:55:11,15800.0,100,Sell,224574804
2024-07-19 09:55:11,15800.0,400,Sell,224574805
2024-07-19 09:55:12,15800.0,100,Sell,224574848
2024-07-19 09:55:21,15800.0,2000,Sell,224575062
2024-07-19 09:55:22,15800.0,5400,Sell,224575084
2024-07-19 09:55:22,15800.0,100,Sell,224575085
2024-07-19 09:55:22,15800.0,200,Sell,224575086
2024-07-19 09:55:22,15800.0,500,Sell,224575087
2024-07-19 09:55:22,15800.0,43800,Sell,224575088
2024-07-19 09:55:24,15800.0,100,Sell,224575195
2024-07-19 09:55:26,15800.0,100,Sell,224575289
2024-07-19 09:55:26,15800.0,400,Sell,224575288
2024-07-19 09:55:26,15800.0,600,Sell,224575285
2024-07-19 09:55:26,15800.0,100,Sell,224575284
2024-07-19 09:55:26,15800.0,100,Sell,224575283
2024-07-19 09:55:26,15800.0,600,Sell,224575282
2024-07-19 09:55:26,15800.0,500,Sell,224575281
2024-07-19 09:55:26,15800.0,500,Sell,224575279
2024-07-19 09:55:26,15800.0,5000,Sell,224575278
2024-07-19 09:55:26,15800.0,100,Sell,224575277
2024-07-19 09:55:26,15800.0,300,Sell,224575276
2024-07-19 09:55:26,15800.0,4000,Sell,224575275
2024-07-19 09:55:26,15800.0,100,Sell,224575274
2024-07-19 09:55:26,15800.0,2000,Sell,224575268
2024-07-19 09:55:26,15800.0,200,Sell,224575280
2024-07-19 09:55:28,15800.0,600,Sell,224575320
2024-07-19 09:55:28,15800.0,500,Sell,224575319
2024-07-19 09:55:28,15800.0,200,Sell,224575318
2024-07-19 09:55:28,15800.0,500,Sell,224575317
2024-07-19 09:55:28,15800.0,1500,Sell,224575321
2024-07-19 09:55:28,15800.0,100,Sell,224575315
2024-07-19 09:55:28,15800.0,500,Sell,224575314
2024-07-19 09:55:28,15800.0,5000,Sell,224575313
2024-07-19 09:55:28,15800.0,700,Sell,224575312
2024-07-19 09:55:28,15800.0,400,Sell,224575316
2024-07-19 09:55:32,15800.0,500,Sell,224575472
2024-07-19 09:55:33,15800.0,300,Sell,224575531
2024-07-19 09:55:33,15800.0,200,Sell,224575530
2024-07-19 09:55:33,15800.0,1000,Sell,224575528
2024-07-19 09:55:33,15800.0,100,Sell,224575527
2024-07-19 09:55:33,15800.0,500,Sell,224575526
2024-07-19 09:55:33,15800.0,2000,Sell,224575524
2024-07-19 09:55:33,15800.0,100,Sell,224575523
2024-07-19 09:55:33,15800.0,300,Sell,224575522
2024-07-19 09:55:33,15800.0,1000,Sell,224575525
2024-07-19 09:55:34,15800.0,1400,Sell,224575549
2024-07-19 09:55:35,15800.0,5000,Buy,224575555
2024-07-19 09:55:41,15800.0,5000,Buy,224575762
2024-07-19 09:55:51,15800.0,2900,Buy,224575928
2024-07-19 09:55:51,15800.0,2000,Buy,224575926
2024-07-19 09:55:51,15800.0,8100,Buy,224575925
2024-07-19 09:55:51,15800.0,2000,Buy,224575927
2024-07-19 09:55:55,15800.0,2000,Buy,224576098
2024-07-19 09:55:55,15800.0,1000,Buy,224576080
2024-07-19 09:55:55,15800.0,100,Buy,224576103
2024-07-19 09:55:58,15800.0,4900,Buy,224576212
2024-07-19 09:55:58,15800.0,1400,Buy,224576213
2024-07-19 09:55:58,15800.0,4200,Buy,224576214
2024-07-19 09:56:01,15800.0,800,Buy,224576251
2024-07-19 09:56:01,15800.0,1200,Buy,224576252
2024-07-19 09:56:04,15800.0,200,Buy,224576315
2024-07-19 09:56:08,15800.0,4900,Buy,224576425
2024-07-19 09:56:08,15800.0,5100,Buy,224576426
2024-07-19 09:56:08,15800.0,100,Buy,224576427
2024-07-19 09:56:08,15800.0,100,Buy,224576428
2024-07-19 09:56:08,15800.0,300,Buy,224576429
2024-07-19 09:56:13,15800.0,100,Buy,224576589
2024-07-19 09:56:13,15800.0,100,Buy,224576586
2024-07-19 09:56:13,15800.0,100,Buy,224576585
2024-07-19 09:56:13,15800.0,1000,Buy,224576583
2024-07-19 09:56:13,15800.0,500,Buy,224576579
2024-07-19 09:56:13,15800.0,300,Buy,224576584
2024-07-19 09:56:13,15800.0,500,Buy,224576582
2024-07-19 09:56:19,15800.0,1000,Buy,224576722
2024-07-19 09:56:19,15800.0,800,Buy,224576738
2024-07-19 09:56:19,15800.0,500,Buy,224576739
2024-07-19 09:56:19,15800.0,100,Buy,224576740
2024-07-19 09:56:20,15800.0,1200,Sell,224576753
2024-07-19 09:56:24,15800.0,100,Sell,224576917
2024-07-19 09:56:27,15800.0,17300,Sell,224576965
2024-07-19 09:56:29,15800.0,400,Sell,224576998
2024-07-19 09:56:29,15800.0,2700,Buy,224576989
2024-07-19 09:56:30,15800.0,200,Sell,224577017
2024-07-19 09:56:32,15850.0,1100,Buy,224577044
2024-07-19 09:56:32,15850.0,900,Buy,224577043
2024-07-19 09:56:34,15800.0,1700,Sell,224577087
2024-07-19 09:56:41,15800.0,100,Buy,224577241
2024-07-19 09:56:48,15800.0,200,Buy,224577360
2024-07-19 09:56:50,15800.0,2000,Buy,224577406
2024-07-19 09:56:57,15800.0,200,Buy,224577485
2024-07-19 09:57:00,15750.0,100,Sell,224577536
2024-07-19 09:57:00,15750.0,900,Sell,224577537
2024-07-19 09:57:02,15800.0,800,Buy,224577572
2024-07-19 09:57:09,15800.0,2000,Buy,224577706
2024-07-19 09:57:11,15800.0,300,Buy,224577735
2024-07-19 09:57:16,15800.0,100,Buy,224577810
2024-07-19 09:57:27,15800.0,2000,Buy,224577996
2024-07-19 09:57:32,15800.0,700,Buy,224578128
2024-07-19 09:57:32,15800.0,4800,Buy,224578127
2024-07-19 09:57:35,15800.0,8700,Buy,224578162
2024-07-19 09:57:35,15800.0,1300,Buy,224578161
2024-07-19 09:57:39,15800.0,500,Buy,224578225
2024-07-19 09:57:45,15800.0,800,Buy,224578361
2024-07-19 09:57:45,15800.0,200,Buy,224578362
2024-07-19 09:57:45,15800.0,100,Buy,224578365
2024-07-19 09:57:45,15800.0,1900,Buy,224578366
2024-07-19 09:57:46,15750.0,500,Sell,224578390
2024-07-19 09:57:48,15800.0,1000,Buy,224578423
2024-07-19 09:57:52,15800.0,100,Buy,224578523
2024-07-19 09:57:54,15800.0,2000,Buy,224578594
2024-07-19 09:57:54,15800.0,100,Buy,224578644
2024-07-19 09:58:04,15800.0,5000,Buy,224578875
2024-07-19 09:58:04,15800.0,2000,Buy,224578879
2024-07-19 09:58:05,15800.0,100,Buy,224578895
2024-07-19 09:58:12,15800.0,200,Buy,224579158
2024-07-19 09:58:15,15750.0,400,Sell,224579222
2024-07-19 09:58:18,15800.0,5600,Buy,224579310
2024-07-19 09:58:18,15800.0,4900,Buy,224579309
2024-07-19 09:58:20,15800.0,1000,Buy,224579347
2024-07-19 09:58:21,15800.0,100,Buy,224579360
2024-07-19 09:58:22,15800.0,100,Buy,224579370
2024-07-19 09:58:22,15800.0,2000,Buy,224579377
2024-07-19 09:58:31,15800.0,6200,Buy,224579551
2024-07-19 09:58:41,15800.0,2000,Buy,224579736
2024-07-19 09:58:45,15800.0,10700,Buy,224579799
2024-07-19 09:58:59,15800.0,500,Buy,224580074
2024-07-19 09:58:59,15800.0,2000,Buy,224580062
2024-07-19 09:59:08,15800.0,5600,Buy,224580226
2024-07-19 09:59:16,15800.0,4900,Buy,224580345
2024-07-19 09:59:17,15800.0,2000,Buy,224580362
2024-07-19 09:59:17,15800.0,300,Buy,224580375
2024-07-19 09:59:26,15800.0,7100,Buy,224580529
2024-07-19 09:59:30,15800.0,1000,Buy,224580560
2024-07-19 09:59:31,15800.0,100,Buy,224580579
2024-07-19 09:59:32,15800.0,100,Buy,224580620
2024-07-19 09:59:36,15800.0,2000,Buy,224580674
2024-07-19 09:59:40,15800.0,500,Buy,224580747
2024-07-19 09:59:47,15750.0,200,Sell,224580900
2024-07-19 09:59:54,15800.0,2000,Buy,224580998
2024-07-19 10:00:03,15800.0,4900,Buy,224581148
2024-07-19 10:00:03,15800.0,5600,Buy,224581149
2024-07-19 10:00:04,15800.0,1000,Buy,224581187
2024-07-19 10:00:04,15800.0,500,Buy,224581188
2024-07-19 10:00:04,15800.0,2000,Buy,224581189
2024-07-19 10:00:04,15800.0,200,Buy,224581190
2024-07-19 10:00:04,15800.0,200,Buy,224581191
2024-07-19 10:00:04,15800.0,200,Buy,224581193
2024-07-19 10:00:04,15800.0,1000,Buy,224581186
2024-07-19 10:00:04,15800.0,100,Buy,224581198
2024-07-19 10:00:04,15800.0,1300,Buy,224581199
2024-07-19 10:00:04,15800.0,19900,Buy,224581200
2024-07-19 10:00:04,15800.0,1000,Buy,224581192
2024-07-19 10:00:04,15800.0,3000,Buy,224581185
2024-07-19 10:00:04,15800.0,1000,Buy,224581176
2024-07-19 10:00:04,15800.0,200,Buy,224581183
2024-07-19 10:00:04,15800.0,100,Buy,224581184
2024-07-19 10:00:04,15800.0,400,Buy,224581173
2024-07-19 10:00:04,15800.0,1000,Buy,224581174
2024-07-19 10:00:04,15800.0,300,Buy,224581175
2024-07-19 10:00:04,15800.0,200,Buy,224581177
2024-07-19 10:00:04,15800.0,11400,Buy,224581172
2024-07-19 10:00:04,15800.0,500,Buy,224581179
2024-07-19 10:00:04,15800.0,300,Buy,224581180
2024-07-19 10:00:04,15800.0,2700,Buy,224581181
2024-07-19 10:00:04,15800.0,1000,Buy,224581182
2024-07-19 10:00:04,15800.0,500,Buy,224581178
2024-07-19 10:00:05,15800.0,1000,Buy,224581248
2024-07-19 10:00:05,15800.0,6000,Buy,224581239
2024-07-19 10:00:05,15800.0,800,Buy,224581246
2024-07-19 10:00:05,15800.0,100,Buy,224581245
2024-07-19 10:00:05,15800.0,400,Buy,224581244
2024-07-19 10:00:05,15800.0,500,Buy,224581243
2024-07-19 10:00:05,15800.0,200,Buy,224581242
2024-07-19 10:00:05,15800.0,400,Buy,224581241
2024-07-19 10:00:05,15800.0,1000,Buy,224581240
2024-07-19 10:00:05,15800.0,500,Buy,224581238
2024-07-19 10:00:05,15800.0,500,Buy,224581247
2024-07-19 10:00:05,15800.0,5000,Buy,224581236
2024-07-19 10:00:05,15800.0,10100,Buy,224581227
2024-07-19 10:00:05,15800.0,1000,Buy,224581228
2024-07-19 10:00:05,15800.0,2000,Buy,224581229
2024-07-19 10:00:05,15800.0,1000,Buy,224581230
2024-07-19 10:00:05,15800.0,200,Buy,224581237
2024-07-19 10:00:05,15800.0,1000,Buy,224581232
2024-07-19 10:00:05,15800.0,100,Buy,224581235
2024-07-19 10:00:05,15800.0,400,Buy,224581231
2024-07-19 10:00:05,15800.0,20000,Buy,224581233
2024-07-19 10:00:05,15800.0,1000,Buy,224581234
2024-07-19 10:00:06,15800.0,300,Buy,224581269
2024-07-19 10:00:10,15800.0,100,Buy,224581332
2024-07-19 10:00:13,15850.0,900,Buy,224581387
2024-07-19 10:00:13,15850.0,1000,Buy,224581388
2024-07-19 10:00:13,15850.0,100,Buy,224581389
2024-07-19 10:00:14,15800.0,2000,Sell,224581394
2024-07-19 10:00:14,15800.0,700,Sell,224581401
2024-07-19 10:00:17,15800.0,100,Sell,224581455
2024-07-19 10:00:18,15800.0,100,Sell,224581471
2024-07-19 10:00:23,15800.0,500,Sell,224581527
2024-07-19 10:00:23,15800.0,1000,Sell,224581543
2024-07-19 10:00:23,15800.0,100,Sell,224581525
2024-07-19 10:00:23,15800.0,400,Sell,224581524
2024-07-19 10:00:23,15800.0,1000,Sell,224581526
2024-07-19 10:00:26,15800.0,200,Sell,224581590
2024-07-19 10:00:27,15800.0,200,Sell,224581598
2024-07-19 10:00:27,15800.0,200,Sell,224581599
2024-07-19 10:00:29,15800.0,500,Sell,224581619
2024-07-19 10:00:29,15800.0,100,Sell,224581626
2024-07-19 10:00:29,15800.0,200,Sell,224581627
2024-07-19 10:00:29,15800.0,600,Sell,224581628
2024-07-19 10:00:29,15800.0,1000,Sell,224581629
2024-07-19 10:00:29,15800.0,100,Sell,224581630
2024-07-19 10:00:29,15800.0,300,Sell,224581631
2024-07-19 10:00:31,15850.0,800,Buy,224581688
2024-07-19 10:00:31,15850.0,500,Buy,224581687
2024-07-19 10:00:31,15850.0,200,Buy,224581686
2024-07-19 10:00:31,15850.0,300,Buy,224581685
2024-07-19 10:00:31,15850.0,100,Buy,224581683
2024-07-19 10:00:31,15850.0,100,Buy,224581684
2024-07-19 10:00:31,15800.0,300,Sell,224581679
2024-07-19 10:00:31,15800.0,2700,Sell,224581678
2024-07-19 10:00:32,15800.0,1000,Sell,224581705
2024-07-19 10:00:35,15800.0,2000,Sell,224581764
2024-07-19 10:00:44,15800.0,2400,Sell,224581922
2024-07-19 10:00:44,15800.0,100,Sell,224581923
2024-07-19 10:00:44,15800.0,47500,Sell,224581924
2024-07-19 10:00:48,15800.0,500,Sell,224581970
2024-07-19 10:00:49,15850.0,2000,Buy,224581974
2024-07-19 10:00:55,15850.0,3200,Buy,224582111
2024-07-19 10:00:55,15850.0,100,Buy,224582112
2024-07-19 10:00:55,15850.0,600,Buy,224582113
2024-07-19 10:00:55,15850.0,1100,Buy,224582114
2024-07-19 10:00:57,15800.0,100,Sell,224582139
2024-07-19 10:01:04,15800.0,500,Sell,224582245
2024-07-19 10:01:08,15850.0,2000,Buy,224582402
2024-07-19 10:01:12,15800.0,200,Sell,224582452
2024-07-19 10:01:26,15850.0,400,Buy,224582724
2024-07-19 10:01:26,15850.0,700,Buy,224582725
2024-07-19 10:01:26,15850.0,900,Buy,224582726
2024-07-19 10:01:34,15850.0,200,Buy,224582837
2024-07-19 10:01:39,15850.0,500,Buy,224582931
2024-07-19 10:01:42,15800.0,100,Sell,224582964
2024-07-19 10:01:42,15800.0,200,Sell,224582965
2024-07-19 10:01:45,15850.0,2000,Buy,224583017
2024-07-19 10:01:50,15850.0,500,Buy,224583069
2024-07-19 10:02:03,15850.0,2000,Buy,224583339
2024-07-19 10:02:09,15850.0,100,Buy,224583431
2024-07-19 10:02:21,15850.0,2000,Buy,224583655
2024-07-19 10:02:40,15850.0,2000,Buy,224584004
2024-07-19 10:02:50,15850.0,1000,Buy,224584171
2024-07-19 10:02:51,15800.0,100,Sell,224584223
2024-07-19 10:02:58,15850.0,2000,Buy,224584397
2024-07-19 10:02:59,15800.0,100,Sell,224584422
2024-07-19 10:03:00,15800.0,2000,Sell,224584454
2024-07-19 10:03:03,15850.0,500,Buy,224584587
2024-07-19 10:03:13,15850.0,300,Buy,224584879
2024-07-19 10:03:17,15850.0,2000,Buy,224584949
2024-07-19 10:03:30,15800.0,600,Sell,224585142
2024-07-19 10:03:30,15800.0,1000,Sell,224585143
2024-07-19 10:03:30,15800.0,400,Sell,224585144
2024-07-19 10:03:35,15850.0,2000,Buy,224585267
2024-07-19 10:03:53,15850.0,2000,Buy,224585588
2024-07-19 10:04:02,15850.0,100,Buy,224585851
2024-07-19 10:04:02,15850.0,100,Buy,224585852
2024-07-19 10:04:02,15850.0,100,Buy,224585853
2024-07-19 10:04:02,15850.0,100,Buy,224585854
2024-07-19 10:04:02,15850.0,100,Buy,224585855
2024-07-19 10:04:02,15850.0,1000,Buy,224585860
2024-07-19 10:04:02,15850.0,100,Buy,224585857
2024-07-19 10:04:02,15850.0,200,Buy,224585858
2024-07-19 10:04:02,15850.0,2000,Buy,224585859
2024-07-19 10:04:02,15850.0,100,Buy,224585850
2024-07-19 10:04:02,15850.0,500,Buy,224585861
2024-07-19 10:04:02,15850.0,1000,Buy,224585856
2024-07-19 10:04:02,15850.0,100,Buy,224585849
2024-07-19 10:04:02,15850.0,200,Buy,224585844
2024-07-19 10:04:02,15850.0,100,Buy,224585847
2024-07-19 10:04:02,15850.0,500,Buy,224585846
2024-07-19 10:04:02,15850.0,1000,Buy,224585845
2024-07-19 10:04:02,15850.0,10000,Buy,224585862
2024-07-19 10:04:02,15850.0,500,Buy,224585843
2024-07-19 10:04:02,15850.0,1000,Buy,224585842
2024-07-19 10:04:02,15850.0,2000,Buy,224585841
2024-07-19 10:04:02,15850.0,1500,Buy,224585840
2024-07-19 10:04:02,15850.0,100,Buy,224585839
2024-07-19 10:04:02,15850.0,500,Buy,224585838
2024-07-19 10:04:02,15850.0,1000,Buy,224585837
2024-07-19 10:04:02,15850.0,1000,Buy,224585836
2024-07-19 10:04:02,15850.0,2000,Buy,224585835
2024-07-19 10:04:02,15850.0,100,Buy,224585848
2024-07-19 10:04:02,15850.0,500,Buy,224585863
2024-07-19 10:04:02,15850.0,2000,Buy,224585868
2024-07-19 10:04:02,15850.0,1000,Buy,224585865
2024-07-19 10:04:02,15850.0,4200,Buy,224585898
2024-07-19 10:04:02,15850.0,500,Buy,224585897
2024-07-19 10:04:02,15850.0,100,Buy,224585896
2024-07-19 10:04:02,15850.0,1000,Buy,224585895
2024-07-19 10:04:02,15850.0,100,Buy,224585894
2024-07-19 10:04:02,15850.0,100,Buy,224585893
2024-07-19 10:04:02,15850.0,2000,Buy,224585892
2024-07-19 10:04:02,15850.0,2000,Buy,224585891
2024-07-19 10:04:02,15850.0,200,Buy,224585890
2024-07-19 10:04:02,15850.0,1000,Buy,224585884
2024-07-19 10:04:02,15850.0,1000,Buy,224585883
2024-07-19 10:04:02,15850.0,100,Buy,224585882
2024-07-19 10:04:02,15850.0,5000,Buy,224585881
2024-07-19 10:04:02,15850.0,100,Buy,224585880
