time,price,volume,match_type,id
2024-08-27 09:14:40,15650.0,64600,ATO/ATC,234885431
2024-08-27 09:14:58,15700.0,800,Buy,234885803
2024-08-27 09:14:58,15700.0,100,Buy,234885801
2024-08-27 09:14:58,15700.0,100,Buy,234885802
2024-08-27 09:15:03,15700.0,300,Buy,234885845
2024-08-27 09:15:04,15650.0,1000,Sell,234885860
2024-08-27 09:15:04,15650.0,4000,Sell,234885859
2024-08-27 09:15:13,15650.0,200,Sell,234885977
2024-08-27 09:15:13,15650.0,300,Sell,234885978
2024-08-27 09:15:13,15600.0,100,Sell,234885979
2024-08-27 09:15:14,15600.0,100,Sell,234885981
2024-08-27 09:15:14,15600.0,500,Sell,234885982
2024-08-27 09:15:14,15600.0,100,Sell,234885983
2024-08-27 09:15:14,15600.0,300,Sell,234885984
2024-08-27 09:15:14,15600.0,5000,Sell,234885999
2024-08-27 09:15:42,15650.0,100,Buy,234886515
2024-08-27 09:15:42,15650.0,400,Buy,234886516
2024-08-27 09:15:49,15600.0,500,Sell,234886629
2024-08-27 09:15:53,15650.0,200,Buy,234886685
2024-08-27 09:15:55,15650.0,1600,Buy,234886728
2024-08-27 09:15:55,15650.0,400,Buy,234886727
2024-08-27 09:15:57,15650.0,100,Buy,234886757
2024-08-27 09:15:57,15650.0,500,Buy,234886765
2024-08-27 09:16:02,15650.0,200,Buy,234886827
2024-08-27 09:16:03,15650.0,500,Buy,234886847
2024-08-27 09:16:20,15650.0,3000,Buy,234887119
2024-08-27 09:16:21,15650.0,300,Buy,234887146
2024-08-27 09:16:21,15650.0,500,Buy,234887141
2024-08-27 09:16:21,15600.0,200,Sell,234887140
2024-08-27 09:16:21,15600.0,100,Sell,234887137
2024-08-27 09:16:21,15600.0,200,Sell,234887136
2024-08-27 09:16:21,15600.0,1500,Sell,234887135
2024-08-27 09:16:21,15600.0,100,Sell,234887134
2024-08-27 09:16:21,15600.0,1000,Sell,234887133
2024-08-27 09:16:21,15600.0,200,Sell,234887132
2024-08-27 09:16:21,15600.0,1000,Sell,234887139
2024-08-27 09:16:21,15600.0,500,Sell,234887130
2024-08-27 09:16:21,15600.0,5000,Sell,234887131
2024-08-27 09:16:21,15600.0,4400,Sell,234887121
2024-08-27 09:16:21,15600.0,200,Sell,234887122
2024-08-27 09:16:21,15600.0,500,Sell,234887123
2024-08-27 09:16:21,15600.0,100,Sell,234887124
2024-08-27 09:16:21,15600.0,500,Sell,234887138
2024-08-27 09:16:21,15600.0,100,Sell,234887125
2024-08-27 09:16:21,15600.0,200,Sell,234887128
2024-08-27 09:16:21,15600.0,3700,Sell,234887129
2024-08-27 09:16:21,15600.0,300,Sell,234887126
2024-08-27 09:16:21,15600.0,200,Sell,234887127
2024-08-27 09:16:22,15600.0,100,Sell,234887186
2024-08-27 09:16:24,15650.0,500,Buy,234887249
2024-08-27 09:16:28,15650.0,200,Buy,234887325
2024-08-27 09:16:31,15650.0,2600,Buy,234887405
2024-08-27 09:16:31,15650.0,1000,Buy,234887407
2024-08-27 09:16:31,15650.0,2500,Buy,234887408
2024-08-27 09:16:31,15650.0,2000,Sell,234887415
2024-08-27 09:16:31,15650.0,200,Buy,234887406
2024-08-27 09:16:44,15650.0,400,Sell,234887701
2024-08-27 09:16:49,15700.0,2100,Buy,234887814
2024-08-27 09:16:52,15650.0,700,Sell,234887865
2024-08-27 09:16:52,15650.0,1300,Sell,234887864
2024-08-27 09:17:03,15650.0,1300,Sell,234888063
2024-08-27 09:17:10,15650.0,2000,Sell,234888248
2024-08-27 09:17:10,15650.0,1000,Sell,234888247
2024-08-27 09:17:34,15650.0,3000,Sell,234888703
2024-08-27 09:17:34,15650.0,20000,Sell,234888702
2024-08-27 09:17:34,15650.0,500,Sell,234888701
2024-08-27 09:17:34,15650.0,2000,Sell,234888700
2024-08-27 09:17:34,15650.0,100,Sell,234888698
2024-08-27 09:17:34,15650.0,200,Sell,234888697
2024-08-27 09:17:34,15650.0,100,Sell,234888699
2024-08-27 09:17:34,15650.0,100,Sell,234888695
2024-08-27 09:17:34,15650.0,300,Sell,234888694
2024-08-27 09:17:34,15650.0,2000,Sell,234888693
2024-08-27 09:17:34,15650.0,100,Sell,234888692
2024-08-27 09:17:34,15650.0,3000,Sell,234888691
2024-08-27 09:17:34,15650.0,500,Sell,234888696
2024-08-27 09:17:34,15650.0,4400,Sell,234888690
2024-08-27 09:17:39,15650.0,1000,Buy,234888845
2024-08-27 09:17:41,15650.0,1000,Buy,234888877
2024-08-27 09:17:42,15650.0,10000,Buy,234888902
2024-08-27 09:17:51,15650.0,100,Buy,234889098
2024-08-27 09:17:54,15650.0,100,Buy,234889155
2024-08-27 09:18:03,15650.0,100,Buy,234889381
2024-08-27 09:18:12,15650.0,200,Buy,234889589
2024-08-27 09:18:14,15650.0,100,Buy,234889635
2024-08-27 09:18:18,15650.0,1000,Buy,234889717
2024-08-27 09:18:20,15600.0,100,Sell,234889782
2024-08-27 09:18:20,15600.0,100,Sell,234889783
2024-08-27 09:18:20,15600.0,100,Sell,234889784
2024-08-27 09:18:20,15600.0,500,Sell,234889785
2024-08-27 09:18:20,15600.0,100,Sell,234889786
2024-08-27 09:18:20,15600.0,100,Sell,234889787
2024-08-27 09:18:20,15600.0,100,Sell,234889789
2024-08-27 09:18:20,15600.0,900,Sell,234889781
2024-08-27 09:18:20,15600.0,1000,Sell,234889788
2024-08-27 09:18:30,15650.0,1000,Buy,234889968
2024-08-27 09:18:31,15650.0,100,Buy,234889981
2024-08-27 09:18:43,15650.0,1000,Buy,234890276
2024-08-27 09:18:47,15650.0,100,Buy,234890347
2024-08-27 09:19:00,15650.0,1000,Buy,234890602
2024-08-27 09:19:10,15650.0,1000,Buy,234890777
2024-08-27 09:19:15,15650.0,100,Buy,234890873
2024-08-27 09:19:18,15650.0,200,Buy,234890983
2024-08-27 09:19:31,15650.0,500,Buy,234891356
2024-08-27 09:19:31,15650.0,1000,Buy,234891346
2024-08-27 09:20:00,15650.0,3000,Buy,234891992
2024-08-27 09:20:03,15650.0,200,Buy,234892071
2024-08-27 09:20:05,15650.0,3000,Buy,234892102
2024-08-27 09:20:08,15650.0,100,Buy,234892138
2024-08-27 09:20:08,15650.0,2000,Buy,234892153
2024-08-27 09:20:09,15650.0,100,Buy,234892165
2024-08-27 09:20:10,15650.0,400,Buy,234892188
2024-08-27 09:20:11,15650.0,100,Buy,234892206
2024-08-27 09:20:13,15650.0,100,Buy,234892274
2024-08-27 09:20:13,15650.0,10000,Buy,234892273
2024-08-27 09:20:13,15650.0,6000,Buy,234892272
2024-08-27 09:20:13,15650.0,3000,Buy,234892271
2024-08-27 09:20:13,15650.0,1000,Buy,234892270
2024-08-27 09:20:13,15650.0,400,Buy,234892275
2024-08-27 09:20:13,15650.0,2000,Buy,234892268
2024-08-27 09:20:13,15650.0,100,Buy,234892269
2024-08-27 09:20:13,15650.0,2000,Buy,234892266
2024-08-27 09:20:13,15650.0,4000,Buy,234892265
2024-08-27 09:20:13,15650.0,6200,Buy,234892264
2024-08-27 09:20:13,15650.0,7000,Buy,234892263
2024-08-27 09:20:13,15650.0,300,Buy,234892262
2024-08-27 09:20:13,15650.0,6000,Buy,234892261
2024-08-27 09:20:13,15650.0,1000,Buy,234892260
2024-08-27 09:20:13,15650.0,25200,Buy,234892259
2024-08-27 09:20:13,15650.0,1000,Buy,234892267
2024-08-27 09:20:14,15700.0,400,Buy,234892310
2024-08-27 09:20:27,15700.0,200,Buy,234892617
2024-08-27 09:20:29,15650.0,100,Sell,234892633
2024-08-27 09:20:47,15650.0,700,Sell,234892963
2024-08-27 09:21:02,15650.0,200,Sell,234893323
2024-08-27 09:21:55,15650.0,100,Sell,234894655
2024-08-27 09:21:55,15700.0,1000,Buy,234894689
2024-08-27 09:22:01,15700.0,200,Buy,234894835
2024-08-27 09:22:01,15700.0,100,Buy,234894836
2024-08-27 09:22:01,15700.0,600,Buy,234894837
2024-08-27 09:22:01,15700.0,200,Buy,234894838
2024-08-27 09:22:01,15700.0,100,Buy,234894839
2024-08-27 09:22:04,15700.0,100,Buy,234894913
2024-08-27 09:22:04,15700.0,900,Buy,234894911
2024-08-27 09:22:04,15700.0,1000,Buy,234894912
2024-08-27 09:22:19,15700.0,500,Buy,234895244
2024-08-27 09:22:23,15650.0,100,Sell,234895371
2024-08-27 09:22:27,15700.0,300,Buy,234895455
2024-08-27 09:22:35,15700.0,2000,Buy,234895728
2024-08-27 09:22:59,15700.0,200,Buy,234896166
2024-08-27 09:23:06,15700.0,2000,Buy,234896341
2024-08-27 09:23:08,15700.0,1800,Buy,234896427
2024-08-27 09:23:10,15700.0,600,Buy,234896493
2024-08-27 09:23:15,15700.0,27100,Buy,234896634
2024-08-27 09:23:17,15700.0,2000,Buy,234896695
2024-08-27 09:23:19,15700.0,200,Buy,234896712
2024-08-27 09:23:22,15700.0,1000,Buy,234896820
2024-08-27 09:23:22,15700.0,1500,Buy,234896826
2024-08-27 09:23:22,15700.0,200,Buy,234896824
2024-08-27 09:23:22,15700.0,900,Buy,234896823
2024-08-27 09:23:22,15700.0,3000,Buy,234896821
2024-08-27 09:23:22,15700.0,5000,Buy,234896819
2024-08-27 09:23:22,15700.0,500,Buy,234896825
2024-08-27 09:23:22,15700.0,24800,Buy,234896817
2024-08-27 09:23:22,15700.0,1000,Buy,234896812
2024-08-27 09:23:22,15700.0,29700,Buy,234896811
2024-08-27 09:23:22,15700.0,200,Buy,234896813
2024-08-27 09:23:22,15700.0,1500,Buy,234896818
2024-08-27 09:23:22,15700.0,200,Buy,234896815
2024-08-27 09:23:22,15700.0,400,Buy,234896814
2024-08-27 09:23:22,15700.0,1000,Buy,234896816
2024-08-27 09:23:23,15700.0,200,Sell,234896845
2024-08-27 09:24:07,15700.0,200,Sell,234897931
2024-08-27 09:24:38,15700.0,400,Sell,234898590
2024-08-27 09:24:40,15750.0,600,Buy,234898657
2024-08-27 09:24:40,15750.0,100,Buy,234898658
2024-08-27 09:24:40,15750.0,300,Buy,234898659
2024-08-27 09:24:41,15750.0,1700,Buy,234898680
2024-08-27 09:24:41,15750.0,500,Buy,234898681
2024-08-27 09:24:41,15750.0,100,Buy,234898682
2024-08-27 09:25:06,15750.0,400,Buy,234899282
2024-08-27 09:25:06,15750.0,1000,Buy,234899283
2024-08-27 09:25:06,15750.0,200,Buy,234899284
2024-08-27 09:25:06,15750.0,5000,Buy,234899285
2024-08-27 09:25:06,15750.0,1400,Buy,234899286
2024-08-27 09:25:07,15750.0,100,Buy,234899309
2024-08-27 09:25:09,15750.0,500,Buy,234899347
2024-08-27 09:25:11,15750.0,3000,Buy,234899370
2024-08-27 09:25:16,15750.0,700,Buy,234899477
2024-08-27 09:26:07,15750.0,100,Buy,234900534
2024-08-27 09:26:07,15750.0,2300,Buy,234900530
2024-08-27 09:26:07,15750.0,1000,Buy,234900529
2024-08-27 09:26:07,15750.0,300,Buy,234900524
2024-08-27 09:26:07,15750.0,200,Buy,234900527
2024-08-27 09:26:07,15750.0,200,Buy,234900526
2024-08-27 09:26:07,15750.0,1000,Buy,234900528
2024-08-27 09:26:09,15750.0,100,Buy,234900574
2024-08-27 09:26:27,15750.0,2000,Buy,234901088
2024-08-27 09:26:27,15750.0,600,Buy,234901082
2024-08-27 09:26:28,15750.0,100,Buy,234901107
2024-08-27 09:26:42,15750.0,4000,Buy,234901364
2024-08-27 09:26:43,15750.0,500,Buy,234901394
2024-08-27 09:26:46,15750.0,100,Buy,234901478
2024-08-27 09:26:59,15700.0,3000,Sell,234901785
2024-08-27 09:26:59,15700.0,500,Sell,234901791
2024-08-27 09:27:00,15750.0,25000,Buy,234901794
2024-08-27 09:27:03,15700.0,300,Sell,234901841
2024-08-27 09:27:07,15750.0,5000,Buy,234901915
2024-08-27 09:27:07,15750.0,65200,Buy,234901914
2024-08-27 09:27:07,15750.0,7500,Buy,234901924
2024-08-27 09:27:07,15750.0,500,Buy,234901923
2024-08-27 09:27:07,15750.0,300,Buy,234901922
2024-08-27 09:27:07,15750.0,300,Buy,234901921
2024-08-27 09:27:07,15750.0,1000,Buy,234901916
2024-08-27 09:27:07,15750.0,100,Buy,234901919
2024-08-27 09:27:07,15750.0,200,Buy,234901918
2024-08-27 09:27:07,15750.0,200,Buy,234901917
2024-08-27 09:27:07,15750.0,800,Buy,234901920
2024-08-27 09:27:12,15750.0,1100,Buy,234902009
2024-08-27 09:27:12,15750.0,2400,Buy,234902010
2024-08-27 09:27:12,15700.0,200,Sell,234902033
2024-08-27 09:27:14,15750.0,200,Buy,234902090
2024-08-27 09:27:14,15750.0,200,Buy,234902088
2024-08-27 09:27:14,15750.0,1000,Buy,234902087
2024-08-27 09:27:14,15750.0,1000,Buy,234902089
2024-08-27 09:27:14,15750.0,300,Buy,234902085
2024-08-27 09:27:14,15750.0,15300,Buy,234902084
2024-08-27 09:27:14,15750.0,500,Buy,234902086
2024-08-27 09:27:14,15750.0,500,Buy,234902083
2024-08-27 09:27:14,15750.0,27000,Buy,234902082
2024-08-27 09:27:15,15750.0,4000,Sell,234902115
2024-08-27 09:27:15,15750.0,100,Sell,234902116
2024-08-27 09:27:19,15750.0,100,Sell,234902240
2024-08-27 09:27:22,15750.0,18600,Buy,234902300
2024-08-27 09:27:22,15750.0,300,Buy,234902301
2024-08-27 09:27:22,15750.0,1400,Buy,234902299
2024-08-27 09:27:25,15750.0,1000,Sell,234902381
2024-08-27 09:27:33,15750.0,400,Sell,234902529
2024-08-27 09:27:38,15750.0,600,Buy,234902660
2024-08-27 09:27:38,15750.0,17400,Buy,234902661
2024-08-27 09:27:38,15750.0,1100,Buy,234902674
2024-08-27 09:27:42,15750.0,100,Sell,234902723
2024-08-27 09:27:44,15750.0,100,Sell,234902866
2024-08-27 09:27:44,15750.0,16000,Sell,234902867
2024-08-27 09:27:48,15750.0,900,Buy,234902952
2024-08-27 09:27:48,15700.0,3000,Sell,234902956
2024-08-27 09:27:54,15750.0,400,Buy,234903123
2024-08-27 09:27:59,15750.0,3000,Buy,234903329
2024-08-27 09:28:07,15700.0,400,Sell,234903486
2024-08-27 09:28:29,15700.0,600,Sell,234904030
2024-08-27 09:28:32,15700.0,1800,Sell,234904097
2024-08-27 09:28:34,15750.0,900,Buy,234904149
2024-08-27 09:29:03,15750.0,1500,Buy,234905350
2024-08-27 09:29:10,15750.0,8700,Buy,234905532
2024-08-27 09:29:17,15750.0,200,Buy,234905829
2024-08-27 09:29:20,15750.0,1000,Buy,234905894
2024-08-27 09:29:34,15750.0,200,Buy,234906361
2024-08-27 09:29:48,15750.0,1000,Buy,234906773
2024-08-27 09:30:00,15750.0,500,Buy,234907214
2024-08-27 09:30:09,15700.0,25000,Sell,234907486
2024-08-27 09:30:09,15700.0,100,Sell,234907485
2024-08-27 09:30:09,15700.0,100,Sell,234907484
2024-08-27 09:30:09,15700.0,1000,Sell,234907483
2024-08-27 09:30:09,15700.0,5000,Sell,234907482
2024-08-27 09:30:09,15700.0,100,Sell,234907481
2024-08-27 09:30:09,15700.0,200,Sell,234907480
2024-08-27 09:30:09,15700.0,18500,Sell,234907479
2024-08-27 09:30:19,15700.0,500,Sell,234907878
2024-08-27 09:30:19,15700.0,20000,Sell,234907880
2024-08-27 09:30:19,15700.0,400,Sell,234907881
2024-08-27 09:30:19,15700.0,3000,Sell,234907882
2024-08-27 09:30:19,15700.0,100,Sell,234907883
2024-08-27 09:30:19,15700.0,10000,Sell,234907884
2024-08-27 09:30:19,15700.0,300,Sell,234907885
2024-08-27 09:30:19,15700.0,100,Sell,234907886
2024-08-27 09:30:19,15700.0,1100,Sell,234907887
2024-08-27 09:30:19,15700.0,100,Sell,234907896
2024-08-27 09:30:19,15700.0,400,Sell,234907890
2024-08-27 09:30:19,15700.0,500,Sell,234907891
2024-08-27 09:30:19,15700.0,2000,Sell,234907892
2024-08-27 09:30:19,15700.0,200,Sell,234907893
2024-08-27 09:30:19,15700.0,1000,Sell,234907894
2024-08-27 09:30:19,15700.0,2000,Sell,234907895
2024-08-27 09:30:19,15700.0,3000,Sell,234907877
2024-08-27 09:30:19,15700.0,1500,Sell,234907897
2024-08-27 09:30:19,15700.0,300,Sell,234907898
2024-08-27 09:30:19,15700.0,100,Sell,234907899
2024-08-27 09:30:19,15700.0,2100,Sell,234907888
2024-08-27 09:30:19,15700.0,1100,Sell,234907876
2024-08-27 09:30:19,15700.0,500,Sell,234907879
2024-08-27 09:30:19,15700.0,10000,Sell,234907874
2024-08-27 09:30:19,15700.0,600,Sell,234907875
2024-08-27 09:30:19,15700.0,25000,Sell,234907853
2024-08-27 09:30:19,15700.0,1000,Sell,234907854
2024-08-27 09:30:19,15700.0,3400,Sell,234907855
2024-08-27 09:30:19,15700.0,2000,Sell,234907856
2024-08-27 09:30:19,15700.0,400,Sell,234907857
2024-08-27 09:30:19,15700.0,300,Sell,234907859
2024-08-27 09:30:19,15700.0,100,Sell,234907860
2024-08-27 09:30:19,15700.0,200,Sell,234907861
2024-08-27 09:30:19,15700.0,300,Sell,234907862
2024-08-27 09:30:19,15700.0,100,Sell,234907858
2024-08-27 09:30:19,15700.0,5000,Sell,234907864
2024-08-27 09:30:19,15700.0,100,Sell,234907863
2024-08-27 09:30:19,15700.0,200,Sell,234907872
2024-08-27 09:30:19,15700.0,2000,Sell,234907871
2024-08-27 09:30:19,15700.0,100,Sell,234907870
2024-08-27 09:30:19,15700.0,1000,Sell,234907869
2024-08-27 09:30:19,15700.0,100,Sell,234907873
2024-08-27 09:30:19,15700.0,3000,Sell,234907867
2024-08-27 09:30:19,15700.0,600,Sell,234907866
2024-08-27 09:30:19,15700.0,200,Sell,234907865
2024-08-27 09:30:19,15700.0,5000,Sell,234907868
2024-08-27 09:30:34,15650.0,3000,Sell,234908493
2024-08-27 09:30:34,15650.0,300,Sell,234908485
2024-08-27 09:30:34,15650.0,1000,Sell,234908486
2024-08-27 09:30:34,15650.0,2000,Sell,234908487
2024-08-27 09:30:34,15650.0,500,Sell,234908488
2024-08-27 09:30:34,15650.0,500,Sell,234908489
2024-08-27 09:30:34,15650.0,100,Sell,234908490
2024-08-27 09:30:34,15650.0,200,Sell,234908491
2024-08-27 09:30:34,15650.0,500,Sell,234908492
2024-08-27 09:30:34,15650.0,100,Sell,234908494
2024-08-27 09:30:34,15650.0,1100,Sell,234908484
2024-08-27 09:30:34,15650.0,500,Sell,234908496
2024-08-27 09:30:34,15650.0,100,Sell,234908497
2024-08-27 09:30:34,15650.0,100,Sell,234908498
2024-08-27 09:30:34,15650.0,500,Sell,234908499
2024-08-27 09:30:34,15650.0,500,Sell,234908500
2024-08-27 09:30:34,15650.0,1000,Sell,234908501
2024-08-27 09:30:34,15650.0,1000,Sell,234908502
2024-08-27 09:30:34,15650.0,100,Sell,234908503
2024-08-27 09:30:34,15650.0,100,Sell,234908504
2024-08-27 09:30:34,15650.0,2000,Sell,234908495
2024-08-27 09:30:34,15650.0,100,Sell,234908483
2024-08-27 09:30:34,15650.0,100,Sell,234908469
2024-08-27 09:30:34,15650.0,1000,Sell,234908478
2024-08-27 09:30:34,15650.0,300,Sell,234908458
2024-08-27 09:30:34,15650.0,100,Sell,234908459
2024-08-27 09:30:34,15650.0,400,Sell,234908460
2024-08-27 09:30:34,15650.0,1000,Sell,234908461
2024-08-27 09:30:34,15650.0,100,Sell,234908462
2024-08-27 09:30:34,15650.0,700,Sell,234908463
2024-08-27 09:30:34,15650.0,1100,Sell,234908464
2024-08-27 09:30:34,15650.0,5000,Sell,234908465
2024-08-27 09:30:34,15650.0,100,Sell,234908466
2024-08-27 09:30:34,15650.0,1000,Sell,234908467
2024-08-27 09:30:34,15650.0,5000,Sell,234908479
2024-08-27 09:30:34,15650.0,23500,Sell,234908457
2024-08-27 09:30:34,15650.0,100,Sell,234908477
2024-08-27 09:30:34,15650.0,100,Sell,234908476
2024-08-27 09:30:34,15650.0,2000,Sell,234908475
2024-08-27 09:30:34,15650.0,1000,Sell,234908474
2024-08-27 09:30:34,15650.0,2000,Sell,234908468
2024-08-27 09:30:34,15650.0,1000,Sell,234908472
2024-08-27 09:30:34,15650.0,5000,Sell,234908470
2024-08-27 09:30:34,15650.0,10000,Sell,234908473
2024-08-27 09:30:34,15650.0,300,Sell,234908471
2024-08-27 09:30:36,15700.0,500,Buy,234908580
2024-08-27 09:30:36,15700.0,3000,Buy,234908581
2024-08-27 09:30:36,15700.0,1500,Buy,234908582
2024-08-27 09:30:38,15650.0,3100,Sell,234908600
2024-08-27 09:30:44,15700.0,500,Buy,234908905
2024-08-27 09:30:49,15650.0,200,Sell,234909096
2024-08-27 09:30:57,15700.0,5000,Buy,234909388
2024-08-27 09:30:58,15650.0,1000,Sell,234909397
2024-08-27 09:31:12,15650.0,1400,Sell,234909863
2024-08-27 09:31:17,15650.0,100,Sell,234910001
2024-08-27 09:31:24,15650.0,3500,Sell,234910204
2024-08-27 09:31:24,15650.0,500,Sell,234910205
2024-08-27 09:31:24,15650.0,3500,Sell,234910202
2024-08-27 09:31:24,15650.0,100,Sell,234910203
2024-08-27 09:31:30,15650.0,200,Buy,234910467
2024-08-27 09:31:34,15650.0,200,Buy,234910591
2024-08-27 09:31:34,15650.0,200,Buy,234910592
2024-08-27 09:31:40,15650.0,1000,Buy,234910897
2024-08-27 09:31:41,15650.0,400,Buy,234910914
2024-08-27 09:31:44,15650.0,200,Buy,234910977
2024-08-27 09:31:55,15600.0,600,Sell,234911330
2024-08-27 09:31:55,15600.0,300,Sell,234911329
2024-08-27 09:31:55,15600.0,100,Sell,234911328
2024-08-27 09:31:55,15600.0,500,Sell,234911327
2024-08-27 09:31:55,15600.0,100,Sell,234911326
2024-08-27 09:31:55,15600.0,1500,Sell,234911325
2024-08-27 09:31:55,15600.0,500,Sell,234911324
2024-08-27 09:31:55,15600.0,500,Sell,234911322
2024-08-27 09:31:55,15600.0,300,Sell,234911323
2024-08-27 09:31:55,15600.0,200,Sell,234911318
2024-08-27 09:31:55,15600.0,100,Sell,234911321
2024-08-27 09:31:55,15600.0,100,Sell,234911320
2024-08-27 09:31:55,15600.0,200,Sell,234911319
2024-08-27 09:31:56,15650.0,200,Buy,234911360
2024-08-27 09:31:56,15650.0,200,Buy,234911361
2024-08-27 09:31:56,15650.0,600,Buy,234911362
2024-08-27 09:32:00,15650.0,200,Buy,234911508
2024-08-27 09:32:01,15650.0,200,Buy,234911516
2024-08-27 09:32:03,15600.0,1800,Sell,234911588
2024-08-27 09:32:12,15600.0,7600,Sell,234911971
2024-08-27 09:32:12,15600.0,2400,Sell,234911972
2024-08-27 09:32:36,15650.0,3000,Buy,234912534
2024-08-27 09:32:36,15650.0,1000,Buy,234912533
2024-08-27 09:32:36,15650.0,300,Buy,234912532
2024-08-27 09:32:36,15650.0,2000,Buy,234912531
2024-08-27 09:32:36,15650.0,4200,Buy,234912529
2024-08-27 09:32:36,15650.0,1500,Buy,234912528
2024-08-27 09:32:36,15650.0,3000,Buy,234912526
2024-08-27 09:32:36,15650.0,3000,Buy,234912530
2024-08-27 09:32:36,15650.0,1000,Buy,234912527
2024-08-27 09:32:37,15650.0,1000,Sell,234912588
2024-08-27 09:32:40,15600.0,300,Sell,234912714
2024-08-27 09:32:45,15700.0,1500,Buy,234912814
2024-08-27 09:33:13,15650.0,1000,Sell,234913640
2024-08-27 09:33:17,15650.0,200,Sell,234913738
2024-08-27 09:33:24,15650.0,300,Sell,234913872
2024-08-27 09:33:27,15650.0,300,Sell,234913948
2024-08-27 09:33:27,15650.0,900,Sell,234913953
2024-08-27 09:33:28,15650.0,2000,Sell,234913967
2024-08-27 09:33:32,15700.0,200,Buy,234914137
2024-08-27 09:33:38,15650.0,300,Sell,234914244
2024-08-27 09:33:38,15650.0,4700,Sell,234914245
2024-08-27 09:33:44,15650.0,300,Sell,234914434
2024-08-27 09:33:44,15650.0,200,Sell,234914435
2024-08-27 09:33:45,15650.0,1800,Sell,234914492
2024-08-27 09:33:50,15650.0,400,Sell,234914671
2024-08-27 09:33:51,15650.0,200,Sell,234914672
2024-08-27 09:33:56,15650.0,1000,Sell,234914845
2024-08-27 09:34:08,15650.0,100,Sell,234915251
2024-08-27 09:34:12,15650.0,5000,Sell,234915408
2024-08-27 09:34:21,15650.0,7000,Sell,234915640
2024-08-27 09:34:21,15650.0,100,Sell,234915641
2024-08-27 09:34:22,15650.0,600,Sell,234915663
2024-08-27 09:34:22,15650.0,14000,Sell,234915662
2024-08-27 09:34:22,15650.0,4400,Sell,234915660
2024-08-27 09:34:22,15650.0,5000,Sell,234915661
2024-08-27 09:34:23,15650.0,2000,Sell,234915669
2024-08-27 09:34:25,15650.0,500,Sell,234915735
2024-08-27 09:34:44,15650.0,5000,Sell,234916313
2024-08-27 09:34:54,15650.0,100,Sell,234916519
2024-08-27 09:34:55,15650.0,100,Sell,234916613
2024-08-27 09:34:55,15650.0,100,Sell,234916612
2024-08-27 09:34:55,15650.0,7900,Sell,234916607
2024-08-27 09:34:55,15650.0,3700,Sell,234916611
2024-08-27 09:34:55,15650.0,200,Sell,234916587
2024-08-27 09:35:10,15650.0,100,Buy,234917192
2024-08-27 09:35:34,15650.0,1000,Buy,234917787
2024-08-27 09:35:41,15600.0,300,Sell,234917988
2024-08-27 09:35:41,15600.0,200,Sell,234917989
2024-08-27 09:35:41,15600.0,1500,Sell,234917990
2024-08-27 09:35:54,15600.0,5000,Sell,234918330
2024-08-27 09:36:28,15600.0,500,Sell,234919295
2024-08-27 09:36:32,15600.0,100,Sell,234919407
2024-08-27 09:36:36,15650.0,5000,Buy,234919519
2024-08-27 09:36:41,15600.0,1000,Sell,234919599
2024-08-27 09:36:46,15650.0,2000,Buy,234919739
2024-08-27 09:36:50,15650.0,100,Buy,234919829
2024-08-27 09:36:53,15650.0,100,Buy,234919900
2024-08-27 09:36:59,15650.0,100,Buy,234920100
2024-08-27 09:37:04,15650.0,300,Buy,234920238
2024-08-27 09:37:08,15600.0,1000,Sell,234920346
2024-08-27 09:37:15,15650.0,100,Buy,234920578
2024-08-27 09:37:15,15600.0,900,Sell,234920579
2024-08-27 09:37:15,15600.0,100,Sell,234920580
2024-08-27 09:37:48,15600.0,100,Sell,234921615
2024-08-27 09:37:55,15600.0,200,Sell,234921918
2024-08-27 09:37:55,15600.0,100,Sell,234921919
2024-08-27 09:37:55,15600.0,200,Sell,234921920
2024-08-27 09:38:19,15600.0,800,Sell,234922813
2024-08-27 09:38:29,15600.0,500,Sell,234923043
2024-08-27 09:38:29,15600.0,100,Sell,234923044
2024-08-27 09:38:29,15600.0,1400,Sell,234923045
2024-08-27 09:38:29,15600.0,500,Sell,234923046
2024-08-27 09:38:50,15600.0,400,Sell,234923652
2024-08-27 09:39:03,15600.0,200,Sell,234923980
2024-08-27 09:39:07,15600.0,1500,Sell,234924131
2024-08-27 09:39:13,15600.0,200,Sell,234924310
2024-08-27 09:39:13,15600.0,1000,Sell,234924309
2024-08-27 09:39:14,15600.0,1700,Sell,234924326
2024-08-27 09:39:19,15600.0,100,Sell,234924501
2024-08-27 09:39:25,15600.0,1000,Sell,234924675
2024-08-27 09:39:32,15600.0,100,Sell,234924832
2024-08-27 09:39:34,15600.0,200,Sell,234924859
2024-08-27 09:39:36,15600.0,500,Sell,234924911
2024-08-27 09:40:00,15600.0,1000,Sell,234925577
2024-08-27 09:40:33,15650.0,2000,Buy,234926493
2024-08-27 09:40:42,15650.0,100,Buy,234926725
2024-08-27 09:40:51,15650.0,5200,Buy,234926925
2024-08-27 09:40:51,15650.0,1300,Buy,234926926
2024-08-27 09:40:51,15650.0,200,Buy,234926927
2024-08-27 09:40:51,15650.0,1000,Buy,234926928
2024-08-27 09:40:51,15650.0,300,Buy,234926929
2024-08-27 09:40:58,15650.0,500,Buy,234927130
2024-08-27 09:41:03,15650.0,200,Buy,234927303
2024-08-27 09:41:04,15650.0,1500,Buy,234927320
2024-08-27 09:41:05,15650.0,300,Buy,234927337
2024-08-27 09:41:05,15650.0,1000,Buy,234927343
2024-08-27 09:41:05,15650.0,1000,Buy,234927342
2024-08-27 09:41:05,15650.0,2600,Buy,234927341
2024-08-27 09:41:05,15650.0,13600,Buy,234927336
2024-08-27 09:41:05,15650.0,1000,Buy,234927339
2024-08-27 09:41:05,15650.0,1200,Buy,234927338
2024-08-27 09:41:05,15650.0,300,Buy,234927340
2024-08-27 09:41:06,15650.0,800,Buy,234927362
2024-08-27 09:41:06,15650.0,1700,Buy,234927363
2024-08-27 09:41:07,15650.0,1000,Buy,234927407
2024-08-27 09:41:09,15650.0,100,Buy,234927473
2024-08-27 09:41:13,15650.0,3600,Buy,234927545
2024-08-27 09:41:13,15650.0,1400,Buy,234927546
2024-08-27 09:41:15,15650.0,200,Buy,234927591
2024-08-27 09:41:16,15650.0,400,Buy,234927619
2024-08-27 09:41:17,15650.0,2900,Buy,234927634
2024-08-27 09:41:28,15650.0,10000,Buy,234927905
2024-08-27 09:41:31,15650.0,500,Buy,234928024
2024-08-27 09:41:34,15650.0,10000,Buy,234928106
2024-08-27 09:41:35,15650.0,1100,Buy,234928133
2024-08-27 09:41:35,15650.0,200,Buy,234928147
2024-08-27 09:41:37,15650.0,600,Buy,234928207
2024-08-27 09:41:37,15650.0,3300,Buy,234928206
2024-08-27 09:41:42,15650.0,400,Buy,234928369
2024-08-27 09:41:42,15650.0,100,Buy,234928370
2024-08-27 09:41:47,15650.0,100,Buy,234928650
2024-08-27 09:41:49,15650.0,100,Buy,234928676
2024-08-27 09:41:54,15650.0,100,Buy,234928771
2024-08-27 09:41:54,15650.0,300,Buy,234928772
2024-08-27 09:41:54,15650.0,100,Buy,234928773
2024-08-27 09:41:54,15650.0,100,Buy,234928774
2024-08-27 09:41:57,15650.0,500,Buy,234928918
2024-08-27 09:42:00,15650.0,200,Buy,234929172
2024-08-27 09:42:00,15650.0,100,Buy,234929171
2024-08-27 09:42:00,15650.0,1000,Buy,234929170
2024-08-27 09:42:00,15650.0,100,Buy,234929169
2024-08-27 09:42:00,15650.0,2000,Buy,234929167
2024-08-27 09:42:00,15650.0,1100,Buy,234929166
2024-08-27 09:42:00,15650.0,500,Buy,234929168
2024-08-27 09:42:15,15650.0,100,Sell,234929789
2024-08-27 09:42:29,15650.0,100,Sell,234930154
2024-08-27 09:42:59,15650.0,200,Sell,234931338
2024-08-27 09:43:14,15650.0,500,Sell,234932012
2024-08-27 09:43:14,15650.0,2300,Sell,234932014
2024-08-27 09:43:14,15650.0,1000,Sell,234932013
2024-08-27 09:43:14,15650.0,600,Sell,234932011
2024-08-27 09:43:14,15650.0,500,Sell,234932006
2024-08-27 09:43:14,15650.0,3500,Sell,234932009
2024-08-27 09:43:14,15650.0,500,Sell,234932008
2024-08-27 09:43:14,15650.0,1000,Sell,234932007
2024-08-27 09:43:14,15650.0,1600,Sell,234932005
2024-08-27 09:43:14,15650.0,1000,Sell,234932010
2024-08-27 09:43:19,15650.0,100,Sell,234932130
2024-08-27 09:43:27,15650.0,200,Sell,234932306
2024-08-27 09:43:33,15650.0,100,Sell,234932486
2024-08-27 09:43:42,15700.0,2000,Buy,234932743
2024-08-27 09:43:43,15650.0,2500,Sell,234932789
2024-08-27 09:44:04,15650.0,1000,Sell,234933331
2024-08-27 09:44:07,15650.0,2000,Sell,234933390
2024-08-27 09:44:20,15700.0,4000,Buy,234933711
2024-08-27 09:44:27,15650.0,100,Sell,234933901
2024-08-27 09:45:00,15650.0,500,Sell,234934593
2024-08-27 09:45:02,15650.0,500,Sell,234934652
2024-08-27 09:45:29,15700.0,100,Buy,234935366
2024-08-27 09:45:35,15650.0,1000,Sell,234935564
2024-08-27 09:45:35,15650.0,1000,Sell,234935563
2024-08-27 09:45:35,15650.0,100,Sell,234935562
2024-08-27 09:45:35,15650.0,300,Sell,234935561
2024-08-27 09:45:35,15650.0,5000,Sell,234935558
2024-08-27 09:45:35,15650.0,500,Sell,234935559
2024-08-27 09:45:35,15650.0,300,Sell,234935557
2024-08-27 09:45:35,15650.0,100,Sell,234935556
2024-08-27 09:45:35,15650.0,700,Sell,234935555
2024-08-27 09:45:35,15650.0,1000,Sell,234935560
2024-08-27 09:45:37,15700.0,100,Buy,234935597
2024-08-27 09:45:44,15700.0,300,Buy,234935804
2024-08-27 09:45:58,15650.0,400,Sell,234936140
2024-08-27 09:45:58,15650.0,1000,Sell,234936141
2024-08-27 09:45:58,15650.0,500,Sell,234936142
2024-08-27 09:45:58,15650.0,100,Sell,234936143
2024-08-27 09:45:58,15650.0,400,Sell,234936146
2024-08-27 09:45:58,15650.0,1000,Sell,234936145
2024-08-27 09:45:58,15600.0,1300,Sell,234936154
2024-08-27 09:45:58,15650.0,1100,Sell,234936131
2024-08-27 09:45:58,15650.0,400,Sell,234936144
2024-08-27 09:45:58,15650.0,4000,Sell,234936130
2024-08-27 09:45:58,15650.0,1000,Sell,234936119
2024-08-27 09:45:58,15650.0,8800,Sell,234936128
2024-08-27 09:45:58,15650.0,500,Sell,234936127
2024-08-27 09:45:58,15650.0,100,Sell,234936126
2024-08-27 09:45:58,15650.0,1000,Sell,234936125
2024-08-27 09:45:58,15650.0,400,Sell,234936124
2024-08-27 09:45:58,15650.0,300,Sell,234936123
2024-08-27 09:45:58,15650.0,500,Sell,234936122
2024-08-27 09:45:58,15650.0,1000,Sell,234936121
2024-08-27 09:45:58,15650.0,5600,Sell,234936120
2024-08-27 09:45:58,15650.0,200,Sell,234936129
2024-08-27 09:46:01,15650.0,5000,Buy,234936212
2024-08-27 09:46:02,15650.0,500,Buy,234936240
2024-08-27 09:46:06,15650.0,1000,Buy,234936331
2024-08-27 09:46:15,15650.0,5000,Buy,234936469
2024-08-27 09:46:27,15600.0,2000,Sell,234936710
2024-08-27 09:46:27,15650.0,1000,Buy,234936714
2024-08-27 09:46:48,15650.0,5000,Buy,234937244
2024-08-27 09:47:03,15650.0,5000,Buy,234937563
2024-08-27 09:47:13,15600.0,100,Sell,234937746
2024-08-27 09:47:45,15650.0,200,Buy,234938385
2024-08-27 09:47:54,15650.0,14900,Buy,234938583
2024-08-27 09:47:54,15650.0,200,Buy,234938584
2024-08-27 09:48:05,15650.0,200,Buy,234938845
2024-08-27 09:48:10,15600.0,100,Sell,234938967
2024-08-27 09:48:10,15600.0,100,Sell,234938966
2024-08-27 09:48:10,15600.0,1800,Sell,234938965
2024-08-27 09:48:11,15650.0,100,Buy,234939001
2024-08-27 09:48:26,15650.0,100,Buy,234939367
2024-08-27 09:48:29,15650.0,100,Buy,234939418
2024-08-27 09:48:47,15650.0,100,Buy,234939779
2024-08-27 09:48:47,15650.0,100,Buy,234939780
2024-08-27 09:48:52,15600.0,400,Sell,234939913
2024-08-27 09:48:52,15600.0,500,Sell,234939912
2024-08-27 09:48:52,15600.0,500,Sell,234939911
2024-08-27 09:48:52,15600.0,100,Sell,234939910
2024-08-27 09:48:52,15600.0,400,Sell,234939909
2024-08-27 09:48:52,15600.0,200,Sell,234939908
2024-08-27 09:48:52,15600.0,1000,Sell,234939907
2024-08-27 09:48:52,15600.0,200,Sell,234939904
2024-08-27 09:48:52,15600.0,5000,Sell,234939905
2024-08-27 09:48:52,15600.0,100,Sell,234939914
2024-08-27 09:48:52,15600.0,500,Sell,234939903
2024-08-27 09:48:52,15600.0,1200,Sell,234939902
2024-08-27 09:48:52,15600.0,200,Sell,234939901
2024-08-27 09:48:52,15600.0,500,Sell,234939900
2024-08-27 09:48:52,15600.0,300,Sell,234939906
2024-08-27 09:48:52,15600.0,200,Sell,234939915
2024-08-27 09:48:52,15600.0,3000,Sell,234939931
2024-08-27 09:48:52,15600.0,1000,Sell,234939917
2024-08-27 09:48:52,15600.0,5900,Sell,234939899
2024-08-27 09:48:52,15600.0,11200,Sell,234939933
2024-08-27 09:48:52,15600.0,200,Sell,234939930
2024-08-27 09:48:52,15600.0,5000,Sell,234939929
2024-08-27 09:48:52,15600.0,200,Sell,234939928
2024-08-27 09:48:52,15600.0,200,Sell,234939927
2024-08-27 09:48:52,15600.0,1000,Sell,234939926
2024-08-27 09:48:52,15600.0,200,Sell,234939925
2024-08-27 09:48:52,15600.0,100,Sell,234939924
2024-08-27 09:48:52,15600.0,100,Sell,234939923
2024-08-27 09:48:52,15600.0,100,Sell,234939922
2024-08-27 09:48:52,15600.0,100,Sell,234939921
2024-08-27 09:48:52,15600.0,200,Sell,234939920
2024-08-27 09:48:52,15600.0,500,Sell,234939919
2024-08-27 09:48:52,15600.0,800,Sell,234939918
2024-08-27 09:48:52,15600.0,1000,Sell,234939916
2024-08-27 09:48:52,15600.0,1200,Sell,234939897
2024-08-27 09:48:52,15600.0,5000,Sell,234939898
2024-08-27 09:48:52,15600.0,1900,Sell,234939859
2024-08-27 09:48:52,15600.0,200,Sell,234939876
2024-08-27 09:48:52,15600.0,100,Sell,234939872
2024-08-27 09:48:52,15600.0,1000,Sell,234939871
2024-08-27 09:48:52,15600.0,5700,Sell,234939870
2024-08-27 09:48:52,15600.0,5000,Sell,234939869
2024-08-27 09:48:52,15600.0,8000,Sell,234939868
2024-08-27 09:48:52,15600.0,500,Sell,234939867
2024-08-27 09:48:52,15600.0,100,Sell,234939866
2024-08-27 09:48:52,15600.0,500,Sell,234939865
2024-08-27 09:48:52,15600.0,200,Sell,234939864
2024-08-27 09:48:52,15600.0,1000,Sell,234939863
2024-08-27 09:48:52,15600.0,1000,Sell,234939862
2024-08-27 09:48:52,15600.0,2000,Sell,234939861
2024-08-27 09:48:52,15600.0,100,Sell,234939860
2024-08-27 09:48:52,15600.0,200,Sell,234939896
2024-08-27 09:48:52,15600.0,1300,Sell,234939877
2024-08-27 09:48:52,15600.0,100,Sell,234939878
2024-08-27 09:48:52,15600.0,200,Sell,234939875
2024-08-27 09:48:52,15600.0,200,Sell,234939880
2024-08-27 09:48:52,15600.0,4700,Sell,234939895
2024-08-27 09:48:52,15600.0,100,Sell,234939894
2024-08-27 09:48:52,15600.0,100,Sell,234939893
2024-08-27 09:48:52,15600.0,1000,Sell,234939892
2024-08-27 09:48:52,15600.0,1000,Sell,234939891
2024-08-27 09:48:52,15600.0,5000,Sell,234939879
2024-08-27 09:48:52,15600.0,300,Sell,234939889
2024-08-27 09:48:52,15600.0,100,Sell,234939888
2024-08-27 09:48:52,15600.0,500,Sell,234939890
2024-08-27 09:48:52,15600.0,100,Sell,234939886
2024-08-27 09:48:52,15600.0,600,Sell,234939885
2024-08-27 09:48:52,15600.0,200,Sell,234939884
2024-08-27 09:48:52,15600.0,500,Sell,234939883
2024-08-27 09:48:52,15600.0,800,Sell,234939882
2024-08-27 09:48:52,15600.0,2000,Sell,234939881
2024-08-27 09:48:52,15600.0,5400,Sell,234939887
2024-08-27 09:48:54,15650.0,5000,Buy,234939973
2024-08-27 09:49:01,15650.0,100,Buy,234940082
2024-08-27 09:49:08,15600.0,10000,Sell,234940250
2024-08-27 09:49:59,15600.0,100,Sell,234941128
2024-08-27 09:49:59,15600.0,100,Sell,234941130
2024-08-27 09:49:59,15600.0,200,Sell,234941129
2024-08-27 09:49:59,15600.0,300,Sell,234941127
2024-08-27 09:49:59,15600.0,200,Sell,234941131
2024-08-27 09:49:59,15600.0,500,Sell,234941125
2024-08-27 09:49:59,15600.0,400,Sell,234941124
2024-08-27 09:49:59,15600.0,100,Sell,234941123
2024-08-27 09:49:59,15600.0,3000,Sell,234941122
2024-08-27 09:49:59,15600.0,100,Sell,234941126
2024-08-27 09:50:08,15650.0,4000,Buy,234941327
2024-08-27 09:50:08,15650.0,1000,Buy,234941328
2024-08-27 09:50:18,15600.0,2000,Sell,234941520
2024-08-27 09:50:23,15650.0,700,Buy,234941581
2024-08-27 09:51:14,15600.0,100,Sell,234942657
2024-08-27 09:52:00,15600.0,200,Sell,234943547
2024-08-27 09:52:00,15600.0,2500,Sell,234943546
2024-08-27 09:52:00,15600.0,100,Sell,234943545
2024-08-27 09:52:00,15600.0,100,Sell,234943542
2024-08-27 09:52:00,15600.0,300,Sell,234943543
2024-08-27 09:52:00,15600.0,6700,Sell,234943541
2024-08-27 09:52:00,15600.0,100,Sell,234943544
2024-08-27 09:52:03,15650.0,9000,Buy,234943592
2024-08-27 09:52:09,15600.0,300,Sell,234943685
2024-08-27 09:52:10,15600.0,1000,Sell,234943712
2024-08-27 09:52:10,15600.0,300,Sell,234943713
2024-08-27 09:52:10,15600.0,900,Sell,234943711
2024-08-27 09:52:10,15600.0,400,Sell,234943714
2024-08-27 09:52:10,15600.0,100,Sell,234943709
2024-08-27 09:52:10,15600.0,100,Sell,234943708
2024-08-27 09:52:10,15600.0,400,Sell,234943706
2024-08-27 09:52:10,15600.0,200,Sell,234943710
2024-08-27 09:52:19,15600.0,100,Sell,234943890
2024-08-27 09:52:47,15600.0,1000,Sell,234944428
2024-08-27 09:52:47,15600.0,1000,Sell,234944429
2024-08-27 09:52:47,15600.0,1000,Sell,234944430
2024-08-27 09:52:47,15600.0,7200,Sell,234944431
2024-08-27 09:52:47,15600.0,100,Sell,234944432
2024-08-27 09:52:47,15600.0,5000,Sell,234944433
2024-08-27 09:52:47,15600.0,1000,Sell,234944434
2024-08-27 09:52:47,15600.0,200,Sell,234944435
2024-08-27 09:52:47,15600.0,100,Sell,234944436
2024-08-27 09:52:47,15600.0,3000,Sell,234944437
2024-08-27 09:52:47,15600.0,600,Sell,234944440
2024-08-27 09:52:47,15600.0,1200,Sell,234944439
2024-08-27 09:52:47,15600.0,1000,Sell,234944441
2024-08-27 09:52:47,15600.0,1000,Sell,234944442
2024-08-27 09:52:47,15600.0,100,Sell,234944443
2024-08-27 09:52:47,15600.0,500,Sell,234944444
2024-08-27 09:52:47,15600.0,500,Sell,234944445
2024-08-27 09:52:47,15600.0,100,Sell,234944446
2024-08-27 09:52:47,15600.0,300,Sell,234944447
2024-08-27 09:52:47,15600.0,500,Sell,234944448
2024-08-27 09:52:47,15600.0,1000,Sell,234944427
2024-08-27 09:52:47,15600.0,500,Sell,234944438
2024-08-27 09:52:47,15600.0,100,Sell,234944426
2024-08-27 09:52:47,15600.0,200,Sell,234944397
2024-08-27 09:52:47,15600.0,100,Sell,234944424
2024-08-27 09:52:47,15600.0,200,Sell,234944386
2024-08-27 09:52:47,15600.0,1000,Sell,234944387
2024-08-27 09:52:47,15600.0,27000,Sell,234944388
2024-08-27 09:52:47,15600.0,1000,Sell,234944389
2024-08-27 09:52:47,15600.0,100,Sell,234944390
2024-08-27 09:52:47,15600.0,1000,Sell,234944391
2024-08-27 09:52:47,15600.0,500,Sell,234944425
2024-08-27 09:52:47,15600.0,100,Sell,234944393
2024-08-27 09:52:47,15600.0,1000,Sell,234944394
2024-08-27 09:52:47,15600.0,300,Sell,234944395
2024-08-27 09:52:47,15600.0,100,Sell,234944396
2024-08-27 09:52:47,15600.0,300,Sell,234944392
2024-08-27 09:52:47,15600.0,100,Sell,234944398
2024-08-27 09:52:47,15600.0,500,Sell,234944399
2024-08-27 09:52:47,15600.0,100,Sell,234944400
2024-08-27 09:52:47,15600.0,700,Sell,234944401
2024-08-27 09:52:47,15600.0,500,Sell,234944402
2024-08-27 09:52:47,15600.0,1500,Sell,234944419
2024-08-27 09:52:47,15600.0,200,Sell,234944420
2024-08-27 09:52:47,15600.0,100,Sell,234944421
2024-08-27 09:52:47,15600.0,100,Sell,234944422
2024-08-27 09:52:47,15600.0,100,Sell,234944423
2024-08-27 09:52:47,15600.0,2500,Sell,234944385
2024-08-27 09:52:48,15600.0,2000,Sell,234944464
2024-08-27 09:52:48,15600.0,400,Sell,234944465
2024-08-27 09:52:48,15600.0,100,Sell,234944466
2024-08-27 09:52:48,15600.0,500,Sell,234944467
2024-08-27 09:52:48,15600.0,33300,Sell,234944472
2024-08-27 09:52:48,15600.0,200,Sell,234944469
2024-08-27 09:52:48,15600.0,7000,Sell,234944470
2024-08-27 09:52:48,15600.0,3000,Sell,234944471
2024-08-27 09:52:48,15600.0,1000,Sell,234944468
2024-08-27 09:52:48,15600.0,100,Sell,234944462
2024-08-27 09:52:48,15600.0,200,Sell,234944463
2024-08-27 09:52:48,15600.0,200,Sell,234944460
2024-08-27 09:52:48,15600.0,1000,Sell,234944459
2024-08-27 09:52:48,15600.0,500,Sell,234944458
2024-08-27 09:52:48,15600.0,200,Sell,234944457
2024-08-27 09:52:48,15600.0,500,Sell,234944456
2024-08-27 09:52:48,15600.0,100,Sell,234944455
2024-08-27 09:52:48,15600.0,2000,Sell,234944454
2024-08-27 09:52:48,15600.0,6400,Sell,234944453
2024-08-27 09:52:48,15600.0,500,Sell,234944452
2024-08-27 09:52:48,15600.0,1000,Sell,234944451
2024-08-27 09:52:48,15600.0,5000,Sell,234944461
2024-08-27 09:52:57,15600.0,200,Sell,234944656
2024-08-27 09:53:05,15600.0,4000,Sell,234944885
2024-08-27 09:53:09,15600.0,5000,Sell,234945004
2024-08-27 09:53:18,15600.0,500,Sell,234945209
2024-08-27 09:53:27,15600.0,500,Sell,234945366
2024-08-27 09:53:28,15600.0,100,Sell,234945394
2024-08-27 09:53:28,15600.0,100,Sell,234945399
2024-08-27 09:53:28,15600.0,1000,Sell,234945404
2024-08-27 09:53:28,15600.0,100,Sell,234945393
2024-08-27 09:53:28,15600.0,100,Sell,234945400
2024-08-27 09:53:28,15600.0,1000,Sell,234945401
2024-08-27 09:53:28,15600.0,500,Sell,234945402
2024-08-27 09:53:28,15600.0,1500,Sell,234945403
2024-08-27 09:53:28,15600.0,100,Sell,234945405
2024-08-27 09:53:28,15600.0,200,Sell,234945413
2024-08-27 09:53:28,15600.0,8000,Sell,234945407
2024-08-27 09:53:28,15600.0,100,Sell,234945408
2024-08-27 09:53:28,15600.0,3000,Sell,234945409
2024-08-27 09:53:28,15600.0,10000,Sell,234945410
2024-08-27 09:53:28,15600.0,300,Sell,234945411
2024-08-27 09:53:28,15600.0,500,Sell,234945412
2024-08-27 09:53:28,15600.0,200,Sell,234945414
2024-08-27 09:53:28,15600.0,1000,Sell,234945415
2024-08-27 09:53:28,15600.0,100,Sell,234945406
2024-08-27 09:53:28,15600.0,300,Sell,234945392
2024-08-27 09:53:28,15600.0,30000,Sell,234945387
2024-08-27 09:53:28,15600.0,1000,Sell,234945390
2024-08-27 09:53:28,15600.0,3700,Sell,234945372
2024-08-27 09:53:28,15600.0,100,Sell,234945373
2024-08-27 09:53:28,15600.0,100,Sell,234945374
2024-08-27 09:53:28,15600.0,1000,Sell,234945375
2024-08-27 09:53:28,15600.0,500,Sell,234945376
2024-08-27 09:53:28,15600.0,100,Sell,234945377
2024-08-27 09:53:28,15600.0,500,Sell,234945378
2024-08-27 09:53:28,15600.0,100,Sell,234945379
2024-08-27 09:53:28,15600.0,6500,Sell,234945371
2024-08-27 09:53:28,15600.0,500,Sell,234945381
2024-08-27 09:53:28,15600.0,100,Sell,234945380
2024-08-27 09:53:28,15600.0,10000,Sell,234945389
2024-08-27 09:53:28,15600.0,100,Sell,234945388
2024-08-27 09:53:28,15600.0,200,Sell,234945386
2024-08-27 09:53:28,15600.0,100,Sell,234945391
2024-08-27 09:53:28,15600.0,900,Sell,234945384
2024-08-27 09:53:28,15600.0,5000,Sell,234945383
2024-08-27 09:53:28,15600.0,100,Sell,234945385
2024-08-27 09:53:28,15600.0,2500,Sell,234945382
2024-08-27 09:53:31,15600.0,500,Buy,234945466
2024-08-27 09:53:36,15550.0,2100,Sell,234945546
2024-08-27 09:53:36,15550.0,100,Sell,234945545
2024-08-27 09:53:36,15550.0,2800,Sell,234945544
2024-08-27 09:53:36,15550.0,200,Sell,234945536
2024-08-27 09:53:36,15550.0,100,Sell,234945535
2024-08-27 09:53:36,15600.0,300,Buy,234945538
2024-08-27 09:53:37,15600.0,5000,Buy,234945553
2024-08-27 09:53:46,15600.0,200,Buy,234945745
2024-08-27 09:53:54,15600.0,200,Buy,234945882
2024-08-27 09:53:55,15600.0,5000,Buy,234945891
2024-08-27 09:54:03,15550.0,600,Sell,234946098
2024-08-27 09:54:21,15600.0,1000,Buy,234946441
2024-08-27 09:54:35,15600.0,5000,Buy,234946647
2024-08-27 09:54:41,15550.0,1700,Sell,234946769
2024-08-27 09:54:41,15550.0,2300,Sell,234946767
2024-08-27 09:54:41,15550.0,1000,Sell,234946768
2024-08-27 09:54:55,15550.0,1700,Sell,234947019
2024-08-27 09:54:55,15550.0,8300,Sell,234947018
2024-08-27 09:55:14,15550.0,3300,Sell,234947347
2024-08-27 09:55:14,15550.0,1000,Sell,234947348
2024-08-27 09:55:14,15550.0,700,Sell,234947349
2024-08-27 09:55:31,15550.0,1400,Sell,234947691
2024-08-27 09:55:32,15550.0,600,Sell,234947715
2024-08-27 09:55:34,15550.0,1000,Sell,234947723
2024-08-27 09:55:58,15550.0,1000,Sell,234948237
2024-08-27 09:56:09,15550.0,300,Sell,234948402
2024-08-27 09:56:09,15550.0,200,Sell,234948403
2024-08-27 09:56:13,15550.0,100,Sell,234948551
2024-08-27 09:56:13,15550.0,500,Sell,234948550
2024-08-27 09:56:13,15550.0,300,Sell,234948549
2024-08-27 09:56:13,15550.0,5000,Sell,234948548
2024-08-27 09:56:13,15550.0,5000,Sell,234948547
2024-08-27 09:56:13,15550.0,100,Sell,234948543
2024-08-27 09:56:13,15550.0,500,Sell,234948545
2024-08-27 09:56:13,15550.0,100,Sell,234948544
2024-08-27 09:56:13,15550.0,100,Sell,234948552
2024-08-27 09:56:13,15550.0,500,Sell,234948542
2024-08-27 09:56:13,15550.0,200,Sell,234948541
2024-08-27 09:56:13,15550.0,1000,Sell,234948546
2024-08-27 09:56:13,15550.0,100,Sell,234948553
2024-08-27 09:56:13,15550.0,10400,Sell,234948558
2024-08-27 09:56:13,15550.0,200,Sell,234948555
2024-08-27 09:56:13,15550.0,2000,Sell,234948556
2024-08-27 09:56:13,15550.0,500,Sell,234948557
2024-08-27 09:56:13,15550.0,200,Sell,234948559
2024-08-27 09:56:13,15550.0,900,Sell,234948560
2024-08-27 09:56:13,15550.0,300,Sell,234948561
2024-08-27 09:56:13,15550.0,500,Sell,234948562
2024-08-27 09:56:13,15550.0,200,Sell,234948563
2024-08-27 09:56:13,15550.0,500,Sell,234948564
2024-08-27 09:56:13,15550.0,300,Sell,234948565
2024-08-27 09:56:13,15550.0,21000,Sell,234948566
2024-08-27 09:56:13,15550.0,1000,Sell,234948584
2024-08-27 09:56:13,15550.0,100,Sell,234948554
2024-08-27 09:56:13,15550.0,100,Sell,234948539
2024-08-27 09:56:13,15550.0,300,Sell,234948540
2024-08-27 09:56:13,15550.0,100,Sell,234948537
2024-08-27 09:56:13,15550.0,100,Sell,234948509
2024-08-27 09:56:13,15550.0,3000,Sell,234948510
2024-08-27 09:56:13,15550.0,2700,Sell,234948511
2024-08-27 09:56:13,15550.0,100,Sell,234948512
2024-08-27 09:56:13,15550.0,100,Sell,234948513
2024-08-27 09:56:13,15550.0,200,Sell,234948514
2024-08-27 09:56:13,15550.0,200,Sell,234948515
2024-08-27 09:56:13,15550.0,400,Sell,234948516
2024-08-27 09:56:13,15550.0,5000,Sell,234948517
2024-08-27 09:56:13,15550.0,1500,Sell,234948519
2024-08-27 09:56:13,15550.0,1000,Sell,234948520
2024-08-27 09:56:13,15550.0,200,Sell,234948521
2024-08-27 09:56:13,15550.0,500,Sell,234948522
2024-08-27 09:56:13,15550.0,100,Sell,234948518
2024-08-27 09:56:13,15550.0,3000,Sell,234948524
2024-08-27 09:56:13,15550.0,300,Sell,234948536
2024-08-27 09:56:13,15550.0,100,Sell,234948523
2024-08-27 09:56:13,15550.0,1000,Sell,234948534
2024-08-27 09:56:13,15550.0,1000,Sell,234948533
2024-08-27 09:56:13,15550.0,1000,Sell,234948532
2024-08-27 09:56:13,15550.0,100,Sell,234948531
2024-08-27 09:56:13,15550.0,200,Sell,234948535
2024-08-27 09:56:13,15550.0,100,Sell,234948529
2024-08-27 09:56:13,15550.0,400,Sell,234948530
2024-08-27 09:56:13,15550.0,2000,Sell,234948525
2024-08-27 09:56:13,15550.0,3000,Sell,234948526
2024-08-27 09:56:13,15550.0,200,Sell,234948538
2024-08-27 09:56:13,15550.0,400,Sell,234948528
2024-08-27 09:56:13,15550.0,1000,Sell,234948527
2024-08-27 09:56:32,15600.0,25000,Buy,234948956
2024-08-27 09:56:43,15600.0,100,Buy,234949110
2024-08-27 09:56:45,15600.0,100,Buy,234949130
2024-08-27 09:56:48,15600.0,10000,Buy,234949200
2024-08-27 09:56:58,15600.0,1000,Buy,234949413
2024-08-27 09:57:01,15600.0,1500,Buy,234949451
2024-08-27 09:57:04,15600.0,600,Buy,234949492
2024-08-27 09:57:05,15600.0,300,Buy,234949510
2024-08-27 09:57:06,15600.0,5000,Buy,234949528
2024-08-27 09:57:08,15600.0,100,Buy,234949561
2024-08-27 09:57:09,15600.0,1000,Buy,234949572
2024-08-27 09:57:16,15600.0,500,Buy,234949686
2024-08-27 09:57:27,15550.0,200,Sell,234949949
2024-08-27 09:57:27,15550.0,100,Sell,234949948
2024-08-27 09:57:27,15550.0,5000,Sell,234949947
2024-08-27 09:57:27,15550.0,100,Sell,234949946
2024-08-27 09:57:27,15550.0,100,Sell,234949945
2024-08-27 09:57:27,15550.0,100,Sell,234949944
2024-08-27 09:57:27,15550.0,700,Sell,234949943
2024-08-27 09:57:27,15550.0,100,Sell,234949950
2024-08-27 09:57:27,15550.0,700,Sell,234949971
2024-08-27 09:57:27,15550.0,1000,Sell,234949940
2024-08-27 09:57:27,15550.0,100,Sell,234949939
2024-08-27 09:57:27,15550.0,300,Sell,234949938
2024-08-27 09:57:27,15550.0,30000,Sell,234949937
2024-08-27 09:57:27,15550.0,5000,Sell,234949936
2024-08-27 09:57:27,15550.0,200,Sell,234949935
2024-08-27 09:57:27,15550.0,100,Sell,234949934
2024-08-27 09:57:27,15550.0,1900,Sell,234949941
2024-08-27 09:57:27,15550.0,500,Sell,234949942
2024-08-27 09:57:27,15550.0,1000,Sell,234949951
2024-08-27 09:57:27,15550.0,100,Sell,234949953
2024-08-27 09:57:27,15550.0,1000,Sell,234949970
2024-08-27 09:57:27,15550.0,100,Sell,234949968
2024-08-27 09:57:27,15550.0,15000,Sell,234949967
2024-08-27 09:57:27,15550.0,1000,Sell,234949966
2024-08-27 09:57:27,15550.0,10000,Sell,234949965
2024-08-27 09:57:27,15550.0,1000,Sell,234949964
2024-08-27 09:57:27,15550.0,200,Sell,234949963
2024-08-27 09:57:27,15550.0,200,Sell,234949952
2024-08-27 09:57:27,15550.0,100,Sell,234949962
2024-08-27 09:57:27,15550.0,100,Sell,234949960
2024-08-27 09:57:27,15550.0,100,Sell,234949959
2024-08-27 09:57:27,15550.0,500,Sell,234949958
2024-08-27 09:57:27,15550.0,30000,Sell,234949957
2024-08-27 09:57:27,15550.0,100,Sell,234949956
2024-08-27 09:57:27,15550.0,200,Sell,234949955
2024-08-27 09:57:27,15550.0,100,Sell,234949954
2024-08-27 09:57:27,15550.0,1000,Sell,234949961
2024-08-27 09:57:27,15550.0,1000,Sell,234949933
2024-08-27 09:57:27,15550.0,100,Sell,234949931
2024-08-27 09:57:27,15550.0,200,Sell,234949930
2024-08-27 09:57:27,15550.0,200,Sell,234949908
2024-08-27 09:57:27,15550.0,100,Sell,234949907
2024-08-27 09:57:27,15550.0,400,Sell,234949906
2024-08-27 09:57:27,15550.0,6500,Sell,234949905
2024-08-27 09:57:27,15550.0,700,Sell,234949904
2024-08-27 09:57:27,15550.0,200,Sell,234949903
2024-08-27 09:57:27,15550.0,1500,Sell,234949902
2024-08-27 09:57:27,15550.0,100,Sell,234949909
2024-08-27 09:57:27,15550.0,1000,Sell,234949901
2024-08-27 09:57:27,15550.0,1000,Sell,234949899
2024-08-27 09:57:27,15550.0,100,Sell,234949898
2024-08-27 09:57:27,15550.0,400,Sell,234949897
2024-08-27 09:57:27,15550.0,100,Sell,234949896
2024-08-27 09:57:27,15550.0,200,Sell,234949895
2024-08-27 09:57:27,15550.0,28000,Sell,234949894
2024-08-27 09:57:27,15550.0,700,Sell,234949932
2024-08-27 09:57:27,15550.0,100,Sell,234949900
2024-08-27 09:57:27,15550.0,400,Sell,234949910
2024-08-27 09:57:27,15550.0,500,Sell,234949929
2024-08-27 09:57:27,15550.0,100,Sell,234949912
2024-08-27 09:57:27,15550.0,500,Sell,234949928
2024-08-27 09:57:27,15550.0,200,Sell,234949927
2024-08-27 09:57:27,15550.0,1000,Sell,234949926
2024-08-27 09:57:27,15550.0,5000,Sell,234949925
2024-08-27 09:57:27,15550.0,10000,Sell,234949924
2024-08-27 09:57:27,15550.0,1000,Sell,234949923
2024-08-27 09:57:27,15550.0,300,Sell,234949922
2024-08-27 09:57:27,15550.0,500,Sell,234949921
2024-08-27 09:57:27,15550.0,2000,Sell,234949911
2024-08-27 09:57:27,15550.0,200,Sell,234949919
2024-08-27 09:57:27,15550.0,100,Sell,234949913
2024-08-27 09:57:27,15550.0,5000,Sell,234949914
2024-08-27 09:57:27,15550.0,2000,Sell,234949915
2024-08-27 09:57:27,15550.0,200,Sell,234949920
2024-08-27 09:57:27,15550.0,100,Sell,234949917
2024-08-27 09:57:27,15550.0,100,Sell,234949916
2024-08-27 09:57:27,15550.0,500,Sell,234949918
2024-08-27 09:57:29,15550.0,19700,Buy,234949993
2024-08-27 09:57:39,15550.0,500,Sell,234950184
2024-08-27 09:57:54,15550.0,9800,Sell,234950385
2024-08-27 09:57:54,15550.0,100,Sell,234950386
2024-08-27 09:57:54,15550.0,100,Sell,234950387
2024-08-27 09:58:01,15550.0,500,Sell,234950478
2024-08-27 09:58:04,15550.0,200,Sell,234950530
2024-08-27 09:58:04,15550.0,9000,Sell,234950529
2024-08-27 09:58:04,15550.0,100,Sell,234950528
2024-08-27 09:58:04,15550.0,100,Sell,234950527
2024-08-27 09:58:04,15550.0,500,Sell,234950526
2024-08-27 09:58:04,15550.0,1000,Sell,234950525
2024-08-27 09:58:04,15550.0,500,Sell,234950523
2024-08-27 09:58:04,15550.0,500,Sell,234950522
2024-08-27 09:58:04,15550.0,500,Sell,234950521
2024-08-27 09:58:04,15550.0,5000,Sell,234950520
2024-08-27 09:58:04,15550.0,200,Sell,234950524
2024-08-27 09:58:05,15550.0,100,Buy,234950537
2024-08-27 09:58:05,15550.0,500,Buy,234950544
2024-08-27 09:58:06,15550.0,100,Buy,234950565
2024-08-27 09:58:07,15550.0,200,Buy,234950571
2024-08-27 09:58:13,15550.0,100,Buy,234950673
2024-08-27 09:58:17,15550.0,500,Buy,234950741
2024-08-27 09:58:25,15550.0,100,Buy,234950858
2024-08-27 09:58:29,15550.0,3000,Buy,234950917
2024-08-27 09:58:35,15550.0,900,Buy,234950990
2024-08-27 09:58:36,15550.0,100,Buy,234950999
2024-08-27 09:58:38,15550.0,300,Buy,234951018
2024-08-27 09:58:40,15550.0,100,Buy,234951036
2024-08-27 09:58:51,15550.0,1000,Buy,234951226
2024-08-27 09:58:55,15550.0,100,Buy,234951259
2024-08-27 09:59:02,15500.0,100,Sell,234951343
2024-08-27 09:59:02,15500.0,200,Sell,234951344
2024-08-27 09:59:03,15500.0,100,Sell,234951354
2024-08-27 09:59:16,15500.0,3000,Sell,234951601
2024-08-27 09:59:16,15500.0,8000,Sell,234951603
2024-08-27 09:59:16,15500.0,200,Sell,234951599
2024-08-27 09:59:16,15500.0,6500,Sell,234951598
2024-08-27 09:59:16,15500.0,200,Sell,234951600
2024-08-27 09:59:16,15500.0,1000,Sell,234951602
2024-08-27 09:59:17,15550.0,200,Buy,234951607
2024-08-27 09:59:21,15550.0,100,Buy,234951675
2024-08-27 09:59:23,15500.0,400,Sell,234951693
2024-08-27 09:59:25,15500.0,600,Sell,234951723
2024-08-27 09:59:32,15550.0,100,Buy,234951848
2024-08-27 09:59:32,15550.0,100,Buy,234951849
2024-08-27 09:59:36,15550.0,4000,Buy,234951867
2024-08-27 09:59:39,15500.0,2000,Sell,234951933
2024-08-27 09:59:42,15500.0,500,Sell,234951966
2024-08-27 09:59:42,15500.0,500,Sell,234951967
2024-08-27 09:59:44,15550.0,100,Buy,234951987
2024-08-27 09:59:45,15550.0,100,Buy,234951993
2024-08-27 09:59:47,15550.0,100,Buy,234952027
2024-08-27 09:59:51,15550.0,100,Buy,234952085
2024-08-27 09:59:55,15550.0,200,Buy,234952228
2024-08-27 09:59:58,15550.0,100,Buy,234952308
2024-08-27 10:00:12,15550.0,800,Buy,234952549
2024-08-27 10:00:18,15550.0,100,Buy,234952663
2024-08-27 10:00:25,15550.0,2000,Buy,234952792
2024-08-27 10:00:26,15550.0,300,Buy,234952806
2024-08-27 10:00:28,15550.0,300,Buy,234952877
2024-08-27 10:00:33,15550.0,200,Buy,234952938
2024-08-27 10:00:34,15550.0,200,Buy,234952951
2024-08-27 10:00:38,15550.0,100,Buy,234952977
2024-08-27 10:00:39,15550.0,5000,Buy,234953007
2024-08-27 10:00:44,15550.0,5000,Buy,234953077
2024-08-27 10:00:55,15500.0,1000,Sell,234953250
2024-08-27 10:00:58,15550.0,500,Buy,234953295
2024-08-27 10:01:01,15550.0,200,Buy,234953333
2024-08-27 10:01:02,15550.0,5000,Buy,234953351
2024-08-27 10:01:03,15550.0,400,Buy,234953366
2024-08-27 10:01:09,15550.0,1000,Buy,234953438
2024-08-27 10:01:12,15550.0,100,Buy,234953463
2024-08-27 10:01:17,15550.0,2000,Buy,234953588
2024-08-27 10:01:18,15550.0,400,Buy,234953606
2024-08-27 10:01:19,15500.0,900,Sell,234953617
2024-08-27 10:01:23,15550.0,500,Buy,234953685
2024-08-27 10:01:25,15550.0,100,Buy,234953714
2024-08-27 10:01:25,15550.0,100,Buy,234953717
2024-08-27 10:01:26,15550.0,500,Buy,234953721
2024-08-27 10:01:27,15550.0,2000,Buy,234953729
2024-08-27 10:01:29,15550.0,100,Buy,234953785
2024-08-27 10:01:31,15550.0,300,Buy,234953814
2024-08-27 10:01:33,15550.0,3000,Buy,234953852
2024-08-27 10:01:37,15550.0,10000,Buy,234953939
2024-08-27 10:01:37,15550.0,1000,Buy,234953940
2024-08-27 10:01:38,15550.0,6500,Buy,234953980
2024-08-27 10:01:38,15550.0,100,Buy,234953979
2024-08-27 10:01:39,15550.0,100,Buy,234953987
2024-08-27 10:01:41,15550.0,200,Buy,234953999
2024-08-27 10:01:42,15550.0,1000,Buy,234954015
2024-08-27 10:01:43,15550.0,5000,Buy,234954036
2024-08-27 10:01:43,15550.0,2000,Buy,234954035
2024-08-27 10:01:43,15550.0,2000,Buy,234954047
2024-08-27 10:01:43,15550.0,2500,Buy,234954046
2024-08-27 10:01:43,15550.0,200,Buy,234954045
2024-08-27 10:01:43,15550.0,400,Buy,234954044
2024-08-27 10:01:43,15550.0,2000,Buy,234954043
2024-08-27 10:01:43,15550.0,200,Buy,234954048
2024-08-27 10:01:43,15550.0,100,Buy,234954041
2024-08-27 10:01:43,15550.0,300,Buy,234954040
2024-08-27 10:01:43,15550.0,15000,Buy,234954039
2024-08-27 10:01:43,15550.0,4000,Buy,234954038
2024-08-27 10:01:43,15550.0,2000,Buy,234954042
2024-08-27 10:01:43,15550.0,14000,Buy,234954037
2024-08-27 10:01:56,15550.0,600,Sell,234954218
2024-08-27 10:01:57,15550.0,100,Sell,234954316
2024-08-27 10:02:26,15550.0,100,Sell,234954736
2024-08-27 10:02:35,15550.0,6500,Sell,234954926
2024-08-27 10:02:35,15550.0,300,Sell,234954927
2024-08-27 10:02:35,15550.0,3200,Sell,234954928
2024-08-27 10:02:39,15550.0,100,Sell,234954986
2024-08-27 10:02:41,15550.0,200,Sell,234954994
2024-08-27 10:02:50,15600.0,1000,Buy,234955149
2024-08-27 10:03:51,15600.0,200,Buy,234956042
2024-08-27 10:04:02,15600.0,2200,Buy,234956226
2024-08-27 10:04:19,15600.0,100,Buy,234956550
2024-08-27 10:04:28,15550.0,700,Sell,234956729
2024-08-27 10:04:33,15600.0,200,Buy,234956805
2024-08-27 10:04:41,15600.0,100,Buy,234956892
2024-08-27 10:04:53,15600.0,500,Buy,234957087
2024-08-27 10:05:08,15600.0,100,Buy,234957356
2024-08-27 10:05:28,15600.0,1000,Buy,234957616
2024-08-27 10:05:32,15550.0,10000,Sell,234957706
2024-08-27 10:05:35,15600.0,100,Buy,234957753
2024-08-27 10:05:45,15600.0,1000,Buy,234957911
2024-08-27 10:05:48,15600.0,100,Buy,234957969
2024-08-27 10:05:52,15550.0,300,Sell,234958043
2024-08-27 10:05:56,15600.0,200,Buy,234958173
2024-08-27 10:06:04,15600.0,1000,Buy,234958314
2024-08-27 10:06:09,15600.0,1000,Buy,234958376
2024-08-27 10:06:19,15550.0,300,Sell,234958505
2024-08-27 10:06:33,15600.0,100,Buy,234958817
2024-08-27 10:06:56,15550.0,200,Sell,234959666
2024-08-27 10:07:15,15550.0,200,Sell,234959971
2024-08-27 10:07:22,15600.0,100,Buy,234960084
2024-08-27 10:07:30,15600.0,1300,Buy,234960277
2024-08-27 10:07:40,15600.0,1000,Buy,234960482
2024-08-27 10:07:51,15600.0,5000,Buy,234960714
2024-08-27 10:07:56,15600.0,100,Buy,234960773
2024-08-27 10:07:59,15600.0,500,Buy,234960823
2024-08-27 10:08:05,15600.0,300,Buy,234960987
2024-08-27 10:08:06,15600.0,500,Buy,234961025
2024-08-27 10:08:07,15600.0,3000,Buy,234961055
2024-08-27 10:08:07,15600.0,3200,Buy,234961072
2024-08-27 10:08:35,15550.0,4000,Sell,234961678
2024-08-27 10:08:44,15600.0,4000,Buy,234961829
2024-08-27 10:08:52,15600.0,300,Buy,234962051
2024-08-27 10:08:57,15600.0,500,Buy,234962155
2024-08-27 10:09:07,15600.0,700,Buy,234962300
2024-08-27 10:09:17,15600.0,100,Buy,234962425
2024-08-27 10:09:25,15600.0,500,Buy,234962583
2024-08-27 10:09:26,15600.0,200,Buy,234962601
2024-08-27 10:09:46,15550.0,1000,Sell,234963177
2024-08-27 10:10:02,15550.0,3000,Sell,234963653
2024-08-27 10:10:11,15550.0,500,Sell,234963896
2024-08-27 10:10:41,15550.0,1000,Sell,234964504
2024-08-27 10:10:52,15600.0,200,Buy,234964812
2024-08-27 10:10:52,15550.0,200,Sell,234964813
2024-08-27 10:10:56,15550.0,900,Sell,234964990
2024-08-27 10:11:15,15550.0,10000,Sell,234965499
2024-08-27 10:11:20,15550.0,1000,Sell,234965627
2024-08-27 10:11:20,15550.0,27700,Sell,234965647
2024-08-27 10:11:21,15600.0,2000,Buy,234965656
2024-08-27 10:11:33,15550.0,1000,Sell,234966042
2024-08-27 10:11:41,15600.0,2000,Buy,234966292
2024-08-27 10:11:47,15550.0,400,Sell,234966460
2024-08-27 10:11:52,15550.0,500,Sell,234966758
2024-08-27 10:11:56,15600.0,400,Buy,234966826
2024-08-27 10:11:56,15600.0,200,Buy,234966827
2024-08-27 10:11:56,15600.0,300,Buy,234966828
2024-08-27 10:11:56,15600.0,9100,Buy,234966829
2024-08-27 10:12:03,15550.0,1000,Sell,234967106
2024-08-27 10:12:05,15600.0,900,Buy,234967168
2024-08-27 10:12:05,15600.0,1000,Buy,234967169
2024-08-27 10:12:05,15600.0,2000,Buy,234967170
2024-08-27 10:12:05,15600.0,100,Buy,234967171
2024-08-27 10:12:05,15600.0,400,Buy,234967172
2024-08-27 10:12:05,15600.0,4000,Buy,234967173
2024-08-27 10:12:05,15600.0,200,Buy,234967174
2024-08-27 10:12:05,15600.0,200,Buy,234967175
2024-08-27 10:12:05,15600.0,1200,Buy,234967176
2024-08-27 10:12:14,15550.0,700,Sell,234967370
2024-08-27 10:12:28,15550.0,500,Sell,234967822
2024-08-27 10:12:37,15550.0,500,Sell,234968050
2024-08-27 10:12:41,15550.0,2000,Sell,234968148
2024-08-27 10:12:41,15550.0,1000,Sell,234968154
2024-08-27 10:12:49,15600.0,1800,Buy,234968323
2024-08-27 10:12:49,15600.0,3400,Buy,234968324
2024-08-27 10:12:53,15550.0,1500,Sell,234968384
2024-08-27 10:12:54,15600.0,200,Buy,234968409
2024-08-27 10:13:05,15600.0,2000,Buy,234968826
2024-08-27 10:13:07,15600.0,1000,Buy,234968854
2024-08-27 10:13:11,15600.0,300,Buy,234968971
2024-08-27 10:13:12,15550.0,600,Sell,234968993
2024-08-27 10:13:15,15550.0,15000,Sell,234969067
2024-08-27 10:13:15,15600.0,1500,Buy,234969069
2024-08-27 10:13:20,15600.0,1600,Buy,234969312
2024-08-27 10:13:20,15600.0,3000,Buy,234969311
2024-08-27 10:13:20,15600.0,100,Buy,234969310
2024-08-27 10:13:20,15600.0,100,Buy,234969308
2024-08-27 10:13:20,15600.0,1000,Buy,234969307
2024-08-27 10:13:20,15600.0,6200,Buy,234969306
2024-08-27 10:13:20,15600.0,100,Buy,234969309
2024-08-27 10:13:34,15600.0,2900,Buy,234969795
2024-08-27 10:13:35,15600.0,2000,Buy,234969807
2024-08-27 10:13:43,15600.0,3500,Buy,234970225
2024-08-27 10:13:43,15600.0,6500,Buy,234970226
2024-08-27 10:13:46,15600.0,10000,Buy,234970285
2024-08-27 10:13:54,15550.0,1700,Sell,234970589
2024-08-27 10:13:58,15600.0,3000,Buy,234970676
2024-08-27 10:13:59,15600.0,100,Buy,234970699
2024-08-27 10:13:59,15600.0,2000,Buy,234970698
2024-08-27 10:13:59,15600.0,300,Buy,234970697
2024-08-27 10:13:59,15600.0,500,Buy,234970694
2024-08-27 10:13:59,15600.0,1500,Buy,234970695
2024-08-27 10:13:59,15600.0,500,Buy,234970693
2024-08-27 10:13:59,15600.0,100,Buy,234970696
2024-08-27 10:14:02,15600.0,1300,Buy,234970805
2024-08-27 10:14:02,15600.0,700,Buy,234970806
2024-08-27 10:14:06,15600.0,1000,Buy,234970927
2024-08-27 10:14:10,15600.0,100,Buy,234971047
2024-08-27 10:14:12,15550.0,1000,Sell,234971118
2024-08-27 10:14:14,15600.0,2100,Buy,234971162
2024-08-27 10:14:14,15600.0,1500,Buy,234971161
2024-08-27 10:14:14,15600.0,1100,Buy,234971160
2024-08-27 10:14:17,15600.0,1000,Buy,234971239
2024-08-27 10:14:19,15600.0,300,Buy,234971267
2024-08-27 10:14:19,15600.0,100,Buy,234971268
2024-08-27 10:14:19,15600.0,300,Buy,234971269
2024-08-27 10:14:19,15600.0,300,Buy,234971270
2024-08-27 10:14:19,15600.0,400,Buy,234971313
2024-08-27 10:14:20,15600.0,700,Buy,234971323
2024-08-27 10:14:20,15600.0,1300,Buy,234971324
2024-08-27 10:14:21,15600.0,100,Buy,234971373
2024-08-27 10:14:21,15600.0,1500,Buy,234971372
2024-08-27 10:14:21,15600.0,1000,Buy,234971371
2024-08-27 10:14:21,15600.0,200,Buy,234971370
2024-08-27 10:14:21,15600.0,1700,Buy,234971369
2024-08-27 10:14:21,15600.0,700,Buy,234971368
2024-08-27 10:14:22,15600.0,500,Buy,234971418
2024-08-27 10:14:22,15600.0,4000,Buy,234971417
2024-08-27 10:14:22,15600.0,20000,Buy,234971416
2024-08-27 10:14:22,15600.0,100,Buy,234971415
2024-08-27 10:14:22,15600.0,500,Buy,234971414
2024-08-27 10:14:22,15600.0,200,Buy,234971413
2024-08-27 10:14:22,15600.0,1000,Buy,234971412
2024-08-27 10:14:22,15600.0,200,Buy,234971411
2024-08-27 10:14:22,15600.0,400,Buy,234971401
2024-08-27 10:14:22,15600.0,3200,Buy,234971409
2024-08-27 10:14:22,15600.0,100,Buy,234971408
2024-08-27 10:14:22,15600.0,100,Buy,234971407
2024-08-27 10:14:22,15600.0,500,Buy,234971406
2024-08-27 10:14:22,15600.0,900,Buy,234971405
2024-08-27 10:14:22,15600.0,100,Buy,234971404
2024-08-27 10:14:22,15600.0,200,Buy,234971403
2024-08-27 10:14:22,15600.0,2000,Buy,234971402
2024-08-27 10:14:22,15600.0,1000,Buy,234971410
2024-08-27 10:14:24,15600.0,300,Buy,234971498
2024-08-27 10:14:24,15600.0,300,Buy,234971499
2024-08-27 10:14:25,15600.0,500,Buy,234971526
2024-08-27 10:14:25,15600.0,1000,Buy,234971527
2024-08-27 10:14:29,15600.0,2000,Buy,234971689
2024-08-27 10:14:32,15600.0,300,Buy,234971768
2024-08-27 10:14:33,15600.0,1600,Buy,234971806
2024-08-27 10:14:34,15550.0,4400,Sell,234971811
2024-08-27 10:14:36,15600.0,100,Buy,234971943
2024-08-27 10:14:38,15600.0,500,Buy,234971973
2024-08-27 10:14:39,15600.0,100,Buy,234972075
2024-08-27 10:14:45,15600.0,3600,Buy,234972265
2024-08-27 10:14:45,15600.0,200,Buy,234972266
2024-08-27 10:14:45,15600.0,100,Buy,234972267
2024-08-27 10:14:45,15600.0,300,Buy,234972268
2024-08-27 10:14:45,15600.0,5000,Buy,234972269
2024-08-27 10:14:46,15600.0,2000,Sell,234972281
2024-08-27 10:14:50,15600.0,8100,Sell,234972396
2024-08-27 10:14:55,15600.0,100,Sell,234972555
2024-08-27 10:14:59,15600.0,600,Sell,234972638
2024-08-27 10:15:00,15600.0,9700,Sell,234972654
2024-08-27 10:15:12,15600.0,500,Sell,234972977
2024-08-27 10:15:12,15600.0,1000,Sell,234972976
2024-08-27 10:15:12,15600.0,10000,Sell,234972980
2024-08-27 10:15:12,15600.0,200,Sell,234972975
2024-08-27 10:15:12,15600.0,2000,Sell,234972979
2024-08-27 10:15:12,15600.0,2000,Sell,234972973
2024-08-27 10:15:12,15600.0,9000,Sell,234972974
2024-08-27 10:15:12,15600.0,300,Sell,234972970
2024-08-27 10:15:12,15600.0,4700,Sell,234972978
2024-08-27 10:15:12,15600.0,200,Sell,234972972
2024-08-27 10:15:12,15600.0,5400,Sell,234972971
2024-08-27 10:15:15,15600.0,2200,Buy,234973179
2024-08-27 10:15:21,15600.0,500,Buy,234973446
2024-08-27 10:15:24,15600.0,100,Buy,234973495
2024-08-27 10:15:38,15600.0,1000,Buy,234974198
2024-08-27 10:15:40,15550.0,100,Sell,234974231
2024-08-27 10:15:40,15550.0,900,Sell,234974232
2024-08-27 10:15:46,15600.0,200,Buy,234974567
2024-08-27 10:15:55,15600.0,10000,Buy,234974970
2024-08-27 10:16:20,15600.0,500,Buy,234975799
2024-08-27 10:16:33,15600.0,400,Buy,234976085
2024-08-27 10:16:34,15550.0,1000,Sell,234976098
2024-08-27 10:16:35,15600.0,400,Buy,234976205
2024-08-27 10:16:38,15600.0,1500,Buy,234976273
2024-08-27 10:16:39,15600.0,200,Buy,234976283
2024-08-27 10:16:49,15600.0,100,Buy,234976511
2024-08-27 10:16:50,15550.0,200,Sell,234976534
2024-08-27 10:16:50,15550.0,2600,Sell,234976536
2024-08-27 10:16:50,15550.0,2000,Sell,234976535
2024-08-27 10:16:50,15550.0,100,Sell,234976533
2024-08-27 10:16:50,15550.0,5000,Sell,234976531
2024-08-27 10:16:50,15550.0,1000,Sell,234976532
2024-08-27 10:16:50,15550.0,3100,Sell,234976530
2024-08-27 10:16:56,15600.0,10000,Buy,234976701
2024-08-27 10:16:56,15600.0,5000,Buy,234976713
2024-08-27 10:17:02,15550.0,1000,Sell,234976867
2024-08-27 10:17:28,15600.0,100,Buy,234977703
2024-08-27 10:17:35,15600.0,2000,Buy,234977929
2024-08-27 10:17:50,15600.0,200,Buy,234978414
2024-08-27 10:17:51,15600.0,6000,Buy,234978492
2024-08-27 10:18:06,15600.0,3000,Buy,234979097
2024-08-27 10:18:15,15550.0,2200,Sell,234979332
2024-08-27 10:18:15,15550.0,6400,Sell,234979327
2024-08-27 10:18:15,15550.0,5000,Sell,234979328
2024-08-27 10:18:15,15550.0,100,Sell,234979329
2024-08-27 10:18:15,15550.0,1000,Sell,234979330
2024-08-27 10:18:15,15550.0,300,Sell,234979331
2024-08-27 10:18:19,15600.0,100,Buy,234979550
2024-08-27 10:18:22,15600.0,600,Buy,234979690
2024-08-27 10:18:25,15550.0,900,Sell,234979777
2024-08-27 10:18:28,15550.0,100,Sell,234979865
2024-08-27 10:18:29,15600.0,200,Buy,234979880
2024-08-27 10:18:31,15550.0,200,Sell,234979955
2024-08-27 10:18:31,15600.0,1000,Buy,234979964
2024-08-27 10:18:36,15600.0,700,Buy,234980043
2024-08-27 10:18:48,15600.0,500,Buy,234980397
2024-08-27 10:18:49,15600.0,500,Buy,234980446
2024-08-27 10:19:00,15600.0,1000,Buy,234980678
2024-08-27 10:19:01,15600.0,5000,Buy,234980713
2024-08-27 10:19:06,15600.0,10000,Buy,234980827
2024-08-27 10:19:11,15600.0,700,Buy,234981055
2024-08-27 10:19:25,15600.0,500,Buy,234981434
2024-08-27 10:19:25,15550.0,4700,Sell,234981437
2024-08-27 10:19:31,15600.0,1000,Buy,234981578
2024-08-27 10:19:37,15600.0,100,Buy,234981736
2024-08-27 10:19:38,15600.0,3000,Buy,234981745
2024-08-27 10:19:40,15550.0,800,Sell,234981798
2024-08-27 10:19:40,15550.0,1900,Sell,234981796
2024-08-27 10:19:40,15550.0,100,Sell,234981797
2024-08-27 10:19:52,15600.0,100,Buy,234982206
2024-08-27 10:19:58,15600.0,69000,Buy,234982433
2024-08-27 10:19:59,15600.0,400,Buy,234982468
2024-08-27 10:20:04,15600.0,1000,Buy,234982621
2024-08-27 10:20:05,15600.0,2300,Buy,234982638
2024-08-27 10:20:05,15600.0,100,Buy,234982647
2024-08-27 10:20:06,15600.0,1000,Buy,234982691
2024-08-27 10:20:07,15600.0,7500,Buy,234982782
2024-08-27 10:20:10,15600.0,1000,Buy,234982837
2024-08-27 10:20:11,15600.0,200,Buy,234982854
2024-08-27 10:20:12,15600.0,3000,Buy,234982929
2024-08-27 10:20:19,15600.0,100,Buy,234983133
2024-08-27 10:20:20,15600.0,1000,Buy,234983179
2024-08-27 10:20:20,15600.0,100,Buy,234983181
2024-08-27 10:20:20,15600.0,1000,Buy,234983178
2024-08-27 10:20:20,15600.0,100,Buy,234983180
2024-08-27 10:20:20,15600.0,1000,Buy,234983176
2024-08-27 10:20:20,15600.0,200,Buy,234983174
2024-08-27 10:20:20,15600.0,500,Buy,234983177
2024-08-27 10:20:20,15600.0,400,Buy,234983175
2024-08-27 10:20:20,15600.0,2500,Buy,234983173
2024-08-27 10:20:21,15600.0,3200,Sell,234983214
2024-08-27 10:20:50,15600.0,1000,Sell,234984017
2024-08-27 10:20:50,15600.0,100,Sell,234984018
2024-08-27 10:20:50,15600.0,3000,Sell,234984019
2024-08-27 10:20:50,15600.0,5000,Sell,234984020
2024-08-27 10:20:50,15600.0,100,Sell,234984021
2024-08-27 10:20:50,15600.0,3600,Sell,234984022
2024-08-27 10:20:50,15600.0,100,Sell,234984024
2024-08-27 10:20:50,15600.0,100,Sell,234984025
2024-08-27 10:20:50,15600.0,1000,Sell,234984026
2024-08-27 10:20:50,15600.0,1000,Sell,234984027
2024-08-27 10:20:50,15600.0,5200,Sell,234984032
2024-08-27 10:20:50,15600.0,5000,Sell,234984023
2024-08-27 10:20:57,15600.0,100,Sell,234984176
2024-08-27 10:21:04,15550.0,200,Sell,234984345
2024-08-27 10:21:04,15550.0,100,Sell,234984346
2024-08-27 10:21:04,15600.0,1000,Sell,234984344
2024-08-27 10:21:04,15600.0,100,Sell,234984340
2024-08-27 10:21:04,15600.0,200,Sell,234984343
2024-08-27 10:21:04,15600.0,900,Sell,234984339
2024-08-27 10:21:15,15600.0,100,Sell,234984661
2024-08-27 10:21:15,15600.0,700,Sell,234984662
2024-08-27 10:21:15,15600.0,500,Sell,234984663
2024-08-27 10:21:20,15600.0,1500,Sell,234984760
2024-08-27 10:21:20,15600.0,1000,Sell,234984761
2024-08-27 10:21:20,15600.0,23700,Sell,234984762
2024-08-27 10:21:32,15600.0,500,Sell,234985166
2024-08-27 10:21:32,15600.0,1000,Sell,234985165
2024-08-27 10:21:32,15600.0,500,Sell,234985163
2024-08-27 10:21:32,15600.0,500,Sell,234985164
2024-08-27 10:21:43,15600.0,200,Sell,234985453
2024-08-27 10:21:44,15600.0,8000,Sell,234985501
2024-08-27 10:21:44,15600.0,10000,Sell,234985502
2024-08-27 10:21:44,15600.0,3200,Sell,234985503
2024-08-27 10:21:48,15600.0,1000,Buy,234985581
2024-08-27 10:21:53,15600.0,100,Buy,234985785
2024-08-27 10:21:57,15600.0,2000,Buy,234985892
2024-08-27 10:22:00,15600.0,1000,Buy,234985954
2024-08-27 10:22:06,15600.0,100,Buy,234986115
2024-08-27 10:22:10,15600.0,700,Buy,234986193
2024-08-27 10:22:16,15600.0,200,Buy,234986335
2024-08-27 10:22:16,15600.0,600,Buy,234986352
2024-08-27 10:22:26,15600.0,500,Buy,234986556
2024-08-27 10:22:36,15600.0,100,Buy,234986791
2024-08-27 10:22:38,15600.0,1000,Buy,234986817
2024-08-27 10:22:42,15600.0,1000,Buy,234986906
2024-08-27 10:22:57,15600.0,2300,Buy,234987318
2024-08-27 10:22:57,15600.0,700,Buy,234987317
2024-08-27 10:23:05,15550.0,500,Sell,234987490
2024-08-27 10:23:05,15550.0,100,Sell,234987491
2024-08-27 10:23:05,15550.0,1000,Sell,234987492
2024-08-27 10:23:05,15550.0,1000,Sell,234987493
2024-08-27 10:23:05,15550.0,500,Sell,234987494
2024-08-27 10:23:05,15550.0,7500,Sell,234987495
2024-08-27 10:23:05,15550.0,700,Sell,234987496
2024-08-27 10:23:05,15550.0,900,Sell,234987489
2024-08-27 10:23:06,15600.0,100,Buy,234987502
2024-08-27 10:23:45,15600.0,5000,Buy,234988414
2024-08-27 10:23:46,15600.0,500,Buy,234988471
2024-08-27 10:23:54,15600.0,10000,Buy,234988734
2024-08-27 10:23:54,15600.0,500,Buy,234988735
2024-08-27 10:24:04,15600.0,1600,Buy,234988914
2024-08-27 10:24:04,15600.0,200,Buy,234988915
2024-08-27 10:24:06,15600.0,100,Buy,234988946
2024-08-27 10:24:20,15600.0,1000,Buy,234989260
2024-08-27 10:24:21,15600.0,3000,Buy,234989265
2024-08-27 10:24:35,15550.0,300,Sell,234989556
2024-08-27 10:24:35,15550.0,300,Sell,234989555
2024-08-27 10:24:35,15550.0,300,Sell,234989553
2024-08-27 10:24:35,15550.0,200,Sell,234989554
2024-08-27 10:24:37,15550.0,1000,Sell,234989590
2024-08-27 10:24:37,15550.0,700,Sell,234989595
2024-08-27 10:24:37,15550.0,100,Sell,234989594
2024-08-27 10:24:37,15550.0,3000,Sell,234989593
2024-08-27 10:24:37,15550.0,800,Sell,234989592
2024-08-27 10:24:37,15550.0,500,Sell,234989591
2024-08-27 10:24:37,15550.0,10000,Sell,234989589
2024-08-27 10:24:37,15550.0,1000,Sell,234989584
2024-08-27 10:24:37,15550.0,3000,Sell,234989587
2024-08-27 10:24:37,15550.0,300,Sell,234989581
2024-08-27 10:24:37,15550.0,1000,Sell,234989582
2024-08-27 10:24:37,15550.0,100,Sell,234989583
2024-08-27 10:24:37,15550.0,2000,Sell,234989588
2024-08-27 10:24:37,15550.0,200,Sell,234989585
2024-08-27 10:24:37,15550.0,100,Sell,234989586
2024-08-27 10:24:37,15550.0,200,Sell,234989580
2024-08-27 10:24:39,15600.0,1000,Buy,234989629
2024-08-27 10:24:54,15600.0,400,Buy,234989954
2024-08-27 10:25:06,15600.0,100,Buy,234990166
2024-08-27 10:25:16,15600.0,200,Buy,234990411
2024-08-27 10:25:16,15600.0,800,Buy,234990412
2024-08-27 10:25:29,15600.0,200,Buy,234990698
2024-08-27 10:25:29,15600.0,100,Buy,234990699
2024-08-27 10:25:29,15600.0,200,Buy,234990700
2024-08-27 10:25:43,15550.0,2500,Sell,234990997
2024-08-27 10:25:43,15550.0,500,Sell,234990998
2024-08-27 10:25:43,15550.0,1500,Sell,234990999
2024-08-27 10:25:43,15550.0,500,Sell,234991001
2024-08-27 10:25:43,15550.0,500,Sell,234991002
2024-08-27 10:25:43,15550.0,10000,Sell,234991008
2024-08-27 10:25:43,15550.0,200,Sell,234991005
2024-08-27 10:25:43,15550.0,100,Sell,234991006
2024-08-27 10:25:43,15550.0,500,Sell,234991007
2024-08-27 10:25:43,15550.0,100,Sell,234990996
2024-08-27 10:25:43,15550.0,100,Sell,234991009
2024-08-27 10:25:43,15550.0,3700,Sell,234991010
2024-08-27 10:25:43,15550.0,2000,Sell,234991004
2024-08-27 10:25:43,15550.0,500,Sell,234990995
2024-08-27 10:25:43,15550.0,1000,Sell,234991003
2024-08-27 10:25:43,15550.0,200,Sell,234990993
2024-08-27 10:25:43,15550.0,100,Sell,234990994
2024-08-27 10:25:43,15550.0,300,Sell,234990979
2024-08-27 10:25:43,15550.0,300,Sell,234990980
2024-08-27 10:25:43,15550.0,100,Sell,234990981
2024-08-27 10:25:43,15550.0,100,Sell,234990982
2024-08-27 10:25:43,15550.0,500,Sell,234990983
2024-08-27 10:25:43,15550.0,100,Sell,234990984
2024-08-27 10:25:43,15550.0,1000,Sell,234990985
2024-08-27 10:25:43,15550.0,100,Sell,234991000
2024-08-27 10:25:43,15550.0,1000,Sell,234990987
2024-08-27 10:25:43,15550.0,2000,Sell,234990988
2024-08-27 10:25:43,15550.0,500,Sell,234990989
2024-08-27 10:25:43,15550.0,700,Sell,234990990
2024-08-27 10:25:43,15550.0,100,Sell,234990991
2024-08-27 10:25:43,15550.0,100,Sell,234990986
2024-08-27 10:25:43,15550.0,100,Sell,234990992
2024-08-27 10:25:44,15550.0,8600,Sell,234991041
2024-08-27 10:25:44,15550.0,200,Sell,234991039
2024-08-27 10:25:44,15550.0,100,Sell,234991038
2024-08-27 10:25:44,15550.0,1000,Sell,234991037
2024-08-27 10:25:44,15550.0,200,Sell,234991036
2024-08-27 10:25:44,15550.0,2500,Sell,234991040
2024-08-27 10:25:44,15550.0,100,Sell,234991033
2024-08-27 10:25:44,15550.0,200,Sell,234991034
2024-08-27 10:25:44,15550.0,1500,Sell,234991028
2024-08-27 10:25:44,15550.0,6000,Sell,234991035
2024-08-27 10:25:44,15550.0,300,Sell,234991032
2024-08-27 10:25:44,15550.0,4800,Sell,234991031
2024-08-27 10:25:47,15550.0,1400,Sell,234991109
2024-08-27 10:25:47,15550.0,500,Sell,234991110
2024-08-27 10:25:47,15550.0,200,Sell,234991111
2024-08-27 10:25:47,15550.0,200,Sell,234991112
2024-08-27 10:25:47,15550.0,700,Sell,234991113
2024-08-27 10:25:48,15550.0,100,Sell,234991146
2024-08-27 10:25:48,15550.0,2900,Sell,234991155
2024-08-27 10:25:48,15550.0,300,Sell,234991154
2024-08-27 10:25:48,15550.0,100,Sell,234991153
2024-08-27 10:25:48,15550.0,10000,Sell,234991152
2024-08-27 10:25:48,15550.0,200,Sell,234991151
2024-08-27 10:25:48,15550.0,500,Sell,234991149
2024-08-27 10:25:48,15550.0,500,Sell,234991148
2024-08-27 10:25:48,15550.0,100,Sell,234991147
2024-08-27 10:25:48,15550.0,2000,Sell,234991145
2024-08-27 10:25:48,15550.0,100,Sell,234991143
2024-08-27 10:25:48,15550.0,500,Sell,234991142
2024-08-27 10:25:48,15550.0,200,Sell,234991141
2024-08-27 10:25:48,15550.0,100,Sell,234991140
2024-08-27 10:25:48,15550.0,1000,Sell,234991139
2024-08-27 10:25:48,15550.0,800,Sell,234991138
2024-08-27 10:25:48,15550.0,2000,Sell,234991137
2024-08-27 10:25:48,15550.0,1000,Sell,234991136
2024-08-27 10:25:48,15550.0,1000,Sell,234991135
2024-08-27 10:25:48,15550.0,300,Sell,234991134
2024-08-27 10:25:48,15550.0,300,Sell,234991144
2024-08-27 10:25:54,15550.0,4000,Sell,234991277
2024-08-27 10:25:54,15550.0,1100,Sell,234991275
2024-08-27 10:25:55,15550.0,2000,Sell,234991288
2024-08-27 10:25:55,15550.0,800,Sell,234991289
2024-08-27 10:25:55,15550.0,500,Sell,234991290
2024-08-27 10:25:55,15550.0,200,Sell,234991291
2024-08-27 10:26:00,15550.0,200,Sell,234991365
2024-08-27 10:26:04,15550.0,4000,Sell,234991492
2024-08-27 10:26:04,15550.0,100,Sell,234991491
2024-08-27 10:26:04,15550.0,1000,Sell,234991490
2024-08-27 10:26:04,15550.0,100,Sell,234991489
2024-08-27 10:26:04,15550.0,100,Sell,234991488
2024-08-27 10:26:04,15550.0,2600,Sell,234991481
2024-08-27 10:26:04,15550.0,200,Sell,234991486
2024-08-27 10:26:04,15550.0,200,Sell,234991485
2024-08-27 10:26:04,15550.0,500,Sell,234991484
2024-08-27 10:26:04,15550.0,1000,Sell,234991483
2024-08-27 10:26:04,15550.0,100,Sell,234991482
2024-08-27 10:26:04,15550.0,100,Sell,234991487
2024-08-27 10:26:15,15600.0,300,Buy,234991673
2024-08-27 10:26:16,15600.0,100,Buy,234991700
2024-08-27 10:27:27,15600.0,300,Buy,234993097
2024-08-27 10:27:47,15600.0,10000,Buy,234993553
2024-08-27 10:28:10,15550.0,3400,Sell,234993978
2024-08-27 10:28:10,15550.0,100,Sell,234993976
2024-08-27 10:28:10,15550.0,100,Sell,234993977
2024-08-27 10:28:10,15550.0,300,Sell,234993974
2024-08-27 10:28:10,15550.0,1000,Sell,234993973
2024-08-27 10:28:10,15550.0,100,Sell,234993975
2024-08-27 10:28:24,15550.0,100,Sell,234994156
2024-08-27 10:28:25,15550.0,6500,Sell,234994168
2024-08-27 10:28:25,15550.0,500,Sell,234994169
2024-08-27 10:28:25,15550.0,2900,Sell,234994170
2024-08-27 10:28:25,15550.0,100,Sell,234994171
2024-08-27 10:28:28,15600.0,200,Buy,234994216
2024-08-27 10:29:00,15550.0,200,Sell,234994791
2024-08-27 10:29:00,15550.0,100,Sell,234994792
2024-08-27 10:29:00,15550.0,500,Sell,234994793
2024-08-27 10:29:00,15550.0,1700,Sell,234994794
2024-08-27 10:29:07,15550.0,500,Sell,234994987
2024-08-27 10:29:07,15550.0,1000,Sell,234994986
2024-08-27 10:29:07,15550.0,100,Sell,234994985
2024-08-27 10:29:07,15550.0,4900,Sell,234994988
2024-08-27 10:29:07,15550.0,100,Sell,234994983
2024-08-27 10:29:07,15550.0,500,Sell,234994982
2024-08-27 10:29:07,15550.0,600,Sell,234994981
2024-08-27 10:29:07,15550.0,300,Sell,234994984
2024-08-27 10:29:10,15550.0,5000,Sell,234995125
2024-08-27 10:29:13,15550.0,100,Sell,234995162
2024-08-27 10:29:13,15550.0,500,Sell,234995161
2024-08-27 10:29:13,15550.0,1100,Sell,234995163
2024-08-27 10:29:13,15550.0,500,Sell,234995159
2024-08-27 10:29:13,15550.0,100,Sell,234995158
2024-08-27 10:29:13,15550.0,100,Sell,234995157
2024-08-27 10:29:13,15550.0,100,Sell,234995160
2024-08-27 10:29:56,15550.0,100,Sell,234995937
2024-08-27 10:29:56,15550.0,800,Sell,234995946
2024-08-27 10:29:56,15550.0,1000,Sell,234995945
2024-08-27 10:29:56,15550.0,2900,Sell,234995944
2024-08-27 10:29:56,15550.0,700,Sell,234995943
2024-08-27 10:29:56,15550.0,100,Sell,234995942
2024-08-27 10:29:56,15550.0,200,Sell,234995940
2024-08-27 10:29:56,15550.0,500,Sell,234995939
2024-08-27 10:29:56,15550.0,100,Sell,234995938
2024-08-27 10:29:56,15550.0,7500,Sell,234995933
2024-08-27 10:29:56,15550.0,500,Sell,234995941
2024-08-27 10:29:56,15550.0,1000,Sell,234995931
2024-08-27 10:29:56,15550.0,8900,Sell,234995922
2024-08-27 10:29:56,15550.0,200,Sell,234995923
2024-08-27 10:29:56,15550.0,500,Sell,234995924
2024-08-27 10:29:56,15550.0,100,Sell,234995925
2024-08-27 10:29:56,15550.0,1000,Sell,234995926
2024-08-27 10:29:56,15550.0,500,Sell,234995932
2024-08-27 10:29:56,15550.0,2500,Sell,234995927
2024-08-27 10:29:56,15550.0,400,Sell,234995928
2024-08-27 10:29:56,15550.0,2000,Sell,234995929
2024-08-27 10:29:56,15550.0,500,Sell,234995930
2024-08-27 10:29:58,15550.0,20700,Sell,234996060
2024-08-27 10:29:58,15550.0,100,Sell,234996059
2024-08-27 10:29:58,15550.0,100,Sell,234996058
2024-08-27 10:29:58,15550.0,400,Sell,234996056
2024-08-27 10:29:58,15550.0,100,Sell,234996055
2024-08-27 10:29:58,15550.0,300,Sell,234996054
2024-08-27 10:29:58,15550.0,1000,Sell,234996053
2024-08-27 10:29:58,15550.0,800,Sell,234996057
2024-08-27 10:29:58,15550.0,5000,Sell,234996051
2024-08-27 10:29:58,15550.0,100,Sell,234996050
2024-08-27 10:29:58,15550.0,100,Sell,234996049
2024-08-27 10:29:58,15550.0,100,Sell,234996048
2024-08-27 10:29:58,15550.0,9200,Sell,234996044
2024-08-27 10:29:58,15550.0,1000,Sell,234996047
2024-08-27 10:29:58,15550.0,600,Sell,234996046
2024-08-27 10:29:58,15550.0,100,Sell,234996045
2024-08-27 10:29:58,15550.0,300,Sell,234996052
2024-08-27 10:29:59,15550.0,24000,Sell,234996084
2024-08-27 10:30:03,15550.0,500,Sell,234996162
2024-08-27 10:30:07,15550.0,100,Sell,234996244
2024-08-27 10:30:07,15550.0,4800,Sell,234996238
2024-08-27 10:30:07,15550.0,100,Sell,234996243
2024-08-27 10:30:08,15550.0,800,Sell,234996261
2024-08-27 10:30:25,15550.0,500,Sell,234996667
2024-08-27 10:30:33,15550.0,100,Sell,234996831
2024-08-27 10:30:33,15550.0,10000,Sell,234996836
2024-08-27 10:30:33,15550.0,800,Sell,234996835
2024-08-27 10:30:33,15550.0,200,Sell,234996834
2024-08-27 10:30:33,15550.0,3000,Sell,234996833
2024-08-27 10:30:33,15550.0,100,Sell,234996830
2024-08-27 10:30:33,15550.0,100,Sell,234996832
2024-08-27 10:30:33,15550.0,300,Sell,234996828
2024-08-27 10:30:33,15550.0,2600,Sell,234996823
2024-08-27 10:30:33,15550.0,500,Sell,234996824
2024-08-27 10:30:33,15550.0,2000,Sell,234996825
2024-08-27 10:30:33,15550.0,300,Sell,234996829
2024-08-27 10:30:33,15550.0,8600,Sell,234996822
2024-08-27 10:30:33,15550.0,1300,Sell,234996827
2024-08-27 10:30:33,15550.0,500,Sell,234996826
2024-08-27 10:30:35,15550.0,500,Buy,234996877
2024-08-27 10:30:38,15550.0,400,Buy,234996955
2024-08-27 10:30:39,15550.0,500,Buy,234997010
2024-08-27 10:30:41,15550.0,500,Buy,234997057
2024-08-27 10:30:42,15550.0,200,Buy,234997093
2024-08-27 10:30:49,15550.0,100,Buy,234997213
2024-08-27 10:31:01,15550.0,1000,Buy,234997376
2024-08-27 10:31:02,15550.0,2000,Buy,234997398
2024-08-27 10:31:04,15550.0,10000,Buy,234997423
2024-08-27 10:31:13,15500.0,1300,Sell,234997593
2024-08-27 10:31:17,15550.0,1000,Buy,234997697
2024-08-27 10:31:28,15550.0,1000,Buy,234997830
2024-08-27 10:31:29,15550.0,1000,Buy,234997848
2024-08-27 10:31:37,15550.0,500,Buy,234998010
2024-08-27 10:31:45,15550.0,200,Buy,234998214
2024-08-27 10:31:59,15550.0,400,Buy,234998413
2024-08-27 10:32:07,15550.0,100,Buy,234998516
2024-08-27 10:32:23,15550.0,2000,Buy,234998879
2024-08-27 10:32:25,15550.0,1000,Buy,234998931
2024-08-27 10:32:29,15550.0,600,Buy,234998995
2024-08-27 10:32:32,15550.0,1300,Buy,234999034
2024-08-27 10:32:36,15550.0,100,Buy,234999323
2024-08-27 10:32:41,15550.0,300,Buy,234999409
2024-08-27 10:32:50,15550.0,10000,Buy,234999634
2024-08-27 10:32:56,15550.0,100,Buy,234999764
2024-08-27 10:32:57,15550.0,500,Buy,234999774
2024-08-27 10:32:57,15550.0,1700,Buy,234999775
2024-08-27 10:32:57,15550.0,400,Buy,234999773
2024-08-27 10:33:05,15550.0,200,Buy,234999990
2024-08-27 10:33:05,15550.0,300,Buy,235000002
2024-08-27 10:33:06,15550.0,500,Buy,235000027
2024-08-27 10:33:06,15550.0,900,Buy,235000028
2024-08-27 10:33:07,15550.0,100,Buy,235000039
2024-08-27 10:33:09,15550.0,1000,Buy,235000086
2024-08-27 10:33:14,15550.0,2200,Buy,235000137
2024-08-27 10:33:17,15550.0,100,Buy,235000180
2024-08-27 10:33:23,15550.0,400,Buy,235000255
2024-08-27 10:33:24,15550.0,1000,Buy,235000281
2024-08-27 10:33:28,15550.0,300,Buy,235000338
2024-08-27 10:33:29,15550.0,2000,Buy,235000368
2024-08-27 10:33:40,15500.0,200,Sell,235000537
2024-08-27 10:33:42,15550.0,2000,Buy,235000584
2024-08-27 10:33:48,15550.0,200,Buy,235000645
2024-08-27 10:33:48,15550.0,200,Buy,235000646
2024-08-27 10:33:48,15550.0,9600,Buy,235000647
2024-08-27 10:33:59,15550.0,100,Buy,235000768
2024-08-27 10:33:59,15550.0,500,Buy,235000772
2024-08-27 10:34:10,15550.0,2000,Buy,235000894
2024-08-27 10:34:15,15550.0,1000,Buy,235000944
2024-08-27 10:34:16,15550.0,400,Buy,235000952
2024-08-27 10:34:17,15550.0,2000,Buy,235000958
2024-08-27 10:34:20,15550.0,100,Buy,235001011
2024-08-27 10:34:20,15550.0,500,Buy,235001009
2024-08-27 10:34:21,15550.0,5700,Buy,235001037
2024-08-27 10:34:22,15550.0,200,Buy,235001046
2024-08-27 10:34:22,15550.0,200,Buy,235001047
2024-08-27 10:34:22,15550.0,600,Buy,235001048
2024-08-27 10:34:22,15550.0,1000,Buy,235001049
2024-08-27 10:34:22,15550.0,1000,Buy,235001050
2024-08-27 10:34:22,15550.0,1800,Buy,235001051
2024-08-27 10:34:22,15550.0,5200,Buy,235001045
2024-08-27 10:34:25,15550.0,200,Buy,235001114
2024-08-27 10:34:31,15550.0,300,Sell,235001207
2024-08-27 10:34:32,15550.0,700,Buy,235001231
2024-08-27 10:35:09,15550.0,300,Sell,235002046
2024-08-27 10:35:09,15550.0,300,Sell,235002047
2024-08-27 10:35:09,15550.0,200,Sell,235002048
2024-08-27 10:35:09,15550.0,1200,Sell,235002049
2024-08-27 10:35:35,15550.0,5700,Sell,235002487
2024-08-27 10:36:04,15550.0,1000,Sell,235003351
2024-08-27 10:36:05,15550.0,100,Sell,235003361
2024-08-27 10:36:06,15550.0,1000,Sell,235003377
2024-08-27 10:36:06,15550.0,500,Sell,235003378
2024-08-27 10:36:06,15550.0,100,Sell,235003379
2024-08-27 10:36:06,15550.0,100,Sell,235003380
2024-08-27 10:36:06,15550.0,6300,Sell,235003381
2024-08-27 10:36:06,15550.0,2000,Sell,235003376
2024-08-27 10:36:32,15550.0,1000,Sell,235003675
2024-08-27 10:36:48,15550.0,1000,Sell,235003909
2024-08-27 10:37:16,15550.0,1700,Sell,235004354
2024-08-27 10:37:16,15550.0,400,Sell,235004355
2024-08-27 10:37:16,15550.0,100,Sell,235004356
2024-08-27 10:37:16,15550.0,1800,Sell,235004357
2024-08-27 10:37:24,15550.0,200,Sell,235004465
2024-08-27 10:37:24,15550.0,100,Sell,235004466
2024-08-27 10:37:32,15600.0,35500,Buy,235004598
2024-08-27 10:37:32,15600.0,10000,Buy,235004597
2024-08-27 10:37:32,15600.0,2000,Buy,235004595
2024-08-27 10:37:32,15600.0,2000,Buy,235004589
2024-08-27 10:37:32,15600.0,500,Buy,235004596
2024-08-27 10:37:37,15550.0,100,Sell,235004669
2024-08-27 10:37:37,15550.0,100,Sell,235004670
2024-08-27 10:37:37,15550.0,3900,Sell,235004671
2024-08-27 10:37:46,15600.0,6700,Buy,235004828
2024-08-27 10:37:46,15600.0,1000,Buy,235004827
2024-08-27 10:37:46,15600.0,100,Buy,235004826
2024-08-27 10:37:46,15600.0,400,Buy,235004825
2024-08-27 10:37:46,15600.0,2000,Buy,235004824
2024-08-27 10:37:46,15600.0,4000,Buy,235004821
2024-08-27 10:37:46,15600.0,100,Buy,235004822
2024-08-27 10:37:46,15600.0,20000,Buy,235004820
2024-08-27 10:37:46,15600.0,200,Buy,235004819
2024-08-27 10:37:46,15600.0,64500,Buy,235004818
2024-08-27 10:37:46,15600.0,1000,Buy,235004823
2024-08-27 10:38:02,15600.0,19300,Buy,235005116
2024-08-27 10:38:02,15600.0,30600,Buy,235005114
2024-08-27 10:38:02,15600.0,100,Buy,235005115
2024-08-27 10:38:15,15600.0,33600,Buy,235005294
2024-08-27 10:38:15,15600.0,7600,Buy,235005293
2024-08-27 10:38:15,15600.0,1000,Buy,235005290
2024-08-27 10:38:15,15600.0,500,Buy,235005291
2024-08-27 10:38:15,15600.0,5100,Buy,235005292
2024-08-27 10:38:15,15600.0,2200,Buy,235005289
2024-08-27 10:38:18,15550.0,2000,Sell,235005319
2024-08-27 10:38:19,15600.0,2000,Buy,235005331
2024-08-27 10:38:22,15600.0,800,Buy,235005364
2024-08-27 10:38:28,15600.0,3000,Buy,235005474
2024-08-27 10:38:33,15600.0,50000,Buy,235005567
2024-08-27 10:39:23,15600.0,200,Buy,235006356
2024-08-27 10:39:34,15600.0,500,Buy,235006503
2024-08-27 10:39:43,15550.0,10000,Sell,235006675
2024-08-27 10:39:44,15550.0,1500,Sell,235006704
2024-08-27 10:39:44,15550.0,14100,Sell,235006702
2024-08-27 10:39:44,15550.0,100,Sell,235006703
2024-08-27 10:39:47,15550.0,500,Sell,235006775
2024-08-27 10:39:47,15550.0,100,Sell,235006776
2024-08-27 10:39:47,15550.0,100,Sell,235006778
2024-08-27 10:39:47,15550.0,100,Sell,235006777
2024-08-27 10:39:47,15550.0,1000,Sell,235006779
2024-08-27 10:39:47,15550.0,3100,Sell,235006786
2024-08-27 10:39:47,15550.0,1100,Sell,235006781
2024-08-27 10:39:47,15550.0,500,Sell,235006782
2024-08-27 10:39:47,15550.0,5000,Sell,235006785
2024-08-27 10:39:47,15550.0,1000,Sell,235006774
2024-08-27 10:39:47,15550.0,500,Sell,235006780
2024-08-27 10:39:47,15550.0,200,Sell,235006773
2024-08-27 10:39:47,15550.0,3200,Sell,235006784
2024-08-27 10:39:47,15550.0,1000,Sell,235006771
2024-08-27 10:39:47,15550.0,100,Sell,235006772
2024-08-27 10:39:47,15550.0,1500,Sell,235006760
2024-08-27 10:39:47,15550.0,100,Sell,235006761
2024-08-27 10:39:47,15550.0,300,Sell,235006762
2024-08-27 10:39:47,15550.0,100,Sell,235006763
2024-08-27 10:39:47,15550.0,500,Sell,235006764
2024-08-27 10:39:47,15550.0,1000,Sell,235006783
2024-08-27 10:39:47,15550.0,2500,Sell,235006766
2024-08-27 10:39:47,15550.0,400,Sell,235006765
2024-08-27 10:39:47,15550.0,5000,Sell,235006767
2024-08-27 10:39:47,15550.0,500,Sell,235006768
2024-08-27 10:39:47,15550.0,500,Sell,235006769
2024-08-27 10:39:47,15550.0,100,Sell,235006770
2024-08-27 10:39:48,15550.0,400,Sell,235006812
2024-08-27 10:39:54,15550.0,100,Buy,235006923
2024-08-27 10:40:15,15550.0,1000,Sell,235007241
2024-08-27 10:40:15,15550.0,1000,Sell,235007240
2024-08-27 10:40:15,15550.0,200,Sell,235007239
2024-08-27 10:40:15,15550.0,100,Sell,235007242
2024-08-27 10:40:15,15550.0,1000,Sell,235007237
2024-08-27 10:40:15,15550.0,200,Sell,235007236
2024-08-27 10:40:15,15550.0,100,Sell,235007235
2024-08-27 10:40:15,15550.0,2900,Sell,235007234
2024-08-27 10:40:15,15550.0,500,Sell,235007238
2024-08-27 10:40:21,15550.0,100,Buy,235007400
2024-08-27 10:40:38,15550.0,100,Buy,235007644
2024-08-27 10:40:40,15500.0,100,Sell,235007653
2024-08-27 10:40:40,15550.0,2000,Buy,235007652
2024-08-27 10:40:48,15550.0,1000,Buy,235007812
2024-08-27 10:40:54,15500.0,2000,Sell,235007918
2024-08-27 10:41:00,15550.0,100,Buy,235008259
2024-08-27 10:41:02,15550.0,100,Buy,235008282
2024-08-27 10:41:03,15550.0,100,Buy,235008385
2024-08-27 10:41:12,15550.0,500,Buy,235008480
2024-08-27 10:41:15,15550.0,200,Buy,235008511
2024-08-27 10:41:40,15550.0,300,Buy,235008955
2024-08-27 10:41:42,15550.0,500,Buy,235008980
2024-08-27 10:41:51,15550.0,1000,Buy,235009102
2024-08-27 10:41:51,15550.0,200,Buy,235009103
2024-08-27 10:41:51,15550.0,5000,Buy,235009104
2024-08-27 10:41:51,15550.0,2000,Buy,235009105
2024-08-27 10:41:51,15550.0,3000,Buy,235009101
2024-08-27 10:42:20,15550.0,900,Sell,235009706
2024-08-27 10:42:22,15550.0,2000,Sell,235009753
2024-08-27 10:43:12,15600.0,100,Buy,235010769
2024-08-27 10:43:22,15550.0,1200,Sell,235010951
2024-08-27 10:43:49,15600.0,1000,Buy,235011725
2024-08-27 10:43:54,15600.0,100,Buy,235011858
2024-08-27 10:44:11,15550.0,200,Sell,235012361
2024-08-27 10:44:25,15550.0,200,Sell,235012670
2024-08-27 10:44:36,15550.0,15700,Sell,235013237
2024-08-27 10:44:36,15550.0,100,Sell,235013238
2024-08-27 10:44:36,15550.0,100,Sell,235013239
2024-08-27 10:44:36,15550.0,2500,Sell,235013240
2024-08-27 10:44:36,15550.0,7000,Sell,235013241
2024-08-27 10:44:36,15550.0,300,Sell,235013242
2024-08-27 10:44:36,15550.0,20000,Sell,235013244
2024-08-27 10:44:36,15550.0,500,Sell,235013245
2024-08-27 10:44:36,15550.0,200,Sell,235013246
2024-08-27 10:44:36,15550.0,3500,Sell,235013247
2024-08-27 10:44:36,15550.0,100,Sell,235013243
2024-08-27 10:44:41,15550.0,100,Sell,235013307
2024-08-27 10:44:47,15550.0,3000,Sell,235013510
2024-08-27 10:44:47,15550.0,3900,Sell,235013516
2024-08-27 10:44:47,15550.0,1000,Sell,235013509
2024-08-27 10:44:47,15550.0,100,Sell,235013507
2024-08-27 10:44:47,15550.0,500,Sell,235013506
2024-08-27 10:44:47,15550.0,1400,Sell,235013505
2024-08-27 10:44:47,15550.0,100,Sell,235013508
2024-08-27 10:44:52,15550.0,200,Sell,235013663
2024-08-27 10:45:00,15550.0,900,Sell,235013917
2024-08-27 10:45:00,15550.0,1000,Sell,235013918
2024-08-27 10:45:00,15550.0,200,Sell,235013919
2024-08-27 10:45:15,15550.0,200,Buy,235014531
2024-08-27 10:45:31,15550.0,1300,Buy,235014889
2024-08-27 10:45:37,15550.0,500,Buy,235015095
2024-08-27 10:45:37,15550.0,1400,Buy,235015093
2024-08-27 10:45:37,15550.0,100,Buy,235015094
2024-08-27 10:45:48,15550.0,100,Buy,235015419
2024-08-27 10:45:54,15550.0,1000,Buy,235015788
2024-08-27 10:45:59,15550.0,500,Buy,235015948
2024-08-27 10:46:04,15550.0,500,Buy,235016030
2024-08-27 10:46:05,15550.0,5000,Buy,235016060
2024-08-27 10:46:05,15550.0,7900,Buy,235016061
2024-08-27 10:46:12,15550.0,200,Buy,235016292
2024-08-27 10:46:12,15550.0,300,Buy,235016268
2024-08-27 10:46:12,15550.0,1800,Buy,235016269
2024-08-27 10:46:12,15550.0,3200,Buy,235016270
2024-08-27 10:46:15,15550.0,1000,Buy,235016396
2024-08-27 10:46:27,15550.0,5000,Buy,235016745
2024-08-27 10:46:31,15550.0,200,Buy,235016839
2024-08-27 10:47:08,15500.0,5000,Sell,235018166
2024-08-27 10:47:23,15500.0,100,Sell,235018831
2024-08-27 10:47:32,15550.0,100,Buy,235019207
2024-08-27 10:47:57,15500.0,3900,Sell,235019959
2024-08-27 10:47:57,15500.0,100,Sell,235019960
2024-08-27 10:47:57,15500.0,1000,Sell,235019961
2024-08-27 10:48:06,15500.0,1000,Sell,235020214
2024-08-27 10:48:06,15500.0,14400,Sell,235020184
2024-08-27 10:48:06,15500.0,100,Sell,235020183
2024-08-27 10:48:06,15500.0,100,Sell,235020182
2024-08-27 10:48:06,15500.0,100,Sell,235020181
2024-08-27 10:48:06,15500.0,100,Sell,235020180
2024-08-27 10:48:06,15500.0,600,Sell,235020178
2024-08-27 10:48:06,15500.0,100,Sell,235020177
2024-08-27 10:48:06,15500.0,100,Sell,235020176
2024-08-27 10:48:06,15500.0,300,Sell,235020175
2024-08-27 10:48:06,15500.0,4000,Sell,235020174
2024-08-27 10:48:06,15500.0,100,Sell,235020179
2024-08-27 10:48:07,15500.0,100,Sell,235020303
2024-08-27 10:48:07,15500.0,100,Sell,235020302
2024-08-27 10:48:07,15500.0,100,Sell,235020300
2024-08-27 10:48:07,15500.0,300,Sell,235020299
2024-08-27 10:48:07,15500.0,100,Sell,235020296
2024-08-27 10:48:07,15500.0,100,Sell,235020297
2024-08-27 10:48:07,15500.0,100,Sell,235020295
2024-08-27 10:48:07,15500.0,1000,Sell,235020294
2024-08-27 10:48:07,15500.0,300,Sell,235020293
2024-08-27 10:48:07,15500.0,200,Sell,235020298
2024-08-27 10:48:07,15500.0,3000,Sell,235020292
2024-08-27 10:48:07,15500.0,1000,Sell,235020306
2024-08-27 10:48:07,15500.0,1300,Sell,235020307
2024-08-27 10:48:07,15500.0,1000,Sell,235020308
2024-08-27 10:48:07,15500.0,100,Sell,235020309
2024-08-27 10:48:07,15500.0,100,Sell,235020310
2024-08-27 10:48:07,15500.0,200,Sell,235020311
2024-08-27 10:48:07,15500.0,300,Sell,235020312
2024-08-27 10:48:07,15500.0,5000,Sell,235020313
2024-08-27 10:48:07,15500.0,100,Sell,235020314
2024-08-27 10:48:07,15500.0,2400,Sell,235020315
2024-08-27 10:48:07,15500.0,1000,Sell,235020291
2024-08-27 10:48:07,15500.0,100,Sell,235020305
2024-08-27 10:48:07,15500.0,1600,Sell,235020290
2024-08-27 10:48:07,15500.0,1000,Sell,235020304
2024-08-27 10:48:07,15500.0,500,Sell,235020288
2024-08-27 10:48:07,15500.0,100,Sell,235020289
2024-08-27 10:48:07,15500.0,4600,Sell,235020264
2024-08-27 10:48:07,15500.0,5000,Sell,235020265
2024-08-27 10:48:07,15500.0,500,Sell,235020266
2024-08-27 10:48:07,15500.0,100,Sell,235020267
2024-08-27 10:48:07,15500.0,1000,Sell,235020268
2024-08-27 10:48:07,15500.0,500,Sell,235020269
2024-08-27 10:48:07,15500.0,5000,Sell,235020270
2024-08-27 10:48:07,15500.0,4000,Sell,235020271
2024-08-27 10:48:07,15500.0,200,Sell,235020272
2024-08-27 10:48:07,15500.0,100,Sell,235020273
2024-08-27 10:48:07,15500.0,1000,Sell,235020275
2024-08-27 10:48:07,15500.0,100,Sell,235020274
2024-08-27 10:48:07,15500.0,200,Sell,235020277
2024-08-27 10:48:07,15500.0,5000,Sell,235020278
2024-08-27 10:48:07,15500.0,4000,Sell,235020279
2024-08-27 10:48:07,15500.0,1000,Sell,235020280
2024-08-27 10:48:07,15500.0,100,Sell,235020281
2024-08-27 10:48:07,15500.0,500,Sell,235020282
2024-08-27 10:48:07,15500.0,5000,Sell,235020283
2024-08-27 10:48:07,15500.0,100,Sell,235020284
2024-08-27 10:48:07,15500.0,1500,Sell,235020285
2024-08-27 10:48:07,15500.0,1000,Sell,235020286
2024-08-27 10:48:07,15500.0,500,Sell,235020287
2024-08-27 10:48:07,15500.0,300,Sell,235020276
2024-08-27 10:48:08,15500.0,3000,Sell,235020322
2024-08-27 10:48:11,15500.0,300,Sell,235020411
2024-08-27 10:48:11,15500.0,1500,Sell,235020412
2024-08-27 10:48:11,15500.0,200,Sell,235020410
2024-08-27 10:48:11,15500.0,100,Sell,235020402
2024-08-27 10:48:11,15500.0,200,Sell,235020403
2024-08-27 10:48:11,15500.0,4600,Sell,235020401
2024-08-27 10:48:11,15500.0,100,Sell,235020404
2024-08-27 10:48:12,15500.0,1000,Sell,235020499
2024-08-27 10:48:12,15500.0,500,Sell,235020498
2024-08-27 10:48:12,15500.0,100,Sell,235020497
2024-08-27 10:48:12,15500.0,500,Sell,235020496
2024-08-27 10:48:12,15500.0,100,Sell,235020495
2024-08-27 10:48:12,15500.0,100,Sell,235020494
2024-08-27 10:48:12,15500.0,100,Sell,235020493
2024-08-27 10:48:12,15500.0,1900,Sell,235020492
2024-08-27 10:48:12,15500.0,300,Sell,235020491
2024-08-27 10:48:12,15500.0,6000,Sell,235020489
2024-08-27 10:48:12,15500.0,500,Sell,235020488
2024-08-27 10:48:12,15500.0,700,Sell,235020487
2024-08-27 10:48:12,15500.0,1000,Sell,235020486
2024-08-27 10:48:12,15500.0,200,Sell,235020485
2024-08-27 10:48:12,15500.0,100,Sell,235020484
2024-08-27 10:48:12,15500.0,500,Sell,235020483
2024-08-27 10:48:12,15500.0,3000,Sell,235020482
2024-08-27 10:48:12,15500.0,500,Sell,235020481
2024-08-27 10:48:12,15500.0,500,Sell,235020500
2024-08-27 10:48:12,15500.0,2000,Sell,235020490
2024-08-27 10:48:12,15500.0,100,Sell,235020501
2024-08-27 10:48:12,15500.0,100,Sell,235020518
2024-08-27 10:48:12,15500.0,100,Sell,235020503
2024-08-27 10:48:12,15500.0,200,Sell,235020523
2024-08-27 10:48:12,15500.0,100,Sell,235020522
2024-08-27 10:48:12,15500.0,100,Sell,235020521
2024-08-27 10:48:12,15500.0,100,Sell,235020520
2024-08-27 10:48:12,15500.0,3000,Sell,235020519
2024-08-27 10:48:12,15500.0,100,Sell,235020480
2024-08-27 10:48:12,15500.0,2500,Sell,235020517
2024-08-27 10:48:12,15500.0,100,Sell,235020516
2024-08-27 10:48:12,15500.0,100,Sell,235020515
2024-08-27 10:48:12,15500.0,2000,Sell,235020502
2024-08-27 10:48:12,15500.0,2000,Sell,235020514
2024-08-27 10:48:12,15500.0,100,Sell,235020512
2024-08-27 10:48:12,15500.0,2000,Sell,235020511
2024-08-27 10:48:12,15500.0,2600,Sell,235020510
2024-08-27 10:48:12,15500.0,1000,Sell,235020509
2024-08-27 10:48:12,15500.0,200,Sell,235020508
2024-08-27 10:48:12,15500.0,2600,Sell,235020507
2024-08-27 10:48:12,15500.0,100,Sell,235020506
2024-08-27 10:48:12,15500.0,29000,Sell,235020505
2024-08-27 10:48:12,15500.0,300,Sell,235020504
2024-08-27 10:48:12,15500.0,300,Sell,235020513
2024-08-27 10:48:12,15500.0,100,Sell,235020479
2024-08-27 10:48:12,15500.0,1000,Sell,235020467
2024-08-27 10:48:12,15500.0,100,Sell,235020477
2024-08-27 10:48:12,15500.0,100,Sell,235020451
2024-08-27 10:48:12,15500.0,300,Sell,235020450
2024-08-27 10:48:12,15500.0,100,Sell,235020478
2024-08-27 10:48:12,15500.0,400,Sell,235020448
2024-08-27 10:48:12,15500.0,200,Sell,235020447
2024-08-27 10:48:12,15500.0,500,Sell,235020446
2024-08-27 10:48:12,15500.0,500,Sell,235020445
2024-08-27 10:48:12,15500.0,100,Sell,235020444
2024-08-27 10:48:12,15500.0,200,Sell,235020443
2024-08-27 10:48:12,15500.0,100,Sell,235020452
2024-08-27 10:48:12,15500.0,1000,Sell,235020442
2024-08-27 10:48:12,15500.0,100,Sell,235020440
2024-08-27 10:48:12,15500.0,100,Sell,235020439
2024-08-27 10:48:12,15500.0,100,Sell,235020438
2024-08-27 10:48:12,15500.0,200,Sell,235020437
2024-08-27 10:48:12,15500.0,100,Sell,235020436
2024-08-27 10:48:12,15500.0,100,Sell,235020435
2024-08-27 10:48:12,15500.0,100,Sell,235020434
2024-08-27 10:48:12,15500.0,100,Sell,235020433
2024-08-27 10:48:12,15500.0,3000,Sell,235020432
2024-08-27 10:48:12,15500.0,100,Sell,235020441
2024-08-27 10:48:12,15500.0,400,Sell,235020453
2024-08-27 10:48:12,15500.0,3700,Sell,235020449
2024-08-27 10:48:12,15500.0,200,Sell,235020455
2024-08-27 10:48:12,15500.0,200,Sell,235020476
2024-08-27 10:48:12,15500.0,100,Sell,235020475
2024-08-27 10:48:12,15500.0,300,Sell,235020474
2024-08-27 10:48:12,15500.0,1000,Sell,235020473
2024-08-27 10:48:12,15500.0,200,Sell,235020472
2024-08-27 10:48:12,15500.0,5000,Sell,235020454
2024-08-27 10:48:12,15500.0,200,Sell,235020470
2024-08-27 10:48:12,15500.0,100,Sell,235020469
2024-08-27 10:48:12,15500.0,400,Sell,235020468
2024-08-27 10:48:12,15500.0,1000,Sell,235020466
2024-08-27 10:48:12,15500.0,300,Sell,235020471
2024-08-27 10:48:12,15500.0,300,Sell,235020464
2024-08-27 10:48:12,15500.0,200,Sell,235020463
2024-08-27 10:48:12,15500.0,1000,Sell,235020462
2024-08-27 10:48:12,15500.0,1000,Sell,235020461
2024-08-27 10:48:12,15500.0,200,Sell,235020460
2024-08-27 10:48:12,15500.0,500,Sell,235020459
2024-08-27 10:48:12,15500.0,3000,Sell,235020458
2024-08-27 10:48:12,15500.0,1000,Sell,235020457
2024-08-27 10:48:12,15500.0,5000,Sell,235020456
2024-08-27 10:48:12,15500.0,1000,Sell,235020465
2024-08-27 10:48:13,15500.0,500,Sell,235020540
2024-08-27 10:48:13,15500.0,5000,Sell,235020541
2024-08-27 10:48:13,15500.0,1000,Sell,235020542
2024-08-27 10:48:13,15500.0,100,Sell,235020543
2024-08-27 10:48:13,15500.0,100,Sell,235020544
2024-08-27 10:48:13,15500.0,300,Sell,235020549
2024-08-27 10:48:13,15500.0,200,Sell,235020546
2024-08-27 10:48:13,15500.0,1000,Sell,235020547
2024-08-27 10:48:13,15500.0,400,Sell,235020548
2024-08-27 10:48:13,15500.0,200,Sell,235020545
2024-08-27 10:48:13,15500.0,1000,Sell,235020537
2024-08-27 10:48:13,15500.0,5000,Sell,235020538
2024-08-27 10:48:13,15500.0,100,Sell,235020535
2024-08-27 10:48:13,15500.0,300,Sell,235020524
2024-08-27 10:48:13,15500.0,1000,Sell,235020534
2024-08-27 10:48:13,15500.0,200,Sell,235020533
2024-08-27 10:48:13,15500.0,500,Sell,235020532
2024-08-27 10:48:13,15500.0,2000,Sell,235020531
2024-08-27 10:48:13,15500.0,1000,Sell,235020530
2024-08-27 10:48:13,15500.0,1000,Sell,235020529
2024-08-27 10:48:13,15500.0,200,Sell,235020528
2024-08-27 10:48:13,15500.0,200,Sell,235020527
2024-08-27 10:48:13,15500.0,100,Sell,235020526
2024-08-27 10:48:13,15500.0,100,Sell,235020525
2024-08-27 10:48:13,15500.0,100,Sell,235020536
2024-08-27 10:48:15,15500.0,2000,Sell,235020631
2024-08-27 10:48:20,15500.0,500,Sell,235020920
2024-08-27 10:48:22,15500.0,500,Sell,235021011
2024-08-27 10:48:40,15500.0,300,Sell,235021529
2024-08-27 10:48:49,15500.0,700,Sell,235021830
2024-08-27 10:48:54,15500.0,700,Sell,235022013
2024-08-27 10:48:54,15500.0,1900,Sell,235022014
2024-08-27 10:48:54,15500.0,100,Sell,235022015
2024-08-27 10:48:54,15500.0,2000,Sell,235022016
2024-08-27 10:48:54,15500.0,100,Sell,235022017
2024-08-27 10:48:54,15500.0,200,Sell,235022018
2024-08-27 10:48:58,15500.0,400,Sell,235022127
2024-08-27 10:48:58,15500.0,100,Sell,235022126
2024-08-27 10:48:58,15500.0,400,Sell,235022107
2024-08-27 10:48:58,15500.0,200,Sell,235022124
2024-08-27 10:48:58,15500.0,300,Sell,235022123
2024-08-27 10:48:58,15500.0,5000,Sell,235022125
2024-08-27 10:49:06,15500.0,600,Sell,235022466
2024-08-27 10:49:06,15500.0,300,Sell,235022467
2024-08-27 10:49:06,15500.0,100,Sell,235022468
2024-08-27 10:49:06,15500.0,1000,Sell,235022469
2024-08-27 10:49:06,15500.0,1000,Sell,235022470
2024-08-27 10:49:06,15500.0,3000,Sell,235022471
2024-08-27 10:49:07,15500.0,200,Sell,235022487
2024-08-27 10:49:14,15500.0,4800,Sell,235022673
2024-08-27 10:49:14,15500.0,500,Sell,235022672
2024-08-27 10:49:14,15500.0,500,Sell,235022671
2024-08-27 10:49:14,15500.0,100,Sell,235022667
2024-08-27 10:49:14,15500.0,200,Sell,235022669
2024-08-27 10:49:14,15500.0,1000,Sell,235022668
2024-08-27 10:49:14,15500.0,2700,Sell,235022666
2024-08-27 10:49:14,15500.0,200,Sell,235022670
2024-08-27 10:49:18,15500.0,100,Sell,235022849
2024-08-27 10:49:18,15500.0,1600,Sell,235022850
2024-08-27 10:49:18,15500.0,200,Sell,235022848
2024-08-27 10:49:18,15500.0,200,Sell,235022847
2024-08-27 10:49:18,15500.0,500,Sell,235022846
2024-08-27 10:49:18,15500.0,200,Sell,235022845
