time,price,volume,match_type,id
2024-08-14 09:14:38,14800.0,61800,ATO/ATC,231401127
2024-08-14 09:14:41,14750.0,100,Sell,231401287
2024-08-14 09:14:46,14800.0,100,Buy,231401375
2024-08-14 09:14:49,14800.0,9300,Buy,231401415
2024-08-14 09:14:49,14800.0,2000,Buy,231401414
2024-08-14 09:14:49,14800.0,200,Buy,231401413
2024-08-14 09:14:49,14800.0,11200,Buy,231401408
2024-08-14 09:14:49,14800.0,5000,Buy,231401411
2024-08-14 09:14:49,14800.0,2200,Buy,231401409
2024-08-14 09:14:49,14800.0,100,Buy,231401412
2024-08-14 09:14:49,14800.0,5000,Buy,231401410
2024-08-14 09:14:57,14800.0,700,Buy,231401514
2024-08-14 09:14:57,14800.0,32300,Buy,231401515
2024-08-14 09:15:03,14800.0,2000,Buy,231401582
2024-08-14 09:15:03,14800.0,200,Buy,231401580
2024-08-14 09:15:03,14800.0,3000,Buy,231401581
2024-08-14 09:15:06,14800.0,1500,Sell,231401624
2024-08-14 09:15:16,14800.0,100,Sell,231401863
2024-08-14 09:15:18,14800.0,100,Sell,231401908
2024-08-14 09:15:21,14800.0,2000,Sell,231401952
2024-08-14 09:15:21,14800.0,500,Sell,231401953
2024-08-14 09:15:28,14800.0,1000,Sell,231402092
2024-08-14 09:15:30,14800.0,2000,Sell,231402127
2024-08-14 09:15:37,14800.0,2000,Sell,231402340
2024-08-14 09:15:37,14800.0,200,Sell,231402360
2024-08-14 09:15:41,14800.0,500,Sell,231402432
2024-08-14 09:15:41,14800.0,100,Sell,231402431
2024-08-14 09:15:41,14800.0,100,Sell,231402433
2024-08-14 09:15:41,14800.0,19400,Sell,231402429
2024-08-14 09:15:41,14800.0,700,Sell,231402428
2024-08-14 09:15:41,14800.0,500,Sell,231402430
2024-08-14 09:15:41,14800.0,5400,Sell,231402427
2024-08-14 09:15:51,14800.0,600,Buy,231402679
2024-08-14 09:15:52,14800.0,100,Buy,231402687
2024-08-14 09:15:53,14800.0,2000,Buy,231402720
2024-08-14 09:15:57,14800.0,1000,Buy,231402813
2024-08-14 09:15:59,14750.0,100,Sell,231402864
2024-08-14 09:15:59,14750.0,300,Sell,231402865
2024-08-14 09:16:00,14800.0,100,Buy,231402886
2024-08-14 09:16:02,14750.0,2000,Sell,231402910
2024-08-14 09:16:20,14750.0,100,Sell,231403325
2024-08-14 09:16:28,14800.0,600,Buy,231403511
2024-08-14 09:16:31,14750.0,200,Sell,231403548
2024-08-14 09:16:38,14800.0,100,Buy,231403685
2024-08-14 09:16:48,14800.0,300,Buy,231403836
2024-08-14 09:17:03,14750.0,100,Sell,231404326
2024-08-14 09:17:09,14800.0,1000,Buy,231404433
2024-08-14 09:17:13,14750.0,200,Sell,231404533
2024-08-14 09:17:15,14800.0,200,Buy,231404575
2024-08-14 09:17:16,14800.0,100,Buy,231404600
2024-08-14 09:17:31,14800.0,2000,Buy,231404970
2024-08-14 09:17:34,14800.0,1000,Buy,231405023
2024-08-14 09:17:36,14750.0,100,Sell,231405061
2024-08-14 09:17:36,14750.0,1500,Sell,231405062
2024-08-14 09:17:36,14750.0,2000,Sell,231405063
2024-08-14 09:17:36,14750.0,1000,Sell,231405064
2024-08-14 09:17:36,14750.0,300,Sell,231405065
2024-08-14 09:17:36,14750.0,200,Sell,231405066
2024-08-14 09:17:36,14750.0,9000,Sell,231405068
2024-08-14 09:17:36,14750.0,3000,Sell,231405069
2024-08-14 09:17:36,14750.0,200,Sell,231405070
2024-08-14 09:17:36,14750.0,500,Sell,231405071
2024-08-14 09:17:36,14800.0,100,Buy,231405075
2024-08-14 09:17:36,14750.0,2100,Sell,231405060
2024-08-14 09:17:36,14750.0,100,Sell,231405067
2024-08-14 09:17:47,14750.0,8500,Sell,231405328
2024-08-14 09:17:47,14750.0,3300,Sell,231405330
2024-08-14 09:17:47,14750.0,100,Sell,231405329
2024-08-14 09:17:47,14750.0,2000,Sell,231405326
2024-08-14 09:17:47,14750.0,100,Sell,231405325
2024-08-14 09:17:47,14750.0,1000,Sell,231405324
2024-08-14 09:17:47,14750.0,4500,Sell,231405323
2024-08-14 09:17:47,14750.0,500,Sell,231405327
2024-08-14 09:17:53,14800.0,3000,Buy,231405437
2024-08-14 09:17:55,14750.0,16700,Sell,231405474
2024-08-14 09:17:55,14750.0,2800,Sell,231405475
2024-08-14 09:17:55,14750.0,500,Sell,231405476
2024-08-14 09:18:01,14750.0,500,Sell,231405624
2024-08-14 09:18:01,14750.0,2000,Sell,231405625
2024-08-14 09:18:01,14750.0,200,Sell,231405626
2024-08-14 09:18:01,14750.0,200,Sell,231405627
2024-08-14 09:18:01,14750.0,600,Sell,231405628
2024-08-14 09:18:02,14750.0,200,Buy,231405651
2024-08-14 09:18:05,14750.0,1100,Buy,231405691
2024-08-14 09:18:15,14750.0,200,Buy,231405894
2024-08-14 09:18:15,14750.0,4800,Buy,231405895
2024-08-14 09:18:15,14750.0,200,Buy,231405892
2024-08-14 09:18:15,14750.0,1800,Buy,231405893
2024-08-14 09:18:17,14750.0,100,Buy,231405920
2024-08-14 09:18:20,14750.0,5000,Buy,231405949
2024-08-14 09:18:23,14750.0,1000,Buy,231406007
2024-08-14 09:18:26,14750.0,300,Buy,231406042
2024-08-14 09:18:27,14750.0,600,Buy,231406084
2024-08-14 09:18:29,14750.0,6600,Buy,231406123
2024-08-14 09:18:29,14750.0,100,Buy,231406133
2024-08-14 09:18:29,14750.0,100,Buy,231406135
2024-08-14 09:18:30,14750.0,100,Buy,231406160
2024-08-14 09:18:31,14700.0,100,Sell,231406174
2024-08-14 09:18:32,14700.0,100,Sell,231406185
2024-08-14 09:18:33,14750.0,100,Buy,231406195
2024-08-14 09:18:41,14750.0,100,Buy,231406358
2024-08-14 09:18:43,14750.0,1100,Buy,231406404
2024-08-14 09:18:43,14750.0,3900,Buy,231406405
2024-08-14 09:18:54,14700.0,100,Sell,231406643
2024-08-14 09:18:54,14750.0,100,Buy,231406642
2024-08-14 09:19:00,14750.0,600,Buy,231406813
2024-08-14 09:19:01,14750.0,100,Buy,231406824
2024-08-14 09:19:01,14750.0,400,Buy,231406823
2024-08-14 09:19:05,14750.0,1000,Buy,231406915
2024-08-14 09:19:05,14750.0,600,Buy,231406916
2024-08-14 09:19:05,14750.0,3500,Buy,231406917
2024-08-14 09:19:05,14750.0,900,Buy,231406914
2024-08-14 09:19:22,14750.0,500,Buy,231407232
2024-08-14 09:19:26,14750.0,6600,Buy,231407328
2024-08-14 09:19:28,14700.0,100,Sell,231407376
2024-08-14 09:19:29,14750.0,2000,Buy,231407386
2024-08-14 09:19:35,14750.0,1000,Buy,231407503
2024-08-14 09:19:43,14750.0,100,Buy,231407673
2024-08-14 09:19:50,14750.0,100,Buy,231407781
2024-08-14 09:19:51,14700.0,1000,Sell,231407815
2024-08-14 09:19:51,14700.0,200,Sell,231407819
2024-08-14 09:19:51,14700.0,500,Sell,231407818
2024-08-14 09:19:51,14700.0,100,Sell,231407817
2024-08-14 09:19:51,14700.0,500,Sell,231407816
2024-08-14 09:19:51,14700.0,200,Sell,231407814
2024-08-14 09:19:51,14700.0,100,Sell,231407812
2024-08-14 09:19:51,14700.0,800,Sell,231407809
2024-08-14 09:19:51,14700.0,700,Sell,231407813
2024-08-14 09:19:51,14700.0,300,Sell,231407811
2024-08-14 09:19:51,14700.0,100,Sell,231407810
2024-08-14 09:19:52,14700.0,200,Sell,231407820
2024-08-14 09:19:52,14700.0,100,Sell,231407821
2024-08-14 09:19:52,14700.0,100,Sell,231407822
2024-08-14 09:19:52,14700.0,100,Sell,231407823
2024-08-14 09:19:52,14750.0,100,Buy,231407857
2024-08-14 09:20:00,14750.0,3000,Buy,231407994
2024-08-14 09:20:01,14750.0,100,Buy,231408016
2024-08-14 09:20:03,14750.0,300,Buy,231408049
2024-08-14 09:20:06,14750.0,200,Buy,231408124
2024-08-14 09:20:07,14700.0,1000,Sell,231408152
2024-08-14 09:20:14,14700.0,2100,Sell,231408397
2024-08-14 09:20:14,14700.0,900,Sell,231408396
2024-08-14 09:20:26,14700.0,500,Sell,231408581
2024-08-14 09:20:28,14700.0,100,Sell,231408607
2024-08-14 09:20:28,14700.0,600,Sell,231408608
2024-08-14 09:20:28,14700.0,100,Sell,231408609
2024-08-14 09:20:28,14700.0,100,Sell,231408610
2024-08-14 09:20:28,14700.0,1000,Sell,231408611
2024-08-14 09:20:28,14700.0,500,Sell,231408612
2024-08-14 09:20:28,14700.0,800,Sell,231408613
2024-08-14 09:20:28,14700.0,2000,Sell,231408614
2024-08-14 09:20:28,14700.0,100,Sell,231408615
2024-08-14 09:20:28,14700.0,500,Sell,231408616
2024-08-14 09:20:28,14700.0,1100,Sell,231408617
2024-08-14 09:20:28,14700.0,2500,Sell,231408618
2024-08-14 09:20:28,14700.0,200,Sell,231408619
2024-08-14 09:20:28,14700.0,400,Sell,231408606
2024-08-14 09:20:43,14750.0,200,Buy,231408949
2024-08-14 09:20:52,14700.0,200,Sell,231409165
2024-08-14 09:20:52,14700.0,4700,Sell,231409169
2024-08-14 09:20:52,14700.0,1000,Sell,231409168
2024-08-14 09:20:52,14700.0,300,Sell,231409164
2024-08-14 09:20:52,14700.0,300,Sell,231409167
2024-08-14 09:20:52,14700.0,1000,Sell,231409162
2024-08-14 09:20:52,14700.0,100,Sell,231409163
2024-08-14 09:20:52,14700.0,300,Sell,231409159
2024-08-14 09:20:52,14700.0,1600,Sell,231409166
2024-08-14 09:20:52,14700.0,300,Sell,231409161
2024-08-14 09:20:52,14700.0,200,Sell,231409160
2024-08-14 09:20:56,14750.0,500,Buy,231409249
2024-08-14 09:20:59,14750.0,100,Buy,231409313
2024-08-14 09:21:09,14750.0,1000,Buy,231409564
2024-08-14 09:21:12,14750.0,500,Buy,231409593
2024-08-14 09:21:15,14750.0,100,Buy,231409689
2024-08-14 09:21:53,14750.0,100,Buy,231410385
2024-08-14 09:22:39,14750.0,100,Buy,231411459
2024-08-14 09:22:52,14750.0,200,Buy,231411684
2024-08-14 09:23:04,14750.0,500,Buy,231411878
2024-08-14 09:23:09,14700.0,300,Sell,231411965
2024-08-14 09:23:09,14700.0,1000,Sell,231411966
2024-08-14 09:23:09,14700.0,1000,Sell,231411967
2024-08-14 09:23:09,14700.0,2400,Sell,231411968
2024-08-14 09:23:09,14700.0,300,Sell,231411964
2024-08-14 09:23:27,14750.0,100,Buy,231412361
2024-08-14 09:23:58,14750.0,100,Buy,231413089
2024-08-14 09:23:58,14750.0,100,Buy,231413101
2024-08-14 09:23:58,14750.0,900,Buy,231413102
2024-08-14 09:24:03,14750.0,1000,Buy,231413201
2024-08-14 09:24:04,14700.0,1000,Sell,231413207
2024-08-14 09:24:04,14700.0,100,Sell,231413208
2024-08-14 09:24:04,14700.0,3800,Sell,231413209
2024-08-14 09:24:04,14700.0,100,Sell,231413210
2024-08-14 09:24:04,14700.0,100,Sell,231413211
2024-08-14 09:24:04,14700.0,1300,Sell,231413212
2024-08-14 09:24:04,14700.0,3600,Sell,231413206
2024-08-14 09:24:15,14700.0,100,Sell,231413482
2024-08-14 09:24:28,14700.0,200,Sell,231413809
2024-08-14 09:24:33,14700.0,200,Sell,231413940
2024-08-14 09:24:48,14700.0,100,Sell,231414349
2024-08-14 09:24:48,14700.0,900,Sell,231414350
2024-08-14 09:24:48,14700.0,300,Sell,231414348
2024-08-14 09:24:48,14700.0,200,Sell,231414355
2024-08-14 09:24:48,14700.0,2000,Sell,231414352
2024-08-14 09:24:48,14700.0,100,Sell,231414353
2024-08-14 09:24:48,14700.0,500,Sell,231414354
2024-08-14 09:24:48,14700.0,100,Sell,231414351
2024-08-14 09:24:48,14700.0,7500,Sell,231414347
2024-08-14 09:24:48,14700.0,100,Sell,231414341
2024-08-14 09:24:48,14700.0,900,Sell,231414345
2024-08-14 09:24:48,14700.0,800,Sell,231414344
2024-08-14 09:24:48,14700.0,500,Sell,231414343
2024-08-14 09:24:48,14700.0,100,Sell,231414342
2024-08-14 09:24:48,14700.0,100,Sell,231414340
2024-08-14 09:24:48,14700.0,500,Sell,231414339
2024-08-14 09:24:48,14700.0,300,Sell,231414338
2024-08-14 09:24:48,14700.0,2000,Sell,231414337
2024-08-14 09:24:48,14700.0,3200,Sell,231414336
2024-08-14 09:24:48,14700.0,1000,Sell,231414346
2024-08-14 09:24:52,14700.0,200,Sell,231414532
2024-08-14 09:24:52,14700.0,500,Sell,231414531
2024-08-14 09:24:52,14700.0,3000,Sell,231414530
2024-08-14 09:24:52,14700.0,4300,Sell,231414528
2024-08-14 09:24:52,14700.0,500,Sell,231414529
2024-08-14 09:24:52,14700.0,100,Sell,231414526
2024-08-14 09:24:52,14700.0,200,Sell,231414525
2024-08-14 09:24:52,14700.0,500,Sell,231414524
2024-08-14 09:24:52,14700.0,200,Sell,231414523
2024-08-14 09:24:52,14700.0,500,Sell,231414527
2024-08-14 09:24:57,14700.0,300,Sell,231414687
2024-08-14 09:24:57,14700.0,300,Sell,231414688
2024-08-14 09:24:57,14700.0,100,Sell,231414689
2024-08-14 09:24:58,14700.0,200,Sell,231414707
2024-08-14 09:24:58,14700.0,100,Sell,231414708
2024-08-14 09:24:58,14700.0,1700,Sell,231414709
2024-08-14 09:25:02,14700.0,1000,Sell,231414801
2024-08-14 09:25:03,14700.0,1000,Sell,231414818
2024-08-14 09:25:04,14700.0,1000,Sell,231414857
2024-08-14 09:25:05,14700.0,100,Sell,231414892
2024-08-14 09:25:10,14700.0,100,Sell,231414988
2024-08-14 09:25:10,14700.0,600,Sell,231414989
2024-08-14 09:25:10,14700.0,100,Sell,231414987
2024-08-14 09:25:10,14700.0,200,Sell,231414986
2024-08-14 09:25:11,14700.0,1000,Sell,231414998
2024-08-14 09:25:11,14700.0,3000,Sell,231414997
2024-08-14 09:25:11,14700.0,1000,Sell,231414994
2024-08-14 09:25:11,14700.0,1000,Sell,231414995
2024-08-14 09:25:11,14700.0,3200,Sell,231414993
2024-08-14 09:25:11,14700.0,100,Sell,231414996
2024-08-14 09:25:34,14700.0,100,Buy,231415580
2024-08-14 09:25:36,14700.0,600,Buy,231415612
2024-08-14 09:25:36,14700.0,400,Buy,231415613
2024-08-14 09:25:37,14700.0,200,Buy,231415661
2024-08-14 09:25:37,14700.0,3800,Buy,231415662
2024-08-14 09:25:45,14700.0,100,Buy,231415881
2024-08-14 09:25:52,14700.0,4100,Buy,231416063
2024-08-14 09:25:52,14700.0,100,Buy,231416066
2024-08-14 09:25:52,14700.0,800,Buy,231416067
2024-08-14 09:26:04,14700.0,500,Buy,231416387
2024-08-14 09:26:05,14700.0,1200,Buy,231416393
2024-08-14 09:26:05,14650.0,100,Sell,231416389
2024-08-14 09:26:05,14700.0,800,Buy,231416392
2024-08-14 09:26:09,14700.0,3000,Buy,231416506
2024-08-14 09:26:14,14700.0,3000,Buy,231416664
2024-08-14 09:26:19,14700.0,2800,Buy,231416737
2024-08-14 09:26:19,14700.0,1000,Buy,231416738
2024-08-14 09:26:19,14700.0,100,Buy,231416739
2024-08-14 09:26:19,14700.0,1600,Buy,231416740
2024-08-14 09:26:19,14700.0,1000,Buy,231416741
2024-08-14 09:26:36,14700.0,5000,Sell,231417220
2024-08-14 09:26:43,14700.0,10000,Sell,231417355
2024-08-14 09:26:43,14700.0,4000,Sell,231417353
2024-08-14 09:26:43,14700.0,4500,Sell,231417352
2024-08-14 09:26:43,14700.0,100,Sell,231417354
2024-08-14 09:26:47,14700.0,100,Buy,231417482
2024-08-14 09:26:50,14700.0,500,Buy,231417564
2024-08-14 09:26:50,14700.0,100,Buy,231417566
2024-08-14 09:26:51,14700.0,100,Buy,231417579
2024-08-14 09:27:12,14700.0,200,Buy,231418290
2024-08-14 09:27:14,14700.0,500,Buy,231418371
2024-08-14 09:27:29,14700.0,100,Buy,231418743
2024-08-14 09:27:36,14700.0,200,Buy,231418905
2024-08-14 09:27:42,14700.0,100,Buy,231419056
2024-08-14 09:28:11,14700.0,100,Buy,231419769
2024-08-14 09:28:18,14700.0,200,Buy,231419949
2024-08-14 09:28:20,14700.0,100,Buy,231419998
2024-08-14 09:28:58,14700.0,200,Buy,231421060
2024-08-14 09:29:02,14650.0,100,Sell,231421148
2024-08-14 09:29:16,14700.0,300,Buy,231421418
2024-08-14 09:29:23,14700.0,300,Buy,231421577
2024-08-14 09:29:25,14700.0,400,Buy,231421649
2024-08-14 09:29:40,14700.0,100,Buy,231422006
2024-08-14 09:29:44,14700.0,100,Buy,231422113
2024-08-14 09:29:45,14700.0,200,Buy,231422121
2024-08-14 09:29:50,14650.0,300,Sell,231422196
2024-08-14 09:29:50,14650.0,600,Sell,231422197
2024-08-14 09:30:07,14700.0,100,Buy,231422618
2024-08-14 09:30:11,14700.0,500,Buy,231422749
2024-08-14 09:30:14,14700.0,200,Buy,231422819
2024-08-14 09:30:20,14700.0,19300,Buy,231422994
2024-08-14 09:30:20,14700.0,2000,Buy,231422993
2024-08-14 09:30:20,14700.0,600,Buy,231422991
2024-08-14 09:30:20,14700.0,100,Buy,231422990
2024-08-14 09:30:20,14700.0,2800,Buy,231422989
2024-08-14 09:30:20,14700.0,200,Buy,231422992
2024-08-14 09:30:30,14700.0,1000,Buy,231423185
2024-08-14 09:30:35,14700.0,500,Buy,231423343
2024-08-14 09:30:39,14700.0,200,Buy,231423482
2024-08-14 09:30:39,14700.0,200,Buy,231423483
2024-08-14 09:30:44,14650.0,100,Sell,231423592
2024-08-14 09:30:45,14700.0,300,Buy,231423618
2024-08-14 09:30:45,14700.0,200,Buy,231423617
2024-08-14 09:30:45,14700.0,200,Buy,231423615
2024-08-14 09:30:45,14700.0,300,Buy,231423614
2024-08-14 09:30:45,14700.0,1000,Buy,231423616
2024-08-14 09:30:52,14700.0,100,Buy,231423868
2024-08-14 09:30:52,14700.0,100,Buy,231423870
2024-08-14 09:30:52,14700.0,200,Buy,231423871
2024-08-14 09:30:52,14700.0,100,Buy,231423872
2024-08-14 09:30:52,14700.0,600,Buy,231423873
2024-08-14 09:30:57,14700.0,300,Buy,231423989
2024-08-14 09:30:57,14700.0,100,Buy,231423988
2024-08-14 09:30:57,14700.0,400,Buy,231423987
2024-08-14 09:31:11,14700.0,2000,Buy,231424350
2024-08-14 09:31:15,14700.0,500,Buy,231424425
2024-08-14 09:32:05,14700.0,800,Buy,231425538
2024-08-14 09:32:06,14700.0,100,Buy,231425560
2024-08-14 09:32:09,14700.0,1000,Buy,231425625
2024-08-14 09:32:13,14700.0,100,Buy,231425664
2024-08-14 09:32:20,14700.0,1700,Buy,231425883
2024-08-14 09:32:27,14700.0,2000,Buy,231426039
2024-08-14 09:32:34,14700.0,1000,Buy,231426175
2024-08-14 09:32:40,14700.0,100,Buy,231426358
2024-08-14 09:32:45,14700.0,400,Buy,231426452
2024-08-14 09:32:45,14700.0,600,Buy,231426453
2024-08-14 09:32:56,14700.0,700,Buy,231426760
2024-08-14 09:32:56,14700.0,4000,Buy,231426759
2024-08-14 09:32:56,14700.0,300,Buy,231426758
2024-08-14 09:32:56,14700.0,100,Buy,231426757
2024-08-14 09:32:56,14700.0,30000,Buy,231426762
2024-08-14 09:32:56,14700.0,100,Buy,231426755
2024-08-14 09:32:56,14700.0,1400,Buy,231426756
2024-08-14 09:32:56,14700.0,100,Buy,231426752
2024-08-14 09:32:56,14700.0,200,Buy,231426761
2024-08-14 09:32:56,14700.0,10000,Buy,231426753
2024-08-14 09:32:56,14700.0,1000,Buy,231426754
2024-08-14 09:33:00,14700.0,1000,Sell,231426839
2024-08-14 09:33:26,14700.0,500,Sell,231427435
2024-08-14 09:33:30,14700.0,200,Sell,231427513
2024-08-14 09:33:33,14700.0,1200,Sell,231427638
2024-08-14 09:33:33,14700.0,100,Sell,231427639
2024-08-14 09:33:33,14700.0,400,Sell,231427636
2024-08-14 09:33:33,14700.0,400,Sell,231427637
2024-08-14 09:33:36,14700.0,900,Buy,231427705
2024-08-14 09:33:36,14700.0,100,Buy,231427708
2024-08-14 09:33:36,14700.0,100,Buy,231427706
2024-08-14 09:33:46,14700.0,200,Buy,231427886
2024-08-14 09:33:49,14650.0,100,Sell,231427950
2024-08-14 09:33:52,14700.0,100,Buy,231427990
2024-08-14 09:33:52,14700.0,4900,Buy,231427991
2024-08-14 09:33:53,14700.0,100,Buy,231428021
2024-08-14 09:33:53,14700.0,300,Buy,231428028
2024-08-14 09:33:59,14700.0,300,Buy,231428164
2024-08-14 09:34:18,14700.0,100,Buy,231428615
2024-08-14 09:34:24,14700.0,300,Buy,231428756
2024-08-14 09:34:29,14700.0,2000,Buy,231428857
2024-08-14 09:34:33,14700.0,500,Buy,231428960
2024-08-14 09:34:34,14700.0,500,Buy,231428971
2024-08-14 09:34:48,14700.0,100,Buy,231429376
2024-08-14 09:34:53,14700.0,100,Buy,231429457
2024-08-14 09:34:59,14700.0,1000,Buy,231429582
2024-08-14 09:35:03,14650.0,500,Sell,231429690
2024-08-14 09:35:08,14700.0,2000,Buy,231429762
2024-08-14 09:35:10,14700.0,300,Buy,231429787
2024-08-14 09:35:27,14700.0,900,Buy,231430082
2024-08-14 09:35:31,14700.0,100,Buy,231430207
2024-08-14 09:35:35,14700.0,500,Buy,231430271
2024-08-14 09:35:52,14700.0,500,Buy,231430623
2024-08-14 09:35:54,14700.0,1000,Buy,231430690
2024-08-14 09:36:03,14700.0,200,Buy,231430864
2024-08-14 09:36:05,14700.0,1000,Buy,231430918
2024-08-14 09:36:08,14700.0,2000,Buy,231430988
2024-08-14 09:36:11,14700.0,100,Buy,231431050
2024-08-14 09:36:12,14700.0,200,Buy,231431058
2024-08-14 09:36:21,14700.0,1000,Buy,231431306
2024-08-14 09:36:23,14700.0,2700,Buy,231431335
2024-08-14 09:36:35,14650.0,300,Sell,231431619
2024-08-14 09:36:42,14700.0,600,Buy,231431834
2024-08-14 09:36:57,14700.0,200,Buy,231432127
2024-08-14 09:36:57,14700.0,1700,Buy,231432129
2024-08-14 09:36:58,14700.0,200,Buy,231432155
2024-08-14 09:37:03,14700.0,100,Buy,231432301
2024-08-14 09:37:06,14700.0,100,Buy,231432390
2024-08-14 09:37:16,14700.0,200,Buy,231432608
2024-08-14 09:37:17,14700.0,4200,Buy,231432633
2024-08-14 09:37:17,14700.0,800,Buy,231432634
2024-08-14 09:37:18,14700.0,500,Buy,231432641
2024-08-14 09:37:18,14700.0,700,Buy,231432645
2024-08-14 09:37:18,14700.0,2300,Buy,231432646
2024-08-14 09:37:34,14700.0,19200,Buy,231432979
2024-08-14 09:37:34,14700.0,100,Buy,231432978
2024-08-14 09:37:34,14700.0,700,Buy,231432977
2024-08-14 09:37:37,14700.0,100,Buy,231433066
2024-08-14 09:37:38,14700.0,1000,Buy,231433085
2024-08-14 09:37:56,14700.0,500,Buy,231433393
2024-08-14 09:37:56,14700.0,300,Buy,231433397
2024-08-14 09:38:16,14650.0,100,Sell,231433816
2024-08-14 09:38:16,14650.0,400,Sell,231433814
2024-08-14 09:38:16,14650.0,500,Sell,231433815
2024-08-14 09:38:19,14700.0,1300,Buy,231433947
2024-08-14 09:38:19,14700.0,100,Buy,231433948
2024-08-14 09:38:28,14700.0,7500,Buy,231434117
2024-08-14 09:38:28,14700.0,3000,Buy,231434118
2024-08-14 09:38:28,14700.0,8000,Buy,231434119
2024-08-14 09:38:28,14700.0,1500,Buy,231434132
2024-08-14 09:38:31,14700.0,100,Buy,231434194
2024-08-14 09:38:34,14700.0,500,Buy,231434236
2024-08-14 09:38:36,14650.0,100,Sell,231434293
2024-08-14 09:38:36,14700.0,200,Buy,231434297
2024-08-14 09:38:38,14700.0,1000,Buy,231434349
2024-08-14 09:38:39,14700.0,100,Buy,231434377
2024-08-14 09:38:40,14700.0,1000,Buy,231434382
2024-08-14 09:38:50,14700.0,1000,Buy,231434611
2024-08-14 09:39:00,14700.0,1500,Buy,231434824
2024-08-14 09:39:09,14700.0,100,Buy,231434998
2024-08-14 09:39:17,14700.0,2000,Buy,231435148
2024-08-14 09:39:23,14700.0,7000,Buy,231435361
2024-08-14 09:39:25,14700.0,2000,Buy,231435413
2024-08-14 09:39:26,14700.0,100,Buy,231435459
2024-08-14 09:39:35,14700.0,3000,Buy,231435640
2024-08-14 09:40:10,14700.0,2000,Buy,231436462
2024-08-14 09:40:14,14700.0,100,Buy,231436526
2024-08-14 09:40:24,14700.0,700,Buy,231436802
2024-08-14 09:40:33,14700.0,1000,Buy,231437265
2024-08-14 09:40:47,14700.0,100,Buy,231437555
2024-08-14 09:40:53,14700.0,100,Buy,231437731
2024-08-14 09:41:00,14700.0,100,Buy,231437896
2024-08-14 09:41:09,14700.0,300,Buy,231438119
2024-08-14 09:41:40,14700.0,700,Buy,231439043
2024-08-14 09:41:41,14700.0,100,Buy,231439089
2024-08-14 09:41:46,14700.0,700,Buy,231439244
2024-08-14 09:41:52,14650.0,100,Sell,231439419
2024-08-14 09:41:52,14650.0,300,Sell,231439421
2024-08-14 09:41:52,14650.0,100,Sell,231439418
2024-08-14 09:41:52,14650.0,100,Sell,231439420
2024-08-14 09:42:00,14650.0,1700,Sell,231439624
2024-08-14 09:42:00,14650.0,200,Sell,231439625
2024-08-14 09:42:00,14650.0,100,Sell,231439626
2024-08-14 09:42:26,14650.0,200,Sell,231440178
2024-08-14 09:42:34,14650.0,100,Sell,231440348
2024-08-14 09:42:34,14650.0,2900,Sell,231440349
2024-08-14 09:43:10,14650.0,1000,Sell,231441195
2024-08-14 09:43:12,14650.0,10300,Sell,231441220
2024-08-14 09:43:16,14650.0,20000,Sell,231441281
2024-08-14 09:43:23,14650.0,100,Sell,231441449
2024-08-14 09:44:01,14650.0,100,Sell,231442166
2024-08-14 09:44:25,14650.0,200,Sell,231442752
2024-08-14 09:44:29,14650.0,5000,Sell,231442832
2024-08-14 09:45:35,14650.0,100,Sell,231444172
2024-08-14 09:45:44,14650.0,4700,Sell,231444378
2024-08-14 09:46:03,14650.0,100,Sell,231444746
2024-08-14 09:46:22,14650.0,6400,Sell,231445101
2024-08-14 09:46:22,14650.0,4800,Sell,231445092
2024-08-14 09:46:22,14650.0,100,Sell,231445100
2024-08-14 09:46:22,14650.0,300,Sell,231445099
2024-08-14 09:46:22,14650.0,5000,Sell,231445098
2024-08-14 09:46:22,14650.0,200,Sell,231445093
2024-08-14 09:46:22,14650.0,1000,Sell,231445096
2024-08-14 09:46:22,14650.0,2000,Sell,231445095
2024-08-14 09:46:22,14650.0,100,Sell,231445094
2024-08-14 09:46:22,14650.0,100,Sell,231445097
2024-08-14 09:46:46,14700.0,500,Buy,231445749
2024-08-14 09:46:47,14650.0,100,Sell,231445755
2024-08-14 09:46:54,14650.0,200,Sell,231445923
2024-08-14 09:46:57,14700.0,100,Buy,231446011
2024-08-14 09:47:04,14700.0,3000,Buy,231446164
2024-08-14 09:47:05,14650.0,100,Sell,231446181
2024-08-14 09:48:10,14650.0,100,Sell,231447444
2024-08-14 09:48:15,14700.0,200,Buy,231447517
2024-08-14 09:48:40,14700.0,300,Buy,231448061
2024-08-14 09:48:50,14700.0,500,Buy,231448253
2024-08-14 09:48:50,14700.0,1000,Buy,231448251
2024-08-14 09:49:10,14700.0,100,Buy,231448829
2024-08-14 09:49:10,14700.0,2000,Buy,231448833
2024-08-14 09:49:16,14700.0,100,Buy,231449096
2024-08-14 09:49:16,14700.0,500,Buy,231449099
2024-08-14 09:49:21,14700.0,100,Buy,231449198
2024-08-14 09:49:26,14700.0,1600,Buy,231449317
2024-08-14 09:49:26,14700.0,1900,Buy,231449318
2024-08-14 09:49:30,14650.0,1000,Sell,231449393
2024-08-14 09:49:34,14650.0,12500,Sell,231449494
2024-08-14 09:49:35,14700.0,3000,Buy,231449498
2024-08-14 09:49:40,14650.0,4600,Sell,231449648
2024-08-14 09:49:47,14650.0,200,Sell,231449870
2024-08-14 09:49:47,14650.0,100,Sell,231449871
2024-08-14 09:49:47,14650.0,500,Sell,231449872
2024-08-14 09:49:47,14650.0,500,Sell,231449874
2024-08-14 09:49:47,14650.0,2000,Sell,231449875
2024-08-14 09:49:47,14650.0,500,Sell,231449876
2024-08-14 09:49:47,14650.0,500,Sell,231449877
2024-08-14 09:49:47,14650.0,100,Sell,231449878
2024-08-14 09:49:47,14650.0,5000,Sell,231449879
2024-08-14 09:49:47,14650.0,100,Sell,231449880
2024-08-14 09:49:47,14650.0,200,Sell,231449886
2024-08-14 09:49:47,14650.0,4700,Sell,231449882
2024-08-14 09:49:47,14650.0,200,Sell,231449883
2024-08-14 09:49:47,14650.0,100,Sell,231449884
2024-08-14 09:49:47,14650.0,200,Sell,231449885
2024-08-14 09:49:47,14650.0,100,Sell,231449869
2024-08-14 09:49:47,14650.0,100,Sell,231449887
2024-08-14 09:49:47,14650.0,500,Sell,231449888
2024-08-14 09:49:47,14650.0,100,Sell,231449889
2024-08-14 09:49:47,14650.0,100,Sell,231449890
2024-08-14 09:49:47,14650.0,400,Sell,231449881
2024-08-14 09:49:47,14650.0,100,Sell,231449868
2024-08-14 09:49:47,14650.0,500,Sell,231449873
2024-08-14 09:49:47,14650.0,8800,Sell,231449866
2024-08-14 09:49:47,14650.0,25000,Sell,231449845
2024-08-14 09:49:47,14650.0,100,Sell,231449867
2024-08-14 09:49:47,14650.0,500,Sell,231449846
2024-08-14 09:49:47,14650.0,200,Sell,231449847
2024-08-14 09:49:47,14650.0,100,Sell,231449848
2024-08-14 09:49:47,14650.0,5000,Sell,231449849
2024-08-14 09:49:47,14650.0,500,Sell,231449850
2024-08-14 09:49:47,14650.0,100,Sell,231449852
2024-08-14 09:49:47,14650.0,100,Sell,231449853
2024-08-14 09:49:47,14650.0,100,Sell,231449854
2024-08-14 09:49:47,14650.0,200,Sell,231449855
2024-08-14 09:49:47,14650.0,100,Sell,231449851
2024-08-14 09:49:47,14650.0,100,Sell,231449857
2024-08-14 09:49:47,14650.0,200,Sell,231449865
2024-08-14 09:49:47,14650.0,500,Sell,231449856
2024-08-14 09:49:47,14650.0,100,Sell,231449863
2024-08-14 09:49:47,14650.0,700,Sell,231449862
2024-08-14 09:49:47,14650.0,100,Sell,231449864
2024-08-14 09:49:47,14650.0,100,Sell,231449860
2024-08-14 09:49:47,14650.0,200,Sell,231449859
2024-08-14 09:49:47,14650.0,200,Sell,231449858
2024-08-14 09:49:47,14650.0,200,Sell,231449861
2024-08-14 09:49:49,14650.0,2000,Sell,231449945
2024-08-14 09:49:49,14650.0,200,Sell,231449954
2024-08-14 09:49:49,14650.0,500,Sell,231449946
2024-08-14 09:49:49,14650.0,5000,Sell,231449948
2024-08-14 09:49:49,14650.0,200,Sell,231449949
2024-08-14 09:49:49,14650.0,200,Sell,231449950
2024-08-14 09:49:49,14650.0,100,Sell,231449951
2024-08-14 09:49:49,14650.0,2000,Sell,231449952
2024-08-14 09:49:49,14650.0,100,Sell,231449953
2024-08-14 09:49:49,14650.0,100,Sell,231449955
2024-08-14 09:49:49,14650.0,3800,Sell,231449966
2024-08-14 09:49:49,14650.0,100,Sell,231449957
2024-08-14 09:49:49,14650.0,500,Sell,231449958
2024-08-14 09:49:49,14650.0,500,Sell,231449959
2024-08-14 09:49:49,14650.0,400,Sell,231449960
2024-08-14 09:49:49,14650.0,100,Sell,231449961
2024-08-14 09:49:49,14650.0,5000,Sell,231449962
2024-08-14 09:49:49,14650.0,1000,Sell,231449963
2024-08-14 09:49:49,14650.0,2000,Sell,231449964
2024-08-14 09:49:49,14650.0,200,Sell,231449965
2024-08-14 09:49:49,14650.0,100,Sell,231449944
2024-08-14 09:49:49,14650.0,200,Sell,231449956
2024-08-14 09:49:49,14650.0,100,Sell,231449943
2024-08-14 09:49:49,14650.0,6500,Sell,231449938
2024-08-14 09:49:49,14650.0,100,Sell,231449941
2024-08-14 09:49:49,14650.0,100,Sell,231449942
2024-08-14 09:49:49,14650.0,900,Sell,231449919
2024-08-14 09:49:49,14650.0,200,Sell,231449920
2024-08-14 09:49:49,14650.0,200,Sell,231449921
2024-08-14 09:49:49,14650.0,3000,Sell,231449922
2024-08-14 09:49:49,14650.0,100,Sell,231449923
2024-08-14 09:49:49,14650.0,1000,Sell,231449924
2024-08-14 09:49:49,14650.0,100,Sell,231449926
2024-08-14 09:49:49,14650.0,1000,Sell,231449927
2024-08-14 09:49:49,14650.0,500,Sell,231449928
2024-08-14 09:49:49,14650.0,500,Sell,231449925
2024-08-14 09:49:49,14650.0,100,Sell,231449930
2024-08-14 09:49:49,14650.0,1000,Sell,231449940
2024-08-14 09:49:49,14650.0,2000,Sell,231449929
2024-08-14 09:49:49,14650.0,100,Sell,231449937
2024-08-14 09:49:49,14650.0,6400,Sell,231449936
2024-08-14 09:49:49,14650.0,500,Sell,231449935
2024-08-14 09:49:49,14650.0,100,Sell,231449939
2024-08-14 09:49:49,14650.0,400,Sell,231449933
2024-08-14 09:49:49,14650.0,300,Sell,231449932
2024-08-14 09:49:49,14650.0,400,Sell,231449931
2024-08-14 09:49:49,14650.0,100,Sell,231449934
2024-08-14 09:49:55,14650.0,1200,Sell,231450077
2024-08-14 09:49:55,14650.0,2400,Sell,231450078
2024-08-14 09:49:55,14650.0,100,Sell,231450079
2024-08-14 09:49:55,14650.0,1400,Sell,231450080
2024-08-14 09:49:56,14650.0,200,Sell,231450112
2024-08-14 09:49:56,14650.0,200,Sell,231450114
2024-08-14 09:49:56,14650.0,30000,Sell,231450113
2024-08-14 09:49:56,14650.0,1000,Sell,231450111
2024-08-14 09:49:56,14650.0,1900,Sell,231450115
2024-08-14 09:49:56,14650.0,100,Sell,231450109
2024-08-14 09:49:56,14650.0,12200,Sell,231450105
2024-08-14 09:49:56,14650.0,500,Sell,231450106
2024-08-14 09:49:56,14650.0,1000,Sell,231450110
2024-08-14 09:49:56,14650.0,2800,Sell,231450108
2024-08-14 09:49:56,14650.0,100,Sell,231450107
2024-08-14 09:49:59,14650.0,8100,Sell,231450147
2024-08-14 09:49:59,14650.0,100,Sell,231450148
2024-08-14 09:49:59,14650.0,1800,Sell,231450149
2024-08-14 09:49:59,14700.0,100,Buy,231450161
2024-08-14 09:50:05,14650.0,100,Sell,231450274
2024-08-14 09:50:05,14650.0,2000,Sell,231450281
2024-08-14 09:50:05,14650.0,100,Sell,231450280
2024-08-14 09:50:05,14650.0,1400,Sell,231450279
2024-08-14 09:50:05,14650.0,500,Sell,231450278
2024-08-14 09:50:05,14650.0,200,Sell,231450277
2024-08-14 09:50:05,14650.0,3000,Sell,231450276
2024-08-14 09:50:05,14650.0,1000,Sell,231450275
2024-08-14 09:50:05,14650.0,100,Sell,231450282
2024-08-14 09:50:05,14650.0,3000,Sell,231450273
2024-08-14 09:50:05,14650.0,500,Sell,231450271
2024-08-14 09:50:05,14650.0,2000,Sell,231450270
2024-08-14 09:50:05,14650.0,500,Sell,231450269
2024-08-14 09:50:05,14650.0,100,Sell,231450268
2024-08-14 09:50:05,14650.0,300,Sell,231450267
2024-08-14 09:50:05,14650.0,300,Sell,231450266
2024-08-14 09:50:05,14650.0,500,Sell,231450265
2024-08-14 09:50:05,14650.0,3000,Sell,231450264
2024-08-14 09:50:05,14650.0,100,Sell,231450263
2024-08-14 09:50:05,14650.0,1200,Sell,231450262
2024-08-14 09:50:05,14650.0,1000,Sell,231450272
2024-08-14 09:50:31,14650.0,3400,Buy,231450762
2024-08-14 09:50:38,14650.0,1000,Buy,231450877
2024-08-14 09:50:50,14650.0,200,Buy,231451123
2024-08-14 09:51:12,14650.0,300,Buy,231451511
2024-08-14 09:51:32,14650.0,500,Buy,231451779
2024-08-14 09:51:36,14650.0,2000,Buy,231451853
2024-08-14 09:51:40,14600.0,1000,Sell,231451927
2024-08-14 09:51:40,14650.0,100,Buy,231451929
2024-08-14 09:51:53,14650.0,2300,Buy,231452112
2024-08-14 09:51:59,14650.0,100,Buy,231452192
2024-08-14 09:52:03,14650.0,6800,Buy,231452256
2024-08-14 09:52:06,14650.0,100,Buy,231452308
2024-08-14 09:52:12,14650.0,100,Buy,231452440
2024-08-14 09:52:20,14650.0,300,Buy,231452575
2024-08-14 09:52:21,14650.0,100,Buy,231452588
2024-08-14 09:52:38,14600.0,500,Sell,231452839
2024-08-14 09:52:38,14600.0,1500,Sell,231452840
2024-08-14 09:52:50,14650.0,1300,Buy,231453046
2024-08-14 09:52:50,14600.0,500,Sell,231453064
2024-08-14 09:52:50,14600.0,500,Sell,231453065
2024-08-14 09:52:50,14600.0,200,Sell,231453066
2024-08-14 09:52:50,14600.0,100,Sell,231453067
2024-08-14 09:52:50,14600.0,100,Sell,231453068
2024-08-14 09:52:50,14600.0,2000,Sell,231453069
2024-08-14 09:52:50,14600.0,2000,Sell,231453070
2024-08-14 09:52:52,14600.0,1000,Sell,231453111
2024-08-14 09:52:52,14600.0,200,Sell,231453112
2024-08-14 09:52:53,14600.0,600,Sell,231453124
2024-08-14 09:52:53,14600.0,600,Sell,231453140
2024-08-14 09:52:54,14600.0,600,Sell,231453151
2024-08-14 09:52:55,14600.0,600,Sell,231453158
2024-08-14 09:52:55,14600.0,1800,Sell,231453157
2024-08-14 09:52:56,14600.0,600,Sell,231453179
2024-08-14 09:52:56,14600.0,300,Sell,231453180
2024-08-14 09:52:56,14600.0,100,Sell,231453181
2024-08-14 09:52:56,14600.0,100,Sell,231453182
2024-08-14 09:52:56,14600.0,100,Sell,231453183
2024-08-14 09:52:57,14600.0,100,Sell,231453190
2024-08-14 09:52:58,14600.0,600,Sell,231453206
2024-08-14 09:52:58,14600.0,200,Sell,231453207
2024-08-14 09:52:59,14600.0,500,Sell,231453223
2024-08-14 09:52:59,14600.0,100,Sell,231453224
2024-08-14 09:53:00,14600.0,200,Sell,231453291
2024-08-14 09:53:00,14600.0,300,Sell,231453290
2024-08-14 09:53:00,14600.0,1400,Sell,231453283
2024-08-14 09:53:00,14600.0,400,Sell,231453284
2024-08-14 09:53:00,14600.0,100,Sell,231453289
2024-08-14 09:53:02,14600.0,600,Sell,231453309
2024-08-14 09:53:04,14600.0,600,Sell,231453397
2024-08-14 09:53:08,14600.0,1000,Sell,231453511
2024-08-14 09:53:08,14600.0,400,Sell,231453512
2024-08-14 09:53:08,14600.0,200,Sell,231453513
2024-08-14 09:53:08,14600.0,3000,Sell,231453514
2024-08-14 09:53:08,14600.0,2000,Sell,231453515
2024-08-14 09:53:08,14600.0,100,Sell,231453516
2024-08-14 09:53:08,14600.0,200,Sell,231453517
2024-08-14 09:53:08,14600.0,200,Sell,231453518
2024-08-14 09:53:08,14600.0,100,Sell,231453519
2024-08-14 09:53:08,14600.0,100,Sell,231453520
2024-08-14 09:53:08,14600.0,500,Sell,231453522
2024-08-14 09:53:08,14600.0,100000,Sell,231453523
2024-08-14 09:53:08,14600.0,100,Sell,231453525
2024-08-14 09:53:08,14600.0,200,Sell,231453526
2024-08-14 09:53:08,14600.0,800,Sell,231453527
2024-08-14 09:53:08,14600.0,200,Sell,231453528
2024-08-14 09:53:08,14600.0,100,Sell,231453529
2024-08-14 09:53:08,14600.0,3900,Sell,231453530
2024-08-14 09:53:08,14600.0,400,Sell,231453531
2024-08-14 09:53:08,14600.0,1000,Sell,231453510
2024-08-14 09:53:08,14600.0,600,Sell,231453521
2024-08-14 09:53:08,14600.0,100,Sell,231453509
2024-08-14 09:53:08,14600.0,300,Sell,231453524
2024-08-14 09:53:08,14600.0,5000,Sell,231453507
2024-08-14 09:53:08,14600.0,10000,Sell,231453508
2024-08-14 09:53:08,14600.0,3000,Sell,231453487
2024-08-14 09:53:08,14600.0,1000,Sell,231453488
2024-08-14 09:53:08,14600.0,200,Sell,231453489
2024-08-14 09:53:08,14600.0,50000,Sell,231453490
2024-08-14 09:53:08,14600.0,1000,Sell,231453492
2024-08-14 09:53:08,14600.0,500,Sell,231453493
2024-08-14 09:53:08,14600.0,600,Sell,231453485
2024-08-14 09:53:08,14600.0,200,Sell,231453494
2024-08-14 09:53:08,14600.0,200,Sell,231453495
2024-08-14 09:53:08,14600.0,100,Sell,231453491
2024-08-14 09:53:08,14600.0,2000,Sell,231453497
2024-08-14 09:53:08,14600.0,1000,Sell,231453498
2024-08-14 09:53:08,14600.0,1500,Sell,231453499
2024-08-14 09:53:08,14600.0,1200,Sell,231453500
2024-08-14 09:53:08,14600.0,100,Sell,231453501
2024-08-14 09:53:08,14600.0,5000,Sell,231453502
2024-08-14 09:53:08,14600.0,100,Sell,231453503
2024-08-14 09:53:08,14600.0,100,Sell,231453504
2024-08-14 09:53:08,14600.0,1000,Sell,231453505
2024-08-14 09:53:08,14600.0,400,Sell,231453496
2024-08-14 09:53:08,14600.0,1000,Sell,231453506
2024-08-14 09:53:10,14600.0,4700,Sell,231453592
2024-08-14 09:53:10,14600.0,200,Sell,231453593
2024-08-14 09:53:10,14600.0,2000,Sell,231453594
2024-08-14 09:53:10,14600.0,500,Sell,231453595
2024-08-14 09:53:10,14600.0,100,Sell,231453597
2024-08-14 09:53:10,14600.0,200,Sell,231453602
2024-08-14 09:53:10,14600.0,100,Sell,231453599
2024-08-14 09:53:10,14600.0,100,Sell,231453600
2024-08-14 09:53:10,14600.0,300,Sell,231453601
2024-08-14 09:53:10,14600.0,200,Sell,231453603
2024-08-14 09:53:10,14600.0,100,Sell,231453591
2024-08-14 09:53:10,14600.0,300,Sell,231453598
2024-08-14 09:53:10,14600.0,500,Sell,231453588
2024-08-14 09:53:10,14600.0,100,Sell,231453596
2024-08-14 09:53:10,14600.0,100,Sell,231453586
2024-08-14 09:53:10,14600.0,1600,Sell,231453573
2024-08-14 09:53:10,14600.0,2200,Sell,231453575
2024-08-14 09:53:10,14600.0,100,Sell,231453576
2024-08-14 09:53:10,14600.0,400,Sell,231453577
2024-08-14 09:53:10,14600.0,100,Sell,231453578
2024-08-14 09:53:10,14600.0,200,Sell,231453579
2024-08-14 09:53:10,14600.0,200,Sell,231453574
2024-08-14 09:53:10,14600.0,4000,Sell,231453581
2024-08-14 09:53:10,14600.0,200,Sell,231453580
2024-08-14 09:53:10,14600.0,100,Sell,231453585
2024-08-14 09:53:10,14600.0,100,Sell,231453587
2024-08-14 09:53:10,14600.0,300,Sell,231453583
2024-08-14 09:53:10,14600.0,100,Sell,231453582
2024-08-14 09:53:10,14600.0,100,Sell,231453584
2024-08-14 09:53:13,14600.0,600,Sell,231453656
2024-08-14 09:53:13,14600.0,100,Sell,231453675
2024-08-14 09:53:13,14600.0,400,Sell,231453677
2024-08-14 09:53:13,14600.0,100,Sell,231453676
2024-08-14 09:53:14,14600.0,600,Sell,231453696
2024-08-14 09:53:15,14600.0,600,Sell,231453710
2024-08-14 09:53:15,14600.0,3000,Sell,231453712
2024-08-14 09:53:16,14600.0,100,Sell,231453742
2024-08-14 09:53:17,14600.0,600,Sell,231453772
2024-08-14 09:53:17,14650.0,100,Buy,231453760
2024-08-14 09:53:18,14600.0,600,Sell,231453785
2024-08-14 09:53:18,14600.0,100,Sell,231453784
2024-08-14 09:53:19,14600.0,2000,Sell,231453831
2024-08-14 09:53:19,14600.0,600,Sell,231453832
2024-08-14 09:53:20,14600.0,600,Sell,231453834
2024-08-14 09:53:21,14600.0,600,Sell,231453859
2024-08-14 09:53:22,14600.0,600,Sell,231453869
2024-08-14 09:53:22,14600.0,5400,Sell,231453879
2024-08-14 09:53:23,14600.0,600,Sell,231453902
2024-08-14 09:53:24,14600.0,600,Sell,231453934
2024-08-14 09:53:28,14600.0,600,Sell,231453994
2024-08-14 09:53:29,14600.0,600,Sell,231454009
2024-08-14 09:53:29,14600.0,600,Sell,231454012
2024-08-14 09:53:35,14600.0,1200,Sell,231454154
2024-08-14 09:53:36,14600.0,600,Sell,231454174
2024-08-14 09:53:36,14600.0,600,Sell,231454175
2024-08-14 09:53:37,14600.0,1000,Sell,231454202
2024-08-14 09:53:39,14600.0,1000,Sell,231454270
2024-08-14 09:53:39,14600.0,200,Sell,231454259
2024-08-14 09:53:39,14600.0,100,Sell,231454265
2024-08-14 09:53:39,14600.0,100,Sell,231454264
2024-08-14 09:53:39,14600.0,1000,Sell,231454263
2024-08-14 09:53:39,14600.0,100,Sell,231454262
2024-08-14 09:53:39,14600.0,200,Sell,231454261
2024-08-14 09:53:39,14600.0,400,Sell,231454260
2024-08-14 09:53:39,14600.0,200,Sell,231454258
2024-08-14 09:53:39,14600.0,100,Sell,231454269
2024-08-14 09:53:39,14600.0,500,Sell,231454256
2024-08-14 09:53:39,14600.0,100,Sell,231454257
2024-08-14 09:53:39,14600.0,600,Sell,231454236
2024-08-14 09:53:39,14600.0,600,Sell,231454246
2024-08-14 09:53:39,14600.0,6600,Sell,231454250
2024-08-14 09:53:39,14600.0,500,Sell,231454268
2024-08-14 09:53:39,14600.0,3000,Sell,231454252
2024-08-14 09:53:39,14600.0,100,Sell,231454254
2024-08-14 09:53:39,14600.0,100,Sell,231454255
2024-08-14 09:53:39,14600.0,300,Sell,231454251
2024-08-14 09:53:39,14600.0,1000,Sell,231454253
2024-08-14 09:53:40,14550.0,500,Sell,231454273
2024-08-14 09:53:40,14550.0,100,Sell,231454276
2024-08-14 09:53:41,14600.0,200,Buy,231454285
2024-08-14 09:53:41,14550.0,1200,Sell,231454303
2024-08-14 09:53:42,14550.0,600,Sell,231454344
2024-08-14 09:53:43,14550.0,300,Sell,231454367
2024-08-14 09:53:43,14550.0,100,Sell,231454365
2024-08-14 09:53:43,14550.0,200,Sell,231454366
2024-08-14 09:53:45,14550.0,600,Sell,231454398
2024-08-14 09:53:46,14600.0,3400,Buy,231454412
2024-08-14 09:53:47,14550.0,100,Sell,231454449
2024-08-14 09:53:47,14550.0,100,Sell,231454450
2024-08-14 09:53:47,14550.0,400,Sell,231454451
2024-08-14 09:53:48,14600.0,5000,Buy,231454471
2024-08-14 09:53:51,14550.0,100,Sell,231454502
2024-08-14 09:53:51,14550.0,6200,Sell,231454503
2024-08-14 09:53:51,14550.0,500,Sell,231454500
2024-08-14 09:53:51,14550.0,200,Sell,231454501
2024-08-14 09:53:51,14550.0,2600,Sell,231454499
2024-08-14 09:53:53,14550.0,600,Sell,231454554
2024-08-14 09:53:56,14600.0,500,Buy,231454591
2024-08-14 09:53:57,14600.0,2000,Buy,231454623
2024-08-14 09:54:00,14600.0,2200,Buy,231454679
2024-08-14 09:54:00,14600.0,2800,Buy,231454680
2024-08-14 09:54:08,14550.0,10000,Sell,231454768
2024-08-14 09:54:09,14600.0,2000,Buy,231454779
2024-08-14 09:54:22,14600.0,5000,Buy,231455006
2024-08-14 09:54:24,14600.0,100,Buy,231455030
2024-08-14 09:54:40,14600.0,500,Buy,231455292
2024-08-14 09:54:50,14600.0,100,Buy,231455439
2024-08-14 09:54:56,14600.0,100,Buy,231455565
2024-08-14 09:55:10,14600.0,2100,Buy,231455859
2024-08-14 09:55:10,14600.0,4900,Buy,231455860
2024-08-14 09:55:24,14600.0,100,Buy,231456355
2024-08-14 09:55:39,14600.0,1000,Buy,231456600
2024-08-14 09:55:40,14600.0,200,Buy,231456619
2024-08-14 09:56:15,14600.0,4100,Buy,231457249
2024-08-14 09:56:15,14600.0,900,Buy,231457250
2024-08-14 09:56:16,14600.0,100,Buy,231457263
2024-08-14 09:56:18,14600.0,100,Buy,231457300
2024-08-14 09:56:26,14600.0,400,Buy,231457458
2024-08-14 09:56:30,14600.0,700,Buy,231457514
2024-08-14 09:56:30,14600.0,300,Buy,231457513
2024-08-14 09:56:40,14600.0,100,Buy,231457663
2024-08-14 09:56:45,14600.0,1300,Buy,231457775
2024-08-14 09:57:00,14600.0,200,Buy,231458016
2024-08-14 09:57:04,14550.0,100,Sell,231458120
2024-08-14 09:57:04,14550.0,500,Sell,231458119
2024-08-14 09:57:04,14550.0,500,Sell,231458118
2024-08-14 09:57:04,14550.0,1000,Sell,231458117
2024-08-14 09:57:04,14550.0,3000,Sell,231458116
2024-08-14 09:57:04,14550.0,500,Sell,231458115
2024-08-14 09:57:04,14550.0,200,Sell,231458105
2024-08-14 09:57:04,14550.0,100,Sell,231458114
2024-08-14 09:57:04,14550.0,900,Sell,231458145
2024-08-14 09:57:04,14550.0,1000,Sell,231458112
2024-08-14 09:57:04,14550.0,100,Sell,231458111
2024-08-14 09:57:04,14550.0,1000,Sell,231458110
2024-08-14 09:57:04,14550.0,200,Sell,231458109
2024-08-14 09:57:04,14550.0,100,Sell,231458108
2024-08-14 09:57:04,14550.0,100,Sell,231458107
2024-08-14 09:57:04,14550.0,500,Sell,231458106
2024-08-14 09:57:04,14550.0,1000,Sell,231458113
2024-08-14 09:57:04,14550.0,300,Sell,231458121
2024-08-14 09:57:04,14550.0,1000,Sell,231458123
2024-08-14 09:57:04,14550.0,300,Sell,231458124
2024-08-14 09:57:04,14550.0,300,Sell,231458144
2024-08-14 09:57:04,14550.0,200,Sell,231458143
2024-08-14 09:57:04,14550.0,100,Sell,231458142
2024-08-14 09:57:04,14550.0,1000,Sell,231458137
2024-08-14 09:57:04,14550.0,100,Sell,231458136
2024-08-14 09:57:04,14550.0,100,Sell,231458135
2024-08-14 09:57:04,14550.0,500,Sell,231458134
2024-08-14 09:57:04,14550.0,5000,Sell,231458122
2024-08-14 09:57:04,14550.0,20000,Sell,231458133
2024-08-14 09:57:04,14550.0,100,Sell,231458131
2024-08-14 09:57:04,14550.0,200,Sell,231458130
2024-08-14 09:57:04,14550.0,1000,Sell,231458129
2024-08-14 09:57:04,14550.0,100,Sell,231458128
2024-08-14 09:57:04,14550.0,100,Sell,231458127
2024-08-14 09:57:04,14550.0,1000,Sell,231458126
2024-08-14 09:57:04,14550.0,7000,Sell,231458125
2024-08-14 09:57:04,14550.0,100,Sell,231458132
2024-08-14 09:57:04,14550.0,700,Sell,231458104
2024-08-14 09:57:04,14550.0,100,Sell,231458094
2024-08-14 09:57:04,14550.0,500,Sell,231458102
2024-08-14 09:57:04,14550.0,500,Sell,231458079
2024-08-14 09:57:04,14550.0,500,Sell,231458078
2024-08-14 09:57:04,14550.0,100,Sell,231458077
2024-08-14 09:57:04,14550.0,1000,Sell,231458076
2024-08-14 09:57:04,14550.0,1000,Sell,231458075
2024-08-14 09:57:04,14550.0,500,Sell,231458074
2024-08-14 09:57:04,14550.0,300,Sell,231458073
2024-08-14 09:57:04,14550.0,200,Sell,231458072
2024-08-14 09:57:04,14550.0,100,Sell,231458071
2024-08-14 09:57:04,14550.0,100,Sell,231458070
2024-08-14 09:57:04,14550.0,200,Sell,231458069
2024-08-14 09:57:04,14550.0,500,Sell,231458068
2024-08-14 09:57:04,14550.0,100,Sell,231458067
2024-08-14 09:57:04,14550.0,500,Sell,231458103
2024-08-14 09:57:04,14550.0,13200,Sell,231458065
2024-08-14 09:57:04,14550.0,10000,Sell,231458080
2024-08-14 09:57:04,14550.0,200,Sell,231458081
2024-08-14 09:57:04,14550.0,100,Sell,231458066
2024-08-14 09:57:04,14550.0,300,Sell,231458083
2024-08-14 09:57:04,14550.0,100,Sell,231458082
2024-08-14 09:57:04,14550.0,2000,Sell,231458101
2024-08-14 09:57:04,14550.0,500,Sell,231458100
2024-08-14 09:57:04,14550.0,300,Sell,231458099
2024-08-14 09:57:04,14550.0,1000,Sell,231458098
2024-08-14 09:57:04,14550.0,100,Sell,231458097
2024-08-14 09:57:04,14550.0,700,Sell,231458096
2024-08-14 09:57:04,14550.0,5000,Sell,231458095
2024-08-14 09:57:04,14550.0,1400,Sell,231458091
2024-08-14 09:57:04,14550.0,2000,Sell,231458092
2024-08-14 09:57:04,14550.0,1000,Sell,231458090
2024-08-14 09:57:04,14550.0,300,Sell,231458089
2024-08-14 09:57:04,14550.0,2000,Sell,231458088
2024-08-14 09:57:04,14550.0,1000,Sell,231458087
2024-08-14 09:57:04,14550.0,1000,Sell,231458086
2024-08-14 09:57:04,14550.0,1000,Sell,231458085
2024-08-14 09:57:04,14550.0,500,Sell,231458084
2024-08-14 09:57:04,14550.0,100,Sell,231458093
2024-08-14 09:57:11,14550.0,3000,Sell,231458279
2024-08-14 09:57:11,14550.0,100,Sell,231458281
2024-08-14 09:57:11,14550.0,1000,Sell,231458285
2024-08-14 09:57:11,14550.0,200,Sell,231458283
2024-08-14 09:57:11,14550.0,500,Sell,231458284
2024-08-14 09:57:11,14550.0,10000,Sell,231458286
2024-08-14 09:57:11,14550.0,100,Sell,231458282
2024-08-14 09:57:11,14550.0,100,Sell,231458278
2024-08-14 09:57:11,14550.0,5000,Sell,231458280
2024-08-14 09:57:11,14550.0,100,Sell,231458276
2024-08-14 09:57:11,14550.0,100,Sell,231458277
2024-08-14 09:57:11,14550.0,3700,Sell,231458268
2024-08-14 09:57:11,14550.0,100,Sell,231458269
2024-08-14 09:57:11,14550.0,100,Sell,231458270
2024-08-14 09:57:11,14550.0,200,Sell,231458275
2024-08-14 09:57:11,14550.0,500,Sell,231458272
2024-08-14 09:57:11,14550.0,100,Sell,231458273
2024-08-14 09:57:11,14550.0,1000,Sell,231458271
2024-08-14 09:57:11,14550.0,1000,Sell,231458274
2024-08-14 09:57:12,14550.0,300,Sell,231458293
2024-08-14 09:57:12,14550.0,2000,Sell,231458292
2024-08-14 09:57:12,14550.0,1000,Sell,231458291
2024-08-14 09:57:12,14550.0,100,Sell,231458289
2024-08-14 09:57:12,14550.0,100,Sell,231458290
2024-08-14 09:57:24,14550.0,1000,Sell,231458474
2024-08-14 09:57:28,14550.0,8000,Sell,231458548
2024-08-14 09:57:32,14550.0,4000,Sell,231458616
2024-08-14 09:57:35,14550.0,200,Sell,231458686
2024-08-14 09:57:39,14600.0,300,Buy,231458763
2024-08-14 09:57:39,14550.0,3000,Sell,231458773
2024-08-14 09:57:44,14550.0,100,Sell,231458825
2024-08-14 09:57:54,14550.0,100,Sell,231458990
2024-08-14 09:58:01,14550.0,100,Sell,231459111
2024-08-14 09:58:02,14550.0,100,Sell,231459130
2024-08-14 09:58:02,14550.0,1600,Sell,231459133
2024-08-14 09:58:02,14550.0,13200,Sell,231459129
2024-08-14 09:58:02,14550.0,100,Sell,231459131
2024-08-14 09:58:02,14550.0,5000,Sell,231459132
2024-08-14 09:58:07,14550.0,1000,Sell,231459197
2024-08-14 09:58:07,14550.0,100,Sell,231459196
2024-08-14 09:58:07,14550.0,5000,Sell,231459195
2024-08-14 09:58:07,14550.0,100,Sell,231459194
2024-08-14 09:58:07,14550.0,500,Sell,231459193
2024-08-14 09:58:07,14550.0,600,Sell,231459192
2024-08-14 09:58:07,14550.0,100,Sell,231459198
2024-08-14 09:58:07,14550.0,100,Sell,231459190
2024-08-14 09:58:07,14550.0,2000,Sell,231459189
2024-08-14 09:58:07,14550.0,100,Sell,231459188
2024-08-14 09:58:07,14550.0,400,Sell,231459187
2024-08-14 09:58:07,14550.0,500,Sell,231459186
2024-08-14 09:58:07,14550.0,400,Sell,231459185
2024-08-14 09:58:07,14550.0,100,Sell,231459191
2024-08-14 09:58:09,14550.0,500,Sell,231459255
2024-08-14 09:58:09,14550.0,300,Sell,231459254
2024-08-14 09:58:09,14550.0,100,Sell,231459253
2024-08-14 09:58:09,14550.0,1000,Sell,231459252
2024-08-14 09:58:09,14550.0,500,Sell,231459251
2024-08-14 09:58:09,14550.0,100,Sell,231459250
2024-08-14 09:58:09,14550.0,100,Sell,231459248
2024-08-14 09:58:09,14550.0,100,Sell,231459247
2024-08-14 09:58:09,14550.0,5000,Sell,231459246
2024-08-14 09:58:09,14550.0,2000,Sell,231459245
2024-08-14 09:58:09,14550.0,100,Sell,231459244
2024-08-14 09:58:09,14550.0,500,Sell,231459249
2024-08-14 09:58:09,14550.0,4900,Sell,231459243
2024-08-14 09:58:10,14550.0,2000,Buy,231459274
2024-08-14 09:58:10,14550.0,200,Buy,231459278
2024-08-14 09:58:11,14550.0,1100,Buy,231459291
2024-08-14 09:58:19,14550.0,400,Buy,231459460
2024-08-14 09:58:25,14550.0,100,Buy,231459559
2024-08-14 09:58:27,14550.0,100,Buy,231459588
2024-08-14 09:58:30,14550.0,1000,Buy,231459624
2024-08-14 09:58:32,14550.0,100,Buy,231459677
2024-08-14 09:58:32,14550.0,500,Buy,231459687
2024-08-14 09:58:33,14550.0,100,Buy,231459697
2024-08-14 09:58:39,14550.0,100,Buy,231459761
2024-08-14 09:58:42,14550.0,500,Buy,231459810
2024-08-14 09:58:46,14550.0,2000,Buy,231459896
2024-08-14 09:58:51,14550.0,100,Buy,231459999
2024-08-14 09:58:51,14550.0,100,Buy,231460000
2024-08-14 09:59:00,14550.0,6400,Buy,231460147
2024-08-14 09:59:00,14550.0,10000,Buy,231460148
2024-08-14 09:59:00,14550.0,7700,Buy,231460149
2024-08-14 09:59:00,14550.0,5000,Buy,231460150
2024-08-14 09:59:00,14550.0,2800,Buy,231460151
2024-08-14 09:59:00,14550.0,18100,Buy,231460152
2024-08-14 09:59:06,14550.0,100,Sell,231460228
2024-08-14 09:59:06,14550.0,400,Sell,231460225
2024-08-14 09:59:06,14550.0,200,Sell,231460226
2024-08-14 09:59:06,14550.0,100,Sell,231460227
2024-08-14 09:59:09,14550.0,100,Buy,231460281
2024-08-14 09:59:09,14550.0,2000,Buy,231460285
2024-08-14 09:59:17,14550.0,100,Buy,231460421
2024-08-14 09:59:17,14550.0,200,Buy,231460424
2024-08-14 09:59:18,14550.0,100,Buy,231460450
2024-08-14 09:59:20,14550.0,5000,Buy,231460479
2024-08-14 09:59:24,14550.0,700,Buy,231460548
2024-08-14 09:59:27,14550.0,900,Buy,231460616
2024-08-14 09:59:31,14550.0,1000,Buy,231460657
2024-08-14 09:59:32,14550.0,100,Buy,231460669
2024-08-14 09:59:34,14550.0,100,Buy,231460710
2024-08-14 09:59:37,14550.0,2000,Buy,231460758
2024-08-14 09:59:38,14550.0,2000,Buy,231460774
2024-08-14 09:59:38,14550.0,1000,Buy,231460771
2024-08-14 09:59:38,14550.0,100,Buy,231460770
2024-08-14 09:59:39,14550.0,700,Buy,231460817
2024-08-14 09:59:39,14550.0,300,Buy,231460818
2024-08-14 09:59:41,14550.0,2000,Buy,231460845
2024-08-14 09:59:43,14550.0,400,Buy,231460883
2024-08-14 09:59:43,14550.0,2300,Buy,231460895
2024-08-14 09:59:43,14550.0,700,Buy,231460896
2024-08-14 09:59:43,14550.0,1000,Buy,231460897
2024-08-14 09:59:43,14550.0,100,Buy,231460898
2024-08-14 09:59:44,14550.0,100,Sell,231460903
2024-08-14 09:59:49,14550.0,300,Sell,231460987
2024-08-14 09:59:52,14550.0,500,Sell,231461026
2024-08-14 10:00:04,14550.0,200,Sell,231461203
2024-08-14 10:00:04,14550.0,400,Sell,231461204
2024-08-14 10:00:04,14550.0,2600,Sell,231461198
2024-08-14 10:00:04,14550.0,600,Sell,231461199
2024-08-14 10:00:05,14550.0,100,Sell,231461231
2024-08-14 10:00:05,14550.0,400,Sell,231461259
2024-08-14 10:00:05,14550.0,200,Sell,231461258
2024-08-14 10:00:05,14550.0,700,Sell,231461257
2024-08-14 10:00:05,14550.0,100,Sell,231461256
2024-08-14 10:00:05,14550.0,200,Sell,231461255
2024-08-14 10:00:05,14550.0,300,Sell,231461254
2024-08-14 10:00:05,14550.0,100,Sell,231461238
2024-08-14 10:00:05,14550.0,300,Sell,231461237
2024-08-14 10:00:05,14550.0,100,Sell,231461236
2024-08-14 10:00:05,14550.0,100,Sell,231461235
2024-08-14 10:00:05,14550.0,200,Sell,231461234
2024-08-14 10:00:05,14550.0,300,Sell,231461233
2024-08-14 10:00:05,14550.0,400,Sell,231461230
2024-08-14 10:00:05,14550.0,200,Sell,231461232
2024-08-14 10:00:05,14550.0,300,Sell,231461228
2024-08-14 10:00:05,14550.0,200,Sell,231461206
2024-08-14 10:00:05,14550.0,1700,Sell,231461229
2024-08-14 10:00:05,14550.0,1000,Sell,231461207
2024-08-14 10:00:05,14550.0,100,Sell,231461209
2024-08-14 10:00:05,14550.0,100,Sell,231461210
2024-08-14 10:00:05,14550.0,500,Sell,231461211
2024-08-14 10:00:05,14550.0,500,Sell,231461212
2024-08-14 10:00:05,14550.0,500,Sell,231461208
2024-08-14 10:00:05,14550.0,1200,Sell,231461214
2024-08-14 10:00:05,14550.0,400,Sell,231461215
2024-08-14 10:00:05,14550.0,500,Sell,231461216
2024-08-14 10:00:05,14550.0,100,Sell,231461217
2024-08-14 10:00:05,14550.0,200,Sell,231461227
2024-08-14 10:00:05,14550.0,4500,Sell,231461218
2024-08-14 10:00:05,14550.0,2500,Sell,231461213
2024-08-14 10:00:09,14550.0,700,Sell,231461312
2024-08-14 10:00:19,14550.0,200,Sell,231461474
2024-08-14 10:00:33,14550.0,3000,Sell,231461763
2024-08-14 10:00:34,14550.0,100,Sell,231461810
2024-08-14 10:00:34,14550.0,300,Sell,231461818
2024-08-14 10:00:34,14550.0,100,Sell,231461814
2024-08-14 10:00:34,14550.0,100,Sell,231461815
2024-08-14 10:00:34,14550.0,100,Sell,231461816
2024-08-14 10:00:34,14550.0,300,Sell,231461817
2024-08-14 10:00:34,14550.0,100,Sell,231461809
2024-08-14 10:00:34,14550.0,400,Sell,231461819
2024-08-14 10:00:34,14550.0,900,Sell,231461832
2024-08-14 10:00:34,14550.0,1100,Sell,231461821
2024-08-14 10:00:34,14550.0,200,Sell,231461822
2024-08-14 10:00:34,14550.0,300,Sell,231461827
2024-08-14 10:00:34,14550.0,200,Sell,231461828
2024-08-14 10:00:34,14550.0,200,Sell,231461829
2024-08-14 10:00:34,14550.0,500,Sell,231461831
2024-08-14 10:00:34,14550.0,100,Sell,231461808
2024-08-14 10:00:34,14550.0,500,Sell,231461820
2024-08-14 10:00:34,14550.0,300,Sell,231461807
2024-08-14 10:00:34,14550.0,100,Sell,231461830
2024-08-14 10:00:34,14550.0,200,Sell,231461805
2024-08-14 10:00:34,14550.0,400,Sell,231461770
2024-08-14 10:00:34,14550.0,100,Sell,231461771
2024-08-14 10:00:34,14550.0,700,Sell,231461776
2024-08-14 10:00:34,14550.0,200,Sell,231461777
2024-08-14 10:00:34,14550.0,500,Sell,231461778
2024-08-14 10:00:34,14550.0,600,Sell,231461780
2024-08-14 10:00:34,14550.0,200,Sell,231461781
2024-08-14 10:00:34,14550.0,100,Sell,231461782
2024-08-14 10:00:34,14550.0,6600,Sell,231461783
2024-08-14 10:00:34,14550.0,100,Sell,231461806
2024-08-14 10:00:34,14550.0,200,Sell,231461785
2024-08-14 10:00:34,14550.0,300,Sell,231461786
2024-08-14 10:00:34,14550.0,1500,Sell,231461787
2024-08-14 10:00:34,14550.0,1000,Sell,231461788
2024-08-14 10:00:34,14550.0,600,Sell,231461789
2024-08-14 10:00:34,14550.0,700,Sell,231461790
2024-08-14 10:00:34,14550.0,1400,Sell,231461791
2024-08-14 10:00:34,14550.0,300,Sell,231461804
2024-08-14 10:00:34,14550.0,500,Sell,231461784
2024-08-14 10:00:35,14550.0,300,Sell,231461842
2024-08-14 10:00:35,14550.0,100,Sell,231461839
2024-08-14 10:00:35,14550.0,400,Sell,231461837
2024-08-14 10:00:35,14550.0,500,Sell,231461836
2024-08-14 10:00:35,14550.0,100,Sell,231461838
2024-08-14 10:00:54,14550.0,100,Sell,231462095
2024-08-14 10:00:54,14550.0,200,Sell,231462096
2024-08-14 10:00:54,14550.0,100,Sell,231462097
2024-08-14 10:00:54,14550.0,100,Sell,231462098
2024-08-14 10:00:57,14550.0,200,Sell,231462158
2024-08-14 10:00:57,14550.0,100,Sell,231462156
2024-08-14 10:00:57,14550.0,5000,Sell,231462157
2024-08-14 10:00:57,14550.0,2000,Sell,231462154
2024-08-14 10:00:57,14550.0,2800,Sell,231462155
2024-08-14 10:00:57,14550.0,900,Sell,231462153
2024-08-14 10:00:58,14550.0,3000,Buy,231462167
2024-08-14 10:00:59,14550.0,6000,Buy,231462197
2024-08-14 10:00:59,14550.0,1000,Buy,231462198
2024-08-14 10:00:59,14550.0,100,Sell,231462199
2024-08-14 10:00:59,14550.0,200,Sell,231462208
2024-08-14 10:00:59,14550.0,200,Sell,231462209
2024-08-14 10:01:00,14500.0,200,Sell,231462226
2024-08-14 10:01:00,14500.0,100,Sell,231462229
2024-08-14 10:01:00,14500.0,100,Sell,231462230
2024-08-14 10:01:00,14500.0,100,Sell,231462231
2024-08-14 10:01:00,14500.0,100,Sell,231462232
2024-08-14 10:01:00,14500.0,300,Sell,231462238
2024-08-14 10:01:00,14500.0,100,Sell,231462235
2024-08-14 10:01:00,14500.0,100,Sell,231462236
2024-08-14 10:01:00,14500.0,100,Sell,231462237
2024-08-14 10:01:00,14500.0,200,Sell,231462239
2024-08-14 10:01:00,14500.0,100,Sell,231462241
2024-08-14 10:01:00,14500.0,200,Sell,231462233
2024-08-14 10:01:00,14500.0,100,Sell,231462225
2024-08-14 10:01:00,14500.0,200,Sell,231462218
2024-08-14 10:01:00,14500.0,100,Sell,231462223
2024-08-14 10:01:00,14500.0,200,Sell,231462224
2024-08-14 10:01:00,14550.0,100,Sell,231462210
2024-08-14 10:01:00,14550.0,2400,Sell,231462211
2024-08-14 10:01:00,14500.0,100,Sell,231462212
2024-08-14 10:01:00,14500.0,800,Sell,231462214
2024-08-14 10:01:00,14500.0,100,Sell,231462215
2024-08-14 10:01:00,14500.0,900,Sell,231462213
2024-08-14 10:01:00,14500.0,100,Sell,231462217
2024-08-14 10:01:00,14500.0,100,Sell,231462216
2024-08-14 10:01:00,14500.0,100,Sell,231462219
2024-08-14 10:01:00,14500.0,100,Sell,231462220
2024-08-14 10:01:00,14500.0,100,Sell,231462221
2024-08-14 10:01:00,14500.0,100,Sell,231462222
2024-08-14 10:01:11,14550.0,600,Buy,231462390
2024-08-14 10:01:13,14550.0,300,Sell,231462431
2024-08-14 10:01:13,14550.0,300,Sell,231462430
2024-08-14 10:01:19,14550.0,500,Buy,231462517
2024-08-14 10:01:22,14550.0,1000,Buy,231462566
2024-08-14 10:01:26,14550.0,900,Buy,231462664
2024-08-14 10:01:33,14550.0,500,Sell,231462793
2024-08-14 10:01:38,14550.0,1000,Sell,231462862
2024-08-14 10:01:47,14550.0,17600,Sell,231463047
2024-08-14 10:01:47,14550.0,1000,Sell,231463048
2024-08-14 10:01:47,14550.0,500,Sell,231463049
2024-08-14 10:01:47,14550.0,100,Sell,231463050
2024-08-14 10:01:47,14550.0,100,Sell,231463051
2024-08-14 10:01:47,14550.0,100,Sell,231463052
2024-08-14 10:01:47,14550.0,2000,Sell,231463053
2024-08-14 10:01:47,14550.0,200,Sell,231463054
2024-08-14 10:01:47,14550.0,100,Sell,231463055
2024-08-14 10:02:06,14550.0,500,Buy,231463350
2024-08-14 10:02:07,14550.0,100,Buy,231463365
2024-08-14 10:02:20,14550.0,100,Buy,231463535
2024-08-14 10:02:21,14550.0,1000,Buy,231463548
2024-08-14 10:02:27,14500.0,900,Sell,231463641
2024-08-14 10:02:27,14500.0,100,Sell,231463640
2024-08-14 10:02:31,14500.0,100,Sell,231463708
2024-08-14 10:02:31,14550.0,200,Buy,231463706
2024-08-14 10:02:35,14500.0,2000,Sell,231463732
2024-08-14 10:02:36,14500.0,100,Sell,231463747
2024-08-14 10:02:36,14500.0,100,Sell,231463753
2024-08-14 10:02:36,14500.0,200,Sell,231463754
2024-08-14 10:02:36,14500.0,9600,Sell,231463755
2024-08-14 10:02:39,14550.0,100,Buy,231463791
2024-08-14 10:02:56,14550.0,1000,Buy,231464082
2024-08-14 10:02:56,14550.0,500,Buy,231464065
2024-08-14 10:03:03,14550.0,300,Buy,231464169
2024-08-14 10:03:05,14500.0,5000,Sell,231464211
2024-08-14 10:03:09,14550.0,700,Buy,231464295
2024-08-14 10:03:12,14550.0,500,Buy,231464332
2024-08-14 10:03:13,14550.0,1000,Buy,231464351
2024-08-14 10:03:18,14550.0,3200,Buy,231464409
2024-08-14 10:03:21,14550.0,5000,Buy,231464444
2024-08-14 10:03:24,14550.0,100,Buy,231464493
2024-08-14 10:03:35,14550.0,100,Buy,231464615
2024-08-14 10:03:39,14550.0,100,Buy,231464659
2024-08-14 10:03:40,14550.0,500,Buy,231464668
2024-08-14 10:03:44,14550.0,200,Buy,231464760
2024-08-14 10:03:44,14500.0,1000,Sell,231464755
2024-08-14 10:03:48,14550.0,100,Buy,231464843
2024-08-14 10:03:49,14550.0,100,Buy,231464855
2024-08-14 10:03:49,14550.0,300,Buy,231464856
2024-08-14 10:03:56,14500.0,700,Sell,231464997
2024-08-14 10:03:58,14500.0,400,Sell,231465031
2024-08-14 10:03:58,14500.0,3700,Sell,231465029
2024-08-14 10:03:58,14500.0,200,Sell,231465030
2024-08-14 10:04:11,14550.0,1000,Buy,231465227
2024-08-14 10:04:14,14550.0,4000,Buy,231465307
2024-08-14 10:04:29,14550.0,1000,Buy,231465552
2024-08-14 10:04:31,14550.0,100,Buy,231465582
2024-08-14 10:04:32,14550.0,100,Buy,231465592
2024-08-14 10:04:35,14550.0,1000,Buy,231465639
2024-08-14 10:04:48,14550.0,1000,Buy,231465811
2024-08-14 10:04:57,14550.0,200,Buy,231465998
2024-08-14 10:04:58,14550.0,300,Buy,231466018
2024-08-14 10:05:00,14550.0,100,Buy,231466051
2024-08-14 10:05:04,14550.0,100,Buy,231466099
2024-08-14 10:05:05,14550.0,4000,Buy,231466112
2024-08-14 10:05:07,14550.0,400,Buy,231466135
2024-08-14 10:05:10,14550.0,700,Buy,231466195
2024-08-14 10:05:13,14550.0,100,Buy,231466218
2024-08-14 10:05:14,14550.0,3800,Buy,231466269
2024-08-14 10:05:18,14550.0,200,Buy,231466429
2024-08-14 10:05:20,14550.0,200,Buy,231466441
2024-08-14 10:05:20,14550.0,100,Buy,231466442
2024-08-14 10:05:22,14550.0,1000,Buy,231466489
2024-08-14 10:05:23,14550.0,1000,Buy,231466507
2024-08-14 10:05:23,14550.0,100,Buy,231466508
2024-08-14 10:05:23,14550.0,500,Buy,231466499
2024-08-14 10:05:24,14550.0,1000,Buy,231466525
2024-08-14 10:05:26,14550.0,800,Buy,231466538
2024-08-14 10:05:30,14550.0,100,Buy,231466586
2024-08-14 10:05:31,14550.0,1000,Buy,231466595
2024-08-14 10:05:40,14550.0,800,Buy,231466724
2024-08-14 10:05:40,14550.0,100,Buy,231466725
2024-08-14 10:05:40,14550.0,400,Buy,231466717
2024-08-14 10:05:40,14550.0,100,Buy,231466716
2024-08-14 10:05:40,14550.0,600,Buy,231466723
2024-08-14 10:05:41,14550.0,2000,Buy,231466753
2024-08-14 10:05:41,14550.0,2000,Buy,231466752
2024-08-14 10:05:41,14550.0,200,Buy,231466751
2024-08-14 10:05:41,14550.0,200,Buy,231466750
2024-08-14 10:05:41,14550.0,2000,Buy,231466754
2024-08-14 10:05:41,14550.0,600,Buy,231466748
2024-08-14 10:05:41,14550.0,400,Buy,231466747
2024-08-14 10:05:41,14550.0,2300,Buy,231466746
2024-08-14 10:05:41,14550.0,100,Buy,231466742
2024-08-14 10:05:41,14550.0,10300,Buy,231466749
2024-08-14 10:05:42,14550.0,1000,Buy,231466757
2024-08-14 10:05:44,14550.0,1000,Buy,231466792
2024-08-14 10:05:44,14550.0,2000,Buy,231466793
2024-08-14 10:05:44,14550.0,2000,Buy,231466794
2024-08-14 10:05:45,14550.0,3000,Buy,231466800
2024-08-14 10:05:45,14550.0,7000,Buy,231466801
2024-08-14 10:05:46,14550.0,1000,Buy,231466817
2024-08-14 10:05:50,14550.0,500,Buy,231466869
2024-08-14 10:05:50,14550.0,100,Buy,231466878
2024-08-14 10:05:52,14550.0,5000,Buy,231466905
2024-08-14 10:05:53,14550.0,100,Buy,231466932
2024-08-14 10:05:55,14550.0,200,Buy,231466948
2024-08-14 10:05:57,14550.0,100,Buy,231466976
2024-08-14 10:05:59,14550.0,1000,Sell,231466990
2024-08-14 10:05:59,14550.0,400,Sell,231466989
2024-08-14 10:05:59,14550.0,800,Sell,231466991
2024-08-14 10:06:16,14550.0,500,Sell,231467446
2024-08-14 10:06:16,14550.0,100,Sell,231467445
2024-08-14 10:06:16,14550.0,1000,Sell,231467444
2024-08-14 10:06:16,14550.0,4200,Sell,231467440
2024-08-14 10:06:16,14550.0,200,Sell,231467442
2024-08-14 10:06:16,14550.0,2000,Sell,231467443
2024-08-14 10:06:16,14550.0,1100,Sell,231467441
2024-08-14 10:06:17,14550.0,1100,Buy,231467456
2024-08-14 10:06:23,14550.0,300,Buy,231467529
2024-08-14 10:06:23,14550.0,200,Buy,231467526
2024-08-14 10:06:25,14550.0,100,Buy,231467574
2024-08-14 10:06:37,14550.0,100,Buy,231467775
2024-08-14 10:06:38,14550.0,100,Buy,231467789
2024-08-14 10:06:39,14550.0,100,Buy,231467805
2024-08-14 10:06:39,14550.0,3900,Buy,231467816
2024-08-14 10:06:39,14550.0,1100,Buy,231467817
2024-08-14 10:06:40,14550.0,100,Buy,231467835
2024-08-14 10:06:47,14550.0,100,Sell,231467956
2024-08-14 10:06:47,14550.0,300,Sell,231467958
2024-08-14 10:06:57,14500.0,100,Sell,231468145
2024-08-14 10:06:57,14500.0,100,Sell,231468146
2024-08-14 10:06:57,14500.0,100,Sell,231468147
2024-08-14 10:06:57,14500.0,100,Sell,231468150
2024-08-14 10:06:57,14500.0,200,Sell,231468148
2024-08-14 10:06:57,14500.0,300,Sell,231468149
2024-08-14 10:06:57,14500.0,100,Sell,231468151
2024-08-14 10:06:57,14500.0,1300,Sell,231468163
2024-08-14 10:06:57,14500.0,100,Sell,231468159
2024-08-14 10:06:57,14500.0,100,Sell,231468160
2024-08-14 10:06:57,14500.0,300,Sell,231468161
2024-08-14 10:06:57,14500.0,100,Sell,231468162
2024-08-14 10:06:57,14500.0,100,Sell,231468144
2024-08-14 10:06:57,14500.0,1000,Sell,231468165
2024-08-14 10:06:57,14500.0,200,Sell,231468166
2024-08-14 10:06:57,14500.0,100,Sell,231468152
2024-08-14 10:06:57,14500.0,100,Sell,231468164
2024-08-14 10:06:57,14500.0,200,Sell,231468143
2024-08-14 10:06:57,14550.0,200,Sell,231468102
2024-08-14 10:06:57,14550.0,500,Sell,231468100
2024-08-14 10:06:57,14550.0,1000,Sell,231468101
2024-08-14 10:06:57,14500.0,100,Sell,231468141
2024-08-14 10:06:57,14550.0,300,Sell,231468103
2024-08-14 10:06:57,14550.0,100,Sell,231468125
2024-08-14 10:06:57,14550.0,500,Sell,231468126
2024-08-14 10:06:57,14550.0,400,Sell,231468127
2024-08-14 10:06:57,14550.0,400,Sell,231468128
2024-08-14 10:06:57,14550.0,100,Sell,231468129
2024-08-14 10:06:57,14500.0,200,Sell,231468142
2024-08-14 10:06:57,14550.0,100,Sell,231468131
2024-08-14 10:06:57,14550.0,300,Sell,231468132
2024-08-14 10:06:57,14500.0,100,Sell,231468133
2024-08-14 10:06:57,14500.0,100,Sell,231468134
2024-08-14 10:06:57,14500.0,200,Sell,231468135
2024-08-14 10:06:57,14500.0,200,Sell,231468136
2024-08-14 10:06:57,14500.0,300,Sell,231468137
2024-08-14 10:06:57,14500.0,200,Sell,231468140
2024-08-14 10:06:57,14550.0,100,Sell,231468130
2024-08-14 10:06:58,14500.0,100,Sell,231468322
2024-08-14 10:06:58,14500.0,100,Sell,231468321
2024-08-14 10:06:58,14500.0,100,Sell,231468299
2024-08-14 10:06:58,14500.0,100,Sell,231468298
2024-08-14 10:06:58,14500.0,200,Sell,231468297
2024-08-14 10:06:58,14500.0,900,Sell,231468296
2024-08-14 10:06:58,14500.0,3100,Sell,231468292
2024-08-14 10:06:58,14500.0,100,Sell,231468294
2024-08-14 10:06:58,14500.0,300,Sell,231468293
2024-08-14 10:06:58,14500.0,100,Sell,231468291
2024-08-14 10:06:58,14500.0,100,Sell,231468218
2024-08-14 10:06:58,14500.0,100,Sell,231468172
2024-08-14 10:06:58,14500.0,500,Sell,231468295
2024-08-14 10:06:58,14500.0,300,Sell,231468345
2024-08-14 10:07:00,14550.0,100,Buy,231468368
2024-08-14 10:07:00,14500.0,1100,Sell,231468385
2024-08-14 10:07:02,14550.0,400,Buy,231468411
2024-08-14 10:07:06,14550.0,100,Buy,231468500
2024-08-14 10:07:07,14550.0,400,Buy,231468509
2024-08-14 10:07:09,14550.0,400,Buy,231468538
2024-08-14 10:07:09,14550.0,100,Buy,231468539
2024-08-14 10:07:10,14550.0,100,Buy,231468567
2024-08-14 10:07:10,14550.0,100,Buy,231468568
2024-08-14 10:07:15,14550.0,2000,Buy,231468644
2024-08-14 10:07:16,14550.0,200,Buy,231468659
2024-08-14 10:07:18,14500.0,100,Sell,231468703
2024-08-14 10:07:46,14550.0,200,Sell,231469153
2024-08-14 10:07:46,14550.0,200,Sell,231469154
2024-08-14 10:07:48,14550.0,100,Sell,231469174
2024-08-14 10:07:58,14550.0,500,Sell,231469318
2024-08-14 10:07:58,14550.0,2800,Sell,231469317
2024-08-14 10:07:58,14550.0,1500,Sell,231469316
2024-08-14 10:07:58,14550.0,1000,Sell,231469315
2024-08-14 10:07:58,14550.0,1000,Sell,231469313
2024-08-14 10:07:58,14550.0,300,Sell,231469311
2024-08-14 10:07:58,14550.0,700,Sell,231469310
2024-08-14 10:07:58,14600.0,3000,Buy,231469309
2024-08-14 10:07:58,14550.0,100,Sell,231469314
2024-08-14 10:07:58,14550.0,100,Sell,231469312
2024-08-14 10:07:59,14550.0,200,Buy,231469356
2024-08-14 10:08:01,14550.0,1300,Buy,231469365
2024-08-14 10:08:05,14550.0,100,Buy,231469434
2024-08-14 10:08:13,14550.0,100,Buy,231469561
2024-08-14 10:08:16,14550.0,1000,Buy,231469590
2024-08-14 10:08:17,14550.0,2000,Buy,231469606
2024-08-14 10:08:19,14550.0,7300,Buy,231469647
2024-08-14 10:08:21,14550.0,500,Sell,231469661
2024-08-14 10:08:47,14550.0,1500,Sell,231469963
2024-08-14 10:09:03,14550.0,500,Sell,231470184
2024-08-14 10:09:13,14550.0,500,Sell,231470306
2024-08-14 10:09:13,14550.0,200,Sell,231470305
2024-08-14 10:09:13,14550.0,100,Sell,231470320
2024-08-14 10:09:13,14550.0,200,Sell,231470319
2024-08-14 10:09:13,14550.0,3800,Sell,231470318
2024-08-14 10:09:13,14550.0,100,Sell,231470316
2024-08-14 10:09:13,14550.0,100,Sell,231470315
2024-08-14 10:09:13,14550.0,800,Sell,231470317
2024-08-14 10:09:13,14550.0,200,Sell,231470313
2024-08-14 10:09:13,14550.0,100,Sell,231470312
2024-08-14 10:09:13,14550.0,100,Sell,231470310
2024-08-14 10:09:13,14550.0,100,Sell,231470309
2024-08-14 10:09:13,14550.0,400,Sell,231470308
2024-08-14 10:09:13,14550.0,800,Sell,231470307
2024-08-14 10:09:13,14550.0,300,Sell,231470314
2024-08-14 10:09:14,14550.0,100,Sell,231470353
2024-08-14 10:09:14,14550.0,200,Sell,231470348
2024-08-14 10:09:14,14550.0,100,Sell,231470349
2024-08-14 10:09:14,14550.0,200,Sell,231470350
2024-08-14 10:09:14,14550.0,400,Sell,231470351
2024-08-14 10:09:14,14550.0,300,Sell,231470352
2024-08-14 10:09:14,14550.0,200,Sell,231470354
2024-08-14 10:09:14,14550.0,300,Sell,231470366
2024-08-14 10:09:14,14550.0,300,Sell,231470357
2024-08-14 10:09:14,14550.0,100,Sell,231470358
2024-08-14 10:09:14,14550.0,100,Sell,231470359
2024-08-14 10:09:14,14550.0,100,Sell,231470360
2024-08-14 10:09:14,14550.0,100,Sell,231470361
2024-08-14 10:09:14,14550.0,300,Sell,231470362
2024-08-14 10:09:14,14550.0,100,Sell,231470347
2024-08-14 10:09:14,14550.0,100,Sell,231470355
2024-08-14 10:09:14,14550.0,200,Sell,231470346
2024-08-14 10:09:14,14550.0,100,Sell,231470367
2024-08-14 10:09:14,14550.0,100,Sell,231470344
2024-08-14 10:09:14,14550.0,3500,Sell,231470323
2024-08-14 10:09:14,14550.0,200,Sell,231470324
2024-08-14 10:09:14,14550.0,200,Sell,231470325
2024-08-14 10:09:14,14550.0,300,Sell,231470326
2024-08-14 10:09:14,14550.0,100,Sell,231470327
2024-08-14 10:09:14,14550.0,300,Sell,231470333
2024-08-14 10:09:14,14550.0,100,Sell,231470334
2024-08-14 10:09:14,14550.0,500,Sell,231470345
2024-08-14 10:09:14,14550.0,100,Sell,231470335
2024-08-14 10:09:14,14550.0,800,Sell,231470337
2024-08-14 10:09:14,14550.0,100,Sell,231470338
2024-08-14 10:09:14,14550.0,200,Sell,231470339
2024-08-14 10:09:14,14550.0,100,Sell,231470340
2024-08-14 10:09:14,14550.0,100,Sell,231470341
2024-08-14 10:09:14,14550.0,200,Sell,231470342
2024-08-14 10:09:14,14550.0,400,Sell,231470343
2024-08-14 10:09:14,14550.0,100,Sell,231470336
2024-08-14 10:09:14,14550.0,200,Sell,231470322
2024-08-14 10:09:15,14550.0,200,Sell,231470370
2024-08-14 10:09:15,14550.0,700,Sell,231470369
2024-08-14 10:09:29,14550.0,400,Sell,231470569
2024-08-14 10:09:29,14550.0,200,Sell,231470568
2024-08-14 10:09:29,14550.0,3400,Sell,231470567
2024-08-14 10:09:29,14550.0,100,Sell,231470566
2024-08-14 10:09:29,14550.0,100,Sell,231470565
2024-08-14 10:09:29,14550.0,300,Sell,231470564
2024-08-14 10:09:29,14550.0,100,Sell,231470556
2024-08-14 10:09:29,14550.0,2000,Sell,231470546
2024-08-14 10:09:29,14550.0,100,Sell,231470552
2024-08-14 10:09:29,14550.0,600,Sell,231470551
2024-08-14 10:09:29,14550.0,100,Sell,231470550
2024-08-14 10:09:29,14550.0,100,Sell,231470549
2024-08-14 10:09:29,14550.0,100,Sell,231470548
2024-08-14 10:09:29,14550.0,200,Sell,231470547
2024-08-14 10:09:29,14550.0,100,Sell,231470555
2024-08-14 10:09:30,14550.0,100,Sell,231470593
2024-08-14 10:09:30,14550.0,100,Sell,231470594
2024-08-14 10:09:30,14550.0,100,Sell,231470600
2024-08-14 10:09:30,14550.0,200,Sell,231470602
2024-08-14 10:09:30,14550.0,1000,Sell,231470606
2024-08-14 10:09:30,14550.0,200,Sell,231470605
2024-08-14 10:09:30,14550.0,200,Sell,231470592
2024-08-14 10:09:30,14550.0,1200,Sell,231470607
2024-08-14 10:09:30,14550.0,2500,Sell,231470604
2024-08-14 10:09:30,14550.0,400,Sell,231470591
2024-08-14 10:09:30,14550.0,200,Sell,231470603
2024-08-14 10:09:30,14550.0,200,Sell,231470589
2024-08-14 10:09:30,14550.0,1300,Sell,231470588
2024-08-14 10:09:30,14550.0,200,Sell,231470587
2024-08-14 10:09:30,14550.0,200,Sell,231470586
2024-08-14 10:09:30,14550.0,100,Sell,231470585
2024-08-14 10:09:30,14550.0,200,Sell,231470580
2024-08-14 10:09:30,14550.0,100,Sell,231470590
2024-08-14 10:09:30,14550.0,400,Sell,231470579
2024-08-14 10:09:30,14550.0,300,Sell,231470578
2024-08-14 10:09:30,14550.0,400,Sell,231470577
2024-08-14 10:09:30,14550.0,100,Sell,231470576
2024-08-14 10:09:30,14550.0,300,Sell,231470575
2024-08-14 10:09:39,14550.0,100,Sell,231470743
2024-08-14 10:09:41,14550.0,200,Sell,231470777
2024-08-14 10:09:41,14550.0,100,Sell,231470778
2024-08-14 10:09:41,14550.0,700,Sell,231470776
2024-08-14 10:09:42,14550.0,100,Sell,231470822
2024-08-14 10:09:42,14550.0,700,Sell,231470821
2024-08-14 10:09:42,14550.0,100,Sell,231470819
2024-08-14 10:09:42,14550.0,1800,Sell,231470818
2024-08-14 10:09:42,14550.0,100,Sell,231470817
2024-08-14 10:09:42,14550.0,100,Sell,231470816
2024-08-14 10:09:42,14550.0,100,Sell,231470815
2024-08-14 10:09:42,14550.0,100,Sell,231470814
2024-08-14 10:09:42,14550.0,100,Sell,231470813
2024-08-14 10:09:42,14550.0,100,Sell,231470800
2024-08-14 10:09:42,14550.0,100,Sell,231470799
2024-08-14 10:09:42,14550.0,200,Sell,231470797
2024-08-14 10:09:42,14550.0,200,Sell,231470796
2024-08-14 10:09:42,14550.0,2000,Sell,231470794
2024-08-14 10:09:42,14550.0,400,Sell,231470793
2024-08-14 10:09:42,14550.0,100,Sell,231470792
2024-08-14 10:09:42,14550.0,100,Sell,231470791
2024-08-14 10:09:42,14550.0,300,Sell,231470823
2024-08-14 10:09:42,14550.0,100,Sell,231470789
2024-08-14 10:09:42,14550.0,100,Sell,231470788
2024-08-14 10:09:42,14550.0,100,Sell,231470787
2024-08-14 10:09:42,14550.0,200,Sell,231470785
2024-08-14 10:09:42,14550.0,100,Sell,231470784
2024-08-14 10:09:42,14550.0,300,Sell,231470798
2024-08-14 10:09:42,14550.0,200,Sell,231470790
2024-08-14 10:09:54,14550.0,100,Sell,231471017
2024-08-14 10:09:56,14600.0,200,Buy,231471077
2024-08-14 10:10:01,14550.0,2000,Sell,231471114
2024-08-14 10:10:01,14550.0,400,Sell,231471127
2024-08-14 10:10:01,14550.0,100,Sell,231471125
2024-08-14 10:10:01,14550.0,400,Sell,231471124
2024-08-14 10:10:01,14550.0,100,Sell,231471126
2024-08-14 10:10:01,14550.0,100,Sell,231471122
2024-08-14 10:10:01,14550.0,400,Sell,231471123
2024-08-14 10:10:01,14550.0,100,Sell,231471120
2024-08-14 10:10:01,14550.0,200,Sell,231471117
2024-08-14 10:10:01,14550.0,100,Sell,231471121
2024-08-14 10:10:02,14550.0,200,Sell,231471137
2024-08-14 10:10:02,14550.0,5000,Sell,231471168
2024-08-14 10:10:02,14550.0,100,Sell,231471167
2024-08-14 10:10:02,14550.0,200,Sell,231471166
2024-08-14 10:10:02,14550.0,100,Sell,231471165
2024-08-14 10:10:02,14550.0,100,Sell,231471164
2024-08-14 10:10:02,14550.0,100,Sell,231471163
2024-08-14 10:10:02,14550.0,100,Sell,231471162
2024-08-14 10:10:02,14550.0,300,Sell,231471161
2024-08-14 10:10:02,14550.0,100,Sell,231471160
2024-08-14 10:10:02,14550.0,100,Sell,231471159
2024-08-14 10:10:02,14550.0,100,Sell,231471157
2024-08-14 10:10:02,14550.0,1300,Sell,231471158
2024-08-14 10:10:02,14550.0,300,Sell,231471151
2024-08-14 10:10:02,14550.0,100,Sell,231471138
2024-08-14 10:10:02,14550.0,600,Sell,231471139
2024-08-14 10:10:02,14550.0,100,Sell,231471140
2024-08-14 10:10:02,14550.0,100,Sell,231471141
2024-08-14 10:10:02,14550.0,400,Sell,231471145
2024-08-14 10:10:02,14550.0,100,Sell,231471144
2024-08-14 10:10:02,14550.0,300,Sell,231471147
2024-08-14 10:10:02,14550.0,200,Sell,231471148
2024-08-14 10:10:02,14550.0,2300,Sell,231471149
2024-08-14 10:10:02,14550.0,800,Sell,231471150
2024-08-14 10:10:02,14550.0,200,Sell,231471146
2024-08-14 10:10:02,14550.0,300,Sell,231471152
2024-08-14 10:10:03,14550.0,100,Sell,231471185
2024-08-14 10:10:03,14550.0,400,Sell,231471188
2024-08-14 10:10:03,14550.0,100,Sell,231471189
2024-08-14 10:10:03,14550.0,200,Sell,231471186
2024-08-14 10:10:03,14550.0,100,Sell,231471187
2024-08-14 10:10:03,14550.0,100,Sell,231471175
2024-08-14 10:10:03,14550.0,100,Sell,231471176
2024-08-14 10:10:03,14550.0,300,Sell,231471171
2024-08-14 10:10:03,14550.0,200,Sell,231471184
2024-08-14 10:10:03,14550.0,100,Sell,231471173
2024-08-14 10:10:03,14550.0,100,Sell,231471172
2024-08-14 10:10:03,14550.0,200,Sell,231471174
2024-08-14 10:10:06,14550.0,6800,Sell,231471251
2024-08-14 10:10:06,14550.0,100,Sell,231471252
2024-08-14 10:10:06,14550.0,100,Sell,231471253
2024-08-14 10:10:22,14550.0,100,Sell,231471623
2024-08-14 10:10:22,14550.0,700,Sell,231471622
2024-08-14 10:10:22,14550.0,100,Sell,231471621
2024-08-14 10:10:22,14550.0,100,Sell,231471620
2024-08-14 10:10:22,14550.0,200,Sell,231471619
2024-08-14 10:10:22,14550.0,100,Sell,231471617
2024-08-14 10:10:22,14550.0,100,Sell,231471615
2024-08-14 10:10:22,14550.0,100,Sell,231471614
2024-08-14 10:10:22,14550.0,100,Sell,231471618
2024-08-14 10:10:22,14550.0,100,Sell,231471606
2024-08-14 10:10:22,14550.0,100,Sell,231471607
2024-08-14 10:10:22,14550.0,5000,Sell,231471595
2024-08-14 10:10:22,14550.0,1000,Sell,231471599
2024-08-14 10:10:22,14550.0,200,Sell,231471600
2024-08-14 10:10:22,14550.0,1800,Sell,231471616
2024-08-14 10:10:22,14550.0,300,Sell,231471602
2024-08-14 10:10:22,14550.0,100,Sell,231471603
2024-08-14 10:10:22,14550.0,100,Sell,231471604
2024-08-14 10:10:22,14550.0,100,Sell,231471605
2024-08-14 10:10:22,14550.0,100,Sell,231471601
2024-08-14 10:10:23,14550.0,100,Sell,231471641
2024-08-14 10:10:23,14550.0,300,Sell,231471635
2024-08-14 10:10:23,14550.0,100,Sell,231471631
2024-08-14 10:10:23,14550.0,100,Sell,231471630
2024-08-14 10:10:23,14550.0,200,Sell,231471628
2024-08-14 10:10:23,14550.0,100,Sell,231471625
2024-08-14 10:10:23,14550.0,100,Sell,231471624
2024-08-14 10:10:23,14550.0,200,Sell,231471629
2024-08-14 10:10:23,14550.0,2400,Sell,231471627
2024-08-14 10:10:27,14550.0,500,Sell,231471714
2024-08-14 10:10:34,14550.0,100,Sell,231471803
2024-08-14 10:10:41,14550.0,100,Sell,231471924
2024-08-14 10:10:41,14550.0,200,Sell,231471926
2024-08-14 10:10:41,14550.0,100,Sell,231471925
2024-08-14 10:10:41,14550.0,400,Sell,231471922
2024-08-14 10:10:41,14550.0,200,Sell,231471920
2024-08-14 10:10:41,14550.0,100,Sell,231471921
2024-08-14 10:10:41,14550.0,300,Sell,231471919
2024-08-14 10:10:42,14550.0,100,Sell,231471975
2024-08-14 10:10:42,14550.0,100,Sell,231471972
2024-08-14 10:10:42,14550.0,100,Sell,231471971
2024-08-14 10:10:42,14550.0,100,Sell,231471970
2024-08-14 10:10:42,14550.0,200,Sell,231471969
2024-08-14 10:10:42,14550.0,100,Sell,231471968
2024-08-14 10:10:42,14550.0,100,Sell,231471967
2024-08-14 10:10:42,14550.0,100,Sell,231471962
2024-08-14 10:10:42,14550.0,100,Sell,231471961
2024-08-14 10:10:42,14550.0,100,Sell,231471960
2024-08-14 10:10:42,14550.0,200,Sell,231471959
2024-08-14 10:10:42,14550.0,100,Sell,231471958
2024-08-14 10:10:42,14550.0,100,Sell,231471941
2024-08-14 10:10:42,14550.0,2500,Sell,231471955
2024-08-14 10:10:42,14550.0,100,Sell,231471954
2024-08-14 10:10:42,14550.0,700,Sell,231471953
2024-08-14 10:10:42,14550.0,200,Sell,231471952
2024-08-14 10:10:42,14550.0,100,Sell,231471951
2024-08-14 10:10:42,14550.0,100,Sell,231471950
2024-08-14 10:10:42,14550.0,100,Sell,231471946
2024-08-14 10:10:42,14550.0,100,Sell,231471945
2024-08-14 10:10:42,14550.0,1700,Sell,231471944
2024-08-14 10:10:42,14550.0,100,Sell,231471943
2024-08-14 10:10:42,14550.0,100,Sell,231471942
2024-08-14 10:10:42,14550.0,100,Sell,231471957
2024-08-14 10:10:48,14550.0,100,Sell,231472044
2024-08-14 10:10:48,14550.0,1000,Sell,231472040
2024-08-14 10:10:49,14550.0,100,Sell,231472085
2024-08-14 10:10:49,14550.0,300,Sell,231472084
2024-08-14 10:10:49,14550.0,100,Sell,231472083
2024-08-14 10:10:49,14550.0,100,Sell,231472082
2024-08-14 10:10:49,14550.0,100,Sell,231472081
2024-08-14 10:10:49,14550.0,100,Sell,231472080
2024-08-14 10:10:49,14550.0,200,Sell,231472073
2024-08-14 10:10:49,14550.0,2500,Sell,231472072
2024-08-14 10:10:49,14550.0,100,Sell,231472070
2024-08-14 10:10:49,14550.0,200,Sell,231472069
2024-08-14 10:10:49,14550.0,100,Sell,231472068
2024-08-14 10:10:49,14550.0,500,Sell,231472064
2024-08-14 10:10:49,14550.0,100,Sell,231472071
2024-08-14 10:10:49,14550.0,200,Sell,231472062
2024-08-14 10:10:49,14550.0,200,Sell,231472061
2024-08-14 10:10:49,14550.0,200,Sell,231472060
2024-08-14 10:10:49,14550.0,100,Sell,231472059
2024-08-14 10:10:49,14550.0,100,Sell,231472058
2024-08-14 10:10:49,14550.0,1800,Sell,231472054
2024-08-14 10:10:49,14550.0,100,Sell,231472053
2024-08-14 10:10:49,14550.0,100,Sell,231472052
2024-08-14 10:10:49,14550.0,100,Sell,231472051
2024-08-14 10:10:49,14550.0,100,Sell,231472050
2024-08-14 10:10:49,14550.0,100,Sell,231472049
2024-08-14 10:10:49,14550.0,100,Sell,231472048
2024-08-14 10:10:49,14550.0,200,Sell,231472047
2024-08-14 10:10:49,14550.0,100,Sell,231472063
2024-08-14 10:10:50,14550.0,100,Sell,231472086
2024-08-14 10:10:54,14550.0,100,Sell,231472174
2024-08-14 10:10:54,14550.0,500,Sell,231472175
2024-08-14 10:10:54,14550.0,100,Sell,231472172
2024-08-14 10:10:54,14550.0,400,Sell,231472171
2024-08-14 10:10:54,14550.0,100,Sell,231472173
2024-08-14 10:10:56,14550.0,500,Buy,231472187
2024-08-14 10:10:57,14550.0,100,Buy,231472201
2024-08-14 10:10:59,14550.0,500,Buy,231472227
2024-08-14 10:11:08,14550.0,100,Buy,231472329
2024-08-14 10:11:08,14550.0,800,Buy,231472347
2024-08-14 10:11:36,14550.0,300,Sell,231472781
2024-08-14 10:11:36,14550.0,100,Sell,231472780
2024-08-14 10:11:36,14550.0,500,Sell,231472778
2024-08-14 10:11:36,14550.0,100,Sell,231472779
2024-08-14 10:11:47,14550.0,200,Sell,231472967
2024-08-14 10:11:47,14550.0,300,Sell,231472968
2024-08-14 10:11:47,14550.0,500,Sell,231472969
2024-08-14 10:11:57,14550.0,500,Sell,231473122
2024-08-14 10:11:57,14550.0,1000,Sell,231473123
2024-08-14 10:11:57,14550.0,1000,Sell,231473124
2024-08-14 10:11:57,14550.0,500,Sell,231473125
2024-08-14 10:12:01,14550.0,400,Sell,231473186
2024-08-14 10:12:01,14550.0,400,Sell,231473184
2024-08-14 10:12:01,14550.0,100,Sell,231473185
2024-08-14 10:12:01,14550.0,500,Sell,231473183
2024-08-14 10:12:05,14550.0,100,Sell,231473258
2024-08-14 10:12:17,14550.0,2200,Sell,231473466
2024-08-14 10:12:17,14550.0,100,Sell,231473465
2024-08-14 10:12:17,14550.0,1500,Sell,231473463
2024-08-14 10:12:17,14550.0,1000,Sell,231473462
2024-08-14 10:12:17,14550.0,200,Sell,231473464
2024-08-14 10:12:27,14550.0,1500,Sell,231473618
2024-08-14 10:12:37,14550.0,1000,Sell,231473749
2024-08-14 10:12:38,14550.0,200,Sell,231473767
2024-08-14 10:12:38,14550.0,1500,Sell,231473778
2024-08-14 10:12:38,14550.0,200,Sell,231473777
2024-08-14 10:12:38,14550.0,100,Sell,231473775
2024-08-14 10:12:38,14550.0,200,Sell,231473774
2024-08-14 10:12:38,14550.0,100,Sell,231473773
2024-08-14 10:12:38,14550.0,2400,Sell,231473772
2024-08-14 10:12:38,14550.0,100,Sell,231473769
2024-08-14 10:12:38,14550.0,300,Sell,231473768
2024-08-14 10:12:38,14550.0,100,Sell,231473766
2024-08-14 10:12:38,14550.0,100,Sell,231473771
2024-08-14 10:12:38,14550.0,100,Sell,231473764
2024-08-14 10:12:38,14550.0,100,Sell,231473761
2024-08-14 10:12:38,14550.0,100,Sell,231473760
2024-08-14 10:12:38,14550.0,200,Sell,231473752
2024-08-14 10:12:38,14550.0,100,Sell,231473759
2024-08-14 10:12:38,14550.0,100,Sell,231473758
2024-08-14 10:12:38,14550.0,100,Sell,231473757
2024-08-14 10:12:38,14550.0,100,Sell,231473756
2024-08-14 10:12:38,14550.0,100,Sell,231473755
2024-08-14 10:12:38,14550.0,300,Sell,231473753
2024-08-14 10:12:38,14550.0,200,Sell,231473765
2024-08-14 10:12:39,14550.0,700,Sell,231473790
2024-08-14 10:12:39,14550.0,100,Sell,231473791
2024-08-14 10:12:39,14550.0,100,Sell,231473780
2024-08-14 10:12:39,14550.0,100,Sell,231473789
2024-08-14 10:12:43,14550.0,1000,Sell,231473846
2024-08-14 10:12:44,14550.0,100,Sell,231473892
2024-08-14 10:12:44,14550.0,200,Sell,231473877
2024-08-14 10:12:44,14550.0,100,Sell,231473890
2024-08-14 10:12:44,14550.0,100,Sell,231473889
2024-08-14 10:12:44,14550.0,100,Sell,231473888
2024-08-14 10:12:44,14550.0,100,Sell,231473887
2024-08-14 10:12:44,14550.0,100,Sell,231473882
2024-08-14 10:12:44,14550.0,100,Sell,231473881
2024-08-14 10:12:44,14550.0,100,Sell,231473880
2024-08-14 10:12:44,14550.0,300,Sell,231473879
2024-08-14 10:12:44,14550.0,100,Sell,231473878
2024-08-14 10:12:44,14550.0,200,Sell,231473876
2024-08-14 10:12:44,14550.0,200,Sell,231473852
2024-08-14 10:12:44,14550.0,500,Sell,231473872
2024-08-14 10:12:44,14550.0,1000,Sell,231473871
2024-08-14 10:12:44,14550.0,200,Sell,231473870
2024-08-14 10:12:44,14550.0,2000,Sell,231473869
2024-08-14 10:12:44,14550.0,500,Sell,231473868
2024-08-14 10:12:44,14550.0,100,Sell,231473867
2024-08-14 10:12:44,14550.0,200,Sell,231473866
2024-08-14 10:12:44,14550.0,200,Sell,231473865
2024-08-14 10:12:44,14550.0,100,Sell,231473864
2024-08-14 10:12:44,14550.0,100,Sell,231473853
2024-08-14 10:12:44,14550.0,100,Sell,231473851
2024-08-14 10:12:44,14550.0,100,Sell,231473875
2024-08-14 10:12:45,14550.0,100,Sell,231473898
2024-08-14 10:12:51,14550.0,800,Buy,231474001
2024-08-14 10:12:51,14550.0,3000,Sell,231473998
2024-08-14 10:12:51,14550.0,200,Sell,231473999
2024-08-14 10:12:53,14550.0,1000,Buy,231474044
2024-08-14 10:12:55,14550.0,1000,Buy,231474083
2024-08-14 10:13:02,14550.0,2000,Buy,231474188
2024-08-14 10:13:06,14550.0,100,Buy,231474228
2024-08-14 10:13:13,14550.0,1000,Buy,231474332
2024-08-14 10:13:19,14550.0,1000,Buy,231474432
2024-08-14 10:13:20,14550.0,300,Buy,231474455
2024-08-14 10:13:22,14550.0,2000,Buy,231474476
2024-08-14 10:13:22,14550.0,500,Buy,231474478
2024-08-14 10:13:23,14550.0,100,Buy,231474490
2024-08-14 10:13:27,14550.0,100,Buy,231474532
2024-08-14 10:13:27,14550.0,100,Buy,231474529
2024-08-14 10:13:29,14550.0,2500,Buy,231474551
2024-08-14 10:13:32,14550.0,100,Buy,231474582
2024-08-14 10:13:34,14550.0,500,Buy,231474605
2024-08-14 10:13:35,14550.0,100,Buy,231474616
2024-08-14 10:13:35,14550.0,300,Buy,231474610
2024-08-14 10:13:40,14550.0,100,Buy,231474678
2024-08-14 10:13:45,14550.0,100,Buy,231474736
2024-08-14 10:13:48,14550.0,100,Buy,231474769
2024-08-14 10:13:50,14550.0,1000,Buy,231474791
2024-08-14 10:13:51,14550.0,100,Buy,231474796
2024-08-14 10:13:51,14550.0,100,Buy,231474805
2024-08-14 10:13:52,14550.0,400,Buy,231474822
2024-08-14 10:13:53,14550.0,1400,Buy,231474834
2024-08-14 10:13:53,14550.0,200,Buy,231474835
2024-08-14 10:13:53,14550.0,100,Buy,231474836
2024-08-14 10:13:53,14550.0,200,Buy,231474837
2024-08-14 10:14:02,14550.0,100,Sell,231474939
2024-08-14 10:14:02,14550.0,200,Sell,231474940
2024-08-14 10:14:03,14550.0,300,Sell,231474960
2024-08-14 10:14:03,14550.0,1000,Sell,231474959
2024-08-14 10:14:05,14550.0,200,Buy,231474997
2024-08-14 10:14:07,14550.0,700,Buy,231475022
2024-08-14 10:14:09,14550.0,300,Buy,231475158
2024-08-14 10:14:09,14550.0,300,Buy,231475171
2024-08-14 10:14:13,14550.0,200,Buy,231475224
2024-08-14 10:14:22,14550.0,200,Buy,231475346
2024-08-14 10:14:24,14550.0,100,Buy,231475364
2024-08-14 10:14:24,14550.0,300,Buy,231475369
2024-08-14 10:14:29,14550.0,200,Buy,231475448
2024-08-14 10:14:32,14550.0,100,Buy,231475487
2024-08-14 10:14:34,14550.0,200,Buy,231475516
2024-08-14 10:14:39,14550.0,100,Buy,231475595
2024-08-14 10:14:41,14550.0,800,Buy,231475637
2024-08-14 10:14:41,14550.0,200,Buy,231475639
2024-08-14 10:14:42,14550.0,2000,Buy,231475643
2024-08-14 10:14:43,14550.0,100,Buy,231475652
2024-08-14 10:14:48,14550.0,1000,Buy,231475740
2024-08-14 10:14:49,14500.0,200,Sell,231475768
2024-08-14 10:14:55,14550.0,400,Buy,231475843
2024-08-14 10:14:55,14550.0,6700,Buy,231475842
2024-08-14 10:15:11,14550.0,100,Buy,231476116
2024-08-14 10:15:14,14550.0,300,Buy,231476165
2024-08-14 10:15:15,14550.0,700,Buy,231476181
2024-08-14 10:15:15,14550.0,300,Buy,231476182
2024-08-14 10:15:23,14550.0,200,Buy,231476325
2024-08-14 10:15:29,14550.0,200,Sell,231476407
2024-08-14 10:16:52,14550.0,100,Sell,231477720
2024-08-14 10:17:19,14600.0,800,Buy,231478057
2024-08-14 10:17:32,14600.0,100,Buy,231478260
2024-08-14 10:17:50,14550.0,100,Sell,231478561
2024-08-14 10:17:59,14550.0,1000,Sell,231478694
2024-08-14 10:18:04,14550.0,200,Sell,231478776
2024-08-14 10:18:11,14550.0,200,Sell,231478888
2024-08-14 10:18:36,14600.0,200,Buy,231479331
2024-08-14 10:18:56,14600.0,100,Buy,231479657
2024-08-14 10:18:56,14600.0,600,Buy,231479656
2024-08-14 10:19:24,14600.0,200,Buy,231480086
2024-08-14 10:19:38,14600.0,4700,Buy,231480280
2024-08-14 10:19:38,14600.0,200,Buy,231480281
2024-08-14 10:19:38,14600.0,100,Buy,231480282
2024-08-14 10:19:46,14600.0,9900,Buy,231480438
2024-08-14 10:19:46,14600.0,100,Buy,231480439
2024-08-14 10:19:51,14600.0,300,Buy,231480479
2024-08-14 10:20:02,14550.0,10000,Sell,231480658
2024-08-14 10:20:02,14550.0,400,Sell,231480662
2024-08-14 10:20:02,14550.0,1000,Sell,231480661
2024-08-14 10:20:02,14550.0,200,Sell,231480660
2024-08-14 10:20:02,14550.0,4100,Sell,231480659
2024-08-14 10:20:02,14550.0,10000,Sell,231480657
2024-08-14 10:20:02,14550.0,6600,Sell,231480663
2024-08-14 10:20:02,14550.0,100,Sell,231480655
2024-08-14 10:20:02,14550.0,2000,Sell,231480654
2024-08-14 10:20:02,14550.0,1000,Sell,231480653
2024-08-14 10:20:02,14550.0,3000,Sell,231480652
2024-08-14 10:20:02,14550.0,500,Sell,231480651
2024-08-14 10:20:02,14550.0,1000,Sell,231480650
2024-08-14 10:20:02,14550.0,100,Sell,231480656
2024-08-14 10:20:02,14550.0,10000,Sell,231480649
2024-08-14 10:20:08,14600.0,500,Buy,231480769
2024-08-14 10:20:23,14600.0,141900,Buy,231481002
2024-08-14 10:20:40,14600.0,100,Buy,231481326
2024-08-14 10:20:44,14600.0,1000,Buy,231481440
2024-08-14 10:20:44,14600.0,500,Buy,231481433
2024-08-14 10:20:45,14600.0,1000,Buy,231481457
2024-08-14 10:20:50,14600.0,3600,Buy,231481547
2024-08-14 10:20:50,14600.0,200,Buy,231481546
2024-08-14 10:20:50,14600.0,800,Buy,231481545
2024-08-14 10:20:50,14600.0,100,Buy,231481542
2024-08-14 10:20:50,14600.0,6000,Buy,231481541
2024-08-14 10:20:50,14600.0,1000,Buy,231481540
2024-08-14 10:20:50,14600.0,500,Buy,231481539
2024-08-14 10:20:50,14600.0,300,Buy,231481538
2024-08-14 10:20:50,14600.0,2000,Buy,231481544
2024-08-14 10:20:50,14600.0,4000,Buy,231481536
2024-08-14 10:20:50,14600.0,200,Buy,231481537
2024-08-14 10:20:50,14600.0,3900,Buy,231481527
2024-08-14 10:20:50,14600.0,700,Buy,231481530
2024-08-14 10:20:50,14600.0,5000,Buy,231481531
2024-08-14 10:20:50,14600.0,100,Buy,231481543
2024-08-14 10:20:50,14600.0,500,Buy,231481533
2024-08-14 10:20:50,14600.0,300,Buy,231481534
2024-08-14 10:20:50,14600.0,200,Buy,231481535
2024-08-14 10:20:50,14600.0,600,Buy,231481532
2024-08-14 10:20:54,14600.0,1000,Buy,231481621
2024-08-14 10:20:58,14600.0,2400,Buy,231481674
2024-08-14 10:21:02,14600.0,300,Buy,231481751
2024-08-14 10:21:05,14600.0,300,Sell,231481779
2024-08-14 10:21:15,14600.0,1400,Sell,231481912
2024-08-14 10:21:15,14600.0,100,Sell,231481911
2024-08-14 10:21:39,14600.0,100,Sell,231482309
2024-08-14 10:22:21,14600.0,1000,Sell,231482826
2024-08-14 10:22:21,14600.0,500,Sell,231482830
2024-08-14 10:22:24,14600.0,200,Sell,231482883
2024-08-14 10:22:24,14600.0,1000,Sell,231482882
2024-08-14 10:22:24,14600.0,500,Sell,231482881
2024-08-14 10:22:24,14600.0,100,Sell,231482880
2024-08-14 10:22:24,14600.0,200,Sell,231482879
2024-08-14 10:22:24,14600.0,100,Sell,231482878
2024-08-14 10:22:24,14600.0,100,Sell,231482876
2024-08-14 10:22:24,14600.0,100,Sell,231482877
2024-08-14 10:22:24,14600.0,1300,Sell,231482873
2024-08-14 10:22:24,14600.0,300,Sell,231482874
2024-08-14 10:22:24,14600.0,100,Sell,231482875
2024-08-14 10:22:39,14600.0,100,Sell,231483094
2024-08-14 10:22:47,14600.0,100,Buy,231483193
2024-08-14 10:23:01,14600.0,100,Sell,231483361
2024-08-14 10:23:27,14600.0,1000,Sell,231483831
2024-08-14 10:23:27,14600.0,1800,Sell,231483832
2024-08-14 10:23:27,14600.0,100,Sell,231483833
2024-08-14 10:23:27,14600.0,100,Sell,231483834
2024-08-14 10:24:24,14650.0,1000,Buy,231484593
2024-08-14 10:24:32,14600.0,500,Sell,231484668
2024-08-14 10:25:24,14650.0,200,Buy,231485349
2024-08-14 10:25:24,14650.0,200,Buy,231485348
2024-08-14 10:25:25,14600.0,1000,Sell,231485369
2024-08-14 10:25:29,14600.0,500,Sell,231485415
2024-08-14 10:25:51,14600.0,1700,Sell,231485757
2024-08-14 10:25:55,14600.0,1000,Sell,231485841
2024-08-14 10:25:55,14600.0,500,Sell,231485845
2024-08-14 10:25:55,14600.0,200,Sell,231485844
2024-08-14 10:25:55,14600.0,1200,Sell,231485843
2024-08-14 10:25:55,14600.0,200,Sell,231485842
2024-08-14 10:25:55,14600.0,1000,Sell,231485846
2024-08-14 10:25:55,14600.0,1000,Sell,231485840
2024-08-14 10:25:55,14600.0,3400,Sell,231485847
2024-08-14 10:25:55,14600.0,1000,Sell,231485838
2024-08-14 10:25:55,14600.0,100,Sell,231485837
2024-08-14 10:25:55,14600.0,200,Sell,231485836
2024-08-14 10:25:55,14600.0,1000,Sell,231485835
2024-08-14 10:25:55,14600.0,1000,Sell,231485834
2024-08-14 10:25:55,14600.0,1000,Sell,231485833
2024-08-14 10:25:55,14600.0,6100,Sell,231485831
2024-08-14 10:25:55,14600.0,100,Sell,231485839
2024-08-14 10:25:55,14600.0,1000,Sell,231485832
2024-08-14 10:26:10,14600.0,13400,Sell,231486121
2024-08-14 10:26:10,14600.0,6600,Sell,231486120
2024-08-14 10:26:25,14600.0,1500,Sell,231486347
2024-08-14 10:26:25,14600.0,100,Sell,231486348
2024-08-14 10:26:44,14600.0,100,Sell,231486676
2024-08-14 10:26:44,14600.0,15000,Sell,231486674
2024-08-14 10:26:44,14600.0,100,Sell,231486675
2024-08-14 10:27:05,14550.0,4900,Sell,231487002
2024-08-14 10:27:05,14550.0,10000,Sell,231487001
2024-08-14 10:27:05,14550.0,100,Sell,231487000
2024-08-14 10:27:05,14550.0,2000,Sell,231486999
2024-08-14 10:27:05,14550.0,100,Sell,231486998
2024-08-14 10:27:05,14550.0,200,Sell,231486997
2024-08-14 10:27:05,14550.0,200,Sell,231486995
2024-08-14 10:27:05,14550.0,1000,Sell,231486992
2024-08-14 10:27:05,14550.0,100,Sell,231486983
2024-08-14 10:27:05,14550.0,300,Sell,231486990
2024-08-14 10:27:05,14550.0,400,Sell,231486989
2024-08-14 10:27:05,14550.0,500,Sell,231486988
2024-08-14 10:27:05,14550.0,2000,Sell,231486987
2024-08-14 10:27:05,14550.0,100,Sell,231486986
2024-08-14 10:27:05,14550.0,6700,Sell,231486985
2024-08-14 10:27:05,14550.0,100,Sell,231486984
2024-08-14 10:27:05,14550.0,1000,Sell,231486991
2024-08-14 10:27:05,14550.0,300,Sell,231486996
2024-08-14 10:27:08,14550.0,200,Sell,231487040
2024-08-14 10:27:25,14600.0,200,Buy,231487331
2024-08-14 10:28:04,14600.0,100,Buy,231487751
2024-08-14 10:28:18,14550.0,200,Sell,231487954
2024-08-14 10:28:19,14600.0,200,Buy,231487967
2024-08-14 10:28:30,14600.0,100,Buy,231488089
2024-08-14 10:28:43,14600.0,600,Buy,231488309
2024-08-14 10:29:12,14550.0,400,Sell,231488743
2024-08-14 10:29:14,14600.0,100,Buy,231488755
2024-08-14 10:29:59,14600.0,100,Buy,231489265
2024-08-14 10:30:09,14600.0,300,Buy,231489367
2024-08-14 10:30:13,14600.0,100,Buy,231489422
2024-08-14 10:30:41,14600.0,600,Buy,231489711
2024-08-14 10:31:12,14550.0,100,Sell,231490155
2024-08-14 10:31:22,14550.0,300,Sell,231490334
2024-08-14 10:31:24,14600.0,100,Buy,231490356
2024-08-14 10:32:00,14600.0,3800,Buy,231490986
2024-08-14 10:32:19,14600.0,1000,Buy,231491139
2024-08-14 10:33:13,14600.0,100,Buy,231491814
2024-08-14 10:33:54,14600.0,500,Buy,231492280
2024-08-14 10:34:09,14600.0,12000,Buy,231492430
2024-08-14 10:34:41,14600.0,100,Buy,231492820
2024-08-14 10:35:08,14600.0,100,Buy,231493208
2024-08-14 10:35:13,14550.0,2000,Sell,231493290
2024-08-14 10:35:13,14550.0,4400,Sell,231493292
2024-08-14 10:35:13,14550.0,500,Sell,231493291
2024-08-14 10:35:13,14550.0,5000,Sell,231493289
2024-08-14 10:35:13,14550.0,9400,Sell,231493283
2024-08-14 10:35:13,14550.0,1400,Sell,231493287
2024-08-14 10:35:13,14550.0,1000,Sell,231493286
2024-08-14 10:35:13,14550.0,100,Sell,231493285
2024-08-14 10:35:13,14550.0,100,Sell,231493284
2024-08-14 10:35:13,14550.0,2800,Sell,231493288
2024-08-14 10:35:14,14600.0,100,Buy,231493299
2024-08-14 10:35:22,14600.0,14600,Buy,231493389
2024-08-14 10:35:22,14600.0,400,Buy,231493390
2024-08-14 10:35:28,14600.0,100,Buy,231493525
2024-08-14 10:35:28,14600.0,100,Buy,231493526
2024-08-14 10:35:46,14600.0,100,Buy,231493741
2024-08-14 10:35:51,14600.0,100,Buy,231493792
2024-08-14 10:35:59,14550.0,100,Sell,231493886
2024-08-14 10:36:04,14550.0,200,Sell,231493938
2024-08-14 10:36:07,14600.0,3000,Buy,231493992
2024-08-14 10:36:11,14550.0,100,Sell,231494047
2024-08-14 10:37:04,14550.0,18000,Sell,231494895
2024-08-14 10:37:04,14550.0,1000,Sell,231494894
2024-08-14 10:37:04,14550.0,500,Sell,231494893
2024-08-14 10:37:04,14550.0,100,Sell,231494892
2024-08-14 10:37:04,14550.0,200,Sell,231494891
2024-08-14 10:37:04,14550.0,1000,Sell,231494887
2024-08-14 10:37:04,14550.0,100,Sell,231494889
2024-08-14 10:37:04,14550.0,100,Sell,231494888
2024-08-14 10:37:04,14550.0,3000,Sell,231494886
2024-08-14 10:37:04,14550.0,300,Sell,231494885
2024-08-14 10:37:04,14550.0,200,Sell,231494884
2024-08-14 10:37:04,14550.0,500,Sell,231494890
2024-08-14 10:37:16,14550.0,1000,Sell,231495096
2024-08-14 10:37:25,14600.0,100,Buy,231495360
2024-08-14 10:37:37,14550.0,200,Sell,231495540
2024-08-14 10:37:46,14600.0,200,Buy,231495685
2024-08-14 10:37:47,14550.0,300,Sell,231495699
2024-08-14 10:37:47,14550.0,10200,Sell,231495702
2024-08-14 10:37:47,14550.0,500,Sell,231495701
2024-08-14 10:37:47,14550.0,4000,Sell,231495700
2024-08-14 10:37:47,14550.0,1000,Sell,231495698
2024-08-14 10:37:47,14550.0,10800,Sell,231495692
2024-08-14 10:37:47,14550.0,100,Sell,231495696
2024-08-14 10:37:47,14550.0,200,Sell,231495693
2024-08-14 10:37:47,14550.0,200,Sell,231495697
2024-08-14 10:37:47,14550.0,100,Sell,231495695
2024-08-14 10:37:47,14550.0,2600,Sell,231495694
2024-08-14 10:37:48,14600.0,200,Buy,231495715
2024-08-14 10:37:50,14550.0,100,Sell,231495763
2024-08-14 10:37:50,14550.0,700,Sell,231495762
2024-08-14 10:37:50,14550.0,300,Sell,231495761
2024-08-14 10:37:50,14550.0,400,Sell,231495760
2024-08-14 10:37:50,14550.0,100,Sell,231495759
2024-08-14 10:37:50,14550.0,500,Sell,231495758
2024-08-14 10:37:50,14550.0,100,Sell,231495750
2024-08-14 10:37:50,14550.0,1200,Sell,231495756
2024-08-14 10:37:50,14550.0,1000,Sell,231495755
2024-08-14 10:37:50,14550.0,500,Sell,231495754
2024-08-14 10:37:50,14550.0,100,Sell,231495753
2024-08-14 10:37:50,14550.0,100,Sell,231495752
2024-08-14 10:37:50,14550.0,600,Sell,231495751
2024-08-14 10:37:50,14550.0,3000,Sell,231495757
2024-08-14 10:37:50,14550.0,500,Sell,231495749
2024-08-14 10:37:50,14550.0,300,Sell,231495746
2024-08-14 10:37:50,14550.0,700,Sell,231495745
2024-08-14 10:37:50,14550.0,200,Sell,231495744
2024-08-14 10:37:50,14550.0,300,Sell,231495743
2024-08-14 10:37:50,14550.0,100,Sell,231495742
2024-08-14 10:37:50,14550.0,200,Sell,231495741
2024-08-14 10:37:50,14550.0,300,Sell,231495740
2024-08-14 10:37:50,14550.0,3000,Sell,231495739
2024-08-14 10:37:50,14550.0,300,Sell,231495738
2024-08-14 10:37:50,14550.0,22700,Sell,231495737
2024-08-14 10:37:50,14550.0,5000,Sell,231495736
2024-08-14 10:37:50,14550.0,2000,Sell,231495735
2024-08-14 10:37:50,14550.0,1600,Sell,231495748
2024-08-14 10:37:50,14550.0,200,Sell,231495747
2024-08-14 10:38:08,14550.0,1700,Sell,231496058
2024-08-14 10:38:08,14550.0,100,Sell,231496057
2024-08-14 10:38:08,14550.0,3100,Sell,231496055
2024-08-14 10:38:08,14550.0,100,Sell,231496056
2024-08-14 10:38:14,14550.0,300,Sell,231496146
2024-08-14 10:38:23,14550.0,2000,Sell,231496290
2024-08-14 10:38:57,14600.0,100,Buy,231496877
2024-08-14 10:38:57,14600.0,1900,Buy,231496878
2024-08-14 10:38:57,14550.0,1000,Sell,231496879
2024-08-14 10:39:02,14550.0,100,Sell,231496987
2024-08-14 10:39:02,14550.0,200,Sell,231496986
2024-08-14 10:39:02,14550.0,1000,Sell,231496978
2024-08-14 10:39:02,14550.0,2000,Sell,231496984
2024-08-14 10:39:02,14550.0,100,Sell,231496983
2024-08-14 10:39:02,14550.0,1000,Sell,231496982
2024-08-14 10:39:02,14550.0,200,Sell,231496981
2024-08-14 10:39:02,14550.0,200,Sell,231496980
2024-08-14 10:39:02,14550.0,1000,Sell,231496979
2024-08-14 10:39:02,14550.0,300,Sell,231496985
2024-08-14 10:39:02,14550.0,100,Sell,231496977
2024-08-14 10:39:02,14550.0,200,Sell,231496975
2024-08-14 10:39:02,14550.0,15000,Sell,231496966
2024-08-14 10:39:02,14550.0,100,Sell,231496976
2024-08-14 10:39:02,14550.0,200,Sell,231496968
2024-08-14 10:39:02,14550.0,100,Sell,231496969
2024-08-14 10:39:02,14550.0,100,Sell,231496967
2024-08-14 10:39:02,14550.0,1000,Sell,231496971
2024-08-14 10:39:02,14550.0,100,Sell,231496972
2024-08-14 10:39:02,14550.0,5000,Sell,231496973
2024-08-14 10:39:02,14550.0,2000,Sell,231496974
2024-08-14 10:39:02,14550.0,300,Sell,231496970
2024-08-14 10:39:03,14550.0,100,Buy,231496993
2024-08-14 10:39:46,14500.0,1000,Sell,231497696
2024-08-14 10:39:46,14550.0,100,Buy,231497700
2024-08-14 10:39:47,14500.0,800,Sell,231497725
2024-08-14 10:39:47,14500.0,400,Sell,231497723
2024-08-14 10:39:47,14500.0,500,Sell,231497724
2024-08-14 10:39:47,14500.0,300,Sell,231497722
2024-08-14 10:39:47,14500.0,100,Sell,231497718
2024-08-14 10:39:47,14500.0,500,Sell,231497720
2024-08-14 10:39:47,14500.0,400,Sell,231497721
2024-08-14 10:39:47,14500.0,1000,Sell,231497717
2024-08-14 10:39:47,14500.0,300,Sell,231497719
2024-08-14 10:39:50,14550.0,200,Buy,231497762
2024-08-14 10:39:54,14500.0,2000,Sell,231497811
2024-08-14 10:39:54,14500.0,300,Sell,231497812
2024-08-14 10:39:54,14500.0,1000,Sell,231497813
2024-08-14 10:39:54,14500.0,100,Sell,231497814
2024-08-14 10:39:54,14500.0,200,Sell,231497815
2024-08-14 10:39:54,14500.0,500,Sell,231497816
2024-08-14 10:39:54,14500.0,200,Sell,231497810
2024-08-14 10:40:15,14550.0,400,Buy,231498188
2024-08-14 10:40:46,14500.0,100,Sell,231498772
2024-08-14 10:40:46,14550.0,500,Buy,231498776
2024-08-14 10:40:59,14500.0,300,Sell,231498962
2024-08-14 10:41:28,14500.0,2000,Sell,231499479
2024-08-14 10:41:34,14500.0,500,Sell,231499569
2024-08-14 10:41:48,14500.0,200,Sell,231499736
2024-08-14 10:41:51,14500.0,500,Sell,231499802
2024-08-14 10:42:07,14500.0,100,Sell,231500052
2024-08-14 10:42:13,14550.0,1000,Buy,231500115
2024-08-14 10:42:13,14550.0,400,Buy,231500116
2024-08-14 10:42:13,14550.0,200,Buy,231500117
2024-08-14 10:42:13,14550.0,19000,Buy,231500118
2024-08-14 10:42:13,14550.0,18400,Buy,231500114
2024-08-14 10:42:24,14550.0,1500,Buy,231500347
2024-08-14 10:42:32,14550.0,100,Buy,231500591
2024-08-14 10:42:35,14550.0,200,Buy,231500643
2024-08-14 10:42:42,14550.0,500,Buy,231500817
2024-08-14 10:42:48,14500.0,800,Sell,231500918
2024-08-14 10:42:48,14500.0,100,Sell,231500919
2024-08-14 10:42:48,14500.0,1100,Sell,231500920
2024-08-14 10:42:51,14550.0,100,Buy,231501011
2024-08-14 10:42:53,14550.0,500,Buy,231501061
2024-08-14 10:42:58,14550.0,100,Buy,231501180
2024-08-14 10:43:05,14550.0,200,Buy,231501312
2024-08-14 10:43:08,14550.0,100,Buy,231501342
2024-08-14 10:43:11,14550.0,100,Buy,231501366
2024-08-14 10:43:19,14550.0,300,Buy,231501446
2024-08-14 10:43:21,14550.0,20000,Buy,231501481
2024-08-14 10:43:50,14550.0,500,Buy,231501866
2024-08-14 10:44:01,14550.0,2000,Buy,231502026
2024-08-14 10:44:14,14550.0,4800,Buy,231502134
2024-08-14 10:44:14,14550.0,100,Buy,231502135
2024-08-14 10:44:14,14550.0,100,Buy,231502136
2024-08-14 10:44:20,14550.0,600,Buy,231502205
2024-08-14 10:44:29,14550.0,3900,Buy,231502328
2024-08-14 10:44:29,14550.0,2500,Buy,231502329
2024-08-14 10:44:29,14550.0,50000,Buy,231502330
2024-08-14 10:44:29,14550.0,5000,Buy,231502331
2024-08-14 10:44:29,14550.0,200,Buy,231502332
2024-08-14 10:44:29,14550.0,300,Buy,231502333
2024-08-14 10:44:33,14550.0,1000,Sell,231502391
2024-08-14 10:45:00,14550.0,200,Sell,231502710
2024-08-14 10:45:02,14600.0,100,Buy,231502740
2024-08-14 10:45:17,14600.0,100,Buy,231502899
2024-08-14 10:45:33,14550.0,100,Sell,231503199
2024-08-14 10:46:18,14550.0,10000,Sell,231503779
2024-08-14 10:46:44,14550.0,1000,Sell,231504363
