time,price,volume,match_type,id
2024-07-26 09:14:40,15750.0,24000,ATO/ATC,226562552
2024-07-26 09:15:10,15750.0,5000,Sell,226562980
2024-07-26 09:15:32,15800.0,300,Buy,226563296
2024-07-26 09:15:32,15800.0,200,Buy,226563298
2024-07-26 09:15:32,15800.0,1400,Buy,226563295
2024-07-26 09:15:32,15800.0,700,Buy,226563297
2024-07-26 09:15:38,15800.0,100,Sell,226563395
2024-07-26 09:15:53,15850.0,1000,Buy,226563627
2024-07-26 09:15:53,15850.0,400,Buy,226563626
2024-07-26 09:15:53,15850.0,400,Buy,226563628
2024-07-26 09:15:54,15800.0,500,Sell,226563639
2024-07-26 09:15:59,15800.0,500,Sell,226563748
2024-07-26 09:16:44,15850.0,100,Buy,226564443
2024-07-26 09:16:44,15850.0,600,Buy,226564444
2024-07-26 09:16:44,15850.0,200,Buy,226564445
2024-07-26 09:16:46,15800.0,100,Sell,226564518
2024-07-26 09:16:53,15800.0,400,Sell,226564644
2024-07-26 09:16:53,15800.0,100,Sell,226564645
2024-07-26 09:16:54,15850.0,400,Buy,226564663
2024-07-26 09:16:54,15850.0,200,Buy,226564664
2024-07-26 09:16:54,15850.0,400,Buy,226564665
2024-07-26 09:16:55,15850.0,200,Buy,226564673
2024-07-26 09:16:59,15850.0,600,Buy,226564740
2024-07-26 09:16:59,15850.0,4400,Buy,226564739
2024-07-26 09:17:05,15850.0,1400,Buy,226564829
2024-07-26 09:17:05,15850.0,600,Buy,226564830
2024-07-26 09:17:09,15850.0,100,Buy,226564894
2024-07-26 09:17:09,15850.0,200,Buy,226564895
2024-07-26 09:17:09,15850.0,100,Buy,226564896
2024-07-26 09:17:09,15850.0,100,Buy,226564897
2024-07-26 09:17:10,15850.0,1000,Sell,226564906
2024-07-26 09:17:20,15900.0,100,Buy,226565072
2024-07-26 09:17:29,15900.0,100,Buy,226565230
2024-07-26 09:17:37,15900.0,1000,Buy,226565336
2024-07-26 09:17:41,15850.0,500,Sell,226565401
2024-07-26 09:17:41,15850.0,1500,Sell,226565402
2024-07-26 09:17:48,15850.0,200,Sell,226565542
2024-07-26 09:17:48,15850.0,500,Sell,226565541
2024-07-26 09:17:51,15850.0,100,Sell,226565572
2024-07-26 09:17:57,15850.0,600,Sell,226565673
2024-07-26 09:18:10,15850.0,200,Sell,226565910
2024-07-26 09:18:12,15850.0,800,Sell,226565931
2024-07-26 09:18:14,15850.0,300,Sell,226566008
2024-07-26 09:18:18,15850.0,400,Sell,226566123
2024-07-26 09:18:18,15850.0,500,Sell,226566124
2024-07-26 09:18:18,15850.0,500,Sell,226566125
2024-07-26 09:18:18,15850.0,500,Sell,226566126
2024-07-26 09:18:18,15850.0,1300,Sell,226566127
2024-07-26 09:18:20,15850.0,700,Sell,226566148
2024-07-26 09:18:36,15850.0,9300,Buy,226566438
2024-07-26 09:18:36,15850.0,300,Buy,226566439
2024-07-26 09:18:36,15850.0,500,Buy,226566440
2024-07-26 09:18:38,15850.0,500,Sell,226566459
2024-07-26 09:18:47,15900.0,2000,Buy,226566610
2024-07-26 09:18:55,15850.0,7900,Sell,226566777
2024-07-26 09:19:16,15850.0,1500,Sell,226567177
2024-07-26 09:19:16,15850.0,3500,Sell,226567178
2024-07-26 09:19:19,15850.0,5000,Sell,226567218
2024-07-26 09:19:26,15850.0,1000,Sell,226567381
2024-07-26 09:19:50,15850.0,300,Sell,226567840
2024-07-26 09:19:59,15850.0,40000,Sell,226567989
2024-07-26 09:20:03,15850.0,200,Sell,226568048
2024-07-26 09:20:03,15850.0,800,Sell,226568049
2024-07-26 09:20:06,15850.0,700,Sell,226568090
2024-07-26 09:20:06,15850.0,200,Sell,226568091
2024-07-26 09:20:06,15850.0,100,Sell,226568092
2024-07-26 09:20:08,15850.0,400,Sell,226568143
2024-07-26 09:20:08,15850.0,100,Sell,226568144
2024-07-26 09:20:23,15850.0,500,Buy,226568441
2024-07-26 09:20:23,15850.0,500,Buy,226568440
2024-07-26 09:20:28,15800.0,1000,Sell,226568516
2024-07-26 09:20:28,15850.0,500,Buy,226568512
2024-07-26 09:20:28,15850.0,500,Buy,226568515
2024-07-26 09:20:35,15850.0,100,Buy,226568633
2024-07-26 09:20:44,15850.0,100,Buy,226568744
2024-07-26 09:21:16,15850.0,500,Buy,226569299
2024-07-26 09:21:19,15800.0,1000,Sell,226569342
2024-07-26 09:21:35,15850.0,300,Buy,226569558
2024-07-26 09:21:41,15850.0,500,Buy,226569688
2024-07-26 09:21:56,15850.0,100,Buy,226569979
2024-07-26 09:22:33,15850.0,400,Buy,226570663
2024-07-26 09:22:40,15850.0,200,Buy,226570773
2024-07-26 09:22:44,15850.0,500,Buy,226570824
2024-07-26 09:22:55,15850.0,100,Buy,226571038
2024-07-26 09:23:16,15800.0,200,Sell,226571429
2024-07-26 09:23:17,15850.0,100,Buy,226571443
2024-07-26 09:24:13,15850.0,100,Buy,226572512
2024-07-26 09:24:26,15800.0,100,Sell,226572716
2024-07-26 09:24:35,15800.0,700,Sell,226572896
2024-07-26 09:24:35,15800.0,300,Sell,226572897
2024-07-26 09:24:35,15800.0,100,Sell,226572898
2024-07-26 09:24:35,15800.0,500,Sell,226572899
2024-07-26 09:24:35,15800.0,9800,Sell,226572900
2024-07-26 09:24:39,15850.0,200,Buy,226573017
2024-07-26 09:25:04,15850.0,500,Buy,226573510
2024-07-26 09:25:20,15800.0,5000,Sell,226573788
2024-07-26 09:25:56,15800.0,1000,Sell,226574404
2024-07-26 09:25:58,15800.0,200,Sell,226574434
2024-07-26 09:26:05,15800.0,300,Sell,226574570
2024-07-26 09:26:14,15800.0,4000,Sell,226574750
2024-07-26 09:26:14,15800.0,1000,Sell,226574749
2024-07-26 09:26:25,15800.0,300,Sell,226574908
2024-07-26 09:26:39,15800.0,1000,Sell,226575197
2024-07-26 09:26:54,15800.0,5000,Sell,226575469
2024-07-26 09:26:55,15800.0,12400,Sell,226575483
2024-07-26 09:26:55,15800.0,100,Sell,226575484
2024-07-26 09:26:55,15800.0,100,Sell,226575485
2024-07-26 09:26:55,15800.0,5000,Sell,226575486
2024-07-26 09:26:55,15800.0,500,Sell,226575487
2024-07-26 09:26:55,15800.0,5900,Sell,226575488
2024-07-26 09:27:02,15800.0,5000,Sell,226575592
2024-07-26 09:27:41,15850.0,200,Buy,226576343
2024-07-26 09:27:41,15850.0,11400,Buy,226576342
2024-07-26 09:27:41,15850.0,10000,Buy,226576341
2024-07-26 09:27:41,15850.0,11400,Buy,226576337
2024-07-26 09:27:41,15850.0,2500,Buy,226576339
2024-07-26 09:27:41,15850.0,500,Buy,226576338
2024-07-26 09:27:41,15850.0,11400,Buy,226576344
2024-07-26 09:27:41,15850.0,1000,Buy,226576340
2024-07-26 09:27:41,15850.0,200,Buy,226576345
2024-07-26 09:27:41,15850.0,100,Buy,226576351
2024-07-26 09:27:41,15850.0,1000,Buy,226576348
2024-07-26 09:27:41,15850.0,500,Buy,226576336
2024-07-26 09:27:41,15850.0,500,Buy,226576350
2024-07-26 09:27:41,15850.0,500,Buy,226576352
2024-07-26 09:27:41,15850.0,10000,Buy,226576353
2024-07-26 09:27:41,15850.0,1000,Buy,226576354
2024-07-26 09:27:41,15850.0,5000,Buy,226576355
2024-07-26 09:27:41,15850.0,1000,Buy,226576356
2024-07-26 09:27:41,15850.0,100,Buy,226576357
2024-07-26 09:27:41,15850.0,100,Buy,226576346
2024-07-26 09:27:41,15850.0,1000,Buy,226576335
2024-07-26 09:27:41,15850.0,600,Buy,226576349
2024-07-26 09:27:41,15850.0,1300,Buy,226576333
2024-07-26 09:27:41,15850.0,11400,Buy,226576334
2024-07-26 09:27:41,15850.0,2800,Buy,226576311
2024-07-26 09:27:41,15850.0,100,Buy,226576312
2024-07-26 09:27:41,15850.0,5000,Buy,226576313
2024-07-26 09:27:41,15850.0,500,Buy,226576314
2024-07-26 09:27:41,15850.0,3000,Buy,226576315
2024-07-26 09:27:41,15850.0,100,Buy,226576316
2024-07-26 09:27:41,15850.0,1000,Buy,226576317
2024-07-26 09:27:41,15850.0,10000,Buy,226576318
2024-07-26 09:27:41,15850.0,100,Buy,226576319
2024-07-26 09:27:41,15850.0,5000,Buy,226576320
2024-07-26 09:27:41,15850.0,100,Buy,226576347
2024-07-26 09:27:41,15850.0,10000,Buy,226576321
2024-07-26 09:27:41,15850.0,200,Buy,226576331
2024-07-26 09:27:41,15850.0,1600,Buy,226576330
2024-07-26 09:27:41,15850.0,500,Buy,226576329
2024-07-26 09:27:41,15850.0,200,Buy,226576327
2024-07-26 09:27:41,15850.0,1000,Buy,226576332
2024-07-26 09:27:41,15850.0,2400,Buy,226576325
2024-07-26 09:27:41,15850.0,1000,Buy,226576324
2024-07-26 09:27:41,15850.0,200,Buy,226576323
2024-07-26 09:27:41,15850.0,10000,Buy,226576322
2024-07-26 09:27:41,15850.0,100,Buy,226576326
2024-07-26 09:27:48,15850.0,10000,Sell,226576467
2024-07-26 09:28:06,15850.0,1000,Sell,226576784
2024-07-26 09:28:19,15850.0,1400,Sell,226577006
2024-07-26 09:28:19,15850.0,700,Sell,226577007
2024-07-26 09:28:19,15850.0,900,Sell,226577008
2024-07-26 09:28:38,15850.0,3000,Sell,226577391
2024-07-26 09:28:42,15850.0,3300,Sell,226577445
2024-07-26 09:28:42,15850.0,6100,Sell,226577443
2024-07-26 09:28:42,15850.0,10000,Sell,226577444
2024-07-26 09:28:50,15850.0,1000,Buy,226577605
2024-07-26 09:29:14,15850.0,2000,Buy,226577993
2024-07-26 09:29:14,15850.0,5000,Buy,226577998
2024-07-26 09:29:14,15850.0,11400,Buy,226577996
2024-07-26 09:29:14,15850.0,1000,Buy,226577995
2024-07-26 09:29:14,15850.0,100,Buy,226577994
2024-07-26 09:29:14,15850.0,5000,Buy,226577992
2024-07-26 09:29:14,15850.0,1000,Buy,226577997
2024-07-26 09:29:14,15850.0,400,Buy,226577990
2024-07-26 09:29:14,15850.0,5000,Buy,226577989
2024-07-26 09:29:14,15850.0,4700,Buy,226577988
2024-07-26 09:29:14,15850.0,500,Buy,226577987
2024-07-26 09:29:14,15850.0,5000,Buy,226577991
2024-07-26 09:29:14,15850.0,1000,Buy,226577986
2024-07-26 09:29:14,15850.0,900,Buy,226577985
2024-07-26 09:29:17,15850.0,500,Sell,226578063
2024-07-26 09:29:17,15850.0,400,Sell,226578062
2024-07-26 09:29:17,15850.0,5000,Sell,226578042
2024-07-26 09:29:18,15850.0,100,Sell,226578091
2024-07-26 09:29:18,15850.0,3000,Sell,226578095
2024-07-26 09:29:20,15850.0,5000,Sell,226578119
2024-07-26 09:29:23,15850.0,50000,Sell,226578189
2024-07-26 09:29:24,15850.0,5000,Sell,226578224
2024-07-26 09:29:25,15850.0,10000,Sell,226578248
2024-07-26 09:29:28,15850.0,1800,Sell,226578298
2024-07-26 09:29:42,15900.0,400,Buy,226578560
2024-07-26 09:29:42,15900.0,500,Buy,226578559
2024-07-26 09:29:42,15900.0,1000,Buy,226578558
2024-07-26 09:29:42,15900.0,1000,Buy,226578557
2024-07-26 09:29:42,15900.0,1000,Buy,226578555
2024-07-26 09:29:42,15900.0,300,Buy,226578556
2024-07-26 09:29:42,15900.0,10000,Buy,226578553
2024-07-26 09:29:42,15900.0,800,Buy,226578552
2024-07-26 09:29:42,15900.0,100,Buy,226578550
2024-07-26 09:29:42,15900.0,5800,Buy,226578549
2024-07-26 09:29:42,15900.0,100,Buy,226578554
2024-07-26 09:29:42,15900.0,1000,Buy,226578551
2024-07-26 09:30:11,15850.0,100,Sell,226579165
2024-07-26 09:30:17,15900.0,300,Buy,226579296
2024-07-26 09:30:18,15850.0,76100,Sell,226579308
2024-07-26 09:30:18,15850.0,300,Sell,226579309
2024-07-26 09:30:18,15850.0,200,Sell,226579310
2024-07-26 09:30:18,15850.0,1000,Sell,226579311
2024-07-26 09:30:18,15850.0,2000,Sell,226579312
2024-07-26 09:30:33,15850.0,100,Buy,226579597
2024-07-26 09:30:34,15850.0,100,Buy,226579616
2024-07-26 09:30:44,15850.0,10000,Buy,226579787
2024-07-26 09:30:52,15850.0,5000,Buy,226579919
2024-07-26 09:30:53,15850.0,20000,Buy,226579955
2024-07-26 09:30:55,15850.0,100,Sell,226580055
2024-07-26 09:30:55,15850.0,500,Sell,226580051
2024-07-26 09:30:55,15850.0,5200,Buy,226580044
2024-07-26 09:30:55,15850.0,100,Buy,226580046
2024-07-26 09:30:55,15850.0,300,Buy,226580045
2024-07-26 09:31:05,15850.0,900,Sell,226580266
2024-07-26 09:31:06,15850.0,300,Sell,226580278
2024-07-26 09:31:10,15850.0,2000,Sell,226580400
2024-07-26 09:31:18,15850.0,200,Sell,226580564
2024-07-26 09:31:21,15850.0,200,Sell,226580682
2024-07-26 09:31:25,15850.0,100,Sell,226580782
2024-07-26 09:31:25,15850.0,1000,Sell,226580786
2024-07-26 09:31:30,15850.0,9100,Sell,226580887
2024-07-26 09:31:30,15850.0,9900,Sell,226580888
2024-07-26 09:31:36,15850.0,2000,Sell,226581047
2024-07-26 09:31:37,15850.0,2000,Sell,226581066
2024-07-26 09:31:37,15850.0,100,Sell,226581075
2024-07-26 09:31:40,15850.0,100,Sell,226581168
2024-07-26 09:31:51,15850.0,1000,Sell,226581391
2024-07-26 09:31:51,15850.0,1200,Sell,226581390
2024-07-26 09:31:55,15850.0,1000,Sell,226581476
2024-07-26 09:31:57,15850.0,500,Sell,226581535
2024-07-26 09:31:57,15850.0,100,Sell,226581536
2024-07-26 09:31:57,15850.0,6700,Sell,226581537
2024-07-26 09:31:57,15850.0,2700,Sell,226581534
2024-07-26 09:31:58,15850.0,600,Sell,226581547
2024-07-26 09:31:59,15850.0,5000,Sell,226581575
2024-07-26 09:32:06,15850.0,1000,Sell,226581768
2024-07-26 09:32:15,15850.0,100,Sell,226581952
2024-07-26 09:32:24,15850.0,200,Sell,226582109
2024-07-26 09:32:25,15850.0,100,Sell,226582128
2024-07-26 09:32:31,15850.0,500,Sell,226582244
2024-07-26 09:32:32,15850.0,100,Sell,226582257
2024-07-26 09:32:33,15850.0,3000,Sell,226582290
2024-07-26 09:32:34,15850.0,1100,Sell,226582345
2024-07-26 09:32:35,15900.0,100,Buy,226582357
2024-07-26 09:32:38,15850.0,500,Sell,226582415
2024-07-26 09:32:44,15850.0,500,Sell,226582545
2024-07-26 09:32:47,15850.0,200,Sell,226582596
2024-07-26 09:32:47,15850.0,400,Sell,226582595
2024-07-26 09:32:47,15850.0,500,Sell,226582590
2024-07-26 09:32:47,15850.0,200,Sell,226582593
2024-07-26 09:32:47,15850.0,100,Sell,226582594
2024-07-26 09:32:47,15850.0,100,Sell,226582584
2024-07-26 09:32:53,15850.0,6000,Buy,226582716
2024-07-26 09:33:04,15850.0,100,Buy,226582882
2024-07-26 09:33:32,15850.0,200,Buy,226583378
2024-07-26 09:33:43,15850.0,200,Buy,226583576
2024-07-26 09:33:44,15850.0,100,Buy,226583603
2024-07-26 09:33:46,15850.0,100,Buy,226583647
2024-07-26 09:33:46,15850.0,200,Buy,226583688
2024-07-26 09:34:07,15850.0,1000,Buy,226583984
2024-07-26 09:34:37,15850.0,100,Buy,226584499
2024-07-26 09:34:41,15850.0,1000,Buy,226584582
2024-07-26 09:34:41,15850.0,700,Buy,226584578
2024-07-26 09:34:41,15850.0,100,Buy,226584579
2024-07-26 09:34:41,15850.0,100,Buy,226584580
2024-07-26 09:34:41,15850.0,100,Buy,226584581
2024-07-26 09:34:46,15850.0,100,Buy,226584668
2024-07-26 09:35:11,15800.0,1000,Sell,226585198
2024-07-26 09:35:26,15800.0,2000,Sell,226585471
2024-07-26 09:35:26,15800.0,1000,Sell,226585472
2024-07-26 09:35:36,15800.0,1000,Sell,226585669
2024-07-26 09:35:54,15800.0,200,Sell,226585976
2024-07-26 09:36:05,15800.0,9000,Sell,226586163
2024-07-26 09:36:15,15800.0,600,Sell,226586355
2024-07-26 09:36:21,15800.0,700,Sell,226586416
2024-07-26 09:36:33,15800.0,100,Sell,226586609
2024-07-26 09:36:38,15800.0,500,Sell,226586697
2024-07-26 09:36:40,15850.0,100,Buy,226586734
2024-07-26 09:36:45,15800.0,100,Sell,226586806
2024-07-26 09:36:52,15850.0,1000,Buy,226586945
2024-07-26 09:36:53,15800.0,200,Sell,226586965
2024-07-26 09:36:56,15800.0,1300,Sell,226586988
2024-07-26 09:37:10,15800.0,100,Sell,226587224
2024-07-26 09:37:11,15800.0,2000,Sell,226587234
2024-07-26 09:37:29,15800.0,100,Sell,226587576
2024-07-26 09:37:29,15800.0,2100,Sell,226587587
2024-07-26 09:37:29,15800.0,200,Sell,226587586
2024-07-26 09:37:29,15800.0,100,Sell,226587585
2024-07-26 09:37:29,15800.0,1000,Sell,226587584
2024-07-26 09:37:29,15800.0,500,Sell,226587583
2024-07-26 09:37:29,15800.0,19300,Sell,226587573
2024-07-26 09:37:29,15800.0,2000,Sell,226587581
2024-07-26 09:37:29,15800.0,3000,Sell,226587577
2024-07-26 09:37:29,15800.0,200,Sell,226587578
2024-07-26 09:37:29,15800.0,200,Sell,226587582
2024-07-26 09:37:29,15800.0,400,Sell,226587580
2024-07-26 09:37:29,15800.0,500,Sell,226587579
2024-07-26 09:37:32,15800.0,300,Sell,226587620
2024-07-26 09:37:32,15800.0,1000,Sell,226587621
2024-07-26 09:37:32,15800.0,1500,Sell,226587622
2024-07-26 09:37:32,15800.0,9300,Sell,226587623
2024-07-26 09:37:32,15800.0,7900,Sell,226587619
2024-07-26 09:37:36,15800.0,700,Sell,226587686
2024-07-26 09:37:36,15800.0,200,Sell,226587687
2024-07-26 09:37:36,15800.0,1100,Sell,226587688
2024-07-26 09:37:43,15800.0,100,Sell,226587817
2024-07-26 09:37:56,15800.0,100,Sell,226588051
2024-07-26 09:37:57,15800.0,100,Sell,226588078
2024-07-26 09:37:57,15800.0,1000,Sell,226588077
2024-07-26 09:37:57,15800.0,2900,Sell,226588076
2024-07-26 09:37:57,15800.0,1000,Sell,226588074
2024-07-26 09:37:57,15800.0,800,Sell,226588075
2024-07-26 09:37:57,15800.0,400,Sell,226588079
2024-07-26 09:37:57,15800.0,100,Sell,226588073
2024-07-26 09:37:57,15800.0,2600,Sell,226588068
2024-07-26 09:37:57,15800.0,10000,Sell,226588071
2024-07-26 09:37:57,15800.0,500,Sell,226588070
2024-07-26 09:37:57,15800.0,100,Sell,226588069
2024-07-26 09:37:57,15800.0,300,Sell,226588066
2024-07-26 09:37:57,15800.0,100,Sell,226588065
2024-07-26 09:37:57,15800.0,700,Sell,226588064
2024-07-26 09:37:57,15800.0,2000,Sell,226588072
2024-07-26 09:37:57,15800.0,100,Sell,226588067
2024-07-26 09:37:58,15800.0,100,Sell,226588105
2024-07-26 09:37:58,15800.0,200,Sell,226588104
2024-07-26 09:37:58,15800.0,200,Sell,226588102
2024-07-26 09:37:58,15800.0,300,Sell,226588103
2024-07-26 09:38:06,15800.0,200,Buy,226588220
2024-07-26 09:38:08,15800.0,1000,Buy,226588267
2024-07-26 09:38:08,15800.0,2000,Buy,226588268
2024-07-26 09:38:13,15800.0,300,Sell,226588340
2024-07-26 09:38:23,15800.0,700,Sell,226588463
2024-07-26 09:38:23,15800.0,100,Sell,226588464
2024-07-26 09:38:26,15800.0,200,Buy,226588506
2024-07-26 09:38:42,15800.0,100,Buy,226588727
2024-07-26 09:38:46,15800.0,100,Buy,226588782
2024-07-26 09:38:47,15800.0,500,Buy,226588793
2024-07-26 09:38:59,15800.0,100,Buy,226589013
2024-07-26 09:39:01,15800.0,200,Buy,226589032
2024-07-26 09:39:05,15800.0,400,Buy,226589078
2024-07-26 09:39:05,15800.0,100,Buy,226589077
2024-07-26 09:39:07,15800.0,600,Buy,226589086
2024-07-26 09:39:14,15800.0,400,Sell,226589179
2024-07-26 09:39:36,15800.0,2000,Sell,226589505
2024-07-26 09:39:49,15800.0,1000,Sell,226589716
2024-07-26 09:39:51,15800.0,6500,Sell,226589747
2024-07-26 09:40:30,15800.0,100,Sell,226590375
2024-07-26 09:40:44,15850.0,100,Buy,226590633
2024-07-26 09:41:03,15850.0,200,Buy,226591027
2024-07-26 09:41:46,15850.0,100,Buy,226591676
2024-07-26 09:41:56,15850.0,500,Buy,226591792
2024-07-26 09:41:56,15850.0,1000,Buy,226591793
2024-07-26 09:42:07,15850.0,100,Buy,226591948
2024-07-26 09:42:11,15800.0,200,Sell,226592004
2024-07-26 09:42:18,15850.0,300,Buy,226592128
2024-07-26 09:42:40,15850.0,500,Buy,226592399
2024-07-26 09:42:40,15850.0,500,Buy,226592398
2024-07-26 09:42:46,15850.0,100,Buy,226592608
2024-07-26 09:43:12,15850.0,100,Buy,226592882
2024-07-26 09:43:18,15850.0,1000,Buy,226592972
2024-07-26 09:43:30,15800.0,100,Sell,226593170
2024-07-26 09:44:48,15850.0,100,Buy,226594384
2024-07-26 09:45:04,15850.0,100,Buy,226594644
2024-07-26 09:45:20,15850.0,100,Buy,226594871
2024-07-26 09:45:20,15850.0,500,Buy,226594872
2024-07-26 09:45:20,15850.0,400,Buy,226594873
2024-07-26 09:45:27,15850.0,100,Buy,226594959
2024-07-26 09:46:49,15850.0,7000,Buy,226596173
2024-07-26 09:46:51,15850.0,100,Buy,226596227
2024-07-26 09:47:10,15850.0,500,Buy,226596570
2024-07-26 09:47:15,15850.0,2000,Buy,226596655
2024-07-26 09:47:19,15850.0,1100,Buy,226596699
2024-07-26 09:47:22,15800.0,100,Sell,226596775
2024-07-26 09:47:22,15800.0,9100,Sell,226596765
2024-07-26 09:47:22,15800.0,900,Sell,226596766
2024-07-26 09:47:26,15850.0,100,Buy,226596837
2024-07-26 09:48:08,15850.0,100,Buy,226597521
2024-07-26 09:48:08,15850.0,300,Buy,226597522
2024-07-26 09:48:08,15850.0,100,Buy,226597523
2024-07-26 09:48:20,15850.0,2500,Buy,226597687
2024-07-26 09:48:22,15800.0,100,Sell,226597706
2024-07-26 09:48:34,15800.0,2000,Sell,226597907
2024-07-26 09:48:53,15850.0,100,Buy,226598240
2024-07-26 09:48:59,15800.0,300,Sell,226598331
2024-07-26 09:48:59,15800.0,18900,Sell,226598334
2024-07-26 09:48:59,15800.0,200,Sell,226598332
2024-07-26 09:48:59,15800.0,600,Sell,226598330
2024-07-26 09:48:59,15800.0,500,Sell,226598333
2024-07-26 09:48:59,15800.0,600,Sell,226598328
2024-07-26 09:48:59,15800.0,10000,Sell,226598327
2024-07-26 09:48:59,15800.0,10000,Sell,226598326
2024-07-26 09:48:59,15800.0,50000,Sell,226598329
2024-07-26 09:48:59,15800.0,1000,Sell,226598325
2024-07-26 09:48:59,15800.0,7900,Sell,226598324
2024-07-26 09:49:01,15850.0,1000,Buy,226598371
2024-07-26 09:49:48,15850.0,100,Buy,226599327
2024-07-26 09:50:12,15850.0,2000,Buy,226599745
2024-07-26 09:50:17,15850.0,100,Buy,226599785
2024-07-26 09:50:24,15850.0,1000,Buy,226599949
2024-07-26 09:50:25,15800.0,800,Sell,226599972
2024-07-26 09:50:25,15800.0,500,Sell,226599971
2024-07-26 09:50:25,15800.0,300,Sell,226599969
2024-07-26 09:50:25,15800.0,2000,Sell,226599968
2024-07-26 09:50:25,15800.0,100,Sell,226599966
2024-07-26 09:50:25,15800.0,500,Sell,226599965
2024-07-26 09:50:25,15800.0,100,Sell,226599970
2024-07-26 09:50:25,15800.0,300,Sell,226599963
2024-07-26 09:50:25,15800.0,200,Sell,226599964
2024-07-26 09:50:25,15800.0,11100,Sell,226599958
2024-07-26 09:50:25,15800.0,2500,Sell,226599959
2024-07-26 09:50:25,15800.0,1000,Sell,226599967
2024-07-26 09:50:25,15800.0,100,Sell,226599961
2024-07-26 09:50:25,15800.0,400,Sell,226599962
2024-07-26 09:50:25,15800.0,100,Sell,226599960
2024-07-26 09:50:55,15850.0,100,Buy,226600538
2024-07-26 09:51:32,15850.0,200,Buy,226601198
2024-07-26 09:51:39,15850.0,100,Buy,226601293
2024-07-26 09:52:07,15850.0,17000,Buy,226601897
2024-07-26 09:52:33,15800.0,1600,Sell,226602234
2024-07-26 09:52:57,15850.0,100,Buy,226602793
2024-07-26 09:53:28,15800.0,500,Sell,226603426
2024-07-26 09:54:36,15800.0,500,Sell,226604850
2024-07-26 09:54:48,15800.0,100,Sell,226605072
2024-07-26 09:54:56,15850.0,100,Buy,226605235
2024-07-26 09:54:59,15850.0,100,Buy,226605291
2024-07-26 09:55:26,15850.0,500,Buy,226605811
2024-07-26 09:55:34,15850.0,2400,Buy,226605930
2024-07-26 09:55:36,15850.0,700,Buy,226605972
2024-07-26 09:55:45,15850.0,10000,Buy,226606174
2024-07-26 09:55:47,15850.0,100,Buy,226606235
2024-07-26 09:55:52,15850.0,100,Buy,226606329
2024-07-26 09:55:55,15850.0,200,Buy,226606416
2024-07-26 09:55:55,15850.0,100,Buy,226606417
2024-07-26 09:56:09,15800.0,2100,Sell,226606646
2024-07-26 09:56:09,15850.0,200,Buy,226606658
2024-07-26 09:56:14,15850.0,100,Buy,226606781
2024-07-26 09:56:39,15850.0,900,Buy,226607195
2024-07-26 09:57:02,15850.0,100,Buy,226607597
2024-07-26 09:57:05,15850.0,100,Buy,226607659
2024-07-26 09:57:08,15850.0,400,Buy,226607702
2024-07-26 09:57:08,15850.0,100,Buy,226607703
2024-07-26 09:57:08,15850.0,300,Buy,226607704
2024-07-26 09:57:08,15850.0,100,Buy,226607705
2024-07-26 09:57:08,15850.0,100,Buy,226607706
2024-07-26 09:57:23,15850.0,500,Buy,226607980
2024-07-26 09:58:10,15850.0,200,Buy,226608913
2024-07-26 09:58:10,15850.0,300,Buy,226608914
2024-07-26 09:58:16,15850.0,200,Buy,226608977
2024-07-26 09:58:32,15850.0,2700,Buy,226609196
2024-07-26 09:58:32,15850.0,800,Buy,226609195
2024-07-26 09:58:44,15850.0,1000,Buy,226609422
2024-07-26 09:59:04,15850.0,100,Buy,226609778
2024-07-26 09:59:06,15850.0,100,Buy,226609809
2024-07-26 09:59:06,15850.0,500,Buy,226609812
2024-07-26 09:59:30,15800.0,3000,Sell,226610153
2024-07-26 10:00:05,15850.0,100,Buy,226610770
2024-07-26 10:00:13,15800.0,500,Sell,226610878
2024-07-26 10:00:14,15800.0,400,Sell,226610909
2024-07-26 10:00:34,15800.0,700,Sell,226611207
2024-07-26 10:00:57,15850.0,200,Buy,226611556
2024-07-26 10:00:57,15850.0,100,Buy,226611555
2024-07-26 10:00:57,15850.0,200,Buy,226611554
2024-07-26 10:00:57,15850.0,200,Buy,226611553
2024-07-26 10:00:57,15850.0,200,Buy,226611552
2024-07-26 10:00:57,15850.0,700,Buy,226611550
2024-07-26 10:00:57,15850.0,1000,Buy,226611549
2024-07-26 10:00:57,15850.0,1400,Buy,226611545
2024-07-26 10:00:57,15850.0,500,Buy,226611546
2024-07-26 10:00:57,15850.0,100,Buy,226611551
2024-07-26 10:00:57,15850.0,400,Buy,226611548
2024-07-26 10:00:57,15850.0,2000,Buy,226611547
2024-07-26 10:01:06,15850.0,100,Buy,226611661
2024-07-26 10:01:33,15800.0,5600,Sell,226612034
2024-07-26 10:01:33,15800.0,4400,Sell,226612035
2024-07-26 10:02:35,15850.0,100,Buy,226613153
2024-07-26 10:02:35,15850.0,100,Buy,226613154
2024-07-26 10:02:35,15850.0,200,Buy,226613155
2024-07-26 10:02:35,15850.0,700,Buy,226613152
2024-07-26 10:02:45,15800.0,100,Sell,226613341
2024-07-26 10:03:03,15800.0,200,Sell,226613776
2024-07-26 10:03:08,15850.0,100,Buy,226613854
2024-07-26 10:03:14,15850.0,2000,Buy,226614055
2024-07-26 10:03:20,15800.0,500,Sell,226614134
2024-07-26 10:03:27,15800.0,100,Sell,226614217
2024-07-26 10:03:33,15800.0,1000,Sell,226614299
2024-07-26 10:03:55,15800.0,1000,Sell,226614658
2024-07-26 10:04:08,15800.0,3700,Sell,226614846
2024-07-26 10:04:18,15850.0,100,Buy,226615044
2024-07-26 10:04:33,15850.0,100,Buy,226615208
2024-07-26 10:04:49,15850.0,500,Buy,226615389
2024-07-26 10:04:49,15850.0,100,Buy,226615390
2024-07-26 10:04:49,15850.0,200,Buy,226615391
2024-07-26 10:04:49,15850.0,200,Buy,226615392
2024-07-26 10:05:05,15800.0,100,Sell,226615640
2024-07-26 10:05:11,15850.0,100,Buy,226615727
2024-07-26 10:05:23,15800.0,200,Sell,226615885
2024-07-26 10:06:21,15800.0,100,Sell,226616794
2024-07-26 10:06:28,15800.0,400,Sell,226616912
2024-07-26 10:06:41,15800.0,800,Sell,226617088
2024-07-26 10:06:41,15800.0,8200,Sell,226617087
2024-07-26 10:07:05,15800.0,1800,Sell,226617394
2024-07-26 10:07:11,15850.0,500,Buy,226617450
2024-07-26 10:07:12,15800.0,100,Sell,226617465
2024-07-26 10:07:13,15850.0,100,Buy,226617475
2024-07-26 10:07:38,15850.0,100,Buy,226617824
2024-07-26 10:08:31,15850.0,100,Buy,226618535
2024-07-26 10:08:48,15850.0,100,Buy,226618835
2024-07-26 10:08:55,15850.0,700,Buy,226618957
2024-07-26 10:09:00,15800.0,2300,Sell,226619036
2024-07-26 10:09:00,15800.0,2700,Sell,226619037
2024-07-26 10:09:15,15850.0,100,Buy,226619319
2024-07-26 10:09:46,15850.0,400,Buy,226619861
2024-07-26 10:09:46,15850.0,100,Buy,226619862
2024-07-26 10:09:46,15850.0,100,Buy,226619863
2024-07-26 10:09:46,15850.0,100,Buy,226619864
2024-07-26 10:09:46,15850.0,300,Buy,226619872
2024-07-26 10:09:46,15850.0,200,Buy,226619873
2024-07-26 10:09:49,15850.0,200,Buy,226619922
2024-07-26 10:10:11,15850.0,1000,Buy,226620288
2024-07-26 10:10:11,15850.0,200,Buy,226620290
2024-07-26 10:10:11,15850.0,600,Buy,226620287
2024-07-26 10:10:11,15850.0,200,Buy,226620289
2024-07-26 10:11:06,15850.0,300,Buy,226620979
2024-07-26 10:11:06,15850.0,100,Buy,226620983
2024-07-26 10:11:17,15850.0,100,Buy,226621112
2024-07-26 10:11:34,15850.0,500,Buy,226621618
2024-07-26 10:11:50,15850.0,300,Buy,226621815
2024-07-26 10:11:55,15800.0,500,Sell,226621893
2024-07-26 10:12:09,15850.0,100,Buy,226622125
2024-07-26 10:12:09,15850.0,900,Buy,226622126
2024-07-26 10:12:14,15800.0,2400,Sell,226622232
2024-07-26 10:12:44,15850.0,100,Buy,226622643
2024-07-26 10:12:49,15800.0,8000,Sell,226622696
2024-07-26 10:13:00,15800.0,100,Sell,226622862
2024-07-26 10:13:06,15800.0,200,Sell,226622997
2024-07-26 10:13:08,15800.0,3000,Sell,226623044
2024-07-26 10:13:19,15850.0,100,Buy,226623209
2024-07-26 10:13:39,15850.0,1000,Buy,226623547
2024-07-26 10:13:57,15850.0,200,Buy,226623834
2024-07-26 10:13:57,15850.0,100,Buy,226623835
2024-07-26 10:13:57,15850.0,100000,Buy,226623836
2024-07-26 10:13:57,15850.0,100,Buy,226623837
2024-07-26 10:13:57,15850.0,200,Buy,226623838
2024-07-26 10:13:57,15850.0,1000,Buy,226623839
2024-07-26 10:13:57,15850.0,200,Buy,226623847
2024-07-26 10:13:57,15850.0,10000,Buy,226623841
2024-07-26 10:13:57,15850.0,2000,Buy,226623842
2024-07-26 10:13:57,15850.0,500,Buy,226623843
2024-07-26 10:13:57,15850.0,100,Buy,226623844
2024-07-26 10:13:57,15850.0,3000,Buy,226623845
2024-07-26 10:13:57,15850.0,300,Buy,226623846
2024-07-26 10:13:57,15850.0,500,Buy,226623833
2024-07-26 10:13:57,15850.0,2000,Buy,226623840
2024-07-26 10:13:57,15850.0,300,Buy,226623848
2024-07-26 10:13:57,15850.0,300,Buy,226623832
2024-07-26 10:13:57,15850.0,100,Buy,226623852
2024-07-26 10:13:57,15850.0,100,Buy,226623853
2024-07-26 10:13:57,15850.0,100,Buy,226623854
2024-07-26 10:13:57,15850.0,11400,Buy,226623855
2024-07-26 10:13:57,15850.0,100,Buy,226623856
2024-07-26 10:13:57,15850.0,200,Buy,226623857
2024-07-26 10:13:57,15850.0,100,Buy,226623858
2024-07-26 10:13:57,15850.0,2000,Buy,226623859
2024-07-26 10:13:57,15850.0,800,Buy,226623860
2024-07-26 10:13:57,15850.0,1000,Buy,226623861
2024-07-26 10:13:57,15850.0,100,Buy,226623863
2024-07-26 10:13:57,15850.0,1000,Buy,226623864
2024-07-26 10:13:57,15850.0,1000,Buy,226623865
2024-07-26 10:13:57,15850.0,100,Buy,226623849
2024-07-26 10:13:57,15850.0,3500,Buy,226623831
2024-07-26 10:13:57,15850.0,1000,Buy,226623851
2024-07-26 10:13:57,15850.0,100,Buy,226623829
2024-07-26 10:13:57,15850.0,900,Buy,226623809
2024-07-26 10:13:57,15850.0,100,Buy,226623808
2024-07-26 10:13:57,15850.0,19500,Buy,226623807
2024-07-26 10:13:57,15850.0,4500,Buy,226623806
2024-07-26 10:13:57,15850.0,300,Buy,226623805
2024-07-26 10:13:57,15850.0,100,Buy,226623804
2024-07-26 10:13:57,15850.0,5000,Buy,226623810
2024-07-26 10:13:57,15850.0,100,Buy,226623803
2024-07-26 10:13:57,15850.0,500,Buy,226623801
2024-07-26 10:13:57,15850.0,700,Buy,226623800
2024-07-26 10:13:57,15850.0,1000,Buy,226623799
2024-07-26 10:13:57,15850.0,400,Buy,226623798
2024-07-26 10:13:57,15850.0,2900,Buy,226623797
2024-07-26 10:13:57,15850.0,5000,Buy,226623830
2024-07-26 10:13:57,15850.0,3000,Buy,226623802
2024-07-26 10:13:57,15850.0,500,Buy,226623811
2024-07-26 10:13:57,15850.0,500,Buy,226623850
2024-07-26 10:13:57,15850.0,200,Buy,226623813
2024-07-26 10:13:57,15850.0,100,Buy,226623827
2024-07-26 10:13:57,15850.0,1000,Buy,226623826
2024-07-26 10:13:57,15850.0,100,Buy,226623825
2024-07-26 10:13:57,15850.0,400,Buy,226623824
2024-07-26 10:13:57,15850.0,300,Buy,226623823
2024-07-26 10:13:57,15850.0,600,Buy,226623822
2024-07-26 10:13:57,15850.0,1000,Buy,226623821
2024-07-26 10:13:57,15850.0,100,Buy,226623812
2024-07-26 10:13:57,15850.0,100,Buy,226623819
2024-07-26 10:13:57,15850.0,1000,Buy,226623828
2024-07-26 10:13:57,15850.0,5000,Buy,226623814
2024-07-26 10:13:57,15850.0,200,Buy,226623815
2024-07-26 10:13:57,15850.0,200,Buy,226623820
2024-07-26 10:13:57,15850.0,500,Buy,226623817
2024-07-26 10:13:57,15850.0,100,Buy,226623816
2024-07-26 10:13:57,15850.0,600,Buy,226623818
2024-07-26 10:14:08,15800.0,100,Sell,226624289
2024-07-26 10:14:43,15800.0,100,Sell,226624890
2024-07-26 10:14:49,15800.0,400,Sell,226624968
2024-07-26 10:14:53,15800.0,100,Sell,226625018
2024-07-26 10:15:22,15850.0,100,Buy,226625519
2024-07-26 10:15:22,15800.0,2000,Sell,226625524
2024-07-26 10:15:23,15800.0,400,Sell,226625533
2024-07-26 10:15:23,15800.0,100,Sell,226625534
2024-07-26 10:15:23,15800.0,8500,Sell,226625535
2024-07-26 10:15:34,15850.0,300,Buy,226625714
2024-07-26 10:15:41,15800.0,300,Sell,226625787
2024-07-26 10:15:43,15850.0,100,Buy,226625853
2024-07-26 10:15:48,15850.0,100,Buy,226625918
2024-07-26 10:16:30,15850.0,200,Buy,226626628
2024-07-26 10:16:51,15850.0,100,Buy,226626909
2024-07-26 10:16:52,15800.0,500,Sell,226626931
2024-07-26 10:16:58,15850.0,100,Buy,226626987
2024-07-26 10:17:07,15850.0,700,Buy,226627156
2024-07-26 10:17:18,15850.0,500,Buy,226627373
2024-07-26 10:17:24,15850.0,100,Buy,226627455
2024-07-26 10:18:14,15850.0,2000,Buy,226628077
2024-07-26 10:19:17,15850.0,500,Buy,226628892
2024-07-26 10:19:26,15850.0,100,Buy,226628965
2024-07-26 10:19:51,15850.0,100,Buy,226629287
2024-07-26 10:19:58,15850.0,1100,Buy,226629381
2024-07-26 10:19:58,15850.0,200,Buy,226629365
2024-07-26 10:20:14,15800.0,100,Sell,226629745
2024-07-26 10:20:14,15800.0,200,Sell,226629746
2024-07-26 10:20:20,15850.0,100,Buy,226629803
2024-07-26 10:20:36,15850.0,100,Buy,226630032
2024-07-26 10:20:42,15850.0,300,Buy,226630102
2024-07-26 10:21:03,15850.0,100,Buy,226630462
2024-07-26 10:21:05,15850.0,1000,Buy,226630496
2024-07-26 10:21:11,15850.0,100,Buy,226630594
2024-07-26 10:21:28,15850.0,100,Buy,226630852
2024-07-26 10:22:01,15800.0,1000,Sell,226631434
2024-07-26 10:22:12,15800.0,1000,Sell,226631553
2024-07-26 10:22:28,15850.0,2000,Buy,226631782
2024-07-26 10:22:36,15800.0,1000,Sell,226631872
2024-07-26 10:22:43,15850.0,200,Buy,226631985
2024-07-26 10:23:00,15850.0,1600,Buy,226632326
2024-07-26 10:23:00,15850.0,1000,Buy,226632325
2024-07-26 10:23:00,15850.0,300,Buy,226632324
2024-07-26 10:23:13,15800.0,2000,Sell,226632491
2024-07-26 10:23:19,15850.0,400,Buy,226632596
2024-07-26 10:23:20,15850.0,600,Buy,226632598
2024-07-26 10:23:30,15850.0,100,Buy,226632715
2024-07-26 10:23:45,15850.0,300,Buy,226632956
2024-07-26 10:23:45,15850.0,300,Buy,226632957
2024-07-26 10:23:46,15800.0,5400,Sell,226632975
2024-07-26 10:23:46,15800.0,400,Sell,226632976
2024-07-26 10:23:46,15800.0,100,Sell,226632977
2024-07-26 10:23:46,15800.0,500,Sell,226632978
2024-07-26 10:23:46,15800.0,600,Sell,226632979
2024-07-26 10:24:00,15800.0,500,Sell,226633208
2024-07-26 10:24:16,15800.0,500,Sell,226633475
2024-07-26 10:24:28,15800.0,1900,Sell,226633641
2024-07-26 10:24:36,15850.0,300,Buy,226633790
2024-07-26 10:25:05,15800.0,500,Sell,226634153
2024-07-26 10:25:12,15800.0,4400,Sell,226634239
2024-07-26 10:25:24,15850.0,100,Buy,226634432
2024-07-26 10:25:33,15850.0,100,Buy,226634582
2024-07-26 10:25:47,15850.0,700,Buy,226634810
2024-07-26 10:25:47,15850.0,200,Buy,226634809
2024-07-26 10:25:47,15850.0,1000,Buy,226634811
2024-07-26 10:27:18,15850.0,200,Buy,226636114
2024-07-26 10:27:35,15850.0,100,Buy,226636352
2024-07-26 10:27:37,15800.0,1000,Sell,226636392
2024-07-26 10:28:01,15800.0,200,Sell,226636610
2024-07-26 10:28:09,15800.0,2400,Sell,226636774
2024-07-26 10:28:44,15800.0,1500,Sell,226637294
2024-07-26 10:29:09,15800.0,200,Sell,226637619
2024-07-26 10:29:14,15800.0,100,Sell,226637714
2024-07-26 10:29:16,15800.0,100,Sell,226637742
2024-07-26 10:29:18,15800.0,1900,Sell,226637767
2024-07-26 10:29:37,15850.0,100,Buy,226638045
2024-07-26 10:29:37,15850.0,100,Buy,226638062
2024-07-26 10:29:47,15800.0,100,Sell,226638229
2024-07-26 10:31:04,15850.0,300,Buy,226639210
2024-07-26 10:31:08,15850.0,200,Buy,226639305
2024-07-26 10:31:11,15800.0,1200,Sell,226639346
2024-07-26 10:31:22,15800.0,2900,Sell,226639468
2024-07-26 10:31:22,15800.0,1500,Sell,226639469
2024-07-26 10:31:22,15800.0,100,Sell,226639470
2024-07-26 10:31:22,15800.0,500,Sell,226639471
2024-07-26 10:31:33,15800.0,300,Sell,226639615
2024-07-26 10:31:33,15800.0,100,Sell,226639616
2024-07-26 10:31:33,15800.0,100,Sell,226639617
2024-07-26 10:31:37,15800.0,1000,Sell,226639664
2024-07-26 10:32:44,15800.0,600,Sell,226640664
2024-07-26 10:32:44,15800.0,2400,Sell,226640665
2024-07-26 10:32:45,15800.0,2600,Sell,226640686
2024-07-26 10:32:45,15800.0,200,Sell,226640687
2024-07-26 10:32:45,15800.0,200,Sell,226640688
2024-07-26 10:32:58,15850.0,1500,Buy,226640868
2024-07-26 10:33:33,15850.0,100,Buy,226641341
2024-07-26 10:33:49,15800.0,3100,Sell,226641539
2024-07-26 10:33:49,15800.0,800,Sell,226641537
2024-07-26 10:33:49,15800.0,100,Sell,226641538
2024-07-26 10:35:03,15800.0,1000,Sell,226642749
2024-07-26 10:35:50,15800.0,3000,Sell,226643488
2024-07-26 10:35:52,15850.0,500,Buy,226643534
2024-07-26 10:36:08,15850.0,500,Buy,226643755
2024-07-26 10:36:30,15800.0,500,Sell,226644123
2024-07-26 10:36:32,15850.0,300,Buy,226644139
2024-07-26 10:36:51,15800.0,100,Sell,226644416
2024-07-26 10:37:37,15800.0,1000,Sell,226644979
2024-07-26 10:37:54,15800.0,100,Sell,226645161
2024-07-26 10:38:01,15800.0,100,Sell,226645272
2024-07-26 10:38:35,15800.0,200,Sell,226645726
2024-07-26 10:38:37,15800.0,500,Sell,226645749
2024-07-26 10:39:03,15800.0,1000,Sell,226646035
2024-07-26 10:39:09,15800.0,1000,Sell,226646086
2024-07-26 10:39:32,15800.0,500,Sell,226646462
2024-07-26 10:39:33,15800.0,2000,Sell,226646484
2024-07-26 10:39:58,15800.0,500,Sell,226646806
2024-07-26 10:40:08,15800.0,300,Sell,226646918
2024-07-26 10:40:08,15850.0,1000,Buy,226646919
2024-07-26 10:40:18,15800.0,5100,Sell,226647050
2024-07-26 10:40:18,15800.0,100,Sell,226647051
2024-07-26 10:40:18,15800.0,1800,Sell,226647052
2024-07-26 10:40:24,15800.0,4700,Sell,226647125
2024-07-26 10:40:31,15850.0,1900,Buy,226647248
2024-07-26 10:40:32,15850.0,100,Buy,226647288
2024-07-26 10:40:48,15800.0,2800,Sell,226647627
2024-07-26 10:40:54,15850.0,1000,Buy,226647729
2024-07-26 10:41:22,15800.0,10000,Sell,226648166
2024-07-26 10:41:23,15850.0,500,Buy,226648192
2024-07-26 10:41:31,15800.0,500,Sell,226648282
2024-07-26 10:41:37,15800.0,800,Sell,226648379
2024-07-26 10:42:08,15800.0,1000,Sell,226648936
2024-07-26 10:42:22,15800.0,300,Sell,226649206
2024-07-26 10:42:26,15800.0,3000,Sell,226649263
2024-07-26 10:42:28,15800.0,2000,Sell,226649304
2024-07-26 10:42:51,15800.0,600,Sell,226649620
2024-07-26 10:42:51,15800.0,500,Sell,226649623
2024-07-26 10:42:56,15800.0,10500,Sell,226649699
2024-07-26 10:43:29,15800.0,5300,Sell,226650143
2024-07-26 10:43:29,15850.0,100,Buy,226650144
2024-07-26 10:43:36,15800.0,700,Sell,226650234
2024-07-26 10:44:23,15800.0,400,Sell,226651026
2024-07-26 10:44:39,15850.0,100,Buy,226651227
2024-07-26 10:44:48,15800.0,100,Sell,226651372
2024-07-26 10:45:06,15800.0,7500,Sell,226651586
2024-07-26 10:45:14,15800.0,500,Sell,226651725
2024-07-26 10:45:45,15800.0,10000,Sell,226652089
2024-07-26 10:45:49,15800.0,100,Sell,226652169
2024-07-26 10:45:49,15800.0,100,Sell,226652170
2024-07-26 10:45:49,15800.0,2800,Sell,226652171
2024-07-26 10:45:49,15800.0,2000,Sell,226652168
2024-07-26 10:45:50,15800.0,100,Sell,226652175
2024-07-26 10:46:19,15850.0,2800,Buy,226652503
2024-07-26 10:46:19,15850.0,2000,Buy,226652502
2024-07-26 10:46:19,15850.0,100,Buy,226652501
2024-07-26 10:46:19,15850.0,100,Buy,226652498
2024-07-26 10:46:19,15850.0,200,Buy,226652499
2024-07-26 10:46:19,15850.0,100,Buy,226652500
2024-07-26 10:46:19,15850.0,400,Buy,226652496
2024-07-26 10:46:31,15850.0,1200,Buy,226652627
2024-07-26 10:46:31,15850.0,800,Buy,226652628
2024-07-26 10:46:35,15850.0,1000,Buy,226652667
2024-07-26 10:46:53,15800.0,100,Sell,226652926
2024-07-26 10:46:53,15800.0,1500,Sell,226652927
2024-07-26 10:46:53,15800.0,200,Sell,226652928
2024-07-26 10:46:53,15800.0,1000,Sell,226652929
2024-07-26 10:46:53,15800.0,100,Sell,226652930
2024-07-26 10:46:53,15800.0,2800,Sell,226652931
2024-07-26 10:47:07,15850.0,100,Buy,226653101
2024-07-26 10:47:28,15850.0,1900,Buy,226653383
2024-07-26 10:47:42,15850.0,1000,Buy,226653630
2024-07-26 10:48:29,15850.0,100,Buy,226654368
2024-07-26 10:48:36,15850.0,500,Buy,226654484
2024-07-26 10:49:25,15800.0,200,Sell,226655220
2024-07-26 10:49:25,15800.0,5000,Sell,226655221
2024-07-26 10:49:25,15800.0,500,Sell,226655222
2024-07-26 10:49:25,15800.0,800,Sell,226655223
2024-07-26 10:49:53,15850.0,100,Buy,226655712
2024-07-26 10:50:10,15800.0,200,Sell,226656047
2024-07-26 10:50:10,15800.0,100,Sell,226656048
2024-07-26 10:50:23,15850.0,300,Buy,226656271
2024-07-26 10:51:59,15850.0,200,Buy,226657761
2024-07-26 10:52:19,15850.0,100,Buy,226658110
2024-07-26 10:52:23,15800.0,300,Sell,226658168
2024-07-26 10:52:23,15800.0,200,Sell,226658169
2024-07-26 10:52:46,15850.0,5000,Buy,226658391
2024-07-26 10:52:58,15800.0,1000,Sell,226658587
2024-07-26 10:53:02,15800.0,400,Sell,226658666
2024-07-26 10:53:02,15800.0,500,Sell,226658665
2024-07-26 10:53:02,15800.0,1000,Sell,226658664
2024-07-26 10:53:02,15800.0,500,Sell,226658661
2024-07-26 10:53:02,15800.0,500,Sell,226658662
2024-07-26 10:53:02,15800.0,800,Sell,226658659
2024-07-26 10:53:02,15800.0,200,Sell,226658663
2024-07-26 10:53:02,15800.0,100,Sell,226658660
2024-07-26 10:53:10,15800.0,1500,Sell,226658774
2024-07-26 10:53:10,15800.0,400,Sell,226658775
2024-07-26 10:53:12,15800.0,100,Sell,226658818
2024-07-26 10:53:12,15800.0,5700,Sell,226658830
2024-07-26 10:54:52,15850.0,100,Buy,226660180
2024-07-26 10:55:05,15800.0,100,Sell,226660327
2024-07-26 10:56:19,15800.0,400,Sell,226661360
2024-07-26 10:56:46,15800.0,200,Sell,226661674
2024-07-26 10:57:08,15800.0,400,Sell,226661935
2024-07-26 10:57:10,15850.0,3000,Buy,226661946
2024-07-26 10:57:46,15800.0,3000,Sell,226662354
2024-07-26 10:58:34,15800.0,200,Sell,226662903
2024-07-26 10:58:39,15800.0,1200,Sell,226662966
2024-07-26 10:58:49,15850.0,1000,Buy,226663127
2024-07-26 10:59:07,15800.0,1500,Sell,226663357
2024-07-26 10:59:15,15800.0,300,Sell,226663442
2024-07-26 10:59:21,15850.0,100,Buy,226663504
2024-07-26 10:59:49,15800.0,6000,Sell,226663929
2024-07-26 11:01:15,15800.0,1000,Sell,226665045
2024-07-26 11:01:20,15850.0,3000,Buy,226665123
2024-07-26 11:01:29,15850.0,1000,Buy,226665271
2024-07-26 11:01:30,15850.0,700,Buy,226665285
2024-07-26 11:01:30,15850.0,100,Buy,226665286
2024-07-26 11:01:30,15850.0,200,Buy,226665287
2024-07-26 11:01:40,15850.0,200,Buy,226665450
2024-07-26 11:01:40,15850.0,300,Buy,226665448
2024-07-26 11:01:40,15850.0,500,Buy,226665449
2024-07-26 11:01:41,15800.0,200,Sell,226665465
2024-07-26 11:02:01,15800.0,8100,Sell,226665729
2024-07-26 11:02:01,15800.0,100,Sell,226665728
2024-07-26 11:02:01,15800.0,100,Sell,226665725
2024-07-26 11:02:01,15800.0,200,Sell,226665727
2024-07-26 11:02:01,15800.0,100,Sell,226665726
2024-07-26 11:02:01,15800.0,200,Sell,226665724
2024-07-26 11:02:01,15800.0,100,Sell,226665718
2024-07-26 11:02:01,15800.0,200,Sell,226665722
2024-07-26 11:02:01,15800.0,600,Sell,226665721
2024-07-26 11:02:01,15800.0,200,Sell,226665720
2024-07-26 11:02:01,15800.0,500,Sell,226665719
2024-07-26 11:02:01,15800.0,29300,Sell,226665716
2024-07-26 11:02:01,15800.0,200,Sell,226665723
2024-07-26 11:02:01,15800.0,100,Sell,226665717
2024-07-26 11:02:11,15800.0,200,Sell,226665851
2024-07-26 11:02:24,15800.0,300,Sell,226666051
2024-07-26 11:02:37,15800.0,200,Sell,226666218
2024-07-26 11:02:46,15800.0,10000,Sell,226666311
2024-07-26 11:02:58,15800.0,7500,Sell,226666518
2024-07-26 11:03:08,15800.0,300,Sell,226666624
2024-07-26 11:03:16,15800.0,2000,Sell,226666785
2024-07-26 11:03:31,15800.0,400,Sell,226667059
2024-07-26 11:03:36,15800.0,10300,Sell,226667156
2024-07-26 11:03:39,15800.0,300,Sell,226667194
2024-07-26 11:03:42,15800.0,2000,Sell,226667257
2024-07-26 11:03:44,15800.0,200,Sell,226667278
2024-07-26 11:03:49,15800.0,9800,Sell,226667348
2024-07-26 11:03:49,15800.0,300,Sell,226667347
2024-07-26 11:03:49,15800.0,200,Sell,226667346
2024-07-26 11:03:49,15800.0,100,Sell,226667345
2024-07-26 11:03:49,15800.0,200,Sell,226667344
2024-07-26 11:03:49,15800.0,1000,Sell,226667343
2024-07-26 11:03:49,15800.0,200,Sell,226667342
2024-07-26 11:03:49,15800.0,1000,Sell,226667341
2024-07-26 11:03:49,15800.0,1000,Sell,226667340
2024-07-26 11:03:49,15800.0,1000,Sell,226667339
2024-07-26 11:03:49,15800.0,15200,Sell,226667338
2024-07-26 11:03:56,15800.0,1900,Sell,226667443
2024-07-26 11:04:19,15800.0,3500,Sell,226667788
2024-07-26 11:04:19,15800.0,3000,Sell,226667787
2024-07-26 11:04:19,15800.0,500,Sell,226667786
2024-07-26 11:04:19,15800.0,1500,Sell,226667785
2024-07-26 11:04:19,15800.0,900,Sell,226667780
2024-07-26 11:04:19,15800.0,100,Sell,226667783
2024-07-26 11:04:19,15800.0,300,Sell,226667782
2024-07-26 11:04:19,15800.0,100,Sell,226667781
2024-07-26 11:04:19,15800.0,100,Sell,226667784
2024-07-26 11:04:21,15800.0,300,Sell,226667803
2024-07-26 11:04:25,15800.0,500,Sell,226667883
2024-07-26 11:04:25,15800.0,1700,Sell,226667878
2024-07-26 11:04:25,15800.0,100,Sell,226667881
2024-07-26 11:04:25,15800.0,4000,Sell,226667880
2024-07-26 11:04:25,15800.0,400,Sell,226667884
2024-07-26 11:04:25,15800.0,300,Sell,226667879
2024-07-26 11:04:25,15800.0,500,Sell,226667877
2024-07-26 11:04:25,15800.0,100,Sell,226667882
2024-07-26 11:04:25,15800.0,800,Sell,226667875
2024-07-26 11:04:25,15800.0,100,Sell,226667876
2024-07-26 11:04:25,15800.0,200,Sell,226667869
2024-07-26 11:04:25,15800.0,400,Sell,226667870
2024-07-26 11:04:25,15800.0,200,Sell,226667873
2024-07-26 11:04:25,15800.0,100,Sell,226667872
2024-07-26 11:04:25,15800.0,100,Sell,226667874
2024-07-26 11:04:25,15800.0,500,Sell,226667871
2024-07-26 11:04:30,15800.0,600,Sell,226667961
2024-07-26 11:04:30,15800.0,200,Sell,226667962
2024-07-26 11:04:31,15800.0,300,Sell,226667981
2024-07-26 11:04:42,15800.0,100,Sell,226668137
2024-07-26 11:04:42,15800.0,100,Sell,226668136
2024-07-26 11:04:42,15800.0,2000,Sell,226668146
2024-07-26 11:04:42,15800.0,500,Sell,226668145
2024-07-26 11:04:42,15800.0,100,Sell,226668144
2024-07-26 11:04:42,15800.0,200,Sell,226668143
2024-07-26 11:04:42,15800.0,1900,Sell,226668147
2024-07-26 11:04:42,15800.0,200,Sell,226668141
2024-07-26 11:04:42,15800.0,100,Sell,226668140
2024-07-26 11:04:42,15800.0,200,Sell,226668139
2024-07-26 11:04:42,15800.0,100,Sell,226668138
2024-07-26 11:04:42,15800.0,200,Sell,226668142
2024-07-26 11:04:46,15800.0,300,Sell,226668221
2024-07-26 11:04:55,15800.0,400,Sell,226668305
2024-07-26 11:05:02,15800.0,2000,Sell,226668375
2024-07-26 11:05:02,15800.0,100,Sell,226668380
2024-07-26 11:05:02,15800.0,100,Sell,226668379
2024-07-26 11:05:02,15800.0,300,Sell,226668378
2024-07-26 11:05:02,15800.0,1000,Sell,226668377
2024-07-26 11:05:02,15800.0,100,Sell,226668376
2024-07-26 11:05:02,15800.0,2100,Sell,226668374
2024-07-26 11:05:02,15800.0,5000,Sell,226668368
2024-07-26 11:05:02,15800.0,100,Sell,226668372
2024-07-26 11:05:02,15800.0,3700,Sell,226668371
2024-07-26 11:05:02,15800.0,100,Sell,226668370
2024-07-26 11:05:02,15800.0,100,Sell,226668369
2024-07-26 11:05:02,15800.0,400,Sell,226668366
2024-07-26 11:05:02,15800.0,500,Sell,226668373
2024-07-26 11:05:02,15800.0,100,Sell,226668367
2024-07-26 11:05:16,15800.0,400,Sell,226668569
2024-07-26 11:05:20,15800.0,100,Sell,226668616
2024-07-26 11:05:22,15800.0,1300,Sell,226668651
2024-07-26 11:05:22,15800.0,100,Sell,226668649
2024-07-26 11:05:22,15800.0,100,Sell,226668650
2024-07-26 11:05:27,15800.0,1000,Sell,226668692
2024-07-26 11:05:37,15800.0,17700,Sell,226668820
2024-07-26 11:05:37,15800.0,1600,Sell,226668846
2024-07-26 11:05:37,15800.0,200,Sell,226668845
2024-07-26 11:05:37,15800.0,100,Sell,226668844
2024-07-26 11:05:37,15800.0,300,Sell,226668843
2024-07-26 11:05:37,15800.0,100,Sell,226668842
2024-07-26 11:05:37,15800.0,200,Sell,226668841
2024-07-26 11:05:37,15800.0,1000,Sell,226668840
2024-07-26 11:05:37,15800.0,500,Sell,226668839
2024-07-26 11:05:37,15800.0,400,Sell,226668838
2024-07-26 11:05:37,15800.0,2000,Sell,226668837
2024-07-26 11:05:37,15800.0,2000,Sell,226668834
2024-07-26 11:05:37,15800.0,1300,Sell,226668836
2024-07-26 11:05:37,15800.0,6000,Sell,226668832
2024-07-26 11:05:37,15800.0,1000,Sell,226668821
2024-07-26 11:05:37,15800.0,500,Sell,226668822
2024-07-26 11:05:37,15800.0,2000,Sell,226668823
2024-07-26 11:05:37,15800.0,2000,Sell,226668833
2024-07-26 11:05:37,15800.0,500,Sell,226668825
2024-07-26 11:05:37,15800.0,100,Sell,226668826
2024-07-26 11:05:37,15800.0,1000,Sell,226668824
2024-07-26 11:05:37,15800.0,2500,Sell,226668828
2024-07-26 11:05:37,15800.0,200,Sell,226668829
2024-07-26 11:05:37,15800.0,2000,Sell,226668830
2024-07-26 11:05:37,15800.0,800,Sell,226668831
2024-07-26 11:05:37,15800.0,3000,Sell,226668827
2024-07-26 11:05:37,15800.0,1000,Sell,226668835
2024-07-26 11:05:41,15800.0,100,Sell,226669037
2024-07-26 11:05:43,15800.0,2200,Sell,226669050
2024-07-26 11:05:51,15800.0,100,Buy,226669211
2024-07-26 11:06:02,15800.0,100,Buy,226669787
2024-07-26 11:06:18,15800.0,600,Buy,226670023
2024-07-26 11:06:18,15800.0,100,Buy,226670016
2024-07-26 11:06:32,15800.0,3000,Buy,226670180
2024-07-26 11:06:56,15800.0,800,Buy,226670571
2024-07-26 11:07:53,15750.0,1300,Sell,226671814
2024-07-26 11:07:53,15750.0,300,Sell,226671813
2024-07-26 11:07:53,15750.0,200,Sell,226671812
2024-07-26 11:07:53,15750.0,300,Sell,226671811
2024-07-26 11:07:53,15750.0,1600,Sell,226671801
2024-07-26 11:07:53,15750.0,500,Sell,226671809
2024-07-26 11:07:53,15750.0,1000,Sell,226671808
2024-07-26 11:07:53,15750.0,400,Sell,226671807
2024-07-26 11:07:53,15750.0,5000,Sell,226671810
2024-07-26 11:08:12,15750.0,500,Sell,226672064
2024-07-26 11:09:33,15750.0,100,Sell,226673438
2024-07-26 11:09:46,15800.0,400,Buy,226673603
2024-07-26 11:10:07,15750.0,100,Sell,226673992
2024-07-26 11:10:32,15750.0,1000,Sell,226674293
2024-07-26 11:11:01,15750.0,3000,Sell,226674594
2024-07-26 11:11:02,15750.0,100,Sell,226674606
2024-07-26 11:11:02,15750.0,2500,Sell,226674607
2024-07-26 11:11:02,15750.0,3300,Sell,226674608
2024-07-26 11:11:27,15750.0,500,Sell,226674943
2024-07-26 11:12:20,15750.0,1000,Sell,226675587
2024-07-26 11:12:34,15750.0,7500,Sell,226675759
2024-07-26 11:12:34,15750.0,25200,Sell,226675758
2024-07-26 11:13:36,15750.0,7400,Sell,226676499
2024-07-26 11:13:40,15750.0,100,Sell,226676569
2024-07-26 11:13:57,15800.0,500,Buy,226676794
2024-07-26 11:14:01,15750.0,300,Sell,226676846
2024-07-26 11:14:05,15750.0,1000,Sell,226676892
2024-07-26 11:14:57,15750.0,500,Sell,226677478
2024-07-26 11:15:24,15800.0,300,Buy,226677740
2024-07-26 11:15:42,15750.0,7500,Sell,226677966
2024-07-26 11:16:13,15750.0,1700,Sell,226678258
2024-07-26 11:16:13,15750.0,1000,Sell,226678257
2024-07-26 11:16:13,15750.0,500,Sell,226678259
2024-07-26 11:16:13,15750.0,1000,Sell,226678255
2024-07-26 11:16:13,15750.0,100,Sell,226678256
2024-07-26 11:16:13,15750.0,5700,Sell,226678254
2024-07-26 11:16:25,15750.0,500,Sell,226678402
2024-07-26 11:16:34,15750.0,100,Sell,226678497
2024-07-26 11:17:10,15750.0,8300,Sell,226678916
2024-07-26 11:17:10,15750.0,1000,Sell,226678915
2024-07-26 11:17:10,15750.0,200,Sell,226678914
2024-07-26 11:17:10,15750.0,900,Sell,226678910
2024-07-26 11:17:10,15750.0,100,Sell,226678912
2024-07-26 11:17:10,15750.0,1000,Sell,226678911
2024-07-26 11:17:10,15750.0,1000,Sell,226678913
2024-07-26 11:17:41,15800.0,2000,Buy,226679325
2024-07-26 11:17:50,15750.0,500,Sell,226679410
2024-07-26 11:18:02,15750.0,100,Sell,226679547
2024-07-26 11:18:14,15750.0,100,Sell,226679715
2024-07-26 11:18:26,15750.0,5500,Sell,226679870
2024-07-26 11:18:42,15750.0,2000,Sell,226680057
2024-07-26 11:20:25,15750.0,400,Sell,226681065
2024-07-26 11:20:27,15800.0,100,Buy,226681089
2024-07-26 11:21:45,15800.0,100,Buy,226681968
2024-07-26 11:21:52,15800.0,1000,Buy,226682050
2024-07-26 11:22:26,15750.0,100,Sell,226682436
2024-07-26 11:23:11,15800.0,100,Buy,226682922
2024-07-26 11:24:00,15750.0,500,Sell,226683437
2024-07-26 11:24:00,15750.0,2000,Sell,226683438
2024-07-26 11:24:43,15750.0,500,Sell,226683829
2024-07-26 11:24:43,15750.0,300,Sell,226683830
2024-07-26 11:25:12,15750.0,1000,Sell,226684077
2024-07-26 11:26:15,15750.0,200,Sell,226684909
2024-07-26 11:26:15,15750.0,500,Sell,226684910
2024-07-26 11:26:15,15750.0,100,Sell,226684911
2024-07-26 11:26:15,15750.0,100,Sell,226684912
2024-07-26 11:26:15,15750.0,300,Sell,226684913
2024-07-26 11:26:15,15750.0,100,Sell,226684914
2024-07-26 11:26:15,15750.0,1700,Sell,226684915
2024-07-26 11:26:15,15750.0,200,Sell,226684908
2024-07-26 11:26:27,15750.0,400,Sell,226684998
2024-07-26 11:26:27,15750.0,200,Sell,226684997
2024-07-26 11:26:27,15750.0,300,Sell,226684995
2024-07-26 11:26:27,15750.0,100,Sell,226684996
2024-07-26 11:26:46,15750.0,4800,Sell,226685327
2024-07-26 11:26:46,15750.0,100,Sell,226685325
2024-07-26 11:26:46,15750.0,100,Sell,226685326
2024-07-26 11:26:51,15750.0,700,Sell,226685381
2024-07-26 11:27:25,15750.0,7300,Sell,226685785
2024-07-26 11:27:47,15750.0,1000,Sell,226686030
2024-07-26 11:27:52,15750.0,600,Sell,226686088
2024-07-26 11:28:27,15750.0,10000,Sell,226686521
2024-07-26 11:28:27,15750.0,8000,Sell,226686522
2024-07-26 11:28:32,15800.0,100,Buy,226686571
2024-07-26 11:29:10,15750.0,1500,Sell,226687183
2024-07-26 11:29:13,15750.0,900,Sell,226687203
2024-07-26 11:29:28,15750.0,600,Sell,226687432
2024-07-26 11:29:36,15750.0,5000,Sell,226687530
2024-07-26 12:59:38,15800.0,400,Buy,226688135
2024-07-26 12:59:38,15750.0,100,Sell,226687833
2024-07-26 12:59:38,15750.0,200,Sell,226687834
2024-07-26 12:59:39,15750.0,700,Sell,226688396
2024-07-26 12:59:40,15750.0,400,Sell,226688684
2024-07-26 12:59:42,15750.0,300,Sell,226689379
2024-07-26 12:59:42,15750.0,100,Sell,226689383
2024-07-26 12:59:42,15750.0,100,Sell,226689382
2024-07-26 12:59:42,15750.0,30000,Sell,226689381
2024-07-26 12:59:42,15750.0,5000,Sell,226689380
2024-07-26 12:59:42,15750.0,200,Sell,226689378
2024-07-26 12:59:42,15750.0,100,Sell,226689370
2024-07-26 12:59:42,15750.0,4500,Sell,226689376
2024-07-26 12:59:42,15750.0,100,Sell,226689375
2024-07-26 12:59:42,15750.0,100,Sell,226689374
2024-07-26 12:59:42,15750.0,3200,Sell,226689373
2024-07-26 12:59:42,15750.0,100,Sell,226689372
2024-07-26 12:59:42,15750.0,100,Sell,226689371
2024-07-26 12:59:42,15750.0,1000,Sell,226689384
2024-07-26 12:59:42,15750.0,400,Sell,226689377
2024-07-26 12:59:42,15750.0,100,Sell,226689385
2024-07-26 12:59:42,15750.0,1000,Sell,226689394
2024-07-26 12:59:42,15750.0,100,Sell,226689388
2024-07-26 12:59:42,15750.0,100,Sell,226689403
2024-07-26 12:59:42,15750.0,100,Sell,226689402
2024-07-26 12:59:42,15750.0,200,Sell,226689401
2024-07-26 12:59:42,15750.0,400,Sell,226689400
2024-07-26 12:59:42,15750.0,300,Sell,226689399
2024-07-26 12:59:42,15750.0,100,Sell,226689398
2024-07-26 12:59:42,15750.0,5000,Sell,226689386
2024-07-26 12:59:42,15750.0,100,Sell,226689397
2024-07-26 12:59:42,15750.0,200,Sell,226689395
2024-07-26 12:59:42,15750.0,100,Sell,226689369
2024-07-26 12:59:42,15750.0,30000,Sell,226689393
2024-07-26 12:59:42,15750.0,500,Sell,226689392
2024-07-26 12:59:42,15750.0,1700,Sell,226689391
2024-07-26 12:59:42,15750.0,1000,Sell,226689390
2024-07-26 12:59:42,15750.0,100,Sell,226689396
2024-07-26 12:59:42,15750.0,100,Sell,226689368
2024-07-26 12:59:42,15750.0,500,Sell,226689389
2024-07-26 12:59:42,15750.0,100,Sell,226689366
2024-07-26 12:59:42,15750.0,100,Sell,226689345
2024-07-26 12:59:42,15750.0,100,Sell,226689344
2024-07-26 12:59:42,15750.0,700,Sell,226689343
2024-07-26 12:59:42,15750.0,1000,Sell,226689342
2024-07-26 12:59:42,15750.0,10000,Sell,226689341
2024-07-26 12:59:42,15750.0,100,Sell,226689340
2024-07-26 12:59:42,15750.0,200,Sell,226689339
2024-07-26 12:59:42,15750.0,100,Sell,226689338
2024-07-26 12:59:42,15750.0,700,Sell,226689337
2024-07-26 12:59:42,15750.0,1000,Sell,226689336
2024-07-26 12:59:42,15750.0,500,Sell,226689335
2024-07-26 12:59:42,15750.0,800,Sell,226689334
2024-07-26 12:59:42,15750.0,1000,Sell,226689333
2024-07-26 12:59:42,15750.0,8200,Sell,226689332
2024-07-26 12:59:42,15750.0,100,Sell,226689367
2024-07-26 12:59:42,15750.0,200,Sell,226689346
2024-07-26 12:59:42,15750.0,100,Sell,226689347
2024-07-26 12:59:42,15750.0,2000,Sell,226689387
2024-07-26 12:59:42,15750.0,100,Sell,226689348
2024-07-26 12:59:42,15750.0,100,Sell,226689364
2024-07-26 12:59:42,15750.0,1000,Sell,226689363
2024-07-26 12:59:42,15750.0,100,Sell,226689362
2024-07-26 12:59:42,15750.0,500,Sell,226689361
2024-07-26 12:59:42,15750.0,300,Sell,226689360
2024-07-26 12:59:42,15750.0,300,Sell,226689359
2024-07-26 12:59:42,15750.0,300,Sell,226689358
2024-07-26 12:59:42,15750.0,100,Sell,226689365
2024-07-26 12:59:42,15750.0,100,Sell,226689357
2024-07-26 12:59:42,15750.0,100,Sell,226689355
2024-07-26 12:59:42,15750.0,1000,Sell,226689354
2024-07-26 12:59:42,15750.0,100,Sell,226689353
2024-07-26 12:59:42,15750.0,100,Sell,226689352
2024-07-26 12:59:42,15750.0,2000,Sell,226689351
2024-07-26 12:59:42,15750.0,100,Sell,226689350
2024-07-26 12:59:42,15750.0,500,Sell,226689349
2024-07-26 12:59:42,15750.0,400,Sell,226689356
2024-07-26 12:59:43,15750.0,100,Buy,226689559
2024-07-26 12:59:43,15750.0,100,Buy,226689558
2024-07-26 12:59:43,15750.0,500,Buy,226689557
2024-07-26 12:59:44,15750.0,200,Buy,226689804
2024-07-26 12:59:44,15750.0,200,Buy,226690097
2024-07-26 12:59:45,15750.0,100,Buy,226690231
2024-07-26 12:59:46,15750.0,300,Buy,226690384
2024-07-26 12:59:48,15750.0,100,Buy,226690643
2024-07-26 12:59:48,15750.0,800,Buy,226690644
2024-07-26 12:59:48,15700.0,100,Sell,226690693
2024-07-26 12:59:50,15750.0,3000,Buy,226690872
2024-07-26 12:59:50,15700.0,200,Sell,226690967
2024-07-26 12:59:50,15700.0,100,Sell,226690968
2024-07-26 12:59:50,15700.0,1000,Sell,226690969
2024-07-26 12:59:50,15750.0,100,Buy,226690993
2024-07-26 12:59:50,15700.0,200,Sell,226690966
2024-07-26 12:59:58,15750.0,800,Buy,226691828
2024-07-26 13:00:01,15750.0,500,Buy,226691924
2024-07-26 13:00:13,15750.0,1000,Buy,226692311
2024-07-26 13:00:24,15700.0,100,Sell,226692492
2024-07-26 13:00:24,15700.0,200,Sell,226692490
2024-07-26 13:00:24,15700.0,100,Sell,226692491
2024-07-26 13:00:30,15750.0,500,Buy,226692551
2024-07-26 13:00:30,15750.0,10000,Buy,226692549
2024-07-26 13:00:31,15750.0,800,Buy,226692571
2024-07-26 13:00:36,15750.0,100,Buy,226692677
2024-07-26 13:00:57,15750.0,100,Buy,226693023
2024-07-26 13:01:19,15750.0,100,Buy,226693600
2024-07-26 13:01:39,15700.0,200,Sell,226694041
2024-07-26 13:01:39,15750.0,1000,Buy,226694030
2024-07-26 13:01:39,15700.0,800,Sell,226694039
2024-07-26 13:01:39,15700.0,100,Sell,226694040
2024-07-26 13:01:43,15700.0,1100,Sell,226694162
2024-07-26 13:01:43,15700.0,1000,Sell,226694163
2024-07-26 13:02:02,15700.0,200,Sell,226694550
2024-07-26 13:02:11,15700.0,200,Sell,226694749
2024-07-26 13:02:11,15700.0,1000,Sell,226694771
2024-07-26 13:02:24,15700.0,100,Sell,226694999
2024-07-26 13:02:24,15700.0,34000,Sell,226695008
2024-07-26 13:02:40,15700.0,13800,Sell,226695332
2024-07-26 13:02:44,15700.0,1000,Sell,226695437
2024-07-26 13:02:51,15700.0,10000,Sell,226695611
2024-07-26 13:02:57,15700.0,500,Sell,226695707
2024-07-26 13:02:57,15700.0,1000,Sell,226695708
2024-07-26 13:02:59,15700.0,11000,Sell,226695748
2024-07-26 13:02:59,15750.0,300,Buy,226695761
2024-07-26 13:03:15,15700.0,1000,Sell,226696145
2024-07-26 13:03:17,15750.0,100,Buy,226696223
2024-07-26 13:03:31,15700.0,100,Sell,226696498
2024-07-26 13:03:45,15700.0,1000,Sell,226696859
2024-07-26 13:03:47,15700.0,100,Sell,226696903
2024-07-26 13:04:03,15750.0,100,Buy,226697246
2024-07-26 13:04:17,15700.0,1000,Sell,226697530
2024-07-26 13:04:27,15700.0,10000,Sell,226697753
2024-07-26 13:04:48,15700.0,1000,Sell,226698232
2024-07-26 13:04:54,15700.0,100,Sell,226698370
2024-07-26 13:05:10,15700.0,200,Sell,226698608
2024-07-26 13:05:18,15700.0,1000,Sell,226698789
2024-07-26 13:05:22,15700.0,100,Sell,226698889
2024-07-26 13:05:27,15750.0,200,Buy,226698970
2024-07-26 13:05:45,15750.0,100,Buy,226699375
2024-07-26 13:05:45,15750.0,100,Sell,226699407
2024-07-26 13:05:45,15750.0,5000,Buy,226699406
2024-07-26 13:05:45,15750.0,3000,Buy,226699405
2024-07-26 13:05:45,15750.0,1500,Buy,226699404
2024-07-26 13:05:45,15750.0,1000,Buy,226699403
2024-07-26 13:05:45,15750.0,3000,Buy,226699402
2024-07-26 13:05:45,15750.0,200,Buy,226699401
2024-07-26 13:05:45,15750.0,3000,Buy,226699400
2024-07-26 13:05:45,15750.0,5700,Buy,226699387
2024-07-26 13:05:45,15750.0,100,Buy,226699386
2024-07-26 13:05:45,15750.0,57700,Buy,226699374
2024-07-26 13:05:45,15750.0,500,Buy,226699384
2024-07-26 13:05:45,15750.0,300,Buy,226699376
2024-07-26 13:05:45,15750.0,400,Buy,226699377
2024-07-26 13:05:45,15750.0,500,Buy,226699378
2024-07-26 13:05:45,15750.0,1200,Buy,226699379
2024-07-26 13:05:45,15750.0,200,Buy,226699385
2024-07-26 13:05:45,15750.0,400,Buy,226699381
2024-07-26 13:05:45,15750.0,1000,Buy,226699383
2024-07-26 13:05:45,15750.0,100,Buy,226699380
2024-07-26 13:05:45,15750.0,1200,Buy,226699382
2024-07-26 13:05:49,15750.0,1000,Sell,226699468
2024-07-26 13:05:59,15750.0,1400,Sell,226699688
2024-07-26 13:06:07,15750.0,2700,Sell,226699797
2024-07-26 13:06:19,15750.0,1000,Sell,226700051
2024-07-26 13:06:38,15750.0,200,Sell,226700438
2024-07-26 13:06:38,15750.0,100,Sell,226700452
2024-07-26 13:06:50,15750.0,1000,Sell,226700691
2024-07-26 13:07:05,15800.0,100,Buy,226701041
2024-07-26 13:07:06,15750.0,100,Sell,226701051
2024-07-26 13:07:21,15750.0,1000,Sell,226701325
2024-07-26 13:07:30,15750.0,200,Sell,226701522
2024-07-26 13:07:52,15750.0,1000,Sell,226702083
2024-07-26 13:07:58,15750.0,900,Sell,226702234
2024-07-26 13:08:24,15750.0,1000,Sell,226702645
2024-07-26 13:08:41,15750.0,200,Sell,226702944
2024-07-26 13:08:54,15750.0,1000,Sell,226703183
2024-07-26 13:08:54,15750.0,100,Sell,226703184
2024-07-26 13:09:25,15750.0,300,Sell,226704124
2024-07-26 13:09:26,15750.0,400,Sell,226704155
2024-07-26 13:09:26,15750.0,600,Sell,226704154
2024-07-26 13:09:30,15750.0,600,Sell,226704219
2024-07-26 13:09:30,15750.0,100,Sell,226704220
2024-07-26 13:09:30,15750.0,300,Sell,226704221
2024-07-26 13:09:47,15750.0,1000,Sell,226704621
2024-07-26 13:09:56,15750.0,1000,Sell,226704788
2024-07-26 13:09:58,15800.0,200,Buy,226704826
2024-07-26 13:10:28,15750.0,1100,Sell,226705708
2024-07-26 13:10:58,15750.0,6200,Sell,226706414
2024-07-26 13:11:01,15750.0,400,Sell,226706519
2024-07-26 13:11:01,15750.0,600,Sell,226706520
2024-07-26 13:11:08,15750.0,10000,Sell,226706654
2024-07-26 13:11:23,15750.0,5000,Sell,226707091
2024-07-26 13:11:31,15750.0,1000,Sell,226707260
2024-07-26 13:11:35,15750.0,9300,Sell,226707333
2024-07-26 13:11:43,15750.0,4000,Sell,226707550
2024-07-26 13:12:01,15750.0,5000,Sell,226707900
2024-07-26 13:12:02,15750.0,1000,Sell,226707934
2024-07-26 13:12:05,15750.0,500,Sell,226708008
2024-07-26 13:12:11,15750.0,6500,Sell,226708119
2024-07-26 13:12:14,15750.0,1000,Sell,226708169
2024-07-26 13:12:18,15750.0,1000,Sell,226708278
2024-07-26 13:12:21,15750.0,5100,Sell,226708330
2024-07-26 13:12:21,15750.0,400,Sell,226708331
2024-07-26 13:12:21,15750.0,100,Sell,226708332
2024-07-26 13:12:21,15750.0,10000,Sell,226708333
2024-07-26 13:12:21,15750.0,100,Sell,226708334
2024-07-26 13:12:21,15750.0,2000,Sell,226708335
2024-07-26 13:12:21,15750.0,12300,Sell,226708336
2024-07-26 13:12:34,15750.0,1000,Sell,226708743
2024-07-26 13:12:35,15750.0,300,Sell,226708771
2024-07-26 13:12:45,15750.0,1000,Sell,226709030
2024-07-26 13:12:49,15750.0,3000,Sell,226709126
2024-07-26 13:12:55,15750.0,2000,Sell,226709296
2024-07-26 13:13:04,15750.0,1100,Sell,226709474
2024-07-26 13:13:08,15750.0,1000,Sell,226709577
2024-07-26 13:13:11,15750.0,6000,Sell,226709642
2024-07-26 13:13:24,15750.0,2500,Sell,226709956
2024-07-26 13:13:37,15750.0,1000,Sell,226710269
2024-07-26 13:13:44,15800.0,1500,Buy,226710413
2024-07-26 13:14:07,15750.0,1000,Sell,226710964
2024-07-26 13:14:24,15750.0,1000,Sell,226711330
2024-07-26 13:14:37,15750.0,300,Sell,226711616
2024-07-26 13:14:39,15750.0,1000,Sell,226711638
2024-07-26 13:14:39,15750.0,1100,Sell,226711644
2024-07-26 13:14:52,15750.0,100,Sell,226712035
2024-07-26 13:14:53,15750.0,1000,Sell,226712062
2024-07-26 13:15:10,15750.0,1000,Sell,226712481
2024-07-26 13:15:12,15750.0,1000,Sell,226712511
2024-07-26 13:15:31,15750.0,3000,Sell,226713014
2024-07-26 13:15:43,15750.0,1000,Sell,226713371
2024-07-26 13:15:51,15750.0,700,Sell,226713550
2024-07-26 13:15:59,15800.0,100,Buy,226713719
2024-07-26 13:15:59,15750.0,6600,Sell,226713729
2024-07-26 13:15:59,15750.0,1000,Sell,226713730
2024-07-26 13:15:59,15750.0,100,Sell,226713731
2024-07-26 13:15:59,15750.0,100,Sell,226713732
2024-07-26 13:15:59,15750.0,1000,Sell,226713733
2024-07-26 13:15:59,15750.0,200,Sell,226713734
2024-07-26 13:15:59,15750.0,100,Sell,226713735
2024-07-26 13:15:59,15750.0,2000,Sell,226713736
2024-07-26 13:15:59,15750.0,500,Sell,226713737
2024-07-26 13:15:59,15750.0,15400,Sell,226713738
2024-07-26 13:16:08,15750.0,400,Sell,226713939
2024-07-26 13:16:14,15750.0,1000,Sell,226714103
2024-07-26 13:16:21,15750.0,1000,Sell,226714227
2024-07-26 13:16:32,15750.0,100,Sell,226714704
2024-07-26 13:16:45,15750.0,1100,Sell,226714999
2024-07-26 13:16:59,15800.0,100,Buy,226715414
2024-07-26 13:17:11,15750.0,5000,Sell,226715640
2024-07-26 13:17:18,15750.0,1000,Sell,226715825
2024-07-26 13:17:49,15750.0,13800,Sell,226716709
2024-07-26 13:17:49,15750.0,2500,Sell,226716708
2024-07-26 13:17:49,15750.0,700,Sell,226716707
2024-07-26 13:17:49,15750.0,5000,Sell,226716706
2024-07-26 13:17:49,15750.0,1400,Sell,226716705
2024-07-26 13:17:49,15750.0,200,Sell,226716703
2024-07-26 13:17:49,15750.0,500,Sell,226716702
2024-07-26 13:17:49,15750.0,500,Sell,226716704
2024-07-26 13:17:49,15750.0,50000,Sell,226716700
2024-07-26 13:17:49,15750.0,1100,Sell,226716677
2024-07-26 13:17:49,15750.0,73900,Sell,226716695
2024-07-26 13:17:49,15750.0,100,Sell,226716696
2024-07-26 13:17:49,15750.0,100,Sell,226716701
2024-07-26 13:17:49,15750.0,100,Sell,226716698
2024-07-26 13:17:49,15750.0,200,Sell,226716699
2024-07-26 13:17:49,15750.0,1000,Sell,226716697
2024-07-26 13:17:51,15750.0,1400,Sell,226716772
2024-07-26 13:18:14,15750.0,100,Sell,226717418
2024-07-26 13:18:21,15750.0,5000,Sell,226717538
2024-07-26 13:18:22,15750.0,1100,Sell,226717564
2024-07-26 13:18:28,15750.0,2000,Sell,226717772
2024-07-26 13:18:37,15750.0,100,Sell,226717942
2024-07-26 13:18:54,15750.0,1000,Sell,226718370
2024-07-26 13:19:04,15750.0,500,Sell,226718547
2024-07-26 13:19:08,15750.0,500,Sell,226718633
2024-07-26 13:19:10,15750.0,1000,Sell,226718653
2024-07-26 13:19:11,15750.0,1800,Sell,226718692
2024-07-26 13:19:26,15750.0,1100,Sell,226719179
2024-07-26 13:19:32,15750.0,300,Sell,226719341
2024-07-26 13:19:51,15750.0,1000,Sell,226719743
2024-07-26 13:19:59,15750.0,1000,Sell,226719992
2024-07-26 13:20:14,15750.0,100,Sell,226720532
2024-07-26 13:20:31,15750.0,1000,Sell,226721011
2024-07-26 13:20:45,15750.0,700,Sell,226721306
2024-07-26 13:21:03,15750.0,1000,Sell,226721835
2024-07-26 13:21:11,15750.0,1000,Sell,226722166
2024-07-26 13:21:11,15750.0,100,Sell,226722164
2024-07-26 13:21:11,15750.0,15500,Sell,226722163
2024-07-26 13:21:11,15750.0,1000,Sell,226722165
2024-07-26 13:21:32,15750.0,500,Sell,226722840
2024-07-26 13:21:32,15750.0,2000,Sell,226722842
2024-07-26 13:21:34,15750.0,1000,Sell,226722870
2024-07-26 13:21:55,15750.0,3000,Sell,226723510
2024-07-26 13:21:57,15750.0,3000,Sell,226723545
2024-07-26 13:22:04,15750.0,1100,Sell,226723797
2024-07-26 13:22:21,15750.0,400,Sell,226724362
2024-07-26 13:22:21,15750.0,600,Sell,226724360
2024-07-26 13:22:37,15750.0,600,Sell,226724784
2024-07-26 13:22:37,15750.0,400,Sell,226724785
2024-07-26 13:22:42,15750.0,1000,Sell,226724918
2024-07-26 13:22:56,15750.0,11400,Sell,226725326
2024-07-26 13:23:04,15750.0,11400,Sell,226725514
2024-07-26 13:23:07,15750.0,1000,Sell,226725590
2024-07-26 13:23:15,15750.0,11400,Sell,226725786
2024-07-26 13:23:23,15750.0,11400,Sell,226726115
2024-07-26 13:23:24,15750.0,200,Sell,226726121
2024-07-26 13:23:39,15750.0,1000,Sell,226726512
2024-07-26 13:23:49,15750.0,800,Sell,226726843
2024-07-26 13:23:49,15750.0,200,Sell,226726844
2024-07-26 13:23:49,15750.0,10000,Sell,226726845
2024-07-26 13:23:49,15750.0,200,Sell,226726846
2024-07-26 13:23:49,15750.0,200,Sell,226726847
2024-07-26 13:24:01,15750.0,400,Sell,226727177
2024-07-26 13:24:10,15750.0,100,Sell,226727484
2024-07-26 13:24:10,15750.0,200,Sell,226727485
2024-07-26 13:24:10,15750.0,600,Sell,226727482
2024-07-26 13:24:10,15750.0,100,Sell,226727483
2024-07-26 13:24:13,15750.0,300,Sell,226727534
2024-07-26 13:24:13,15750.0,19700,Sell,226727535
2024-07-26 13:24:22,15750.0,5000,Sell,226727828
2024-07-26 13:24:28,15750.0,3000,Sell,226727958
2024-07-26 13:24:42,15750.0,1000,Sell,226728308
2024-07-26 13:24:54,15750.0,100,Sell,226728628
2024-07-26 13:24:56,15750.0,1900,Sell,226728677
2024-07-26 13:25:11,15750.0,600,Sell,226729029
2024-07-26 13:25:11,15750.0,100,Sell,226729028
2024-07-26 13:25:11,15750.0,19300,Sell,226729027
2024-07-26 13:25:14,15750.0,1000,Sell,226729104
2024-07-26 13:25:23,15750.0,5000,Sell,226729284
2024-07-26 13:25:24,15800.0,300,Buy,226729293
2024-07-26 13:25:24,15800.0,200,Buy,226729294
2024-07-26 13:25:30,15750.0,500,Sell,226729538
2024-07-26 13:25:33,15750.0,2000,Sell,226729693
2024-07-26 13:25:41,15800.0,500,Buy,226729938
2024-07-26 13:25:45,15750.0,1000,Sell,226730078
2024-07-26 13:26:03,15750.0,100,Sell,226730556
2024-07-26 13:26:12,15750.0,100,Sell,226730754
2024-07-26 13:26:15,15750.0,1100,Sell,226730823
2024-07-26 13:26:24,15750.0,300,Sell,226731035
2024-07-26 13:26:36,15750.0,500,Sell,226731350
2024-07-26 13:26:38,15750.0,800,Sell,226731390
2024-07-26 13:26:47,15750.0,2000,Sell,226731595
2024-07-26 13:26:48,15750.0,1000,Sell,226731604
2024-07-26 13:27:18,15750.0,1000,Sell,226732262
2024-07-26 13:27:35,15750.0,3000,Sell,226732617
2024-07-26 13:27:50,15750.0,1000,Sell,226732935
2024-07-26 13:27:52,15750.0,5500,Sell,226732971
2024-07-26 13:27:59,15750.0,6700,Sell,226733090
2024-07-26 13:27:59,15750.0,700,Sell,226733091
2024-07-26 13:28:01,15750.0,1000,Sell,226733139
2024-07-26 13:28:22,15750.0,500,Sell,226733592
2024-07-26 13:28:22,15750.0,400,Sell,226733590
2024-07-26 13:28:22,15750.0,100,Sell,226733591
2024-07-26 13:28:27,15750.0,1500,Sell,226733723
2024-07-26 13:28:35,15750.0,1500,Sell,226733871
2024-07-26 13:28:35,15750.0,100,Sell,226733872
2024-07-26 13:28:35,15750.0,300,Sell,226733873
2024-07-26 13:28:35,15750.0,2000,Sell,226733874
2024-07-26 13:28:35,15750.0,100,Sell,226733875
2024-07-26 13:28:35,15750.0,3000,Sell,226733876
2024-07-26 13:28:35,15750.0,500,Sell,226733878
2024-07-26 13:28:35,15750.0,200,Sell,226733879
2024-07-26 13:28:35,15750.0,600,Sell,226733880
2024-07-26 13:28:35,15750.0,100,Sell,226733881
2024-07-26 13:28:35,15750.0,50000,Sell,226733882
2024-07-26 13:28:35,15750.0,300,Sell,226733883
2024-07-26 13:28:35,15750.0,7800,Sell,226733887
2024-07-26 13:28:35,15750.0,100,Sell,226733877
2024-07-26 13:28:35,15750.0,100,Sell,226733870
2024-07-26 13:28:35,15750.0,2000,Sell,226733868
2024-07-26 13:28:35,15750.0,20000,Sell,226733867
2024-07-26 13:28:35,15750.0,1000,Sell,226733869
2024-07-26 13:28:35,15750.0,500,Sell,226733854
2024-07-26 13:28:35,15750.0,200,Sell,226733855
2024-07-26 13:28:35,15750.0,500,Sell,226733856
2024-07-26 13:28:35,15750.0,1000,Sell,226733857
2024-07-26 13:28:35,15750.0,100,Sell,226733858
2024-07-26 13:28:35,15750.0,100,Sell,226733859
2024-07-26 13:28:35,15750.0,100,Sell,226733866
2024-07-26 13:28:35,15750.0,2000,Sell,226733861
2024-07-26 13:28:35,15750.0,10000,Sell,226733865
2024-07-26 13:28:35,15750.0,300,Sell,226733864
2024-07-26 13:28:35,15750.0,5000,Sell,226733860
2024-07-26 13:28:35,15750.0,200,Sell,226733862
2024-07-26 13:28:35,15750.0,1300,Sell,226733863
2024-07-26 13:28:44,15750.0,2000,Sell,226734045
2024-07-26 13:28:47,15750.0,200,Sell,226734085
2024-07-26 13:28:47,15750.0,300,Sell,226734086
2024-07-26 13:28:47,15750.0,1500,Sell,226734087
2024-07-26 13:28:49,15750.0,300,Sell,226734150
2024-07-26 13:28:53,15750.0,1000,Sell,226734235
2024-07-26 13:29:04,15750.0,1000,Sell,226734455
2024-07-26 13:29:12,15750.0,2200,Sell,226734611
2024-07-26 13:29:12,15750.0,22800,Sell,226734612
2024-07-26 13:29:24,15750.0,1000,Sell,226734871
2024-07-26 13:29:24,15750.0,300,Sell,226734870
2024-07-26 13:29:27,15750.0,1000,Sell,226734921
2024-07-26 13:29:27,15750.0,2400,Sell,226734934
2024-07-26 13:29:40,15750.0,1000,Sell,226735162
2024-07-26 13:29:42,15800.0,100,Buy,226735201
2024-07-26 13:29:46,15750.0,500,Sell,226735259
2024-07-26 13:29:50,15750.0,700,Sell,226735352
2024-07-26 13:29:55,15750.0,1000,Sell,226735470
2024-07-26 13:30:01,15750.0,300,Sell,226735611
2024-07-26 13:30:11,15750.0,100,Sell,226735850
2024-07-26 13:30:19,15750.0,1000,Sell,226735972
2024-07-26 13:30:22,15750.0,2100,Sell,226736036
2024-07-26 13:30:26,15750.0,1100,Sell,226736133
2024-07-26 13:30:59,15750.0,1000,Sell,226736741
2024-07-26 13:31:00,15750.0,5000,Sell,226736766
2024-07-26 13:31:08,15750.0,8700,Sell,226736968
2024-07-26 13:31:08,15750.0,1800,Sell,226736969
2024-07-26 13:31:18,15750.0,200,Sell,226737146
2024-07-26 13:31:18,15750.0,7800,Sell,226737147
2024-07-26 13:31:19,15750.0,5000,Sell,226737174
2024-07-26 13:31:25,15750.0,500,Sell,226737288
2024-07-26 13:31:25,15750.0,1000,Sell,226737287
2024-07-26 13:31:25,15750.0,100,Sell,226737289
2024-07-26 13:31:25,15750.0,1000,Sell,226737285
2024-07-26 13:31:25,15750.0,100,Sell,226737284
2024-07-26 13:31:25,15750.0,100,Sell,226737286
2024-07-26 13:31:25,15750.0,2200,Sell,226737283
2024-07-26 13:31:29,15750.0,900,Sell,226737370
2024-07-26 13:31:29,15750.0,100,Sell,226737369
2024-07-26 13:31:38,15750.0,100,Sell,226737532
2024-07-26 13:31:38,15750.0,5000,Sell,226737533
2024-07-26 13:31:38,15750.0,1700,Sell,226737534
2024-07-26 13:31:39,15750.0,800,Sell,226737540
2024-07-26 13:31:39,15750.0,500,Sell,226737541
2024-07-26 13:31:53,15750.0,100,Buy,226737800
2024-07-26 13:31:56,15750.0,500,Buy,226737853
2024-07-26 13:31:56,15750.0,100,Buy,226737854
2024-07-26 13:31:56,15750.0,2400,Buy,226737855
2024-07-26 13:32:01,15700.0,1000,Sell,226737970
2024-07-26 13:32:25,15750.0,200,Buy,226738433
2024-07-26 13:32:25,15750.0,800,Buy,226738434
2024-07-26 13:32:31,15700.0,1000,Sell,226738579
2024-07-26 13:32:55,15750.0,300,Buy,226739014
2024-07-26 13:32:58,15700.0,200,Sell,226739051
2024-07-26 13:33:03,15700.0,1100,Sell,226739122
2024-07-26 13:33:04,15700.0,3000,Sell,226739158
2024-07-26 13:33:10,15750.0,100,Buy,226739271
2024-07-26 13:33:35,15700.0,1000,Sell,226739768
2024-07-26 13:33:51,15750.0,200,Buy,226740121
2024-07-26 13:33:52,15750.0,100,Buy,226740150
2024-07-26 13:34:04,15700.0,2000,Sell,226740412
2024-07-26 13:34:04,15700.0,300,Sell,226740411
2024-07-26 13:34:04,15700.0,900,Sell,226740410
2024-07-26 13:34:04,15700.0,3300,Sell,226740387
2024-07-26 13:34:04,15700.0,3600,Sell,226740408
2024-07-26 13:34:04,15700.0,200,Sell,226740409
2024-07-26 13:34:04,15700.0,1400,Sell,226740388
2024-07-26 13:34:05,15750.0,100,Buy,226740418
2024-07-26 13:34:07,15700.0,1000,Sell,226740470
2024-07-26 13:34:21,15750.0,500,Buy,226740772
2024-07-26 13:34:37,15700.0,600,Sell,226741141
2024-07-26 13:34:37,15700.0,400,Sell,226741142
2024-07-26 13:34:40,15750.0,2900,Buy,226741183
2024-07-26 13:34:40,15750.0,1100,Buy,226741184
2024-07-26 13:34:53,15750.0,200,Buy,226741380
2024-07-26 13:35:09,15700.0,1000,Sell,226741663
2024-07-26 13:35:12,15700.0,700,Sell,226741702
2024-07-26 13:35:20,15700.0,100,Sell,226741902
2024-07-26 13:35:39,15700.0,100,Sell,226742360
2024-07-26 13:35:39,15700.0,200,Sell,226742358
2024-07-26 13:35:39,15700.0,700,Sell,226742359
2024-07-26 13:36:11,15700.0,1100,Sell,226743203
2024-07-26 13:36:18,15700.0,400,Sell,226743375
2024-07-26 13:36:31,15750.0,500,Buy,226743601
2024-07-26 13:36:44,15700.0,1000,Sell,226743916
2024-07-26 13:37:00,15700.0,200,Sell,226744234
2024-07-26 13:37:02,15750.0,8200,Buy,226744272
2024-07-26 13:37:02,15750.0,100,Buy,226744273
2024-07-26 13:37:02,15750.0,800,Buy,226744274
2024-07-26 13:37:02,15750.0,200,Buy,226744275
2024-07-26 13:37:02,15750.0,100,Buy,226744276
2024-07-26 13:37:02,15750.0,9000,Buy,226744277
2024-07-26 13:37:02,15750.0,1600,Buy,226744278
2024-07-26 13:37:16,15700.0,1000,Sell,226744608
2024-07-26 13:37:32,15750.0,200,Buy,226745003
2024-07-26 13:37:43,15750.0,1200,Buy,226745160
2024-07-26 13:37:46,15750.0,300,Buy,226745209
2024-07-26 13:37:46,15750.0,1700,Buy,226745213
2024-07-26 13:37:46,15750.0,500,Buy,226745210
2024-07-26 13:37:46,15750.0,500,Buy,226745211
2024-07-26 13:37:46,15750.0,2000,Buy,226745212
2024-07-26 13:37:47,15700.0,1000,Sell,226745237
2024-07-26 13:37:55,15750.0,300,Buy,226745434
2024-07-26 13:37:55,15750.0,200,Buy,226745435
2024-07-26 13:38:09,15750.0,3200,Buy,226745691
2024-07-26 13:38:14,15750.0,700,Buy,226745784
2024-07-26 13:38:16,15750.0,3000,Buy,226745833
2024-07-26 13:38:17,15700.0,1000,Sell,226745850
2024-07-26 13:38:20,15750.0,800,Buy,226745901
2024-07-26 13:38:36,15750.0,5000,Buy,226746193
2024-07-26 13:38:37,15750.0,1100,Buy,226746216
2024-07-26 13:38:37,15750.0,900,Buy,226746217
2024-07-26 13:38:48,15700.0,600,Sell,226746520
2024-07-26 13:38:48,15700.0,100,Sell,226746519
2024-07-26 13:38:48,15700.0,300,Sell,226746512
2024-07-26 13:39:18,15700.0,1000,Sell,226747445
2024-07-26 13:39:49,15700.0,400,Sell,226748099
2024-07-26 13:39:49,15700.0,100,Sell,226748100
2024-07-26 13:39:49,15700.0,500,Sell,226748101
2024-07-26 13:39:50,15700.0,200,Sell,226748127
2024-07-26 13:39:57,15750.0,500,Buy,226748246
2024-07-26 13:40:09,15750.0,1700,Buy,226748643
2024-07-26 13:40:09,15750.0,600,Buy,226748636
2024-07-26 13:40:09,15750.0,1100,Buy,226748637
2024-07-26 13:40:09,15750.0,1000,Buy,226748638
2024-07-26 13:40:09,15750.0,1000,Buy,226748639
2024-07-26 13:40:09,15750.0,1000,Buy,226748640
2024-07-26 13:40:09,15750.0,100,Buy,226748641
2024-07-26 13:40:09,15750.0,3500,Buy,226748642
2024-07-26 13:40:20,15700.0,1000,Sell,226748901
2024-07-26 13:40:29,15750.0,100,Buy,226749055
2024-07-26 13:40:31,15750.0,1000,Buy,226749092
2024-07-26 13:40:38,15750.0,1200,Buy,226749280
2024-07-26 13:40:38,15750.0,1000,Buy,226749281
2024-07-26 13:40:38,15750.0,800,Buy,226749282
2024-07-26 13:40:41,15750.0,200,Buy,226749344
2024-07-26 13:40:41,15750.0,1100,Buy,226749345
2024-07-26 13:40:51,15700.0,1000,Sell,226749597
2024-07-26 13:40:57,15750.0,900,Buy,226749745
2024-07-26 13:40:57,15750.0,100,Buy,226749746
2024-07-26 13:41:19,15750.0,100,Buy,226750489
2024-07-26 13:41:20,15750.0,100,Buy,226750521
2024-07-26 13:41:23,15700.0,400,Sell,226750574
2024-07-26 13:41:23,15700.0,500,Sell,226750575
2024-07-26 13:41:23,15700.0,100,Sell,226750576
2024-07-26 13:41:55,15700.0,100,Sell,226751336
2024-07-26 13:41:55,15700.0,600,Sell,226751337
2024-07-26 13:41:55,15700.0,200,Sell,226751334
2024-07-26 13:41:55,15700.0,100,Sell,226751335
2024-07-26 13:42:02,15700.0,100,Sell,226751574
2024-07-26 13:42:11,15700.0,4000,Sell,226751776
2024-07-26 13:42:15,15700.0,1300,Sell,226751865
2024-07-26 13:42:15,15700.0,100,Sell,226751866
2024-07-26 13:42:15,15700.0,1800,Sell,226751867
2024-07-26 13:42:23,15700.0,200,Sell,226752044
2024-07-26 13:42:26,15700.0,1000,Sell,226752098
2024-07-26 13:42:27,15700.0,1000,Sell,226752131
2024-07-26 13:42:40,15700.0,1000,Sell,226752531
2024-07-26 13:42:40,15700.0,100,Sell,226752532
2024-07-26 13:42:40,15700.0,2000,Sell,226752533
2024-07-26 13:42:40,15700.0,500,Sell,226752534
2024-07-26 13:42:40,15700.0,3200,Sell,226752535
2024-07-26 13:42:40,15700.0,200,Sell,226752530
2024-07-26 13:42:57,15700.0,1100,Sell,226752875
2024-07-26 13:43:00,15700.0,200,Sell,226752940
2024-07-26 13:43:00,15700.0,300,Sell,226752938
2024-07-26 13:43:00,15700.0,1500,Sell,226752939
2024-07-26 13:43:27,15700.0,100,Sell,226753693
2024-07-26 13:43:30,15700.0,100,Sell,226753734
2024-07-26 13:43:30,15700.0,100,Sell,226753735
2024-07-26 13:43:30,15700.0,200,Sell,226753736
2024-07-26 13:43:30,15700.0,100,Sell,226753737
2024-07-26 13:43:30,15700.0,200,Sell,226753738
2024-07-26 13:43:30,15700.0,400,Sell,226753739
2024-07-26 13:43:33,15700.0,200,Sell,226753831
2024-07-26 13:43:33,15700.0,100,Sell,226753829
2024-07-26 13:43:33,15700.0,100,Sell,226753830
2024-07-26 13:43:40,15700.0,100,Sell,226753999
2024-07-26 13:43:52,15700.0,2700,Sell,226754252
2024-07-26 13:43:52,15700.0,100,Sell,226754253
2024-07-26 13:43:52,15700.0,200,Sell,226754256
2024-07-26 13:43:52,15700.0,300,Sell,226754257
2024-07-26 13:44:02,15700.0,100,Sell,226754505
2024-07-26 13:44:02,15700.0,200,Sell,226754506
2024-07-26 13:44:02,15700.0,100,Sell,226754504
2024-07-26 13:44:02,15700.0,200,Sell,226754500
2024-07-26 13:44:02,15700.0,100,Sell,226754502
2024-07-26 13:44:02,15700.0,300,Sell,226754501
2024-07-26 13:44:02,15700.0,100,Sell,226754503
2024-07-26 13:44:35,15700.0,1100,Sell,226755183
2024-07-26 13:44:35,15700.0,2000,Sell,226755184
2024-07-26 13:44:38,15750.0,600,Buy,226755247
2024-07-26 13:45:08,15700.0,1000,Sell,226755835
2024-07-26 13:45:21,15750.0,400,Buy,226756097
2024-07-26 13:45:33,15700.0,100,Sell,226756513
2024-07-26 13:45:33,15700.0,10400,Sell,226756516
2024-07-26 13:45:33,15700.0,1000,Sell,226756514
2024-07-26 13:45:33,15700.0,400,Sell,226756512
2024-07-26 13:45:33,15700.0,300,Sell,226756515
2024-07-26 13:45:33,15700.0,500,Sell,226756510
2024-07-26 13:45:33,15700.0,1000,Sell,226756509
2024-07-26 13:45:33,15700.0,200,Sell,226756511
2024-07-26 13:45:33,15700.0,200,Sell,226756508
2024-07-26 13:45:33,15700.0,5900,Sell,226756507
2024-07-26 13:45:39,15700.0,1000,Sell,226756752
2024-07-26 13:45:52,15750.0,100,Buy,226756982
2024-07-26 13:46:11,15700.0,1100,Sell,226757356
2024-07-26 13:46:14,15750.0,200,Buy,226757421
2024-07-26 13:46:32,15700.0,100,Sell,226757748
2024-07-26 13:46:44,15700.0,1000,Sell,226757943
2024-07-26 13:46:52,15750.0,600,Buy,226758055
2024-07-26 13:46:52,15750.0,400,Buy,226758054
2024-07-26 13:47:16,15700.0,1000,Sell,226758557
2024-07-26 13:47:19,15750.0,400,Buy,226758619
2024-07-26 13:47:19,15750.0,100,Buy,226758620
2024-07-26 13:47:22,15700.0,5000,Sell,226758674
2024-07-26 13:47:47,15700.0,1000,Sell,226759135
2024-07-26 13:48:13,15700.0,1000,Sell,226759782
2024-07-26 13:48:13,15700.0,1000,Sell,226759797
2024-07-26 13:48:18,15700.0,1100,Sell,226759919
2024-07-26 13:48:35,15750.0,500,Buy,226760378
2024-07-26 13:48:35,15750.0,300,Buy,226760379
2024-07-26 13:48:37,15700.0,1000,Sell,226760423
2024-07-26 13:48:45,15700.0,5000,Sell,226760576
2024-07-26 13:48:46,15700.0,300,Sell,226760599
2024-07-26 13:48:51,15700.0,1000,Sell,226760699
2024-07-26 13:49:22,15700.0,1000,Sell,226761622
2024-07-26 13:49:33,15700.0,100,Sell,226761843
2024-07-26 13:49:33,15700.0,3700,Sell,226761836
2024-07-26 13:49:45,15750.0,100,Buy,226762072
2024-07-26 13:49:45,15700.0,200,Sell,226762076
2024-07-26 13:49:49,15700.0,1000,Sell,226762160
2024-07-26 13:49:54,15700.0,1000,Sell,226762226
2024-07-26 13:49:55,15700.0,2000,Sell,226762251
2024-07-26 13:50:02,15700.0,2000,Sell,226762392
2024-07-26 13:50:15,15700.0,1000,Sell,226762764
2024-07-26 13:50:19,15700.0,3200,Sell,226762867
2024-07-26 13:50:24,15700.0,1000,Sell,226763011
2024-07-26 13:50:37,15700.0,200,Sell,226763316
2024-07-26 13:50:43,15700.0,5000,Sell,226763565
2024-07-26 13:50:49,15700.0,300,Sell,226763647
2024-07-26 13:50:55,15700.0,1000,Sell,226763772
2024-07-26 13:50:57,15700.0,100,Sell,226763803
2024-07-26 13:51:04,15700.0,700,Sell,226763969
2024-07-26 13:51:13,15700.0,200,Sell,226764401
2024-07-26 13:51:27,15700.0,1100,Sell,226764701
2024-07-26 13:51:30,15700.0,200,Sell,226764768
2024-07-26 13:51:33,15700.0,500,Sell,226764813
2024-07-26 13:51:50,15700.0,5000,Sell,226765191
2024-07-26 13:51:59,15700.0,1000,Sell,226765435
2024-07-26 13:52:03,15700.0,10000,Sell,226765490
2024-07-26 13:52:07,15700.0,500,Sell,226765567
2024-07-26 13:52:09,15700.0,2700,Sell,226765612
2024-07-26 13:52:12,15700.0,1000,Sell,226765747
2024-07-26 13:52:25,15700.0,1200,Sell,226766072
2024-07-26 13:52:29,15700.0,7300,Sell,226766197
2024-07-26 13:52:30,15700.0,1000,Sell,226766225
2024-07-26 13:52:33,15700.0,800,Sell,226766289
2024-07-26 13:52:43,15750.0,1000,Buy,226766762
2024-07-26 13:52:48,15700.0,1000,Sell,226766865
2024-07-26 13:52:49,15700.0,200,Sell,226766881
2024-07-26 13:52:50,15750.0,1000,Buy,226766907
2024-07-26 13:52:51,15700.0,900,Sell,226766930
2024-07-26 13:53:00,15700.0,1100,Sell,226767149
2024-07-26 13:53:01,15700.0,1000,Sell,226767189
2024-07-26 13:53:06,15700.0,100,Sell,226767408
2024-07-26 13:53:24,15700.0,4400,Sell,226767821
2024-07-26 13:53:32,15700.0,1000,Sell,226768050
2024-07-26 13:53:36,15700.0,100,Sell,226768154
2024-07-26 13:54:04,15700.0,1000,Sell,226768936
2024-07-26 13:54:10,15700.0,2200,Sell,226769097
2024-07-26 13:54:10,15700.0,300,Sell,226769098
2024-07-26 13:54:10,15700.0,600,Sell,226769099
2024-07-26 13:54:19,15700.0,2100,Sell,226769420
2024-07-26 13:54:19,15700.0,200,Sell,226769419
2024-07-26 13:54:19,15700.0,100,Sell,226769409
2024-07-26 13:54:19,15700.0,500,Sell,226769408
2024-07-26 13:54:19,15700.0,100,Sell,226769407
2024-07-26 13:54:19,15700.0,1800,Sell,226769406
2024-07-26 13:54:19,15700.0,200,Sell,226769404
2024-07-26 13:54:19,15700.0,100,Sell,226769403
2024-07-26 13:54:19,15700.0,2000,Sell,226769405
2024-07-26 13:54:19,15700.0,400,Sell,226769398
2024-07-26 13:54:19,15700.0,200,Sell,226769399
2024-07-26 13:54:19,15700.0,200,Sell,226769400
2024-07-26 13:54:19,15700.0,100,Sell,226769401
2024-07-26 13:54:19,15700.0,2000,Sell,226769402
2024-07-26 13:54:21,15700.0,500,Sell,226769451
2024-07-26 13:54:23,15700.0,200,Sell,226769512
2024-07-26 13:54:29,15700.0,1000,Sell,226769630
2024-07-26 13:54:33,15700.0,500,Sell,226769713
2024-07-26 13:54:34,15700.0,700,Sell,226769754
2024-07-26 13:54:34,15700.0,100,Sell,226769755
2024-07-26 13:54:34,15700.0,100,Sell,226769756
2024-07-26 13:54:34,15700.0,100,Sell,226769757
2024-07-26 13:54:46,15750.0,100,Buy,226770171
2024-07-26 13:54:51,15700.0,500,Sell,226770261
2024-07-26 13:55:06,15700.0,400,Sell,226770824
2024-07-26 13:55:06,15700.0,600,Sell,226770825
2024-07-26 13:55:33,15700.0,400,Sell,226771771
2024-07-26 13:55:33,15700.0,3400,Sell,226771768
2024-07-26 13:55:33,15700.0,100,Sell,226771769
2024-07-26 13:55:33,15700.0,100,Sell,226771770
2024-07-26 13:55:38,15700.0,1000,Sell,226771866
2024-07-26 13:55:50,15700.0,11400,Sell,226772118
2024-07-26 13:55:50,15700.0,600,Sell,226772119
2024-07-26 13:55:51,15700.0,300,Sell,226772164
2024-07-26 13:56:09,15700.0,1000,Sell,226772595
2024-07-26 13:56:16,15700.0,1000,Sell,226772782
2024-07-26 13:56:20,15700.0,500,Sell,226772869
2024-07-26 13:56:22,15700.0,200,Sell,226772934
2024-07-26 13:56:29,15700.0,1000,Sell,226773045
2024-07-26 13:56:35,15750.0,100,Buy,226773173
2024-07-26 13:56:40,15700.0,400,Sell,226773509
2024-07-26 13:56:40,15700.0,600,Sell,226773510
2024-07-26 13:56:47,15750.0,100,Buy,226773749
2024-07-26 13:57:10,15750.0,300,Buy,226774487
2024-07-26 13:57:11,15700.0,200,Sell,226774498
2024-07-26 13:57:11,15700.0,500,Sell,226774500
2024-07-26 13:57:11,15700.0,200,Sell,226774497
2024-07-26 13:57:11,15700.0,100,Sell,226774499
2024-07-26 13:57:15,15750.0,100,Buy,226774740
2024-07-26 13:57:34,15700.0,1000,Sell,226775486
2024-07-26 13:57:34,15700.0,100,Sell,226775487
2024-07-26 13:57:34,15700.0,900,Sell,226775488
2024-07-26 13:57:37,15700.0,100,Sell,226775602
2024-07-26 13:57:41,15700.0,1000,Sell,226775707
2024-07-26 13:57:42,15750.0,100,Buy,226775719
2024-07-26 13:58:12,15700.0,100,Sell,226776684
2024-07-26 13:58:12,15700.0,200,Sell,226776685
2024-07-26 13:58:12,15700.0,100,Sell,226776686
2024-07-26 13:58:13,15700.0,100,Sell,226776743
2024-07-26 13:58:13,15700.0,900,Sell,226776741
2024-07-26 13:58:13,15700.0,100,Sell,226776742
2024-07-26 13:58:20,15750.0,200,Buy,226776954
2024-07-26 13:58:35,15700.0,1000,Sell,226777352
2024-07-26 13:58:39,15750.0,100,Buy,226777438
2024-07-26 13:58:45,15700.0,1000,Sell,226777629
2024-07-26 13:58:53,15700.0,200,Sell,226777799
2024-07-26 13:58:59,15750.0,100,Buy,226777917
2024-07-26 13:59:17,15700.0,1000,Sell,226778574
2024-07-26 13:59:29,15700.0,1000,Sell,226778858
2024-07-26 13:59:48,15700.0,1100,Sell,226779390
2024-07-26 13:59:49,15700.0,100,Sell,226779411
2024-07-26 13:59:58,15700.0,2600,Sell,226779633
2024-07-26 14:00:02,15700.0,5000,Sell,226779731
2024-07-26 14:00:04,15700.0,2000,Sell,226779777
2024-07-26 14:00:10,15700.0,5000,Sell,226779953
2024-07-26 14:00:10,15700.0,200,Sell,226779954
2024-07-26 14:00:10,15700.0,4800,Sell,226779955
2024-07-26 14:00:13,15700.0,100,Sell,226780028
2024-07-26 14:00:21,15700.0,1000,Sell,226780201
2024-07-26 14:00:26,15700.0,3000,Sell,226780347
2024-07-26 14:00:34,15700.0,400,Sell,226780566
2024-07-26 14:00:53,15700.0,1100,Sell,226781014
2024-07-26 14:01:08,15700.0,300,Sell,226781299
2024-07-26 14:01:09,15700.0,6000,Sell,226781346
2024-07-26 14:01:13,15700.0,100,Sell,226781428
2024-07-26 14:01:14,15700.0,500,Sell,226781434
2024-07-26 14:01:19,15700.0,2400,Sell,226781501
2024-07-26 14:01:23,15700.0,300,Sell,226781578
2024-07-26 14:01:23,15700.0,400,Sell,226781579
2024-07-26 14:01:23,15700.0,100,Sell,226781580
2024-07-26 14:01:25,15700.0,100,Sell,226781624
2024-07-26 14:01:25,15700.0,900,Sell,226781625
2024-07-26 14:01:30,15700.0,500,Sell,226781719
2024-07-26 14:01:36,15700.0,300,Sell,226781830
2024-07-26 14:01:40,15700.0,4600,Sell,226781978
2024-07-26 14:01:40,15700.0,100,Sell,226781979
2024-07-26 14:01:40,15700.0,15300,Sell,226781980
2024-07-26 14:01:42,15750.0,200,Buy,226782033
2024-07-26 14:01:42,15750.0,500,Buy,226782032
2024-07-26 14:01:42,15750.0,900,Buy,226782031
2024-07-26 14:01:42,15750.0,500,Buy,226782030
2024-07-26 14:01:42,15750.0,1000,Buy,226782028
2024-07-26 14:01:42,15750.0,1400,Buy,226782027
2024-07-26 14:01:42,15750.0,500,Buy,226782029
2024-07-26 14:01:44,15700.0,400,Sell,226782114
2024-07-26 14:01:52,15700.0,1400,Sell,226782221
2024-07-26 14:01:57,15700.0,1000,Sell,226782338
2024-07-26 14:02:01,15700.0,1000,Sell,226782437
2024-07-26 14:02:02,15700.0,900,Sell,226782459
2024-07-26 14:02:02,15700.0,100,Sell,226782460
2024-07-26 14:02:09,15700.0,100,Sell,226782580
2024-07-26 14:02:09,15700.0,100,Sell,226782581
2024-07-26 14:02:09,15700.0,1000,Sell,226782582
2024-07-26 14:02:09,15700.0,100,Sell,226782583
2024-07-26 14:02:09,15700.0,700,Sell,226782584
2024-07-26 14:02:14,15700.0,200,Sell,226782664
2024-07-26 14:02:15,15700.0,100,Sell,226782681
2024-07-26 14:02:19,15700.0,100,Sell,226782802
2024-07-26 14:02:23,15700.0,200,Sell,226782880
2024-07-26 14:02:23,15700.0,600,Sell,226782899
2024-07-26 14:02:26,15700.0,100,Sell,226782962
2024-07-26 14:02:26,15700.0,100,Sell,226782963
2024-07-26 14:02:26,15700.0,100,Sell,226782964
2024-07-26 14:02:26,15700.0,100,Sell,226782965
2024-07-26 14:02:26,15700.0,500,Sell,226782966
2024-07-26 14:02:26,15700.0,100,Sell,226782967
2024-07-26 14:02:32,15700.0,600,Sell,226783116
2024-07-26 14:02:49,15700.0,100,Sell,226783565
2024-07-26 14:02:49,15700.0,400,Sell,226783566
2024-07-26 14:02:49,15700.0,100,Sell,226783563
2024-07-26 14:02:49,15700.0,500,Sell,226783569
2024-07-26 14:02:49,15700.0,200,Sell,226783572
2024-07-26 14:02:49,15700.0,100,Sell,226783570
2024-07-26 14:02:49,15700.0,1000,Sell,226783571
2024-07-26 14:02:49,15700.0,1500,Sell,226783564
2024-07-26 14:02:49,15700.0,900,Sell,226783573
2024-07-26 14:02:49,15700.0,200,Sell,226783578
2024-07-26 14:02:49,15700.0,500,Sell,226783575
2024-07-26 14:02:49,15700.0,2000,Sell,226783576
2024-07-26 14:02:49,15700.0,500,Sell,226783577
2024-07-26 14:02:49,15700.0,200,Sell,226783579
2024-07-26 14:02:49,15700.0,100,Sell,226783580
2024-07-26 14:02:49,15700.0,300,Sell,226783581
2024-07-26 14:02:49,15700.0,13700,Sell,226783582
2024-07-26 14:02:49,15700.0,5000,Sell,226783608
2024-07-26 14:02:49,15700.0,500,Sell,226783574
2024-07-26 14:02:49,15700.0,1000,Sell,226783562
2024-07-26 14:02:49,15700.0,100,Sell,226783568
2024-07-26 14:02:49,15700.0,100,Sell,226783560
2024-07-26 14:02:49,15700.0,10000,Sell,226783561
2024-07-26 14:02:49,15700.0,700,Sell,226783540
2024-07-26 14:02:49,15700.0,100,Sell,226783541
2024-07-26 14:02:49,15700.0,1000,Sell,226783542
2024-07-26 14:02:49,15700.0,700,Sell,226783543
2024-07-26 14:02:49,15700.0,3900,Sell,226783544
2024-07-26 14:02:49,15700.0,300,Sell,226783545
2024-07-26 14:02:49,15700.0,1000,Sell,226783546
2024-07-26 14:02:49,15700.0,100,Sell,226783547
2024-07-26 14:02:49,15700.0,100,Sell,226783548
2024-07-26 14:02:49,15700.0,100,Sell,226783549
2024-07-26 14:02:49,15700.0,900,Sell,226783567
2024-07-26 14:02:49,15700.0,100,Sell,226783551
2024-07-26 14:02:49,15700.0,500,Sell,226783558
2024-07-26 14:02:49,15700.0,500,Sell,226783557
2024-07-26 14:02:49,15700.0,500,Sell,226783556
2024-07-26 14:02:49,15700.0,500,Sell,226783550
2024-07-26 14:02:49,15700.0,300,Sell,226783559
2024-07-26 14:02:49,15700.0,200,Sell,226783554
2024-07-26 14:02:49,15700.0,500,Sell,226783553
2024-07-26 14:02:49,15700.0,1000,Sell,226783552
2024-07-26 14:02:49,15700.0,200,Sell,226783555
2024-07-26 14:02:51,15700.0,18000,Sell,226783631
2024-07-26 14:02:52,15700.0,1400,Sell,226783669
2024-07-26 14:02:52,15700.0,400,Sell,226783668
2024-07-26 14:02:52,15700.0,100,Sell,226783667
2024-07-26 14:02:52,15700.0,100,Sell,226783666
2024-07-26 14:02:52,15700.0,300,Sell,226783665
2024-07-26 14:02:52,15700.0,1000,Sell,226783664
2024-07-26 14:02:52,15700.0,900,Sell,226783663
2024-07-26 14:02:52,15700.0,500,Sell,226783661
2024-07-26 14:02:52,15700.0,200,Sell,226783659
2024-07-26 14:02:52,15700.0,200,Sell,226783658
2024-07-26 14:02:52,15700.0,13300,Sell,226783657
2024-07-26 14:02:52,15700.0,1500,Sell,226783662
2024-07-26 14:02:52,15700.0,100,Sell,226783660
2024-07-26 14:02:54,15700.0,100,Sell,226783700
2024-07-26 14:02:54,15700.0,300,Sell,226783692
2024-07-26 14:02:54,15700.0,900,Sell,226783699
2024-07-26 14:02:55,15700.0,4000,Sell,226783718
2024-07-26 14:02:57,15700.0,1000,Sell,226783748
2024-07-26 14:02:58,15700.0,600,Sell,226783764
2024-07-26 14:03:00,15700.0,300,Sell,226783871
2024-07-26 14:03:00,15700.0,1400,Sell,226783857
2024-07-26 14:03:00,15700.0,300,Sell,226783858
2024-07-26 14:03:00,15700.0,700,Sell,226783859
2024-07-26 14:03:00,15700.0,200,Sell,226783860
2024-07-26 14:03:00,15700.0,3000,Sell,226783861
2024-07-26 14:03:00,15700.0,1000,Sell,226783862
2024-07-26 14:03:00,15700.0,300,Sell,226783872
2024-07-26 14:03:00,15700.0,2000,Sell,226783863
2024-07-26 14:03:00,15700.0,2000,Sell,226783865
2024-07-26 14:03:00,15700.0,500,Sell,226783866
2024-07-26 14:03:00,15700.0,500,Sell,226783867
2024-07-26 14:03:00,15700.0,100,Sell,226783868
2024-07-26 14:03:00,15700.0,100,Sell,226783869
2024-07-26 14:03:00,15700.0,100,Sell,226783870
2024-07-26 14:03:00,15700.0,100,Sell,226783856
2024-07-26 14:03:00,15700.0,1000,Sell,226783864
2024-07-26 14:03:00,15700.0,500,Sell,226783855
2024-07-26 14:03:00,15700.0,100,Sell,226783853
2024-07-26 14:03:00,15700.0,3300,Sell,226783838
2024-07-26 14:03:00,15700.0,100,Sell,226783839
2024-07-26 14:03:00,15700.0,300,Sell,226783840
2024-07-26 14:03:00,15700.0,1000,Sell,226783873
2024-07-26 14:03:00,15700.0,100,Sell,226783842
2024-07-26 14:03:00,15700.0,500,Sell,226783843
2024-07-26 14:03:00,15700.0,500,Sell,226783844
2024-07-26 14:03:00,15700.0,700,Sell,226783845
2024-07-26 14:03:00,15700.0,100,Sell,226783846
2024-07-26 14:03:00,15700.0,100,Sell,226783847
2024-07-26 14:03:00,15700.0,100,Sell,226783848
2024-07-26 14:03:00,15700.0,500,Sell,226783849
2024-07-26 14:03:00,15700.0,2800,Sell,226783850
2024-07-26 14:03:00,15700.0,100,Sell,226783851
2024-07-26 14:03:00,15700.0,2800,Sell,226783852
2024-07-26 14:03:00,15700.0,200,Sell,226783854
2024-07-26 14:03:00,15700.0,100,Sell,226783841
2024-07-26 14:03:01,15700.0,1700,Sell,226783919
2024-07-26 14:03:01,15700.0,300,Sell,226783918
2024-07-26 14:03:02,15700.0,100,Sell,226783957
2024-07-26 14:03:02,15700.0,8000,Sell,226783956
2024-07-26 14:03:02,15700.0,5000,Sell,226783955
2024-07-26 14:03:02,15700.0,6000,Sell,226783954
2024-07-26 14:03:02,15700.0,200,Sell,226783953
2024-07-26 14:03:02,15700.0,100,Sell,226783952
2024-07-26 14:03:02,15700.0,100,Sell,226783951
2024-07-26 14:03:02,15700.0,200,Sell,226783950
2024-07-26 14:03:02,15700.0,100,Sell,226783949
2024-07-26 14:03:02,15700.0,2000,Sell,226783948
2024-07-26 14:03:02,15700.0,100,Sell,226783947
2024-07-26 14:03:02,15700.0,500,Sell,226783946
2024-07-26 14:03:02,15700.0,2000,Sell,226783945
2024-07-26 14:03:02,15700.0,900,Sell,226783944
2024-07-26 14:03:02,15700.0,100,Sell,226783923
2024-07-26 14:03:02,15700.0,100,Sell,226783942
2024-07-26 14:03:02,15700.0,200,Sell,226783929
2024-07-26 14:03:02,15700.0,1000,Sell,226783930
2024-07-26 14:03:02,15700.0,100,Sell,226783931
2024-07-26 14:03:02,15700.0,500,Sell,226783932
2024-07-26 14:03:02,15700.0,100,Sell,226783933
2024-07-26 14:03:02,15700.0,1000,Sell,226783934
2024-07-26 14:03:02,15700.0,100,Sell,226783943
2024-07-26 14:03:02,15700.0,500,Sell,226783936
2024-07-26 14:03:02,15700.0,1300,Sell,226783941
2024-07-26 14:03:02,15700.0,100,Sell,226783940
2024-07-26 14:03:02,15700.0,200,Sell,226783935
2024-07-26 14:03:02,15700.0,2600,Sell,226783938
2024-07-26 14:03:02,15700.0,1300,Sell,226783937
2024-07-26 14:03:02,15700.0,10000,Sell,226783939
2024-07-26 14:03:28,15650.0,1000,Sell,226784558
2024-07-26 14:03:33,15700.0,2000,Buy,226784630
2024-07-26 14:03:50,15700.0,3000,Buy,226784966
2024-07-26 14:03:54,15700.0,3000,Buy,226785068
2024-07-26 14:03:58,15700.0,3000,Buy,226785168
2024-07-26 14:04:02,15650.0,900,Sell,226785241
2024-07-26 14:04:02,15650.0,100,Sell,226785239
2024-07-26 14:04:02,15650.0,100,Sell,226785240
2024-07-26 14:04:14,15700.0,300,Buy,226785493
2024-07-26 14:04:17,15650.0,100,Sell,226785557
2024-07-26 14:04:17,15650.0,100,Sell,226785558
2024-07-26 14:04:17,15650.0,1500,Sell,226785563
2024-07-26 14:04:17,15650.0,3500,Sell,226785564
2024-07-26 14:04:31,15650.0,1000,Sell,226785821
2024-07-26 14:04:33,15650.0,1000,Sell,226785864
2024-07-26 14:04:33,15650.0,1000,Sell,226785856
2024-07-26 14:04:51,15700.0,500,Buy,226786289
2024-07-26 14:04:53,15650.0,2700,Sell,226786335
2024-07-26 14:04:55,15700.0,3000,Buy,226786386
2024-07-26 14:05:05,15650.0,800,Sell,226786595
2024-07-26 14:05:05,15650.0,200,Sell,226786596
2024-07-26 14:05:08,15700.0,6000,Buy,226786631
2024-07-26 14:05:12,15650.0,1000,Sell,226786700
2024-07-26 14:05:13,15700.0,600,Buy,226786709
2024-07-26 14:05:22,15650.0,500,Sell,226786954
2024-07-26 14:05:28,15700.0,100,Buy,226787064
2024-07-26 14:05:37,15650.0,100,Sell,226787253
2024-07-26 14:05:37,15650.0,300,Sell,226787254
2024-07-26 14:05:37,15650.0,200,Sell,226787251
2024-07-26 14:05:37,15650.0,100,Sell,226787250
2024-07-26 14:05:37,15650.0,300,Sell,226787252
2024-07-26 14:05:38,15700.0,100,Buy,226787284
2024-07-26 14:05:43,15650.0,1000,Sell,226787394
2024-07-26 14:05:43,15650.0,100,Sell,226787395
2024-07-26 14:05:43,15650.0,1800,Sell,226787396
2024-07-26 14:05:43,15650.0,100,Sell,226787393
2024-07-26 14:05:55,15650.0,1300,Sell,226787642
2024-07-26 14:06:07,15650.0,1000,Sell,226787913
2024-07-26 14:06:37,15650.0,1000,Sell,226788593
2024-07-26 14:06:42,15700.0,100,Buy,226788695
2024-07-26 14:06:51,15700.0,100,Buy,226788866
2024-07-26 14:06:51,15700.0,100,Buy,226788871
2024-07-26 14:07:03,15700.0,1000,Buy,226789121
2024-07-26 14:07:09,15650.0,1000,Sell,226789229
2024-07-26 14:07:12,15700.0,1000,Buy,226789290
2024-07-26 14:07:41,15650.0,1100,Sell,226790036
2024-07-26 14:07:45,15700.0,100,Buy,226790114
2024-07-26 14:07:47,15700.0,1000,Buy,226790160
2024-07-26 14:08:07,15700.0,200,Buy,226790698
2024-07-26 14:08:13,15650.0,1100,Sell,226790813
2024-07-26 14:08:40,15650.0,1700,Sell,226791624
2024-07-26 14:08:40,15650.0,300,Sell,226791625
2024-07-26 14:08:45,15650.0,1100,Sell,226791755
2024-07-26 14:08:49,15700.0,100,Buy,226791841
2024-07-26 14:08:49,15700.0,400,Buy,226791840
2024-07-26 14:08:56,15650.0,500,Sell,226792047
2024-07-26 14:09:08,15700.0,200,Buy,226792385
2024-07-26 14:09:18,15650.0,1100,Sell,226792629
2024-07-26 14:09:23,15700.0,500,Buy,226792763
2024-07-26 14:09:35,15700.0,200,Buy,226793119
2024-07-26 14:09:41,15700.0,9600,Buy,226793300
2024-07-26 14:09:41,15700.0,500,Buy,226793299
2024-07-26 14:09:41,15700.0,6000,Buy,226793298
2024-07-26 14:09:41,15700.0,5000,Buy,226793315
2024-07-26 14:09:41,15700.0,100,Buy,226793296
2024-07-26 14:09:41,15700.0,2000,Buy,226793295
2024-07-26 14:09:41,15700.0,3000,Buy,226793294
2024-07-26 14:09:41,15700.0,500,Buy,226793293
2024-07-26 14:09:41,15700.0,100,Buy,226793297
2024-07-26 14:09:43,15700.0,100,Buy,226793358
2024-07-26 14:09:47,15700.0,6300,Buy,226793464
2024-07-26 14:09:47,15700.0,2400,Buy,226793465
2024-07-26 14:09:47,15700.0,1300,Buy,226793466
2024-07-26 14:09:51,15650.0,1000,Sell,226793589
2024-07-26 14:09:52,15700.0,1600,Buy,226793670
2024-07-26 14:09:52,15700.0,300,Buy,226793671
2024-07-26 14:09:52,15700.0,100,Buy,226793645
2024-07-26 14:09:53,15700.0,5400,Buy,226793713
2024-07-26 14:09:53,15700.0,1000,Buy,226793714
2024-07-26 14:09:53,15700.0,3600,Buy,226793715
2024-07-26 14:10:00,15700.0,300,Buy,226793940
2024-07-26 14:10:00,15700.0,8000,Buy,226793931
2024-07-26 14:10:00,15700.0,1000,Buy,226793930
2024-07-26 14:10:00,15700.0,9600,Buy,226793929
2024-07-26 14:10:00,15700.0,1400,Buy,226793928
2024-07-26 14:10:02,15700.0,2900,Buy,226794004
2024-07-26 14:10:02,15700.0,1000,Buy,226794003
2024-07-26 14:10:02,15700.0,2000,Buy,226794002
2024-07-26 14:10:02,15700.0,100,Buy,226794001
2024-07-26 14:10:02,15700.0,500,Buy,226794000
2024-07-26 14:10:02,15700.0,400,Buy,226793999
2024-07-26 14:10:02,15700.0,500,Buy,226793993
2024-07-26 14:10:02,15700.0,200,Buy,226793997
2024-07-26 14:10:02,15700.0,6400,Buy,226793996
2024-07-26 14:10:02,15700.0,2300,Buy,226793995
2024-07-26 14:10:02,15700.0,1000,Buy,226793994
2024-07-26 14:10:02,15700.0,1700,Buy,226793992
2024-07-26 14:10:02,15700.0,1000,Buy,226793998
2024-07-26 14:10:03,15700.0,100,Buy,226794034
2024-07-26 14:10:03,15700.0,3100,Buy,226794031
2024-07-26 14:10:03,15700.0,1900,Buy,226794029
2024-07-26 14:10:03,15700.0,100,Buy,226794021
2024-07-26 14:10:03,15700.0,2000,Buy,226794030
2024-07-26 14:10:03,15700.0,300,Buy,226794018
2024-07-26 14:10:03,15700.0,1000,Buy,226794017
2024-07-26 14:10:03,15700.0,100,Buy,226794016
2024-07-26 14:10:03,15700.0,200,Buy,226794020
2024-07-26 14:10:03,15700.0,3300,Buy,226794019
2024-07-26 14:10:21,15700.0,1000,Sell,226794540
2024-07-26 14:10:21,15750.0,200,Buy,226794550
2024-07-26 14:10:46,15750.0,500,Buy,226795356
2024-07-26 14:10:52,15700.0,1000,Sell,226795467
2024-07-26 14:11:04,15750.0,100,Buy,226795831
2024-07-26 14:11:04,15750.0,19300,Buy,226795826
2024-07-26 14:11:04,15750.0,1000,Buy,226795827
2024-07-26 14:11:04,15750.0,100,Buy,226795828
2024-07-26 14:11:04,15750.0,400,Buy,226795829
2024-07-26 14:11:04,15750.0,4100,Buy,226795830
2024-07-26 14:11:07,15750.0,300,Buy,226795956
2024-07-26 14:11:23,15700.0,1000,Sell,226796493
2024-07-26 14:11:26,15750.0,300,Buy,226796608
2024-07-26 14:11:28,15700.0,700,Sell,226796693
2024-07-26 14:11:28,15750.0,600,Buy,226796680
2024-07-26 14:11:54,15700.0,1000,Sell,226797394
2024-07-26 14:11:55,15700.0,200,Sell,226797437
2024-07-26 14:12:24,15700.0,1000,Sell,226798186
2024-07-26 14:12:35,15700.0,400,Sell,226798561
2024-07-26 14:12:36,15700.0,500,Sell,226798623
2024-07-26 14:12:54,15700.0,800,Sell,226799269
2024-07-26 14:12:55,15700.0,1000,Sell,226799292
2024-07-26 14:13:04,15700.0,500,Sell,226799567
2024-07-26 14:13:11,15750.0,100,Buy,226799910
2024-07-26 14:13:15,15750.0,2200,Buy,226800009
2024-07-26 14:13:25,15750.0,100,Buy,226800363
2024-07-26 14:13:26,15700.0,1000,Sell,226800451
2024-07-26 14:13:52,15750.0,1000,Buy,226801165
2024-07-26 14:13:57,15700.0,1100,Sell,226801355
2024-07-26 14:14:03,15700.0,300,Sell,226801518
2024-07-26 14:14:29,15700.0,1100,Sell,226802343
2024-07-26 14:14:29,15750.0,2000,Buy,226802314
2024-07-26 14:14:45,15750.0,300,Buy,226802842
2024-07-26 14:14:53,15700.0,12300,Sell,226803060
2024-07-26 14:14:53,15700.0,4700,Sell,226803061
2024-07-26 14:15:02,15700.0,1100,Sell,226803373
2024-07-26 14:15:14,15750.0,1900,Buy,226803726
2024-07-26 14:15:28,15750.0,100,Buy,226804163
