time,price,volume,match_type,id
2024-08-16 09:14:38,14350.0,51200,ATO/ATC,231987846
2024-08-16 09:15:01,14350.0,200,Sell,231988184
2024-08-16 09:15:20,14350.0,2000,Sell,231988481
2024-08-16 09:15:49,14400.0,300,Buy,231988961
2024-08-16 09:16:01,14400.0,300,Buy,231989214
2024-08-16 09:16:13,14400.0,3500,Buy,231989454
2024-08-16 09:16:13,14400.0,100,Buy,231989453
2024-08-16 09:16:13,14400.0,400,Buy,231989441
2024-08-16 09:16:13,14400.0,100,Buy,231989442
2024-08-16 09:16:13,14400.0,400,Buy,231989452
2024-08-16 09:16:19,14400.0,1000,Buy,231989550
2024-08-16 09:16:21,14400.0,100,Buy,231989583
2024-08-16 09:16:22,14400.0,100,Buy,231989590
2024-08-16 09:16:32,14400.0,300,Buy,231989847
2024-08-16 09:16:32,14400.0,2000,Buy,231989848
2024-08-16 09:16:32,14400.0,500,Buy,231989849
2024-08-16 09:16:32,14400.0,100,Buy,231989850
2024-08-16 09:16:32,14400.0,1000,Buy,231989851
2024-08-16 09:16:32,14400.0,1100,Buy,231989852
2024-08-16 09:16:37,14400.0,500,Buy,231989984
2024-08-16 09:16:38,14350.0,100,Sell,231990016
2024-08-16 09:16:43,14400.0,1000,Buy,231990129
2024-08-16 09:16:44,14400.0,200,Buy,231990152
2024-08-16 09:16:44,14400.0,400,Buy,231990151
2024-08-16 09:16:45,14400.0,100,Buy,231990160
2024-08-16 09:16:47,14400.0,100,Buy,231990201
2024-08-16 09:16:47,14400.0,4600,Buy,231990207
2024-08-16 09:16:47,14400.0,2400,Buy,231990208
2024-08-16 09:16:49,14400.0,100,Buy,231990236
2024-08-16 09:16:51,14400.0,400,Buy,231990297
2024-08-16 09:16:53,14400.0,200,Buy,231990347
2024-08-16 09:16:53,14400.0,200,Buy,231990354
2024-08-16 09:16:55,14400.0,6700,Buy,231990422
2024-08-16 09:16:55,14400.0,600,Buy,231990423
2024-08-16 09:16:55,14400.0,100,Buy,231990424
2024-08-16 09:16:55,14400.0,100,Buy,231990425
2024-08-16 09:16:57,14400.0,100,Buy,231990462
2024-08-16 09:16:58,14400.0,200,Buy,231990482
2024-08-16 09:16:58,14400.0,200,Buy,231990483
2024-08-16 09:16:58,14400.0,100,Buy,231990479
2024-08-16 09:16:58,14400.0,100,Buy,231990481
2024-08-16 09:17:08,14400.0,100,Sell,231990690
2024-08-16 09:17:08,14450.0,100,Buy,231990681
2024-08-16 09:17:11,14400.0,100,Sell,231990722
2024-08-16 09:17:11,14400.0,800,Sell,231990723
2024-08-16 09:17:11,14400.0,100,Sell,231990724
2024-08-16 09:17:15,14400.0,100,Sell,231990798
2024-08-16 09:17:15,14400.0,900,Sell,231990799
2024-08-16 09:17:21,14400.0,2000,Sell,231990899
2024-08-16 09:17:24,14400.0,2100,Sell,231990989
2024-08-16 09:17:24,14400.0,400,Sell,231990990
2024-08-16 09:17:32,14400.0,200,Sell,231991194
2024-08-16 09:17:32,14450.0,700,Buy,231991187
2024-08-16 09:17:32,14450.0,100,Buy,231991185
2024-08-16 09:17:32,14450.0,300,Buy,231991186
2024-08-16 09:17:32,14450.0,100,Buy,231991183
2024-08-16 09:17:32,14450.0,500,Buy,231991182
2024-08-16 09:17:32,14450.0,200,Buy,231991181
2024-08-16 09:17:32,14400.0,100,Sell,231991178
2024-08-16 09:17:32,14450.0,100,Buy,231991184
2024-08-16 09:17:35,14400.0,300,Sell,231991248
2024-08-16 09:17:35,14400.0,100,Sell,231991249
2024-08-16 09:17:35,14400.0,100,Sell,231991250
2024-08-16 09:17:41,14400.0,1100,Sell,231991463
2024-08-16 09:17:43,14400.0,1000,Sell,231991517
2024-08-16 09:17:45,14400.0,500,Sell,231991604
2024-08-16 09:17:53,14400.0,1000,Sell,231991790
2024-08-16 09:17:59,14400.0,100,Sell,231991941
2024-08-16 09:18:19,14450.0,300,Buy,231992369
2024-08-16 09:18:24,14400.0,1000,Sell,231992474
2024-08-16 09:18:47,14450.0,100,Buy,231992943
2024-08-16 09:18:48,14400.0,200,Sell,231992961
2024-08-16 09:18:48,14400.0,2000,Sell,231992962
2024-08-16 09:18:48,14400.0,100,Sell,231992963
2024-08-16 09:18:48,14400.0,2700,Sell,231992964
2024-08-16 09:19:09,14400.0,800,Sell,231993320
2024-08-16 09:19:09,14400.0,1000,Sell,231993314
2024-08-16 09:19:12,14400.0,2300,Sell,231993368
2024-08-16 09:19:18,14400.0,1000,Sell,231993452
2024-08-16 09:19:24,14400.0,2200,Sell,231993583
2024-08-16 09:19:24,14400.0,300,Sell,231993584
2024-08-16 09:19:24,14400.0,100,Sell,231993585
2024-08-16 09:19:24,14400.0,300,Sell,231993586
2024-08-16 09:19:24,14400.0,400,Sell,231993587
2024-08-16 09:19:24,14400.0,1500,Sell,231993588
2024-08-16 09:19:24,14400.0,100,Sell,231993589
2024-08-16 09:19:24,14400.0,100,Sell,231993590
2024-08-16 09:19:29,14400.0,500,Sell,231993688
2024-08-16 09:19:38,14400.0,1400,Sell,231993844
2024-08-16 09:19:38,14400.0,500,Sell,231993845
2024-08-16 09:19:38,14400.0,2000,Sell,231993846
2024-08-16 09:19:38,14400.0,1100,Sell,231993847
2024-08-16 09:19:39,14400.0,200,Sell,231993880
2024-08-16 09:19:46,14400.0,2500,Sell,231994014
2024-08-16 09:19:49,14450.0,400,Buy,231994065
2024-08-16 09:20:06,14400.0,1000,Sell,231994515
2024-08-16 09:20:09,14400.0,100,Sell,231994589
2024-08-16 09:20:09,14400.0,100,Sell,231994588
2024-08-16 09:20:09,14400.0,200,Sell,231994585
2024-08-16 09:20:09,14400.0,100,Sell,231994586
2024-08-16 09:20:09,14400.0,500,Sell,231994587
2024-08-16 09:20:11,14400.0,100,Sell,231994614
2024-08-16 09:20:11,14400.0,100,Sell,231994615
2024-08-16 09:20:11,14400.0,100,Sell,231994616
2024-08-16 09:20:11,14400.0,2700,Sell,231994617
2024-08-16 09:20:16,14450.0,1100,Buy,231994739
2024-08-16 09:20:18,14400.0,900,Sell,231994782
2024-08-16 09:20:37,14400.0,400,Sell,231995227
2024-08-16 09:20:50,14400.0,300,Sell,231995443
2024-08-16 09:20:53,14450.0,100,Buy,231995502
2024-08-16 09:20:58,14400.0,200,Sell,231995614
2024-08-16 09:21:02,14450.0,500,Buy,231995670
2024-08-16 09:21:15,14450.0,1000,Buy,231995939
2024-08-16 09:21:19,14450.0,100,Buy,231996001
2024-08-16 09:21:20,14450.0,1900,Buy,231996022
2024-08-16 09:21:20,14450.0,300,Buy,231996021
2024-08-16 09:21:20,14450.0,1700,Buy,231996018
2024-08-16 09:21:20,14450.0,100,Buy,231996019
2024-08-16 09:21:20,14450.0,1000,Buy,231996020
2024-08-16 09:21:22,14400.0,100,Sell,231996050
2024-08-16 09:21:25,14450.0,6100,Buy,231996115
2024-08-16 09:21:25,14450.0,200,Buy,231996116
2024-08-16 09:21:25,14450.0,100,Buy,231996118
2024-08-16 09:21:25,14450.0,3000,Buy,231996119
2024-08-16 09:21:25,14450.0,10100,Buy,231996120
2024-08-16 09:21:25,14450.0,500,Buy,231996117
2024-08-16 09:21:34,14450.0,1000,Buy,231996253
2024-08-16 09:21:43,14400.0,400,Sell,231996414
2024-08-16 09:21:43,14400.0,1400,Sell,231996412
2024-08-16 09:21:43,14400.0,200,Sell,231996413
2024-08-16 09:21:48,14450.0,1000,Buy,231996505
2024-08-16 09:21:56,14450.0,200,Buy,231996642
2024-08-16 09:21:57,14400.0,100,Sell,231996677
2024-08-16 09:21:57,14400.0,2200,Sell,231996678
2024-08-16 09:22:05,14450.0,100,Buy,231996871
2024-08-16 09:22:05,14400.0,500,Sell,231996876
2024-08-16 09:22:06,14450.0,500,Buy,231996898
2024-08-16 09:22:07,14400.0,1700,Sell,231996900
2024-08-16 09:22:07,14400.0,100,Sell,231996901
2024-08-16 09:22:07,14400.0,200,Sell,231996902
2024-08-16 09:22:09,14450.0,100,Buy,231996947
2024-08-16 09:22:14,14450.0,30000,Buy,231997019
2024-08-16 09:22:24,14450.0,7000,Buy,231997158
2024-08-16 09:22:24,14450.0,2000,Buy,231997159
2024-08-16 09:22:24,14450.0,400,Buy,231997160
2024-08-16 09:22:24,14450.0,600,Buy,231997161
2024-08-16 09:22:25,14450.0,300,Buy,231997167
2024-08-16 09:22:25,14450.0,100,Buy,231997168
2024-08-16 09:22:25,14450.0,100,Buy,231997165
2024-08-16 09:22:25,14450.0,100,Buy,231997166
2024-08-16 09:22:25,14450.0,400,Buy,231997164
2024-08-16 09:22:36,14400.0,300,Sell,231997352
2024-08-16 09:23:03,14400.0,600,Sell,231997715
2024-08-16 09:23:04,14400.0,100,Sell,231997728
2024-08-16 09:23:11,14400.0,800,Sell,231997821
2024-08-16 09:23:11,14400.0,1900,Sell,231997822
2024-08-16 09:23:50,14450.0,100,Buy,231998574
2024-08-16 09:23:57,14400.0,800,Sell,231998715
2024-08-16 09:24:00,14400.0,300,Sell,231998788
2024-08-16 09:24:00,14400.0,100,Sell,231998789
2024-08-16 09:24:00,14400.0,700,Sell,231998790
2024-08-16 09:24:01,14450.0,200,Buy,231998801
2024-08-16 09:24:09,14400.0,100,Sell,231998941
2024-08-16 09:24:09,14400.0,3400,Sell,231998942
2024-08-16 09:24:09,14400.0,1300,Sell,231998939
2024-08-16 09:24:09,14400.0,200,Sell,231998940
2024-08-16 09:24:17,14450.0,1000,Buy,231999067
2024-08-16 09:24:43,14450.0,100,Buy,231999612
2024-08-16 09:24:44,14450.0,100,Buy,231999624
2024-08-16 09:24:45,14450.0,100,Buy,231999631
2024-08-16 09:24:57,14450.0,100,Buy,231999833
2024-08-16 09:25:04,14450.0,3000,Buy,231999977
2024-08-16 09:25:30,14450.0,500,Buy,232000414
2024-08-16 09:25:35,14400.0,500,Sell,232000495
2024-08-16 09:25:35,14450.0,4800,Buy,232000494
2024-08-16 09:25:35,14450.0,800,Buy,232000490
2024-08-16 09:25:35,14450.0,2000,Buy,232000492
2024-08-16 09:25:35,14450.0,200,Buy,232000491
2024-08-16 09:25:35,14450.0,300,Buy,232000493
2024-08-16 09:25:39,14450.0,200,Buy,232000548
2024-08-16 09:25:39,14450.0,200,Buy,232000549
2024-08-16 09:25:57,14450.0,100,Buy,232000837
2024-08-16 09:26:16,14400.0,900,Sell,232001147
2024-08-16 09:26:28,14450.0,100,Buy,232001395
2024-08-16 09:26:28,14450.0,900,Buy,232001394
2024-08-16 09:27:55,14400.0,100,Sell,232002858
2024-08-16 09:27:56,14450.0,200,Buy,232002870
2024-08-16 09:28:06,14450.0,200,Buy,232003036
2024-08-16 09:28:06,14450.0,400,Buy,232003037
2024-08-16 09:28:14,14450.0,100,Buy,232003176
2024-08-16 09:28:29,14450.0,1500,Buy,232003492
2024-08-16 09:28:29,14450.0,500,Buy,232003493
2024-08-16 09:28:29,14450.0,100,Buy,232003511
2024-08-16 09:28:34,14450.0,100,Buy,232003571
2024-08-16 09:28:34,14450.0,100,Buy,232003574
2024-08-16 09:28:36,14400.0,100,Sell,232003596
2024-08-16 09:28:36,14400.0,1000,Sell,232003597
2024-08-16 09:28:36,14400.0,900,Sell,232003598
2024-08-16 09:28:36,14400.0,100,Sell,232003599
2024-08-16 09:28:43,14450.0,200,Buy,232003726
2024-08-16 09:28:53,14400.0,100,Sell,232003853
2024-08-16 09:28:53,14400.0,1600,Sell,232003854
2024-08-16 09:28:53,14400.0,3000,Sell,232003855
2024-08-16 09:28:53,14400.0,1000,Sell,232003856
2024-08-16 09:28:53,14400.0,500,Sell,232003857
2024-08-16 09:28:53,14400.0,2800,Sell,232003858
2024-08-16 09:28:53,14400.0,1000,Sell,232003852
2024-08-16 09:29:05,14400.0,500,Sell,232004109
2024-08-16 09:29:11,14400.0,9900,Sell,232004266
2024-08-16 09:29:11,14400.0,200,Sell,232004260
2024-08-16 09:29:11,14400.0,300,Sell,232004264
2024-08-16 09:29:11,14400.0,1000,Sell,232004263
2024-08-16 09:29:11,14400.0,200,Sell,232004262
2024-08-16 09:29:11,14400.0,200,Sell,232004261
2024-08-16 09:29:11,14400.0,200,Sell,232004259
2024-08-16 09:29:11,14400.0,1000,Sell,232004265
2024-08-16 09:29:11,14400.0,1000,Sell,232004257
2024-08-16 09:29:11,14400.0,1700,Sell,232004250
2024-08-16 09:29:11,14400.0,500,Sell,232004251
2024-08-16 09:29:11,14400.0,100,Sell,232004252
2024-08-16 09:29:11,14400.0,2000,Sell,232004258
2024-08-16 09:29:11,14400.0,200,Sell,232004254
2024-08-16 09:29:11,14400.0,500,Sell,232004253
2024-08-16 09:29:11,14400.0,1000,Sell,232004256
2024-08-16 09:29:13,14450.0,100,Buy,232004277
2024-08-16 09:29:23,14450.0,400,Buy,232004445
2024-08-16 09:29:29,14400.0,300,Sell,232004575
2024-08-16 09:29:38,14400.0,300,Sell,232004731
2024-08-16 09:29:41,14400.0,200,Sell,232004763
2024-08-16 09:29:47,14400.0,1300,Sell,232004876
2024-08-16 09:29:47,14400.0,100,Sell,232004878
2024-08-16 09:29:47,14400.0,600,Sell,232004877
2024-08-16 09:29:48,14400.0,100,Sell,232004889
2024-08-16 09:29:58,14450.0,3500,Buy,232005066
2024-08-16 09:29:59,14400.0,100,Sell,232005072
2024-08-16 09:30:01,14450.0,2000,Buy,232005127
2024-08-16 09:30:20,14450.0,100,Buy,232005384
2024-08-16 09:30:20,14450.0,2800,Buy,232005386
2024-08-16 09:30:20,14450.0,1000,Buy,232005385
2024-08-16 09:30:20,14450.0,100,Buy,232005382
2024-08-16 09:30:20,14450.0,2000,Buy,232005381
2024-08-16 09:30:20,14450.0,600,Buy,232005380
2024-08-16 09:30:20,14450.0,1500,Buy,232005383
2024-08-16 09:30:20,14450.0,400,Buy,232005375
2024-08-16 09:30:26,14450.0,100,Buy,232005458
2024-08-16 09:31:33,14400.0,700,Sell,232006470
2024-08-16 09:31:33,14400.0,100,Sell,232006471
2024-08-16 09:31:33,14400.0,500,Sell,232006472
2024-08-16 09:31:33,14400.0,500,Sell,232006473
2024-08-16 09:31:33,14400.0,100,Sell,232006474
2024-08-16 09:31:33,14400.0,1100,Sell,232006475
2024-08-16 09:31:33,14400.0,100,Sell,232006476
2024-08-16 09:31:33,14400.0,100,Sell,232006477
2024-08-16 09:32:00,14450.0,100,Buy,232006871
2024-08-16 09:32:04,14400.0,1400,Sell,232006912
2024-08-16 09:32:04,14400.0,600,Sell,232006913
2024-08-16 09:32:04,14400.0,100,Sell,232006910
2024-08-16 09:32:04,14400.0,7500,Sell,232006909
2024-08-16 09:32:04,14400.0,400,Sell,232006908
2024-08-16 09:32:04,14400.0,5000,Sell,232006911
2024-08-16 09:32:16,14400.0,200,Sell,232007075
2024-08-16 09:32:22,14400.0,700,Sell,232007301
2024-08-16 09:32:22,14400.0,300,Sell,232007302
2024-08-16 09:32:22,14400.0,100,Sell,232007303
2024-08-16 09:32:25,14400.0,400,Sell,232007391
2024-08-16 09:32:25,14400.0,500,Sell,232007392
2024-08-16 09:32:25,14400.0,200,Sell,232007393
2024-08-16 09:32:25,14400.0,800,Sell,232007394
2024-08-16 09:32:25,14400.0,1000,Sell,232007399
2024-08-16 09:32:33,14400.0,2000,Sell,232007471
2024-08-16 09:33:00,14400.0,2000,Sell,232008027
2024-08-16 09:33:02,14400.0,1000,Sell,232008100
2024-08-16 09:33:08,14400.0,1000,Sell,232008241
2024-08-16 09:33:14,14400.0,2100,Sell,232008343
2024-08-16 09:33:14,14400.0,2000,Sell,232008342
2024-08-16 09:33:14,14400.0,300,Sell,232008341
2024-08-16 09:33:14,14400.0,5000,Sell,232008337
2024-08-16 09:33:14,14400.0,400,Sell,232008340
2024-08-16 09:33:14,14400.0,500,Sell,232008339
2024-08-16 09:33:14,14400.0,1000,Sell,232008338
2024-08-16 09:33:14,14400.0,2200,Sell,232008336
2024-08-16 09:33:14,14400.0,400,Sell,232008330
2024-08-16 09:33:14,14400.0,2500,Sell,232008334
2024-08-16 09:33:14,14400.0,100,Sell,232008333
2024-08-16 09:33:14,14400.0,100,Sell,232008332
2024-08-16 09:33:14,14400.0,100,Sell,232008331
2024-08-16 09:33:14,14400.0,12400,Sell,232008329
2024-08-16 09:33:14,14400.0,100,Sell,232008328
2024-08-16 09:33:14,14400.0,200,Sell,232008327
2024-08-16 09:33:14,14400.0,200,Sell,232008335
2024-08-16 09:33:28,14400.0,100,Sell,232008621
2024-08-16 09:33:28,14400.0,100,Sell,232008624
2024-08-16 09:33:28,14400.0,700,Sell,232008623
2024-08-16 09:33:28,14400.0,100,Sell,232008622
2024-08-16 09:33:28,14400.0,300,Sell,232008620
2024-08-16 09:33:28,14400.0,100,Sell,232008619
2024-08-16 09:33:28,14400.0,200,Sell,232008618
2024-08-16 09:33:28,14400.0,200,Sell,232008614
2024-08-16 09:33:28,14400.0,100,Sell,232008615
2024-08-16 09:33:28,14400.0,2900,Sell,232008613
2024-08-16 09:33:28,14400.0,100,Sell,232008617
2024-08-16 09:33:28,14400.0,100,Sell,232008616
2024-08-16 09:33:31,14400.0,300,Sell,232008705
2024-08-16 09:33:47,14400.0,100,Sell,232008981
2024-08-16 09:33:54,14400.0,300,Sell,232009068
2024-08-16 09:34:03,14400.0,300,Sell,232009201
2024-08-16 09:34:04,14450.0,100,Buy,232009249
2024-08-16 09:34:14,14400.0,100,Sell,232009561
2024-08-16 09:34:17,14450.0,200,Buy,232009652
2024-08-16 09:34:30,14400.0,200,Sell,232009904
2024-08-16 09:35:02,14400.0,1500,Sell,232010658
2024-08-16 09:35:37,14450.0,500,Buy,232011479
2024-08-16 09:36:04,14400.0,200,Sell,232012189
2024-08-16 09:36:04,14400.0,500,Sell,232012188
2024-08-16 09:36:04,14400.0,1000,Sell,232012187
2024-08-16 09:36:04,14400.0,100,Sell,232012186
2024-08-16 09:36:04,14400.0,1000,Sell,232012185
2024-08-16 09:36:04,14400.0,1000,Sell,232012184
2024-08-16 09:36:04,14400.0,100,Sell,232012183
2024-08-16 09:36:04,14400.0,1000,Sell,232012181
2024-08-16 09:36:04,14400.0,100,Sell,232012180
2024-08-16 09:36:04,14400.0,300,Sell,232012179
2024-08-16 09:36:04,14400.0,100,Sell,232012178
2024-08-16 09:36:04,14400.0,500,Sell,232012177
2024-08-16 09:36:04,14400.0,2100,Sell,232012176
2024-08-16 09:36:04,14400.0,2000,Sell,232012182
2024-08-16 09:36:20,14450.0,1000,Buy,232012578
2024-08-16 09:36:34,14450.0,3000,Buy,232012909
2024-08-16 09:36:45,14450.0,500,Buy,232013180
2024-08-16 09:36:45,14450.0,1000,Buy,232013181
2024-08-16 09:36:45,14450.0,1500,Buy,232013182
2024-08-16 09:36:59,14450.0,100,Buy,232013552
2024-08-16 09:37:27,14450.0,500,Buy,232014387
2024-08-16 09:37:44,14450.0,1000,Buy,232014876
2024-08-16 09:37:45,14400.0,100,Sell,232014894
2024-08-16 09:37:45,14400.0,400,Sell,232014892
2024-08-16 09:37:45,14400.0,500,Sell,232014893
2024-08-16 09:38:11,14400.0,400,Sell,232015756
2024-08-16 09:38:41,14400.0,100,Sell,232016734
2024-08-16 09:38:42,14400.0,1000,Sell,232016758
2024-08-16 09:39:00,14400.0,400,Sell,232017425
2024-08-16 09:39:03,14400.0,1000,Sell,232017581
2024-08-16 09:39:41,14400.0,1100,Sell,232019249
2024-08-16 09:39:48,14400.0,3400,Sell,232019778
2024-08-16 09:39:48,14400.0,200,Sell,232019779
2024-08-16 09:40:01,14400.0,100,Sell,232020346
2024-08-16 09:40:07,14400.0,500,Sell,232020585
2024-08-16 09:40:37,14400.0,100,Sell,232022139
2024-08-16 09:40:45,14450.0,1900,Buy,232022583
2024-08-16 09:40:45,14450.0,200,Buy,232022584
2024-08-16 09:40:45,14450.0,1000,Buy,232022585
2024-08-16 09:40:45,14450.0,900,Buy,232022586
2024-08-16 09:40:49,14450.0,200,Buy,232022807
2024-08-16 09:40:49,14450.0,1000,Buy,232022806
2024-08-16 09:40:49,14450.0,300,Buy,232022803
2024-08-16 09:40:49,14450.0,900,Buy,232022804
2024-08-16 09:40:49,14450.0,100,Buy,232022802
2024-08-16 09:40:49,14450.0,500,Buy,232022805
2024-08-16 09:40:55,14450.0,1100,Buy,232023115
2024-08-16 09:40:55,14450.0,500,Buy,232023126
2024-08-16 09:40:55,14450.0,3500,Buy,232023127
2024-08-16 09:40:56,14450.0,400,Buy,232023190
2024-08-16 09:40:57,14450.0,600,Buy,232023272
2024-08-16 09:41:03,14450.0,2000,Buy,232023502
2024-08-16 09:41:04,14450.0,100,Buy,232023528
2024-08-16 09:41:09,14450.0,2000,Buy,232023738
2024-08-16 09:41:10,14450.0,100,Buy,232023763
2024-08-16 09:41:12,14450.0,4200,Buy,232023838
2024-08-16 09:41:12,14450.0,2000,Buy,232023837
2024-08-16 09:41:12,14450.0,1000,Buy,232023836
2024-08-16 09:41:12,14450.0,200,Buy,232023835
2024-08-16 09:41:12,14450.0,100,Buy,232023834
2024-08-16 09:41:12,14450.0,600,Buy,232023832
2024-08-16 09:41:12,14450.0,1300,Buy,232023830
2024-08-16 09:41:12,14450.0,500,Buy,232023833
2024-08-16 09:41:12,14450.0,100,Buy,232023831
2024-08-16 09:41:13,14450.0,300,Buy,232023886
2024-08-16 09:41:15,14450.0,400,Buy,232023936
2024-08-16 09:41:21,14450.0,100,Buy,232024225
2024-08-16 09:41:25,14450.0,5000,Buy,232024387
2024-08-16 09:41:27,14450.0,100,Buy,232024444
2024-08-16 09:41:32,14450.0,200,Buy,232024651
2024-08-16 09:41:37,14450.0,200,Buy,232024886
2024-08-16 09:41:37,14450.0,100,Buy,232024887
2024-08-16 09:41:37,14450.0,4700,Buy,232024888
2024-08-16 09:41:41,14450.0,300,Buy,232025052
2024-08-16 09:41:41,14450.0,100,Buy,232025051
2024-08-16 09:41:41,14450.0,5500,Buy,232025054
2024-08-16 09:41:41,14450.0,100,Buy,232025049
2024-08-16 09:41:41,14450.0,10000,Buy,232025050
2024-08-16 09:41:41,14450.0,500,Buy,232025053
2024-08-16 09:41:41,14450.0,3500,Buy,232025048
2024-08-16 09:41:42,14450.0,6300,Buy,232025092
2024-08-16 09:41:44,14450.0,100,Buy,232025224
2024-08-16 09:41:45,14450.0,10000,Buy,232025276
2024-08-16 09:41:46,14450.0,5000,Buy,232025317
2024-08-16 09:41:48,14450.0,1000,Buy,232025386
2024-08-16 09:41:49,14450.0,1000,Buy,232025416
2024-08-16 09:41:49,14450.0,100,Buy,232025433
2024-08-16 09:41:55,14450.0,1000,Buy,232025573
2024-08-16 09:41:59,14450.0,1000,Buy,232025733
2024-08-16 09:42:00,14450.0,100,Buy,232025758
2024-08-16 09:42:00,14450.0,500,Buy,232025822
2024-08-16 09:42:02,14450.0,2000,Buy,232025876
2024-08-16 09:42:03,14450.0,500,Buy,232025965
2024-08-16 09:42:03,14450.0,200,Buy,232025970
2024-08-16 09:42:04,14450.0,600,Buy,232026026
2024-08-16 09:42:04,14450.0,800,Buy,232026024
2024-08-16 09:42:04,14450.0,500,Buy,232026009
2024-08-16 09:42:04,14450.0,4400,Buy,232026025
2024-08-16 09:42:05,14450.0,200,Buy,232026096
2024-08-16 09:42:06,14450.0,100,Buy,232026105
2024-08-16 09:42:06,14450.0,100,Buy,232026117
2024-08-16 09:42:06,14450.0,500,Buy,232026118
2024-08-16 09:42:06,14450.0,100,Buy,232026119
2024-08-16 09:42:06,14450.0,100,Buy,232026120
2024-08-16 09:42:06,14450.0,1200,Buy,232026121
2024-08-16 09:42:07,14450.0,1000,Buy,232026166
2024-08-16 09:42:10,14450.0,100,Buy,232026248
2024-08-16 09:42:12,14450.0,100,Buy,232026418
2024-08-16 09:42:12,14450.0,2000,Buy,232026417
2024-08-16 09:42:12,14450.0,1000,Buy,232026416
2024-08-16 09:42:12,14450.0,100,Buy,232026415
2024-08-16 09:42:12,14450.0,2000,Buy,232026414
2024-08-16 09:42:12,14450.0,300,Buy,232026412
2024-08-16 09:42:12,14450.0,4200,Buy,232026413
2024-08-16 09:42:12,14450.0,600,Buy,232026419
2024-08-16 09:42:12,14450.0,2800,Buy,232026411
2024-08-16 09:42:12,14450.0,1000,Buy,232026407
2024-08-16 09:42:12,14450.0,100,Buy,232026409
2024-08-16 09:42:12,14450.0,200,Buy,232026408
2024-08-16 09:42:12,14450.0,300,Buy,232026406
2024-08-16 09:42:12,14450.0,200,Buy,232026405
2024-08-16 09:42:12,14450.0,1000,Buy,232026404
2024-08-16 09:42:12,14450.0,1000,Buy,232026403
2024-08-16 09:42:12,14450.0,300,Buy,232026402
2024-08-16 09:42:12,14450.0,2700,Buy,232026401
2024-08-16 09:42:12,14450.0,100,Buy,232026410
2024-08-16 09:42:13,14450.0,200,Buy,232026433
2024-08-16 09:42:15,14450.0,100,Buy,232026584
2024-08-16 09:42:15,14450.0,100,Buy,232026587
2024-08-16 09:42:16,14450.0,500,Buy,232026631
2024-08-16 09:42:16,14450.0,300,Buy,232026622
2024-08-16 09:42:17,14450.0,1000,Buy,232026655
2024-08-16 09:42:17,14450.0,2200,Buy,232026656
2024-08-16 09:42:19,14450.0,100,Buy,232026723
2024-08-16 09:42:21,14450.0,1000,Buy,232026841
2024-08-16 09:42:22,14450.0,2000,Buy,232026865
2024-08-16 09:42:23,14450.0,2900,Buy,232026898
2024-08-16 09:42:23,14450.0,200,Buy,232026899
2024-08-16 09:42:23,14450.0,900,Buy,232026900
2024-08-16 09:42:24,14450.0,1000,Buy,232027025
2024-08-16 09:42:26,14450.0,1000,Buy,232027085
2024-08-16 09:42:28,14450.0,500,Buy,232027220
2024-08-16 09:42:28,14450.0,100,Buy,232027167
2024-08-16 09:42:28,14450.0,100,Buy,232027166
2024-08-16 09:42:28,14450.0,5300,Buy,232027168
2024-08-16 09:42:28,14450.0,4000,Buy,232027164
2024-08-16 09:42:28,14450.0,100,Buy,232027163
2024-08-16 09:42:28,14450.0,100,Buy,232027162
2024-08-16 09:42:28,14450.0,300,Buy,232027165
2024-08-16 09:42:29,14450.0,4000,Buy,232027243
2024-08-16 09:42:29,14450.0,200,Buy,232027305
2024-08-16 09:42:29,14450.0,300,Buy,232027306
2024-08-16 09:42:30,14450.0,100,Buy,232027344
2024-08-16 09:42:33,14450.0,100,Buy,232027451
2024-08-16 09:42:34,14450.0,500,Buy,232027482
2024-08-16 09:42:34,14450.0,4500,Buy,232027483
2024-08-16 09:42:35,14450.0,100,Buy,232027510
2024-08-16 09:42:35,14450.0,400,Buy,232027513
2024-08-16 09:42:35,14450.0,3000,Buy,232027512
2024-08-16 09:42:35,14450.0,100,Buy,232027511
2024-08-16 09:42:35,14450.0,100,Buy,232027509
2024-08-16 09:42:35,14450.0,400,Buy,232027515
2024-08-16 09:42:35,14450.0,1000,Buy,232027507
2024-08-16 09:42:35,14450.0,1000,Buy,232027508
2024-08-16 09:42:35,14450.0,500,Buy,232027503
2024-08-16 09:42:35,14450.0,500,Buy,232027514
2024-08-16 09:42:35,14450.0,300,Buy,232027506
2024-08-16 09:42:35,14450.0,100,Buy,232027505
2024-08-16 09:42:35,14450.0,1000,Buy,232027504
2024-08-16 09:42:46,14450.0,4500,Sell,232027947
2024-08-16 09:43:05,14450.0,500,Sell,232028742
2024-08-16 09:43:05,14450.0,1000,Sell,232028741
2024-08-16 09:43:05,14450.0,2000,Sell,232028740
2024-08-16 09:43:05,14450.0,1000,Sell,232028739
2024-08-16 09:43:05,14450.0,300,Sell,232028738
2024-08-16 09:43:05,14450.0,2000,Sell,232028737
2024-08-16 09:43:05,14450.0,100,Sell,232028735
2024-08-16 09:43:05,14450.0,4000,Sell,232028734
2024-08-16 09:43:05,14450.0,2000,Sell,232028733
2024-08-16 09:43:05,14450.0,100,Sell,232028732
2024-08-16 09:43:05,14450.0,2000,Sell,232028736
2024-08-16 09:43:19,14450.0,100,Sell,232029248
2024-08-16 09:43:21,14450.0,3000,Sell,232029373
2024-08-16 09:43:21,14450.0,400,Sell,232029351
2024-08-16 09:43:21,14450.0,600,Sell,232029350
2024-08-16 09:43:21,14450.0,1000,Sell,232029352
2024-08-16 09:43:24,14450.0,100,Buy,232029493
2024-08-16 09:43:36,14450.0,29000,Buy,232030020
2024-08-16 09:43:40,14450.0,500,Buy,232030215
2024-08-16 09:43:42,14450.0,300,Buy,232030359
2024-08-16 09:43:44,14450.0,100,Buy,232030399
2024-08-16 09:43:45,14450.0,2000,Buy,232030460
2024-08-16 09:43:48,14450.0,3000,Buy,232030546
2024-08-16 09:43:48,14450.0,100,Buy,232030578
2024-08-16 09:43:49,14450.0,1000,Buy,232030602
2024-08-16 09:43:51,14450.0,2000,Buy,232030712
2024-08-16 09:43:58,14450.0,200,Buy,232030962
2024-08-16 09:44:04,14450.0,2000,Buy,232031170
2024-08-16 09:44:07,14450.0,100,Buy,232031246
2024-08-16 09:44:11,14400.0,100,Sell,232031379
2024-08-16 09:44:15,14450.0,1400,Buy,232031498
2024-08-16 09:44:45,14450.0,500,Buy,232032655
2024-08-16 09:44:47,14450.0,100,Buy,232032717
2024-08-16 09:44:55,14400.0,100,Sell,232032912
2024-08-16 09:44:57,14450.0,2000,Buy,232032985
2024-08-16 09:45:00,14450.0,100,Buy,232033077
2024-08-16 09:45:05,14450.0,500,Buy,232033251
2024-08-16 09:45:11,14450.0,2000,Buy,232033437
2024-08-16 09:45:18,14450.0,400,Buy,232033697
2024-08-16 09:45:19,14450.0,500,Buy,232033732
2024-08-16 09:45:24,14450.0,100,Buy,232033853
2024-08-16 09:45:30,14450.0,3000,Buy,232034024
2024-08-16 09:45:44,14450.0,7000,Buy,232034412
2024-08-16 09:45:44,14450.0,2300,Buy,232034414
2024-08-16 09:45:44,14450.0,700,Buy,232034415
2024-08-16 09:45:44,14450.0,500,Buy,232034413
2024-08-16 09:45:46,14450.0,100,Buy,232034441
2024-08-16 09:45:51,14450.0,100,Buy,232034562
2024-08-16 09:45:54,14450.0,2000,Buy,232034623
2024-08-16 09:46:00,14450.0,100,Buy,232034802
2024-08-16 09:46:00,14450.0,2000,Buy,232034789
2024-08-16 09:46:03,14450.0,500,Buy,232034875
2024-08-16 09:46:04,14450.0,200,Buy,232034903
2024-08-16 09:46:11,14450.0,1000,Buy,232035057
2024-08-16 09:46:11,14450.0,2500,Buy,232035058
2024-08-16 09:46:11,14450.0,1500,Buy,232035059
2024-08-16 09:46:21,14450.0,100,Buy,232035282
2024-08-16 09:46:23,14450.0,200,Buy,232035339
2024-08-16 09:46:24,14450.0,1200,Buy,232035395
2024-08-16 09:46:24,14450.0,4800,Buy,232035396
2024-08-16 09:46:25,14450.0,1000,Buy,232035404
2024-08-16 09:46:30,14450.0,500,Buy,232035553
2024-08-16 09:46:32,14450.0,200,Buy,232035613
2024-08-16 09:46:33,14450.0,2000,Buy,232035635
2024-08-16 09:46:37,14450.0,2600,Buy,232035726
2024-08-16 09:46:43,14450.0,400,Buy,232035929
2024-08-16 09:46:43,14450.0,1000,Buy,232035928
2024-08-16 09:46:43,14450.0,200,Buy,232035926
2024-08-16 09:46:43,14450.0,200,Buy,232035927
2024-08-16 09:46:43,14450.0,5000,Buy,232035924
2024-08-16 09:46:43,14450.0,3400,Buy,232035922
2024-08-16 09:46:43,14450.0,300,Buy,232035925
2024-08-16 09:46:43,14450.0,100,Buy,232035923
2024-08-16 09:46:46,14450.0,1600,Buy,232035979
2024-08-16 09:46:50,14450.0,1400,Sell,232036083
2024-08-16 09:46:50,14450.0,100,Sell,232036084
2024-08-16 09:46:51,14450.0,2000,Buy,232036128
2024-08-16 09:46:57,14450.0,3600,Buy,232036255
2024-08-16 09:46:58,14450.0,4900,Buy,232036275
2024-08-16 09:46:58,14450.0,100,Buy,232036276
2024-08-16 09:47:16,14450.0,300,Buy,232036739
2024-08-16 09:47:24,14450.0,200,Buy,232036922
2024-08-16 09:47:36,14450.0,400,Buy,232037205
2024-08-16 09:47:36,14450.0,600,Buy,232037206
2024-08-16 09:47:38,14450.0,100,Buy,232037239
2024-08-16 09:47:40,14450.0,100,Buy,232037278
2024-08-16 09:47:41,14450.0,300,Buy,232037305
2024-08-16 09:47:41,14450.0,300,Buy,232037304
2024-08-16 09:48:12,14450.0,1000,Sell,232038118
2024-08-16 09:48:15,14500.0,100,Buy,232038167
2024-08-16 09:48:15,14500.0,100,Buy,232038168
2024-08-16 09:48:15,14500.0,100,Buy,232038169
2024-08-16 09:48:15,14500.0,500,Buy,232038166
2024-08-16 09:48:18,14450.0,300,Sell,232038228
2024-08-16 09:48:47,14450.0,100,Sell,232038972
2024-08-16 09:48:47,14450.0,500,Sell,232038973
2024-08-16 09:48:47,14450.0,400,Sell,232038974
2024-08-16 09:49:03,14500.0,200,Buy,232039297
2024-08-16 09:49:07,14500.0,500,Buy,232039408
2024-08-16 09:49:12,14500.0,100,Buy,232039518
2024-08-16 09:49:13,14500.0,1000,Buy,232039560
2024-08-16 09:49:13,14500.0,2900,Buy,232039564
2024-08-16 09:49:13,14500.0,500,Buy,232039563
2024-08-16 09:49:13,14500.0,100,Buy,232039562
2024-08-16 09:49:13,14500.0,1000,Buy,232039561
2024-08-16 09:49:13,14500.0,100,Buy,232039559
2024-08-16 09:49:13,14500.0,100,Buy,232039557
2024-08-16 09:49:13,14500.0,100,Buy,232039558
2024-08-16 09:49:13,14500.0,100,Buy,232039552
2024-08-16 09:49:13,14500.0,2000,Buy,232039553
2024-08-16 09:49:13,14500.0,100,Buy,232039551
2024-08-16 09:49:13,14500.0,10000,Buy,232039555
2024-08-16 09:49:13,14500.0,1000,Buy,232039554
2024-08-16 09:49:13,14500.0,1000,Buy,232039556
2024-08-16 09:49:26,14500.0,400,Buy,232039909
2024-08-16 09:49:27,14450.0,600,Sell,232039998
2024-08-16 09:49:27,14450.0,1400,Sell,232039999
2024-08-16 09:49:31,14500.0,300,Buy,232040050
2024-08-16 09:49:34,14500.0,500,Buy,232040092
2024-08-16 09:49:43,14500.0,3700,Buy,232040348
2024-08-16 09:49:52,14450.0,100,Sell,232040575
2024-08-16 09:49:52,14450.0,100,Sell,232040576
2024-08-16 09:49:52,14450.0,300,Sell,232040577
2024-08-16 09:49:55,14500.0,100,Buy,232040666
2024-08-16 09:50:04,14450.0,400,Sell,232040858
2024-08-16 09:50:26,14500.0,200,Buy,232041432
2024-08-16 09:50:36,14500.0,100,Buy,232041682
2024-08-16 09:50:37,14500.0,100,Buy,232041706
2024-08-16 09:50:46,14500.0,1000,Buy,232041929
2024-08-16 09:50:57,14450.0,100,Sell,232042169
2024-08-16 09:51:16,14500.0,2000,Buy,232042597
2024-08-16 09:51:29,14500.0,100,Buy,232042897
2024-08-16 09:51:37,14500.0,1000,Buy,232043054
2024-08-16 09:52:06,14500.0,100,Buy,232043771
2024-08-16 09:52:25,14500.0,2500,Buy,232044168
2024-08-16 09:52:25,14500.0,100,Buy,232044169
2024-08-16 09:52:25,14500.0,6000,Buy,232044170
2024-08-16 09:52:25,14500.0,1000,Buy,232044171
2024-08-16 09:52:25,14500.0,400,Buy,232044172
2024-08-16 09:52:27,14500.0,100,Buy,232044281
2024-08-16 09:52:29,14500.0,2500,Buy,232044374
2024-08-16 09:52:29,14500.0,4500,Buy,232044373
2024-08-16 09:52:32,14450.0,1000,Sell,232044423
2024-08-16 09:52:40,14500.0,200,Buy,232044676
2024-08-16 09:52:40,14500.0,5000,Buy,232044677
2024-08-16 09:52:40,14500.0,100,Buy,232044678
2024-08-16 09:52:40,14500.0,6300,Buy,232044679
2024-08-16 09:52:40,14500.0,200,Buy,232044680
2024-08-16 09:52:40,14500.0,2000,Buy,232044682
2024-08-16 09:52:40,14500.0,100,Buy,232044684
2024-08-16 09:52:40,14500.0,1000,Buy,232044685
2024-08-16 09:52:40,14500.0,100,Buy,232044686
2024-08-16 09:52:40,14500.0,300,Buy,232044687
2024-08-16 09:52:40,14500.0,100,Buy,232044688
2024-08-16 09:52:40,14500.0,100,Buy,232044689
2024-08-16 09:52:40,14500.0,400,Buy,232044690
2024-08-16 09:52:40,14500.0,1000,Buy,232044691
2024-08-16 09:52:40,14500.0,2000,Buy,232044692
2024-08-16 09:52:40,14500.0,10000,Buy,232044693
2024-08-16 09:52:40,14500.0,2000,Buy,232044694
2024-08-16 09:52:40,14500.0,5000,Buy,232044695
2024-08-16 09:52:40,14500.0,100,Buy,232044696
2024-08-16 09:52:40,14500.0,10000,Buy,232044697
2024-08-16 09:52:40,14500.0,100,Buy,232044698
2024-08-16 09:52:40,14500.0,500,Buy,232044699
2024-08-16 09:52:40,14500.0,200,Buy,232044700
2024-08-16 09:52:40,14500.0,100,Buy,232044701
2024-08-16 09:52:40,14500.0,500,Buy,232044702
2024-08-16 09:52:40,14500.0,700,Buy,232044703
2024-08-16 09:52:40,14500.0,300,Buy,232044675
2024-08-16 09:52:40,14500.0,500,Buy,232044674
2024-08-16 09:52:40,14500.0,100,Buy,232044683
2024-08-16 09:52:40,14500.0,200,Buy,232044672
2024-08-16 09:52:40,14500.0,500,Buy,232044673
2024-08-16 09:52:40,14500.0,2500,Buy,232044644
2024-08-16 09:52:40,14500.0,100,Buy,232044645
2024-08-16 09:52:40,14500.0,400,Buy,232044646
2024-08-16 09:52:40,14500.0,100,Buy,232044647
2024-08-16 09:52:40,14500.0,200,Buy,232044648
2024-08-16 09:52:40,14500.0,2000,Buy,232044649
2024-08-16 09:52:40,14500.0,200,Buy,232044650
2024-08-16 09:52:40,14500.0,100,Buy,232044651
2024-08-16 09:52:40,14500.0,2000,Buy,232044652
2024-08-16 09:52:40,14500.0,1000,Buy,232044653
2024-08-16 09:52:40,14500.0,800,Buy,232044654
2024-08-16 09:52:40,14500.0,200,Buy,232044655
2024-08-16 09:52:40,14500.0,200,Buy,232044656
2024-08-16 09:52:40,14500.0,500,Buy,232044657
2024-08-16 09:52:40,14500.0,100,Buy,232044681
2024-08-16 09:52:40,14500.0,200,Buy,232044659
2024-08-16 09:52:40,14500.0,22000,Buy,232044671
2024-08-16 09:52:40,14500.0,3000,Buy,232044669
2024-08-16 09:52:40,14500.0,100,Buy,232044668
2024-08-16 09:52:40,14500.0,500,Buy,232044667
2024-08-16 09:52:40,14500.0,200,Buy,232044666
2024-08-16 09:52:40,14500.0,200,Buy,232044658
2024-08-16 09:52:40,14500.0,3000,Buy,232044670
2024-08-16 09:52:40,14500.0,10000,Buy,232044664
2024-08-16 09:52:40,14500.0,100,Buy,232044663
2024-08-16 09:52:40,14500.0,1000,Buy,232044662
2024-08-16 09:52:40,14500.0,5000,Buy,232044661
2024-08-16 09:52:40,14500.0,100,Buy,232044660
2024-08-16 09:52:40,14500.0,1000,Buy,232044665
2024-08-16 09:52:50,14500.0,200,Buy,232044923
2024-08-16 09:52:50,14500.0,100,Buy,232044927
2024-08-16 09:52:52,14500.0,100,Buy,232044959
2024-08-16 09:52:58,14500.0,200,Buy,232045132
2024-08-16 09:53:01,14500.0,500,Buy,232045233
2024-08-16 09:53:01,14500.0,100,Buy,232045232
2024-08-16 09:53:03,14500.0,100,Buy,232045277
2024-08-16 09:53:03,14500.0,100,Buy,232045278
2024-08-16 09:53:07,14500.0,200,Buy,232045359
2024-08-16 09:53:07,14500.0,4800,Buy,232045360
2024-08-16 09:53:12,14500.0,700,Buy,232045478
2024-08-16 09:53:12,14500.0,200,Buy,232045476
2024-08-16 09:53:12,14500.0,1100,Buy,232045477
2024-08-16 09:53:25,14500.0,300,Buy,232045783
2024-08-16 09:53:45,14450.0,600,Sell,232046324
2024-08-16 09:53:45,14500.0,100,Buy,232046327
2024-08-16 09:53:56,14450.0,100,Sell,232046635
2024-08-16 09:53:58,14500.0,2600,Buy,232046678
2024-08-16 09:53:58,14500.0,300,Buy,232046677
2024-08-16 09:53:58,14500.0,100,Buy,232046676
2024-08-16 09:54:04,14500.0,2400,Buy,232046854
2024-08-16 09:54:04,14500.0,9100,Buy,232046881
2024-08-16 09:54:04,14500.0,100,Buy,232046877
2024-08-16 09:54:04,14500.0,500,Buy,232046876
2024-08-16 09:54:04,14500.0,100,Buy,232046875
2024-08-16 09:54:04,14500.0,100,Buy,232046874
2024-08-16 09:54:04,14500.0,100,Buy,232046873
2024-08-16 09:54:04,14500.0,200,Buy,232046872
2024-08-16 09:54:04,14500.0,1000,Buy,232046871
2024-08-16 09:54:04,14500.0,1000,Buy,232046870
2024-08-16 09:54:04,14500.0,1000,Buy,232046868
2024-08-16 09:54:04,14500.0,200,Buy,232046867
2024-08-16 09:54:04,14500.0,2000,Buy,232046869
2024-08-16 09:54:04,14500.0,100,Buy,232046864
2024-08-16 09:54:04,14500.0,1000,Buy,232046855
2024-08-16 09:54:04,14500.0,400,Buy,232046856
2024-08-16 09:54:04,14500.0,100,Buy,232046866
2024-08-16 09:54:04,14500.0,500,Buy,232046858
2024-08-16 09:54:04,14500.0,100,Buy,232046859
2024-08-16 09:54:04,14500.0,100,Buy,232046857
2024-08-16 09:54:04,14500.0,1000,Buy,232046861
2024-08-16 09:54:04,14500.0,100,Buy,232046862
2024-08-16 09:54:04,14500.0,2000,Buy,232046863
2024-08-16 09:54:04,14500.0,400,Buy,232046860
2024-08-16 09:54:04,14500.0,200,Buy,232046865
2024-08-16 09:54:13,14500.0,1000,Sell,232047145
2024-08-16 09:54:16,14500.0,1000,Sell,232047188
2024-08-16 09:54:20,14500.0,1100,Sell,232047283
2024-08-16 09:54:21,14500.0,500,Sell,232047299
2024-08-16 09:54:21,14500.0,3100,Sell,232047298
2024-08-16 09:54:30,14500.0,1000,Buy,232047545
2024-08-16 09:54:36,14500.0,300,Buy,232047685
2024-08-16 09:54:45,14500.0,2000,Buy,232047898
2024-08-16 09:54:46,14500.0,2000,Buy,232047944
2024-08-16 09:54:51,14500.0,2000,Buy,232048085
2024-08-16 09:54:53,14500.0,300,Buy,232048121
2024-08-16 09:54:55,14500.0,200,Buy,232048167
2024-08-16 09:55:03,14500.0,2000,Buy,232048390
2024-08-16 09:55:11,14500.0,200,Buy,232048617
2024-08-16 09:55:14,14500.0,100,Buy,232048701
2024-08-16 09:55:20,14500.0,1300,Buy,232048793
2024-08-16 09:55:20,14500.0,200,Buy,232048794
2024-08-16 09:55:20,14500.0,100,Buy,232048795
2024-08-16 09:55:20,14500.0,300,Buy,232048796
2024-08-16 09:55:20,14500.0,100,Buy,232048797
2024-08-16 09:55:27,14500.0,100,Buy,232048964
2024-08-16 09:55:27,14500.0,100,Buy,232048965
2024-08-16 09:55:27,14500.0,1000,Buy,232048962
2024-08-16 09:55:27,14500.0,300,Buy,232048963
2024-08-16 09:55:27,14500.0,100,Buy,232048961
2024-08-16 09:55:31,14500.0,500,Sell,232049060
2024-08-16 09:55:32,14500.0,500,Sell,232049072
2024-08-16 09:55:37,14500.0,1000,Sell,232049153
2024-08-16 09:55:40,14550.0,100,Buy,232049218
2024-08-16 09:55:40,14550.0,400,Buy,232049219
2024-08-16 09:56:13,14500.0,1400,Sell,232049751
2024-08-16 09:56:13,14500.0,100,Sell,232049752
2024-08-16 09:56:13,14500.0,800,Sell,232049753
2024-08-16 09:56:22,14500.0,100,Sell,232049879
2024-08-16 09:56:22,14500.0,100,Sell,232049880
2024-08-16 09:56:29,14500.0,200,Sell,232050050
2024-08-16 09:56:33,14500.0,200,Sell,232050122
2024-08-16 09:56:39,14500.0,100,Sell,232050222
2024-08-16 09:57:17,14500.0,1000,Sell,232050946
2024-08-16 09:57:17,14550.0,100,Buy,232050953
2024-08-16 09:57:17,14500.0,7000,Sell,232050947
2024-08-16 09:57:17,14500.0,100,Sell,232050945
2024-08-16 09:57:17,14500.0,2000,Sell,232050943
2024-08-16 09:57:17,14500.0,400,Sell,232050944
2024-08-16 09:57:17,14500.0,400,Sell,232050942
2024-08-16 09:57:25,14500.0,2000,Sell,232051117
2024-08-16 09:57:25,14500.0,2000,Sell,232051118
2024-08-16 09:57:25,14500.0,1300,Sell,232051119
2024-08-16 09:57:25,14500.0,100,Sell,232051120
2024-08-16 09:57:25,14500.0,500,Sell,232051121
2024-08-16 09:57:25,14500.0,1000,Sell,232051122
2024-08-16 09:57:25,14500.0,2000,Sell,232051124
2024-08-16 09:57:25,14500.0,100,Sell,232051125
2024-08-16 09:57:25,14500.0,500,Sell,232051126
2024-08-16 09:57:25,14500.0,400,Sell,232051123
2024-08-16 09:57:40,14500.0,100,Buy,232051468
2024-08-16 09:58:04,14450.0,100,Sell,232051820
2024-08-16 09:58:07,14500.0,2000,Buy,232051862
2024-08-16 09:58:14,14500.0,2000,Buy,232051973
2024-08-16 09:58:42,14500.0,300,Buy,232052555
2024-08-16 09:58:48,14500.0,100,Buy,232052683
2024-08-16 09:59:18,14500.0,2000,Buy,232053205
2024-08-16 09:59:25,14500.0,500,Buy,232053321
2024-08-16 10:00:03,14500.0,1000,Buy,232054251
2024-08-16 10:00:16,14500.0,5500,Buy,232054607
2024-08-16 10:00:17,14500.0,4600,Buy,232054615
2024-08-16 10:00:17,14500.0,100,Buy,232054616
2024-08-16 10:00:17,14500.0,5000,Buy,232054617
2024-08-16 10:00:17,14500.0,2000,Buy,232054618
2024-08-16 10:00:17,14500.0,500,Buy,232054619
2024-08-16 10:00:17,14500.0,500,Buy,232054620
2024-08-16 10:00:17,14500.0,1000,Buy,232054621
2024-08-16 10:00:17,14500.0,100,Buy,232054622
2024-08-16 10:00:17,14500.0,1200,Buy,232054623
2024-08-16 10:00:34,14500.0,500,Buy,232055040
2024-08-16 10:00:34,14500.0,1000,Buy,232055038
2024-08-16 10:00:34,14500.0,10000,Buy,232055039
2024-08-16 10:00:34,14500.0,1000,Buy,232055036
2024-08-16 10:00:34,14500.0,100,Buy,232055037
2024-08-16 10:00:34,14500.0,6800,Buy,232055035
2024-08-16 10:00:45,14550.0,100,Buy,232055300
2024-08-16 10:01:19,14500.0,500,Sell,232056112
2024-08-16 10:01:33,14500.0,100,Sell,232056385
2024-08-16 10:01:33,14500.0,500,Sell,232056386
2024-08-16 10:01:44,14500.0,1000,Buy,232056554
2024-08-16 10:01:51,14500.0,1500,Buy,232056680
2024-08-16 10:01:58,14500.0,300,Buy,232056816
2024-08-16 10:01:58,14500.0,100,Buy,232056824
2024-08-16 10:02:09,14500.0,6100,Buy,232057103
2024-08-16 10:02:11,14500.0,400,Buy,232057200
2024-08-16 10:02:11,14500.0,100,Buy,232057201
2024-08-16 10:02:16,14500.0,1000,Buy,232057478
2024-08-16 10:02:20,14500.0,1000,Buy,232057531
2024-08-16 10:02:20,14500.0,100,Buy,232057532
2024-08-16 10:02:20,14500.0,400,Buy,232057529
2024-08-16 10:02:20,14500.0,1000,Buy,232057530
2024-08-16 10:02:20,14500.0,100,Buy,232057526
2024-08-16 10:02:28,14500.0,600,Sell,232057871
2024-08-16 10:02:41,14500.0,3000,Sell,232058380
2024-08-16 10:02:43,14500.0,2000,Sell,232058411
2024-08-16 10:02:59,14500.0,10000,Sell,232058783
2024-08-16 10:03:01,14550.0,400,Buy,232058829
2024-08-16 10:03:01,14550.0,600,Buy,232058830
2024-08-16 10:03:05,14500.0,100,Sell,232058895
2024-08-16 10:03:07,14500.0,500,Sell,232058962
2024-08-16 10:03:07,14500.0,200,Sell,232058963
2024-08-16 10:03:07,14500.0,3000,Sell,232058964
2024-08-16 10:03:07,14500.0,100,Sell,232058965
2024-08-16 10:03:07,14500.0,500,Sell,232058966
2024-08-16 10:03:07,14500.0,3800,Sell,232058961
2024-08-16 10:03:24,14500.0,2000,Buy,232059309
2024-08-16 10:03:38,14500.0,500,Buy,232059595
2024-08-16 10:03:38,14500.0,5000,Buy,232059614
2024-08-16 10:03:51,14500.0,400,Buy,232059785
2024-08-16 10:03:52,14500.0,500,Buy,232059808
2024-08-16 10:03:59,14500.0,300,Buy,232059975
2024-08-16 10:04:03,14500.0,4000,Buy,232060088
2024-08-16 10:04:27,14500.0,4200,Buy,232060665
2024-08-16 10:04:27,14500.0,15000,Buy,232060666
2024-08-16 10:04:27,14500.0,800,Buy,232060667
2024-08-16 10:04:27,14500.0,10000,Buy,232060658
2024-08-16 10:04:31,14500.0,300,Buy,232060773
2024-08-16 10:04:34,14500.0,1900,Buy,232060821
2024-08-16 10:04:34,14500.0,500,Buy,232060822
2024-08-16 10:04:34,14500.0,100,Buy,232060824
2024-08-16 10:04:34,14500.0,3000,Buy,232060825
2024-08-16 10:04:34,14500.0,4400,Buy,232060826
2024-08-16 10:04:34,14500.0,100,Buy,232060823
2024-08-16 10:04:37,14500.0,3000,Buy,232060899
2024-08-16 10:04:51,14500.0,100,Buy,232061584
2024-08-16 10:04:52,14500.0,500,Buy,232061588
2024-08-16 10:04:55,14500.0,3000,Buy,232061689
2024-08-16 10:04:55,14500.0,2000,Buy,232061660
2024-08-16 10:05:18,14500.0,100,Buy,232062175
2024-08-16 10:05:24,14500.0,500,Buy,232062371
2024-08-16 10:05:26,14500.0,500,Buy,232062405
2024-08-16 10:05:29,14500.0,100,Buy,232062459
2024-08-16 10:05:36,14500.0,200,Buy,232062571
2024-08-16 10:05:40,14500.0,600,Buy,232062689
2024-08-16 10:05:40,14500.0,400,Buy,232062690
2024-08-16 10:06:06,14500.0,500,Buy,232063275
2024-08-16 10:06:09,14450.0,200,Sell,232063337
2024-08-16 10:06:16,14500.0,100,Buy,232063483
2024-08-16 10:06:24,14500.0,100,Buy,232063679
2024-08-16 10:06:29,14500.0,900,Buy,232063799
2024-08-16 10:06:29,14500.0,400,Buy,232063800
2024-08-16 10:06:29,14500.0,1700,Buy,232063801
2024-08-16 10:06:33,14500.0,100,Buy,232063860
2024-08-16 10:06:34,14500.0,400,Buy,232063882
2024-08-16 10:06:43,14500.0,100,Buy,232064107
2024-08-16 10:06:44,14500.0,2700,Buy,232064125
2024-08-16 10:06:44,14500.0,2300,Buy,232064126
2024-08-16 10:06:45,14500.0,300,Buy,232064217
2024-08-16 10:06:51,14500.0,200,Buy,232064368
2024-08-16 10:06:52,14450.0,200,Sell,232064385
2024-08-16 10:06:52,14450.0,1800,Sell,232064386
2024-08-16 10:06:55,14450.0,300,Sell,232064477
2024-08-16 10:06:59,14500.0,1000,Buy,232064569
2024-08-16 10:07:00,14500.0,200,Buy,232064587
2024-08-16 10:07:00,14500.0,1000,Buy,232064588
2024-08-16 10:07:00,14500.0,8800,Buy,232064589
2024-08-16 10:07:02,14500.0,300,Buy,232064625
2024-08-16 10:07:16,14500.0,500,Buy,232064881
2024-08-16 10:07:16,14500.0,500,Buy,232064882
2024-08-16 10:07:16,14500.0,1000,Buy,232064883
2024-08-16 10:07:16,14500.0,100,Buy,232064884
2024-08-16 10:07:16,14500.0,1000,Buy,232064885
2024-08-16 10:07:16,14500.0,1000,Buy,232064886
2024-08-16 10:07:16,14500.0,900,Buy,232064880
2024-08-16 10:07:27,14500.0,600,Buy,232065194
2024-08-16 10:07:36,14500.0,1000,Buy,232065490
2024-08-16 10:07:37,14500.0,2600,Buy,232065515
2024-08-16 10:07:42,14500.0,500,Buy,232065648
2024-08-16 10:07:45,14500.0,100,Buy,232065788
2024-08-16 10:07:45,14500.0,2600,Buy,232065789
2024-08-16 10:07:45,14500.0,4300,Buy,232065787
2024-08-16 10:07:50,14500.0,4000,Buy,232065878
2024-08-16 10:07:53,14500.0,300,Buy,232065957
2024-08-16 10:07:53,14500.0,3000,Buy,232065967
2024-08-16 10:07:55,14500.0,100,Buy,232065992
2024-08-16 10:07:55,14500.0,100,Buy,232065993
2024-08-16 10:08:02,14500.0,1000,Buy,232066304
2024-08-16 10:08:02,14500.0,300,Buy,232066305
2024-08-16 10:08:02,14500.0,100,Buy,232066306
2024-08-16 10:08:02,14500.0,1700,Buy,232066307
2024-08-16 10:08:02,14500.0,100,Buy,232066308
2024-08-16 10:08:02,14500.0,1800,Buy,232066309
2024-08-16 10:08:03,14500.0,5000,Buy,232066336
2024-08-16 10:08:07,14500.0,5000,Buy,232066436
2024-08-16 10:08:07,14500.0,600,Buy,232066442
2024-08-16 10:08:10,14500.0,500,Buy,232066498
2024-08-16 10:08:13,14500.0,3800,Buy,232066567
2024-08-16 10:08:13,14500.0,600,Buy,232066568
2024-08-16 10:08:13,14500.0,100,Buy,232066569
2024-08-16 10:08:13,14500.0,3300,Buy,232066566
2024-08-16 10:08:19,14500.0,200,Sell,232066710
2024-08-16 10:08:21,14550.0,300,Buy,232066741
2024-08-16 10:08:37,14500.0,100,Sell,232067161
2024-08-16 10:08:37,14500.0,700,Sell,232067177
2024-08-16 10:09:00,14500.0,1100,Sell,232067776
2024-08-16 10:09:17,14500.0,100,Sell,232068492
2024-08-16 10:09:17,14500.0,100,Sell,232068493
2024-08-16 10:09:23,14500.0,100,Sell,232068611
2024-08-16 10:09:33,14500.0,100,Sell,232068918
2024-08-16 10:09:33,14500.0,8400,Sell,232068920
2024-08-16 10:09:33,14500.0,100,Sell,232068919
2024-08-16 10:09:33,14500.0,500,Sell,232068917
2024-08-16 10:09:33,14500.0,300,Sell,232068915
2024-08-16 10:09:33,14500.0,300,Sell,232068914
2024-08-16 10:09:33,14500.0,200,Sell,232068911
2024-08-16 10:09:33,14500.0,100,Sell,232068916
2024-08-16 10:09:40,14500.0,100,Sell,232069107
2024-08-16 10:09:58,14550.0,1000,Buy,232069827
2024-08-16 10:09:59,14500.0,100,Sell,232069835
2024-08-16 10:10:41,14500.0,3000,Sell,232071082
2024-08-16 10:10:52,14500.0,100,Sell,232071514
2024-08-16 10:10:55,14500.0,500,Sell,232071596
2024-08-16 10:11:27,14500.0,100,Sell,232072600
2024-08-16 10:11:37,14500.0,100,Sell,232072996
2024-08-16 10:11:42,14500.0,300,Sell,232073244
2024-08-16 10:11:42,14500.0,14300,Sell,232073247
2024-08-16 10:11:42,14500.0,400,Sell,232073246
2024-08-16 10:11:42,14500.0,500,Sell,232073245
2024-08-16 10:11:42,14500.0,500,Sell,232073243
2024-08-16 10:11:42,14500.0,200,Sell,232073242
2024-08-16 10:11:42,14500.0,200,Sell,232073241
2024-08-16 10:11:42,14500.0,300,Sell,232073237
2024-08-16 10:11:42,14500.0,1000,Sell,232073238
2024-08-16 10:11:42,14500.0,200,Sell,232073236
2024-08-16 10:11:42,14500.0,100,Sell,232073240
2024-08-16 10:11:42,14500.0,2000,Sell,232073239
2024-08-16 10:11:53,14500.0,500,Sell,232073602
2024-08-16 10:11:59,14500.0,500,Sell,232073904
2024-08-16 10:12:31,14550.0,100,Buy,232074852
2024-08-16 10:12:31,14550.0,400,Buy,232074853
2024-08-16 10:12:34,14500.0,6000,Sell,232074903
2024-08-16 10:12:34,14500.0,1000,Sell,232074902
2024-08-16 10:12:34,14500.0,100,Sell,232074900
2024-08-16 10:12:34,14500.0,2000,Sell,232074898
2024-08-16 10:12:34,14500.0,1800,Sell,232074897
2024-08-16 10:12:34,14500.0,500,Sell,232074901
2024-08-16 10:12:34,14500.0,2400,Sell,232074895
2024-08-16 10:12:34,14500.0,1000,Sell,232074896
2024-08-16 10:12:34,14500.0,2700,Sell,232074890
2024-08-16 10:12:34,14500.0,1000,Sell,232074891
2024-08-16 10:12:34,14500.0,200,Sell,232074899
2024-08-16 10:12:34,14500.0,200,Sell,232074893
2024-08-16 10:12:34,14500.0,100,Sell,232074894
2024-08-16 10:12:34,14500.0,1000,Sell,232074892
2024-08-16 10:12:53,14550.0,100,Buy,232075452
2024-08-16 10:12:53,14550.0,300,Buy,232075453
2024-08-16 10:13:03,14550.0,200,Buy,232075800
2024-08-16 10:13:11,14550.0,100,Buy,232076049
2024-08-16 10:13:11,14550.0,400,Buy,232076050
2024-08-16 10:13:11,14550.0,500,Buy,232076048
2024-08-16 10:13:20,14550.0,100,Buy,232076415
2024-08-16 10:13:21,14550.0,4500,Buy,232076481
2024-08-16 10:13:21,14550.0,600,Buy,232076482
2024-08-16 10:13:21,14550.0,2200,Buy,232076483
2024-08-16 10:13:42,14550.0,100,Buy,232077580
2024-08-16 10:14:04,14550.0,500,Buy,232078333
2024-08-16 10:14:15,14550.0,1000,Buy,232078817
2024-08-16 10:15:03,14550.0,100,Buy,232081257
2024-08-16 10:15:06,14550.0,700,Buy,232081417
2024-08-16 10:15:21,14550.0,400,Buy,232082227
2024-08-16 10:15:21,14550.0,1600,Buy,232082228
2024-08-16 10:15:22,14550.0,900,Buy,232082349
2024-08-16 10:15:22,14550.0,1000,Buy,232082348
2024-08-16 10:15:22,14550.0,200,Buy,232082346
2024-08-16 10:15:22,14550.0,1000,Buy,232082345
2024-08-16 10:15:22,14550.0,500,Buy,232082344
2024-08-16 10:15:22,14550.0,500,Buy,232082343
2024-08-16 10:15:22,14550.0,10000,Buy,232082342
2024-08-16 10:15:22,14550.0,200,Buy,232082341
2024-08-16 10:15:22,14550.0,100,Buy,232082347
2024-08-16 10:15:22,14550.0,500,Buy,232082339
2024-08-16 10:15:22,14550.0,300,Buy,232082338
2024-08-16 10:15:22,14550.0,100,Buy,232082337
2024-08-16 10:15:22,14550.0,100,Buy,232082336
2024-08-16 10:15:22,14550.0,200,Buy,232082335
2024-08-16 10:15:22,14550.0,300,Buy,232082334
2024-08-16 10:15:22,14550.0,500,Buy,232082333
2024-08-16 10:15:22,14550.0,900,Buy,232082332
2024-08-16 10:15:22,14550.0,1500,Buy,232082340
2024-08-16 10:15:32,14550.0,1000,Buy,232082787
2024-08-16 10:15:32,14550.0,4800,Buy,232082788
2024-08-16 10:15:32,14550.0,4100,Buy,232082785
2024-08-16 10:15:32,14550.0,100,Buy,232082786
2024-08-16 10:15:34,14550.0,100,Buy,232082876
2024-08-16 10:15:34,14550.0,8800,Buy,232082858
2024-08-16 10:15:34,14550.0,100,Buy,232082857
2024-08-16 10:15:34,14550.0,1000,Buy,232082856
2024-08-16 10:15:34,14550.0,100,Buy,232082855
2024-08-16 10:15:34,14550.0,1000,Buy,232082851
2024-08-16 10:15:34,14550.0,500,Buy,232082854
2024-08-16 10:15:34,14550.0,1000,Buy,232082853
2024-08-16 10:15:34,14550.0,2400,Buy,232082852
2024-08-16 10:15:34,14550.0,500,Buy,232082850
2024-08-16 10:15:34,14550.0,900,Buy,232082844
2024-08-16 10:15:34,14550.0,300,Buy,232082848
2024-08-16 10:15:34,14550.0,2200,Buy,232082839
2024-08-16 10:15:34,14550.0,200,Buy,232082840
2024-08-16 10:15:34,14550.0,100,Buy,232082841
2024-08-16 10:15:34,14550.0,1500,Buy,232082842
2024-08-16 10:15:34,14550.0,1000,Buy,232082849
2024-08-16 10:15:34,14550.0,2800,Buy,232082845
2024-08-16 10:15:34,14550.0,500,Buy,232082846
2024-08-16 10:15:34,14550.0,10000,Buy,232082847
2024-08-16 10:15:34,14550.0,100,Buy,232082843
2024-08-16 10:15:38,14550.0,1000,Buy,232083012
2024-08-16 10:15:38,14550.0,100,Buy,232083011
2024-08-16 10:15:38,14550.0,300,Buy,232083009
2024-08-16 10:15:38,14550.0,1000,Buy,232083008
2024-08-16 10:15:38,14550.0,400,Buy,232083007
2024-08-16 10:15:38,14550.0,100,Buy,232083006
2024-08-16 10:15:38,14550.0,100,Buy,232083005
2024-08-16 10:15:38,14550.0,100,Buy,232083004
2024-08-16 10:15:38,14550.0,1000,Buy,232083003
2024-08-16 10:15:38,14550.0,200,Buy,232083002
2024-08-16 10:15:38,14550.0,5000,Buy,232083001
2024-08-16 10:15:38,14550.0,1000,Buy,232082998
2024-08-16 10:15:38,14550.0,1200,Buy,232083013
2024-08-16 10:15:38,14550.0,200,Buy,232082996
2024-08-16 10:15:38,14550.0,200,Buy,232082997
2024-08-16 10:15:38,14550.0,11100,Buy,232082984
2024-08-16 10:15:38,14550.0,100,Buy,232082985
2024-08-16 10:15:38,14550.0,1000,Buy,232082986
2024-08-16 10:15:38,14550.0,300,Buy,232082987
2024-08-16 10:15:38,14550.0,2000,Buy,232082988
2024-08-16 10:15:38,14550.0,100,Buy,232083010
2024-08-16 10:15:38,14550.0,300,Buy,232082990
2024-08-16 10:15:38,14550.0,500,Buy,232082991
2024-08-16 10:15:38,14550.0,200,Buy,232082992
2024-08-16 10:15:38,14550.0,200,Buy,232082993
2024-08-16 10:15:38,14550.0,100,Buy,232082994
2024-08-16 10:15:38,14550.0,2000,Buy,232082989
2024-08-16 10:15:38,14550.0,200,Buy,232082995
2024-08-16 10:15:40,14550.0,100,Buy,232083122
2024-08-16 10:15:41,14550.0,7400,Buy,232083200
2024-08-16 10:15:41,14550.0,200,Buy,232083199
2024-08-16 10:15:41,14550.0,200,Buy,232083198
2024-08-16 10:15:41,14550.0,1000,Buy,232083197
2024-08-16 10:15:41,14550.0,5000,Buy,232083196
2024-08-16 10:15:41,14550.0,100,Buy,232083194
2024-08-16 10:15:41,14550.0,1000,Buy,232083193
2024-08-16 10:15:41,14550.0,1000,Buy,232083195
2024-08-16 10:15:41,14550.0,200,Buy,232083190
2024-08-16 10:15:41,14550.0,500,Buy,232083192
2024-08-16 10:15:41,14550.0,700,Buy,232083185
2024-08-16 10:15:41,14550.0,100,Buy,232083186
2024-08-16 10:15:41,14550.0,1000,Buy,232083191
2024-08-16 10:15:41,14550.0,100,Buy,232083188
2024-08-16 10:15:41,14550.0,1000,Buy,232083189
2024-08-16 10:15:41,14550.0,500,Buy,232083187
2024-08-16 10:15:43,14550.0,500,Buy,232083365
2024-08-16 10:15:43,14550.0,1200,Buy,232083376
2024-08-16 10:15:43,14550.0,1000,Buy,232083375
2024-08-16 10:15:43,14550.0,1800,Buy,232083373
2024-08-16 10:15:43,14550.0,200,Buy,232083372
2024-08-16 10:15:43,14550.0,1000,Buy,232083371
2024-08-16 10:15:43,14550.0,200,Buy,232083370
2024-08-16 10:15:43,14550.0,200,Buy,232083369
2024-08-16 10:15:43,14550.0,2000,Buy,232083368
2024-08-16 10:15:43,14550.0,100,Buy,232083367
2024-08-16 10:15:43,14550.0,1000,Buy,232083366
2024-08-16 10:15:43,14550.0,1000,Buy,232083374
2024-08-16 10:15:43,14550.0,300,Buy,232083364
2024-08-16 10:15:43,14550.0,300,Buy,232083362
2024-08-16 10:15:43,14550.0,2600,Buy,232083351
2024-08-16 10:15:43,14550.0,100,Buy,232083352
2024-08-16 10:15:43,14550.0,200,Buy,232083353
2024-08-16 10:15:43,14550.0,300,Buy,232083355
2024-08-16 10:15:43,14550.0,100,Buy,232083356
2024-08-16 10:15:43,14550.0,3000,Buy,232083354
2024-08-16 10:15:43,14550.0,1000,Buy,232083358
2024-08-16 10:15:43,14550.0,200,Buy,232083359
2024-08-16 10:15:43,14550.0,1000,Buy,232083360
2024-08-16 10:15:43,14550.0,300,Buy,232083361
2024-08-16 10:15:43,14550.0,400,Buy,232083357
2024-08-16 10:15:43,14550.0,1000,Buy,232083363
2024-08-16 10:15:46,14550.0,1800,Buy,232083527
2024-08-16 10:15:46,14550.0,3200,Buy,232083528
2024-08-16 10:15:49,14550.0,500,Buy,232083619
2024-08-16 10:15:52,14550.0,1000,Buy,232083866
2024-08-16 10:15:53,14550.0,100,Buy,232083891
2024-08-16 10:15:54,14550.0,300,Buy,232083996
2024-08-16 10:15:59,14550.0,100,Buy,232084254
2024-08-16 10:15:59,14550.0,4900,Buy,232084253
2024-08-16 10:16:00,14550.0,100,Buy,232084259
2024-08-16 10:16:00,14550.0,400,Buy,232084260
2024-08-16 10:16:00,14550.0,300,Buy,232084278
2024-08-16 10:16:01,14550.0,500,Buy,232084308
2024-08-16 10:16:09,14550.0,100,Sell,232084662
2024-08-16 10:16:20,14550.0,400,Sell,232085222
2024-08-16 10:16:20,14550.0,700,Sell,232085223
2024-08-16 10:16:26,14600.0,100,Buy,232085574
2024-08-16 10:16:26,14600.0,200,Buy,232085575
2024-08-16 10:16:26,14600.0,100,Buy,232085576
2024-08-16 10:16:26,14600.0,600,Buy,232085577
2024-08-16 10:16:26,14550.0,300,Sell,232085580
2024-08-16 10:16:26,14550.0,500,Sell,232085581
2024-08-16 10:16:39,14600.0,4500,Buy,232086403
2024-08-16 10:16:39,14600.0,400,Buy,232086400
2024-08-16 10:16:39,14600.0,100,Buy,232086401
2024-08-16 10:16:39,14600.0,5000,Buy,232086402
2024-08-16 10:16:46,14600.0,500,Buy,232086767
2024-08-16 10:16:46,14600.0,4500,Buy,232086768
2024-08-16 10:17:12,14600.0,500,Buy,232088263
2024-08-16 10:17:12,14600.0,1500,Buy,232088264
2024-08-16 10:17:23,14600.0,500,Buy,232088878
2024-08-16 10:17:23,14600.0,500,Buy,232088879
2024-08-16 10:17:23,14600.0,100,Buy,232088880
2024-08-16 10:17:23,14600.0,400,Buy,232088881
2024-08-16 10:17:29,14600.0,300,Buy,232089241
2024-08-16 10:17:29,14600.0,200,Buy,232089242
2024-08-16 10:17:34,14600.0,800,Buy,232089604
2024-08-16 10:17:34,14600.0,200,Buy,232089605
2024-08-16 10:17:35,14600.0,200,Buy,232089707
2024-08-16 10:17:38,14600.0,2100,Buy,232089938
2024-08-16 10:17:38,14600.0,4500,Buy,232089936
2024-08-16 10:17:38,14600.0,500,Buy,232089937
2024-08-16 10:17:38,14600.0,5000,Buy,232089935
2024-08-16 10:17:38,14600.0,100,Buy,232089931
2024-08-16 10:17:38,14600.0,2000,Buy,232089933
2024-08-16 10:17:38,14600.0,1000,Buy,232089932
2024-08-16 10:17:38,14600.0,600,Buy,232089930
2024-08-16 10:17:38,14600.0,2000,Buy,232089934
2024-08-16 10:17:40,14600.0,500,Buy,232090022
2024-08-16 10:17:41,14600.0,700,Buy,232090107
2024-08-16 10:17:44,14600.0,500,Buy,232090239
2024-08-16 10:17:44,14600.0,100,Buy,232090240
2024-08-16 10:17:44,14600.0,200,Buy,232090241
2024-08-16 10:17:44,14600.0,200,Buy,232090242
2024-08-16 10:17:44,14600.0,1000,Buy,232090243
2024-08-16 10:17:44,14600.0,1000,Buy,232090238
2024-08-16 10:17:44,14600.0,1000,Buy,232090245
2024-08-16 10:17:44,14600.0,500,Buy,232090248
2024-08-16 10:17:44,14600.0,4700,Buy,232090249
2024-08-16 10:17:44,14600.0,3000,Buy,232090254
2024-08-16 10:17:44,14600.0,500,Buy,232090244
2024-08-16 10:17:44,14600.0,500,Buy,232090237
2024-08-16 10:17:44,14600.0,200,Buy,232090247
2024-08-16 10:17:44,14600.0,300,Buy,232090235
2024-08-16 10:17:44,14600.0,300,Buy,232090236
2024-08-16 10:17:44,14600.0,2000,Buy,232090223
2024-08-16 10:17:44,14600.0,200,Buy,232090224
2024-08-16 10:17:44,14600.0,1000,Buy,232090225
2024-08-16 10:17:44,14600.0,300,Buy,232090226
2024-08-16 10:17:44,14600.0,500,Buy,232090227
2024-08-16 10:17:44,14600.0,1000,Buy,232090246
2024-08-16 10:17:44,14600.0,3000,Buy,232090229
2024-08-16 10:17:44,14600.0,500,Buy,232090233
2024-08-16 10:17:44,14600.0,10000,Buy,232090232
2024-08-16 10:17:44,14600.0,2000,Buy,232090234
2024-08-16 10:17:44,14600.0,100,Buy,232090230
2024-08-16 10:17:44,14600.0,2000,Buy,232090228
2024-08-16 10:17:44,14600.0,500,Buy,232090231
2024-08-16 10:17:52,14600.0,2300,Buy,232090649
2024-08-16 10:17:52,14600.0,100,Buy,232090650
2024-08-16 10:17:52,14600.0,300,Buy,232090651
2024-08-16 10:17:52,14600.0,500,Buy,232090652
2024-08-16 10:17:52,14600.0,300,Buy,232090653
2024-08-16 10:17:52,14600.0,10500,Buy,232090654
2024-08-16 10:17:54,14600.0,5000,Buy,232090787
2024-08-16 10:17:54,14600.0,400,Buy,232090796
2024-08-16 10:17:55,14600.0,3700,Buy,232090834
2024-08-16 10:17:56,14600.0,600,Buy,232090879
2024-08-16 10:17:57,14600.0,1000,Buy,232090989
2024-08-16 10:17:57,14600.0,1000,Buy,232090933
2024-08-16 10:17:57,14600.0,1000,Buy,232090983
2024-08-16 10:17:59,14600.0,1000,Buy,232091093
2024-08-16 10:18:00,14600.0,2000,Buy,232091100
2024-08-16 10:18:03,14600.0,800,Buy,232091265
2024-08-16 10:18:03,14600.0,9200,Buy,232091266
2024-08-16 10:18:06,14600.0,1000,Buy,232091450
2024-08-16 10:18:12,14550.0,100,Sell,232091925
2024-08-16 10:18:16,14600.0,100,Buy,232092350
2024-08-16 10:18:16,14600.0,300,Buy,232092352
2024-08-16 10:18:16,14600.0,200,Buy,232092351
2024-08-16 10:18:16,14600.0,100,Buy,232092349
2024-08-16 10:18:16,14600.0,300,Buy,232092347
2024-08-16 10:18:16,14600.0,6000,Buy,232092312
2024-08-16 10:18:16,14600.0,2000,Buy,232092311
2024-08-16 10:18:16,14600.0,1500,Buy,232092292
2024-08-16 10:18:16,14600.0,1000,Buy,232092348
2024-08-16 10:18:18,14600.0,500,Buy,232092528
2024-08-16 10:18:19,14600.0,200,Buy,232092546
2024-08-16 10:18:19,14600.0,100,Buy,232092547
2024-08-16 10:18:19,14600.0,200,Buy,232092548
2024-08-16 10:18:24,14600.0,300,Buy,232092914
2024-08-16 10:18:24,14600.0,100,Buy,232092915
2024-08-16 10:18:24,14600.0,200,Buy,232092916
2024-08-16 10:18:24,14600.0,100,Buy,232092917
2024-08-16 10:18:24,14600.0,200,Buy,232092918
2024-08-16 10:18:24,14600.0,100,Buy,232092919
2024-08-16 10:18:24,14600.0,1000,Buy,232092924
2024-08-16 10:18:24,14600.0,200,Buy,232092921
2024-08-16 10:18:24,14600.0,3700,Buy,232092922
2024-08-16 10:18:24,14600.0,1000,Buy,232092923
2024-08-16 10:18:24,14600.0,500,Buy,232092925
2024-08-16 10:18:24,14600.0,100,Buy,232092926
2024-08-16 10:18:24,14600.0,100,Buy,232092920
2024-08-16 10:18:24,14600.0,1000,Buy,232092913
2024-08-16 10:18:24,14600.0,500,Buy,232092885
2024-08-16 10:18:24,14600.0,200,Buy,232092911
2024-08-16 10:18:24,14600.0,100,Buy,232092876
2024-08-16 10:18:24,14600.0,100,Buy,232092877
2024-08-16 10:18:24,14600.0,100,Buy,232092878
2024-08-16 10:18:24,14600.0,300,Buy,232092879
2024-08-16 10:18:24,14600.0,500,Buy,232092881
2024-08-16 10:18:24,14600.0,300,Buy,232092882
2024-08-16 10:18:24,14600.0,100,Buy,232092880
2024-08-16 10:18:24,14600.0,5000,Buy,232092884
2024-08-16 10:18:24,14600.0,2000,Buy,232092875
2024-08-16 10:18:24,14600.0,100,Buy,232092886
2024-08-16 10:18:24,14600.0,200,Buy,232092887
2024-08-16 10:18:24,14600.0,200,Buy,232092888
2024-08-16 10:18:24,14600.0,500,Buy,232092883
2024-08-16 10:18:24,14600.0,200,Buy,232092912
2024-08-16 10:18:28,14550.0,100,Sell,232093156
2024-08-16 10:18:30,14600.0,1300,Buy,232093226
2024-08-16 10:18:30,14600.0,100,Buy,232093227
2024-08-16 10:18:31,14600.0,100,Buy,232093274
2024-08-16 10:18:31,14600.0,100,Buy,232093273
2024-08-16 10:18:31,14600.0,100,Buy,232093271
2024-08-16 10:18:31,14600.0,100,Buy,232093272
2024-08-16 10:18:39,14600.0,900,Buy,232093866
2024-08-16 10:18:39,14600.0,600,Buy,232093867
2024-08-16 10:18:40,14600.0,200,Buy,232093985
2024-08-16 10:18:44,14600.0,500,Buy,232094285
2024-08-16 10:18:48,14600.0,2000,Buy,232094581
2024-08-16 10:18:49,14600.0,2000,Buy,232094616
2024-08-16 10:18:49,14600.0,5000,Buy,232094617
2024-08-16 10:18:49,14600.0,2000,Buy,232094618
2024-08-16 10:18:49,14600.0,10000,Buy,232094619
2024-08-16 10:18:49,14600.0,500,Buy,232094620
2024-08-16 10:18:49,14600.0,500,Buy,232094623
2024-08-16 10:18:49,14600.0,1000,Buy,232094622
2024-08-16 10:18:49,14600.0,100,Buy,232094624
2024-08-16 10:18:49,14600.0,200,Buy,232094625
2024-08-16 10:18:49,14600.0,500,Buy,232094615
2024-08-16 10:18:49,14600.0,9800,Buy,232094621
2024-08-16 10:18:49,14600.0,1000,Buy,232094614
2024-08-16 10:18:49,14600.0,1000,Buy,232094603
2024-08-16 10:18:49,14600.0,400,Buy,232094612
2024-08-16 10:18:49,14600.0,100,Buy,232094611
2024-08-16 10:18:49,14600.0,200,Buy,232094610
2024-08-16 10:18:49,14600.0,2000,Buy,232094609
2024-08-16 10:18:49,14600.0,1000,Buy,232094608
2024-08-16 10:18:49,14600.0,100,Buy,232094607
2024-08-16 10:18:49,14600.0,400,Buy,232094606
2024-08-16 10:18:49,14600.0,300,Buy,232094605
2024-08-16 10:18:49,14600.0,100,Buy,232094604
2024-08-16 10:18:49,14600.0,6700,Buy,232094600
2024-08-16 10:18:49,14600.0,100,Buy,232094602
2024-08-16 10:18:49,14600.0,200,Buy,232094601
2024-08-16 10:18:49,14600.0,500,Buy,232094613
2024-08-16 10:18:53,14600.0,4300,Sell,232094880
2024-08-16 10:18:53,14600.0,200,Sell,232094881
2024-08-16 10:18:53,14600.0,500,Sell,232094882
2024-08-16 10:19:04,14600.0,100,Sell,232095521
2024-08-16 10:19:04,14600.0,200,Sell,232095572
2024-08-16 10:19:07,14600.0,100,Sell,232095686
2024-08-16 10:19:16,14650.0,800,Buy,232096308
2024-08-16 10:19:16,14600.0,100,Sell,232096318
2024-08-16 10:19:16,14600.0,3500,Sell,232096319
2024-08-16 10:19:24,14650.0,2000,Buy,232096770
2024-08-16 10:19:26,14600.0,1500,Sell,232096915
2024-08-16 10:19:26,14600.0,2000,Sell,232096916
2024-08-16 10:19:26,14600.0,1000,Sell,232096917
2024-08-16 10:19:26,14600.0,1000,Sell,232096918
2024-08-16 10:19:26,14600.0,3000,Sell,232096919
2024-08-16 10:19:26,14600.0,1000,Sell,232096920
2024-08-16 10:19:26,14600.0,500,Sell,232096921
2024-08-16 10:19:27,14600.0,400,Sell,232096971
2024-08-16 10:19:55,14650.0,5000,Buy,232098895
2024-08-16 10:19:55,14650.0,1000,Buy,232098896
2024-08-16 10:19:55,14650.0,500,Buy,232098893
2024-08-16 10:19:55,14650.0,23400,Buy,232098892
2024-08-16 10:19:55,14650.0,100,Buy,232098894
2024-08-16 10:19:57,14650.0,1000,Buy,232099008
2024-08-16 10:19:57,14650.0,500,Buy,232099009
2024-08-16 10:19:57,14650.0,1000,Buy,232099010
2024-08-16 10:19:57,14650.0,1500,Buy,232099011
2024-08-16 10:20:00,14600.0,8000,Sell,232099246
2024-08-16 10:20:01,14650.0,200,Buy,232099469
2024-08-16 10:20:01,14650.0,100,Buy,232099470
2024-08-16 10:20:01,14650.0,200,Buy,232099467
2024-08-16 10:20:01,14650.0,1500,Buy,232099466
2024-08-16 10:20:01,14650.0,1000,Buy,232099468
2024-08-16 10:20:03,14650.0,3000,Buy,232099668
2024-08-16 10:20:03,14650.0,200,Buy,232099658
2024-08-16 10:20:03,14650.0,200,Buy,232099659
2024-08-16 10:20:03,14650.0,100,Buy,232099660
2024-08-16 10:20:03,14650.0,10000,Buy,232099661
2024-08-16 10:20:03,14650.0,100,Buy,232099662
2024-08-16 10:20:03,14650.0,20000,Buy,232099663
2024-08-16 10:20:03,14650.0,500,Buy,232099664
2024-08-16 10:20:03,14650.0,10900,Buy,232099665
2024-08-16 10:20:03,14650.0,1000,Buy,232099669
2024-08-16 10:20:03,14650.0,1000,Buy,232099676
2024-08-16 10:20:03,14650.0,1000,Buy,232099671
2024-08-16 10:20:03,14650.0,100,Buy,232099672
2024-08-16 10:20:03,14650.0,100,Buy,232099673
2024-08-16 10:20:03,14650.0,400,Buy,232099674
2024-08-16 10:20:03,14650.0,200,Buy,232099675
2024-08-16 10:20:03,14650.0,1000,Buy,232099677
2024-08-16 10:20:03,14650.0,200,Buy,232099678
2024-08-16 10:20:03,14650.0,100,Buy,232099679
2024-08-16 10:20:03,14650.0,200,Buy,232099680
2024-08-16 10:20:03,14650.0,100,Buy,232099657
2024-08-16 10:20:03,14650.0,1000,Buy,232099670
2024-08-16 10:20:03,14650.0,200,Buy,232099656
2024-08-16 10:20:03,14650.0,200,Buy,232099638
2024-08-16 10:20:03,14650.0,200,Buy,232099654
2024-08-16 10:20:03,14650.0,500,Buy,232099633
2024-08-16 10:20:03,14650.0,700,Buy,232099634
2024-08-16 10:20:03,14650.0,1600,Buy,232099635
2024-08-16 10:20:03,14650.0,500,Buy,232099636
2024-08-16 10:20:03,14650.0,1000,Buy,232099637
2024-08-16 10:20:03,14650.0,2900,Buy,232099632
2024-08-16 10:20:03,14650.0,1500,Buy,232099640
2024-08-16 10:20:03,14650.0,500,Buy,232099641
2024-08-16 10:20:03,14650.0,300,Buy,232099642
2024-08-16 10:20:03,14650.0,500,Buy,232099643
2024-08-16 10:20:03,14650.0,200,Buy,232099639
2024-08-16 10:20:03,14650.0,200,Buy,232099645
2024-08-16 10:20:03,14650.0,400,Buy,232099644
2024-08-16 10:20:03,14650.0,100,Buy,232099652
2024-08-16 10:20:03,14650.0,100,Buy,232099651
2024-08-16 10:20:03,14650.0,400,Buy,232099650
2024-08-16 10:20:03,14650.0,200,Buy,232099653
2024-08-16 10:20:03,14650.0,200,Buy,232099648
2024-08-16 10:20:03,14650.0,1000,Buy,232099647
2024-08-16 10:20:03,14650.0,1500,Buy,232099646
2024-08-16 10:20:03,14650.0,500,Buy,232099649
2024-08-16 10:20:03,14650.0,3000,Buy,232099655
2024-08-16 10:20:08,14650.0,1000,Sell,232099940
2024-08-16 10:20:08,14650.0,10000,Sell,232099941
2024-08-16 10:20:10,14650.0,100,Sell,232100053
2024-08-16 10:20:13,14650.0,500,Sell,232100176
2024-08-16 10:20:13,14650.0,2000,Sell,232100200
2024-08-16 10:20:14,14650.0,4000,Sell,232100286
2024-08-16 10:20:15,14650.0,500,Sell,232100367
2024-08-16 10:20:17,14650.0,500,Sell,232100491
2024-08-16 10:20:37,14650.0,1000,Sell,232101737
2024-08-16 10:20:41,14650.0,2000,Sell,232101984
2024-08-16 10:20:42,14700.0,400,Buy,232102053
2024-08-16 10:20:42,14700.0,100,Buy,232102052
2024-08-16 10:20:44,14650.0,200,Sell,232102274
2024-08-16 10:20:46,14700.0,600,Buy,232102369
2024-08-16 10:20:46,14700.0,5000,Buy,232102370
2024-08-16 10:20:46,14700.0,200,Buy,232102371
2024-08-16 10:20:54,14700.0,500,Buy,232102853
2024-08-16 10:20:54,14700.0,500,Buy,232102852
2024-08-16 10:20:54,14700.0,5900,Buy,232102851
2024-08-16 10:20:54,14700.0,200,Buy,232102850
2024-08-16 10:20:54,14700.0,1000,Buy,232102849
2024-08-16 10:20:54,14700.0,100,Buy,232102848
2024-08-16 10:20:54,14700.0,100,Buy,232102847
2024-08-16 10:20:54,14700.0,600,Buy,232102846
2024-08-16 10:20:54,14700.0,3000,Buy,232102845
2024-08-16 10:20:54,14700.0,1000,Buy,232102844
2024-08-16 10:20:54,14700.0,1900,Buy,232102842
2024-08-16 10:20:54,14700.0,1000,Buy,232102841
2024-08-16 10:20:54,14700.0,27000,Buy,232102840
2024-08-16 10:20:54,14700.0,50000,Buy,232102839
2024-08-16 10:20:54,14700.0,100,Buy,232102838
2024-08-16 10:20:54,14700.0,3000,Buy,232102837
2024-08-16 10:20:54,14700.0,2000,Buy,232102836
2024-08-16 10:20:54,14700.0,100,Buy,232102835
2024-08-16 10:20:54,14700.0,1000,Buy,232102834
2024-08-16 10:20:54,14700.0,800,Buy,232102833
2024-08-16 10:20:54,14700.0,200,Buy,232102843
2024-08-16 10:20:55,14650.0,100,Sell,232102980
2024-08-16 10:20:55,14700.0,3800,Buy,232102947
2024-08-16 10:20:55,14700.0,200,Buy,232102946
2024-08-16 10:20:55,14700.0,500,Buy,232102944
2024-08-16 10:20:55,14700.0,500,Buy,232102943
2024-08-16 10:20:55,14650.0,100,Sell,232102942
2024-08-16 10:20:55,14700.0,2000,Buy,232102945
2024-08-16 10:20:56,14700.0,500,Buy,232102985
2024-08-16 10:20:56,14700.0,2000,Buy,232102986
2024-08-16 10:20:56,14700.0,1900,Buy,232102987
2024-08-16 10:20:56,14700.0,100,Buy,232102988
2024-08-16 10:20:56,14700.0,1000,Buy,232102989
2024-08-16 10:20:56,14700.0,4500,Buy,232102990
2024-08-16 10:20:57,14700.0,200,Buy,232103088
2024-08-16 10:21:01,14700.0,400,Buy,232103598
2024-08-16 10:21:01,14700.0,400,Buy,232103597
2024-08-16 10:21:01,14700.0,300,Buy,232103593
2024-08-16 10:21:01,14700.0,400,Buy,232103595
2024-08-16 10:21:01,14700.0,1000,Buy,232103594
2024-08-16 10:21:01,14700.0,500,Buy,232103596
2024-08-16 10:21:02,14700.0,100,Buy,232103644
2024-08-16 10:21:02,14700.0,600,Buy,232103645
2024-08-16 10:21:02,14700.0,500,Buy,232103643
2024-08-16 10:21:02,14700.0,100,Buy,232103642
2024-08-16 10:21:02,14700.0,100,Buy,232103641
2024-08-16 10:21:02,14700.0,2000,Buy,232103640
2024-08-16 10:21:02,14700.0,600,Buy,232103639
2024-08-16 10:21:03,14700.0,2800,Buy,232103726
2024-08-16 10:21:03,14700.0,2000,Buy,232103725
2024-08-16 10:21:03,14700.0,200,Buy,232103727
2024-08-16 10:21:03,14700.0,500,Buy,232103709
2024-08-16 10:21:03,14700.0,1000,Buy,232103708
2024-08-16 10:21:03,14700.0,400,Buy,232103707
2024-08-16 10:21:03,14700.0,100,Buy,232103710
2024-08-16 10:21:04,14700.0,4000,Buy,232103802
2024-08-16 10:21:04,14700.0,100,Buy,232103807
2024-08-16 10:21:04,14700.0,1000,Buy,232103806
2024-08-16 10:21:04,14700.0,100,Buy,232103805
2024-08-16 10:21:04,14700.0,100,Buy,232103804
2024-08-16 10:21:04,14700.0,500,Buy,232103803
2024-08-16 10:21:04,14700.0,300,Buy,232103801
2024-08-16 10:21:04,14700.0,1000,Buy,232103741
2024-08-16 10:21:04,14700.0,1000,Buy,232103799
2024-08-16 10:21:04,14700.0,900,Buy,232103798
2024-08-16 10:21:04,14700.0,1100,Buy,232103784
2024-08-16 10:21:04,14700.0,500,Buy,232103783
2024-08-16 10:21:04,14700.0,100,Buy,232103782
2024-08-16 10:21:04,14700.0,300,Buy,232103781
2024-08-16 10:21:04,14700.0,3000,Buy,232103780
2024-08-16 10:21:04,14700.0,2000,Buy,232103800
2024-08-16 10:21:05,14700.0,200,Buy,232103842
2024-08-16 10:21:05,14700.0,400,Buy,232103843
2024-08-16 10:21:05,14700.0,900,Buy,232103840
2024-08-16 10:21:05,14700.0,500,Buy,232103841
2024-08-16 10:21:06,14700.0,10000,Buy,232103948
2024-08-16 10:21:08,14700.0,5000,Buy,232104145
2024-08-16 10:21:09,14700.0,2000,Buy,232104239
2024-08-16 10:21:10,14700.0,500,Buy,232104266
2024-08-16 10:21:10,14700.0,200,Buy,232104271
2024-08-16 10:21:10,14700.0,100,Buy,232104269
2024-08-16 10:21:10,14700.0,100,Buy,232104268
2024-08-16 10:21:10,14700.0,1900,Buy,232104267
2024-08-16 10:21:10,14700.0,500,Buy,232104265
2024-08-16 10:21:10,14700.0,2200,Buy,232104272
2024-08-16 10:21:10,14700.0,100,Buy,232104263
2024-08-16 10:21:10,14700.0,200,Buy,232104264
2024-08-16 10:21:10,14700.0,2600,Buy,232104258
2024-08-16 10:21:10,14700.0,100,Buy,232104259
2024-08-16 10:21:10,14700.0,200,Buy,232104270
2024-08-16 10:21:10,14700.0,2000,Buy,232104260
2024-08-16 10:21:10,14700.0,1000,Buy,232104261
2024-08-16 10:21:10,14700.0,300,Buy,232104262
2024-08-16 10:21:11,14700.0,5200,Buy,232104339
2024-08-16 10:21:11,14700.0,2600,Buy,232104358
2024-08-16 10:21:11,14700.0,300,Buy,232104359
2024-08-16 10:21:11,14700.0,100,Buy,232104360
2024-08-16 10:21:11,14700.0,1000,Buy,232104361
2024-08-16 10:21:11,14700.0,1000,Buy,232104362
2024-08-16 10:21:11,14700.0,500,Buy,232104363
2024-08-16 10:21:11,14700.0,100,Buy,232104364
2024-08-16 10:21:11,14700.0,5000,Buy,232104365
2024-08-16 10:21:11,14700.0,4400,Buy,232104366
2024-08-16 10:21:11,14700.0,1000,Buy,232104387
2024-08-16 10:21:12,14700.0,1000,Buy,232104421
2024-08-16 10:21:12,14700.0,200,Buy,232104442
2024-08-16 10:21:13,14700.0,2000,Buy,232104505
2024-08-16 10:21:13,14700.0,1500,Buy,232104497
2024-08-16 10:21:13,14700.0,2000,Buy,232104500
2024-08-16 10:21:14,14700.0,10000,Buy,232104547
2024-08-16 10:21:14,14700.0,1000,Buy,232104583
2024-08-16 10:21:14,14700.0,100,Buy,232104584
2024-08-16 10:21:15,14700.0,1800,Buy,232104599
2024-08-16 10:21:15,14700.0,500,Buy,232104600
2024-08-16 10:21:15,14700.0,1000,Buy,232104601
2024-08-16 10:21:21,14750.0,100,Buy,232105082
2024-08-16 10:21:22,14750.0,2800,Buy,232105171
2024-08-16 10:21:22,14750.0,200,Buy,232105170
2024-08-16 10:21:22,14750.0,1900,Buy,232105168
2024-08-16 10:21:22,14750.0,100,Buy,232105169
2024-08-16 10:21:22,14700.0,400,Sell,232105167
2024-08-16 10:21:23,14750.0,1800,Buy,232105196
2024-08-16 10:21:23,14750.0,2200,Buy,232105194
2024-08-16 10:21:23,14750.0,1000,Buy,232105195
2024-08-16 10:21:26,14750.0,3000,Buy,232105437
2024-08-16 10:21:26,14750.0,2000,Buy,232105436
2024-08-16 10:21:26,14750.0,13800,Buy,232105438
2024-08-16 10:21:26,14750.0,200,Buy,232105434
2024-08-16 10:21:26,14750.0,1000,Buy,232105435
2024-08-16 10:21:26,14700.0,500,Sell,232105408
2024-08-16 10:21:27,14700.0,100,Sell,232105486
2024-08-16 10:21:27,14750.0,200,Buy,232105501
2024-08-16 10:21:28,14700.0,200,Sell,232105547
2024-08-16 10:21:30,14750.0,1000,Buy,232105654
2024-08-16 10:21:30,14750.0,500,Buy,232105662
2024-08-16 10:21:31,14750.0,3500,Buy,232105694
2024-08-16 10:21:35,14750.0,1000,Buy,232106015
2024-08-16 10:21:36,14750.0,5000,Buy,232106055
2024-08-16 10:21:38,14750.0,5000,Buy,232106177
2024-08-16 10:21:39,14750.0,10000,Buy,232106224
2024-08-16 10:21:39,14750.0,100,Buy,232106212
2024-08-16 10:21:45,14750.0,2000,Buy,232106682
2024-08-16 10:21:46,14750.0,2000,Buy,232106795
2024-08-16 10:21:48,14700.0,100,Sell,232106953
2024-08-16 10:21:51,14750.0,500,Buy,232107179
2024-08-16 10:21:52,14750.0,5000,Buy,232107241
2024-08-16 10:21:53,14750.0,200,Buy,232107303
2024-08-16 10:21:53,14750.0,100,Buy,232107302
2024-08-16 10:21:53,14750.0,100,Buy,232107301
2024-08-16 10:21:53,14750.0,400,Buy,232107299
2024-08-16 10:21:53,14750.0,200,Buy,232107300
2024-08-16 10:21:55,14750.0,2800,Buy,232107437
2024-08-16 10:21:55,14750.0,500,Buy,232107438
2024-08-16 10:21:55,14750.0,100,Buy,232107439
2024-08-16 10:21:55,14750.0,1600,Buy,232107440
2024-08-16 10:21:58,14750.0,100,Buy,232107713
2024-08-16 10:21:58,14750.0,500,Buy,232107714
2024-08-16 10:21:58,14750.0,200,Buy,232107715
2024-08-16 10:21:58,14750.0,200,Buy,232107716
2024-08-16 10:21:58,14750.0,100,Buy,232107718
2024-08-16 10:21:58,14750.0,500,Buy,232107721
2024-08-16 10:21:58,14750.0,1100,Buy,232107720
2024-08-16 10:21:58,14750.0,5000,Buy,232107722
2024-08-16 10:21:58,14750.0,100,Buy,232107723
2024-08-16 10:21:58,14750.0,1000,Buy,232107724
2024-08-16 10:21:58,14750.0,2000,Buy,232107712
2024-08-16 10:21:58,14750.0,20000,Buy,232107719
2024-08-16 10:21:58,14750.0,300,Buy,232107711
2024-08-16 10:21:58,14750.0,100,Buy,232107717
2024-08-16 10:21:58,14750.0,1000,Buy,232107709
2024-08-16 10:21:58,14750.0,400,Buy,232107697
2024-08-16 10:21:58,14750.0,500,Buy,232107698
2024-08-16 10:21:58,14750.0,1000,Buy,232107699
2024-08-16 10:21:58,14750.0,100,Buy,232107700
2024-08-16 10:21:58,14750.0,200,Buy,232107701
2024-08-16 10:21:58,14750.0,200,Buy,232107702
2024-08-16 10:21:58,14750.0,100,Buy,232107710
2024-08-16 10:21:58,14700.0,4800,Sell,232107593
2024-08-16 10:21:58,14750.0,5000,Buy,232107708
2024-08-16 10:21:58,14750.0,100,Buy,232107707
2024-08-16 10:21:58,14750.0,5000,Buy,232107703
2024-08-16 10:21:58,14750.0,1000,Buy,232107705
2024-08-16 10:21:58,14750.0,3000,Buy,232107704
2024-08-16 10:21:58,14750.0,40000,Buy,232107706
2024-08-16 10:22:00,14750.0,4000,Buy,232107810
2024-08-16 10:22:00,14750.0,200,Buy,232107811
2024-08-16 10:22:00,14750.0,100,Buy,232107812
2024-08-16 10:22:00,14750.0,500,Buy,232107814
2024-08-16 10:22:00,14750.0,100,Buy,232107815
2024-08-16 10:22:00,14750.0,100,Buy,232107813
2024-08-16 10:22:01,14750.0,1000,Buy,232107920
2024-08-16 10:22:04,14750.0,1000,Buy,232108163
2024-08-16 10:22:04,14750.0,2000,Buy,232108223
2024-08-16 10:22:04,14750.0,400,Buy,232108166
2024-08-16 10:22:04,14750.0,1900,Buy,232108165
2024-08-16 10:22:04,14750.0,5000,Buy,232108164
2024-08-16 10:22:04,14750.0,5000,Buy,232108162
2024-08-16 10:22:04,14750.0,600,Buy,232108160
2024-08-16 10:22:04,14750.0,100,Buy,232108161
2024-08-16 10:22:04,14750.0,1600,Buy,232108157
2024-08-16 10:22:04,14750.0,1000,Buy,232108158
2024-08-16 10:22:04,14750.0,1000,Buy,232108159
2024-08-16 10:22:06,14750.0,500,Buy,232108324
2024-08-16 10:22:07,14750.0,200,Buy,232108382
2024-08-16 10:22:07,14750.0,800,Buy,232108383
2024-08-16 10:22:07,14750.0,700,Buy,232108398
2024-08-16 10:22:07,14750.0,200,Buy,232108400
2024-08-16 10:22:07,14750.0,100,Buy,232108401
2024-08-16 10:22:07,14750.0,300,Buy,232108455
2024-08-16 10:22:07,14750.0,400,Buy,232108456
2024-08-16 10:22:07,14750.0,9300,Buy,232108457
2024-08-16 10:22:07,14750.0,700,Buy,232108458
2024-08-16 10:22:07,14750.0,500,Buy,232108459
2024-08-16 10:22:07,14750.0,1000,Buy,232108399
2024-08-16 10:22:08,14750.0,100,Sell,232108512
2024-08-16 10:22:12,14750.0,2000,Sell,232108799
2024-08-16 10:22:21,14750.0,2000,Sell,232109408
2024-08-16 10:22:23,14800.0,500,Buy,232109483
2024-08-16 10:22:23,14800.0,100,Buy,232109484
2024-08-16 10:22:23,14800.0,100,Buy,232109485
2024-08-16 10:22:23,14800.0,300,Buy,232109486
2024-08-16 10:22:23,14750.0,10400,Sell,232109507
2024-08-16 10:22:23,14800.0,700,Buy,232109508
2024-08-16 10:22:23,14800.0,800,Buy,232109509
2024-08-16 10:22:24,14800.0,900,Buy,232109578
2024-08-16 10:22:24,14800.0,900,Buy,232109577
2024-08-16 10:22:24,14800.0,100,Buy,232109570
2024-08-16 10:22:24,14800.0,1000,Buy,232109569
2024-08-16 10:22:24,14800.0,200,Buy,232109568
2024-08-16 10:22:24,14800.0,500,Buy,232109567
2024-08-16 10:22:24,14800.0,1000,Buy,232109566
2024-08-16 10:22:24,14800.0,300,Buy,232109563
2024-08-16 10:22:24,14800.0,100,Buy,232109564
2024-08-16 10:22:24,14800.0,5000,Buy,232109579
2024-08-16 10:22:24,14800.0,2000,Buy,232109562
2024-08-16 10:22:24,14800.0,40000,Buy,232109561
2024-08-16 10:22:24,14800.0,100,Buy,232109560
2024-08-16 10:22:24,14800.0,5000,Buy,232109559
2024-08-16 10:22:24,14800.0,400,Buy,232109558
2024-08-16 10:22:24,14800.0,100,Buy,232109565
2024-08-16 10:22:24,14800.0,500,Buy,232109580
2024-08-16 10:22:24,14800.0,100,Buy,232109584
2024-08-16 10:22:24,14800.0,100,Buy,232109582
2024-08-16 10:22:24,14800.0,16200,Buy,232109598
2024-08-16 10:22:24,14800.0,500,Buy,232109597
2024-08-16 10:22:24,14800.0,100,Buy,232109596
2024-08-16 10:22:24,14800.0,100,Buy,232109595
2024-08-16 10:22:24,14800.0,100,Buy,232109594
2024-08-16 10:22:24,14800.0,100,Buy,232109593
2024-08-16 10:22:24,14800.0,2000,Buy,232109592
2024-08-16 10:22:24,14800.0,2000,Buy,232109581
2024-08-16 10:22:24,14800.0,200,Buy,232109591
2024-08-16 10:22:24,14800.0,200,Buy,232109589
2024-08-16 10:22:24,14800.0,100,Buy,232109557
2024-08-16 10:22:24,14800.0,100,Buy,232109588
2024-08-16 10:22:24,14800.0,100,Buy,232109587
2024-08-16 10:22:24,14800.0,2000,Buy,232109586
2024-08-16 10:22:24,14800.0,200,Buy,232109585
2024-08-16 10:22:24,14800.0,1000,Buy,232109583
2024-08-16 10:22:24,14800.0,2000,Buy,232109590
2024-08-16 10:22:24,14800.0,1000,Buy,232109556
2024-08-16 10:22:24,14800.0,2000,Buy,232109530
2024-08-16 10:22:24,14800.0,100,Buy,232109554
2024-08-16 10:22:24,14800.0,400,Buy,232109533
2024-08-16 10:22:24,14800.0,300,Buy,232109532
2024-08-16 10:22:24,14800.0,50000,Buy,232109531
2024-08-16 10:22:24,14800.0,5000,Buy,232109529
2024-08-16 10:22:24,14800.0,700,Buy,232109527
2024-08-16 10:22:24,14800.0,4500,Buy,232109526
2024-08-16 10:22:24,14800.0,300,Buy,232109525
2024-08-16 10:22:24,14800.0,500,Buy,232109524
2024-08-16 10:22:24,14800.0,4000,Buy,232109523
2024-08-16 10:22:24,14800.0,100,Buy,232109522
2024-08-16 10:22:24,14800.0,1000,Buy,232109521
2024-08-16 10:22:24,14800.0,5000,Buy,232109520
2024-08-16 10:22:24,14800.0,500,Buy,232109519
2024-08-16 10:22:24,14800.0,19200,Buy,232109518
2024-08-16 10:22:24,14800.0,100,Buy,232109555
2024-08-16 10:22:24,14800.0,200,Buy,232109534
2024-08-16 10:22:24,14800.0,5000,Buy,232109535
2024-08-16 10:22:24,14800.0,300,Buy,232109528
2024-08-16 10:22:24,14800.0,2000,Buy,232109537
2024-08-16 10:22:24,14800.0,100,Buy,232109552
2024-08-16 10:22:24,14800.0,300,Buy,232109551
2024-08-16 10:22:24,14800.0,1000,Buy,232109550
2024-08-16 10:22:24,14800.0,100,Buy,232109549
2024-08-16 10:22:24,14800.0,100,Buy,232109548
2024-08-16 10:22:24,14800.0,100,Buy,232109547
2024-08-16 10:22:24,14800.0,500,Buy,232109546
2024-08-16 10:22:24,14800.0,2000,Buy,232109545
2024-08-16 10:22:24,14800.0,1000,Buy,232109553
2024-08-16 10:22:24,14800.0,5000,Buy,232109543
2024-08-16 10:22:24,14800.0,1000,Buy,232109542
2024-08-16 10:22:24,14800.0,100,Buy,232109536
2024-08-16 10:22:24,14800.0,500,Buy,232109541
2024-08-16 10:22:24,14800.0,300,Buy,232109540
2024-08-16 10:22:24,14800.0,100,Buy,232109539
2024-08-16 10:22:24,14800.0,200,Buy,232109538
2024-08-16 10:22:24,14800.0,100,Buy,232109544
2024-08-16 10:22:26,14800.0,2400,Buy,232109753
2024-08-16 10:22:26,14800.0,1000,Buy,232109752
2024-08-16 10:22:26,14800.0,500,Buy,232109750
2024-08-16 10:22:26,14800.0,3800,Buy,232109749
2024-08-16 10:22:26,14800.0,300,Buy,232109751
2024-08-16 10:22:28,14800.0,4300,Buy,232109857
2024-08-16 10:22:30,14800.0,100,Buy,232110009
2024-08-16 10:22:30,14800.0,1000,Buy,232110045
2024-08-16 10:22:31,14800.0,100,Buy,232110073
2024-08-16 10:22:31,14800.0,800,Buy,232110074
2024-08-16 10:22:31,14800.0,100,Buy,232110072
2024-08-16 10:22:31,14800.0,2200,Buy,232110068
2024-08-16 10:22:31,14800.0,500,Buy,232110070
2024-08-16 10:22:31,14800.0,300,Buy,232110069
2024-08-16 10:22:31,14800.0,1000,Buy,232110071
2024-08-16 10:22:32,14800.0,2000,Buy,232110159
2024-08-16 10:22:33,14800.0,2000,Buy,232110214
2024-08-16 10:22:34,14800.0,200,Buy,232110230
2024-08-16 10:22:34,14800.0,100,Buy,232110231
2024-08-16 10:22:34,14800.0,500,Buy,232110232
2024-08-16 10:22:35,14800.0,4000,Sell,232110300
2024-08-16 10:22:38,14800.0,400,Sell,232110468
2024-08-16 10:22:38,14800.0,600,Sell,232110469
2024-08-16 10:22:39,14850.0,100,Buy,232110529
2024-08-16 10:22:39,14800.0,10000,Sell,232110530
2024-08-16 10:22:42,14800.0,500,Sell,232110661
2024-08-16 10:22:42,14800.0,300,Sell,232110665
2024-08-16 10:22:43,14800.0,400,Sell,232110807
2024-08-16 10:22:44,14800.0,5000,Sell,232110871
2024-08-16 10:22:46,14800.0,200,Sell,232111084
2024-08-16 10:22:47,14850.0,100,Buy,232111141
2024-08-16 10:22:47,14850.0,100,Buy,232111140
2024-08-16 10:22:47,14850.0,100,Buy,232111104
2024-08-16 10:22:47,14850.0,200,Buy,232111103
2024-08-16 10:22:47,14850.0,1700,Buy,232111105
2024-08-16 10:22:49,14800.0,100,Sell,232111244
2024-08-16 10:22:52,14800.0,500,Sell,232111524
2024-08-16 10:22:52,14850.0,100,Buy,232111534
2024-08-16 10:22:53,14800.0,500,Sell,232111575
2024-08-16 10:22:54,14850.0,2000,Buy,232111672
2024-08-16 10:22:55,14850.0,4000,Buy,232111726
2024-08-16 10:22:55,14850.0,1000,Buy,232111725
2024-08-16 10:23:00,14850.0,600,Buy,232112058
2024-08-16 10:23:02,14850.0,200,Buy,232112222
2024-08-16 10:23:04,14800.0,100,Sell,232112337
2024-08-16 10:23:08,14850.0,4800,Buy,232112740
2024-08-16 10:23:08,14850.0,200,Buy,232112739
2024-08-16 10:23:08,14800.0,200,Sell,232112720
2024-08-16 10:23:09,14800.0,1300,Sell,232112832
2024-08-16 10:23:09,14800.0,100,Sell,232112831
2024-08-16 10:23:09,14800.0,1000,Sell,232112830
2024-08-16 10:23:09,14800.0,6000,Sell,232112829
2024-08-16 10:23:09,14800.0,1600,Sell,232112828
2024-08-16 10:23:11,14800.0,3000,Sell,232112974
2024-08-16 10:23:11,14800.0,5000,Sell,232112975
2024-08-16 10:23:11,14800.0,2000,Sell,232112976
2024-08-16 10:23:11,14800.0,2000,Sell,232112977
2024-08-16 10:23:11,14800.0,900,Sell,232112973
2024-08-16 10:23:11,14800.0,500,Sell,232112978
2024-08-16 10:23:11,14800.0,5000,Sell,232112961
2024-08-16 10:23:11,14800.0,1000,Sell,232112980
2024-08-16 10:23:11,14800.0,500,Sell,232112981
2024-08-16 10:23:11,14800.0,300,Sell,232112982
2024-08-16 10:23:11,14800.0,100,Sell,232112983
2024-08-16 10:23:11,14800.0,100,Sell,232112972
2024-08-16 10:23:11,14800.0,100,Sell,232112979
2024-08-16 10:23:11,14800.0,3000,Sell,232112971
2024-08-16 10:23:11,14800.0,300,Sell,232112957
2024-08-16 10:23:11,14800.0,100,Sell,232112969
2024-08-16 10:23:11,14800.0,1000,Sell,232112968
2024-08-16 10:23:11,14800.0,500,Sell,232112967
2024-08-16 10:23:11,14800.0,300,Sell,232112966
2024-08-16 10:23:11,14800.0,1000,Sell,232112965
2024-08-16 10:23:11,14800.0,100,Sell,232112964
2024-08-16 10:23:11,14800.0,4000,Sell,232112963
2024-08-16 10:23:11,14800.0,500,Sell,232112962
2024-08-16 10:23:11,14800.0,4000,Sell,232112960
2024-08-16 10:23:11,14800.0,2000,Sell,232112959
2024-08-16 10:23:11,14800.0,100,Sell,232112958
2024-08-16 10:23:11,14800.0,3700,Sell,232112956
2024-08-16 10:23:11,14800.0,100,Sell,232112970
2024-08-16 10:23:12,14750.0,2800,Sell,232113118
2024-08-16 10:23:12,14800.0,4000,Sell,232113117
2024-08-16 10:23:12,14800.0,100,Sell,232113116
2024-08-16 10:23:12,14800.0,2900,Sell,232113114
2024-08-16 10:23:12,14800.0,100,Sell,232113110
2024-08-16 10:23:12,14850.0,300,Buy,232113105
2024-08-16 10:23:12,14800.0,200,Sell,232113115
2024-08-16 10:23:14,14800.0,500,Sell,232113247
2024-08-16 10:23:15,14750.0,15000,Sell,232113403
2024-08-16 10:23:16,14850.0,8500,Buy,232113571
2024-08-16 10:23:16,14800.0,1500,Buy,232113570
2024-08-16 10:23:17,14800.0,100,Buy,232113693
2024-08-16 10:23:17,14800.0,200,Buy,232113652
2024-08-16 10:23:19,14800.0,3900,Sell,232113785
2024-08-16 10:23:19,14800.0,100,Sell,232113786
2024-08-16 10:23:19,14800.0,1000,Sell,232113787
2024-08-16 10:23:21,14800.0,100,Buy,232113931
2024-08-16 10:23:21,14800.0,100,Buy,232113995
2024-08-16 10:23:24,14800.0,4800,Buy,232114135
2024-08-16 10:23:24,14800.0,200,Buy,232114136
2024-08-16 10:23:26,14800.0,100,Buy,232114239
2024-08-16 10:23:26,14800.0,100,Buy,232114240
2024-08-16 10:23:28,14800.0,600,Buy,232114404
2024-08-16 10:23:29,14800.0,300,Buy,232114487
2024-08-16 10:23:29,14800.0,100,Buy,232114447
2024-08-16 10:23:29,14800.0,500,Buy,232114416
2024-08-16 10:23:29,14800.0,2300,Buy,232114415
2024-08-16 10:23:29,14800.0,3400,Buy,232114417
2024-08-16 10:23:30,14800.0,100,Buy,232114531
2024-08-16 10:23:30,14800.0,2100,Buy,232114556
2024-08-16 10:23:30,14800.0,200,Buy,232114557
2024-08-16 10:23:30,14800.0,500,Buy,232114558
2024-08-16 10:23:30,14800.0,500,Buy,232114559
2024-08-16 10:23:30,14800.0,100,Buy,232114560
2024-08-16 10:23:30,14800.0,300,Buy,232114561
2024-08-16 10:23:30,14800.0,6700,Buy,232114566
2024-08-16 10:23:30,14800.0,800,Buy,232114567
2024-08-16 10:23:32,14800.0,100,Buy,232114670
2024-08-16 10:23:32,14800.0,500,Buy,232114690
2024-08-16 10:23:33,14800.0,1500,Buy,232114751
2024-08-16 10:23:33,14800.0,500,Buy,232114739
2024-08-16 10:23:33,14800.0,1000,Buy,232114738
2024-08-16 10:23:33,14800.0,200,Buy,232114737
2024-08-16 10:23:33,14800.0,100,Buy,232114736
2024-08-16 10:23:33,14800.0,100,Buy,232114735
2024-08-16 10:23:33,14800.0,1600,Buy,232114734
2024-08-16 10:23:34,14800.0,100,Buy,232114801
2024-08-16 10:23:34,14800.0,20000,Buy,232114834
2024-08-16 10:23:36,14800.0,5000,Buy,232114955
2024-08-16 10:23:38,14800.0,100,Buy,232115047
2024-08-16 10:23:40,14800.0,10000,Buy,232115233
2024-08-16 10:23:40,14800.0,4000,Buy,232115229
2024-08-16 10:23:41,14800.0,3000,Buy,232115274
2024-08-16 10:23:41,14800.0,100,Buy,232115275
2024-08-16 10:23:41,14800.0,100,Buy,232115276
2024-08-16 10:23:41,14800.0,100,Buy,232115277
2024-08-16 10:23:41,14800.0,3300,Buy,232115279
2024-08-16 10:23:41,14800.0,1700,Buy,232115280
2024-08-16 10:23:41,14800.0,1700,Buy,232115278
2024-08-16 10:23:42,14800.0,1000,Buy,232115365
2024-08-16 10:23:43,14800.0,500,Buy,232115393
2024-08-16 10:23:45,14800.0,500,Buy,232115533
2024-08-16 10:23:45,14800.0,1300,Buy,232115562
2024-08-16 10:23:45,14800.0,200,Buy,232115563
2024-08-16 10:23:45,14800.0,1100,Buy,232115564
2024-08-16 10:23:45,14800.0,2400,Buy,232115565
2024-08-16 10:23:47,14800.0,2000,Buy,232115679
2024-08-16 10:23:48,14850.0,100,Buy,232115750
2024-08-16 10:23:48,14850.0,100,Buy,232115748
2024-08-16 10:23:48,14850.0,400,Buy,232115751
2024-08-16 10:23:48,14850.0,100,Buy,232115747
2024-08-16 10:23:48,14850.0,5700,Buy,232115753
2024-08-16 10:23:48,14800.0,1600,Sell,232115790
2024-08-16 10:23:48,14850.0,100,Buy,232115752
2024-08-16 10:23:48,14850.0,500,Buy,232115746
2024-08-16 10:23:48,14850.0,2000,Buy,232115749
2024-08-16 10:23:48,14850.0,200,Buy,232115739
2024-08-16 10:23:48,14800.0,100,Buy,232115717
2024-08-16 10:23:48,14800.0,1000,Buy,232115718
2024-08-16 10:23:48,14850.0,6400,Buy,232115719
2024-08-16 10:23:48,14850.0,100,Buy,232115732
2024-08-16 10:23:48,14850.0,1000,Buy,232115745
2024-08-16 10:23:48,14800.0,600,Buy,232115716
2024-08-16 10:23:48,14850.0,1500,Buy,232115734
2024-08-16 10:23:48,14850.0,100,Buy,232115735
2024-08-16 10:23:48,14850.0,200,Buy,232115733
2024-08-16 10:23:49,14800.0,400,Sell,232115809
2024-08-16 10:23:50,14750.0,500,Sell,232115914
2024-08-16 10:23:53,14800.0,300,Buy,232116180
2024-08-16 10:23:53,14800.0,1300,Buy,232116200
2024-08-16 10:23:53,14800.0,700,Buy,232116219
2024-08-16 10:23:54,14800.0,10000,Buy,232116266
2024-08-16 10:23:56,14800.0,100,Buy,232116316
2024-08-16 10:23:59,14800.0,100,Buy,232116567
2024-08-16 10:24:02,14800.0,7000,Buy,232116789
2024-08-16 10:24:03,14800.0,200,Buy,232116821
2024-08-16 10:24:04,14800.0,500,Buy,232116905
2024-08-16 10:24:04,14800.0,2000,Buy,232116906
2024-08-16 10:24:04,14800.0,3600,Buy,232116907
2024-08-16 10:24:04,14800.0,8000,Buy,232116912
2024-08-16 10:24:04,14800.0,11900,Buy,232116904
2024-08-16 10:24:05,14800.0,10000,Buy,232116968
2024-08-16 10:24:07,14800.0,1300,Buy,232117057
2024-08-16 10:24:08,14800.0,1000,Buy,232117110
2024-08-16 10:24:09,14800.0,100,Buy,232117144
2024-08-16 10:24:09,14800.0,1000,Buy,232117184
2024-08-16 10:24:09,14800.0,1000,Buy,232117183
2024-08-16 10:24:09,14800.0,1900,Buy,232117182
2024-08-16 10:24:09,14800.0,100,Buy,232117146
2024-08-16 10:24:09,14800.0,100,Buy,232117145
2024-08-16 10:24:09,14800.0,1000,Buy,232117143
2024-08-16 10:24:09,14800.0,400,Buy,232117141
2024-08-16 10:24:09,14800.0,16100,Buy,232117135
2024-08-16 10:24:09,14800.0,1000,Buy,232117136
2024-08-16 10:24:09,14800.0,300,Buy,232117137
2024-08-16 10:24:09,14800.0,100,Buy,232117142
2024-08-16 10:24:09,14800.0,100,Buy,232117139
2024-08-16 10:24:09,14800.0,500,Buy,232117140
2024-08-16 10:24:09,14800.0,200,Buy,232117138
2024-08-16 10:24:14,14800.0,200,Sell,232117509
2024-08-16 10:24:15,14800.0,1200,Sell,232117519
2024-08-16 10:24:15,14800.0,2000,Sell,232117578
2024-08-16 10:24:15,14800.0,500,Sell,232117565
2024-08-16 10:24:16,14800.0,2000,Sell,232117619
2024-08-16 10:24:17,14800.0,200,Sell,232117732
2024-08-16 10:24:28,14800.0,100,Sell,232118358
2024-08-16 10:24:28,14800.0,500,Sell,232118359
2024-08-16 10:24:31,14800.0,1000,Sell,232118529
2024-08-16 10:24:31,14850.0,500,Buy,232118530
2024-08-16 10:24:32,14800.0,1000,Sell,232118629
2024-08-16 10:24:34,14850.0,2000,Buy,232118780
2024-08-16 10:24:39,14800.0,300,Sell,232119122
2024-08-16 10:24:40,14800.0,2000,Sell,232119235
2024-08-16 10:24:41,14800.0,2000,Sell,232119314
2024-08-16 10:24:42,14800.0,100,Sell,232119405
2024-08-16 10:24:46,14800.0,500,Sell,232119671
2024-08-16 10:24:48,14800.0,500,Sell,232119840
2024-08-16 10:24:51,14800.0,100,Sell,232120012
2024-08-16 10:24:53,14800.0,300,Sell,232120196
2024-08-16 10:24:59,14800.0,500,Sell,232120669
2024-08-16 10:25:01,14800.0,1000,Sell,232120850
2024-08-16 10:25:05,14800.0,1000,Sell,232121237
2024-08-16 10:25:06,14800.0,100,Sell,232121272
2024-08-16 10:25:06,14850.0,2000,Buy,232121259
2024-08-16 10:25:06,14850.0,1100,Buy,232121264
2024-08-16 10:25:06,14850.0,100,Buy,232121261
2024-08-16 10:25:06,14850.0,100,Buy,232121260
2024-08-16 10:25:06,14850.0,200,Buy,232121258
2024-08-16 10:25:06,14850.0,1000,Buy,232121266
2024-08-16 10:25:06,14850.0,200,Buy,232121256
2024-08-16 10:25:06,14850.0,1100,Buy,232121257
2024-08-16 10:25:06,14850.0,800,Buy,232121250
2024-08-16 10:25:06,14850.0,100,Buy,232121251
2024-08-16 10:25:06,14850.0,100,Buy,232121265
2024-08-16 10:25:06,14850.0,100,Buy,232121252
2024-08-16 10:25:06,14850.0,1000,Buy,232121253
2024-08-16 10:25:06,14850.0,2000,Buy,232121254
2024-08-16 10:25:06,14850.0,100,Buy,232121255
2024-08-16 10:25:11,14800.0,1000,Sell,232121610
2024-08-16 10:25:11,14800.0,2000,Sell,232121627
2024-08-16 10:25:15,14800.0,2000,Sell,232121967
2024-08-16 10:25:20,14800.0,400,Sell,232122308
2024-08-16 10:25:20,14800.0,100,Sell,232122325
2024-08-16 10:25:24,14800.0,1000,Sell,232122721
2024-08-16 10:25:29,14800.0,20000,Sell,232123099
2024-08-16 10:25:30,14850.0,2000,Buy,232123121
2024-08-16 10:25:30,14850.0,500,Buy,232123122
2024-08-16 10:25:30,14850.0,900,Buy,232123123
2024-08-16 10:25:30,14800.0,1000,Sell,232123130
2024-08-16 10:25:30,14800.0,1000,Sell,232123147
2024-08-16 10:25:31,14800.0,1400,Sell,232123201
2024-08-16 10:25:31,14800.0,100,Sell,232123200
2024-08-16 10:25:31,14800.0,500,Sell,232123199
2024-08-16 10:25:34,14800.0,1000,Sell,232123305
2024-08-16 10:25:36,14800.0,2000,Sell,232123477
2024-08-16 10:25:38,14800.0,500,Sell,232123555
2024-08-16 10:25:41,14800.0,100,Sell,232123963
2024-08-16 10:25:41,14800.0,1900,Sell,232123964
2024-08-16 10:25:42,14800.0,100,Sell,232123986
2024-08-16 10:25:42,14850.0,100,Buy,232124039
2024-08-16 10:25:45,14800.0,500,Sell,232124429
2024-08-16 10:25:46,14800.0,500,Sell,232124549
2024-08-16 10:25:46,14800.0,2500,Sell,232124541
2024-08-16 10:25:46,14800.0,3000,Sell,232124542
2024-08-16 10:25:46,14800.0,2100,Sell,232124543
2024-08-16 10:25:46,14800.0,2400,Sell,232124544
2024-08-16 10:25:48,14800.0,300,Sell,232124744
2024-08-16 10:25:49,14800.0,500,Sell,232124778
2024-08-16 10:25:49,14850.0,200,Buy,232124787
2024-08-16 10:25:49,14800.0,500,Sell,232124777
2024-08-16 10:25:49,14850.0,200,Buy,232124751
2024-08-16 10:25:49,14800.0,1000,Sell,232124775
2024-08-16 10:25:49,14800.0,500,Sell,232124749
2024-08-16 10:25:49,14800.0,300,Sell,232124776
2024-08-16 10:25:53,14800.0,1500,Sell,232125131
2024-08-16 10:25:53,14800.0,3000,Sell,232125132
2024-08-16 10:25:53,14800.0,1000,Sell,232125133
2024-08-16 10:25:53,14800.0,1000,Sell,232125134
2024-08-16 10:25:53,14800.0,3500,Sell,232125135
2024-08-16 10:25:53,14800.0,200,Sell,232125147
2024-08-16 10:25:55,14800.0,1000,Sell,232125220
2024-08-16 10:25:57,14850.0,300,Buy,232125467
2024-08-16 10:25:57,14850.0,500,Buy,232125504
2024-08-16 10:25:57,14800.0,2000,Sell,232125513
2024-08-16 10:26:00,14800.0,500,Sell,232125652
2024-08-16 10:26:01,14800.0,100,Sell,232125759
2024-08-16 10:26:02,14800.0,300,Sell,232125784
2024-08-16 10:26:03,14800.0,2000,Sell,232125867
2024-08-16 10:26:04,14800.0,800,Sell,232125960
2024-08-16 10:26:06,14800.0,100,Sell,232126043
2024-08-16 10:26:07,14800.0,100,Sell,232126105
2024-08-16 10:26:13,14800.0,300,Sell,232126607
2024-08-16 10:26:14,14800.0,100,Sell,232126693
2024-08-16 10:26:15,14800.0,9000,Sell,232126831
2024-08-16 10:26:15,14800.0,16000,Sell,232126832
2024-08-16 10:26:15,14800.0,2000,Sell,232126833
2024-08-16 10:26:16,14800.0,500,Sell,232126959
2024-08-16 10:26:16,14800.0,2900,Sell,232126961
2024-08-16 10:26:16,14800.0,2900,Sell,232126957
2024-08-16 10:26:16,14800.0,200,Sell,232126960
2024-08-16 10:26:16,14800.0,5000,Sell,232126956
2024-08-16 10:26:16,14800.0,500,Sell,232126958
2024-08-16 10:26:16,14800.0,2000,Sell,232126954
2024-08-16 10:26:16,14800.0,100,Sell,232126953
2024-08-16 10:26:16,14800.0,1800,Sell,232126952
2024-08-16 10:26:16,14800.0,3000,Sell,232126951
2024-08-16 10:26:16,14800.0,1000,Sell,232126950
2024-08-16 10:26:16,14800.0,1000,Sell,232126936
2024-08-16 10:26:16,14800.0,100,Sell,232126955
2024-08-16 10:26:18,14800.0,2000,Sell,232127136
2024-08-16 10:26:20,14800.0,100,Sell,232127309
2024-08-16 10:26:20,14800.0,300,Sell,232127310
2024-08-16 10:26:20,14800.0,200,Sell,232127311
2024-08-16 10:26:20,14800.0,400,Sell,232127312
2024-08-16 10:26:22,14800.0,1000,Sell,232127457
2024-08-16 10:26:22,14800.0,200,Sell,232127438
2024-08-16 10:26:23,14800.0,1400,Sell,232127490
2024-08-16 10:26:23,14800.0,600,Sell,232127491
2024-08-16 10:26:24,14800.0,2000,Sell,232127545
2024-08-16 10:26:25,14800.0,200,Sell,232127606
2024-08-16 10:26:25,14800.0,500,Sell,232127615
2024-08-16 10:26:25,14800.0,300,Sell,232127616
2024-08-16 10:26:27,14800.0,1000,Sell,232127768
2024-08-16 10:26:28,14800.0,100,Sell,232127785
2024-08-16 10:26:28,14800.0,500,Sell,232127786
2024-08-16 10:26:29,14800.0,100,Sell,232127913
2024-08-16 10:26:29,14800.0,1100,Sell,232127896
2024-08-16 10:26:29,14800.0,2100,Sell,232127892
2024-08-16 10:26:29,14800.0,300,Sell,232127894
2024-08-16 10:26:29,14800.0,1000,Sell,232127893
2024-08-16 10:26:29,14800.0,500,Sell,232127895
2024-08-16 10:26:32,14800.0,1800,Sell,232128117
2024-08-16 10:26:32,14800.0,1500,Sell,232128118
2024-08-16 10:26:32,14800.0,1000,Sell,232128119
2024-08-16 10:26:32,14800.0,2000,Sell,232128120
2024-08-16 10:26:32,14800.0,3700,Sell,232128121
2024-08-16 10:26:33,14800.0,100,Sell,232128256
2024-08-16 10:26:34,14800.0,500,Sell,232128374
2024-08-16 10:26:34,14800.0,500,Sell,232128373
2024-08-16 10:26:35,14800.0,200,Sell,232128460
2024-08-16 10:26:35,14800.0,100,Sell,232128461
2024-08-16 10:26:36,14800.0,4400,Sell,232128539
2024-08-16 10:26:36,14800.0,1000,Sell,232128534
2024-08-16 10:26:36,14800.0,200,Sell,232128538
2024-08-16 10:26:36,14800.0,2000,Sell,232128537
2024-08-16 10:26:36,14800.0,2000,Sell,232128536
2024-08-16 10:26:36,14800.0,5000,Sell,232128535
2024-08-16 10:26:36,14800.0,500,Sell,232128533
2024-08-16 10:26:36,14800.0,2000,Sell,232128526
2024-08-16 10:26:36,14800.0,300,Sell,232128531
2024-08-16 10:26:36,14800.0,100,Sell,232128530
2024-08-16 10:26:36,14800.0,300,Sell,232128529
2024-08-16 10:26:36,14800.0,100,Sell,232128528
2024-08-16 10:26:36,14800.0,200,Sell,232128527
2024-08-16 10:26:36,14800.0,100,Sell,232128525
2024-08-16 10:26:36,14800.0,5000,Sell,232128532
2024-08-16 10:26:38,14800.0,100,Sell,232128683
2024-08-16 10:26:38,14800.0,700,Sell,232128665
2024-08-16 10:26:38,14800.0,4900,Sell,232128682
2024-08-16 10:26:43,14800.0,100,Buy,232128927
2024-08-16 10:26:49,14800.0,1000,Buy,232129291
2024-08-16 10:26:52,14800.0,500,Buy,232129481
2024-08-16 10:26:54,14750.0,2200,Sell,232129603
2024-08-16 10:27:00,14800.0,4300,Buy,232129948
2024-08-16 10:27:00,14800.0,300,Buy,232129985
2024-08-16 10:27:00,14800.0,700,Buy,232129984
2024-08-16 10:27:00,14800.0,400,Buy,232129947
2024-08-16 10:27:00,14800.0,1000,Buy,232129944
2024-08-16 10:27:00,14800.0,100,Buy,232129945
2024-08-16 10:27:00,14800.0,200,Buy,232129943
2024-08-16 10:27:00,14800.0,1000,Buy,232129942
2024-08-16 10:27:00,14800.0,3000,Buy,232129946
2024-08-16 10:27:02,14800.0,200,Buy,232130101
2024-08-16 10:27:02,14800.0,1800,Buy,232130102
2024-08-16 10:27:04,14800.0,200,Buy,232130184
2024-08-16 10:27:04,14800.0,100,Buy,232130217
2024-08-16 10:27:04,14800.0,600,Buy,232130247
2024-08-16 10:27:04,14800.0,400,Buy,232130248
2024-08-16 10:27:05,14800.0,500,Buy,232130273
2024-08-16 10:27:08,14800.0,1000,Buy,232130460
2024-08-16 10:27:09,14800.0,100,Buy,232130547
2024-08-16 10:27:13,14800.0,100,Buy,232130853
2024-08-16 10:27:16,14800.0,500,Buy,232131068
2024-08-16 10:27:18,14800.0,200,Buy,232131155
2024-08-16 10:27:22,14800.0,200,Buy,232131406
2024-08-16 10:27:22,14800.0,100,Buy,232131448
2024-08-16 10:27:23,14800.0,100,Buy,232131531
2024-08-16 10:27:26,14800.0,2000,Buy,232131726
2024-08-16 10:27:26,14800.0,100,Buy,232131715
2024-08-16 10:27:26,14800.0,200,Buy,232131727
2024-08-16 10:27:30,14800.0,10000,Buy,232131919
2024-08-16 10:27:31,14800.0,200,Buy,232131975
2024-08-16 10:27:32,14800.0,100,Buy,232132045
2024-08-16 10:27:32,14800.0,2000,Buy,232132044
2024-08-16 10:27:32,14800.0,100,Buy,232132043
2024-08-16 10:27:32,14800.0,300,Buy,232132042
2024-08-16 10:27:32,14800.0,2000,Buy,232132041
2024-08-16 10:27:32,14800.0,100,Buy,232132040
2024-08-16 10:27:32,14800.0,1000,Buy,232132039
2024-08-16 10:27:32,14800.0,300,Buy,232132038
2024-08-16 10:27:32,14800.0,100,Buy,232132037
2024-08-16 10:27:32,14800.0,200,Buy,232132036
2024-08-16 10:27:32,14800.0,1000,Buy,232132033
2024-08-16 10:27:32,14800.0,1000,Buy,232132035
2024-08-16 10:27:32,14800.0,500,Buy,232132023
2024-08-16 10:27:32,14800.0,4300,Buy,232132021
2024-08-16 10:27:32,14800.0,1000,Buy,232132022
2024-08-16 10:27:32,14800.0,200,Buy,232132032
2024-08-16 10:27:32,14800.0,5500,Buy,232132024
2024-08-16 10:27:32,14800.0,8000,Buy,232132025
2024-08-16 10:27:32,14800.0,2000,Buy,232132034
2024-08-16 10:27:32,14800.0,5000,Buy,232132027
2024-08-16 10:27:32,14800.0,3000,Buy,232132028
2024-08-16 10:27:32,14800.0,2000,Buy,232132029
2024-08-16 10:27:32,14800.0,100,Buy,232132030
2024-08-16 10:27:32,14800.0,1000,Buy,232132031
2024-08-16 10:27:32,14800.0,100,Buy,232132026
2024-08-16 10:27:36,14800.0,500,Sell,232132300
2024-08-16 10:27:36,14800.0,2300,Sell,232132312
2024-08-16 10:27:40,14800.0,100,Sell,232132539
2024-08-16 10:27:42,14800.0,1000,Sell,232132695
2024-08-16 10:27:43,14800.0,100,Sell,232132728
2024-08-16 10:27:50,14800.0,200,Sell,232133176
2024-08-16 10:27:51,14800.0,100,Sell,232133199
2024-08-16 10:27:51,14800.0,4900,Sell,232133198
2024-08-16 10:27:52,14800.0,500,Sell,232133273
2024-08-16 10:27:52,14800.0,1000,Sell,232133274
2024-08-16 10:27:59,14800.0,200,Sell,232133825
2024-08-16 10:27:59,14800.0,200,Sell,232133865
2024-08-16 10:28:00,14800.0,500,Sell,232133877
2024-08-16 10:28:01,14800.0,400,Sell,232133958
2024-08-16 10:28:06,14800.0,500,Sell,232134465
2024-08-16 10:28:06,14850.0,100,Buy,232134471
2024-08-16 10:28:06,14800.0,1000,Sell,232134490
2024-08-16 10:28:11,14800.0,200,Sell,232134897
2024-08-16 10:28:12,14800.0,100,Sell,232134995
2024-08-16 10:28:13,14800.0,700,Sell,232135079
2024-08-16 10:28:13,14800.0,300,Sell,232135078
2024-08-16 10:28:15,14800.0,200,Sell,232135167
2024-08-16 10:28:15,14800.0,100,Sell,232135170
2024-08-16 10:28:17,14800.0,500,Sell,232135261
2024-08-16 10:28:18,14800.0,200,Sell,232135330
2024-08-16 10:28:19,14800.0,2000,Sell,232135411
2024-08-16 10:28:19,14800.0,1600,Sell,232135412
2024-08-16 10:28:19,14800.0,100,Sell,232135410
2024-08-16 10:28:19,14800.0,1300,Sell,232135405
2024-08-16 10:28:19,14800.0,10000,Sell,232135408
2024-08-16 10:28:19,14800.0,500,Sell,232135407
2024-08-16 10:28:19,14800.0,500,Sell,232135406
2024-08-16 10:28:19,14800.0,1000,Sell,232135409
2024-08-16 10:28:20,14800.0,100,Sell,232135479
2024-08-16 10:28:20,14800.0,1000,Sell,232135480
2024-08-16 10:28:20,14800.0,100,Sell,232135481
2024-08-16 10:28:20,14800.0,200,Sell,232135482
2024-08-16 10:28:20,14800.0,100,Sell,232135483
2024-08-16 10:28:20,14800.0,1000,Sell,232135484
2024-08-16 10:28:20,14800.0,300,Buy,232135485
