time,price,volume,match_type,id
2024-08-23 09:14:38,15750.0,193900,ATO/ATC,234119071
2024-08-23 09:14:38,15700.0,100,Sell,234119151
2024-08-23 09:14:53,15700.0,300,Sell,234119364
2024-08-23 09:14:56,15700.0,100,Sell,234119406
2024-08-23 09:14:57,15700.0,1000,Sell,234119431
2024-08-23 09:15:01,15700.0,600,Sell,234119506
2024-08-23 09:15:01,15700.0,200,Sell,234119507
2024-08-23 09:15:12,15700.0,4800,Buy,234119673
2024-08-23 09:15:12,15700.0,4200,Buy,234119671
2024-08-23 09:15:12,15700.0,1000,Buy,234119672
2024-08-23 09:15:21,15700.0,100,Buy,234119832
2024-08-23 09:15:31,15700.0,600,Buy,234119994
2024-08-23 09:15:34,15700.0,100,Buy,234120069
2024-08-23 09:15:36,15650.0,1400,Sell,234120155
2024-08-23 09:15:40,15650.0,1000,Sell,234120282
2024-08-23 09:15:42,15650.0,7600,Sell,234120306
2024-08-23 09:15:42,15650.0,10000,Sell,234120307
2024-08-23 09:15:42,15650.0,1000,Sell,234120308
2024-08-23 09:15:42,15650.0,1000,Sell,234120309
2024-08-23 09:15:48,15650.0,1000,Buy,234120470
2024-08-23 09:16:00,15650.0,100,Buy,234120757
2024-08-23 09:16:11,15650.0,1000,Buy,234121068
2024-08-23 09:16:22,15650.0,200,Buy,234121373
2024-08-23 09:16:23,15650.0,100,Buy,234121375
2024-08-23 09:16:28,15650.0,100,Buy,234121500
2024-08-23 09:16:50,15650.0,500,Buy,234122044
2024-08-23 09:16:54,15650.0,200,Buy,234122103
2024-08-23 09:16:55,15650.0,200,Buy,234122137
2024-08-23 09:16:56,15650.0,100,Buy,234122195
2024-08-23 09:17:10,15600.0,100,Sell,234122470
2024-08-23 09:17:12,15650.0,1000,Buy,234122507
2024-08-23 09:17:23,15600.0,4000,Sell,234122894
2024-08-23 09:17:23,15600.0,1000,Sell,234122893
2024-08-23 09:17:23,15600.0,1000,Sell,234122892
2024-08-23 09:17:23,15600.0,500,Sell,234122891
2024-08-23 09:17:23,15600.0,800,Sell,234122890
2024-08-23 09:17:23,15600.0,200,Sell,234122884
2024-08-23 09:17:23,15600.0,10000,Sell,234122888
2024-08-23 09:17:23,15600.0,300,Sell,234122886
2024-08-23 09:17:23,15600.0,100,Sell,234122885
2024-08-23 09:17:23,15600.0,2000,Sell,234122883
2024-08-23 09:17:23,15600.0,4300,Sell,234122889
2024-08-23 09:17:23,15600.0,1000,Sell,234122881
2024-08-23 09:17:23,15600.0,5600,Sell,234122882
2024-08-23 09:17:23,15600.0,100,Sell,234122871
2024-08-23 09:17:23,15600.0,9000,Sell,234122872
2024-08-23 09:17:23,15600.0,4000,Sell,234122873
2024-08-23 09:17:23,15600.0,1000,Sell,234122874
2024-08-23 09:17:23,15600.0,100,Sell,234122875
2024-08-23 09:17:23,15600.0,1000,Sell,234122887
2024-08-23 09:17:23,15600.0,100,Sell,234122877
2024-08-23 09:17:23,15600.0,100,Sell,234122880
2024-08-23 09:17:23,15600.0,100,Sell,234122879
2024-08-23 09:17:23,15600.0,3000,Sell,234122876
2024-08-23 09:17:23,15600.0,700,Sell,234122878
2024-08-23 09:17:25,15600.0,100,Sell,234122941
2024-08-23 09:17:25,15600.0,400,Sell,234122942
2024-08-23 09:17:25,15600.0,200,Sell,234122943
2024-08-23 09:17:25,15600.0,1500,Sell,234122944
2024-08-23 09:17:25,15600.0,7800,Sell,234122945
2024-08-23 09:17:26,15600.0,200,Sell,234122990
2024-08-23 09:17:26,15600.0,300,Sell,234122996
2024-08-23 09:17:26,15600.0,900,Sell,234122995
2024-08-23 09:17:26,15600.0,1000,Sell,234122994
2024-08-23 09:17:26,15600.0,2000,Sell,234122993
2024-08-23 09:17:26,15600.0,5000,Buy,234123022
2024-08-23 09:17:26,15600.0,4900,Sell,234122992
2024-08-23 09:17:26,15600.0,500,Sell,234122991
2024-08-23 09:17:26,15600.0,100,Sell,234122997
2024-08-23 09:17:26,15600.0,300,Sell,234122989
2024-08-23 09:17:26,15600.0,100,Sell,234122987
2024-08-23 09:17:26,15600.0,100,Sell,234122988
2024-08-23 09:17:26,15600.0,2200,Sell,234122980
2024-08-23 09:17:26,15600.0,1000,Sell,234122981
2024-08-23 09:17:26,15600.0,5000,Sell,234122985
2024-08-23 09:17:26,15600.0,800,Sell,234122983
2024-08-23 09:17:26,15600.0,100,Sell,234122984
2024-08-23 09:17:26,15600.0,10000,Sell,234122986
2024-08-23 09:17:26,15600.0,600,Sell,234122982
2024-08-23 09:17:35,15600.0,100,Buy,234123219
2024-08-23 09:17:52,15600.0,2000,Buy,234123667
2024-08-23 09:17:56,15600.0,1500,Buy,234123832
2024-08-23 09:18:03,15600.0,500,Buy,234124051
2024-08-23 09:18:07,15600.0,400,Buy,234124159
2024-08-23 09:18:07,15600.0,200,Buy,234124171
2024-08-23 09:18:08,15600.0,100,Buy,234124193
2024-08-23 09:18:14,15600.0,200,Buy,234124328
2024-08-23 09:18:19,15600.0,200,Buy,234124535
2024-08-23 09:18:32,15600.0,200,Buy,234124825
2024-08-23 09:18:32,15600.0,8800,Buy,234124823
2024-08-23 09:18:32,15600.0,1000,Buy,234124824
2024-08-23 09:18:36,15600.0,1000,Buy,234124954
2024-08-23 09:18:36,15600.0,600,Buy,234124956
2024-08-23 09:18:36,15600.0,300,Buy,234124953
2024-08-23 09:18:36,15600.0,100,Buy,234124955
2024-08-23 09:18:42,15600.0,400,Buy,234125140
2024-08-23 09:18:42,15600.0,100,Buy,234125141
2024-08-23 09:18:44,15600.0,1400,Buy,234125182
2024-08-23 09:18:44,15600.0,2000,Buy,234125183
2024-08-23 09:18:44,15600.0,200,Buy,234125184
2024-08-23 09:18:44,15600.0,100,Buy,234125185
2024-08-23 09:18:44,15600.0,100,Buy,234125186
2024-08-23 09:18:44,15600.0,6000,Buy,234125187
2024-08-23 09:18:44,15600.0,100,Buy,234125188
2024-08-23 09:18:44,15600.0,100,Buy,234125189
2024-08-23 09:19:00,15600.0,900,Buy,234125593
2024-08-23 09:19:00,15600.0,300,Buy,234125594
2024-08-23 09:19:02,15600.0,500,Buy,234125661
2024-08-23 09:19:08,15550.0,400,Sell,234125832
2024-08-23 09:19:08,15550.0,500,Sell,234125831
2024-08-23 09:19:08,15550.0,1000,Sell,234125830
2024-08-23 09:19:08,15550.0,100,Sell,234125828
2024-08-23 09:19:08,15550.0,900,Sell,234125827
2024-08-23 09:19:08,15550.0,100,Sell,234125829
2024-08-23 09:19:20,15550.0,600,Sell,234126170
2024-08-23 09:19:20,15550.0,200,Sell,234126169
2024-08-23 09:19:20,15550.0,11000,Sell,234126167
2024-08-23 09:19:20,15550.0,5000,Sell,234126168
2024-08-23 09:19:20,15550.0,200,Sell,234126165
2024-08-23 09:19:20,15550.0,300,Sell,234126164
2024-08-23 09:19:20,15550.0,100,Sell,234126163
2024-08-23 09:19:20,15550.0,4500,Sell,234126162
2024-08-23 09:19:20,15550.0,2000,Sell,234126166
2024-08-23 09:19:35,15550.0,100,Sell,234126491
2024-08-23 09:19:37,15600.0,200,Buy,234126539
2024-08-23 09:19:37,15600.0,100,Buy,234126540
2024-08-23 09:19:38,15550.0,900,Sell,234126577
2024-08-23 09:19:43,15550.0,100,Sell,234126706
2024-08-23 09:20:01,15550.0,500,Sell,234127171
2024-08-23 09:20:04,15550.0,1800,Sell,234127232
2024-08-23 09:20:05,15600.0,400,Buy,234127249
2024-08-23 09:20:05,15600.0,100,Buy,234127248
2024-08-23 09:20:10,15600.0,33900,Buy,234127369
2024-08-23 09:20:10,15600.0,200,Buy,234127368
2024-08-23 09:20:10,15600.0,7100,Buy,234127364
2024-08-23 09:20:10,15600.0,1600,Buy,234127366
2024-08-23 09:20:10,15600.0,7000,Buy,234127367
2024-08-23 09:20:10,15600.0,200,Buy,234127365
2024-08-23 09:20:21,15600.0,1000,Buy,234127626
2024-08-23 09:20:22,15600.0,15100,Buy,234127651
2024-08-23 09:20:22,15600.0,4900,Buy,234127652
2024-08-23 09:20:25,15600.0,100,Buy,234127706
2024-08-23 09:20:25,15600.0,7000,Buy,234127707
2024-08-23 09:20:25,15600.0,100,Buy,234127708
2024-08-23 09:20:25,15600.0,700,Buy,234127710
2024-08-23 09:20:25,15600.0,1000,Buy,234127711
2024-08-23 09:20:25,15600.0,100,Buy,234127712
2024-08-23 09:20:25,15600.0,1000,Buy,234127709
2024-08-23 09:20:28,15600.0,400,Buy,234127776
2024-08-23 09:20:28,15600.0,600,Buy,234127777
2024-08-23 09:20:34,15600.0,5000,Buy,234127915
2024-08-23 09:20:34,15600.0,2000,Buy,234127916
2024-08-23 09:20:34,15600.0,2000,Buy,234127914
2024-08-23 09:20:34,15600.0,1000,Buy,234127912
2024-08-23 09:20:34,15600.0,100,Buy,234127911
2024-08-23 09:20:34,15600.0,1400,Buy,234127910
2024-08-23 09:20:34,15600.0,100,Buy,234127913
2024-08-23 09:20:39,15600.0,100,Sell,234128049
2024-08-23 09:20:43,15600.0,1000,Sell,234128164
2024-08-23 09:20:48,15600.0,1000,Sell,234128249
2024-08-23 09:20:50,15600.0,300,Sell,234128293
2024-08-23 09:20:51,15600.0,1000,Sell,234128350
2024-08-23 09:20:52,15600.0,3000,Sell,234128361
2024-08-23 09:20:54,15600.0,500,Sell,234128404
2024-08-23 09:20:54,15600.0,2000,Sell,234128401
2024-08-23 09:20:54,15600.0,200,Sell,234128402
2024-08-23 09:20:54,15600.0,300,Sell,234128403
2024-08-23 09:20:58,15600.0,5000,Sell,234128541
2024-08-23 09:21:01,15600.0,5000,Sell,234128617
2024-08-23 09:21:02,15600.0,3200,Sell,234128652
2024-08-23 09:21:02,15600.0,6300,Sell,234128653
2024-08-23 09:21:02,15600.0,500,Sell,234128654
2024-08-23 09:21:02,15600.0,200,Sell,234128655
2024-08-23 09:21:06,15600.0,100,Sell,234128756
2024-08-23 09:21:17,15600.0,1100,Sell,234129082
2024-08-23 09:21:17,15600.0,700,Sell,234129081
2024-08-23 09:21:40,15600.0,1000,Sell,234129677
2024-08-23 09:21:41,15600.0,2000,Sell,234129707
2024-08-23 09:21:41,15600.0,500,Sell,234129696
2024-08-23 09:21:41,15600.0,100,Sell,234129704
2024-08-23 09:21:48,15600.0,100,Sell,234129899
2024-08-23 09:21:52,15600.0,100,Sell,234130000
2024-08-23 09:22:08,15600.0,500,Sell,234130384
2024-08-23 09:22:10,15600.0,200,Sell,234130440
2024-08-23 09:22:24,15600.0,1000,Sell,234130719
2024-08-23 09:22:24,15600.0,100,Sell,234130730
2024-08-23 09:22:25,15600.0,1000,Sell,234130746
2024-08-23 09:22:29,15600.0,3700,Sell,234130844
2024-08-23 09:22:29,15600.0,6300,Sell,234130843
2024-08-23 09:22:29,15600.0,1000,Sell,234130842
2024-08-23 09:22:30,15600.0,500,Sell,234130866
2024-08-23 09:22:30,15600.0,100,Sell,234130867
2024-08-23 09:22:30,15600.0,9400,Sell,234130868
2024-08-23 09:22:40,15600.0,2800,Sell,234131166
2024-08-23 09:22:57,15600.0,5000,Sell,234131614
2024-08-23 09:23:02,15600.0,1500,Sell,234131700
2024-08-23 09:23:03,15600.0,100,Sell,234131702
2024-08-23 09:23:06,15600.0,300,Sell,234131784
2024-08-23 09:23:12,15600.0,900,Sell,234131987
2024-08-23 09:23:12,15600.0,1100,Sell,234131988
2024-08-23 09:23:49,15600.0,600,Sell,234132890
2024-08-23 09:23:57,15600.0,300,Sell,234133113
2024-08-23 09:23:57,15600.0,100,Sell,234133114
2024-08-23 09:23:57,15600.0,700,Sell,234133115
2024-08-23 09:24:04,15600.0,1500,Sell,234133286
2024-08-23 09:24:05,15600.0,800,Sell,234133298
2024-08-23 09:24:05,15600.0,400,Sell,234133299
2024-08-23 09:24:05,15600.0,5000,Sell,234133300
2024-08-23 09:24:05,15600.0,4300,Sell,234133301
2024-08-23 09:24:07,15600.0,200,Sell,234133367
2024-08-23 09:24:21,15600.0,1000,Sell,234133711
2024-08-23 09:24:27,15600.0,100,Sell,234133797
2024-08-23 09:24:47,15600.0,1000,Sell,234134260
2024-08-23 09:25:17,15600.0,3000,Sell,234135029
2024-08-23 09:25:17,15600.0,200,Sell,234135028
2024-08-23 09:25:17,15600.0,1000,Sell,234135027
2024-08-23 09:25:17,15600.0,5000,Sell,234135026
2024-08-23 09:25:17,15600.0,500,Sell,234135025
2024-08-23 09:25:17,15600.0,1000,Sell,234135024
2024-08-23 09:25:17,15600.0,400,Sell,234135021
2024-08-23 09:25:17,15600.0,1000,Sell,234135022
2024-08-23 09:25:17,15600.0,100,Sell,234135023
2024-08-23 09:25:17,15600.0,100,Sell,234135017
2024-08-23 09:25:17,15600.0,100,Sell,234135020
2024-08-23 09:25:17,15600.0,100,Sell,234135019
2024-08-23 09:25:17,15600.0,1500,Sell,234135018
2024-08-23 09:25:25,15650.0,1200,Buy,234135180
2024-08-23 09:25:25,15650.0,1000,Buy,234135181
2024-08-23 09:25:25,15650.0,200,Buy,234135182
2024-08-23 09:25:25,15650.0,600,Buy,234135183
2024-08-23 09:25:25,15650.0,16900,Buy,234135184
2024-08-23 09:25:25,15650.0,100,Buy,234135179
2024-08-23 09:25:28,15650.0,10000,Buy,234135279
2024-08-23 09:25:35,15650.0,200,Buy,234135496
2024-08-23 09:25:35,15650.0,500,Buy,234135506
2024-08-23 09:25:35,15650.0,1000,Buy,234135505
2024-08-23 09:25:35,15650.0,200,Buy,234135504
2024-08-23 09:25:35,15650.0,100,Buy,234135503
2024-08-23 09:25:35,15650.0,5000,Buy,234135498
2024-08-23 09:25:35,15650.0,400,Buy,234135497
2024-08-23 09:25:35,15650.0,200,Buy,234135507
2024-08-23 09:25:35,15650.0,5000,Buy,234135494
2024-08-23 09:25:35,15650.0,1000,Buy,234135493
2024-08-23 09:25:35,15650.0,100,Buy,234135491
2024-08-23 09:25:35,15650.0,500,Buy,234135490
2024-08-23 09:25:35,15650.0,100,Buy,234135489
2024-08-23 09:25:35,15650.0,100,Buy,234135488
2024-08-23 09:25:35,15650.0,1000,Buy,234135487
2024-08-23 09:25:35,15650.0,3100,Buy,234135486
2024-08-23 09:25:35,15650.0,1000,Buy,234135495
2024-08-23 09:25:35,15650.0,500,Buy,234135492
2024-08-23 09:25:46,15650.0,300,Buy,234135709
2024-08-23 09:25:46,15650.0,700,Buy,234135710
2024-08-23 09:25:46,15650.0,1000,Buy,234135711
2024-08-23 09:25:47,15650.0,600,Sell,234135731
2024-08-23 09:26:01,15650.0,1000,Sell,234136237
2024-08-23 09:26:08,15650.0,1000,Sell,234136431
2024-08-23 09:26:09,15650.0,100,Sell,234136479
2024-08-23 09:26:22,15650.0,1000,Sell,234136777
2024-08-23 09:26:26,15650.0,200,Sell,234136896
2024-08-23 09:26:35,15700.0,100,Buy,234137142
2024-08-23 09:26:38,15650.0,100,Sell,234137216
2024-08-23 09:26:42,15650.0,100,Sell,234137325
2024-08-23 09:26:53,15700.0,200,Buy,234137613
2024-08-23 09:27:02,15650.0,6800,Sell,234137864
2024-08-23 09:27:07,15700.0,900,Buy,234138061
2024-08-23 09:27:20,15700.0,100,Buy,234138404
2024-08-23 09:27:20,15700.0,200,Buy,234138405
2024-08-23 09:27:20,15700.0,100,Buy,234138406
2024-08-23 09:27:20,15700.0,1000,Buy,234138407
2024-08-23 09:27:20,15700.0,600,Buy,234138408
2024-08-23 09:27:29,15700.0,600,Buy,234138691
2024-08-23 09:27:38,15700.0,100,Buy,234139020
2024-08-23 09:27:43,15650.0,1000,Sell,234139175
2024-08-23 09:27:47,15700.0,700,Buy,234139288
2024-08-23 09:27:47,15700.0,100,Buy,234139289
2024-08-23 09:27:47,15700.0,2000,Buy,234139290
2024-08-23 09:27:47,15700.0,500,Buy,234139291
2024-08-23 09:27:47,15700.0,700,Buy,234139292
2024-08-23 09:28:07,15650.0,100,Sell,234139891
2024-08-23 09:28:15,15650.0,4700,Sell,234140093
2024-08-23 09:28:15,15650.0,100,Sell,234140092
2024-08-23 09:28:15,15650.0,6000,Sell,234140091
2024-08-23 09:28:23,15650.0,2400,Sell,234140318
2024-08-23 09:28:24,15700.0,100,Buy,234140339
2024-08-23 09:28:35,15700.0,300,Buy,234140676
2024-08-23 09:28:43,15650.0,1000,Sell,234140897
2024-08-23 09:28:45,15700.0,100,Buy,234140944
2024-08-23 09:28:51,15700.0,200,Buy,234141127
2024-08-23 09:29:09,15700.0,100,Buy,234141762
2024-08-23 09:29:34,15650.0,1900,Sell,234142444
2024-08-23 09:29:40,15700.0,500,Buy,234142731
2024-08-23 09:29:40,15700.0,1000,Buy,234142738
2024-08-23 09:29:40,15700.0,200,Buy,234142737
2024-08-23 09:29:40,15700.0,1000,Buy,234142736
2024-08-23 09:29:40,15700.0,200,Buy,234142735
2024-08-23 09:29:40,15700.0,1000,Buy,234142734
2024-08-23 09:29:40,15700.0,1000,Buy,234142733
2024-08-23 09:29:40,15700.0,100,Buy,234142732
2024-08-23 09:29:40,15700.0,5100,Buy,234142739
2024-08-23 09:29:40,15700.0,1000,Buy,234142730
2024-08-23 09:29:40,15700.0,100,Buy,234142722
2024-08-23 09:29:40,15700.0,2500,Buy,234142715
2024-08-23 09:29:40,15700.0,2000,Buy,234142716
2024-08-23 09:29:40,15700.0,20000,Buy,234142717
2024-08-23 09:29:40,15700.0,100,Buy,234142729
2024-08-23 09:29:40,15700.0,2200,Buy,234142719
2024-08-23 09:29:40,15700.0,10000,Buy,234142720
2024-08-23 09:29:40,15700.0,1000,Buy,234142721
2024-08-23 09:29:40,15700.0,1000,Buy,234142718
2024-08-23 09:29:44,15700.0,400,Buy,234142879
2024-08-23 09:29:45,15650.0,500,Sell,234142923
2024-08-23 09:29:51,15700.0,300,Buy,234143111
2024-08-23 09:29:51,15700.0,28300,Buy,234143118
2024-08-23 09:29:51,15700.0,100,Buy,234143117
2024-08-23 09:29:51,15700.0,10000,Buy,234143116
2024-08-23 09:29:51,15700.0,1000,Buy,234143115
2024-08-23 09:29:51,15700.0,100,Buy,234143114
2024-08-23 09:29:51,15700.0,1000,Buy,234143113
2024-08-23 09:29:51,15700.0,200,Buy,234143112
2024-08-23 09:29:51,15700.0,1000,Buy,234143110
2024-08-23 09:29:51,15700.0,2000,Buy,234143108
2024-08-23 09:29:51,15700.0,100,Buy,234143107
2024-08-23 09:29:51,15700.0,200,Buy,234143106
2024-08-23 09:29:51,15700.0,200,Buy,234143105
2024-08-23 09:29:51,15700.0,29900,Buy,234143104
2024-08-23 09:29:51,15700.0,100,Buy,234143103
2024-08-23 09:29:51,15700.0,1000,Buy,234143102
2024-08-23 09:29:51,15700.0,14500,Buy,234143101
2024-08-23 09:29:51,15700.0,10000,Buy,234143109
2024-08-23 09:29:57,15700.0,1000,Buy,234143316
2024-08-23 09:30:02,15700.0,500,Buy,234143452
2024-08-23 09:30:03,15700.0,7800,Buy,234143489
2024-08-23 09:30:03,15700.0,200,Buy,234143488
2024-08-23 09:30:03,15700.0,100,Buy,234143487
2024-08-23 09:30:03,15700.0,100,Buy,234143486
2024-08-23 09:30:03,15700.0,500,Buy,234143485
2024-08-23 09:30:03,15700.0,200,Buy,234143484
2024-08-23 09:30:03,15700.0,1000,Buy,234143483
2024-08-23 09:30:03,15700.0,5000,Buy,234143482
2024-08-23 09:30:03,15700.0,1700,Buy,234143481
2024-08-23 09:30:03,15700.0,100,Buy,234143478
2024-08-23 09:30:03,15700.0,100,Buy,234143479
2024-08-23 09:30:03,15700.0,1000,Buy,234143471
2024-08-23 09:30:03,15700.0,100,Buy,234143472
2024-08-23 09:30:03,15700.0,500,Buy,234143473
2024-08-23 09:30:03,15700.0,1000,Buy,234143474
2024-08-23 09:30:03,15700.0,100,Buy,234143480
2024-08-23 09:30:03,15700.0,10000,Buy,234143476
2024-08-23 09:30:03,15700.0,200,Buy,234143470
2024-08-23 09:30:03,15700.0,200,Buy,234143475
2024-08-23 09:30:03,15700.0,100,Buy,234143477
2024-08-23 09:30:09,15700.0,700,Buy,234143638
2024-08-23 09:30:10,15700.0,300,Buy,234143660
2024-08-23 09:30:10,15700.0,500,Buy,234143661
2024-08-23 09:30:10,15700.0,100,Buy,234143662
2024-08-23 09:30:10,15700.0,1100,Buy,234143663
2024-08-23 09:30:10,15700.0,3800,Buy,234143669
2024-08-23 09:30:10,15700.0,1000,Buy,234143670
2024-08-23 09:30:13,15700.0,2400,Buy,234143798
2024-08-23 09:30:13,15700.0,27600,Buy,234143799
2024-08-23 09:30:14,15700.0,2400,Buy,234143818
2024-08-23 09:30:14,15700.0,2000,Buy,234143819
2024-08-23 09:30:14,15700.0,600,Buy,234143820
2024-08-23 09:30:18,15700.0,1000,Buy,234143933
2024-08-23 09:30:18,15700.0,900,Buy,234143931
2024-08-23 09:30:18,15700.0,700,Buy,234143932
2024-08-23 09:30:24,15700.0,8300,Buy,234144097
2024-08-23 09:30:24,15700.0,5000,Buy,234144096
2024-08-23 09:30:25,15700.0,6700,Sell,234144134
2024-08-23 09:30:28,15700.0,1700,Sell,234144220
2024-08-23 09:30:33,15700.0,100,Buy,234144354
2024-08-23 09:30:35,15700.0,3200,Buy,234144415
2024-08-23 09:30:35,15700.0,800,Buy,234144416
2024-08-23 09:30:37,15700.0,7500,Buy,234144465
2024-08-23 09:30:37,15700.0,900,Buy,234144466
2024-08-23 09:30:37,15700.0,7800,Sell,234144488
2024-08-23 09:30:38,15700.0,3800,Sell,234144493
2024-08-23 09:30:47,15700.0,1400,Sell,234144791
2024-08-23 09:30:47,15700.0,1000,Sell,234144771
2024-08-23 09:30:47,15700.0,100,Sell,234144789
2024-08-23 09:30:47,15700.0,200,Sell,234144790
2024-08-23 09:30:49,15700.0,8900,Sell,234144825
2024-08-23 09:30:50,15700.0,10800,Sell,234144863
2024-08-23 09:30:51,15700.0,300,Sell,234144871
2024-08-23 09:30:51,15700.0,300,Sell,234144872
2024-08-23 09:30:52,15700.0,2000,Buy,234144926
2024-08-23 09:31:03,15700.0,4500,Buy,234145323
2024-08-23 09:31:03,15700.0,1000,Buy,234145322
2024-08-23 09:31:03,15700.0,5400,Buy,234145319
2024-08-23 09:31:03,15700.0,200,Buy,234145321
2024-08-23 09:31:03,15700.0,8900,Buy,234145320
2024-08-23 09:31:04,15700.0,1800,Buy,234145358
2024-08-23 09:31:14,15700.0,6700,Buy,234145570
2024-08-23 09:31:15,15700.0,7000,Buy,234145623
2024-08-23 09:31:15,15700.0,8000,Buy,234145624
2024-08-23 09:31:18,15700.0,500,Buy,234145678
2024-08-23 09:31:18,15700.0,600,Buy,234145680
2024-08-23 09:31:18,15700.0,900,Buy,234145676
2024-08-23 09:31:18,15700.0,5000,Buy,234145677
2024-08-23 09:31:18,15700.0,2000,Buy,234145679
2024-08-23 09:31:19,15700.0,500,Buy,234145699
2024-08-23 09:31:21,15700.0,5000,Buy,234145758
2024-08-23 09:31:26,15700.0,2800,Buy,234145905
2024-08-23 09:31:32,15700.0,11100,Buy,234146060
2024-08-23 09:31:32,15700.0,5000,Buy,234146061
2024-08-23 09:31:32,15700.0,3900,Buy,234146062
2024-08-23 09:31:43,15700.0,1000,Buy,234146418
2024-08-23 09:31:48,15700.0,100,Buy,234146561
2024-08-23 09:31:58,15650.0,100,Sell,234146837
2024-08-23 09:32:01,15700.0,100,Buy,234146906
2024-08-23 09:32:13,15700.0,600,Buy,234147205
2024-08-23 09:32:16,15650.0,1000,Sell,234147308
2024-08-23 09:32:21,15650.0,18400,Sell,234147454
2024-08-23 09:32:21,15650.0,1000,Sell,234147455
2024-08-23 09:32:21,15650.0,300,Sell,234147456
2024-08-23 09:32:21,15650.0,100,Sell,234147457
2024-08-23 09:32:21,15650.0,20000,Sell,234147458
2024-08-23 09:32:21,15650.0,10000,Sell,234147460
2024-08-23 09:32:21,15650.0,100,Sell,234147461
2024-08-23 09:32:21,15650.0,1000,Sell,234147462
2024-08-23 09:32:21,15650.0,100,Sell,234147463
2024-08-23 09:32:21,15650.0,4400,Sell,234147464
2024-08-23 09:32:21,15650.0,1500,Sell,234147459
2024-08-23 09:32:25,15700.0,1300,Buy,234147546
2024-08-23 09:32:36,15650.0,300,Sell,234147808
2024-08-23 09:32:37,15650.0,7000,Sell,234147831
2024-08-23 09:32:37,15650.0,7300,Sell,234147830
2024-08-23 09:32:37,15650.0,100,Sell,234147833
2024-08-23 09:32:37,15650.0,7000,Sell,234147834
2024-08-23 09:32:37,15650.0,15000,Sell,234147832
2024-08-23 09:32:37,15650.0,100,Sell,234147829
2024-08-23 09:32:37,15650.0,1400,Sell,234147824
2024-08-23 09:32:37,15650.0,4000,Sell,234147827
2024-08-23 09:32:37,15650.0,100,Sell,234147828
2024-08-23 09:32:37,15650.0,500,Sell,234147822
2024-08-23 09:32:37,15650.0,15300,Sell,234147821
2024-08-23 09:32:37,15650.0,100,Sell,234147825
2024-08-23 09:32:37,15650.0,1800,Sell,234147826
2024-08-23 09:32:37,15650.0,1000,Sell,234147823
2024-08-23 09:32:48,15650.0,600,Sell,234148106
2024-08-23 09:32:51,15650.0,5000,Sell,234148142
2024-08-23 09:32:52,15650.0,7400,Sell,234148162
2024-08-23 09:32:52,15650.0,300,Sell,234148163
2024-08-23 09:32:52,15650.0,3100,Sell,234148164
2024-08-23 09:32:52,15650.0,1900,Sell,234148165
2024-08-23 09:32:52,15650.0,1000,Sell,234148166
2024-08-23 09:32:52,15650.0,500,Sell,234148167
2024-08-23 09:32:52,15650.0,400,Sell,234148168
2024-08-23 09:32:53,15600.0,700,Sell,234148187
2024-08-23 09:32:54,15650.0,400,Buy,234148222
2024-08-23 09:33:11,15650.0,2000,Buy,234148604
2024-08-23 09:33:11,15650.0,2000,Buy,234148606
2024-08-23 09:33:11,15650.0,400,Buy,234148605
2024-08-23 09:33:11,15650.0,5800,Buy,234148602
2024-08-23 09:33:11,15650.0,200,Buy,234148603
2024-08-23 09:33:12,15650.0,9600,Sell,234148656
2024-08-23 09:33:21,15650.0,10000,Buy,234148854
2024-08-23 09:33:36,15650.0,2000,Buy,234149231
2024-08-23 09:33:36,15650.0,4500,Buy,234149232
2024-08-23 09:33:36,15650.0,100,Buy,234149229
2024-08-23 09:33:36,15650.0,10400,Buy,234149228
2024-08-23 09:33:36,15650.0,3000,Buy,234149230
2024-08-23 09:33:46,15650.0,1500,Sell,234149499
2024-08-23 09:33:51,15650.0,2500,Sell,234149605
2024-08-23 09:33:51,15650.0,20000,Sell,234149606
2024-08-23 09:34:01,15650.0,1000,Buy,234149796
2024-08-23 09:34:21,15650.0,19000,Sell,234150182
2024-08-23 09:34:21,15650.0,11000,Sell,234150190
2024-08-23 09:34:30,15650.0,100,Sell,234150395
2024-08-23 09:34:31,15650.0,800,Sell,234150429
2024-08-23 09:34:31,15650.0,8900,Sell,234150428
2024-08-23 09:34:42,15650.0,2300,Sell,234150856
2024-08-23 09:34:42,15650.0,16900,Sell,234150892
2024-08-23 09:34:42,15650.0,1000,Sell,234150893
2024-08-23 09:34:48,15650.0,300,Buy,234151169
2024-08-23 09:34:56,15650.0,20000,Buy,234151312
2024-08-23 09:35:01,15650.0,5800,Buy,234151471
2024-08-23 09:35:01,15650.0,500,Buy,234151472
2024-08-23 09:35:04,15650.0,1800,Buy,234151558
2024-08-23 09:35:04,15650.0,8500,Buy,234151559
2024-08-23 09:35:04,15650.0,2000,Buy,234151560
2024-08-23 09:35:04,15650.0,2300,Buy,234151561
2024-08-23 09:35:04,15650.0,200,Buy,234151562
2024-08-23 09:35:05,15650.0,49000,Sell,234151597
2024-08-23 09:35:17,15650.0,1000,Sell,234151889
2024-08-23 09:35:24,15650.0,3100,Sell,234152038
2024-08-23 09:35:24,15650.0,20000,Sell,234152039
2024-08-23 09:35:24,15650.0,20000,Sell,234152040
2024-08-23 09:35:32,15650.0,20000,Buy,234152199
2024-08-23 09:35:46,15600.0,1000,Sell,234152476
2024-08-23 09:35:47,15650.0,100,Buy,234152497
2024-08-23 09:35:47,15650.0,2000,Buy,234152498
2024-08-23 09:35:47,15650.0,4900,Buy,234152496
2024-08-23 09:35:49,15650.0,1000,Sell,234152530
2024-08-23 09:35:53,15650.0,1100,Sell,234152597
2024-08-23 09:35:55,15650.0,8300,Sell,234152644
2024-08-23 09:35:55,15650.0,400,Sell,234152645
2024-08-23 09:36:14,15650.0,100,Buy,234153280
2024-08-23 09:36:15,15650.0,800,Buy,234153291
2024-08-23 09:36:15,15650.0,1000,Buy,234153290
2024-08-23 09:36:15,15650.0,1200,Buy,234153289
2024-08-23 09:36:18,15650.0,100,Buy,234153366
2024-08-23 09:36:19,15650.0,200,Buy,234153421
2024-08-23 09:36:34,15650.0,18900,Buy,234153783
2024-08-23 09:36:34,15650.0,100,Buy,234153784
2024-08-23 09:36:34,15650.0,1000,Buy,234153785
2024-08-23 09:36:34,15650.0,1900,Buy,234153786
2024-08-23 09:36:34,15650.0,18100,Buy,234153787
2024-08-23 09:36:39,15650.0,1900,Buy,234153917
2024-08-23 09:36:39,15650.0,100,Buy,234153918
2024-08-23 09:36:40,15650.0,600,Buy,234153933
2024-08-23 09:36:47,15650.0,1300,Buy,234154135
2024-08-23 09:36:47,15650.0,100,Buy,234154136
2024-08-23 09:36:47,15650.0,600,Buy,234154137
2024-08-23 09:37:29,15650.0,200,Buy,234155240
2024-08-23 09:37:30,15650.0,2000,Buy,234155257
2024-08-23 09:37:34,15600.0,200,Sell,234155333
2024-08-23 09:37:42,15650.0,2200,Buy,234155565
2024-08-23 09:37:42,15650.0,2800,Buy,234155566
2024-08-23 09:37:43,15650.0,100,Buy,234155577
2024-08-23 09:37:45,15600.0,1000,Sell,234155627
2024-08-23 09:37:48,15650.0,10000,Buy,234155689
2024-08-23 09:37:48,15650.0,20000,Buy,234155688
2024-08-23 09:37:48,15650.0,2000,Buy,234155687
2024-08-23 09:37:48,15650.0,400,Buy,234155690
2024-08-23 09:37:48,15650.0,2000,Buy,234155685
2024-08-23 09:37:48,15650.0,100,Buy,234155684
2024-08-23 09:37:48,15650.0,2400,Buy,234155683
2024-08-23 09:37:48,15650.0,3100,Buy,234155686
2024-08-23 09:37:58,15650.0,100,Buy,234155909
2024-08-23 09:37:58,15650.0,100,Buy,234155910
2024-08-23 09:38:03,15650.0,2000,Buy,234156048
2024-08-23 09:39:17,15650.0,600,Buy,234157586
2024-08-23 09:39:34,15650.0,600,Buy,234157880
2024-08-23 09:39:55,15650.0,1400,Buy,234158248
2024-08-23 09:39:55,15650.0,10000,Buy,234158247
2024-08-23 09:39:55,15650.0,300,Buy,234158245
2024-08-23 09:39:55,15650.0,8100,Buy,234158244
2024-08-23 09:39:55,15650.0,200,Buy,234158243
2024-08-23 09:39:55,15650.0,20000,Buy,234158246
2024-08-23 09:40:05,15650.0,8800,Buy,234158418
2024-08-23 09:40:05,15650.0,2000,Buy,234158417
2024-08-23 09:40:05,15650.0,500,Buy,234158413
2024-08-23 09:40:05,15650.0,100,Buy,234158415
2024-08-23 09:40:05,15650.0,2500,Buy,234158414
2024-08-23 09:40:05,15650.0,100,Buy,234158412
2024-08-23 09:40:05,15650.0,1000,Buy,234158416
2024-08-23 09:40:05,15650.0,200,Buy,234158410
2024-08-23 09:40:05,15650.0,300,Buy,234158409
2024-08-23 09:40:05,15650.0,700,Buy,234158408
2024-08-23 09:40:05,15650.0,500,Buy,234158407
2024-08-23 09:40:05,15650.0,300,Buy,234158406
2024-08-23 09:40:05,15650.0,1100,Buy,234158405
2024-08-23 09:40:05,15650.0,100,Buy,234158411
2024-08-23 09:40:06,15650.0,1800,Sell,234158424
2024-08-23 09:40:07,15700.0,500,Buy,234158451
2024-08-23 09:40:48,15700.0,100,Buy,234159213
2024-08-23 09:40:48,15700.0,300,Buy,234159214
2024-08-23 09:40:48,15700.0,100,Buy,234159215
2024-08-23 09:40:48,15700.0,5300,Buy,234159219
2024-08-23 09:40:48,15700.0,500,Buy,234159218
2024-08-23 09:40:48,15700.0,1000,Buy,234159212
2024-08-23 09:40:48,15700.0,2000,Buy,234159217
2024-08-23 09:40:48,15700.0,200,Buy,234159211
2024-08-23 09:40:48,15700.0,1100,Buy,234159216
2024-08-23 09:40:48,15700.0,200,Buy,234159209
2024-08-23 09:40:48,15700.0,200,Buy,234159208
2024-08-23 09:40:48,15700.0,1000,Buy,234159207
2024-08-23 09:40:48,15700.0,1000,Buy,234159206
2024-08-23 09:40:48,15700.0,1000,Buy,234159205
2024-08-23 09:40:48,15700.0,1000,Buy,234159204
2024-08-23 09:40:48,15700.0,1000,Buy,234159203
2024-08-23 09:40:48,15700.0,3500,Buy,234159202
2024-08-23 09:40:48,15700.0,500,Buy,234159210
2024-08-23 09:41:04,15700.0,200,Buy,234159746
2024-08-23 09:41:12,15700.0,4000,Buy,234159920
2024-08-23 09:41:13,15650.0,20000,Sell,234159951
2024-08-23 09:41:13,15650.0,10000,Sell,234159950
2024-08-23 09:41:13,15650.0,500,Sell,234159948
2024-08-23 09:41:13,15650.0,10000,Sell,234159947
2024-08-23 09:41:13,15650.0,5400,Sell,234159949
2024-08-23 09:41:14,15700.0,100,Buy,234159953
2024-08-23 09:42:04,15650.0,100,Buy,234160915
2024-08-23 09:42:08,15650.0,100,Buy,234160956
2024-08-23 09:42:15,15650.0,100,Buy,234161091
2024-08-23 09:42:29,15650.0,9700,Buy,234161278
2024-08-23 09:42:29,15650.0,4500,Buy,234161279
2024-08-23 09:42:41,15600.0,1000,Sell,234161488
2024-08-23 09:42:47,15650.0,300,Buy,234161567
2024-08-23 09:42:47,15650.0,300,Buy,234161568
2024-08-23 09:42:47,15650.0,100,Buy,234161569
2024-08-23 09:43:29,15650.0,500,Buy,234162242
2024-08-23 09:43:29,15650.0,200,Buy,234162241
2024-08-23 09:43:29,15650.0,6400,Buy,234162239
2024-08-23 09:43:29,15650.0,400,Buy,234162238
2024-08-23 09:43:29,15650.0,100,Buy,234162240
2024-08-23 09:43:30,15650.0,9400,Sell,234162249
2024-08-23 09:43:38,15650.0,100,Sell,234162406
2024-08-23 09:43:38,15650.0,20000,Sell,234162407
2024-08-23 09:43:48,15650.0,1000,Buy,234162706
2024-08-23 09:43:48,15650.0,1000,Buy,234162707
2024-08-23 09:43:48,15650.0,5300,Buy,234162708
2024-08-23 09:43:49,15650.0,12700,Sell,234162716
2024-08-23 09:44:11,15650.0,9000,Buy,234163089
2024-08-23 09:44:19,15650.0,6400,Buy,234163202
2024-08-23 09:44:19,15650.0,8300,Buy,234163200
2024-08-23 09:44:19,15650.0,5300,Buy,234163201
2024-08-23 09:44:35,15650.0,3600,Buy,234163507
2024-08-23 09:44:35,15650.0,1400,Buy,234163508
2024-08-23 09:44:51,15650.0,3000,Buy,234163826
2024-08-23 09:45:14,15650.0,600,Buy,234164258
2024-08-23 09:45:14,15650.0,1400,Buy,234164259
2024-08-23 09:45:19,15600.0,2000,Sell,234164346
2024-08-23 09:46:46,15600.0,1000,Sell,234165814
2024-08-23 09:47:02,15600.0,4100,Sell,234166064
2024-08-23 09:47:32,15600.0,100,Sell,234166596
2024-08-23 09:47:38,15600.0,1000,Sell,234166710
2024-08-23 09:47:56,15650.0,1400,Buy,234167056
2024-08-23 09:47:56,15650.0,600,Buy,234167055
2024-08-23 09:48:28,15650.0,600,Buy,234167684
2024-08-23 09:48:28,15650.0,30000,Buy,234167685
2024-08-23 09:48:28,15650.0,5300,Buy,234167686
2024-08-23 09:48:28,15650.0,2000,Buy,234167687
2024-08-23 09:48:28,15650.0,12100,Buy,234167688
2024-08-23 09:48:29,15650.0,400,Buy,234167707
2024-08-23 09:48:37,15600.0,200,Sell,234167860
2024-08-23 09:49:09,15600.0,400,Sell,234168417
2024-08-23 09:49:30,15650.0,200,Buy,234168675
2024-08-23 09:50:13,15650.0,300,Buy,234169479
2024-08-23 09:50:13,15650.0,200,Buy,234169480
2024-08-23 09:50:32,15600.0,100,Sell,234169856
2024-08-23 09:50:41,15600.0,600,Sell,234170008
2024-08-23 09:50:49,15600.0,2700,Sell,234170159
2024-08-23 09:50:57,15600.0,500,Sell,234170250
2024-08-23 09:50:57,15600.0,100,Sell,234170256
2024-08-23 09:52:01,15600.0,100,Sell,234171259
2024-08-23 09:52:01,15600.0,9700,Sell,234171260
2024-08-23 09:52:01,15600.0,400,Sell,234171258
2024-08-23 09:52:01,15600.0,300,Sell,234171253
2024-08-23 09:52:01,15600.0,100,Sell,234171256
2024-08-23 09:52:01,15600.0,7000,Sell,234171255
2024-08-23 09:52:01,15600.0,400,Sell,234171254
2024-08-23 09:52:01,15600.0,2000,Sell,234171257
2024-08-23 09:52:02,15600.0,10300,Sell,234171285
2024-08-23 09:52:02,15600.0,400,Sell,234171286
2024-08-23 09:52:02,15600.0,1000,Sell,234171287
2024-08-23 09:52:02,15600.0,9400,Sell,234171288
2024-08-23 09:52:07,15600.0,500,Sell,234171383
2024-08-23 09:52:08,15600.0,1000,Sell,234171435
2024-08-23 09:52:08,15600.0,200,Sell,234171434
2024-08-23 09:52:08,15600.0,500,Sell,234171424
2024-08-23 09:52:08,15600.0,10000,Sell,234171431
2024-08-23 09:52:08,15600.0,4000,Sell,234171427
2024-08-23 09:52:08,15600.0,5000,Sell,234171429
2024-08-23 09:52:08,15600.0,1000,Sell,234171428
2024-08-23 09:52:08,15600.0,1000,Sell,234171436
2024-08-23 09:52:08,15600.0,100,Sell,234171426
2024-08-23 09:52:08,15600.0,100,Sell,234171425
2024-08-23 09:52:08,15600.0,200,Sell,234171430
2024-08-23 09:52:08,15600.0,1000,Sell,234171437
2024-08-23 09:52:08,15600.0,700,Sell,234171442
2024-08-23 09:52:08,15600.0,500,Sell,234171439
2024-08-23 09:52:08,15600.0,300,Sell,234171440
2024-08-23 09:52:08,15600.0,500,Sell,234171441
2024-08-23 09:52:08,15600.0,100,Sell,234171443
2024-08-23 09:52:08,15600.0,200,Sell,234171444
2024-08-23 09:52:08,15600.0,1000,Sell,234171445
2024-08-23 09:52:08,15600.0,3900,Sell,234171446
2024-08-23 09:52:08,15600.0,5000,Sell,234171447
2024-08-23 09:52:08,15600.0,200,Sell,234171448
2024-08-23 09:52:08,15600.0,4000,Sell,234171449
2024-08-23 09:52:08,15600.0,2000,Sell,234171450
2024-08-23 09:52:08,15600.0,3400,Sell,234171451
2024-08-23 09:52:08,15600.0,700,Sell,234171438
2024-08-23 09:52:08,15600.0,1000,Sell,234171423
2024-08-23 09:52:08,15600.0,100,Sell,234171433
2024-08-23 09:52:08,15600.0,100,Sell,234171421
2024-08-23 09:52:08,15600.0,10000,Sell,234171422
2024-08-23 09:52:08,15600.0,100,Sell,234171394
2024-08-23 09:52:08,15600.0,2000,Sell,234171395
2024-08-23 09:52:08,15600.0,10000,Sell,234171396
2024-08-23 09:52:08,15600.0,100,Sell,234171397
2024-08-23 09:52:08,15600.0,5000,Sell,234171398
2024-08-23 09:52:08,15600.0,4100,Sell,234171399
2024-08-23 09:52:08,15600.0,1000,Sell,234171400
2024-08-23 09:52:08,15600.0,500,Sell,234171401
2024-08-23 09:52:08,15600.0,1000,Sell,234171402
2024-08-23 09:52:08,15600.0,300,Sell,234171403
2024-08-23 09:52:08,15600.0,500,Sell,234171404
2024-08-23 09:52:08,15600.0,100,Sell,234171405
2024-08-23 09:52:08,15600.0,5000,Sell,234171406
2024-08-23 09:52:08,15600.0,1000,Sell,234171432
2024-08-23 09:52:08,15600.0,100,Sell,234171408
2024-08-23 09:52:08,15600.0,1600,Sell,234171419
2024-08-23 09:52:08,15600.0,200,Sell,234171418
2024-08-23 09:52:08,15600.0,100,Sell,234171417
2024-08-23 09:52:08,15600.0,200,Sell,234171416
2024-08-23 09:52:08,15600.0,100,Sell,234171415
2024-08-23 09:52:08,15600.0,500,Sell,234171420
2024-08-23 09:52:08,15600.0,5000,Sell,234171407
2024-08-23 09:52:08,15600.0,10000,Sell,234171410
2024-08-23 09:52:08,15600.0,600,Sell,234171411
2024-08-23 09:52:08,15600.0,100,Sell,234171414
2024-08-23 09:52:08,15600.0,300,Sell,234171413
2024-08-23 09:52:08,15600.0,500,Sell,234171412
2024-08-23 09:52:16,15600.0,1900,Sell,234171514
2024-08-23 09:52:27,15600.0,4700,Sell,234171798
2024-08-23 09:52:27,15600.0,300,Sell,234171799
2024-08-23 09:52:27,15600.0,300,Sell,234171800
2024-08-23 09:52:27,15600.0,2000,Sell,234171801
2024-08-23 09:52:27,15600.0,100,Sell,234171802
2024-08-23 09:52:27,15600.0,42600,Sell,234171803
2024-08-23 09:52:32,15600.0,6000,Sell,234171897
2024-08-23 09:52:43,15600.0,1400,Sell,234172024
2024-08-23 09:52:43,15600.0,1000,Sell,234172025
2024-08-23 09:52:43,15600.0,300,Sell,234172026
2024-08-23 09:52:43,15600.0,100,Sell,234172027
2024-08-23 09:52:43,15600.0,1000,Sell,234172028
2024-08-23 09:52:43,15600.0,100,Sell,234172029
2024-08-23 09:52:43,15600.0,1100,Sell,234172030
2024-08-23 09:52:46,15600.0,1000,Sell,234172094
2024-08-23 09:52:52,15600.0,500,Sell,234172163
2024-08-23 09:53:02,15600.0,5300,Sell,234172335
2024-08-23 09:53:02,15600.0,500,Sell,234172336
2024-08-23 09:53:02,15600.0,900,Sell,234172337
2024-08-23 09:53:02,15600.0,200,Sell,234172338
2024-08-23 09:53:02,15600.0,1000,Sell,234172339
2024-08-23 09:53:02,15600.0,200,Sell,234172340
2024-08-23 09:53:02,15600.0,100,Sell,234172341
2024-08-23 09:53:02,15600.0,1000,Sell,234172342
2024-08-23 09:53:02,15600.0,100,Sell,234172343
2024-08-23 09:53:02,15600.0,500,Sell,234172344
2024-08-23 09:53:02,15600.0,10200,Sell,234172345
2024-08-23 09:53:06,15600.0,700,Sell,234172415
2024-08-23 09:53:10,15600.0,9100,Sell,234172500
2024-08-23 09:53:11,15600.0,10000,Buy,234172504
2024-08-23 09:53:19,15600.0,900,Buy,234172629
2024-08-23 09:53:34,15600.0,1000,Sell,234172901
2024-08-23 09:53:35,15600.0,100,Sell,234172909
2024-08-23 09:53:38,15600.0,100,Sell,234172957
2024-08-23 09:53:42,15600.0,200,Sell,234173087
2024-08-23 09:53:42,15600.0,19900,Sell,234173086
2024-08-23 09:53:43,15600.0,500,Buy,234173096
2024-08-23 09:53:43,15600.0,1000,Buy,234173097
2024-08-23 09:53:50,15600.0,1000,Buy,234173280
2024-08-23 09:54:24,15600.0,600,Buy,234173892
2024-08-23 09:54:25,15550.0,6000,Sell,234173914
2024-08-23 09:54:25,15550.0,14000,Sell,234173916
2024-08-23 09:54:25,15550.0,50000,Sell,234173915
2024-08-23 09:54:26,15550.0,100,Sell,234173939
2024-08-23 09:54:47,15550.0,5000,Sell,234174395
2024-08-23 09:54:57,15550.0,500,Sell,234174616
2024-08-23 09:55:01,15550.0,5000,Sell,234174735
2024-08-23 09:55:03,15550.0,200,Sell,234174771
2024-08-23 09:55:09,15550.0,100,Sell,234174888
2024-08-23 09:55:28,15550.0,1000,Sell,234175190
2024-08-23 09:55:41,15600.0,200,Buy,234175455
2024-08-23 09:55:55,15600.0,2100,Buy,234175648
2024-08-23 09:56:25,15550.0,800,Sell,234176151
2024-08-23 09:56:36,15550.0,3700,Sell,234176350
2024-08-23 09:56:46,15550.0,1000,Sell,234176541
2024-08-23 09:56:57,15550.0,10000,Sell,234176763
2024-08-23 09:57:09,15550.0,200,Sell,234177127
2024-08-23 09:57:18,15600.0,100,Buy,234177287
2024-08-23 09:57:54,15600.0,200,Buy,234177959
2024-08-23 09:57:57,15600.0,1000,Buy,234178037
2024-08-23 09:57:59,15550.0,100,Sell,234178054
2024-08-23 09:58:10,15550.0,900,Sell,234178292
2024-08-23 09:58:27,15550.0,500,Sell,234178597
2024-08-23 09:58:29,15600.0,200,Buy,234178614
2024-08-23 09:59:05,15600.0,300,Buy,234179379
2024-08-23 09:59:10,15600.0,300,Buy,234179474
2024-08-23 09:59:11,15600.0,100,Buy,234179488
2024-08-23 09:59:30,15550.0,1000,Sell,234180071
2024-08-23 09:59:33,15550.0,1000,Sell,234180139
2024-08-23 09:59:48,15550.0,100,Sell,234180515
2024-08-23 09:59:48,15550.0,4900,Sell,234180514
2024-08-23 09:59:50,15550.0,100,Sell,234180556
2024-08-23 09:59:52,15550.0,300,Sell,234180607
2024-08-23 09:59:52,15550.0,5000,Sell,234180608
2024-08-23 09:59:52,15550.0,2000,Sell,234180609
2024-08-23 09:59:52,15550.0,2700,Sell,234180610
2024-08-23 10:00:03,15550.0,200,Sell,234180929
2024-08-23 10:00:10,15550.0,100,Sell,234181078
2024-08-23 10:00:18,15550.0,200,Sell,234181221
2024-08-23 10:00:28,15550.0,1700,Sell,234181488
2024-08-23 10:00:30,15550.0,3200,Sell,234181514
2024-08-23 10:00:30,15550.0,100,Sell,234181509
2024-08-23 10:00:30,15550.0,2000,Sell,234181510
2024-08-23 10:00:30,15550.0,500,Sell,234181511
2024-08-23 10:00:30,15550.0,100,Sell,234181512
2024-08-23 10:00:30,15550.0,100,Sell,234181513
2024-08-23 10:00:39,15550.0,100,Sell,234181722
2024-08-23 10:00:39,15600.0,1000,Buy,234181735
2024-08-23 10:00:41,15550.0,1700,Sell,234181754
2024-08-23 10:00:41,15550.0,3000,Sell,234181755
2024-08-23 10:00:41,15550.0,200,Sell,234181756
2024-08-23 10:00:41,15550.0,100,Sell,234181757
2024-08-23 10:00:47,15550.0,200,Sell,234181898
2024-08-23 10:00:59,15600.0,1000,Buy,234182188
2024-08-23 10:01:01,15550.0,700,Sell,234182243
2024-08-23 10:01:01,15550.0,100,Sell,234182244
2024-08-23 10:01:05,15600.0,100,Buy,234182305
2024-08-23 10:01:06,15550.0,900,Sell,234182317
2024-08-23 10:01:06,15550.0,100,Sell,234182318
2024-08-23 10:01:17,15550.0,1100,Sell,234182546
2024-08-23 10:01:18,15550.0,100,Sell,234182560
2024-08-23 10:01:38,15550.0,200,Sell,234183042
2024-08-23 10:01:38,15550.0,5000,Sell,234183041
2024-08-23 10:01:38,15550.0,9700,Sell,234183043
2024-08-23 10:01:38,15550.0,300,Sell,234183039
2024-08-23 10:01:38,15550.0,100,Sell,234183040
2024-08-23 10:01:38,15550.0,1700,Sell,234183038
2024-08-23 10:01:40,15550.0,300,Sell,234183077
2024-08-23 10:01:49,15550.0,300,Sell,234183216
2024-08-23 10:02:08,15550.0,300,Sell,234183748
2024-08-23 10:02:16,15550.0,1000,Sell,234184002
2024-08-23 10:02:22,15550.0,100,Sell,234184233
2024-08-23 10:02:31,15550.0,200,Sell,234184472
2024-08-23 10:02:34,15550.0,100,Sell,234184601
2024-08-23 10:02:36,15550.0,100,Sell,234184632
2024-08-23 10:02:44,15550.0,100,Sell,234184831
2024-08-23 10:02:44,15550.0,500,Sell,234184832
2024-08-23 10:02:44,15550.0,2000,Sell,234184833
2024-08-23 10:02:44,15550.0,1000,Sell,234184834
2024-08-23 10:02:44,15550.0,4000,Sell,234184835
2024-08-23 10:02:44,15550.0,1000,Sell,234184836
2024-08-23 10:02:44,15550.0,700,Sell,234184837
2024-08-23 10:02:44,15550.0,700,Sell,234184830
2024-08-23 10:02:47,15550.0,200,Sell,234184890
2024-08-23 10:03:02,15550.0,100,Sell,234185294
2024-08-23 10:03:10,15550.0,1000,Sell,234185530
2024-08-23 10:03:10,15550.0,200,Sell,234185531
2024-08-23 10:03:10,15550.0,100,Sell,234185532
2024-08-23 10:03:10,15550.0,200,Sell,234185533
2024-08-23 10:03:10,15550.0,100,Sell,234185534
2024-08-23 10:03:10,15550.0,400,Sell,234185535
2024-08-23 10:03:24,15550.0,100,Sell,234185961
2024-08-23 10:03:24,15550.0,900,Sell,234185962
2024-08-23 10:03:42,15550.0,1000,Sell,234186535
2024-08-23 10:03:46,15550.0,100,Sell,234186633
2024-08-23 10:03:46,15550.0,100,Sell,234186632
2024-08-23 10:03:46,15550.0,100,Sell,234186630
2024-08-23 10:03:46,15550.0,500,Sell,234186629
2024-08-23 10:03:46,15550.0,200,Sell,234186628
2024-08-23 10:03:46,15550.0,100,Sell,234186627
2024-08-23 10:03:46,15550.0,500,Sell,234186626
2024-08-23 10:03:46,15550.0,10000,Sell,234186625
2024-08-23 10:03:46,15550.0,8000,Sell,234186634
2024-08-23 10:03:46,15550.0,100,Sell,234186623
2024-08-23 10:03:46,15550.0,500,Sell,234186624
2024-08-23 10:03:46,15550.0,300,Sell,234186617
2024-08-23 10:03:46,15550.0,100,Sell,234186618
2024-08-23 10:03:46,15550.0,100,Sell,234186616
2024-08-23 10:03:46,15550.0,200,Sell,234186620
2024-08-23 10:03:46,15550.0,500,Sell,234186621
2024-08-23 10:03:46,15550.0,18400,Sell,234186622
2024-08-23 10:03:46,15550.0,200,Sell,234186619
2024-08-23 10:03:56,15550.0,200,Sell,234186871
2024-08-23 10:03:56,15550.0,1000,Sell,234186883
2024-08-23 10:03:56,15550.0,10000,Sell,234186884
2024-08-23 10:03:56,15550.0,300,Sell,234186885
2024-08-23 10:03:56,15550.0,300,Sell,234186886
2024-08-23 10:03:56,15550.0,500,Sell,234186887
2024-08-23 10:03:56,15550.0,300,Sell,234186889
2024-08-23 10:03:56,15550.0,1000,Sell,234186890
2024-08-23 10:03:56,15550.0,100,Sell,234186870
2024-08-23 10:03:56,15550.0,100,Sell,234186891
2024-08-23 10:03:56,15550.0,400,Sell,234186892
2024-08-23 10:03:56,15550.0,25800,Sell,234186893
2024-08-23 10:03:56,15550.0,100,Sell,234186888
2024-08-23 10:03:56,15550.0,100,Sell,234186869
2024-08-23 10:03:56,15550.0,10000,Sell,234186856
2024-08-23 10:03:56,15550.0,30000,Sell,234186867
2024-08-23 10:03:56,15550.0,300,Sell,234186868
2024-08-23 10:03:56,15550.0,12000,Sell,234186853
2024-08-23 10:03:56,15550.0,200,Sell,234186854
2024-08-23 10:03:56,15550.0,5000,Sell,234186855
2024-08-23 10:03:56,15550.0,100,Sell,234186858
2024-08-23 10:03:56,15550.0,100,Sell,234186859
2024-08-23 10:03:56,15550.0,100,Sell,234186857
2024-08-23 10:03:56,15550.0,1000,Sell,234186861
2024-08-23 10:03:56,15550.0,1000,Sell,234186862
2024-08-23 10:03:56,15550.0,400,Sell,234186863
2024-08-23 10:03:56,15550.0,100,Sell,234186864
2024-08-23 10:03:56,15550.0,500,Sell,234186865
2024-08-23 10:03:56,15550.0,800,Sell,234186866
2024-08-23 10:03:56,15550.0,200,Sell,234186860
2024-08-23 10:03:57,15550.0,1000,Sell,234187010
2024-08-23 10:03:57,15550.0,1000,Sell,234187015
2024-08-23 10:03:57,15550.0,30000,Sell,234187014
2024-08-23 10:03:57,15550.0,1000,Sell,234187013
2024-08-23 10:03:57,15550.0,300,Sell,234187012
2024-08-23 10:03:57,15550.0,500,Sell,234187011
2024-08-23 10:03:57,15550.0,200,Sell,234187009
2024-08-23 10:03:57,15550.0,500,Sell,234187003
2024-08-23 10:03:57,15550.0,1000,Sell,234187007
2024-08-23 10:03:57,15550.0,100,Sell,234187006
2024-08-23 10:03:57,15550.0,500,Sell,234187005
2024-08-23 10:03:57,15550.0,100,Sell,234187004
2024-08-23 10:03:57,15550.0,100,Sell,234187002
2024-08-23 10:03:57,15550.0,4200,Sell,234187001
2024-08-23 10:03:57,15550.0,1000,Sell,234187008
2024-08-23 10:03:58,15550.0,500,Sell,234187024
2024-08-23 10:03:58,15550.0,200,Sell,234187023
2024-08-23 10:03:58,15550.0,100,Sell,234187022
2024-08-23 10:03:58,15550.0,20000,Sell,234187019
2024-08-23 10:03:58,15550.0,2000,Sell,234187020
2024-08-23 10:03:58,15550.0,300,Sell,234187018
2024-08-23 10:03:58,15550.0,40000,Sell,234187017
2024-08-23 10:03:58,15550.0,100,Sell,234187021
2024-08-23 10:04:10,15550.0,100,Sell,234187282
2024-08-23 10:04:11,15550.0,200,Buy,234187287
2024-08-23 10:04:13,15550.0,100,Buy,234187370
2024-08-23 10:04:15,15550.0,100,Buy,234187393
2024-08-23 10:04:40,15550.0,500,Buy,234187950
2024-08-23 10:04:40,15550.0,4500,Buy,234187951
2024-08-23 10:04:40,15500.0,100,Sell,234187957
2024-08-23 10:04:40,15500.0,400,Sell,234187958
2024-08-23 10:04:41,15500.0,500,Sell,234188009
2024-08-23 10:04:41,15500.0,400,Sell,234187994
2024-08-23 10:04:41,15500.0,100,Sell,234187993
2024-08-23 10:04:41,15500.0,200,Sell,234187992
2024-08-23 10:04:41,15500.0,600,Sell,234187973
2024-08-23 10:04:41,15550.0,1100,Sell,234187972
2024-08-23 10:04:41,15550.0,500,Buy,234187971
2024-08-23 10:04:41,15550.0,500,Buy,234187970
2024-08-23 10:04:41,15500.0,300,Sell,234187974
2024-08-23 10:04:55,15500.0,100,Sell,234188249
2024-08-23 10:04:55,15500.0,100,Sell,234188250
2024-08-23 10:04:55,15500.0,100,Sell,234188251
2024-08-23 10:04:55,15500.0,100,Sell,234188252
2024-08-23 10:05:02,15550.0,500,Buy,234188390
2024-08-23 10:05:02,15550.0,4000,Buy,234188391
2024-08-23 10:05:19,15550.0,500,Sell,234188997
2024-08-23 10:05:34,15550.0,19400,Sell,234189271
2024-08-23 10:05:34,15550.0,500,Sell,234189270
2024-08-23 10:05:34,15550.0,100,Sell,234189269
2024-08-23 10:05:45,15550.0,1500,Sell,234189477
2024-08-23 10:05:47,15550.0,300,Sell,234189506
2024-08-23 10:05:54,15550.0,1800,Sell,234189674
2024-08-23 10:05:55,15550.0,100,Sell,234189691
2024-08-23 10:05:59,15550.0,1000,Sell,234189759
2024-08-23 10:06:00,15550.0,5000,Sell,234189775
2024-08-23 10:06:02,15550.0,900,Sell,234189803
2024-08-23 10:06:02,15550.0,5000,Sell,234189804
2024-08-23 10:06:02,15550.0,14100,Sell,234189805
2024-08-23 10:06:03,15550.0,4100,Sell,234189828
2024-08-23 10:06:03,15550.0,15900,Sell,234189827
2024-08-23 10:06:09,15550.0,300,Sell,234189920
2024-08-23 10:06:09,15550.0,600,Sell,234189921
2024-08-23 10:06:09,15550.0,100,Sell,234189922
2024-08-23 10:06:09,15550.0,100,Sell,234189923
2024-08-23 10:06:09,15550.0,200,Sell,234189924
2024-08-23 10:06:18,15550.0,4000,Buy,234190148
2024-08-23 10:06:18,15550.0,2000,Buy,234190149
2024-08-23 10:06:21,15550.0,2600,Sell,234190198
2024-08-23 10:06:32,15550.0,300,Sell,234190419
2024-08-23 10:06:32,15550.0,2000,Sell,234190420
2024-08-23 10:06:39,15550.0,500,Sell,234190560
2024-08-23 10:06:39,15550.0,100,Sell,234190561
2024-08-23 10:06:44,15550.0,500,Sell,234190641
2024-08-23 10:06:44,15550.0,2000,Sell,234190650
2024-08-23 10:06:46,15550.0,3000,Sell,234190719
2024-08-23 10:06:47,15550.0,1000,Sell,234190752
2024-08-23 10:06:47,15550.0,500,Sell,234190749
2024-08-23 10:06:52,15550.0,4200,Sell,234190839
2024-08-23 10:07:04,15550.0,200,Sell,234191129
2024-08-23 10:07:11,15550.0,3600,Sell,234191292
2024-08-23 10:07:14,15550.0,700,Sell,234191344
2024-08-23 10:07:38,15550.0,5000,Sell,234191795
2024-08-23 10:07:39,15550.0,6000,Sell,234191873
2024-08-23 10:08:21,15550.0,100,Sell,234192826
2024-08-23 10:08:50,15550.0,6000,Sell,234193502
2024-08-23 10:09:28,15550.0,500,Sell,234194267
2024-08-23 10:09:35,15550.0,200,Sell,234194401
2024-08-23 10:09:35,15550.0,1000,Sell,234194402
2024-08-23 10:09:36,15550.0,3100,Sell,234194463
2024-08-23 10:09:36,15550.0,400,Sell,234194462
2024-08-23 10:09:36,15550.0,400,Sell,234194460
2024-08-23 10:09:36,15550.0,2000,Sell,234194459
2024-08-23 10:09:36,15550.0,1000,Sell,234194461
2024-08-23 10:09:36,15550.0,1000,Sell,234194457
2024-08-23 10:09:36,15550.0,100,Sell,234194458
2024-08-23 10:09:36,15550.0,1500,Sell,234194453
2024-08-23 10:09:36,15550.0,300,Sell,234194456
2024-08-23 10:09:36,15550.0,100,Sell,234194455
2024-08-23 10:09:36,15550.0,100,Sell,234194454
2024-08-23 10:09:46,15550.0,900,Sell,234194745
2024-08-23 10:09:46,15550.0,100,Sell,234194746
2024-08-23 10:09:48,15550.0,500,Sell,234194760
2024-08-23 10:09:48,15550.0,500,Sell,234194761
2024-08-23 10:09:52,15550.0,500,Sell,234194857
2024-08-23 10:09:52,15550.0,100,Sell,234194858
2024-08-23 10:09:52,15550.0,400,Sell,234194859
2024-08-23 10:09:57,15550.0,100,Sell,234194925
2024-08-23 10:09:57,15550.0,300,Sell,234194936
2024-08-23 10:10:00,15550.0,1000,Sell,234194977
2024-08-23 10:10:03,15550.0,2900,Sell,234195025
2024-08-23 10:10:05,15550.0,12500,Sell,234195056
2024-08-23 10:10:08,15550.0,200,Sell,234195106
2024-08-23 10:10:08,15550.0,200,Sell,234195104
2024-08-23 10:10:08,15550.0,2600,Sell,234195105
2024-08-23 10:10:08,15550.0,100,Sell,234195102
2024-08-23 10:10:08,15550.0,3000,Sell,234195103
2024-08-23 10:10:08,15550.0,12800,Sell,234195101
2024-08-23 10:10:09,15550.0,1300,Sell,234195131
2024-08-23 10:10:14,15550.0,1000,Sell,234195255
2024-08-23 10:10:25,15550.0,2500,Sell,234195575
2024-08-23 10:10:25,15550.0,1000,Sell,234195576
2024-08-23 10:10:25,15550.0,100,Sell,234195577
2024-08-23 10:10:26,15550.0,1000,Buy,234195639
2024-08-23 10:10:35,15500.0,1100,Sell,234195928
2024-08-23 10:10:35,15500.0,200,Sell,234195926
2024-08-23 10:10:35,15500.0,100,Sell,234195927
2024-08-23 10:10:42,15500.0,700,Sell,234196065
2024-08-23 10:11:06,15550.0,400,Buy,234196671
2024-08-23 10:11:06,15550.0,1000,Buy,234196672
2024-08-23 10:11:06,15550.0,3600,Buy,234196673
2024-08-23 10:11:09,15500.0,100,Sell,234196749
2024-08-23 10:11:22,15550.0,100,Buy,234197114
2024-08-23 10:11:25,15500.0,300,Sell,234197189
2024-08-23 10:11:25,15500.0,100,Sell,234197187
2024-08-23 10:11:25,15500.0,100,Sell,234197186
2024-08-23 10:11:25,15500.0,200,Sell,234197188
2024-08-23 10:11:27,15550.0,100,Buy,234197225
2024-08-23 10:11:43,15550.0,800,Buy,234197503
2024-08-23 10:12:02,15550.0,1000,Buy,234198035
2024-08-23 10:12:03,15550.0,4400,Buy,234198058
2024-08-23 10:12:03,15550.0,5600,Buy,234198059
2024-08-23 10:12:10,15550.0,5000,Buy,234198235
2024-08-23 10:12:11,15500.0,400,Sell,234198258
2024-08-23 10:12:11,15500.0,600,Sell,234198261
2024-08-23 10:12:11,15500.0,1700,Sell,234198257
2024-08-23 10:12:11,15500.0,200,Sell,234198259
2024-08-23 10:12:11,15500.0,100,Sell,234198260
2024-08-23 10:12:13,15550.0,5000,Buy,234198302
2024-08-23 10:12:13,15550.0,2000,Buy,234198315
2024-08-23 10:12:13,15550.0,1300,Buy,234198314
2024-08-23 10:12:13,15550.0,100,Buy,234198313
2024-08-23 10:12:13,15550.0,1000,Buy,234198312
2024-08-23 10:12:13,15550.0,3500,Buy,234198311
2024-08-23 10:12:13,15550.0,2000,Buy,234198301
2024-08-23 10:12:13,15550.0,1900,Buy,234198310
2024-08-23 10:12:13,15550.0,500,Buy,234198308
2024-08-23 10:12:13,15550.0,100,Buy,234198307
2024-08-23 10:12:13,15550.0,1500,Buy,234198306
2024-08-23 10:12:13,15550.0,600,Buy,234198305
2024-08-23 10:12:13,15550.0,1000,Buy,234198304
2024-08-23 10:12:13,15550.0,500,Buy,234198303
2024-08-23 10:12:13,15550.0,10000,Buy,234198309
2024-08-23 10:12:14,15550.0,13000,Sell,234198341
2024-08-23 10:12:35,15550.0,3000,Sell,234199010
2024-08-23 10:12:40,15550.0,100,Sell,234199117
2024-08-23 10:12:49,15550.0,1800,Sell,234199479
2024-08-23 10:12:51,15600.0,10000,Buy,234199534
2024-08-23 10:12:53,15550.0,500,Sell,234199566
2024-08-23 10:12:53,15550.0,2000,Sell,234199567
2024-08-23 10:12:53,15550.0,2500,Sell,234199568
2024-08-23 10:13:03,15550.0,100,Sell,234199781
2024-08-23 10:13:49,15550.0,1600,Sell,234200946
2024-08-23 10:13:51,15550.0,700,Sell,234200979
2024-08-23 10:14:05,15550.0,100,Sell,234201214
2024-08-23 10:14:05,15550.0,900,Sell,234201215
2024-08-23 10:14:05,15550.0,2500,Sell,234201221
2024-08-23 10:14:08,15550.0,100,Sell,234201275
2024-08-23 10:14:13,15550.0,2000,Sell,234201453
2024-08-23 10:14:13,15550.0,3000,Sell,234201454
2024-08-23 10:14:13,15550.0,500,Sell,234201455
2024-08-23 10:14:13,15550.0,100,Sell,234201456
2024-08-23 10:14:13,15550.0,11800,Sell,234201457
2024-08-23 10:14:13,15550.0,600,Sell,234201452
2024-08-23 10:14:23,15550.0,4000,Sell,234201612
2024-08-23 10:14:23,15550.0,1500,Sell,234201618
2024-08-23 10:14:24,15550.0,300,Sell,234201623
2024-08-23 10:14:25,15550.0,5000,Sell,234201688
2024-08-23 10:14:27,15550.0,1200,Sell,234201710
2024-08-23 10:14:27,15550.0,8200,Sell,234201712
2024-08-23 10:14:27,15550.0,10600,Sell,234201709
2024-08-23 10:14:27,15550.0,4000,Sell,234201711
2024-08-23 10:14:29,15550.0,100,Sell,234201749
2024-08-23 10:14:31,15550.0,500,Sell,234201789
2024-08-23 10:14:43,15550.0,2000,Sell,234202071
2024-08-23 10:14:48,15550.0,1000,Sell,234202168
2024-08-23 10:15:00,15550.0,9000,Sell,234202458
2024-08-23 10:15:12,15550.0,300,Sell,234202665
2024-08-23 10:15:26,15550.0,2000,Sell,234202954
2024-08-23 10:15:38,15550.0,1000,Sell,234203287
2024-08-23 10:15:38,15550.0,2000,Sell,234203288
2024-08-23 10:16:16,15550.0,300,Sell,234204289
2024-08-23 10:16:23,15550.0,300,Sell,234204422
2024-08-23 10:16:30,15550.0,1000,Sell,234204661
2024-08-23 10:16:36,15550.0,200,Sell,234204757
2024-08-23 10:16:42,15550.0,200,Sell,234204870
2024-08-23 10:17:04,15600.0,200,Buy,234205368
2024-08-23 10:17:04,15600.0,800,Buy,234205369
2024-08-23 10:17:06,15550.0,500,Sell,234205391
2024-08-23 10:17:06,15550.0,200,Sell,234205390
2024-08-23 10:17:23,15550.0,200,Sell,234205736
2024-08-23 10:17:35,15550.0,500,Sell,234205907
2024-08-23 10:17:37,15550.0,1000,Sell,234205944
2024-08-23 10:17:41,15550.0,400,Sell,234205997
2024-08-23 10:17:48,15550.0,700,Sell,234206101
2024-08-23 10:18:11,15550.0,3000,Sell,234206500
2024-08-23 10:18:33,15550.0,1700,Sell,234206862
2024-08-23 10:18:36,15550.0,200,Sell,234206964
2024-08-23 10:18:41,15550.0,200,Sell,234207071
2024-08-23 10:19:00,15550.0,400,Sell,234207401
2024-08-23 10:19:15,15550.0,100,Sell,234207641
2024-08-23 10:19:27,15550.0,100,Sell,234207927
2024-08-23 10:19:39,15550.0,400,Sell,234208125
2024-08-23 10:19:46,15550.0,100,Sell,234208255
2024-08-23 10:19:50,15550.0,500,Sell,234208310
2024-08-23 10:19:56,15550.0,1000,Sell,234208382
2024-08-23 10:19:56,15550.0,2500,Sell,234208386
2024-08-23 10:19:56,15550.0,1000,Sell,234208385
2024-08-23 10:19:56,15550.0,400,Sell,234208384
2024-08-23 10:19:56,15550.0,200,Sell,234208383
2024-08-23 10:19:56,15550.0,300,Sell,234208381
2024-08-23 10:19:56,15550.0,100,Sell,234208375
2024-08-23 10:19:56,15550.0,2000,Sell,234208379
2024-08-23 10:19:56,15550.0,11100,Sell,234208374
2024-08-23 10:19:56,15550.0,200,Sell,234208376
2024-08-23 10:19:56,15550.0,500,Sell,234208380
2024-08-23 10:19:56,15550.0,500,Sell,234208378
2024-08-23 10:19:56,15550.0,200,Sell,234208377
2024-08-23 10:19:57,15550.0,2000,Sell,234208400
2024-08-23 10:20:28,15550.0,600,Sell,234208874
2024-08-23 10:20:28,15550.0,600,Sell,234208875
2024-08-23 10:20:33,15550.0,100,Sell,234209000
2024-08-23 10:20:48,15550.0,300,Sell,234209323
2024-08-23 10:20:48,15550.0,500,Sell,234209322
2024-08-23 10:20:48,15550.0,100,Sell,234209321
2024-08-23 10:20:48,15550.0,4300,Sell,234209320
2024-08-23 10:20:50,15550.0,1000,Sell,234209350
2024-08-23 10:20:52,15550.0,100,Sell,234209389
2024-08-23 10:21:14,15550.0,10000,Sell,234209918
2024-08-23 10:21:31,15550.0,100,Sell,234210305
2024-08-23 10:21:59,15550.0,100,Sell,234210940
2024-08-23 10:22:00,15550.0,200,Sell,234210955
2024-08-23 10:22:13,15550.0,100,Sell,234211284
2024-08-23 10:22:21,15550.0,7000,Sell,234211388
2024-08-23 10:22:21,15550.0,100,Sell,234211401
2024-08-23 10:22:25,15550.0,2000,Sell,234211460
2024-08-23 10:22:38,15550.0,500,Sell,234211667
2024-08-23 10:23:08,15550.0,500,Sell,234212158
2024-08-23 10:23:47,15550.0,1000,Sell,234212812
2024-08-23 10:24:38,15550.0,100,Sell,234213630
2024-08-23 10:24:43,15550.0,3800,Sell,234213695
2024-08-23 10:24:45,15550.0,1000,Sell,234213710
2024-08-23 10:24:59,15600.0,200,Buy,234213948
2024-08-23 10:25:23,15550.0,100,Sell,234214332
2024-08-23 10:25:23,15550.0,6000,Sell,234214333
2024-08-23 10:25:23,15550.0,50000,Sell,234214334
2024-08-23 10:25:23,15550.0,500,Sell,234214335
2024-08-23 10:25:23,15550.0,100,Sell,234214336
2024-08-23 10:25:23,15550.0,1000,Sell,234214337
2024-08-23 10:25:23,15550.0,15900,Sell,234214341
2024-08-23 10:25:23,15550.0,100,Sell,234214338
2024-08-23 10:25:23,15550.0,2000,Sell,234214340
2024-08-23 10:25:23,15550.0,1000,Sell,234214342
2024-08-23 10:25:23,15550.0,100,Sell,234214343
2024-08-23 10:25:23,15550.0,500,Sell,234214344
2024-08-23 10:25:23,15550.0,1000,Sell,234214345
2024-08-23 10:25:23,15550.0,300,Sell,234214331
2024-08-23 10:25:23,15550.0,1000,Sell,234214330
2024-08-23 10:25:23,15550.0,500,Sell,234214320
2024-08-23 10:25:23,15550.0,400,Sell,234214328
2024-08-23 10:25:23,15550.0,500,Sell,234214329
2024-08-23 10:25:23,15550.0,1000,Sell,234214314
2024-08-23 10:25:23,15550.0,500,Sell,234214315
2024-08-23 10:25:23,15550.0,5000,Sell,234214316
2024-08-23 10:25:23,15550.0,300,Sell,234214317
2024-08-23 10:25:23,15550.0,1000,Sell,234214318
2024-08-23 10:25:23,15550.0,500,Sell,234214319
2024-08-23 10:25:23,15550.0,2100,Sell,234214313
2024-08-23 10:25:23,15550.0,30000,Sell,234214322
2024-08-23 10:25:23,15550.0,100,Sell,234214323
2024-08-23 10:25:23,15550.0,4500,Sell,234214324
2024-08-23 10:25:23,15550.0,50000,Sell,234214325
2024-08-23 10:25:23,15550.0,1500,Sell,234214326
2024-08-23 10:25:23,15550.0,100,Sell,234214327
2024-08-23 10:25:23,15550.0,100,Sell,234214321
2024-08-23 10:25:47,15550.0,2000,Buy,234214850
2024-08-23 10:25:47,15500.0,100,Sell,234214846
2024-08-23 10:25:47,15500.0,1000,Sell,234214844
2024-08-23 10:25:47,15500.0,400,Sell,234214843
2024-08-23 10:25:47,15500.0,500,Sell,234214845
2024-08-23 10:26:02,15500.0,100,Sell,234215207
2024-08-23 10:26:02,15500.0,100,Sell,234215208
2024-08-23 10:26:03,15550.0,400,Buy,234215225
2024-08-23 10:26:12,15550.0,300,Buy,234215407
2024-08-23 10:26:37,15550.0,200,Buy,234216086
2024-08-23 10:26:51,15550.0,100,Buy,234216680
2024-08-23 10:26:53,15500.0,1000,Sell,234216746
2024-08-23 10:26:53,15500.0,2000,Sell,234216745
2024-08-23 10:26:53,15500.0,3100,Sell,234216747
2024-08-23 10:26:53,15500.0,100,Sell,234216743
2024-08-23 10:26:53,15500.0,400,Sell,234216741
2024-08-23 10:26:53,15500.0,100,Sell,234216744
2024-08-23 10:26:53,15500.0,200,Sell,234216742
2024-08-23 10:27:02,15550.0,1800,Buy,234217036
2024-08-23 10:27:09,15550.0,1000,Buy,234217240
2024-08-23 10:27:21,15550.0,12200,Buy,234217615
2024-08-23 10:27:23,15550.0,100,Buy,234217669
2024-08-23 10:27:52,15550.0,3000,Buy,234218462
2024-08-23 10:28:02,15550.0,200,Buy,234218632
2024-08-23 10:28:04,15550.0,75000,Buy,234218683
2024-08-23 10:28:09,15550.0,1000,Buy,234218819
2024-08-23 10:28:09,15550.0,100,Buy,234218814
2024-08-23 10:28:10,15550.0,24900,Buy,234218822
2024-08-23 10:28:10,15550.0,2600,Buy,234218823
2024-08-23 10:28:10,15550.0,800,Buy,234218824
2024-08-23 10:28:10,15550.0,200,Buy,234218825
2024-08-23 10:28:10,15550.0,300,Buy,234218826
2024-08-23 10:28:10,15550.0,1000,Buy,234218827
2024-08-23 10:28:10,15550.0,200,Buy,234218828
2024-08-23 10:28:13,15550.0,2700,Buy,234218891
2024-08-23 10:28:13,15550.0,100,Buy,234218890
2024-08-23 10:28:13,15550.0,3200,Buy,234218889
2024-08-23 10:28:20,15550.0,300,Buy,234219081
2024-08-23 10:28:20,15550.0,200,Buy,234219082
2024-08-23 10:28:22,15550.0,7800,Buy,234219186
2024-08-23 10:28:22,15550.0,400,Buy,234219187
2024-08-23 10:28:22,15550.0,100,Buy,234219188
2024-08-23 10:28:22,15550.0,1000,Buy,234219189
2024-08-23 10:28:22,15550.0,2500,Buy,234219190
2024-08-23 10:28:49,15550.0,500,Sell,234219666
2024-08-23 10:28:50,15550.0,700,Sell,234219677
2024-08-23 10:29:27,15550.0,500,Sell,234220401
2024-08-23 10:29:36,15550.0,2000,Sell,234220543
2024-08-23 10:30:12,15550.0,300,Sell,234221284
2024-08-23 10:30:24,15550.0,500,Sell,234221541
2024-08-23 10:30:24,15600.0,1200,Buy,234221552
2024-08-23 10:30:34,15600.0,1500,Buy,234221739
2024-08-23 10:30:43,15600.0,500,Buy,234221889
2024-08-23 10:30:44,15550.0,300,Sell,234221900
2024-08-23 10:30:59,15600.0,500,Buy,234222172
2024-08-23 10:31:15,15600.0,100,Buy,234222551
2024-08-23 10:31:18,15600.0,5000,Buy,234222611
2024-08-23 10:31:18,15600.0,4300,Buy,234222609
2024-08-23 10:31:18,15600.0,700,Buy,234222610
2024-08-23 10:31:28,15550.0,300,Sell,234222852
2024-08-23 10:31:31,15600.0,1000,Buy,234222902
2024-08-23 10:31:31,15600.0,3000,Buy,234222903
2024-08-23 10:31:31,15600.0,100,Buy,234222904
2024-08-23 10:31:31,15600.0,100,Buy,234222905
2024-08-23 10:31:31,15600.0,15800,Buy,234222906
2024-08-23 10:31:33,15550.0,500,Sell,234222941
2024-08-23 10:31:53,15600.0,1000,Buy,234223267
2024-08-23 10:32:13,15600.0,1500,Buy,234223629
2024-08-23 10:32:16,15600.0,2000,Buy,234223673
2024-08-23 10:32:26,15600.0,100,Buy,234223812
2024-08-23 10:32:31,15600.0,2000,Buy,234223890
2024-08-23 10:32:42,15600.0,100,Buy,234224085
2024-08-23 10:32:43,15600.0,500,Buy,234224117
2024-08-23 10:32:55,15600.0,1000,Buy,234224328
2024-08-23 10:33:58,15600.0,100,Buy,234225254
2024-08-23 10:34:05,15600.0,200,Buy,234225397
2024-08-23 10:34:21,15600.0,500,Buy,234225598
2024-08-23 10:34:32,15600.0,2000,Buy,234225725
2024-08-23 10:34:49,15550.0,400,Sell,234225933
2024-08-23 10:34:49,15550.0,600,Sell,234225931
2024-08-23 10:34:49,15550.0,100,Sell,234225932
2024-08-23 10:35:10,15550.0,100,Sell,234226248
2024-08-23 10:35:19,15550.0,500,Sell,234226381
2024-08-23 10:35:19,15550.0,100,Sell,234226382
2024-08-23 10:35:19,15550.0,1800,Sell,234226383
2024-08-23 10:35:19,15550.0,500,Sell,234226384
2024-08-23 10:35:19,15550.0,2000,Sell,234226385
2024-08-23 10:35:19,15550.0,200,Sell,234226388
2024-08-23 10:35:19,15550.0,900,Sell,234226389
2024-08-23 10:35:32,15550.0,6700,Sell,234226572
2024-08-23 10:35:32,15550.0,100,Sell,234226571
2024-08-23 10:35:32,15550.0,4100,Sell,234226567
2024-08-23 10:35:32,15550.0,1000,Sell,234226569
2024-08-23 10:35:32,15550.0,100,Sell,234226568
2024-08-23 10:35:32,15550.0,8000,Sell,234226570
2024-08-23 10:35:39,15550.0,100,Sell,234226659
2024-08-23 10:35:45,15600.0,20000,Buy,234226752
2024-08-23 10:35:51,15550.0,100,Sell,234226871
2024-08-23 10:36:22,15550.0,300,Sell,234227375
2024-08-23 10:36:34,15600.0,100,Buy,234227571
2024-08-23 10:36:34,15600.0,500,Buy,234227572
2024-08-23 10:36:34,15600.0,100,Buy,234227570
2024-08-23 10:36:34,15600.0,600,Buy,234227566
2024-08-23 10:36:34,15600.0,5000,Buy,234227568
2024-08-23 10:36:34,15600.0,3200,Buy,234227565
2024-08-23 10:36:34,15600.0,500,Buy,234227569
2024-08-23 10:36:34,15600.0,20000,Buy,234227567
2024-08-23 10:36:50,15600.0,100,Buy,234227858
2024-08-23 10:37:02,15600.0,100,Buy,234228068
2024-08-23 10:37:03,15600.0,100,Buy,234228086
2024-08-23 10:37:08,15600.0,100,Buy,234228160
2024-08-23 10:37:25,15600.0,100,Buy,234228440
2024-08-23 10:37:25,15600.0,300,Buy,234228441
2024-08-23 10:37:25,15600.0,100,Buy,234228442
2024-08-23 10:37:25,15600.0,1000,Buy,234228443
2024-08-23 10:37:25,15600.0,1000,Buy,234228445
2024-08-23 10:37:25,15600.0,500,Buy,234228444
2024-08-23 10:37:35,15600.0,100,Buy,234228606
2024-08-23 10:37:37,15600.0,100,Buy,234228648
2024-08-23 10:37:39,15600.0,400,Buy,234228669
2024-08-23 10:37:43,15600.0,100,Buy,234228729
2024-08-23 10:37:46,15600.0,500,Buy,234228779
2024-08-23 10:37:56,15600.0,100,Buy,234228889
2024-08-23 10:38:15,15600.0,500,Buy,234229159
2024-08-23 10:38:59,15550.0,500,Sell,234229829
2024-08-23 10:39:02,15600.0,100,Buy,234229865
2024-08-23 10:39:04,15550.0,500,Sell,234229907
2024-08-23 10:39:13,15550.0,100,Sell,234230016
2024-08-23 10:39:58,15550.0,1000,Sell,234230534
2024-08-23 10:40:05,15550.0,500,Sell,234230631
2024-08-23 10:40:10,15550.0,500,Sell,234230709
2024-08-23 10:40:14,15550.0,500,Sell,234230809
2024-08-23 10:40:14,15550.0,400,Sell,234230819
2024-08-23 10:40:18,15550.0,1000,Sell,234230858
2024-08-23 10:40:52,15550.0,1000,Sell,234231469
2024-08-23 10:41:21,15550.0,5200,Sell,234231839
2024-08-23 10:41:22,15550.0,1000,Sell,234231860
2024-08-23 10:41:27,15600.0,5000,Buy,234231932
2024-08-23 10:41:42,15600.0,3000,Buy,234232133
2024-08-23 10:42:10,15600.0,100,Buy,234232441
2024-08-23 10:42:46,15600.0,100,Buy,234232951
2024-08-23 10:43:15,15550.0,100,Sell,234233350
2024-08-23 10:43:16,15600.0,400,Buy,234233352
2024-08-23 10:44:40,15550.0,300,Sell,234234428
2024-08-23 10:45:10,15600.0,1000,Buy,234234754
2024-08-23 10:45:15,15550.0,1800,Sell,234234807
2024-08-23 10:45:15,15550.0,200,Sell,234234806
2024-08-23 10:45:32,15550.0,200,Sell,234235099
2024-08-23 10:45:33,15600.0,100,Buy,234235110
2024-08-23 10:47:48,15600.0,100,Buy,234237435
2024-08-23 10:48:11,15600.0,500,Buy,234237832
2024-08-23 10:48:17,15600.0,10000,Buy,234237890
2024-08-23 10:49:02,15600.0,500,Buy,234238418
2024-08-23 10:49:03,15600.0,500,Buy,234238420
2024-08-23 10:49:30,15600.0,100,Buy,234238784
2024-08-23 10:49:35,15600.0,100,Buy,234238853
2024-08-23 10:49:55,15600.0,600,Buy,234239117
2024-08-23 10:49:55,15600.0,400,Buy,234239118
2024-08-23 10:51:29,15600.0,500,Buy,234240214
2024-08-23 10:51:38,15600.0,1000,Buy,234240348
2024-08-23 10:51:51,15550.0,40000,Sell,234240597
2024-08-23 10:51:53,15550.0,8100,Sell,234240639
2024-08-23 10:51:53,15550.0,1000,Sell,234240638
2024-08-23 10:51:53,15550.0,600,Sell,234240637
2024-08-23 10:51:53,15550.0,500,Sell,234240636
2024-08-23 10:51:53,15550.0,1000,Sell,234240629
2024-08-23 10:51:53,15550.0,1000,Sell,234240635
2024-08-23 10:51:53,15550.0,200,Sell,234240633
2024-08-23 10:51:53,15550.0,1000,Sell,234240632
2024-08-23 10:51:53,15550.0,1000,Sell,234240631
2024-08-23 10:51:53,15550.0,1000,Sell,234240630
2024-08-23 10:51:53,15550.0,2000,Sell,234240628
2024-08-23 10:51:53,15550.0,1000,Sell,234240620
2024-08-23 10:51:53,15550.0,10000,Sell,234240626
2024-08-23 10:51:53,15550.0,100,Sell,234240625
2024-08-23 10:51:53,15550.0,10900,Sell,234240624
2024-08-23 10:51:53,15550.0,100,Sell,234240623
2024-08-23 10:51:53,15550.0,500,Sell,234240622
2024-08-23 10:51:53,15550.0,1000,Sell,234240621
2024-08-23 10:51:53,15550.0,100,Sell,234240619
2024-08-23 10:51:53,15550.0,600,Sell,234240618
2024-08-23 10:51:53,15550.0,100,Sell,234240617
2024-08-23 10:51:53,15550.0,7700,Sell,234240616
2024-08-23 10:51:53,15550.0,500,Sell,234240627
2024-08-23 10:52:08,15600.0,100,Buy,234240824
2024-08-23 10:52:38,15600.0,1000,Buy,234241245
2024-08-23 10:52:38,15550.0,300,Sell,234241239
2024-08-23 10:52:39,15550.0,2100,Sell,234241279
2024-08-23 10:52:39,15550.0,200,Sell,234241278
2024-08-23 10:52:39,15550.0,1300,Sell,234241277
2024-08-23 10:52:39,15550.0,100,Sell,234241276
2024-08-23 10:52:39,15550.0,1000,Sell,234241275
2024-08-23 10:52:39,15550.0,1000,Sell,234241274
2024-08-23 10:52:39,15550.0,2000,Sell,234241273
2024-08-23 10:52:39,15550.0,5000,Sell,234241272
2024-08-23 10:52:39,15550.0,200,Sell,234241271
2024-08-23 10:52:39,15550.0,500,Sell,234241270
2024-08-23 10:52:39,15550.0,100,Sell,234241269
2024-08-23 10:52:39,15550.0,500,Sell,234241268
2024-08-23 10:52:39,15550.0,3000,Sell,234241267
2024-08-23 10:52:39,15550.0,11600,Sell,234241253
2024-08-23 10:52:39,15550.0,5000,Sell,234241265
2024-08-23 10:52:39,15550.0,100,Sell,234241254
2024-08-23 10:52:39,15550.0,5000,Sell,234241255
2024-08-23 10:52:39,15550.0,5000,Sell,234241256
2024-08-23 10:52:39,15550.0,300,Sell,234241257
2024-08-23 10:52:39,15550.0,1000,Sell,234241258
2024-08-23 10:52:39,15550.0,500,Sell,234241266
2024-08-23 10:52:39,15550.0,1000,Sell,234241260
2024-08-23 10:52:39,15550.0,200,Sell,234241261
2024-08-23 10:52:39,15550.0,100,Sell,234241262
2024-08-23 10:52:39,15550.0,500,Sell,234241263
2024-08-23 10:52:39,15550.0,2000,Sell,234241264
2024-08-23 10:52:39,15550.0,700,Sell,234241259
2024-08-23 10:53:09,15550.0,6000,Sell,234241590
2024-08-23 10:53:18,15550.0,5000,Sell,234241675
2024-08-23 10:53:29,15550.0,2000,Sell,234241819
2024-08-23 10:53:32,15550.0,1000,Sell,234241842
2024-08-23 10:53:38,15550.0,10000,Sell,234241898
2024-08-23 10:53:40,15550.0,100,Sell,234241913
2024-08-23 10:53:45,15550.0,800,Sell,234241970
2024-08-23 10:53:45,15550.0,500,Sell,234241969
2024-08-23 10:53:45,15550.0,200,Sell,234241968
2024-08-23 10:53:45,15550.0,200,Sell,234241967
2024-08-23 10:53:45,15550.0,100,Sell,234241962
2024-08-23 10:53:45,15550.0,400,Sell,234241965
2024-08-23 10:53:45,15550.0,1000,Sell,234241964
2024-08-23 10:53:45,15550.0,100,Sell,234241963
2024-08-23 10:53:45,15550.0,8800,Sell,234241961
2024-08-23 10:53:45,15550.0,600,Sell,234241966
2024-08-23 10:53:54,15550.0,1000,Sell,234242107
2024-08-23 10:53:54,15550.0,100,Sell,234242108
2024-08-23 10:53:54,15550.0,2300,Sell,234242105
2024-08-23 10:53:54,15550.0,1000,Sell,234242106
2024-08-23 10:53:54,15550.0,100,Sell,234242104
2024-08-23 10:53:54,15550.0,100,Sell,234242103
2024-08-23 10:53:54,15550.0,500,Sell,234242102
2024-08-23 10:53:54,15550.0,200,Sell,234242101
2024-08-23 10:54:12,15550.0,500,Buy,234242270
2024-08-23 10:54:27,15550.0,700,Buy,234242437
2024-08-23 10:54:27,15550.0,300,Buy,234242443
2024-08-23 10:54:28,15550.0,600,Buy,234242454
2024-08-23 10:54:28,15550.0,400,Buy,234242455
2024-08-23 10:54:44,15550.0,300,Buy,234242639
2024-08-23 10:55:23,15550.0,500,Buy,234243209
2024-08-23 10:55:47,15550.0,3000,Buy,234243511
2024-08-23 10:55:49,15550.0,700,Buy,234243549
2024-08-23 10:55:57,15550.0,1000,Buy,234243625
2024-08-23 10:55:57,15550.0,100,Buy,234243628
2024-08-23 10:55:57,15550.0,2000,Buy,234243627
2024-08-23 10:55:57,15550.0,4100,Buy,234243626
2024-08-23 10:55:57,15550.0,1000,Buy,234243624
2024-08-23 10:55:57,15550.0,200,Buy,234243622
2024-08-23 10:55:57,15550.0,5400,Buy,234243621
2024-08-23 10:55:57,15550.0,5000,Buy,234243620
2024-08-23 10:55:57,15550.0,5100,Buy,234243619
2024-08-23 10:55:57,15550.0,100,Buy,234243623
2024-08-23 10:56:00,15550.0,1000,Sell,234243660
2024-08-23 10:56:17,15550.0,5000,Sell,234243880
2024-08-23 10:56:17,15550.0,200,Sell,234243881
2024-08-23 10:56:42,15550.0,600,Buy,234244175
2024-08-23 10:57:06,15550.0,1200,Buy,234244458
2024-08-23 10:57:06,15550.0,800,Buy,234244459
2024-08-23 10:57:13,15550.0,100,Buy,234244555
2024-08-23 10:57:13,15550.0,3900,Buy,234244558
2024-08-23 10:57:16,15500.0,1900,Sell,234244583
2024-08-23 10:57:16,15500.0,1000,Sell,234244584
2024-08-23 10:57:16,15500.0,3000,Sell,234244585
2024-08-23 10:58:15,15500.0,2000,Sell,234245473
2024-08-23 10:58:28,15550.0,100,Buy,234245741
2024-08-23 10:58:33,15500.0,200,Sell,234245814
2024-08-23 10:58:54,15550.0,3100,Buy,234246053
2024-08-23 11:00:30,15550.0,100,Buy,234247181
2024-08-23 11:01:07,15550.0,100,Buy,234247922
2024-08-23 11:01:08,15550.0,200,Buy,234247925
2024-08-23 11:01:24,15550.0,600,Buy,234248091
2024-08-23 11:01:27,15500.0,100,Sell,234248134
2024-08-23 11:02:43,15500.0,1600,Sell,234249012
2024-08-23 11:03:07,15500.0,13100,Sell,234249401
2024-08-23 11:03:07,15500.0,500,Sell,234249402
2024-08-23 11:03:07,15500.0,2300,Sell,234249403
2024-08-23 11:03:11,15550.0,100,Buy,234249438
2024-08-23 11:03:21,15500.0,300,Sell,234249573
2024-08-23 11:03:31,15500.0,2000,Sell,234249697
2024-08-23 11:03:44,15500.0,500,Sell,234249885
2024-08-23 11:04:06,15500.0,1900,Sell,234250269
2024-08-23 11:04:06,15500.0,600,Sell,234250268
2024-08-23 11:04:06,15500.0,500,Sell,234250267
2024-08-23 11:04:06,15500.0,200,Sell,234250265
2024-08-23 11:04:06,15500.0,1300,Sell,234250264
2024-08-23 11:04:06,15500.0,600,Sell,234250266
2024-08-23 11:04:35,15500.0,1500,Sell,234250765
2024-08-23 11:04:35,15500.0,500,Sell,234250766
2024-08-23 11:04:51,15500.0,400,Sell,234250942
2024-08-23 11:04:51,15500.0,200,Sell,234250943
2024-08-23 11:04:51,15500.0,500,Sell,234250944
2024-08-23 11:04:51,15500.0,200,Sell,234250945
2024-08-23 11:04:51,15500.0,300,Sell,234250946
2024-08-23 11:04:51,15500.0,400,Sell,234250947
2024-08-23 11:05:07,15500.0,200,Sell,234251103
2024-08-23 11:05:11,15500.0,100,Sell,234251149
2024-08-23 11:05:29,15500.0,1000,Sell,234251390
2024-08-23 11:05:47,15500.0,200,Sell,234251663
2024-08-23 11:05:57,15500.0,900,Sell,234251836
2024-08-23 11:06:19,15500.0,500,Sell,234252140
2024-08-23 11:06:19,15500.0,200,Sell,234252110
2024-08-23 11:06:19,15500.0,2000,Sell,234252111
2024-08-23 11:06:19,15500.0,500,Sell,234252112
2024-08-23 11:06:19,15500.0,200,Sell,234252113
2024-08-23 11:06:19,15500.0,100,Sell,234252114
2024-08-23 11:06:19,15500.0,500,Sell,234252115
2024-08-23 11:06:19,15500.0,500,Sell,234252116
2024-08-23 11:06:19,15500.0,4000,Sell,234252117
2024-08-23 11:06:19,15500.0,200,Sell,234252118
2024-08-23 11:06:19,15500.0,100,Sell,234252119
2024-08-23 11:06:19,15500.0,5000,Sell,234252120
2024-08-23 11:06:19,15500.0,100,Sell,234252121
2024-08-23 11:06:19,15500.0,100,Sell,234252122
2024-08-23 11:06:19,15500.0,2000,Sell,234252123
2024-08-23 11:06:19,15500.0,200,Sell,234252124
2024-08-23 11:06:19,15500.0,1500,Sell,234252125
2024-08-23 11:06:19,15500.0,300,Sell,234252127
2024-08-23 11:06:19,15500.0,500,Sell,234252128
2024-08-23 11:06:19,15500.0,400,Sell,234252129
2024-08-23 11:06:19,15500.0,100,Sell,234252130
2024-08-23 11:06:19,15500.0,100,Sell,234252131
2024-08-23 11:06:19,15500.0,100,Sell,234252132
2024-08-23 11:06:19,15500.0,5000,Sell,234252133
2024-08-23 11:06:19,15500.0,1000,Sell,234252134
2024-08-23 11:06:19,15500.0,100,Sell,234252135
2024-08-23 11:06:19,15500.0,10000,Sell,234252136
2024-08-23 11:06:19,15500.0,1000,Sell,234252137
2024-08-23 11:06:19,15500.0,100,Sell,234252138
2024-08-23 11:06:19,15500.0,200,Sell,234252139
2024-08-23 11:06:19,15500.0,3700,Sell,234252109
2024-08-23 11:06:19,15500.0,200,Sell,234252108
2024-08-23 11:06:19,15500.0,200,Sell,234252126
2024-08-23 11:06:19,15500.0,200,Sell,234252106
2024-08-23 11:06:19,15500.0,500,Sell,234252088
2024-08-23 11:06:19,15500.0,100,Sell,234252087
2024-08-23 11:06:19,15500.0,1000,Sell,234252086
2024-08-23 11:06:19,15500.0,200,Sell,234252085
2024-08-23 11:06:19,15500.0,200,Sell,234252083
2024-08-23 11:06:19,15500.0,5000,Sell,234252082
2024-08-23 11:06:19,15500.0,2200,Sell,234252074
2024-08-23 11:06:19,15500.0,100,Sell,234252081
2024-08-23 11:06:19,15500.0,500,Sell,234252079
2024-08-23 11:06:19,15500.0,100,Sell,234252078
2024-08-23 11:06:19,15500.0,500,Sell,234252077
2024-08-23 11:06:19,15500.0,5000,Sell,234252076
2024-08-23 11:06:19,15500.0,100,Sell,234252075
2024-08-23 11:06:19,15500.0,200,Sell,234252107
2024-08-23 11:06:19,15500.0,20000,Sell,234252080
2024-08-23 11:06:19,15500.0,100,Sell,234252089
2024-08-23 11:06:19,15500.0,100,Sell,234252084
2024-08-23 11:06:19,15500.0,400,Sell,234252091
2024-08-23 11:06:19,15500.0,100,Sell,234252105
2024-08-23 11:06:19,15500.0,200,Sell,234252090
2024-08-23 11:06:19,15500.0,10000,Sell,234252103
2024-08-23 11:06:19,15500.0,5000,Sell,234252102
2024-08-23 11:06:19,15500.0,300,Sell,234252101
2024-08-23 11:06:19,15500.0,500,Sell,234252100
2024-08-23 11:06:19,15500.0,500,Sell,234252099
2024-08-23 11:06:19,15500.0,500,Sell,234252104
2024-08-23 11:06:19,15500.0,3100,Sell,234252097
2024-08-23 11:06:19,15500.0,300,Sell,234252096
2024-08-23 11:06:19,15500.0,2000,Sell,234252092
2024-08-23 11:06:19,15500.0,100,Sell,234252095
2024-08-23 11:06:19,15500.0,500,Sell,234252094
2024-08-23 11:06:19,15500.0,500,Sell,234252093
2024-08-23 11:06:19,15500.0,200,Sell,234252098
2024-08-23 11:06:36,15550.0,100,Buy,234252491
2024-08-23 11:06:44,15500.0,200,Sell,234252655
2024-08-23 11:07:21,15500.0,300,Sell,234253353
2024-08-23 11:07:22,15500.0,300,Sell,234253544
2024-08-23 11:07:40,15500.0,800,Sell,234253906
2024-08-23 11:07:40,15500.0,1700,Sell,234253904
2024-08-23 11:07:40,15500.0,500,Sell,234253905
2024-08-23 11:08:09,15500.0,4200,Sell,234254301
2024-08-23 11:08:09,15500.0,5800,Sell,234254302
2024-08-23 11:08:11,15500.0,1000,Sell,234254344
2024-08-23 11:08:30,15500.0,3000,Sell,234254766
2024-08-23 11:08:38,15500.0,100,Sell,234254922
2024-08-23 11:08:43,15500.0,1400,Sell,234255040
2024-08-23 11:08:43,15500.0,100,Sell,234255039
2024-08-23 11:08:43,15500.0,3000,Sell,234255038
2024-08-23 11:08:43,15500.0,100,Sell,234255037
2024-08-23 11:08:43,15500.0,100,Sell,234255036
2024-08-23 11:08:43,15500.0,200,Sell,234255035
2024-08-23 11:08:43,15500.0,100,Sell,234255034
2024-08-23 11:09:03,15550.0,1500,Buy,234255356
2024-08-23 11:09:05,15500.0,2000,Sell,234255438
2024-08-23 11:09:08,15500.0,600,Sell,234255509
2024-08-23 11:09:08,15500.0,400,Sell,234255510
2024-08-23 11:09:11,15500.0,100,Sell,234255541
2024-08-23 11:09:11,15500.0,500,Sell,234255542
2024-08-23 11:09:11,15500.0,1400,Sell,234255543
2024-08-23 11:09:14,15550.0,400,Buy,234255606
2024-08-23 11:09:20,15500.0,200,Sell,234255725
2024-08-23 11:09:20,15500.0,600,Sell,234255724
2024-08-23 11:09:28,15500.0,300,Sell,234255812
2024-08-23 11:09:28,15500.0,100,Sell,234255813
2024-08-23 11:09:28,15500.0,100,Sell,234255814
2024-08-23 11:09:28,15500.0,1000,Sell,234255815
2024-08-23 11:09:59,15500.0,100,Sell,234256435
2024-08-23 11:09:59,15500.0,2900,Sell,234256436
2024-08-23 11:10:15,15500.0,100,Sell,234256698
2024-08-23 11:10:31,15550.0,9800,Buy,234256999
2024-08-23 11:10:33,15500.0,200,Sell,234257054
2024-08-23 11:10:33,15500.0,700,Sell,234257055
2024-08-23 11:10:33,15500.0,100,Sell,234257056
2024-08-23 11:10:33,15500.0,400,Sell,234257053
2024-08-23 11:10:43,15500.0,17200,Sell,234257161
2024-08-23 11:10:45,15500.0,400,Sell,234257171
2024-08-23 11:10:45,15500.0,1500,Sell,234257170
2024-08-23 11:10:48,15550.0,1300,Buy,234257210
2024-08-23 11:10:52,15500.0,3000,Sell,234257319
2024-08-23 11:11:03,15500.0,500,Sell,234257493
2024-08-23 11:11:05,15500.0,7300,Sell,234257516
2024-08-23 11:11:05,15500.0,1000,Sell,234257517
2024-08-23 11:11:05,15500.0,100,Sell,234257518
2024-08-23 11:11:05,15500.0,1600,Sell,234257519
2024-08-23 11:11:17,15500.0,3000,Sell,234257738
2024-08-23 11:11:23,15500.0,300,Sell,234257855
2024-08-23 11:11:25,15500.0,300,Sell,234257899
2024-08-23 11:11:25,15500.0,200,Sell,234257896
2024-08-23 11:11:25,15500.0,900,Sell,234257897
2024-08-23 11:11:25,15500.0,100,Sell,234257898
2024-08-23 11:11:25,15500.0,100,Sell,234257900
2024-08-23 11:11:25,15500.0,200,Sell,234257895
2024-08-23 11:11:25,15500.0,100,Sell,234257902
2024-08-23 11:11:25,15500.0,100,Sell,234257903
2024-08-23 11:11:25,15500.0,200,Sell,234257904
2024-08-23 11:11:25,15500.0,1000,Sell,234257905
2024-08-23 11:11:25,15500.0,4300,Sell,234257906
2024-08-23 11:11:25,15500.0,100,Sell,234257901
2024-08-23 11:11:25,15500.0,400,Sell,234257894
2024-08-23 11:11:25,15500.0,100,Sell,234257879
2024-08-23 11:11:25,15500.0,200,Sell,234257892
2024-08-23 11:11:25,15500.0,200,Sell,234257891
2024-08-23 11:11:25,15500.0,100,Sell,234257890
2024-08-23 11:11:25,15500.0,2000,Sell,234257889
2024-08-23 11:11:25,15500.0,2000,Sell,234257888
2024-08-23 11:11:25,15500.0,500,Sell,234257887
2024-08-23 11:11:25,15500.0,800,Sell,234257886
2024-08-23 11:11:25,15500.0,200,Sell,234257885
2024-08-23 11:11:25,15500.0,500,Sell,234257884
2024-08-23 11:11:25,15500.0,500,Sell,234257883
2024-08-23 11:11:25,15500.0,100,Sell,234257882
2024-08-23 11:11:25,15500.0,100,Sell,234257881
2024-08-23 11:11:25,15500.0,200,Sell,234257880
2024-08-23 11:11:25,15500.0,500,Sell,234257893
2024-08-23 11:11:29,15500.0,100,Sell,234257961
2024-08-23 11:11:29,15500.0,1000,Sell,234257960
2024-08-23 11:11:29,15500.0,800,Sell,234257962
2024-08-23 11:11:29,15500.0,200,Sell,234257958
2024-08-23 11:11:29,15500.0,700,Sell,234257957
2024-08-23 11:11:29,15500.0,200,Sell,234257959
2024-08-23 11:11:34,15500.0,1200,Sell,234258031
2024-08-23 11:11:34,15500.0,1800,Sell,234258032
2024-08-23 11:11:38,15550.0,2000,Buy,234258060
2024-08-23 11:11:43,15500.0,2000,Sell,234258282
2024-08-23 11:12:22,15500.0,100,Sell,234258834
2024-08-23 11:12:22,15500.0,100,Sell,234258833
2024-08-23 11:12:22,15500.0,500,Sell,234258832
2024-08-23 11:12:22,15500.0,1000,Sell,234258831
2024-08-23 11:12:22,15500.0,100,Sell,234258829
2024-08-23 11:12:22,15500.0,1000,Sell,234258828
2024-08-23 11:12:22,15500.0,6200,Sell,234258827
2024-08-23 11:12:22,15500.0,1000,Sell,234258830
2024-08-23 11:12:27,15500.0,900,Sell,234258898
2024-08-23 11:12:27,15500.0,500,Sell,234258897
2024-08-23 11:12:27,15500.0,500,Sell,234258896
2024-08-23 11:12:27,15500.0,10000,Sell,234258895
2024-08-23 11:12:27,15500.0,100,Sell,234258894
2024-08-23 11:12:27,15500.0,1000,Sell,234258893
2024-08-23 11:12:27,15500.0,100,Sell,234258889
2024-08-23 11:12:27,15500.0,200,Sell,234258891
2024-08-23 11:12:27,15500.0,5000,Sell,234258890
2024-08-23 11:12:27,15500.0,500,Sell,234258888
2024-08-23 11:12:27,15500.0,200,Sell,234258887
2024-08-23 11:12:27,15500.0,100,Sell,234258886
2024-08-23 11:12:27,15500.0,400,Sell,234258885
2024-08-23 11:12:27,15500.0,500,Sell,234258892
2024-08-23 11:12:42,15500.0,100,Sell,234259221
2024-08-23 11:12:42,15500.0,100,Sell,234259220
2024-08-23 11:12:42,15500.0,2000,Sell,234259219
2024-08-23 11:12:42,15500.0,500,Sell,234259218
2024-08-23 11:12:42,15500.0,100,Sell,234259215
2024-08-23 11:12:42,15500.0,100,Sell,234259216
2024-08-23 11:12:42,15500.0,500,Sell,234259222
2024-08-23 11:12:42,15500.0,100,Sell,234259214
2024-08-23 11:12:42,15500.0,800,Sell,234259213
2024-08-23 11:12:42,15500.0,100,Sell,234259212
2024-08-23 11:12:42,15500.0,100,Sell,234259217
2024-08-23 11:12:42,15500.0,1000,Sell,234259223
2024-08-23 11:12:42,15500.0,100,Sell,234259226
2024-08-23 11:12:42,15500.0,7000,Sell,234259225
2024-08-23 11:12:42,15500.0,5000,Sell,234259227
2024-08-23 11:12:42,15500.0,200,Sell,234259228
2024-08-23 11:12:42,15500.0,100,Sell,234259229
2024-08-23 11:12:42,15500.0,2000,Sell,234259230
2024-08-23 11:12:42,15500.0,500,Sell,234259231
2024-08-23 11:12:42,15500.0,3000,Sell,234259232
2024-08-23 11:12:42,15500.0,5000,Sell,234259233
2024-08-23 11:12:42,15500.0,2000,Sell,234259234
2024-08-23 11:12:42,15500.0,400,Sell,234259235
2024-08-23 11:12:42,15500.0,300,Sell,234259211
2024-08-23 11:12:42,15500.0,2000,Sell,234259224
2024-08-23 11:12:42,15500.0,5000,Sell,234259210
2024-08-23 11:12:42,15500.0,600,Sell,234259236
2024-08-23 11:12:42,15500.0,100,Sell,234259208
2024-08-23 11:12:42,15500.0,100,Sell,234259183
2024-08-23 11:12:42,15500.0,100,Sell,234259184
2024-08-23 11:12:42,15500.0,200,Sell,234259185
2024-08-23 11:12:42,15500.0,1000,Sell,234259186
2024-08-23 11:12:42,15500.0,100,Sell,234259187
2024-08-23 11:12:42,15500.0,100,Sell,234259188
2024-08-23 11:12:42,15500.0,2000,Sell,234259189
2024-08-23 11:12:42,15500.0,100,Sell,234259190
2024-08-23 11:12:42,15500.0,100,Sell,234259191
2024-08-23 11:12:42,15500.0,100,Sell,234259192
2024-08-23 11:12:42,15500.0,100,Sell,234259193
2024-08-23 11:12:42,15500.0,100,Sell,234259194
2024-08-23 11:12:42,15500.0,200,Sell,234259209
2024-08-23 11:12:42,15500.0,100,Sell,234259196
2024-08-23 11:12:42,15500.0,300,Sell,234259197
2024-08-23 11:12:42,15500.0,2000,Sell,234259198
2024-08-23 11:12:42,15500.0,1300,Sell,234259199
2024-08-23 11:12:42,15500.0,500,Sell,234259200
2024-08-23 11:12:42,15500.0,300,Sell,234259201
2024-08-23 11:12:42,15500.0,100,Sell,234259202
2024-08-23 11:12:42,15500.0,100,Sell,234259203
2024-08-23 11:12:42,15500.0,100,Sell,234259204
2024-08-23 11:12:42,15500.0,400,Sell,234259205
2024-08-23 11:12:42,15500.0,1000,Sell,234259206
2024-08-23 11:12:42,15500.0,500,Sell,234259207
2024-08-23 11:12:42,15500.0,200,Sell,234259195
2024-08-23 11:12:47,15500.0,1400,Sell,234259296
2024-08-23 11:12:47,15500.0,100,Sell,234259295
2024-08-23 11:12:47,15500.0,3000,Sell,234259294
2024-08-23 11:12:47,15500.0,100,Sell,234259293
2024-08-23 11:12:47,15500.0,4400,Sell,234259292
2024-08-23 11:12:48,15500.0,100,Sell,234259343
2024-08-23 11:12:48,15500.0,1000,Sell,234259344
2024-08-23 11:12:48,15500.0,1000,Sell,234259345
2024-08-23 11:12:48,15500.0,300,Sell,234259346
2024-08-23 11:12:48,15500.0,5000,Sell,234259347
2024-08-23 11:12:48,15500.0,500,Sell,234259348
2024-08-23 11:12:48,15500.0,100,Sell,234259349
2024-08-23 11:12:48,15500.0,1000,Sell,234259350
2024-08-23 11:12:48,15500.0,1000,Sell,234259351
2024-08-23 11:12:48,15500.0,200,Sell,234259352
2024-08-23 11:12:48,15500.0,100,Sell,234259353
2024-08-23 11:12:48,15500.0,100,Sell,234259362
2024-08-23 11:12:48,15500.0,5000,Sell,234259355
2024-08-23 11:12:48,15500.0,100,Sell,234259356
2024-08-23 11:12:48,15500.0,500,Sell,234259357
2024-08-23 11:12:48,15500.0,100,Sell,234259358
2024-08-23 11:12:48,15500.0,100,Sell,234259359
2024-08-23 11:12:48,15500.0,300,Sell,234259360
2024-08-23 11:12:48,15500.0,2000,Sell,234259361
2024-08-23 11:12:48,15500.0,100,Sell,234259342
2024-08-23 11:12:48,15500.0,5000,Sell,234259363
2024-08-23 11:12:48,15500.0,2300,Sell,234259364
2024-08-23 11:12:48,15500.0,300,Sell,234259354
2024-08-23 11:12:48,15500.0,500,Sell,234259341
2024-08-23 11:12:48,15500.0,300,Sell,234259334
2024-08-23 11:12:48,15500.0,1000,Sell,234259339
2024-08-23 11:12:48,15500.0,1600,Sell,234259316
2024-08-23 11:12:48,15500.0,500,Sell,234259317
2024-08-23 11:12:48,15500.0,100,Sell,234259318
2024-08-23 11:12:48,15500.0,3000,Sell,234259319
2024-08-23 11:12:48,15500.0,200,Sell,234259320
2024-08-23 11:12:48,15500.0,100,Sell,234259321
2024-08-23 11:12:48,15500.0,200,Sell,234259322
2024-08-23 11:12:48,15500.0,500,Sell,234259323
2024-08-23 11:12:48,15500.0,100,Sell,234259324
2024-08-23 11:12:48,15500.0,500,Sell,234259325
2024-08-23 11:12:48,15500.0,100,Sell,234259340
2024-08-23 11:12:48,15500.0,1000,Sell,234259326
2024-08-23 11:12:48,15500.0,2000,Sell,234259328
2024-08-23 11:12:48,15500.0,3000,Sell,234259329
2024-08-23 11:12:48,15500.0,1000,Sell,234259330
2024-08-23 11:12:48,15500.0,5000,Sell,234259331
2024-08-23 11:12:48,15500.0,100,Sell,234259332
2024-08-23 11:12:48,15500.0,100,Sell,234259333
2024-08-23 11:12:48,15500.0,600,Sell,234259335
2024-08-23 11:12:48,15500.0,100,Sell,234259336
2024-08-23 11:12:48,15500.0,100,Sell,234259337
2024-08-23 11:12:48,15500.0,100,Sell,234259338
2024-08-23 11:12:48,15500.0,2000,Sell,234259327
2024-08-23 11:12:49,15500.0,1000,Sell,234259420
2024-08-23 11:12:49,15500.0,500,Sell,234259422
2024-08-23 11:12:49,15500.0,200,Sell,234259421
2024-08-23 11:12:49,15500.0,400,Sell,234259419
2024-08-23 11:12:49,15500.0,1900,Sell,234259423
2024-08-23 11:12:49,15500.0,100,Sell,234259417
2024-08-23 11:12:49,15500.0,100,Sell,234259416
2024-08-23 11:12:49,15500.0,100,Sell,234259415
2024-08-23 11:12:49,15500.0,200,Sell,234259414
2024-08-23 11:12:49,15500.0,1300,Sell,234259418
2024-08-23 11:12:49,15500.0,1200,Sell,234259413
2024-08-23 11:12:53,15500.0,100,Sell,234259491
2024-08-23 11:12:53,15500.0,5900,Sell,234259492
2024-08-23 11:12:54,15500.0,100,Sell,234259504
2024-08-23 11:12:54,15500.0,2900,Sell,234259507
2024-08-23 11:12:56,15500.0,2000,Sell,234259555
2024-08-23 11:12:56,15500.0,2100,Sell,234259540
2024-08-23 11:12:56,15500.0,900,Sell,234259541
2024-08-23 11:13:11,15500.0,100,Sell,234259865
2024-08-23 11:13:15,15500.0,1700,Sell,234259905
2024-08-23 11:13:18,15550.0,500,Buy,234259932
2024-08-23 11:13:23,15500.0,300,Sell,234260075
2024-08-23 11:13:23,15500.0,200,Sell,234260076
2024-08-23 11:13:23,15500.0,400,Sell,234260077
2024-08-23 11:13:34,15500.0,1000,Sell,234260259
2024-08-23 11:13:35,15550.0,5000,Buy,234260267
2024-08-23 11:13:51,15500.0,1000,Sell,234260691
2024-08-23 11:13:52,15500.0,100,Sell,234260707
2024-08-23 11:13:52,15500.0,500,Sell,234260706
2024-08-23 11:13:52,15500.0,100,Sell,234260705
2024-08-23 11:13:52,15500.0,900,Sell,234260708
2024-08-23 11:13:52,15500.0,1400,Sell,234260703
2024-08-23 11:13:52,15500.0,300,Sell,234260702
2024-08-23 11:13:52,15500.0,100,Sell,234260701
2024-08-23 11:13:52,15500.0,1500,Sell,234260704
2024-08-23 11:13:52,15500.0,2600,Sell,234260700
2024-08-23 11:14:13,15500.0,4000,Sell,234261179
2024-08-23 11:14:17,15500.0,500,Sell,234261228
2024-08-23 11:14:17,15500.0,100,Sell,234261229
2024-08-23 11:14:17,15500.0,5100,Sell,234261227
2024-08-23 11:14:35,15500.0,600,Buy,234261620
2024-08-23 11:14:39,15500.0,100,Buy,234261722
2024-08-23 11:14:51,15500.0,100,Buy,234262112
2024-08-23 11:15:17,15500.0,5000,Buy,234262630
2024-08-23 11:15:26,15450.0,700,Sell,234262803
2024-08-23 11:15:43,15450.0,300,Sell,234263210
2024-08-23 11:15:43,15450.0,100,Sell,234263211
2024-08-23 11:15:43,15450.0,200,Sell,234263212
2024-08-23 11:15:43,15450.0,100,Sell,234263213
2024-08-23 11:15:43,15450.0,1300,Sell,234263214
2024-08-23 11:15:55,15450.0,200,Sell,234263509
2024-08-23 11:15:55,15450.0,700,Sell,234263507
2024-08-23 11:15:55,15450.0,100,Sell,234263508
2024-08-23 11:15:57,15450.0,300,Sell,234263530
2024-08-23 11:15:57,15450.0,200,Sell,234263531
2024-08-23 11:16:12,15450.0,500,Sell,234264304
2024-08-23 11:16:13,15500.0,1000,Buy,234264325
2024-08-23 11:17:10,15450.0,300,Sell,234265686
2024-08-23 11:18:07,15450.0,200,Sell,234266979
2024-08-23 11:18:20,15450.0,100,Sell,234267150
2024-08-23 11:18:20,15450.0,100,Sell,234267151
2024-08-23 11:18:20,15450.0,1100,Sell,234267152
2024-08-23 11:18:20,15450.0,800,Sell,234267149
2024-08-23 11:18:35,15500.0,100,Buy,234267530
2024-08-23 11:18:43,15500.0,100,Buy,234267655
2024-08-23 11:19:18,15500.0,200,Buy,234268368
2024-08-23 11:19:51,15500.0,100,Buy,234269005
2024-08-23 11:20:14,15500.0,100,Buy,234269475
2024-08-23 11:20:19,15450.0,100,Sell,234269587
2024-08-23 11:20:28,15450.0,100,Sell,234269772
2024-08-23 11:20:28,15450.0,100,Sell,234269770
2024-08-23 11:20:28,15450.0,300,Sell,234269769
2024-08-23 11:20:28,15450.0,2000,Sell,234269768
2024-08-23 11:20:28,15450.0,100,Sell,234269771
2024-08-23 11:20:28,15450.0,200,Sell,234269766
2024-08-23 11:20:28,15450.0,500,Sell,234269765
2024-08-23 11:20:28,15450.0,100,Sell,234269767
2024-08-23 11:20:28,15450.0,600,Sell,234269764
2024-08-23 11:20:28,15450.0,1000,Sell,234269763
2024-08-23 11:20:43,15450.0,800,Sell,234270104
2024-08-23 11:20:43,15450.0,100,Sell,234270103
2024-08-23 11:20:43,15450.0,100,Sell,234270100
2024-08-23 11:20:43,15450.0,100,Sell,234270101
2024-08-23 11:20:43,15450.0,200,Sell,234270099
2024-08-23 11:20:43,15450.0,300,Sell,234270102
2024-08-23 11:20:49,15450.0,500,Sell,234270257
2024-08-23 11:21:10,15450.0,500,Sell,234270652
2024-08-23 11:21:20,15450.0,2000,Sell,234270946
2024-08-23 11:21:26,15500.0,500,Buy,234271124
2024-08-23 11:21:36,15500.0,200,Buy,234271418
2024-08-23 11:21:47,15500.0,100,Buy,234271705
2024-08-23 11:22:08,15500.0,500,Buy,234272299
2024-08-23 11:22:10,15500.0,3400,Buy,234272359
2024-08-23 11:22:10,15500.0,200,Buy,234272360
2024-08-23 11:22:10,15500.0,2400,Buy,234272361
2024-08-23 11:22:18,15450.0,1000,Sell,234272504
2024-08-23 11:22:19,15500.0,1000,Buy,234272531
2024-08-23 11:22:19,15450.0,100,Sell,234272533
2024-08-23 11:22:28,15450.0,200,Sell,234272711
2024-08-23 11:22:35,15450.0,2800,Sell,234272873
2024-08-23 11:22:59,15500.0,3000,Buy,234273597
2024-08-23 11:23:06,15500.0,100,Buy,234273779
2024-08-23 11:23:09,15450.0,600,Sell,234273828
2024-08-23 11:23:19,15450.0,900,Sell,234273995
2024-08-23 11:23:28,15450.0,200,Sell,234274365
2024-08-23 11:23:34,15500.0,1000,Buy,234274639
2024-08-23 11:23:39,15500.0,100,Buy,234274725
2024-08-23 11:24:36,15450.0,400,Sell,234276025
2024-08-23 11:24:36,15450.0,2000,Sell,234276027
2024-08-23 11:24:36,15450.0,1000,Sell,234276023
2024-08-23 11:24:36,15450.0,400,Sell,234276022
2024-08-23 11:24:36,15450.0,1100,Sell,234276024
2024-08-23 11:24:36,15450.0,100,Sell,234276026
2024-08-23 11:24:42,15450.0,8000,Sell,234276189
2024-08-23 11:24:42,15450.0,1000,Sell,234276190
2024-08-23 11:24:42,15450.0,500,Sell,234276191
2024-08-23 11:24:42,15450.0,300,Sell,234276192
2024-08-23 11:24:42,15450.0,100,Sell,234276193
2024-08-23 11:24:42,15450.0,100,Sell,234276194
2024-08-23 11:24:48,15450.0,100,Sell,234276330
2024-08-23 11:24:48,15450.0,900,Sell,234276329
2024-08-23 11:25:01,15500.0,500,Buy,234276570
2024-08-23 11:26:10,15450.0,200,Sell,234277989
2024-08-23 11:26:10,15450.0,2700,Sell,234277990
2024-08-23 11:26:10,15450.0,100,Sell,234277988
2024-08-23 11:26:49,15450.0,100,Sell,234279144
2024-08-23 11:26:49,15450.0,100,Sell,234279143
2024-08-23 11:26:49,15450.0,100,Sell,234279142
2024-08-23 11:26:49,15450.0,1000,Sell,234279141
2024-08-23 11:26:49,15450.0,1000,Sell,234279140
2024-08-23 11:26:49,15450.0,200,Sell,234279139
2024-08-23 11:26:49,15450.0,1800,Sell,234279138
2024-08-23 11:26:49,15450.0,100,Sell,234279137
2024-08-23 11:26:49,15450.0,500,Sell,234279135
2024-08-23 11:26:49,15450.0,2000,Sell,234279146
2024-08-23 11:26:49,15450.0,200,Sell,234279134
2024-08-23 11:26:49,15450.0,100,Sell,234279133
2024-08-23 11:26:49,15450.0,100,Sell,234279132
2024-08-23 11:26:49,15450.0,200,Sell,234279131
2024-08-23 11:26:49,15450.0,2000,Sell,234279136
2024-08-23 11:26:49,15450.0,100,Sell,234279147
2024-08-23 11:26:49,15450.0,200,Sell,234279159
2024-08-23 11:26:49,15450.0,100,Sell,234279149
2024-08-23 11:26:49,15450.0,1600,Sell,234279164
2024-08-23 11:26:49,15450.0,200,Sell,234279163
2024-08-23 11:26:49,15450.0,100,Sell,234279162
2024-08-23 11:26:49,15450.0,5000,Sell,234279161
2024-08-23 11:26:49,15450.0,500,Sell,234279130
2024-08-23 11:26:49,15450.0,4000,Sell,234279158
2024-08-23 11:26:49,15450.0,600,Sell,234279148
2024-08-23 11:26:49,15450.0,100,Sell,234279157
2024-08-23 11:26:49,15450.0,2000,Sell,234279155
2024-08-23 11:26:49,15450.0,1000,Sell,234279154
2024-08-23 11:26:49,15450.0,5600,Sell,234279153
2024-08-23 11:26:49,15450.0,2000,Sell,234279152
2024-08-23 11:26:49,15450.0,1000,Sell,234279151
2024-08-23 11:26:49,15450.0,100,Sell,234279150
2024-08-23 11:26:49,15450.0,3000,Sell,234279156
2024-08-23 11:26:49,15450.0,100,Sell,234279129
2024-08-23 11:26:49,15450.0,1000,Sell,234279160
2024-08-23 11:26:49,15450.0,100,Sell,234279127
2024-08-23 11:26:49,15450.0,200,Sell,234279107
2024-08-23 11:26:49,15450.0,1000,Sell,234279106
2024-08-23 11:26:49,15450.0,100,Sell,234279105
2024-08-23 11:26:49,15450.0,100,Sell,234279104
2024-08-23 11:26:49,15450.0,200,Sell,234279103
2024-08-23 11:26:49,15450.0,300,Sell,234279102
2024-08-23 11:26:49,15450.0,100,Sell,234279108
2024-08-23 11:26:49,15450.0,400,Sell,234279101
2024-08-23 11:26:49,15450.0,200,Sell,234279099
2024-08-23 11:26:49,15450.0,100,Sell,234279098
2024-08-23 11:26:49,15450.0,2000,Sell,234279096
2024-08-23 11:26:49,15450.0,3000,Sell,234279095
2024-08-23 11:26:49,15450.0,4000,Sell,234279094
2024-08-23 11:26:49,15450.0,17300,Sell,234279093
2024-08-23 11:26:49,15450.0,200,Sell,234279100
2024-08-23 11:26:49,15450.0,100,Sell,234279109
2024-08-23 11:26:49,15450.0,200,Sell,234279097
2024-08-23 11:26:49,15450.0,1700,Sell,234279111
2024-08-23 11:26:49,15450.0,100,Sell,234279110
2024-08-23 11:26:49,15450.0,2300,Sell,234279126
2024-08-23 11:26:49,15450.0,10000,Sell,234279125
2024-08-23 11:26:49,15450.0,300,Sell,234279124
2024-08-23 11:26:49,15450.0,100,Sell,234279123
2024-08-23 11:26:49,15450.0,2000,Sell,234279122
2024-08-23 11:26:49,15450.0,100,Sell,234279121
2024-08-23 11:26:49,15450.0,2000,Sell,234279120
2024-08-23 11:26:49,15450.0,500,Sell,234279128
2024-08-23 11:26:49,15450.0,1000,Sell,234279118
2024-08-23 11:26:49,15450.0,1000,Sell,234279117
2024-08-23 11:26:49,15450.0,10000,Sell,234279119
2024-08-23 11:26:49,15450.0,1000,Sell,234279116
2024-08-23 11:26:49,15450.0,100,Sell,234279115
2024-08-23 11:26:49,15450.0,5000,Sell,234279114
2024-08-23 11:26:49,15450.0,200,Sell,234279113
2024-08-23 11:26:49,15450.0,2000,Sell,234279112
2024-08-23 11:26:50,15450.0,3000,Sell,234279202
2024-08-23 11:26:56,15500.0,1000,Buy,234279375
2024-08-23 11:27:27,15450.0,400,Sell,234280028
2024-08-23 11:27:27,15450.0,500,Sell,234280029
2024-08-23 11:27:44,15450.0,500,Sell,234280390
2024-08-23 11:27:52,15450.0,200,Sell,234280507
2024-08-23 11:27:56,15450.0,1800,Sell,234280563
2024-08-23 11:27:56,15450.0,900,Sell,234280569
2024-08-23 11:27:56,15450.0,500,Sell,234280568
2024-08-23 11:27:56,15450.0,100,Sell,234280566
2024-08-23 11:27:56,15450.0,300,Sell,234280565
2024-08-23 11:27:56,15450.0,200,Sell,234280564
2024-08-23 11:27:56,15450.0,300,Sell,234280567
2024-08-23 11:28:03,15450.0,100,Sell,234280713
2024-08-23 11:28:10,15450.0,100,Sell,234280886
2024-08-23 11:28:10,15450.0,200,Sell,234280888
2024-08-23 11:28:10,15450.0,300,Sell,234280889
2024-08-23 11:28:10,15450.0,200,Sell,234280890
2024-08-23 11:28:10,15450.0,14200,Sell,234280891
2024-08-23 11:28:10,15450.0,5000,Sell,234280887
2024-08-23 11:28:25,15450.0,800,Sell,234281262
2024-08-23 11:28:25,15450.0,4200,Sell,234281263
2024-08-23 11:28:37,15450.0,1000,Sell,234281463
2024-08-23 11:28:46,15450.0,1000,Sell,234281613
2024-08-23 11:28:53,15450.0,200,Sell,234281769
2024-08-23 11:29:00,15450.0,600,Sell,234282091
2024-08-23 11:29:00,15450.0,400,Sell,234282092
2024-08-23 11:29:14,15450.0,1000,Sell,234282413
2024-08-23 11:29:17,15450.0,8600,Sell,234282487
2024-08-23 11:29:17,15450.0,200,Sell,234282488
2024-08-23 11:29:17,15450.0,200,Sell,234282489
2024-08-23 11:29:17,15450.0,10000,Sell,234282490
2024-08-23 11:29:17,15450.0,100,Sell,234282491
2024-08-23 11:29:17,15450.0,200,Sell,234282492
2024-08-23 11:29:17,15450.0,1400,Sell,234282493
2024-08-23 11:29:17,15450.0,9300,Sell,234282494
2024-08-23 11:29:22,15450.0,3500,Sell,234282626
2024-08-23 12:59:37,15450.0,2000,Sell,234283842
2024-08-23 12:59:37,15450.0,500,Sell,234283841
2024-08-23 12:59:37,15450.0,100,Sell,234283840
2024-08-23 12:59:37,15450.0,200,Sell,234283839
2024-08-23 12:59:37,15450.0,1000,Sell,234283707
2024-08-23 12:59:37,15450.0,3200,Sell,234283520
2024-08-23 12:59:37,15450.0,11000,Sell,234283705
2024-08-23 12:59:37,15450.0,5000,Sell,234283522
2024-08-23 12:59:37,15450.0,1000,Sell,234283521
2024-08-23 12:59:37,15500.0,100,Buy,234283259
2024-08-23 12:59:37,15450.0,4800,Sell,234283706
2024-08-23 12:59:38,15450.0,100,Sell,234284239
2024-08-23 12:59:38,15450.0,100,Sell,234284037
2024-08-23 12:59:38,15500.0,4000,Buy,234284238
2024-08-23 12:59:40,15450.0,1000,Sell,234284874
2024-08-23 12:59:41,15450.0,2000,Sell,234285020
2024-08-23 12:59:41,15450.0,2900,Sell,234285036
2024-08-23 12:59:41,15450.0,300,Sell,234285039
2024-08-23 12:59:42,15450.0,300,Sell,234285429
2024-08-23 12:59:42,15450.0,10000,Sell,234285428
2024-08-23 12:59:42,15450.0,500,Sell,234285427
2024-08-23 12:59:42,15450.0,600,Sell,234285426
2024-08-23 12:59:42,15450.0,100,Sell,234285425
2024-08-23 12:59:42,15450.0,100,Sell,234285424
2024-08-23 12:59:42,15450.0,300,Sell,234285422
2024-08-23 12:59:42,15450.0,200,Sell,234285421
2024-08-23 12:59:42,15450.0,5000,Sell,234285417
2024-08-23 12:59:42,15450.0,5000,Sell,234285419
2024-08-23 12:59:42,15450.0,1000,Sell,234285430
2024-08-23 12:59:42,15450.0,100,Sell,234285418
2024-08-23 12:59:42,15450.0,12400,Sell,234285423
2024-08-23 12:59:42,15450.0,100,Sell,234285431
2024-08-23 12:59:42,15450.0,100,Sell,234285497
2024-08-23 12:59:42,15450.0,500,Sell,234285433
2024-08-23 12:59:42,15450.0,100,Sell,234285434
2024-08-23 12:59:42,15450.0,200,Sell,234285435
2024-08-23 12:59:42,15450.0,100,Sell,234285436
2024-08-23 12:59:42,15450.0,1000,Sell,234285437
2024-08-23 12:59:42,15450.0,500,Sell,234285438
2024-08-23 12:59:42,15450.0,1000,Sell,234285439
2024-08-23 12:59:42,15450.0,100,Sell,234285440
2024-08-23 12:59:42,15450.0,100,Sell,234285441
2024-08-23 12:59:42,15450.0,1000,Sell,234285442
2024-08-23 12:59:42,15450.0,2000,Sell,234285443
2024-08-23 12:59:42,15450.0,100,Sell,234285444
2024-08-23 12:59:42,15450.0,400,Sell,234285498
2024-08-23 12:59:42,15450.0,1000,Sell,234285432
2024-08-23 12:59:42,15450.0,300,Sell,234285416
2024-08-23 12:59:42,15450.0,100,Sell,234285420
2024-08-23 12:59:42,15450.0,200,Sell,234285414
2024-08-23 12:59:42,15450.0,100,Sell,234285415
2024-08-23 12:59:42,15450.0,2000,Sell,234285237
2024-08-23 12:59:42,15450.0,300,Sell,234285239
2024-08-23 12:59:42,15450.0,49700,Sell,234285386
2024-08-23 12:59:42,15450.0,100,Sell,234285387
2024-08-23 12:59:42,15450.0,200,Sell,234285388
2024-08-23 12:59:42,15450.0,500,Sell,234285389
2024-08-23 12:59:42,15450.0,1000,Sell,234285390
2024-08-23 12:59:42,15450.0,1000,Sell,234285391
2024-08-23 12:59:42,15450.0,500,Sell,234285392
2024-08-23 12:59:42,15450.0,1000,Sell,234285393
2024-08-23 12:59:42,15450.0,100,Sell,234285394
2024-08-23 12:59:42,15450.0,1000,Sell,234285395
2024-08-23 12:59:42,15450.0,200,Sell,234285396
2024-08-23 12:59:42,15450.0,200,Sell,234285397
2024-08-23 12:59:42,15450.0,500,Sell,234285412
2024-08-23 12:59:42,15450.0,500,Sell,234285399
2024-08-23 12:59:42,15450.0,100,Sell,234285398
2024-08-23 12:59:42,15450.0,1000,Sell,234285411
2024-08-23 12:59:42,15450.0,200,Sell,234285410
2024-08-23 12:59:42,15450.0,500,Sell,234285409
2024-08-23 12:59:42,15450.0,500,Sell,234285408
2024-08-23 12:59:42,15450.0,100,Sell,234285407
2024-08-23 12:59:42,15450.0,200,Sell,234285413
2024-08-23 12:59:42,15450.0,100,Sell,234285405
2024-08-23 12:59:42,15450.0,1000,Sell,234285400
2024-08-23 12:59:42,15450.0,100,Sell,234285401
2024-08-23 12:59:42,15450.0,100,Sell,234285406
2024-08-23 12:59:42,15450.0,100,Sell,234285403
2024-08-23 12:59:42,15450.0,300,Sell,234285402
2024-08-23 12:59:42,15450.0,100,Sell,234285404
2024-08-23 12:59:44,15450.0,1500,Sell,234285718
2024-08-23 12:59:44,15450.0,100,Sell,234285795
2024-08-23 12:59:44,15450.0,200,Sell,234285838
2024-08-23 12:59:46,15450.0,2000,Sell,234285970
2024-08-23 12:59:47,15450.0,100,Sell,234286278
2024-08-23 12:59:48,15450.0,100,Sell,234286556
2024-08-23 12:59:48,15450.0,100,Sell,234286555
2024-08-23 12:59:48,15450.0,100,Sell,234286552
2024-08-23 12:59:48,15450.0,100,Sell,234286551
2024-08-23 12:59:48,15450.0,1700,Sell,234286550
2024-08-23 12:59:48,15450.0,100,Sell,234286554
2024-08-23 12:59:48,15450.0,100,Sell,234286363
2024-08-23 12:59:48,15450.0,1100,Sell,234286364
2024-08-23 12:59:48,15450.0,700,Sell,234286359
2024-08-23 12:59:48,15450.0,1000,Sell,234286360
2024-08-23 12:59:48,15450.0,500,Sell,234286553
2024-08-23 12:59:48,15450.0,100,Sell,234286362
2024-08-23 12:59:48,15450.0,2000,Sell,234286361
2024-08-23 12:59:49,15450.0,1300,Buy,234286591
2024-08-23 12:59:50,15450.0,400,Sell,234286713
2024-08-23 12:59:51,15450.0,400,Sell,234286839
2024-08-23 12:59:51,15450.0,100,Sell,234286861
2024-08-23 12:59:52,15450.0,100,Sell,234286925
2024-08-23 12:59:53,15450.0,100,Sell,234287073
2024-08-23 12:59:54,15450.0,100,Sell,234287161
2024-08-23 12:59:56,15450.0,100,Sell,234287290
2024-08-23 12:59:56,15450.0,500,Sell,234287291
2024-08-23 12:59:56,15450.0,2400,Sell,234287292
