time,price,volume,match_type,id
2024-07-18 09:14:43,15450.0,67400,ATO/ATC,224075552
2024-07-18 09:14:44,15450.0,3000,Sell,224075639
2024-07-18 09:14:51,15500.0,300,Buy,224075796
2024-07-18 09:14:51,15500.0,400,Buy,224075800
2024-07-18 09:14:51,15500.0,1400,Buy,224075799
2024-07-18 09:14:51,15500.0,3500,Buy,224075795
2024-07-18 09:14:51,15500.0,200,Buy,224075797
2024-07-18 09:14:51,15500.0,500,Buy,224075798
2024-07-18 09:14:59,15550.0,400,Buy,224075985
2024-07-18 09:14:59,15550.0,100,Buy,224075986
2024-07-18 09:14:59,15550.0,100,Buy,224075984
2024-07-18 09:15:09,15600.0,300,Buy,224076237
2024-07-18 09:15:13,15600.0,200,Buy,224076354
2024-07-18 09:15:18,15600.0,100,Buy,224076519
2024-07-18 09:15:22,15600.0,100,Buy,224076661
2024-07-18 09:15:33,15600.0,300,Buy,224076966
2024-07-18 09:15:33,15600.0,200,Buy,224076967
2024-07-18 09:15:33,15600.0,200,Buy,224076968
2024-07-18 09:15:34,15600.0,400,Buy,224076976
2024-07-18 09:15:34,15600.0,1600,Buy,224076977
2024-07-18 09:15:36,15600.0,3900,Buy,224077060
2024-07-18 09:15:37,15550.0,200,Sell,224077117
2024-07-18 09:15:40,15600.0,500,Buy,224077204
2024-07-18 09:15:44,15600.0,5000,Buy,224077312
2024-07-18 09:15:48,15600.0,400,Buy,224077425
2024-07-18 09:15:50,15600.0,200,Buy,224077525
2024-07-18 09:15:52,15600.0,100,Buy,224077555
2024-07-18 09:15:54,15600.0,200,Buy,224077658
2024-07-18 09:15:55,15600.0,300,Buy,224077666
2024-07-18 09:15:59,15600.0,200,Buy,224077838
2024-07-18 09:15:59,15600.0,2000,Buy,224077840
2024-07-18 09:15:59,15600.0,100,Buy,224077839
2024-07-18 09:15:59,15600.0,500,Buy,224077837
2024-07-18 09:15:59,15600.0,2900,Buy,224077841
2024-07-18 09:15:59,15600.0,1000,Buy,224077835
2024-07-18 09:15:59,15600.0,300,Buy,224077834
2024-07-18 09:15:59,15600.0,200,Buy,224077833
2024-07-18 09:15:59,15600.0,100,Buy,224077832
2024-07-18 09:15:59,15600.0,800,Buy,224077836
2024-07-18 09:15:59,15600.0,1800,Buy,224077831
2024-07-18 09:16:01,15550.0,800,Sell,224077986
2024-07-18 09:16:01,15550.0,1000,Sell,224077985
2024-07-18 09:16:01,15600.0,2000,Buy,224077971
2024-07-18 09:16:01,15600.0,400,Buy,224077982
2024-07-18 09:16:01,15600.0,100,Buy,224077981
2024-07-18 09:16:01,15550.0,200,Sell,224077984
2024-07-18 09:16:06,15600.0,100,Buy,224078092
2024-07-18 09:16:06,15600.0,1900,Buy,224078093
2024-07-18 09:16:06,15600.0,100,Buy,224078152
2024-07-18 09:16:06,15600.0,400,Buy,224078153
2024-07-18 09:16:06,15600.0,100,Buy,224078154
2024-07-18 09:16:06,15600.0,100,Buy,224078155
2024-07-18 09:16:06,15600.0,300,Buy,224078156
2024-07-18 09:16:11,15600.0,700,Buy,224078327
2024-07-18 09:16:16,15600.0,100,Buy,224078489
2024-07-18 09:16:19,15600.0,100,Buy,224078650
2024-07-18 09:16:20,15600.0,1500,Buy,224078668
2024-07-18 09:16:21,15600.0,200,Buy,224078721
2024-07-18 09:16:22,15600.0,500,Buy,224078742
2024-07-18 09:16:25,15550.0,200,Sell,224078820
2024-07-18 09:16:26,15600.0,1600,Buy,224078848
2024-07-18 09:16:26,15600.0,200,Buy,224078849
2024-07-18 09:16:26,15600.0,300,Buy,224078850
2024-07-18 09:16:26,15600.0,2000,Buy,224078852
2024-07-18 09:16:26,15600.0,2000,Buy,224078853
2024-07-18 09:16:26,15600.0,100,Buy,224078854
2024-07-18 09:16:26,15600.0,2000,Buy,224078855
2024-07-18 09:16:26,15600.0,500,Buy,224078856
2024-07-18 09:16:26,15600.0,100,Buy,224078857
2024-07-18 09:16:26,15600.0,300,Buy,224078858
2024-07-18 09:16:26,15600.0,1500,Buy,224078851
2024-07-18 09:16:27,15600.0,13100,Sell,224078887
2024-07-18 09:16:31,15600.0,2000,Sell,224079041
2024-07-18 09:16:33,15600.0,4000,Sell,224079109
2024-07-18 09:16:33,15600.0,500,Sell,224079111
2024-07-18 09:16:33,15600.0,2000,Sell,224079108
2024-07-18 09:16:33,15600.0,1400,Sell,224079110
2024-07-18 09:16:35,15600.0,700,Sell,224079137
2024-07-18 09:16:35,15600.0,3300,Sell,224079173
2024-07-18 09:16:36,15600.0,100,Sell,224079188
2024-07-18 09:16:39,15600.0,200,Sell,224079335
2024-07-18 09:16:40,15600.0,1200,Sell,224079393
2024-07-18 09:16:40,15600.0,2000,Sell,224079394
2024-07-18 09:16:40,15600.0,200,Sell,224079395
2024-07-18 09:16:47,15600.0,500,Sell,224079618
2024-07-18 09:16:47,15600.0,500,Sell,224079619
2024-07-18 09:16:48,15600.0,200,Sell,224079688
2024-07-18 09:16:48,15600.0,100,Sell,224079689
2024-07-18 09:16:48,15600.0,100,Sell,224079686
2024-07-18 09:16:48,15600.0,1000,Sell,224079687
2024-07-18 09:16:48,15600.0,100,Sell,224079685
2024-07-18 09:16:51,15600.0,800,Buy,224079757
2024-07-18 09:16:51,15600.0,200,Buy,224079766
2024-07-18 09:16:53,15600.0,1000,Buy,224079832
2024-07-18 09:16:53,15600.0,300,Buy,224079833
2024-07-18 09:16:53,15650.0,100,Buy,224079846
2024-07-18 09:16:53,15650.0,1400,Buy,224079847
2024-07-18 09:16:54,15600.0,8700,Sell,224079865
2024-07-18 09:16:57,15600.0,100,Sell,224079940
2024-07-18 09:16:57,15650.0,200,Buy,224079970
2024-07-18 09:16:57,15650.0,100,Buy,224079971
2024-07-18 09:16:57,15650.0,200,Buy,224079972
2024-07-18 09:16:58,15600.0,1900,Sell,224080008
2024-07-18 09:16:58,15550.0,100,Sell,224080009
2024-07-18 09:16:58,15550.0,500,Sell,224080010
2024-07-18 09:16:59,15650.0,100,Buy,224080053
2024-07-18 09:17:03,15650.0,100,Buy,224080243
2024-07-18 09:17:08,15650.0,1800,Buy,224080465
2024-07-18 09:17:08,15650.0,200,Buy,224080464
2024-07-18 09:17:11,15650.0,100,Buy,224080576
2024-07-18 09:17:14,15650.0,100,Buy,224080704
2024-07-18 09:17:16,15650.0,500,Buy,224080843
2024-07-18 09:17:17,15600.0,200,Sell,224080895
2024-07-18 09:17:18,15600.0,800,Sell,224080912
2024-07-18 09:17:18,15600.0,200,Sell,224080913
2024-07-18 09:17:18,15600.0,2000,Sell,224080914
2024-07-18 09:17:18,15600.0,1000,Sell,224080915
2024-07-18 09:17:18,15600.0,500,Sell,224080916
2024-07-18 09:17:18,15600.0,3000,Sell,224080917
2024-07-18 09:17:18,15600.0,100,Sell,224080918
2024-07-18 09:17:18,15600.0,500,Sell,224080919
2024-07-18 09:17:18,15600.0,100,Sell,224080920
2024-07-18 09:17:18,15600.0,100,Sell,224080921
2024-07-18 09:17:19,15650.0,200,Buy,224080970
2024-07-18 09:17:19,15650.0,100,Buy,224080971
2024-07-18 09:17:20,15650.0,200,Buy,224081024
2024-07-18 09:17:20,15650.0,300,Buy,224081025
2024-07-18 09:17:21,15650.0,100,Buy,224081077
2024-07-18 09:17:24,15650.0,100,Buy,224081173
2024-07-18 09:17:29,15650.0,1500,Buy,224081366
2024-07-18 09:17:29,15650.0,500,Buy,224081367
2024-07-18 09:17:38,15650.0,100,Buy,224081767
2024-07-18 09:17:42,15650.0,400,Buy,224081904
2024-07-18 09:17:42,15650.0,100,Buy,224081905
2024-07-18 09:17:46,15650.0,900,Buy,224082081
2024-07-18 09:17:54,15650.0,900,Buy,224082346
2024-07-18 09:17:57,15600.0,1000,Sell,224082494
2024-07-18 09:17:57,15600.0,500,Sell,224082493
2024-07-18 09:17:57,15600.0,100,Sell,224082489
2024-07-18 09:17:57,15600.0,200,Sell,224082491
2024-07-18 09:17:57,15600.0,3000,Sell,224082492
2024-07-18 09:17:57,15600.0,200,Sell,224082490
2024-07-18 09:17:59,15600.0,1000,Sell,224082614
2024-07-18 09:18:00,15600.0,500,Sell,224082647
2024-07-18 09:18:01,15600.0,1000,Sell,224082689
2024-07-18 09:18:01,15600.0,100,Sell,224082688
2024-07-18 09:18:01,15600.0,100,Sell,224082686
2024-07-18 09:18:01,15600.0,100,Sell,224082685
2024-07-18 09:18:01,15600.0,2000,Sell,224082684
2024-07-18 09:18:01,15600.0,100,Sell,224082683
2024-07-18 09:18:01,15600.0,100,Sell,224082687
2024-07-18 09:18:01,15600.0,100,Sell,224082681
2024-07-18 09:18:01,15600.0,200,Sell,224082680
2024-07-18 09:18:01,15600.0,100,Sell,224082679
2024-07-18 09:18:01,15600.0,200,Sell,224082678
2024-07-18 09:18:01,15600.0,100,Sell,224082677
2024-07-18 09:18:01,15600.0,1500,Sell,224082676
2024-07-18 09:18:01,15600.0,500,Sell,224082682
2024-07-18 09:18:03,15600.0,100,Buy,224082763
2024-07-18 09:18:04,15600.0,200,Buy,224082813
2024-07-18 09:18:10,15600.0,3000,Buy,224083070
2024-07-18 09:18:14,15550.0,500,Sell,224083198
2024-07-18 09:18:14,15600.0,100,Buy,224083193
2024-07-18 09:18:20,15600.0,400,Buy,224083389
2024-07-18 09:18:20,15600.0,1600,Buy,224083390
2024-07-18 09:18:24,15550.0,1000,Sell,224083546
2024-07-18 09:18:24,15550.0,1000,Sell,224083547
2024-07-18 09:18:24,15600.0,1800,Buy,224083563
2024-07-18 09:18:28,15600.0,100,Buy,224083772
2024-07-18 09:18:28,15600.0,300,Buy,224083780
2024-07-18 09:18:28,15600.0,800,Buy,224083773
2024-07-18 09:18:28,15600.0,500,Buy,224083771
2024-07-18 09:18:28,15600.0,1600,Buy,224083770
2024-07-18 09:18:30,15550.0,1000,Sell,224083854
2024-07-18 09:18:32,15600.0,100,Buy,224083914
2024-07-18 09:18:35,15550.0,100,Sell,224084048
2024-07-18 09:18:35,15600.0,800,Buy,224084053
2024-07-18 09:18:35,15600.0,1000,Buy,224084054
2024-07-18 09:18:35,15600.0,100,Buy,224084055
2024-07-18 09:18:35,15600.0,1100,Buy,224084057
2024-07-18 09:18:35,15600.0,2000,Buy,224084056
2024-07-18 09:18:36,15600.0,100,Buy,224084063
2024-07-18 09:18:38,15600.0,200,Buy,224084126
2024-07-18 09:18:42,15600.0,300,Buy,224084318
2024-07-18 09:18:45,15600.0,400,Buy,224084421
2024-07-18 09:18:47,15600.0,500,Buy,224084536
2024-07-18 09:18:47,15600.0,100,Buy,224084535
2024-07-18 09:18:48,15600.0,500,Buy,224084554
2024-07-18 09:18:49,15550.0,900,Sell,224084575
2024-07-18 09:18:51,15550.0,100,Sell,224084715
2024-07-18 09:19:00,15600.0,700,Buy,224085064
2024-07-18 09:19:04,15550.0,2000,Sell,224085298
2024-07-18 09:19:07,15600.0,300,Buy,224085476
2024-07-18 09:19:11,15550.0,7100,Sell,224085643
2024-07-18 09:19:11,15550.0,1000,Sell,224085644
2024-07-18 09:19:11,15550.0,100,Sell,224085645
2024-07-18 09:19:11,15550.0,100,Sell,224085646
2024-07-18 09:19:11,15550.0,1000,Sell,224085647
2024-07-18 09:19:11,15550.0,300,Sell,224085648
2024-07-18 09:19:11,15550.0,400,Sell,224085649
2024-07-18 09:19:12,15600.0,100,Buy,224085662
2024-07-18 09:19:12,15550.0,300,Sell,224085688
2024-07-18 09:19:13,15550.0,300,Sell,224085754
2024-07-18 09:19:13,15550.0,200,Sell,224085752
2024-07-18 09:19:13,15550.0,4300,Sell,224085751
2024-07-18 09:19:13,15550.0,200,Sell,224085753
2024-07-18 09:19:16,15550.0,1000,Sell,224085860
2024-07-18 09:19:20,15550.0,1000,Sell,224086017
2024-07-18 09:19:20,15550.0,100,Sell,224086018
2024-07-18 09:19:20,15550.0,200,Sell,224086019
2024-07-18 09:19:20,15550.0,100,Sell,224086020
2024-07-18 09:19:20,15550.0,3000,Sell,224086021
2024-07-18 09:19:20,15550.0,100,Sell,224086022
2024-07-18 09:19:20,15550.0,3000,Sell,224086023
2024-07-18 09:19:20,15550.0,500,Sell,224086024
2024-07-18 09:19:21,15550.0,500,Sell,224086067
2024-07-18 09:19:21,15550.0,1500,Sell,224086068
2024-07-18 09:19:25,15550.0,2000,Sell,224086243
2024-07-18 09:19:25,15550.0,1000,Sell,224086252
2024-07-18 09:19:26,15550.0,500,Sell,224086295
2024-07-18 09:19:26,15550.0,400,Sell,224086299
2024-07-18 09:19:26,15550.0,1000,Sell,224086298
2024-07-18 09:19:26,15550.0,500,Sell,224086297
2024-07-18 09:19:26,15550.0,200,Sell,224086296
2024-07-18 09:19:26,15550.0,100,Sell,224086294
2024-07-18 09:19:26,15550.0,100,Sell,224086289
2024-07-18 09:19:26,15550.0,100,Sell,224086292
2024-07-18 09:19:26,15550.0,100,Sell,224086291
2024-07-18 09:19:26,15550.0,200,Sell,224086290
2024-07-18 09:19:26,15550.0,500,Sell,224086288
2024-07-18 09:19:26,15550.0,5000,Sell,224086267
2024-07-18 09:19:26,15550.0,100,Sell,224086293
2024-07-18 09:19:34,15600.0,200,Buy,224086688
2024-07-18 09:19:34,15600.0,400,Buy,224086691
2024-07-18 09:19:34,15600.0,100,Buy,224086690
2024-07-18 09:19:34,15600.0,2000,Buy,224086689
2024-07-18 09:19:34,15600.0,800,Buy,224086678
2024-07-18 09:19:34,15600.0,1000,Buy,224086674
2024-07-18 09:19:34,15600.0,2000,Buy,224086676
2024-07-18 09:19:34,15600.0,5000,Buy,224086675
2024-07-18 09:19:34,15600.0,1000,Buy,224086673
2024-07-18 09:19:34,15600.0,100,Buy,224086672
2024-07-18 09:19:34,15600.0,5600,Buy,224086661
2024-07-18 09:19:34,15600.0,100,Buy,224086677
2024-07-18 09:19:35,15600.0,100,Buy,224086722
2024-07-18 09:19:41,15550.0,600,Sell,224087010
2024-07-18 09:19:41,15550.0,100,Sell,224087011
2024-07-18 09:19:41,15550.0,1000,Sell,224087012
2024-07-18 09:19:41,15550.0,2000,Sell,224087013
2024-07-18 09:19:41,15550.0,100,Sell,224087014
2024-07-18 09:19:49,15600.0,200,Buy,224087355
2024-07-18 09:19:50,15550.0,3200,Sell,224087410
2024-07-18 09:19:50,15550.0,200,Sell,224087408
2024-07-18 09:19:50,15550.0,100,Sell,224087407
2024-07-18 09:19:50,15550.0,300,Sell,224087409
2024-07-18 09:20:02,15550.0,5000,Sell,224087933
2024-07-18 09:20:07,15600.0,100,Buy,224088204
2024-07-18 09:20:10,15550.0,1800,Sell,224088421
2024-07-18 09:20:10,15550.0,200,Sell,224088422
2024-07-18 09:20:11,15550.0,100,Sell,224088457
2024-07-18 09:20:11,15550.0,100,Sell,224088456
2024-07-18 09:20:11,15550.0,1000,Sell,224088455
2024-07-18 09:20:11,15550.0,1000,Sell,224088454
2024-07-18 09:20:11,15550.0,200,Sell,224088451
2024-07-18 09:20:11,15550.0,500,Sell,224088452
2024-07-18 09:20:11,15550.0,200,Sell,224088450
2024-07-18 09:20:11,15550.0,100,Sell,224088453
2024-07-18 09:20:11,15550.0,100,Sell,224088448
2024-07-18 09:20:11,15550.0,4800,Sell,224088441
2024-07-18 09:20:11,15550.0,100,Sell,224088442
2024-07-18 09:20:11,15550.0,1000,Sell,224088443
2024-07-18 09:20:11,15550.0,1300,Sell,224088449
2024-07-18 09:20:11,15550.0,1000,Sell,224088445
2024-07-18 09:20:11,15550.0,100,Sell,224088447
2024-07-18 09:20:11,15550.0,1000,Sell,224088444
2024-07-18 09:20:11,15550.0,100,Sell,224088446
2024-07-18 09:20:12,15550.0,1000,Buy,224088595
2024-07-18 09:20:14,15550.0,600,Buy,224088688
2024-07-18 09:20:15,15550.0,2000,Buy,224088720
2024-07-18 09:20:16,15550.0,100,Buy,224088793
2024-07-18 09:20:18,15550.0,100,Buy,224088871
2024-07-18 09:20:23,15550.0,1000,Buy,224089030
2024-07-18 09:20:25,15550.0,100,Buy,224089087
2024-07-18 09:20:30,15550.0,200,Buy,224089411
2024-07-18 09:20:31,15550.0,10000,Buy,224089447
2024-07-18 09:20:35,15550.0,1400,Buy,224089664
2024-07-18 09:20:36,15550.0,100,Buy,224089686
2024-07-18 09:20:39,15550.0,400,Buy,224089799
2024-07-18 09:20:42,15550.0,500,Buy,224089986
2024-07-18 09:20:45,15550.0,300,Buy,224090117
2024-07-18 09:20:45,15550.0,1000,Buy,224090124
2024-07-18 09:20:50,15550.0,200,Buy,224090308
2024-07-18 09:20:51,15550.0,300,Buy,224090363
2024-07-18 09:20:53,15550.0,500,Buy,224090429
2024-07-18 09:20:54,15550.0,300,Buy,224090518
2024-07-18 09:20:54,15550.0,200,Buy,224090519
2024-07-18 09:20:54,15550.0,1000,Buy,224090520
2024-07-18 09:20:55,15550.0,200,Buy,224090546
2024-07-18 09:21:00,15550.0,200,Buy,224090751
2024-07-18 09:21:06,15550.0,1000,Buy,224091070
2024-07-18 09:21:10,15550.0,500,Buy,224091185
2024-07-18 09:21:13,15550.0,500,Buy,224091272
2024-07-18 09:21:18,15550.0,600,Buy,224091566
2024-07-18 09:21:19,15550.0,300,Buy,224091613
2024-07-18 09:21:22,15550.0,100,Buy,224091736
2024-07-18 09:21:24,15550.0,300,Buy,224091821
2024-07-18 09:21:28,15550.0,2000,Buy,224091957
2024-07-18 09:21:29,15550.0,100,Buy,224092001
2024-07-18 09:21:29,15550.0,1000,Buy,224092003
2024-07-18 09:21:30,15550.0,100,Buy,224092027
2024-07-18 09:21:31,15550.0,100,Buy,224092105
2024-07-18 09:21:35,15550.0,300,Buy,224092276
2024-07-18 09:21:37,15550.0,100,Buy,224092371
2024-07-18 09:21:39,15550.0,6000,Buy,224092472
2024-07-18 09:21:39,15550.0,2600,Buy,224092470
2024-07-18 09:21:39,15550.0,200,Buy,224092471
2024-07-18 09:21:41,15500.0,100,Sell,224092607
2024-07-18 09:21:41,15500.0,200,Sell,224092608
2024-07-18 09:21:43,15500.0,500,Sell,224092652
2024-07-18 09:21:43,15500.0,100,Sell,224092653
2024-07-18 09:21:43,15500.0,100,Sell,224092654
2024-07-18 09:21:43,15500.0,100,Sell,224092655
2024-07-18 09:21:43,15500.0,1700,Sell,224092656
2024-07-18 09:21:46,15500.0,600,Sell,224092853
2024-07-18 09:21:46,15500.0,1300,Sell,224092851
2024-07-18 09:21:46,15500.0,300,Sell,224092852
2024-07-18 09:21:48,15500.0,100,Sell,224092967
2024-07-18 09:21:50,15550.0,4800,Buy,224093092
2024-07-18 09:21:54,15550.0,500,Buy,224093245
2024-07-18 09:21:56,15500.0,1000,Sell,224093293
2024-07-18 09:21:56,15500.0,300,Sell,224093294
2024-07-18 09:21:56,15500.0,500,Sell,224093295
2024-07-18 09:21:56,15500.0,100,Sell,224093296
2024-07-18 09:21:56,15500.0,100,Sell,224093297
2024-07-18 09:21:57,15500.0,500,Sell,224093334
2024-07-18 09:21:57,15500.0,400,Sell,224093336
2024-07-18 09:21:57,15500.0,500,Sell,224093337
2024-07-18 09:21:57,15500.0,300,Sell,224093338
2024-07-18 09:21:57,15500.0,800,Sell,224093339
2024-07-18 09:21:58,15550.0,1000,Buy,224093414
2024-07-18 09:22:03,15550.0,500,Buy,224093618
2024-07-18 09:22:14,15500.0,200,Sell,224094122
2024-07-18 09:22:14,15500.0,300,Sell,224094125
2024-07-18 09:22:14,15500.0,200,Sell,224094121
2024-07-18 09:22:14,15500.0,500,Sell,224094123
2024-07-18 09:22:14,15500.0,500,Sell,224094124
2024-07-18 09:22:25,15500.0,100,Sell,224094512
2024-07-18 09:22:25,15500.0,300,Sell,224094513
2024-07-18 09:22:25,15500.0,100,Sell,224094514
2024-07-18 09:22:25,15500.0,100,Sell,224094515
2024-07-18 09:22:25,15500.0,100,Sell,224094516
2024-07-18 09:22:25,15500.0,100,Sell,224094517
2024-07-18 09:22:25,15500.0,1000,Sell,224094520
2024-07-18 09:22:25,15500.0,100,Sell,224094521
2024-07-18 09:22:25,15500.0,200,Sell,224094522
2024-07-18 09:22:30,15550.0,200,Buy,224094730
2024-07-18 09:22:31,15500.0,100,Sell,224094747
2024-07-18 09:22:31,15500.0,100,Sell,224094748
2024-07-18 09:22:32,15500.0,1800,Sell,224094805
2024-07-18 09:22:32,15500.0,400,Sell,224094804
2024-07-18 09:22:35,15550.0,300,Buy,224094912
2024-07-18 09:22:36,15550.0,100,Buy,224094937
2024-07-18 09:22:47,15550.0,200,Buy,224095329
2024-07-18 09:22:47,15550.0,200,Buy,224095337
2024-07-18 09:22:47,15550.0,4300,Buy,224095327
2024-07-18 09:22:51,15500.0,500,Sell,224095577
2024-07-18 09:22:56,15550.0,100,Buy,224095778
2024-07-18 09:23:16,15550.0,400,Buy,224096452
2024-07-18 09:23:20,15550.0,400,Buy,224096550
2024-07-18 09:23:20,15550.0,100,Buy,224096551
2024-07-18 09:23:20,15550.0,1400,Buy,224096549
2024-07-18 09:23:31,15550.0,500,Buy,224096984
2024-07-18 09:23:33,15550.0,100,Buy,224097143
2024-07-18 09:23:35,15550.0,400,Buy,224097203
2024-07-18 09:23:37,15550.0,100,Buy,224097325
2024-07-18 09:23:54,15550.0,1900,Buy,224098076
2024-07-18 09:23:57,15550.0,1800,Buy,224098190
2024-07-18 09:24:06,15550.0,100,Buy,224098639
2024-07-18 09:24:16,15500.0,400,Sell,224099022
2024-07-18 09:24:21,15500.0,3000,Sell,224099234
2024-07-18 09:24:24,15550.0,1000,Buy,224099320
2024-07-18 09:24:34,15550.0,200,Buy,224099663
2024-07-18 09:24:36,15550.0,200,Buy,224099730
2024-07-18 09:24:39,15500.0,1000,Sell,224099814
2024-07-18 09:24:42,15550.0,1000,Buy,224099931
2024-07-18 09:24:42,15550.0,200,Buy,224099932
2024-07-18 09:24:42,15550.0,200,Buy,224099933
2024-07-18 09:24:47,15550.0,400,Buy,224100112
2024-07-18 09:24:48,15500.0,10000,Sell,224100134
2024-07-18 09:24:53,15550.0,100,Buy,224100313
2024-07-18 09:25:00,15500.0,500,Sell,224100526
2024-07-18 09:25:07,15500.0,1000,Sell,224100807
2024-07-18 09:25:15,15500.0,1800,Sell,224101128
2024-07-18 09:25:15,15500.0,3200,Sell,224101129
2024-07-18 09:25:15,15500.0,1000,Sell,224101130
2024-07-18 09:25:20,15500.0,100,Sell,224101351
2024-07-18 09:25:20,15500.0,1900,Sell,224101346
2024-07-18 09:25:20,15500.0,100,Sell,224101347
2024-07-18 09:25:20,15500.0,100,Sell,224101348
2024-07-18 09:25:20,15500.0,1000,Sell,224101349
2024-07-18 09:25:20,15500.0,100,Sell,224101350
2024-07-18 09:25:20,15500.0,100,Sell,224101352
2024-07-18 09:25:20,15500.0,7600,Sell,224101360
2024-07-18 09:25:20,15500.0,500,Sell,224101345
2024-07-18 09:25:20,15500.0,100,Sell,224101354
2024-07-18 09:25:20,15500.0,100,Sell,224101355
2024-07-18 09:25:20,15500.0,200,Sell,224101356
2024-07-18 09:25:20,15500.0,100,Sell,224101357
2024-07-18 09:25:20,15500.0,200,Sell,224101358
2024-07-18 09:25:20,15500.0,1000,Sell,224101359
2024-07-18 09:25:20,15500.0,100,Sell,224101353
2024-07-18 09:25:20,15500.0,300,Sell,224101344
2024-07-18 09:25:20,15500.0,100,Sell,224101329
2024-07-18 09:25:20,15500.0,100,Sell,224101342
2024-07-18 09:25:20,15500.0,200,Sell,224101302
2024-07-18 09:25:20,15500.0,600,Sell,224101323
2024-07-18 09:25:20,15500.0,2000,Sell,224101324
2024-07-18 09:25:20,15500.0,600,Sell,224101325
2024-07-18 09:25:20,15500.0,1000,Sell,224101326
2024-07-18 09:25:20,15500.0,500,Sell,224101327
2024-07-18 09:25:20,15500.0,100,Sell,224101328
2024-07-18 09:25:20,15500.0,1000,Sell,224101343
2024-07-18 09:25:20,15500.0,100,Sell,224101331
2024-07-18 09:25:20,15500.0,1000,Sell,224101332
2024-07-18 09:25:20,15500.0,5000,Sell,224101333
2024-07-18 09:25:20,15500.0,100,Sell,224101334
2024-07-18 09:25:20,15500.0,500,Sell,224101335
2024-07-18 09:25:20,15500.0,200,Sell,224101340
2024-07-18 09:25:20,15500.0,1000,Sell,224101341
2024-07-18 09:25:20,15500.0,200,Sell,224101330
2024-07-18 09:25:25,15500.0,2000,Sell,224101554
2024-07-18 09:25:25,15500.0,500,Sell,224101553
2024-07-18 09:25:25,15500.0,800,Sell,224101552
2024-07-18 09:25:25,15500.0,100,Sell,224101550
2024-07-18 09:25:25,15500.0,100,Sell,224101549
2024-07-18 09:25:25,15500.0,1900,Sell,224101548
2024-07-18 09:25:25,15500.0,500,Sell,224101543
2024-07-18 09:25:25,15500.0,100,Sell,224101551
2024-07-18 09:25:29,15500.0,1000,Sell,224101648
2024-07-18 09:25:35,15500.0,100,Sell,224101900
2024-07-18 09:25:35,15500.0,200,Sell,224101901
2024-07-18 09:25:35,15500.0,700,Sell,224101902
2024-07-18 09:25:37,15500.0,100,Sell,224101969
2024-07-18 09:25:37,15500.0,100,Sell,224101968
2024-07-18 09:25:37,15500.0,100,Sell,224101967
2024-07-18 09:25:37,15500.0,200,Sell,224101966
2024-07-18 09:25:37,15500.0,100,Sell,224101961
2024-07-18 09:25:39,15500.0,800,Sell,224102041
2024-07-18 09:25:41,15500.0,4000,Sell,224102098
2024-07-18 09:25:41,15500.0,1000,Sell,224102099
2024-07-18 09:25:43,15500.0,900,Sell,224102197
2024-07-18 09:25:43,15500.0,100,Sell,224102214
2024-07-18 09:25:43,15500.0,100,Sell,224102215
2024-07-18 09:25:43,15500.0,100,Sell,224102216
2024-07-18 09:25:43,15500.0,300,Sell,224102217
2024-07-18 09:25:43,15500.0,200,Sell,224102219
2024-07-18 09:25:43,15500.0,500,Sell,224102220
2024-07-18 09:25:43,15500.0,100,Sell,224102221
2024-07-18 09:25:43,15500.0,200,Sell,224102222
2024-07-18 09:25:49,15500.0,600,Sell,224102472
2024-07-18 09:25:49,15550.0,1000,Buy,224102438
2024-07-18 09:25:51,15550.0,100,Buy,224102594
2024-07-18 09:25:53,15550.0,2400,Buy,224102641
2024-07-18 09:25:53,15550.0,600,Buy,224102640
2024-07-18 09:26:04,15550.0,1000,Buy,224103014
2024-07-18 09:26:09,15500.0,200,Sell,224103182
2024-07-18 09:26:19,15550.0,400,Buy,224103557
2024-07-18 09:26:22,15500.0,1000,Sell,224103671
2024-07-18 09:26:42,15550.0,600,Buy,224104376
2024-07-18 09:26:59,15550.0,300,Buy,224104926
2024-07-18 09:26:59,15550.0,100,Buy,224104927
2024-07-18 09:27:02,15500.0,100,Sell,224105009
2024-07-18 09:27:02,15500.0,500,Sell,224105010
2024-07-18 09:27:23,15550.0,1500,Buy,224105722
2024-07-18 09:27:37,15550.0,100,Buy,224106207
2024-07-18 09:27:37,15550.0,1000,Buy,224106200
2024-07-18 09:27:41,15500.0,100,Sell,224106341
2024-07-18 09:27:44,15500.0,1000,Sell,224106431
2024-07-18 09:27:51,15550.0,100,Buy,224106625
2024-07-18 09:27:52,15500.0,1000,Sell,224106641
2024-07-18 09:28:02,15550.0,800,Buy,224106927
2024-07-18 09:28:07,15500.0,5000,Sell,224107144
2024-07-18 09:28:08,15550.0,500,Buy,224107171
2024-07-18 09:28:12,15550.0,100,Buy,224107332
2024-07-18 09:28:14,15550.0,200,Buy,224107369
2024-07-18 09:28:17,15550.0,300,Buy,224107451
2024-07-18 09:28:17,15550.0,200,Buy,224107436
2024-07-18 09:28:17,15550.0,200,Buy,224107437
2024-07-18 09:28:19,15500.0,100,Sell,224107523
2024-07-18 09:28:24,15550.0,400,Buy,224107664
2024-07-18 09:28:26,15550.0,100,Buy,224107703
2024-07-18 09:28:33,15550.0,100,Buy,224107882
2024-07-18 09:28:40,15500.0,100,Sell,224108123
2024-07-18 09:28:47,15550.0,100,Buy,224108393
2024-07-18 09:28:59,15550.0,100,Buy,224108777
2024-07-18 09:29:02,15550.0,1000,Buy,224108940
2024-07-18 09:29:04,15550.0,100,Buy,224109009
2024-07-18 09:29:11,15500.0,200,Sell,224109189
2024-07-18 09:29:13,15500.0,500,Sell,224109221
2024-07-18 09:29:16,15550.0,100,Buy,224109303
2024-07-18 09:29:23,15500.0,4000,Sell,224109683
2024-07-18 09:29:23,15500.0,100,Sell,224109682
2024-07-18 09:29:23,15500.0,5000,Sell,224109681
2024-07-18 09:29:23,15500.0,200,Sell,224109680
2024-07-18 09:29:23,15500.0,10000,Sell,224109679
2024-07-18 09:29:23,15500.0,500,Sell,224109678
2024-07-18 09:29:23,15500.0,100,Sell,224109677
2024-07-18 09:29:23,15500.0,100,Sell,224109675
2024-07-18 09:29:23,15500.0,100,Sell,224109684
2024-07-18 09:29:23,15500.0,1000,Sell,224109674
2024-07-18 09:29:23,15500.0,3000,Sell,224109673
2024-07-18 09:29:23,15500.0,100,Sell,224109672
2024-07-18 09:29:23,15500.0,1000,Sell,224109671
2024-07-18 09:29:23,15500.0,100,Sell,224109670
2024-07-18 09:29:23,15500.0,200,Sell,224109669
2024-07-18 09:29:23,15500.0,500,Sell,224109676
2024-07-18 09:29:23,15500.0,100,Sell,224109685
2024-07-18 09:29:23,15500.0,100,Sell,224109697
2024-07-18 09:29:23,15500.0,1000,Sell,224109687
2024-07-18 09:29:23,15500.0,2400,Sell,224109703
2024-07-18 09:29:23,15500.0,2000,Sell,224109702
2024-07-18 09:29:23,15500.0,100,Sell,224109701
2024-07-18 09:29:23,15500.0,500,Sell,224109700
2024-07-18 09:29:23,15500.0,100,Sell,224109699
2024-07-18 09:29:23,15500.0,300,Sell,224109698
2024-07-18 09:29:23,15500.0,100,Sell,224109696
2024-07-18 09:29:23,15500.0,2500,Sell,224109695
2024-07-18 09:29:23,15500.0,20000,Sell,224109694
2024-07-18 09:29:23,15500.0,100,Sell,224109693
2024-07-18 09:29:23,15500.0,500,Sell,224109692
2024-07-18 09:29:23,15500.0,200,Sell,224109691
2024-07-18 09:29:23,15500.0,100,Sell,224109690
2024-07-18 09:29:23,15500.0,200,Sell,224109689
2024-07-18 09:29:23,15500.0,500,Sell,224109688
2024-07-18 09:29:23,15500.0,2100,Sell,224109686
2024-07-18 09:29:23,15500.0,3200,Sell,224109668
2024-07-18 09:29:23,15500.0,100,Sell,224109666
2024-07-18 09:29:23,15500.0,1000,Sell,224109664
2024-07-18 09:29:23,15500.0,100,Sell,224109643
2024-07-18 09:29:23,15500.0,1000,Sell,224109642
2024-07-18 09:29:23,15500.0,1000,Sell,224109641
2024-07-18 09:29:23,15500.0,1000,Sell,224109640
2024-07-18 09:29:23,15500.0,200,Sell,224109639
2024-07-18 09:29:23,15500.0,500,Sell,224109638
2024-07-18 09:29:23,15500.0,1500,Sell,224109637
2024-07-18 09:29:23,15500.0,100,Sell,224109636
2024-07-18 09:29:23,15500.0,100,Sell,224109635
2024-07-18 09:29:23,15500.0,1000,Sell,224109634
2024-07-18 09:29:23,15500.0,100,Sell,224109633
2024-07-18 09:29:23,15500.0,300,Sell,224109632
2024-07-18 09:29:23,15500.0,1000,Sell,224109631
2024-07-18 09:29:23,15500.0,9500,Sell,224109630
2024-07-18 09:29:23,15500.0,200,Sell,224109667
2024-07-18 09:29:23,15500.0,500,Sell,224109644
2024-07-18 09:29:23,15500.0,100,Sell,224109645
2024-07-18 09:29:23,15500.0,100,Sell,224109663
2024-07-18 09:29:23,15500.0,10000,Sell,224109647
2024-07-18 09:29:23,15500.0,100,Sell,224109662
2024-07-18 09:29:23,15500.0,200,Sell,224109661
2024-07-18 09:29:23,15500.0,400,Sell,224109660
2024-07-18 09:29:23,15500.0,100,Sell,224109659
2024-07-18 09:29:23,15500.0,500,Sell,224109658
2024-07-18 09:29:23,15500.0,100,Sell,224109657
2024-07-18 09:29:23,15500.0,700,Sell,224109656
2024-07-18 09:29:23,15500.0,1000,Sell,224109646
2024-07-18 09:29:23,15500.0,100,Sell,224109654
2024-07-18 09:29:23,15500.0,400,Sell,224109648
2024-07-18 09:29:23,15500.0,100,Sell,224109649
2024-07-18 09:29:23,15500.0,2000,Sell,224109650
2024-07-18 09:29:23,15500.0,200,Sell,224109655
2024-07-18 09:29:23,15500.0,200,Sell,224109652
2024-07-18 09:29:23,15500.0,200,Sell,224109651
2024-07-18 09:29:23,15500.0,800,Sell,224109653
2024-07-18 09:29:28,15500.0,2600,Sell,224109937
2024-07-18 09:29:28,15500.0,100,Sell,224109938
2024-07-18 09:29:28,15500.0,600,Sell,224109939
2024-07-18 09:29:29,15550.0,100,Buy,224109993
2024-07-18 09:29:36,15550.0,300,Buy,224110182
2024-07-18 09:29:43,15500.0,4400,Sell,224110391
2024-07-18 09:29:43,15500.0,200,Sell,224110392
2024-07-18 09:29:43,15500.0,200,Sell,224110393
2024-07-18 09:29:43,15500.0,400,Sell,224110394
2024-07-18 09:29:54,15550.0,200,Buy,224110783
2024-07-18 09:29:58,15550.0,1500,Buy,224110898
2024-07-18 09:30:02,15500.0,100,Sell,224111040
2024-07-18 09:30:02,15500.0,200,Sell,224111041
2024-07-18 09:30:04,15500.0,200,Sell,224111097
2024-07-18 09:30:15,15500.0,1000,Sell,224111602
2024-07-18 09:30:20,15550.0,100,Buy,224111751
2024-07-18 09:30:39,15500.0,800,Sell,224112294
2024-07-18 09:30:39,15550.0,3000,Buy,224112323
2024-07-18 09:30:47,15500.0,5000,Sell,224112656
2024-07-18 09:30:49,15550.0,2000,Buy,224112724
2024-07-18 09:30:51,15500.0,100,Sell,224112754
2024-07-18 09:30:51,15550.0,500,Buy,224112752
2024-07-18 09:30:53,15550.0,200,Buy,224112796
2024-07-18 09:30:56,15550.0,500,Buy,224112859
2024-07-18 09:30:57,15550.0,500,Buy,224112894
2024-07-18 09:31:01,15550.0,100,Buy,224113018
2024-07-18 09:31:03,15550.0,500,Buy,224113088
2024-07-18 09:31:06,15500.0,500,Sell,224113150
2024-07-18 09:31:06,15550.0,100,Buy,224113191
2024-07-18 09:31:17,15500.0,100,Sell,224113495
2024-07-18 09:31:18,15500.0,100,Sell,224113500
2024-07-18 09:31:25,15550.0,300,Buy,224113723
2024-07-18 09:31:29,15550.0,3000,Buy,224113803
2024-07-18 09:31:34,15550.0,300,Buy,224113906
2024-07-18 09:31:47,15550.0,100,Buy,224114299
2024-07-18 09:31:53,15500.0,3000,Sell,224114445
2024-07-18 09:32:01,15550.0,3000,Buy,224114652
2024-07-18 09:32:04,15500.0,1000,Sell,224114756
2024-07-18 09:32:33,15500.0,1000,Sell,224115710
2024-07-18 09:32:37,15550.0,500,Buy,224115798
2024-07-18 09:32:37,15500.0,1000,Sell,224115804
2024-07-18 09:32:38,15550.0,1400,Buy,224115841
2024-07-18 09:32:38,15550.0,600,Buy,224115842
2024-07-18 09:32:47,15500.0,600,Sell,224116113
2024-07-18 09:32:55,15550.0,200,Buy,224116394
2024-07-18 09:32:59,15550.0,500,Buy,224116560
2024-07-18 09:33:01,15550.0,2500,Buy,224116616
2024-07-18 09:33:03,15550.0,100,Buy,224116661
2024-07-18 09:33:05,15550.0,300,Buy,224116723
2024-07-18 09:33:09,15500.0,1300,Sell,224116824
2024-07-18 09:33:17,15500.0,100,Sell,224117110
2024-07-18 09:33:22,15500.0,200,Sell,224117270
2024-07-18 09:33:36,15550.0,300,Buy,224117559
2024-07-18 09:33:44,15500.0,5000,Sell,224117777
2024-07-18 09:33:47,15500.0,1200,Sell,224117826
2024-07-18 09:33:47,15500.0,300,Sell,224117833
2024-07-18 09:34:00,15550.0,1300,Buy,224118207
2024-07-18 09:34:03,15500.0,800,Sell,224118258
2024-07-18 09:34:09,15500.0,300,Sell,224118415
2024-07-18 09:34:09,15550.0,300,Buy,224118418
2024-07-18 09:34:22,15550.0,8900,Buy,224118717
2024-07-18 09:34:22,15550.0,200,Buy,224118718
2024-07-18 09:34:22,15550.0,900,Buy,224118719
2024-07-18 09:34:27,15550.0,800,Buy,224118928
2024-07-18 09:34:27,15550.0,100,Buy,224118927
2024-07-18 09:34:27,15550.0,100,Buy,224118926
2024-07-18 09:34:29,15500.0,1500,Sell,224118965
2024-07-18 09:34:30,15500.0,200,Sell,224119012
2024-07-18 09:34:31,15550.0,2000,Buy,224119020
2024-07-18 09:34:33,15550.0,7000,Buy,224119066
2024-07-18 09:34:36,15550.0,200,Buy,224119139
2024-07-18 09:34:36,15550.0,100,Buy,224119140
2024-07-18 09:34:36,15550.0,500,Buy,224119141
2024-07-18 09:34:36,15550.0,100,Buy,224119149
2024-07-18 09:34:39,15550.0,200,Buy,224119237
2024-07-18 09:34:39,15550.0,10000,Buy,224119235
2024-07-18 09:34:39,15550.0,2000,Buy,224119236
2024-07-18 09:34:39,15550.0,1000,Buy,224119233
2024-07-18 09:34:39,15550.0,500,Buy,224119232
2024-07-18 09:34:39,15550.0,9400,Buy,224119231
2024-07-18 09:34:39,15550.0,1900,Buy,224119234
2024-07-18 09:34:44,15550.0,100,Buy,224119361
2024-07-18 09:34:47,15550.0,100,Buy,224119423
2024-07-18 09:34:53,15550.0,100,Buy,224119600
2024-07-18 09:34:53,15550.0,100,Buy,224119601
2024-07-18 09:34:53,15550.0,300,Buy,224119602
2024-07-18 09:34:55,15550.0,100,Buy,224119657
2024-07-18 09:35:05,15550.0,500,Buy,224119881
2024-07-18 09:35:07,15550.0,100,Buy,224119951
2024-07-18 09:35:07,15550.0,1100,Buy,224119952
2024-07-18 09:35:10,15550.0,1000,Buy,224120034
2024-07-18 09:35:17,15550.0,100,Buy,224120215
2024-07-18 09:35:20,15550.0,400,Buy,224120281
2024-07-18 09:35:22,15550.0,500,Buy,224120320
2024-07-18 09:35:26,15550.0,200,Buy,224120447
2024-07-18 09:35:26,15550.0,1000,Buy,224120448
2024-07-18 09:35:26,15550.0,800,Buy,224120449
2024-07-18 09:35:30,15550.0,100,Buy,224120515
2024-07-18 09:35:30,15550.0,100,Buy,224120541
2024-07-18 09:35:30,15550.0,900,Buy,224120542
2024-07-18 09:35:48,15550.0,700,Buy,224120895
2024-07-18 09:35:48,15550.0,500,Buy,224120896
2024-07-18 09:35:48,15550.0,800,Buy,224120897
2024-07-18 09:35:55,15550.0,1000,Buy,224121070
2024-07-18 09:35:55,15550.0,6900,Buy,224121064
2024-07-18 09:35:55,15550.0,2600,Buy,224121063
2024-07-18 09:35:55,15550.0,200,Buy,224121061
2024-07-18 09:35:55,15550.0,7000,Buy,224121062
2024-07-18 09:35:55,15550.0,700,Buy,224121059
2024-07-18 09:35:55,15550.0,400,Buy,224121060
2024-07-18 09:35:55,15550.0,200,Buy,224121056
2024-07-18 09:35:55,15550.0,1000,Buy,224121058
2024-07-18 09:35:55,15550.0,1000,Buy,224121057
2024-07-18 09:36:01,15550.0,100,Buy,224121212
2024-07-18 09:36:01,15550.0,500,Buy,224121213
2024-07-18 09:36:08,15550.0,300,Buy,224121422
2024-07-18 09:36:12,15550.0,1200,Buy,224121515
2024-07-18 09:36:12,15550.0,500,Buy,224121516
2024-07-18 09:36:12,15550.0,200,Buy,224121517
2024-07-18 09:36:13,15550.0,900,Buy,224121557
2024-07-18 09:36:13,15550.0,500,Buy,224121556
2024-07-18 09:36:13,15550.0,200,Buy,224121555
2024-07-18 09:36:13,15550.0,300,Buy,224121554
2024-07-18 09:36:14,15550.0,100,Buy,224121646
2024-07-18 09:36:14,15550.0,200,Buy,224121647
2024-07-18 09:36:14,15550.0,200,Buy,224121648
2024-07-18 09:36:16,15500.0,200,Sell,224121717
2024-07-18 09:36:17,15550.0,2500,Buy,224121750
2024-07-18 09:36:17,15550.0,800,Buy,224121749
2024-07-18 09:36:17,15550.0,500,Buy,224121748
2024-07-18 09:36:17,15550.0,600,Buy,224121744
2024-07-18 09:36:17,15550.0,5000,Buy,224121746
2024-07-18 09:36:17,15550.0,500,Buy,224121745
2024-07-18 09:36:17,15550.0,100,Buy,224121747
2024-07-18 09:36:18,15550.0,100,Buy,224121773
2024-07-18 09:36:24,15550.0,100,Buy,224121918
2024-07-18 09:36:28,15550.0,500,Buy,224122052
2024-07-18 09:36:30,15550.0,1500,Buy,224122103
2024-07-18 09:36:30,15550.0,100,Buy,224122102
2024-07-18 09:36:30,15550.0,1000,Buy,224122101
2024-07-18 09:36:30,15550.0,5000,Buy,224122100
2024-07-18 09:36:30,15550.0,200,Buy,224122097
2024-07-18 09:36:30,15550.0,500,Buy,224122098
2024-07-18 09:36:30,15550.0,500,Buy,224122096
2024-07-18 09:36:30,15550.0,2100,Buy,224122095
2024-07-18 09:36:30,15550.0,1000,Buy,224122099
2024-07-18 09:36:31,15550.0,100,Buy,224122126
2024-07-18 09:36:35,15550.0,100,Buy,224122230
2024-07-18 09:36:46,15550.0,200,Buy,224122521
2024-07-18 09:36:51,15550.0,100,Buy,224122649
2024-07-18 09:36:51,15550.0,100,Buy,224122650
2024-07-18 09:36:51,15550.0,300,Buy,224122651
2024-07-18 09:36:57,15550.0,2800,Buy,224122789
2024-07-18 09:36:57,15550.0,1500,Buy,224122788
2024-07-18 09:36:57,15550.0,200,Buy,224122786
2024-07-18 09:36:57,15550.0,500,Buy,224122787
2024-07-18 09:36:59,15550.0,100,Buy,224122824
2024-07-18 09:37:01,15550.0,1800,Buy,224122873
2024-07-18 09:37:14,15550.0,300,Buy,224123262
2024-07-18 09:37:14,15550.0,100,Buy,224123263
2024-07-18 09:37:15,15550.0,300,Buy,224123267
2024-07-18 09:37:17,15550.0,100,Buy,224123339
2024-07-18 09:37:17,15550.0,500,Buy,224123349
2024-07-18 09:37:17,15550.0,4500,Buy,224123350
2024-07-18 09:37:18,15550.0,200,Buy,224123408
2024-07-18 09:37:18,15550.0,300,Buy,224123409
2024-07-18 09:37:18,15550.0,1000,Buy,224123407
2024-07-18 09:37:18,15550.0,500,Buy,224123406
2024-07-18 09:37:20,15550.0,500,Buy,224123456
2024-07-18 09:37:27,15550.0,100,Buy,224123613
2024-07-18 09:37:27,15550.0,400,Buy,224123614
2024-07-18 09:37:33,15550.0,1500,Buy,224123742
2024-07-18 09:37:39,15550.0,500,Buy,224123886
2024-07-18 09:37:39,15550.0,600,Buy,224123909
2024-07-18 09:37:39,15550.0,400,Buy,224123910
2024-07-18 09:37:45,15550.0,500,Buy,224124090
2024-07-18 09:37:46,15550.0,100,Buy,224124120
2024-07-18 09:37:48,15500.0,700,Sell,224124173
2024-07-18 09:37:52,15550.0,3100,Buy,224124296
2024-07-18 09:37:52,15550.0,1000,Buy,224124294
2024-07-18 09:37:52,15550.0,1500,Buy,224124295
2024-07-18 09:37:53,15550.0,1400,Buy,224124308
2024-07-18 09:38:03,15550.0,300,Buy,224124585
2024-07-18 09:38:09,15550.0,800,Buy,224124747
2024-07-18 09:38:09,15550.0,100,Buy,224124759
2024-07-18 09:38:14,15550.0,4300,Buy,224124903
2024-07-18 09:38:14,15550.0,1000,Buy,224124904
2024-07-18 09:38:14,15550.0,100,Buy,224124905
2024-07-18 09:38:14,15550.0,400,Buy,224124906
2024-07-18 09:38:14,15550.0,500,Buy,224124911
2024-07-18 09:38:18,15550.0,100,Buy,224125003
2024-07-18 09:38:18,15550.0,100,Buy,224125004
2024-07-18 09:38:21,15550.0,100,Buy,224125098
2024-07-18 09:38:25,15550.0,100,Buy,224125250
2024-07-18 09:38:26,15550.0,900,Buy,224125264
2024-07-18 09:38:26,15550.0,100,Buy,224125262
2024-07-18 09:38:26,15550.0,1000,Buy,224125263
2024-07-18 09:38:27,15550.0,100,Buy,224125287
2024-07-18 09:38:28,15550.0,100,Buy,224125344
2024-07-18 09:38:28,15550.0,900,Buy,224125361
2024-07-18 09:38:28,15550.0,100,Buy,224125362
2024-07-18 09:38:28,15550.0,1000,Buy,224125363
2024-07-18 09:38:29,15550.0,200,Buy,224125400
2024-07-18 09:38:30,15550.0,9800,Buy,224125429
2024-07-18 09:38:30,15550.0,200,Buy,224125430
2024-07-18 09:38:30,15550.0,1900,Buy,224125431
2024-07-18 09:38:38,15550.0,100,Buy,224125602
2024-07-18 09:38:38,15550.0,200,Buy,224125603
2024-07-18 09:38:39,15550.0,800,Buy,224125617
2024-07-18 09:38:39,15550.0,200,Buy,224125618
2024-07-18 09:38:39,15500.0,10000,Sell,224125639
2024-07-18 09:38:49,15550.0,100,Buy,224125932
2024-07-18 09:38:56,15550.0,300,Buy,224126192
2024-07-18 09:39:09,15500.0,100,Sell,224126500
2024-07-18 09:39:09,15550.0,100,Buy,224126513
2024-07-18 09:39:11,15500.0,2000,Sell,224126554
2024-07-18 09:39:12,15550.0,9300,Buy,224126592
2024-07-18 09:39:12,15550.0,5000,Buy,224126593
2024-07-18 09:39:12,15550.0,2800,Buy,224126594
2024-07-18 09:39:12,15550.0,200,Buy,224126595
2024-07-18 09:39:12,15550.0,500,Buy,224126596
2024-07-18 09:39:12,15550.0,400,Buy,224126597
2024-07-18 09:39:12,15550.0,3800,Buy,224126598
2024-07-18 09:39:24,15550.0,1000,Buy,224126850
2024-07-18 09:39:24,15550.0,300,Buy,224126859
2024-07-18 09:39:32,15550.0,100,Buy,224127037
2024-07-18 09:39:33,15550.0,100,Buy,224127055
2024-07-18 09:39:33,15550.0,400,Buy,224127054
2024-07-18 09:39:35,15550.0,500,Buy,224127100
2024-07-18 09:39:35,15550.0,500,Buy,224127101
2024-07-18 09:39:41,15500.0,300,Sell,224127234
2024-07-18 09:39:45,15550.0,100,Buy,224127377
2024-07-18 09:40:08,15550.0,200,Buy,224127936
2024-07-18 09:40:17,15550.0,200,Buy,224128149
2024-07-18 09:40:18,15550.0,4000,Buy,224128178
2024-07-18 09:40:22,15550.0,200,Buy,224128339
2024-07-18 09:40:23,15550.0,200,Buy,224128346
2024-07-18 09:40:29,15500.0,1600,Sell,224128486
2024-07-18 09:40:33,15550.0,1400,Buy,224128603
2024-07-18 09:40:33,15550.0,600,Buy,224128602
2024-07-18 09:40:57,15500.0,500,Sell,224129305
2024-07-18 09:40:59,15500.0,2000,Sell,224129388
2024-07-18 09:41:05,15550.0,500,Buy,224129564
2024-07-18 09:41:12,15500.0,300,Sell,224129706
2024-07-18 09:41:26,15500.0,300,Sell,224130058
2024-07-18 09:41:28,15500.0,600,Sell,224130152
2024-07-18 09:41:28,15500.0,1000,Sell,224130151
2024-07-18 09:41:28,15500.0,800,Sell,224130150
2024-07-18 09:41:28,15500.0,500,Sell,224130149
2024-07-18 09:41:28,15500.0,300,Sell,224130148
2024-07-18 09:41:28,15500.0,100,Sell,224130147
2024-07-18 09:41:28,15500.0,2000,Sell,224130138
2024-07-18 09:41:28,15500.0,3000,Sell,224130144
2024-07-18 09:41:28,15500.0,100,Sell,224130143
2024-07-18 09:41:28,15500.0,500,Sell,224130142
2024-07-18 09:41:28,15500.0,100,Sell,224130141
2024-07-18 09:41:28,15500.0,12900,Sell,224130140
2024-07-18 09:41:28,15500.0,200,Sell,224130139
2024-07-18 09:41:28,15500.0,100,Sell,224130137
2024-07-18 09:41:28,15500.0,300,Sell,224130146
2024-07-18 09:41:28,15500.0,500,Sell,224130135
2024-07-18 09:41:28,15500.0,100,Sell,224130136
2024-07-18 09:41:28,15500.0,6500,Sell,224130122
2024-07-18 09:41:28,15500.0,2000,Sell,224130123
2024-07-18 09:41:28,15500.0,500,Sell,224130124
2024-07-18 09:41:28,15500.0,200,Sell,224130125
2024-07-18 09:41:28,15500.0,200,Sell,224130126
2024-07-18 09:41:28,15500.0,2000,Sell,224130127
2024-07-18 09:41:28,15500.0,1900,Sell,224130145
2024-07-18 09:41:28,15500.0,800,Sell,224130129
2024-07-18 09:41:28,15500.0,500,Sell,224130130
2024-07-18 09:41:28,15500.0,100,Sell,224130131
2024-07-18 09:41:28,15500.0,800,Sell,224130132
2024-07-18 09:41:28,15500.0,100,Sell,224130133
2024-07-18 09:41:28,15500.0,300,Sell,224130134
2024-07-18 09:41:28,15500.0,1000,Sell,224130128
2024-07-18 09:41:29,15500.0,100,Sell,224130179
2024-07-18 09:41:29,15550.0,200,Buy,224130180
2024-07-18 09:41:31,15500.0,2000,Sell,224130246
2024-07-18 09:41:31,15500.0,700,Sell,224130248
2024-07-18 09:41:31,15500.0,100,Sell,224130247
2024-07-18 09:41:31,15500.0,300,Sell,224130241
2024-07-18 09:41:31,15500.0,300,Sell,224130244
2024-07-18 09:41:31,15500.0,1000,Sell,224130243
2024-07-18 09:41:31,15500.0,100,Sell,224130242
2024-07-18 09:41:31,15500.0,500,Sell,224130245
2024-07-18 09:41:41,15550.0,300,Buy,224130521
2024-07-18 09:41:51,15550.0,200,Buy,224130782
2024-07-18 09:41:54,15550.0,500,Buy,224130844
2024-07-18 09:41:58,15500.0,3800,Sell,224130920
2024-07-18 09:42:01,15500.0,2000,Sell,224130969
2024-07-18 09:42:06,15550.0,100,Buy,224131112
2024-07-18 09:42:08,15550.0,1800,Buy,224131154
2024-07-18 09:42:08,15550.0,400,Buy,224131155
2024-07-18 09:42:12,15550.0,200,Buy,224131295
2024-07-18 09:42:16,15550.0,100,Buy,224131417
2024-07-18 09:42:18,15550.0,600,Buy,224131468
2024-07-18 09:42:18,15550.0,100,Buy,224131467
2024-07-18 09:42:18,15550.0,800,Buy,224131466
2024-07-18 09:42:18,15550.0,500,Buy,224131458
2024-07-18 09:42:24,15550.0,300,Buy,224131706
2024-07-18 09:42:25,15550.0,1000,Buy,224131711
2024-07-18 09:42:27,15550.0,600,Buy,224131779
2024-07-18 09:42:31,15550.0,1000,Buy,224131915
2024-07-18 09:42:35,15550.0,500,Buy,224131959
2024-07-18 09:42:37,15550.0,200,Buy,224131996
2024-07-18 09:42:41,15500.0,1000,Sell,224132083
2024-07-18 09:42:58,15500.0,1000,Sell,224132535
2024-07-18 09:43:09,15500.0,1000,Sell,224132767
2024-07-18 09:43:09,15500.0,200,Sell,224132789
2024-07-18 09:43:11,15550.0,100,Buy,224132812
2024-07-18 09:43:23,15500.0,200,Sell,224133035
2024-07-18 09:43:30,15550.0,100,Buy,224133211
2024-07-18 09:43:46,15500.0,900,Sell,224133518
2024-07-18 09:43:47,15550.0,100,Buy,224133564
2024-07-18 09:43:52,15550.0,500,Buy,224133659
2024-07-18 09:43:59,15550.0,1000,Buy,224133781
2024-07-18 09:44:26,15550.0,2000,Buy,224134309
2024-07-18 09:44:42,15500.0,500,Sell,224134596
2024-07-18 09:44:47,15550.0,100,Buy,224134717
2024-07-18 09:45:23,15550.0,100,Buy,224135670
2024-07-18 09:45:25,15550.0,1800,Buy,224135699
2024-07-18 09:45:25,15550.0,1200,Buy,224135700
2024-07-18 09:45:28,15550.0,100,Buy,224135767
2024-07-18 09:45:29,15550.0,100,Buy,224135781
2024-07-18 09:45:35,15550.0,100,Buy,224135979
2024-07-18 09:45:44,15550.0,200,Buy,224136175
2024-07-18 09:45:44,15550.0,8500,Buy,224136173
2024-07-18 09:45:44,15550.0,900,Buy,224136174
2024-07-18 09:45:46,15550.0,500,Buy,224136198
2024-07-18 09:45:53,15550.0,1000,Buy,224136386
2024-07-18 09:45:57,15500.0,600,Sell,224136479
2024-07-18 09:45:58,15550.0,900,Buy,224136497
2024-07-18 09:45:58,15550.0,100,Buy,224136498
2024-07-18 09:46:03,15500.0,500,Sell,224136666
2024-07-18 09:46:07,15550.0,200,Buy,224136875
2024-07-18 09:46:11,15550.0,700,Buy,224136939
2024-07-18 09:46:11,15550.0,100,Buy,224136940
2024-07-18 09:46:11,15550.0,500,Buy,224136941
2024-07-18 09:46:11,15550.0,500,Buy,224136942
2024-07-18 09:46:16,15550.0,200,Buy,224137055
2024-07-18 09:46:32,15550.0,500,Buy,224137493
2024-07-18 09:46:47,15550.0,1000,Buy,224137823
2024-07-18 09:46:49,15550.0,500,Buy,224137879
2024-07-18 09:47:00,15550.0,700,Buy,224138057
2024-07-18 09:47:06,15550.0,100,Buy,224138238
2024-07-18 09:47:17,15500.0,600,Sell,224138458
2024-07-18 09:47:30,15500.0,100,Sell,224138698
2024-07-18 09:47:34,15550.0,500,Buy,224138788
2024-07-18 09:47:46,15550.0,400,Buy,224139067
2024-07-18 09:47:46,15550.0,100,Buy,224139073
2024-07-18 09:47:48,15500.0,800,Sell,224139140
2024-07-18 09:47:57,15550.0,37900,Buy,224139270
2024-07-18 09:48:02,15500.0,1100,Sell,224139365
2024-07-18 09:48:02,15500.0,900,Sell,224139366
2024-07-18 09:48:06,15500.0,100,Sell,224139441
2024-07-18 09:48:06,15500.0,300,Sell,224139442
2024-07-18 09:48:06,15500.0,100,Sell,224139443
2024-07-18 09:48:24,15500.0,500,Sell,224139904
2024-07-18 09:48:24,15500.0,1000,Sell,224139903
2024-07-18 09:48:44,15550.0,2000,Buy,224140320
2024-07-18 09:48:50,15500.0,2000,Sell,224140479
2024-07-18 09:48:59,15550.0,100,Buy,224140670
2024-07-18 09:49:18,15550.0,1400,Buy,224141120
2024-07-18 09:49:18,15550.0,100,Buy,224141115
2024-07-18 09:49:27,15550.0,1500,Buy,224141273
2024-07-18 09:49:35,15550.0,200,Buy,224141435
2024-07-18 09:49:38,15500.0,5000,Sell,224141495
2024-07-18 09:49:40,15550.0,600,Buy,224141540
2024-07-18 09:49:45,15550.0,200,Buy,224141657
2024-07-18 09:49:47,15550.0,100,Buy,224141674
2024-07-18 09:49:49,15500.0,400,Sell,224141749
2024-07-18 09:49:51,15500.0,1500,Sell,224141783
2024-07-18 09:49:55,15500.0,600,Sell,224141882
2024-07-18 09:49:55,15500.0,300,Sell,224141883
2024-07-18 09:49:55,15500.0,200,Sell,224141884
2024-07-18 09:49:55,15500.0,3900,Sell,224141885
2024-07-18 09:50:23,15500.0,500,Sell,224142530
2024-07-18 09:50:23,15500.0,200,Sell,224142527
2024-07-18 09:50:23,15500.0,100,Sell,224142529
2024-07-18 09:50:23,15500.0,300,Sell,224142517
2024-07-18 09:50:23,15500.0,100,Sell,224142516
2024-07-18 09:50:23,15500.0,9700,Sell,224142526
2024-07-18 09:50:23,15500.0,100,Sell,224142528
2024-07-18 09:50:28,15550.0,200,Buy,224142632
2024-07-18 09:50:35,15500.0,100,Sell,224142760
2024-07-18 09:50:35,15500.0,1000,Sell,224142761
2024-07-18 09:50:37,15550.0,300,Buy,224142832
2024-07-18 09:50:45,15550.0,600,Buy,224143106
2024-07-18 09:50:53,15550.0,200,Buy,224143298
2024-07-18 09:50:57,15550.0,100,Buy,224143373
2024-07-18 09:50:58,15500.0,1000,Sell,224143381
2024-07-18 09:51:01,15550.0,100,Buy,224143465
2024-07-18 09:51:12,15550.0,100,Buy,224143722
2024-07-18 09:51:13,15500.0,200,Sell,224143747
2024-07-18 09:51:24,15550.0,22900,Buy,224144041
2024-07-18 09:51:32,15550.0,300,Buy,224144202
2024-07-18 09:51:32,15550.0,500,Buy,224144197
2024-07-18 09:51:43,15550.0,100,Buy,224144408
2024-07-18 09:51:49,15500.0,300,Sell,224144519
2024-07-18 09:51:49,15500.0,800,Sell,224144520
2024-07-18 09:51:49,15500.0,100,Sell,224144521
2024-07-18 09:51:49,15500.0,100,Sell,224144522
2024-07-18 09:51:49,15500.0,100,Sell,224144523
2024-07-18 09:51:49,15500.0,100,Sell,224144524
2024-07-18 09:51:49,15500.0,100,Sell,224144525
2024-07-18 09:51:49,15500.0,200,Sell,224144526
2024-07-18 09:51:49,15500.0,100,Sell,224144527
2024-07-18 09:51:49,15500.0,100,Sell,224144528
2024-07-18 09:51:53,15550.0,100,Buy,224144651
2024-07-18 09:52:14,15550.0,200,Buy,224145107
2024-07-18 09:52:17,15550.0,1500,Buy,224145147
2024-07-18 09:52:18,15550.0,100,Buy,224145164
2024-07-18 09:52:26,15550.0,100,Buy,224145453
2024-07-18 09:52:31,15500.0,400,Sell,224145557
2024-07-18 09:52:35,15550.0,100,Buy,224145674
2024-07-18 09:52:39,15500.0,100,Sell,224145820
2024-07-18 09:52:39,15500.0,2000,Sell,224145839
2024-07-18 09:52:43,15550.0,500,Buy,224145886
2024-07-18 09:52:43,15550.0,100,Buy,224145887
2024-07-18 09:52:51,15550.0,1000,Buy,224146040
2024-07-18 09:52:56,15500.0,100,Sell,224146249
2024-07-18 09:53:01,15500.0,2800,Sell,224146314
2024-07-18 09:53:05,15500.0,4500,Sell,224146406
2024-07-18 09:53:05,15500.0,500,Sell,224146407
2024-07-18 09:53:28,15500.0,200,Sell,224146958
2024-07-18 09:53:29,15500.0,100,Sell,224146980
2024-07-18 09:53:29,15500.0,300,Sell,224146979
2024-07-18 09:53:29,15500.0,100,Sell,224146981
2024-07-18 09:53:35,15500.0,400,Sell,224147075
2024-07-18 09:53:35,15500.0,1000,Sell,224147076
2024-07-18 09:53:38,15500.0,1000,Sell,224147183
2024-07-18 09:53:38,15500.0,2000,Sell,224147184
2024-07-18 09:53:47,15550.0,100,Buy,224147327
2024-07-18 09:53:59,15500.0,5500,Sell,224147625
2024-07-18 09:54:00,15550.0,100,Buy,224147644
2024-07-18 09:54:04,15550.0,200,Buy,224147702
2024-07-18 09:54:16,15500.0,500,Sell,224147947
2024-07-18 09:54:17,15500.0,1000,Sell,224147969
2024-07-18 09:54:17,15500.0,700,Sell,224147978
2024-07-18 09:54:20,15500.0,300,Sell,224148010
2024-07-18 09:54:23,15550.0,300,Buy,224148090
2024-07-18 09:54:32,15550.0,600,Buy,224148313
2024-07-18 09:54:33,15500.0,100,Sell,224148322
2024-07-18 09:54:35,15500.0,3000,Sell,224148376
2024-07-18 09:54:42,15500.0,200,Sell,224148477
2024-07-18 09:54:42,15550.0,100,Buy,224148491
2024-07-18 09:54:50,15550.0,100,Buy,224148672
2024-07-18 09:54:51,15550.0,100,Buy,224148702
2024-07-18 09:54:52,15550.0,100,Buy,224148726
2024-07-18 09:55:26,15550.0,300,Buy,224149546
2024-07-18 09:55:40,15550.0,100,Buy,224149821
2024-07-18 09:55:53,15500.0,1600,Sell,224150102
2024-07-18 09:56:04,15500.0,100,Sell,224150439
2024-07-18 09:56:11,15500.0,100,Sell,224150567
2024-07-18 09:56:19,15500.0,500,Sell,224150761
2024-07-18 09:56:25,15550.0,500,Buy,224150879
2024-07-18 09:56:30,15500.0,300,Sell,224151011
2024-07-18 09:56:36,15550.0,900,Buy,224151148
2024-07-18 09:56:45,15500.0,200,Sell,224151390
2024-07-18 09:56:45,15500.0,300,Sell,224151391
2024-07-18 09:56:45,15500.0,3700,Sell,224151392
2024-07-18 09:56:45,15500.0,500,Sell,224151393
2024-07-18 09:56:45,15500.0,300,Sell,224151394
2024-07-18 09:56:45,15500.0,100,Sell,224151395
2024-07-18 09:56:45,15500.0,100,Sell,224151396
2024-07-18 09:56:45,15500.0,200,Sell,224151397
2024-07-18 09:56:45,15500.0,500,Sell,224151398
2024-07-18 09:56:45,15500.0,4100,Sell,224151389
2024-07-18 09:56:46,15500.0,2100,Sell,224151412
2024-07-18 09:56:46,15500.0,100,Sell,224151413
2024-07-18 09:56:46,15500.0,1500,Sell,224151414
2024-07-18 09:56:46,15500.0,1300,Sell,224151415
2024-07-18 09:56:50,15550.0,300,Buy,224151510
2024-07-18 09:57:01,15550.0,200,Buy,224151725
2024-07-18 09:57:11,15550.0,100,Buy,224151907
2024-07-18 09:57:14,15550.0,100,Buy,224151974
2024-07-18 09:57:24,15550.0,100,Buy,224152139
2024-07-18 09:57:25,15550.0,100,Buy,224152150
2024-07-18 09:57:25,15500.0,100,Sell,224152161
2024-07-18 09:57:29,15500.0,5000,Sell,224152258
2024-07-18 09:57:32,15500.0,300,Sell,224152343
2024-07-18 09:57:43,15500.0,100,Sell,224152583
2024-07-18 09:57:43,15500.0,1100,Sell,224152597
2024-07-18 09:57:47,15500.0,500,Sell,224152710
2024-07-18 09:58:07,15500.0,100,Sell,224153134
2024-07-18 09:58:17,15500.0,100,Sell,224153334
2024-07-18 09:58:17,15500.0,100,Sell,224153347
2024-07-18 09:58:19,15500.0,700,Sell,224153367
2024-07-18 09:58:19,15500.0,500,Sell,224153374
2024-07-18 09:58:28,15500.0,200,Sell,224153633
2024-07-18 09:58:45,15500.0,1000,Sell,224154047
2024-07-18 09:58:46,15550.0,1000,Buy,224154059
2024-07-18 09:58:47,15500.0,1000,Sell,224154093
2024-07-18 09:58:54,15500.0,500,Sell,224154210
2024-07-18 09:58:56,15550.0,100,Buy,224154320
2024-07-18 09:59:02,15500.0,3000,Sell,224154401
2024-07-18 09:59:06,15500.0,10000,Sell,224154466
2024-07-18 09:59:08,15550.0,500,Buy,224154504
2024-07-18 09:59:09,15500.0,4400,Sell,224154563
2024-07-18 09:59:09,15500.0,100,Sell,224154564
2024-07-18 09:59:09,15500.0,2000,Sell,224154565
2024-07-18 09:59:09,15500.0,500,Sell,224154566
2024-07-18 09:59:12,15500.0,100,Sell,224154683
2024-07-18 09:59:13,15500.0,900,Sell,224154691
2024-07-18 09:59:15,15500.0,100,Sell,224154798
2024-07-18 09:59:15,15500.0,100,Sell,224154797
2024-07-18 09:59:15,15500.0,100,Sell,224154795
2024-07-18 09:59:15,15500.0,400,Sell,224154794
2024-07-18 09:59:15,15500.0,100,Sell,224154793
2024-07-18 09:59:15,15500.0,200,Sell,224154792
2024-07-18 09:59:15,15500.0,100,Sell,224154787
2024-07-18 09:59:15,15500.0,100,Sell,224154790
2024-07-18 09:59:15,15500.0,500,Sell,224154789
2024-07-18 09:59:15,15500.0,700,Sell,224154788
2024-07-18 09:59:15,15500.0,500,Sell,224154799
2024-07-18 09:59:15,15500.0,200,Sell,224154786
2024-07-18 09:59:15,15500.0,100,Sell,224154791
2024-07-18 09:59:15,15500.0,1000,Sell,224154800
2024-07-18 09:59:15,15500.0,100,Sell,224154805
2024-07-18 09:59:15,15500.0,1000,Sell,224154802
2024-07-18 09:59:15,15500.0,100,Sell,224154803
2024-07-18 09:59:15,15500.0,1000,Sell,224154804
2024-07-18 09:59:15,15500.0,100,Sell,224154785
2024-07-18 09:59:15,15500.0,500,Sell,224154806
2024-07-18 09:59:15,15500.0,400,Sell,224154807
2024-07-18 09:59:15,15500.0,500,Sell,224154808
2024-07-18 09:59:15,15500.0,200,Sell,224154809
2024-07-18 09:59:15,15500.0,700,Sell,224154810
2024-07-18 09:59:15,15500.0,200,Sell,224154811
2024-07-18 09:59:15,15500.0,100,Sell,224154812
2024-07-18 09:59:15,15500.0,20000,Sell,224154813
2024-07-18 09:59:15,15500.0,600,Sell,224154814
2024-07-18 09:59:15,15500.0,100,Sell,224154801
2024-07-18 09:59:15,15500.0,1900,Sell,224154784
2024-07-18 09:59:15,15500.0,100,Sell,224154796
2024-07-18 09:59:15,15500.0,200,Sell,224154782
2024-07-18 09:59:15,15500.0,1500,Sell,224154753
2024-07-18 09:59:15,15500.0,500,Sell,224154783
2024-07-18 09:59:15,15500.0,100,Sell,224154754
2024-07-18 09:59:15,15500.0,200,Sell,224154755
2024-07-18 09:59:15,15500.0,1000,Sell,224154756
2024-07-18 09:59:15,15500.0,100,Sell,224154757
2024-07-18 09:59:15,15500.0,1000,Sell,224154758
2024-07-18 09:59:15,15500.0,10000,Sell,224154759
2024-07-18 09:59:15,15500.0,100,Sell,224154761
2024-07-18 09:59:15,15500.0,500,Sell,224154762
2024-07-18 09:59:15,15500.0,100,Sell,224154763
2024-07-18 09:59:15,15500.0,3000,Sell,224154764
2024-07-18 09:59:15,15500.0,1000,Sell,224154765
2024-07-18 09:59:15,15500.0,800,Sell,224154766
2024-07-18 09:59:15,15500.0,200,Sell,224154767
2024-07-18 09:59:15,15500.0,500,Sell,224154760
2024-07-18 09:59:15,15500.0,500,Sell,224154769
2024-07-18 09:59:15,15500.0,200,Sell,224154781
2024-07-18 09:59:15,15500.0,1200,Sell,224154780
2024-07-18 09:59:15,15500.0,2000,Sell,224154768
2024-07-18 09:59:15,15500.0,500,Sell,224154779
2024-07-18 09:59:15,15500.0,100,Sell,224154778
2024-07-18 09:59:15,15500.0,1000,Sell,224154777
2024-07-18 09:59:15,15500.0,200,Sell,224154775
2024-07-18 09:59:15,15500.0,100,Sell,224154776
2024-07-18 09:59:15,15500.0,100,Sell,224154773
2024-07-18 09:59:15,15500.0,1000,Sell,224154772
2024-07-18 09:59:15,15500.0,2000,Sell,224154771
2024-07-18 09:59:15,15500.0,100,Sell,224154770
2024-07-18 09:59:15,15500.0,1300,Sell,224154774
2024-07-18 09:59:16,15500.0,100,Sell,224154871
2024-07-18 09:59:16,15500.0,800,Sell,224154874
2024-07-18 09:59:16,15500.0,800,Sell,224154873
2024-07-18 09:59:16,15500.0,100,Sell,224154875
2024-07-18 09:59:16,15500.0,4900,Sell,224154872
2024-07-18 09:59:16,15500.0,1000,Sell,224154870
2024-07-18 09:59:16,15500.0,500,Sell,224154863
2024-07-18 09:59:16,15500.0,100,Sell,224154868
2024-07-18 09:59:16,15500.0,1000,Sell,224154867
2024-07-18 09:59:16,15500.0,8700,Sell,224154866
2024-07-18 09:59:16,15500.0,6300,Sell,224154864
2024-07-18 09:59:16,15500.0,1300,Sell,224154862
2024-07-18 09:59:16,15500.0,2500,Sell,224154876
2024-07-18 09:59:16,15500.0,300,Sell,224154861
2024-07-18 09:59:16,15500.0,1000,Sell,224154869
2024-07-18 09:59:16,15500.0,1000,Sell,224154877
2024-07-18 09:59:16,15500.0,500,Sell,224154893
2024-07-18 09:59:16,15500.0,1900,Sell,224154879
2024-07-18 09:59:16,15500.0,900,Sell,224154860
2024-07-18 09:59:16,15500.0,900,Sell,224154895
2024-07-18 09:59:16,15500.0,1000,Sell,224154894
2024-07-18 09:59:16,15500.0,200,Sell,224154892
2024-07-18 09:59:16,15500.0,10000,Sell,224154891
2024-07-18 09:59:16,15500.0,100,Sell,224154890
2024-07-18 09:59:16,15500.0,200,Sell,224154878
2024-07-18 09:59:16,15500.0,100,Sell,224154889
2024-07-18 09:59:16,15500.0,400,Sell,224154887
2024-07-18 09:59:16,15500.0,100,Sell,224154886
2024-07-18 09:59:16,15500.0,100,Sell,224154885
2024-07-18 09:59:16,15500.0,700,Sell,224154882
2024-07-18 09:59:16,15500.0,500,Sell,224154881
2024-07-18 09:59:16,15500.0,100,Sell,224154880
2024-07-18 09:59:16,15500.0,600,Sell,224154888
2024-07-18 09:59:16,15500.0,200,Sell,224154859
2024-07-18 09:59:16,15500.0,500,Sell,224154884
2024-07-18 09:59:16,15500.0,500,Sell,224154857
2024-07-18 09:59:16,15500.0,100,Sell,224154837
2024-07-18 09:59:16,15500.0,1000,Sell,224154836
2024-07-18 09:59:16,15500.0,100,Sell,224154835
2024-07-18 09:59:16,15500.0,100,Sell,224154834
2024-07-18 09:59:16,15500.0,1000,Sell,224154833
2024-07-18 09:59:16,15500.0,2000,Sell,224154832
2024-07-18 09:59:16,15500.0,2000,Sell,224154831
2024-07-18 09:59:16,15500.0,100,Sell,224154830
2024-07-18 09:59:16,15500.0,1000,Sell,224154829
2024-07-18 09:59:16,15500.0,100,Sell,224154828
2024-07-18 09:59:16,15500.0,1000,Sell,224154827
2024-07-18 09:59:16,15500.0,1000,Sell,224154826
2024-07-18 09:59:16,15500.0,200,Sell,224154825
2024-07-18 09:59:16,15500.0,100,Sell,224154824
2024-07-18 09:59:16,15500.0,300,Sell,224154858
2024-07-18 09:59:16,15500.0,1000,Sell,224154838
2024-07-18 09:59:16,15500.0,5000,Sell,224154839
2024-07-18 09:59:16,15500.0,100,Sell,224154883
2024-07-18 09:59:16,15500.0,200,Sell,224154841
2024-07-18 09:59:16,15500.0,500,Sell,224154856
2024-07-18 09:59:16,15500.0,1800,Sell,224154854
2024-07-18 09:59:16,15500.0,200,Sell,224154853
2024-07-18 09:59:16,15500.0,3500,Sell,224154852
2024-07-18 09:59:16,15500.0,200,Sell,224154851
2024-07-18 09:59:16,15500.0,1000,Sell,224154850
2024-07-18 09:59:16,15500.0,100,Sell,224154849
2024-07-18 09:59:16,15500.0,1000,Sell,224154855
2024-07-18 09:59:16,15500.0,500,Sell,224154847
2024-07-18 09:59:16,15500.0,100,Sell,224154846
2024-07-18 09:59:16,15500.0,100,Sell,224154845
2024-07-18 09:59:16,15500.0,200,Sell,224154844
2024-07-18 09:59:16,15500.0,100,Sell,224154840
2024-07-18 09:59:16,15500.0,400,Sell,224154843
2024-07-18 09:59:16,15500.0,1000,Sell,224154842
2024-07-18 09:59:16,15500.0,100,Sell,224154848
2024-07-18 09:59:23,15500.0,700,Sell,224155036
2024-07-18 09:59:27,15500.0,200,Sell,224155095
2024-07-18 09:59:27,15500.0,100,Sell,224155096
2024-07-18 09:59:28,15500.0,100,Sell,224155284
2024-07-18 09:59:28,15500.0,100,Sell,224155283
2024-07-18 09:59:28,15500.0,100,Sell,224155282
2024-07-18 09:59:28,15500.0,700,Sell,224155278
2024-07-18 09:59:28,15500.0,100,Sell,224155280
2024-07-18 09:59:28,15500.0,100,Sell,224155279
2024-07-18 09:59:28,15500.0,1000,Sell,224155281
2024-07-18 09:59:29,15500.0,4900,Sell,224155295
2024-07-18 09:59:29,15500.0,1000,Sell,224155294
2024-07-18 09:59:29,15500.0,200,Sell,224155293
2024-07-18 09:59:29,15500.0,200,Sell,224155292
2024-07-18 09:59:29,15500.0,100,Sell,224155289
2024-07-18 09:59:29,15500.0,100,Sell,224155290
2024-07-18 09:59:29,15500.0,100,Sell,224155288
2024-07-18 09:59:29,15500.0,1000,Sell,224155287
2024-07-18 09:59:29,15500.0,200,Sell,224155286
2024-07-18 09:59:29,15500.0,5000,Sell,224155291
2024-07-18 09:59:32,15500.0,10000,Sell,224155347
2024-07-18 09:59:34,15500.0,1400,Sell,224155390
2024-07-18 09:59:35,15500.0,1000,Sell,224155439
2024-07-18 09:59:35,15500.0,300,Sell,224155438
2024-07-18 09:59:35,15500.0,500,Sell,224155437
2024-07-18 09:59:35,15500.0,200,Sell,224155436
2024-07-18 09:59:35,15500.0,1000,Sell,224155435
2024-07-18 09:59:35,15500.0,100,Sell,224155434
2024-07-18 09:59:35,15500.0,100,Sell,224155433
2024-07-18 09:59:35,15500.0,200,Sell,224155431
2024-07-18 09:59:35,15500.0,200,Sell,224155430
2024-07-18 09:59:35,15500.0,100,Sell,224155429
2024-07-18 09:59:35,15500.0,400,Sell,224155428
2024-07-18 09:59:35,15500.0,1000,Sell,224155427
2024-07-18 09:59:35,15500.0,100,Sell,224155426
2024-07-18 09:59:35,15500.0,1000,Sell,224155425
2024-07-18 09:59:35,15500.0,3700,Sell,224155424
2024-07-18 09:59:35,15500.0,100,Sell,224155432
2024-07-18 09:59:36,15500.0,1600,Sell,224155492
2024-07-18 09:59:36,15500.0,500,Sell,224155491
2024-07-18 09:59:36,15500.0,900,Sell,224155490
2024-07-18 09:59:36,15500.0,100,Sell,224155479
2024-07-18 09:59:36,15500.0,100,Sell,224155476
2024-07-18 09:59:36,15500.0,500,Sell,224155477
2024-07-18 09:59:36,15500.0,100,Sell,224155475
2024-07-18 09:59:36,15500.0,100,Sell,224155474
2024-07-18 09:59:36,15500.0,100,Sell,224155473
2024-07-18 09:59:36,15500.0,2000,Sell,224155478
2024-07-18 09:59:41,15500.0,1000,Sell,224155567
2024-07-18 09:59:43,15500.0,500,Sell,224155624
2024-07-18 09:59:43,15500.0,100,Sell,224155623
2024-07-18 09:59:43,15500.0,200,Sell,224155622
2024-07-18 09:59:43,15500.0,300,Sell,224155621
2024-07-18 09:59:43,15500.0,500,Sell,224155620
2024-07-18 09:59:43,15500.0,300,Sell,224155619
2024-07-18 09:59:43,15500.0,200,Sell,224155618
2024-07-18 09:59:43,15500.0,1000,Sell,224155617
2024-07-18 09:59:43,15500.0,1000,Sell,224155610
2024-07-18 09:59:43,15500.0,200,Sell,224155615
2024-07-18 09:59:43,15500.0,500,Sell,224155609
2024-07-18 09:59:43,15500.0,500,Sell,224155616
2024-07-18 09:59:43,15500.0,100,Sell,224155611
2024-07-18 09:59:43,15500.0,1000,Sell,224155608
2024-07-18 09:59:43,15500.0,300,Sell,224155613
2024-07-18 09:59:43,15500.0,100,Sell,224155614
2024-07-18 09:59:43,15500.0,500,Sell,224155612
2024-07-18 09:59:49,15450.0,200,Sell,224155894
2024-07-18 10:00:05,15500.0,1000,Buy,224156258
2024-07-18 10:00:35,15500.0,500,Buy,224156982
2024-07-18 10:01:01,15500.0,100,Buy,224157580
2024-07-18 10:01:02,15500.0,100,Buy,224157610
2024-07-18 10:01:10,15500.0,100,Buy,224157776
2024-07-18 10:01:10,15500.0,3400,Buy,224157777
2024-07-18 10:01:10,15500.0,100,Buy,224157774
2024-07-18 10:01:10,15500.0,900,Buy,224157775
2024-07-18 10:01:15,15450.0,700,Sell,224157882
2024-07-18 10:01:15,15450.0,300,Sell,224157874
2024-07-18 10:01:15,15450.0,200,Sell,224157875
2024-07-18 10:01:15,15450.0,500,Sell,224157876
2024-07-18 10:01:15,15450.0,100,Sell,224157877
2024-07-18 10:01:15,15450.0,200,Sell,224157881
2024-07-18 10:01:45,15450.0,200,Sell,224158821
2024-07-18 10:02:16,15450.0,100,Sell,224159564
2024-07-18 10:02:16,15450.0,400,Sell,224159565
2024-07-18 10:02:16,15450.0,200,Sell,224159566
2024-07-18 10:02:16,15450.0,200,Sell,224159567
2024-07-18 10:02:16,15450.0,100,Sell,224159568
2024-07-18 10:02:16,15450.0,4100,Sell,224159563
2024-07-18 10:02:26,15450.0,200,Sell,224159805
2024-07-18 10:02:38,15450.0,1000,Sell,224160071
2024-07-18 10:02:45,15500.0,800,Buy,224160216
2024-07-18 10:02:49,15500.0,100,Buy,224160289
2024-07-18 10:03:01,15500.0,100,Buy,224160484
2024-07-18 10:03:05,15500.0,200,Buy,224160571
2024-07-18 10:03:14,15450.0,1400,Sell,224160778
2024-07-18 10:03:14,15450.0,100,Sell,224160777
2024-07-18 10:03:14,15450.0,200,Sell,224160775
2024-07-18 10:03:14,15450.0,100,Sell,224160776
2024-07-18 10:03:14,15450.0,200,Sell,224160773
2024-07-18 10:03:14,15450.0,300,Sell,224160774
2024-07-18 10:03:14,15450.0,500,Sell,224160772
2024-07-18 10:03:14,15450.0,4600,Sell,224160771
2024-07-18 10:03:14,15450.0,500,Sell,224160770
2024-07-18 10:03:20,15500.0,200,Buy,224160951
2024-07-18 10:03:49,15500.0,100,Buy,224161499
2024-07-18 10:03:49,15500.0,200,Buy,224161496
2024-07-18 10:03:49,15500.0,100,Buy,224161497
2024-07-18 10:03:49,15500.0,100,Buy,224161498
2024-07-18 10:03:52,15500.0,100,Buy,224161660
2024-07-18 10:04:48,15450.0,100,Sell,224162710
2024-07-18 10:04:48,15450.0,900,Sell,224162711
2024-07-18 10:04:53,15500.0,100,Buy,224162835
2024-07-18 10:04:57,15450.0,100,Sell,224162911
2024-07-18 10:05:05,15500.0,200,Buy,224163081
2024-07-18 10:05:10,15450.0,1000,Sell,224163195
2024-07-18 10:05:11,15500.0,100,Buy,224163216
2024-07-18 10:05:18,15500.0,700,Buy,224163509
2024-07-18 10:05:26,15500.0,700,Buy,224163731
2024-07-18 10:05:34,15500.0,200,Buy,224163837
2024-07-18 10:05:35,15500.0,700,Buy,224163855
2024-07-18 10:05:35,15500.0,300,Buy,224163854
2024-07-18 10:05:40,15500.0,300,Buy,224163985
2024-07-18 10:05:44,15450.0,100,Sell,224164050
2024-07-18 10:05:44,15450.0,100,Sell,224164051
2024-07-18 10:05:58,15450.0,100,Sell,224164363
2024-07-18 10:05:58,15450.0,100,Sell,224164364
2024-07-18 10:06:12,15450.0,1900,Sell,224164662
2024-07-18 10:06:12,15450.0,100,Sell,224164663
2024-07-18 10:06:12,15450.0,500,Sell,224164682
2024-07-18 10:06:15,15450.0,200,Sell,224164732
2024-07-18 10:06:47,15500.0,200,Buy,224165375
2024-07-18 10:06:54,15500.0,100,Buy,224165612
2024-07-18 10:07:01,15500.0,100,Buy,224165725
2024-07-18 10:07:07,15450.0,300,Sell,224165965
2024-07-18 10:07:30,15450.0,500,Sell,224166527
2024-07-18 10:07:32,15450.0,500,Sell,224166561
2024-07-18 10:07:32,15450.0,200,Sell,224166562
2024-07-18 10:07:32,15450.0,300,Sell,224166563
2024-07-18 10:07:32,15450.0,100,Sell,224166564
2024-07-18 10:07:32,15450.0,200,Sell,224166565
2024-07-18 10:07:32,15450.0,300,Sell,224166566
2024-07-18 10:07:32,15450.0,400,Sell,224166567
2024-07-18 10:07:34,15450.0,1000,Sell,224166608
2024-07-18 10:07:40,15450.0,2000,Sell,224166748
2024-07-18 10:07:42,15450.0,1600,Sell,224166809
2024-07-18 10:07:42,15450.0,300,Sell,224166810
2024-07-18 10:07:42,15450.0,300,Sell,224166811
2024-07-18 10:07:42,15450.0,100,Sell,224166812
2024-07-18 10:07:42,15450.0,100,Sell,224166813
2024-07-18 10:07:48,15450.0,100,Sell,224166946
2024-07-18 10:07:48,15450.0,200,Sell,224166947
2024-07-18 10:07:48,15450.0,500,Sell,224166948
2024-07-18 10:07:56,15450.0,1000,Sell,224167173
2024-07-18 10:07:56,15450.0,1000,Sell,224167172
2024-07-18 10:08:05,15450.0,100,Sell,224167380
2024-07-18 10:08:10,15450.0,700,Sell,224167577
2024-07-18 10:08:10,15450.0,400,Sell,224167578
2024-07-18 10:08:10,15450.0,100,Sell,224167579
2024-07-18 10:08:10,15450.0,100,Sell,224167580
2024-07-18 10:08:10,15450.0,700,Sell,224167581
2024-07-18 10:08:11,15450.0,200,Sell,224167600
2024-07-18 10:08:14,15500.0,2000,Buy,224167691
2024-07-18 10:08:14,15500.0,400,Buy,224167690
2024-07-18 10:08:14,15500.0,1100,Buy,224167689
2024-07-18 10:08:18,15450.0,1000,Sell,224167784
2024-07-18 10:08:18,15450.0,500,Sell,224167785
2024-07-18 10:08:18,15450.0,200,Sell,224167786
2024-07-18 10:08:18,15450.0,500,Sell,224167787
2024-07-18 10:08:18,15450.0,800,Sell,224167788
2024-07-18 10:08:29,15500.0,100,Buy,224168204
2024-07-18 10:08:40,15500.0,5000,Buy,224168643
2024-07-18 10:08:44,15450.0,300,Sell,224168716
2024-07-18 10:09:07,15500.0,100,Buy,224169295
2024-07-18 10:09:10,15500.0,300,Buy,224169356
2024-07-18 10:09:13,15500.0,100,Buy,224169475
2024-07-18 10:09:36,15500.0,500,Buy,224170191
2024-07-18 10:09:36,15500.0,900,Buy,224170189
2024-07-18 10:09:36,15500.0,100,Buy,224170188
2024-07-18 10:09:36,15500.0,2000,Buy,224170187
2024-07-18 10:09:36,15500.0,1000,Buy,224170190
2024-07-18 10:09:36,15500.0,1500,Buy,224170185
2024-07-18 10:09:36,15500.0,2900,Buy,224170184
2024-07-18 10:09:36,15500.0,2400,Buy,224170182
2024-07-18 10:09:36,15500.0,500,Buy,224170183
2024-07-18 10:09:36,15500.0,200,Buy,224170186
2024-07-18 10:09:49,15450.0,400,Sell,224170732
2024-07-18 10:09:59,15500.0,10000,Buy,224171062
2024-07-18 10:10:03,15450.0,100,Sell,224171221
2024-07-18 10:10:03,15450.0,400,Sell,224171222
2024-07-18 10:10:28,15450.0,500,Sell,224171985
2024-07-18 10:10:28,15450.0,100,Sell,224171988
2024-07-18 10:10:43,15450.0,100,Sell,224172317
2024-07-18 10:10:43,15450.0,2900,Sell,224172318
2024-07-18 10:10:46,15450.0,1000,Sell,224172380
2024-07-18 10:11:07,15450.0,1000,Sell,224172937
2024-07-18 10:11:10,15450.0,100,Sell,224172986
2024-07-18 10:11:10,15450.0,100,Sell,224172987
2024-07-18 10:11:10,15450.0,2800,Sell,224172988
2024-07-18 10:11:26,15500.0,100,Buy,224173595
2024-07-18 10:11:31,15500.0,100,Buy,224173726
2024-07-18 10:11:32,15450.0,1100,Sell,224173767
2024-07-18 10:11:32,15450.0,200,Sell,224173766
2024-07-18 10:11:32,15450.0,1000,Sell,224173764
2024-07-18 10:11:32,15450.0,1500,Sell,224173763
2024-07-18 10:11:32,15450.0,3000,Sell,224173765
2024-07-18 10:11:32,15450.0,3200,Sell,224173762
2024-07-18 10:11:47,15450.0,1900,Sell,224174284
2024-07-18 10:11:47,15450.0,100,Sell,224174285
2024-07-18 10:11:57,15500.0,100,Buy,224174597
2024-07-18 10:12:06,15450.0,200,Sell,224174819
2024-07-18 10:12:06,15450.0,100,Sell,224174816
2024-07-18 10:12:06,15450.0,600,Sell,224174817
2024-07-18 10:12:06,15450.0,100,Sell,224174818
2024-07-18 10:12:06,15450.0,500,Sell,224174820
2024-07-18 10:12:06,15450.0,100,Sell,224174821
2024-07-18 10:12:06,15450.0,100,Sell,224174822
2024-07-18 10:12:23,15450.0,100,Sell,224175242
2024-07-18 10:12:23,15450.0,200,Sell,224175241
2024-07-18 10:12:23,15450.0,100,Sell,224175243
2024-07-18 10:12:23,15450.0,500,Sell,224175240
2024-07-18 10:12:23,15450.0,100,Sell,224175238
2024-07-18 10:12:23,15450.0,500,Sell,224175237
2024-07-18 10:12:23,15450.0,100,Sell,224175236
2024-07-18 10:12:23,15450.0,100,Sell,224175235
2024-07-18 10:12:23,15450.0,300,Sell,224175239
2024-07-18 10:12:26,15450.0,400,Sell,224175328
2024-07-18 10:12:26,15450.0,300,Sell,224175329
2024-07-18 10:12:26,15450.0,200,Sell,224175330
2024-07-18 10:12:26,15450.0,200,Sell,224175331
2024-07-18 10:12:26,15450.0,100,Sell,224175332
2024-07-18 10:12:26,15450.0,200,Sell,224175333
2024-07-18 10:12:44,15450.0,200,Sell,224175897
2024-07-18 10:12:53,15450.0,2000,Sell,224176166
2024-07-18 10:13:04,15450.0,300,Sell,224176525
2024-07-18 10:13:04,15450.0,200,Sell,224176524
2024-07-18 10:13:04,15450.0,3800,Sell,224176520
2024-07-18 10:13:04,15450.0,500,Sell,224176522
2024-07-18 10:13:04,15450.0,100,Sell,224176521
2024-07-18 10:13:04,15450.0,100,Sell,224176523
2024-07-18 10:13:05,15450.0,500,Sell,224176538
2024-07-18 10:13:05,15450.0,300,Sell,224176539
2024-07-18 10:13:05,15450.0,100,Sell,224176536
2024-07-18 10:13:05,15450.0,700,Sell,224176535
2024-07-18 10:13:05,15450.0,1400,Sell,224176537
2024-07-18 10:13:08,15450.0,1000,Sell,224176653
2024-07-18 10:13:08,15450.0,400,Sell,224176652
2024-07-18 10:13:08,15450.0,100,Sell,224176651
2024-07-18 10:13:08,15450.0,100,Sell,224176650
2024-07-18 10:13:08,15450.0,600,Sell,224176649
2024-07-18 10:13:08,15450.0,800,Sell,224176648
2024-07-18 10:13:08,15450.0,1000,Sell,224176647
2024-07-18 10:13:08,15450.0,200,Sell,224176646
2024-07-18 10:13:08,15450.0,1000,Sell,224176654
2024-07-18 10:13:08,15450.0,500,Sell,224176644
2024-07-18 10:13:08,15450.0,100,Sell,224176643
2024-07-18 10:13:08,15450.0,300,Sell,224176642
2024-07-18 10:13:08,15450.0,300,Sell,224176641
2024-07-18 10:13:08,15450.0,100,Sell,224176640
2024-07-18 10:13:08,15450.0,7000,Sell,224176639
2024-07-18 10:13:08,15450.0,2000,Sell,224176638
2024-07-18 10:13:08,15450.0,100,Sell,224176645
2024-07-18 10:13:08,15450.0,300,Sell,224176655
2024-07-18 10:13:08,15450.0,100,Sell,224176637
2024-07-18 10:13:08,15450.0,100,Sell,224176657
2024-07-18 10:13:08,15450.0,200,Sell,224176674
2024-07-18 10:13:08,15450.0,100,Sell,224176673
2024-07-18 10:13:08,15450.0,300,Sell,224176672
2024-07-18 10:13:08,15450.0,100,Sell,224176671
2024-07-18 10:13:08,15450.0,1000,Sell,224176670
2024-07-18 10:13:08,15450.0,100,Sell,224176669
2024-07-18 10:13:08,15450.0,100,Sell,224176668
2024-07-18 10:13:08,15450.0,100,Sell,224176667
2024-07-18 10:13:08,15450.0,100,Sell,224176666
2024-07-18 10:13:08,15450.0,100,Sell,224176665
2024-07-18 10:13:08,15450.0,200,Sell,224176664
2024-07-18 10:13:08,15450.0,100,Sell,224176663
2024-07-18 10:13:08,15450.0,200,Sell,224176662
2024-07-18 10:13:08,15450.0,800,Sell,224176661
2024-07-18 10:13:08,15450.0,500,Sell,224176660
2024-07-18 10:13:08,15450.0,3000,Sell,224176659
2024-07-18 10:13:08,15450.0,100,Sell,224176658
2024-07-18 10:13:08,15450.0,1000,Sell,224176656
2024-07-18 10:13:08,15450.0,100,Sell,224176636
2024-07-18 10:13:08,15450.0,100,Sell,224176603
2024-07-18 10:13:08,15450.0,200,Sell,224176634
2024-07-18 10:13:08,15450.0,300,Sell,224176612
2024-07-18 10:13:08,15450.0,300,Sell,224176611
2024-07-18 10:13:08,15450.0,200,Sell,224176610
2024-07-18 10:13:08,15450.0,200,Sell,224176609
2024-07-18 10:13:08,15450.0,100,Sell,224176608
2024-07-18 10:13:08,15450.0,200,Sell,224176607
2024-07-18 10:13:08,15450.0,2500,Sell,224176606
2024-07-18 10:13:08,15450.0,200,Sell,224176605
2024-07-18 10:13:08,15450.0,100,Sell,224176604
2024-07-18 10:13:08,15450.0,100,Sell,224176601
2024-07-18 10:13:08,15450.0,100,Sell,224176600
2024-07-18 10:13:08,15450.0,1000,Sell,224176599
2024-07-18 10:13:08,15450.0,400,Sell,224176598
2024-07-18 10:13:08,15450.0,2000,Sell,224176597
2024-07-18 10:13:08,15450.0,100,Sell,224176596
2024-07-18 10:13:08,15450.0,500,Sell,224176595
2024-07-18 10:13:08,15450.0,1000,Sell,224176635
2024-07-18 10:13:08,15450.0,200,Sell,224176613
2024-07-18 10:13:08,15450.0,5000,Sell,224176614
2024-07-18 10:13:08,15450.0,1000,Sell,224176602
2024-07-18 10:13:08,15450.0,100,Sell,224176616
2024-07-18 10:13:08,15450.0,100,Sell,224176632
2024-07-18 10:13:08,15450.0,300,Sell,224176631
2024-07-18 10:13:08,15450.0,500,Sell,224176630
2024-07-18 10:13:08,15450.0,200,Sell,224176633
2024-07-18 10:13:08,15450.0,400,Sell,224176628
2024-07-18 10:13:08,15450.0,1000,Sell,224176627
2024-07-18 10:13:08,15450.0,500,Sell,224176626
2024-07-18 10:13:08,15450.0,100,Sell,224176615
2024-07-18 10:13:08,15450.0,200,Sell,224176629
2024-07-18 10:13:08,15450.0,200,Sell,224176624
2024-07-18 10:13:08,15450.0,2000,Sell,224176623
2024-07-18 10:13:08,15450.0,2000,Sell,224176622
2024-07-18 10:13:08,15450.0,200,Sell,224176621
2024-07-18 10:13:08,15450.0,100,Sell,224176620
2024-07-18 10:13:08,15450.0,800,Sell,224176619
2024-07-18 10:13:08,15450.0,1000,Sell,224176618
2024-07-18 10:13:08,15450.0,100,Sell,224176617
2024-07-18 10:13:08,15450.0,100,Sell,224176625
2024-07-18 10:13:13,15450.0,1300,Sell,224176804
2024-07-18 10:13:13,15450.0,500,Sell,224176802
2024-07-18 10:13:13,15450.0,100,Sell,224176801
2024-07-18 10:13:13,15450.0,100,Sell,224176803
2024-07-18 10:13:15,15450.0,400,Sell,224176863
2024-07-18 10:13:23,15450.0,100,Sell,224177052
2024-07-18 10:13:29,15450.0,500,Sell,224177146
2024-07-18 10:13:35,15450.0,1000,Sell,224177283
2024-07-18 10:13:40,15450.0,500,Sell,224177358
2024-07-18 10:13:47,15450.0,100,Sell,224177538
2024-07-18 10:13:47,15450.0,5200,Sell,224177535
2024-07-18 10:13:47,15450.0,100,Sell,224177536
2024-07-18 10:13:47,15450.0,1000,Sell,224177537
2024-07-18 10:13:50,15450.0,1000,Sell,224177600
2024-07-18 10:13:51,15450.0,100,Sell,224177620
2024-07-18 10:13:51,15450.0,100,Sell,224177621
2024-07-18 10:13:51,15450.0,500,Sell,224177622
2024-07-18 10:13:51,15450.0,3300,Sell,224177623
2024-07-18 10:13:51,15450.0,100,Sell,224177624
2024-07-18 10:13:52,15450.0,500,Sell,224177650
2024-07-18 10:13:52,15450.0,500,Sell,224177649
2024-07-18 10:13:53,15450.0,100,Buy,224177675
2024-07-18 10:13:54,15450.0,200,Buy,224177709
2024-07-18 10:14:10,15450.0,1000,Buy,224178076
2024-07-18 10:14:18,15450.0,200,Buy,224178329
2024-07-18 10:14:26,15450.0,300,Buy,224178643
2024-07-18 10:14:31,15450.0,2000,Buy,224178733
2024-07-18 10:14:39,15450.0,100,Buy,224178911
2024-07-18 10:14:43,15450.0,100,Buy,224179006
2024-07-18 10:14:43,15450.0,1000,Buy,224179007
2024-07-18 10:14:43,15450.0,3000,Buy,224179008
2024-07-18 10:14:43,15450.0,3200,Buy,224179009
2024-07-18 10:14:43,15450.0,5000,Buy,224179010
2024-07-18 10:14:45,15450.0,200,Buy,224179094
2024-07-18 10:14:49,15450.0,1900,Sell,224179183
2024-07-18 10:14:49,15450.0,5000,Buy,224179181
2024-07-18 10:14:49,15450.0,200,Buy,224179182
2024-07-18 10:14:49,15450.0,1000,Buy,224179179
2024-07-18 10:14:49,15450.0,1300,Buy,224179180
2024-07-18 10:14:49,15450.0,2000,Buy,224179178
2024-07-18 10:14:49,15450.0,1600,Buy,224179177
2024-07-18 10:14:50,15400.0,200,Sell,224179228
2024-07-18 10:14:50,15400.0,100,Sell,224179234
2024-07-18 10:14:50,15400.0,200,Sell,224179233
2024-07-18 10:14:50,15400.0,1100,Sell,224179236
2024-07-18 10:14:50,15400.0,1000,Sell,224179231
2024-07-18 10:14:50,15400.0,500,Sell,224179230
2024-07-18 10:14:50,15400.0,200,Sell,224179229
2024-07-18 10:14:50,15400.0,200,Sell,224179232
2024-07-18 10:14:50,15400.0,500,Sell,224179235
2024-07-18 10:14:55,15450.0,100,Buy,224179375
2024-07-18 10:15:04,15450.0,1000,Buy,224179675
2024-07-18 10:15:04,15450.0,1000,Buy,224179678
2024-07-18 10:15:07,15450.0,5000,Buy,224179755
2024-07-18 10:15:08,15450.0,100,Buy,224179784
2024-07-18 10:15:14,15450.0,500,Buy,224179962
2024-07-18 10:15:14,15450.0,200,Buy,224179966
2024-07-18 10:15:19,15450.0,100,Buy,224180034
2024-07-18 10:15:20,15450.0,500,Buy,224180082
2024-07-18 10:15:20,15450.0,100,Buy,224180071
2024-07-18 10:15:21,15450.0,200,Buy,224180092
2024-07-18 10:15:23,15450.0,100,Buy,224180172
2024-07-18 10:15:23,15450.0,1200,Buy,224180170
2024-07-18 10:15:25,15450.0,2500,Buy,224180213
2024-07-18 10:15:26,15450.0,100,Buy,224180245
2024-07-18 10:15:27,15450.0,2000,Buy,224180260
2024-07-18 10:15:30,15450.0,100,Buy,224180332
2024-07-18 10:15:31,15450.0,200,Buy,224180358
2024-07-18 10:15:32,15450.0,500,Buy,224180384
2024-07-18 10:15:45,15450.0,1000,Buy,224180748
2024-07-18 10:15:47,15450.0,200,Buy,224180811
2024-07-18 10:15:49,15450.0,10000,Buy,224180848
2024-07-18 10:15:59,15450.0,10000,Buy,224181085
2024-07-18 10:16:00,15450.0,100,Buy,224181137
2024-07-18 10:16:03,15450.0,100,Buy,224181190
2024-07-18 10:16:08,15450.0,5000,Buy,224181306
2024-07-18 10:16:09,15450.0,100,Buy,224181342
2024-07-18 10:16:10,15450.0,200,Buy,224181351
2024-07-18 10:16:13,15450.0,500,Buy,224181491
2024-07-18 10:16:13,15450.0,400,Buy,224181481
2024-07-18 10:16:13,15450.0,500,Buy,224181480
2024-07-18 10:16:13,15450.0,2000,Buy,224181479
2024-07-18 10:16:13,15450.0,100,Buy,224181477
2024-07-18 10:16:13,15450.0,700,Buy,224181475
2024-07-18 10:16:13,15450.0,200,Buy,224181474
2024-07-18 10:16:13,15450.0,900,Buy,224181473
2024-07-18 10:16:13,15450.0,100,Buy,224181478
2024-07-18 10:16:13,15450.0,100,Buy,224181476
2024-07-18 10:16:15,15450.0,400,Buy,224181557
2024-07-18 10:16:15,15450.0,3000,Buy,224181558
2024-07-18 10:16:15,15450.0,200,Buy,224181559
2024-07-18 10:16:22,15500.0,200,Buy,224181729
2024-07-18 10:16:25,15450.0,100,Sell,224181782
2024-07-18 10:16:32,15450.0,200,Sell,224181964
2024-07-18 10:16:32,15450.0,1900,Buy,224181969
2024-07-18 10:16:32,15450.0,400,Sell,224181965
2024-07-18 10:16:32,15450.0,4000,Sell,224181963
2024-07-18 10:16:32,15450.0,100,Sell,224181961
2024-07-18 10:16:32,15450.0,100,Sell,224181962
2024-07-18 10:16:32,15450.0,1300,Sell,224181960
2024-07-18 10:16:33,15500.0,1000,Buy,224181972
2024-07-18 10:16:44,15450.0,500,Sell,224182288
2024-07-18 10:17:10,15450.0,300,Sell,224182921
2024-07-18 10:17:10,15450.0,100,Sell,224182922
2024-07-18 10:17:25,15500.0,100,Buy,224183268
2024-07-18 10:17:28,15450.0,500,Sell,224183326
2024-07-18 10:17:34,15450.0,4500,Sell,224183436
2024-07-18 10:17:34,15450.0,500,Sell,224183437
2024-07-18 10:17:47,15500.0,3300,Buy,224183734
2024-07-18 10:17:54,15450.0,100,Sell,224183888
2024-07-18 10:18:08,15450.0,2000,Sell,224184217
2024-07-18 10:18:32,15450.0,1000,Sell,224184705
2024-07-18 10:18:46,15450.0,300,Sell,224185031
2024-07-18 10:18:53,15450.0,100,Sell,224185148
2024-07-18 10:18:53,15450.0,100,Sell,224185149
2024-07-18 10:18:53,15450.0,1200,Sell,224185150
2024-07-18 10:18:53,15450.0,4100,Sell,224185147
2024-07-18 10:18:55,15450.0,500,Sell,224185190
2024-07-18 10:19:19,15450.0,300,Sell,224185755
2024-07-18 10:19:19,15450.0,700,Sell,224185756
2024-07-18 10:19:27,15450.0,1000,Sell,224185963
2024-07-18 10:19:42,15450.0,100,Sell,224186377
2024-07-18 10:19:59,15450.0,300,Sell,224186720
2024-07-18 10:20:04,15450.0,2500,Sell,224186809
2024-07-18 10:20:35,15500.0,100,Buy,224187484
2024-07-18 10:20:35,15500.0,100,Buy,224187485
2024-07-18 10:20:35,15500.0,1700,Buy,224187486
2024-07-18 10:20:38,15450.0,3000,Sell,224187569
2024-07-18 10:21:12,15450.0,200,Sell,224188385
2024-07-18 10:21:24,15450.0,300,Sell,224188682
2024-07-18 10:21:29,15500.0,500,Buy,224188785
2024-07-18 10:21:32,15450.0,3100,Sell,224188838
2024-07-18 10:21:32,15450.0,11900,Sell,224188835
2024-07-18 10:21:32,15450.0,4000,Sell,224188836
2024-07-18 10:21:32,15450.0,1000,Sell,224188837
2024-07-18 10:21:34,15450.0,100,Sell,224188894
2024-07-18 10:21:41,15450.0,1100,Sell,224189020
2024-07-18 10:21:43,15450.0,7900,Sell,224189062
2024-07-18 10:21:43,15450.0,5000,Sell,224189061
2024-07-18 10:21:43,15450.0,1000,Sell,224189059
2024-07-18 10:21:43,15450.0,3000,Sell,224189057
2024-07-18 10:21:43,15450.0,100,Sell,224189056
2024-07-18 10:21:43,15450.0,100,Sell,224189060
2024-07-18 10:21:43,15450.0,100,Sell,224189054
2024-07-18 10:21:43,15450.0,1000,Sell,224189055
2024-07-18 10:21:43,15450.0,5700,Sell,224189050
2024-07-18 10:21:43,15450.0,10000,Sell,224189051
2024-07-18 10:21:43,15450.0,6000,Sell,224189058
2024-07-18 10:21:43,15450.0,100,Sell,224189053
2024-07-18 10:21:43,15450.0,10000,Sell,224189052
2024-07-18 10:21:50,15500.0,10000,Buy,224189226
2024-07-18 10:21:50,15450.0,1100,Sell,224189228
2024-07-18 10:22:04,15450.0,100,Sell,224189482
2024-07-18 10:22:16,15500.0,500,Buy,224189740
2024-07-18 10:22:29,15500.0,1000,Buy,224189998
2024-07-18 10:22:33,15500.0,1000,Buy,224190055
2024-07-18 10:22:43,15500.0,900,Buy,224190283
2024-07-18 10:22:50,15500.0,2000,Buy,224190397
2024-07-18 10:22:51,15500.0,1000,Buy,224190421
2024-07-18 10:22:52,15500.0,200,Buy,224190440
2024-07-18 10:23:02,15500.0,100,Buy,224190652
2024-07-18 10:23:04,15500.0,100,Buy,224190689
2024-07-18 10:23:12,15500.0,100,Buy,224190835
2024-07-18 10:23:13,15500.0,200,Buy,224190871
2024-07-18 10:23:13,15450.0,200,Sell,224190868
2024-07-18 10:23:20,15500.0,10000,Buy,224190995
2024-07-18 10:23:41,15500.0,100,Buy,224191376
2024-07-18 10:23:42,15500.0,300,Buy,224191411
2024-07-18 10:23:46,15500.0,300,Buy,224191468
2024-07-18 10:23:46,15500.0,7000,Buy,224191469
2024-07-18 10:23:46,15500.0,100,Buy,224191470
2024-07-18 10:23:53,15500.0,900,Buy,224191590
2024-07-18 10:23:53,15500.0,4100,Buy,224191591
2024-07-18 10:23:54,15450.0,700,Sell,224191600
2024-07-18 10:23:54,15450.0,100,Sell,224191601
2024-07-18 10:23:54,15450.0,300,Sell,224191602
2024-07-18 10:23:56,15500.0,100,Buy,224191640
2024-07-18 10:24:23,15500.0,100,Buy,224192199
2024-07-18 10:24:27,15500.0,100,Buy,224192283
2024-07-18 10:24:43,15500.0,400,Buy,224192733
2024-07-18 10:24:44,15500.0,300,Buy,224192752
2024-07-18 10:24:50,15500.0,100,Buy,224192837
2024-07-18 10:24:53,15500.0,500,Buy,224192905
2024-07-18 10:24:58,15500.0,100,Buy,224192988
2024-07-18 10:24:58,15500.0,100,Buy,224192989
2024-07-18 10:25:04,15500.0,2100,Buy,224193088
2024-07-18 10:25:04,15500.0,2900,Buy,224193089
2024-07-18 10:25:04,15450.0,100,Sell,224193100
2024-07-18 10:25:12,15450.0,600,Sell,224193284
2024-07-18 10:25:12,15450.0,400,Sell,224193285
2024-07-18 10:25:13,15500.0,100,Buy,224193292
2024-07-18 10:25:19,15500.0,200,Buy,224193429
2024-07-18 10:25:26,15500.0,200,Buy,224193518
2024-07-18 10:25:26,15500.0,1800,Buy,224193517
2024-07-18 10:25:41,15500.0,100,Buy,224193804
2024-07-18 10:26:06,15500.0,1000,Buy,224194282
2024-07-18 10:26:06,15500.0,200,Buy,224194268
2024-07-18 10:26:16,15500.0,200,Buy,224194455
2024-07-18 10:26:27,15500.0,500,Buy,224194603
2024-07-18 10:26:32,15500.0,500,Buy,224194702
2024-07-18 10:26:37,15500.0,200,Buy,224194794
2024-07-18 10:26:41,15450.0,600,Sell,224194837
2024-07-18 10:26:41,15450.0,200,Sell,224194838
2024-07-18 10:26:41,15450.0,100,Sell,224194839
2024-07-18 10:26:41,15450.0,500,Sell,224194840
2024-07-18 10:26:41,15450.0,100,Sell,224194841
2024-07-18 10:26:41,15450.0,500,Sell,224194842
2024-07-18 10:26:41,15450.0,100,Sell,224194843
2024-07-18 10:26:41,15450.0,500,Sell,224194844
2024-07-18 10:26:41,15450.0,3400,Sell,224194845
2024-07-18 10:26:49,15500.0,4000,Buy,224195050
2024-07-18 10:26:50,15500.0,3000,Buy,224195063
2024-07-18 10:27:02,15500.0,100,Buy,224195213
2024-07-18 10:27:02,15500.0,200,Buy,224195214
2024-07-18 10:27:03,15500.0,300,Buy,224195256
2024-07-18 10:27:05,15450.0,1000,Sell,224195303
2024-07-18 10:27:15,15500.0,100,Buy,224195434
2024-07-18 10:27:15,15500.0,3000,Buy,224195442
2024-07-18 10:27:15,15500.0,33800,Buy,224195441
2024-07-18 10:27:15,15500.0,5000,Buy,224195440
2024-07-18 10:27:15,15500.0,3000,Buy,224195438
2024-07-18 10:27:15,15500.0,900,Buy,224195437
2024-07-18 10:27:15,15500.0,100,Buy,224195436
2024-07-18 10:27:15,15500.0,500,Buy,224195435
2024-07-18 10:27:15,15500.0,10000,Buy,224195433
2024-07-18 10:27:15,15500.0,4000,Buy,224195439
2024-07-18 10:27:15,15500.0,100,Buy,224195431
2024-07-18 10:27:15,15500.0,2000,Buy,224195430
2024-07-18 10:27:15,15500.0,1000,Buy,224195429
2024-07-18 10:27:15,15500.0,5000,Buy,224195428
2024-07-18 10:27:15,15500.0,2500,Buy,224195427
2024-07-18 10:27:15,15500.0,100,Buy,224195426
2024-07-18 10:27:15,15500.0,100,Buy,224195425
2024-07-18 10:27:15,15500.0,50000,Buy,224195424
2024-07-18 10:27:15,15500.0,500,Buy,224195432
2024-07-18 10:27:15,15500.0,1500,Buy,224195423
2024-07-18 10:27:16,15500.0,1000,Buy,224195490
2024-07-18 10:27:16,15500.0,4000,Buy,224195489
2024-07-18 10:27:16,15500.0,50000,Buy,224195488
2024-07-18 10:27:16,15500.0,1500,Buy,224195487
2024-07-18 10:27:16,15500.0,1000,Buy,224195486
2024-07-18 10:27:16,15500.0,500,Buy,224195482
2024-07-18 10:27:16,15500.0,800,Buy,224195484
2024-07-18 10:27:16,15500.0,2500,Buy,224195483
2024-07-18 10:27:16,15500.0,200,Buy,224195491
2024-07-18 10:27:16,15500.0,200,Buy,224195481
2024-07-18 10:27:16,15500.0,5000,Buy,224195480
2024-07-18 10:27:16,15500.0,100,Buy,224195479
2024-07-18 10:27:16,15500.0,2000,Buy,224195485
2024-07-18 10:27:16,15500.0,3000,Buy,224195492
2024-07-18 10:27:16,15500.0,2500,Buy,224195497
2024-07-18 10:27:16,15500.0,100,Buy,224195494
2024-07-18 10:27:16,15500.0,500,Buy,224195478
2024-07-18 10:27:16,15500.0,400,Buy,224195508
2024-07-18 10:27:16,15500.0,3000,Buy,224195507
2024-07-18 10:27:16,15500.0,100,Buy,224195506
2024-07-18 10:27:16,15500.0,100,Buy,224195505
2024-07-18 10:27:16,15500.0,6000,Buy,224195504
2024-07-18 10:27:16,15500.0,700,Buy,224195493
2024-07-18 10:27:16,15500.0,300,Buy,224195503
2024-07-18 10:27:16,15500.0,4000,Buy,224195501
2024-07-18 10:27:16,15500.0,100,Buy,224195500
2024-07-18 10:27:16,15500.0,2000,Buy,224195499
2024-07-18 10:27:16,15500.0,500,Buy,224195498
2024-07-18 10:27:16,15500.0,400,Buy,224195496
2024-07-18 10:27:16,15500.0,10000,Buy,224195495
2024-07-18 10:27:16,15500.0,500,Buy,224195502
2024-07-18 10:27:16,15500.0,500,Buy,224195477
2024-07-18 10:27:16,15500.0,1600,Buy,224195467
2024-07-18 10:27:16,15500.0,1400,Buy,224195475
2024-07-18 10:27:16,15500.0,500,Buy,224195443
2024-07-18 10:27:16,15500.0,2000,Buy,224195444
2024-07-18 10:27:16,15500.0,100,Buy,224195445
2024-07-18 10:27:16,15500.0,2000,Buy,224195476
2024-07-18 10:27:16,15500.0,500,Buy,224195447
2024-07-18 10:27:16,15500.0,1500,Buy,224195448
2024-07-18 10:27:16,15500.0,2000,Buy,224195449
2024-07-18 10:27:16,15500.0,100,Buy,224195450
2024-07-18 10:27:16,15500.0,100,Buy,224195451
2024-07-18 10:27:16,15500.0,2000,Buy,224195452
2024-07-18 10:27:16,15500.0,500,Buy,224195453
2024-07-18 10:27:16,15500.0,4300,Buy,224195454
2024-07-18 10:27:16,15500.0,2000,Buy,224195455
2024-07-18 10:27:16,15500.0,200,Buy,224195456
2024-07-18 10:27:16,15500.0,1000,Buy,224195457
2024-07-18 10:27:16,15500.0,100,Buy,224195446
2024-07-18 10:27:16,15500.0,200,Buy,224195459
2024-07-18 10:27:16,15500.0,200,Buy,224195458
2024-07-18 10:27:16,15500.0,2900,Buy,224195474
2024-07-18 10:27:16,15500.0,10000,Buy,224195473
2024-07-18 10:27:16,15500.0,10000,Buy,224195472
2024-07-18 10:27:16,15500.0,2000,Buy,224195471
2024-07-18 10:27:16,15500.0,2000,Buy,224195469
2024-07-18 10:27:16,15500.0,10000,Buy,224195468
2024-07-18 10:27:16,15500.0,5000,Buy,224195466
2024-07-18 10:27:16,15500.0,500,Buy,224195465
2024-07-18 10:27:16,15500.0,1100,Buy,224195464
2024-07-18 10:27:16,15500.0,100,Buy,224195463
2024-07-18 10:27:16,15500.0,200,Buy,224195462
2024-07-18 10:27:16,15500.0,100,Buy,224195461
2024-07-18 10:27:16,15500.0,200,Buy,224195460
2024-07-18 10:27:44,15500.0,5700,Sell,224195964
2024-07-18 10:27:49,15500.0,100,Sell,224196075
2024-07-18 10:27:52,15550.0,500,Buy,224196129
2024-07-18 10:27:54,15500.0,100,Sell,224196177
2024-07-18 10:27:54,15500.0,1000,Sell,224196171
2024-07-18 10:27:54,15500.0,1100,Sell,224196170
2024-07-18 10:27:54,15500.0,1900,Sell,224196172
2024-07-18 10:28:00,15500.0,1000,Sell,224196263
2024-07-18 10:28:00,15500.0,600,Sell,224196262
2024-07-18 10:28:00,15500.0,2800,Sell,224196261
2024-07-18 10:28:00,15500.0,2000,Sell,224196264
2024-07-18 10:28:00,15500.0,600,Sell,224196258
2024-07-18 10:28:00,15500.0,1000,Sell,224196257
2024-07-18 10:28:00,15500.0,1000,Sell,224196260
2024-07-18 10:28:00,15500.0,500,Sell,224196259
2024-07-18 10:28:03,15500.0,300,Buy,224196312
2024-07-18 10:28:05,15500.0,500,Buy,224196340
2024-07-18 10:28:09,15500.0,12200,Buy,224196434
2024-07-18 10:28:09,15500.0,100,Buy,224196435
2024-07-18 10:28:09,15500.0,4000,Buy,224196436
2024-07-18 10:28:19,15500.0,3100,Sell,224196634
2024-07-18 10:28:25,15500.0,1000,Sell,224196725
2024-07-18 10:28:38,15550.0,300,Buy,224196969
2024-07-18 10:28:42,15500.0,25800,Sell,224197031
2024-07-18 10:28:46,15500.0,2500,Sell,224197076
2024-07-18 10:28:58,15500.0,200,Sell,224197307
2024-07-18 10:29:14,15500.0,100,Sell,224197589
2024-07-18 10:29:18,15500.0,3100,Sell,224197673
2024-07-18 10:29:18,15500.0,1000,Sell,224197671
2024-07-18 10:29:18,15500.0,900,Sell,224197672
2024-07-18 10:29:22,15550.0,100,Buy,224197748
2024-07-18 10:29:28,15500.0,300,Sell,224197884
2024-07-18 10:29:29,15550.0,100,Buy,224197951
2024-07-18 10:29:42,15500.0,1000,Sell,224198185
2024-07-18 10:29:45,15550.0,100,Buy,224198252
2024-07-18 10:30:01,15550.0,6500,Buy,224198625
2024-07-18 10:30:08,15500.0,400,Sell,224198723
2024-07-18 10:30:24,15550.0,500,Buy,224198991
2024-07-18 10:30:28,15550.0,500,Buy,224199036
2024-07-18 10:30:39,15500.0,1000,Sell,224199347
2024-07-18 10:30:39,15500.0,1500,Sell,224199348
2024-07-18 10:30:39,15500.0,100,Sell,224199349
2024-07-18 10:30:39,15500.0,100,Sell,224199350
2024-07-18 10:30:39,15500.0,500,Sell,224199356
2024-07-18 10:30:39,15500.0,500,Sell,224199353
2024-07-18 10:30:39,15500.0,100,Sell,224199355
2024-07-18 10:30:39,15500.0,1000,Sell,224199346
2024-07-18 10:30:39,15500.0,800,Sell,224199351
2024-07-18 10:30:39,15500.0,2000,Sell,224199345
2024-07-18 10:30:39,15500.0,1400,Sell,224199354
2024-07-18 10:30:39,15500.0,400,Sell,224199341
2024-07-18 10:30:39,15500.0,200,Sell,224199344
2024-07-18 10:30:39,15500.0,1200,Sell,224199331
2024-07-18 10:30:39,15500.0,100,Sell,224199332
2024-07-18 10:30:39,15500.0,2000,Sell,224199333
2024-07-18 10:30:39,15500.0,5000,Sell,224199334
2024-07-18 10:30:39,15500.0,500,Sell,224199352
2024-07-18 10:30:39,15500.0,1000,Sell,224199336
2024-07-18 10:30:39,15500.0,300,Sell,224199337
2024-07-18 10:30:39,15500.0,500,Sell,224199338
2024-07-18 10:30:39,15500.0,2200,Sell,224199339
2024-07-18 10:30:39,15500.0,1000,Sell,224199335
2024-07-18 10:30:39,15500.0,1600,Sell,224199340
2024-07-18 10:30:55,15500.0,1000,Sell,224199768
2024-07-18 10:31:08,15500.0,400,Sell,224199998
2024-07-18 10:31:08,15500.0,500,Sell,224199996
2024-07-18 10:31:08,15500.0,100,Sell,224199997
2024-07-18 10:31:09,15500.0,1000,Sell,224200001
2024-07-18 10:31:12,15500.0,600,Sell,224200029
2024-07-18 10:31:12,15500.0,400,Sell,224200030
2024-07-18 10:31:24,15500.0,9600,Sell,224200210
2024-07-18 10:31:24,15500.0,2900,Sell,224200211
2024-07-18 10:31:30,15500.0,800,Buy,224200408
2024-07-18 10:31:30,15500.0,100,Buy,224200404
2024-07-18 10:31:30,15500.0,200,Sell,224200401
2024-07-18 10:31:30,15500.0,100,Sell,224200399
2024-07-18 10:31:30,15500.0,700,Sell,224200398
2024-07-18 10:31:30,15500.0,7100,Sell,224200397
2024-07-18 10:31:30,15500.0,1000,Sell,224200400
2024-07-18 10:31:36,15500.0,200,Sell,224200518
2024-07-18 10:31:36,15500.0,500,Sell,224200519
2024-07-18 10:31:36,15500.0,1000,Sell,224200520
2024-07-18 10:31:42,15500.0,2000,Buy,224200596
2024-07-18 10:31:51,15500.0,1000,Buy,224200763
2024-07-18 10:32:14,15500.0,500,Buy,224201120
2024-07-18 10:32:20,15500.0,10000,Buy,224201264
2024-07-18 10:32:21,15500.0,1000,Buy,224201286
2024-07-18 10:32:23,15500.0,200,Buy,224201343
2024-07-18 10:32:27,15500.0,100,Buy,224201401
2024-07-18 10:32:40,15500.0,500,Buy,224201586
2024-07-18 10:32:42,15500.0,100,Buy,224201618
2024-07-18 10:32:45,15500.0,300,Buy,224201654
2024-07-18 10:32:49,15500.0,1000,Buy,224201730
2024-07-18 10:32:53,15500.0,300,Buy,224201790
2024-07-18 10:33:03,15500.0,500,Buy,224201991
2024-07-18 10:33:06,15500.0,100,Buy,224202042
2024-07-18 10:33:08,15500.0,2000,Buy,224202054
2024-07-18 10:33:12,15500.0,300,Buy,224202124
2024-07-18 10:33:19,15500.0,500,Buy,224202231
2024-07-18 10:33:19,15500.0,100,Buy,224202232
2024-07-18 10:33:20,15500.0,500,Buy,224202241
2024-07-18 10:33:22,15500.0,2000,Buy,224202266
2024-07-18 10:33:31,15500.0,1500,Buy,224202423
2024-07-18 10:33:42,15500.0,200,Buy,224202684
2024-07-18 10:33:50,15500.0,100,Buy,224202813
2024-07-18 10:33:53,15500.0,20000,Buy,224202892
2024-07-18 10:34:01,15500.0,200,Buy,224203043
2024-07-18 10:34:07,15500.0,100,Buy,224203205
2024-07-18 10:34:10,15500.0,100,Buy,224203250
2024-07-18 10:34:17,15500.0,2800,Buy,224203375
2024-07-18 10:34:17,15500.0,900,Buy,224203374
2024-07-18 10:34:17,15500.0,2800,Buy,224203373
2024-07-18 10:34:19,15450.0,500,Sell,224203422
2024-07-18 10:34:25,15500.0,200,Buy,224203494
2024-07-18 10:34:29,15450.0,500,Sell,224203552
2024-07-18 10:34:32,15500.0,100,Buy,224203621
2024-07-18 10:34:44,15500.0,100,Buy,224203984
2024-07-18 10:35:01,15500.0,100,Buy,224204349
2024-07-18 10:35:10,15500.0,200,Buy,224204487
2024-07-18 10:35:15,15450.0,4600,Sell,224204555
2024-07-18 10:35:15,15450.0,400,Sell,224204556
2024-07-18 10:35:18,15500.0,100,Buy,224204617
2024-07-18 10:35:56,15500.0,1000,Buy,224205273
2024-07-18 10:36:06,15500.0,100,Buy,224205411
2024-07-18 10:36:56,15500.0,300,Buy,224206338
2024-07-18 10:37:07,15500.0,400,Buy,224206601
2024-07-18 10:37:14,15500.0,100,Buy,224206687
2024-07-18 10:37:15,15450.0,1000,Sell,224206696
2024-07-18 10:37:28,15500.0,500,Buy,224207099
2024-07-18 10:37:50,15500.0,4000,Buy,224207441
2024-07-18 10:38:00,15500.0,200,Buy,224207590
2024-07-18 10:38:13,15500.0,200,Buy,224207787
2024-07-18 10:38:13,15500.0,300,Buy,224207788
2024-07-18 10:38:24,15500.0,300,Buy,224207928
2024-07-18 10:38:26,15500.0,1300,Buy,224207964
2024-07-18 10:38:27,15500.0,300,Buy,224207975
2024-07-18 10:38:32,15450.0,600,Sell,224208049
2024-07-18 10:38:32,15450.0,4400,Sell,224208050
2024-07-18 10:38:45,15500.0,100,Buy,224208212
2024-07-18 10:38:45,15450.0,7500,Sell,224208208
2024-07-18 10:38:45,15450.0,200,Sell,224208207
2024-07-18 10:38:45,15450.0,100,Sell,224208205
2024-07-18 10:38:45,15450.0,300,Sell,224208204
2024-07-18 10:38:45,15450.0,600,Sell,224208203
2024-07-18 10:38:45,15450.0,100,Sell,224208206
2024-07-18 10:38:47,15450.0,1400,Sell,224208247
2024-07-18 10:39:43,15500.0,100,Buy,224209282
2024-07-18 10:39:52,15500.0,100,Buy,224209420
2024-07-18 10:39:54,15500.0,100,Buy,224209456
2024-07-18 10:40:06,15500.0,100,Buy,224209607
2024-07-18 10:40:24,15500.0,15000,Buy,224209904
2024-07-18 10:40:27,15450.0,100,Sell,224209965
2024-07-18 10:40:44,15500.0,2000,Buy,224210269
2024-07-18 10:40:45,15500.0,3100,Buy,224210274
2024-07-18 10:41:20,15500.0,400,Buy,224210739
2024-07-18 10:41:27,15500.0,100,Buy,224210860
2024-07-18 10:41:47,15500.0,2000,Buy,224211078
2024-07-18 10:41:57,15500.0,100,Buy,224211264
2024-07-18 10:41:57,15500.0,4300,Buy,224211263
2024-07-18 10:41:57,15500.0,1200,Buy,224211265
2024-07-18 10:42:02,15500.0,500,Buy,224211325
2024-07-18 10:43:14,15500.0,100,Buy,224212284
2024-07-18 10:43:26,15500.0,100,Buy,224212437
2024-07-18 10:43:41,15500.0,800,Buy,224212619
2024-07-18 10:43:45,15450.0,1000,Sell,224212666
2024-07-18 10:43:45,15450.0,500,Sell,224212667
2024-07-18 10:43:45,15450.0,1500,Sell,224212668
2024-07-18 10:43:45,15450.0,1000,Sell,224212669
2024-07-18 10:43:45,15450.0,1000,Sell,224212670
2024-07-18 10:43:51,15500.0,100,Buy,224212753
2024-07-18 10:43:52,15500.0,100,Buy,224212771
2024-07-18 10:43:54,15500.0,500,Buy,224212794
2024-07-18 10:43:54,15500.0,1600,Buy,224212796
2024-07-18 10:43:54,15500.0,6900,Buy,224212792
2024-07-18 10:43:54,15500.0,900,Buy,224212793
2024-07-18 10:43:54,15500.0,100,Buy,224212795
2024-07-18 10:44:01,15500.0,1400,Buy,224212868
2024-07-18 10:44:01,15500.0,5000,Buy,224212869
2024-07-18 10:44:01,15500.0,800,Buy,224212870
2024-07-18 10:44:01,15500.0,2800,Buy,224212871
2024-07-18 10:44:01,15450.0,100,Sell,224212876
2024-07-18 10:44:08,15500.0,5000,Buy,224212974
2024-07-18 10:44:12,15450.0,900,Sell,224213026
2024-07-18 10:44:12,15450.0,500,Sell,224213027
2024-07-18 10:44:12,15450.0,600,Sell,224213028
2024-07-18 10:44:19,15500.0,2200,Buy,224213081
2024-07-18 10:44:19,15500.0,7800,Buy,224213082
2024-07-18 10:44:25,15500.0,2000,Buy,224213159
2024-07-18 10:44:30,15500.0,500,Buy,224213223
2024-07-18 10:44:30,15500.0,200,Buy,224213221
2024-07-18 10:44:30,15500.0,300,Buy,224213222
2024-07-18 10:44:49,15500.0,600,Buy,224213489
2024-07-18 10:45:04,15500.0,100,Buy,224213664
2024-07-18 10:45:16,15500.0,100,Buy,224213801
2024-07-18 10:45:26,15500.0,1000,Buy,224213923
2024-07-18 10:45:38,15500.0,100,Buy,224214053
2024-07-18 10:45:48,15500.0,2000,Buy,224214195
2024-07-18 10:45:50,15500.0,41600,Buy,224214215
2024-07-18 10:45:50,15500.0,700,Buy,224214214
2024-07-18 10:45:50,15500.0,2000,Buy,224214213
2024-07-18 10:45:50,15500.0,1000,Buy,224214211
2024-07-18 10:45:50,15500.0,4300,Buy,224214210
2024-07-18 10:45:50,15500.0,2500,Buy,224214209
2024-07-18 10:45:50,15500.0,40300,Buy,224214208
2024-07-18 10:45:50,15500.0,2600,Buy,224214212
2024-07-18 10:45:56,15500.0,100,Buy,224214314
2024-07-18 10:45:59,15500.0,3000,Buy,224214345
2024-07-18 10:45:59,15500.0,800,Buy,224214347
2024-07-18 10:45:59,15500.0,200,Buy,224214346
2024-07-18 10:45:59,15500.0,100,Buy,224214344
2024-07-18 10:45:59,15500.0,8300,Buy,224214338
2024-07-18 10:45:59,15500.0,400,Buy,224214342
2024-07-18 10:45:59,15500.0,1200,Buy,224214341
2024-07-18 10:45:59,15500.0,300,Buy,224214340
2024-07-18 10:45:59,15500.0,200,Buy,224214339
2024-07-18 10:45:59,15500.0,500,Buy,224214343
2024-07-18 10:46:10,15500.0,200,Buy,224214454
2024-07-18 10:46:10,15500.0,1800,Buy,224214455
2024-07-18 10:46:12,15500.0,100,Buy,224214475
2024-07-18 10:46:14,15500.0,2500,Buy,224214506
2024-07-18 10:46:18,15500.0,100,Buy,224214555
2024-07-18 10:46:21,15500.0,100,Buy,224214594
2024-07-18 10:46:24,15500.0,2000,Buy,224214632
2024-07-18 10:46:25,15500.0,1000,Buy,224214635
2024-07-18 10:46:32,15500.0,100,Buy,224214725
2024-07-18 10:46:43,15500.0,100,Buy,224214858
2024-07-18 10:46:45,15500.0,100,Buy,224214869
2024-07-18 10:46:52,15500.0,200,Buy,224214968
2024-07-18 10:47:00,15500.0,100,Buy,224215071
2024-07-18 10:47:04,15500.0,100,Buy,224215129
2024-07-18 10:47:20,15500.0,100,Buy,224215313
2024-07-18 10:47:35,15500.0,400,Buy,224215552
2024-07-18 10:47:38,15500.0,100,Buy,224215570
2024-07-18 10:47:45,15500.0,5400,Buy,224215686
2024-07-18 10:47:58,15500.0,1000,Buy,224215868
2024-07-18 10:47:59,15500.0,100,Buy,224215879
2024-07-18 10:48:05,15500.0,100,Buy,224215997
2024-07-18 10:48:21,15500.0,1000,Buy,224216234
2024-07-18 10:48:33,15500.0,1000,Buy,224216440
2024-07-18 10:48:35,15500.0,2000,Buy,224216463
2024-07-18 10:48:45,15500.0,100,Buy,224216572
2024-07-18 10:48:49,15500.0,2000,Buy,224216626
2024-07-18 10:48:51,15500.0,100,Buy,224216676
2024-07-18 10:48:54,15500.0,1000,Buy,224216741
2024-07-18 10:49:00,15500.0,1800,Buy,224216851
2024-07-18 10:49:04,15500.0,5000,Buy,224216888
2024-07-18 10:49:05,15500.0,200,Buy,224216938
2024-07-18 10:49:28,15500.0,100,Buy,224217316
2024-07-18 10:49:29,15500.0,100,Buy,224217323
2024-07-18 10:49:32,15500.0,2000,Buy,224217358
2024-07-18 10:49:33,15500.0,2000,Buy,224217366
2024-07-18 10:49:34,15500.0,5000,Buy,224217392
2024-07-18 10:49:34,15500.0,500,Buy,224217393
2024-07-18 10:49:34,15500.0,500,Buy,224217394
2024-07-18 10:49:34,15500.0,1200,Buy,224217395
2024-07-18 10:49:34,15500.0,4200,Buy,224217398
2024-07-18 10:49:34,15500.0,200,Buy,224217396
2024-07-18 10:49:34,15500.0,600,Buy,224217397
2024-07-18 10:49:34,15500.0,2000,Buy,224217399
2024-07-18 10:49:34,15500.0,36000,Buy,224217400
2024-07-18 10:49:34,15500.0,500,Buy,224217391
2024-07-18 10:49:34,15500.0,2000,Buy,224217390
2024-07-18 10:49:34,15500.0,200,Buy,224217382
2024-07-18 10:49:34,15500.0,400,Buy,224217388
2024-07-18 10:49:34,15500.0,5000,Buy,224217387
2024-07-18 10:49:34,15500.0,10000,Buy,224217386
2024-07-18 10:49:34,15500.0,900,Buy,224217385
2024-07-18 10:49:34,15500.0,10000,Buy,224217384
2024-07-18 10:49:34,15500.0,1000,Buy,224217383
2024-07-18 10:49:34,15500.0,4000,Buy,224217381
2024-07-18 10:49:34,15500.0,100,Buy,224217380
2024-07-18 10:49:34,15500.0,1600,Buy,224217379
2024-07-18 10:49:34,15500.0,1300,Buy,224217378
2024-07-18 10:49:34,15500.0,16100,Buy,224217377
2024-07-18 10:49:34,15500.0,200,Buy,224217389
2024-07-18 10:49:37,15500.0,100,Buy,224217450
2024-07-18 10:49:43,15500.0,1000,Buy,224217525
2024-07-18 10:49:57,15500.0,100,Buy,224217749
2024-07-18 10:50:03,15500.0,1000,Buy,224217837
2024-07-18 10:50:14,15500.0,800,Buy,224217964
2024-07-18 10:50:25,15500.0,11000,Buy,224218127
2024-07-18 10:50:25,15500.0,200,Buy,224218128
2024-07-18 10:50:25,15500.0,100,Buy,224218129
2024-07-18 10:50:25,15500.0,3700,Buy,224218130
2024-07-18 10:50:43,15500.0,1000,Buy,224218330
2024-07-18 10:50:50,15450.0,1000,Sell,224218427
2024-07-18 10:50:50,15450.0,100,Sell,224218428
2024-07-18 10:50:50,15450.0,1000,Sell,224218426
2024-07-18 10:50:50,15450.0,800,Sell,224218429
2024-07-18 10:50:50,15450.0,100,Sell,224218424
2024-07-18 10:50:50,15450.0,300,Sell,224218423
2024-07-18 10:50:50,15450.0,300,Sell,224218425
2024-07-18 10:50:50,15450.0,400,Sell,224218420
2024-07-18 10:50:51,15500.0,500,Buy,224218450
2024-07-18 10:50:53,15500.0,500,Buy,224218479
2024-07-18 10:50:59,15500.0,100,Buy,224218533
