time,price,volume,match_type,id
2024-07-29 09:14:39,15850.0,79100,ATO/ATC,226839482
2024-07-29 09:15:35,15850.0,100,Sell,226841251
2024-07-29 09:15:36,15850.0,800,Sell,226841281
2024-07-29 09:15:37,15900.0,4900,Buy,226841295
2024-07-29 09:15:37,15850.0,200,Sell,226841321
2024-07-29 09:15:51,15850.0,1000,Sell,226841767
2024-07-29 09:16:09,15850.0,1000,Sell,226842271
2024-07-29 09:16:13,15850.0,800,Sell,226842376
2024-07-29 09:16:23,15900.0,4000,Buy,226842734
2024-07-29 09:16:37,15900.0,100,Buy,226843205
2024-07-29 09:16:38,15850.0,800,Sell,226843234
2024-07-29 09:16:40,15850.0,300,Sell,226843330
2024-07-29 09:17:19,15850.0,1000,Sell,226844505
2024-07-29 09:17:20,15850.0,100,Sell,226844541
2024-07-29 09:17:34,15850.0,300,Sell,226845142
2024-07-29 09:17:56,15850.0,9700,Sell,226845898
2024-07-29 09:17:59,15850.0,5000,Sell,226845991
2024-07-29 09:18:07,15850.0,1000,Sell,226846249
2024-07-29 09:18:12,15850.0,700,Sell,226846472
2024-07-29 09:18:21,15850.0,100,Sell,226846824
2024-07-29 09:18:41,15850.0,300,Sell,226847444
2024-07-29 09:18:41,15850.0,200,Sell,226847435
2024-07-29 09:19:07,15850.0,200,Sell,226848424
2024-07-29 09:19:19,15850.0,10000,Sell,226848752
2024-07-29 09:19:26,15850.0,5400,Sell,226848983
2024-07-29 09:19:28,15850.0,10000,Sell,226849039
2024-07-29 09:19:29,15850.0,200,Sell,226849072
2024-07-29 09:19:30,15850.0,200,Sell,226849124
2024-07-29 09:19:30,15850.0,200,Sell,226849125
2024-07-29 09:19:30,15850.0,200,Sell,226849126
2024-07-29 09:19:33,15850.0,1000,Sell,226849186
2024-07-29 09:19:36,15850.0,3000,Sell,226849259
2024-07-29 09:19:40,15850.0,1000,Sell,226849368
2024-07-29 09:19:47,15850.0,10000,Sell,226849601
2024-07-29 09:19:48,15850.0,500,Sell,226849614
2024-07-29 09:19:54,15850.0,100,Sell,226849843
2024-07-29 09:19:57,15850.0,500,Sell,226849927
2024-07-29 09:20:01,15850.0,1000,Sell,226850079
2024-07-29 09:20:03,15850.0,4000,Sell,226850116
2024-07-29 09:20:03,15850.0,200,Sell,226850123
2024-07-29 09:20:04,15850.0,500,Sell,226850147
2024-07-29 09:20:10,15850.0,500,Sell,226850295
2024-07-29 09:20:10,15850.0,400,Sell,226850296
2024-07-29 09:20:10,15850.0,1000,Sell,226850297
2024-07-29 09:20:10,15850.0,200,Sell,226850298
2024-07-29 09:20:10,15850.0,600,Sell,226850299
2024-07-29 09:20:10,15850.0,1000,Sell,226850300
2024-07-29 09:20:10,15850.0,4200,Sell,226850301
2024-07-29 09:20:10,15850.0,200,Sell,226850302
2024-07-29 09:20:10,15850.0,200,Sell,226850305
2024-07-29 09:20:10,15850.0,2000,Sell,226850304
2024-07-29 09:20:10,15850.0,100,Sell,226850306
2024-07-29 09:20:10,15850.0,300,Sell,226850307
2024-07-29 09:20:10,15850.0,500,Sell,226850308
2024-07-29 09:20:10,15850.0,1200,Sell,226850309
2024-07-29 09:20:10,15850.0,200,Sell,226850310
2024-07-29 09:20:10,15850.0,100,Sell,226850311
2024-07-29 09:20:10,15850.0,500,Sell,226850303
2024-07-29 09:20:10,15850.0,100,Sell,226850294
2024-07-29 09:20:10,15850.0,1000,Sell,226850292
2024-07-29 09:20:10,15850.0,200,Sell,226850291
2024-07-29 09:20:10,15850.0,28300,Sell,226850275
2024-07-29 09:20:10,15850.0,300,Sell,226850276
2024-07-29 09:20:10,15850.0,100,Sell,226850277
2024-07-29 09:20:10,15850.0,1000,Sell,226850278
2024-07-29 09:20:10,15850.0,1000,Sell,226850280
2024-07-29 09:20:10,15850.0,5000,Sell,226850281
2024-07-29 09:20:10,15850.0,400,Sell,226850282
2024-07-29 09:20:10,15850.0,500,Sell,226850279
2024-07-29 09:20:10,15850.0,1000,Sell,226850284
2024-07-29 09:20:10,15850.0,300,Sell,226850285
2024-07-29 09:20:10,15850.0,400,Sell,226850286
2024-07-29 09:20:10,15850.0,100,Sell,226850287
2024-07-29 09:20:10,15850.0,300,Sell,226850288
2024-07-29 09:20:10,15850.0,300,Sell,226850289
2024-07-29 09:20:10,15850.0,6000,Sell,226850290
2024-07-29 09:20:10,15850.0,7000,Sell,226850283
2024-07-29 09:20:10,15850.0,3300,Sell,226850293
2024-07-29 09:20:15,15850.0,300,Buy,226850438
2024-07-29 09:20:27,15850.0,100,Buy,226850836
2024-07-29 09:20:57,15850.0,500,Buy,226851720
2024-07-29 09:21:41,15800.0,100,Sell,226853273
2024-07-29 09:21:43,15800.0,100,Sell,226853344
2024-07-29 09:21:49,15800.0,100,Sell,226853560
2024-07-29 09:21:59,15800.0,100,Sell,226853852
2024-07-29 09:22:03,15800.0,200,Sell,226853972
2024-07-29 09:22:14,15800.0,3000,Sell,226854276
2024-07-29 09:22:14,15800.0,9100,Sell,226854277
2024-07-29 09:22:14,15850.0,5000,Buy,226854280
2024-07-29 09:22:14,15800.0,300,Sell,226854275
2024-07-29 09:22:38,15850.0,200,Buy,226854972
2024-07-29 09:22:39,15850.0,200,Buy,226854973
2024-07-29 09:22:40,15850.0,100,Buy,226855012
2024-07-29 09:22:49,15850.0,200,Buy,226855251
2024-07-29 09:22:53,15850.0,200,Buy,226855378
2024-07-29 09:23:14,15850.0,100,Buy,226855926
2024-07-29 09:23:20,15850.0,2000,Buy,226856093
2024-07-29 09:23:24,15850.0,200,Buy,226856172
2024-07-29 09:23:25,15800.0,100,Sell,226856200
2024-07-29 09:23:27,15800.0,200,Sell,226856235
2024-07-29 09:23:27,15800.0,800,Sell,226856234
2024-07-29 09:23:34,15850.0,1100,Buy,226856427
2024-07-29 09:23:34,15850.0,900,Buy,226856428
2024-07-29 09:23:57,15850.0,100,Buy,226857005
2024-07-29 09:23:57,15850.0,8900,Buy,226857006
2024-07-29 09:23:58,15800.0,28800,Sell,226857070
2024-07-29 09:23:58,15800.0,100,Sell,226857069
2024-07-29 09:23:58,15800.0,1000,Sell,226857068
2024-07-29 09:23:58,15800.0,100,Sell,226857067
2024-07-29 09:23:58,15800.0,500,Sell,226857065
2024-07-29 09:23:58,15800.0,200,Sell,226857064
2024-07-29 09:23:58,15800.0,500,Sell,226857063
2024-07-29 09:23:58,15800.0,1800,Sell,226857062
2024-07-29 09:23:58,15800.0,2000,Sell,226857066
2024-07-29 09:23:59,15850.0,2000,Buy,226857157
2024-07-29 09:24:01,15850.0,1000,Buy,226857258
2024-07-29 09:24:06,15850.0,5100,Buy,226857441
2024-07-29 09:24:07,15850.0,200,Buy,226857472
2024-07-29 09:24:28,15850.0,200,Buy,226858111
2024-07-29 09:24:35,15850.0,400,Buy,226858320
2024-07-29 09:24:49,15800.0,900,Sell,226858621
2024-07-29 09:24:56,15800.0,6500,Sell,226858827
2024-07-29 09:24:56,15800.0,100,Sell,226858820
2024-07-29 09:24:57,15850.0,1000,Buy,226858853
2024-07-29 09:25:07,15800.0,200,Sell,226859057
2024-07-29 09:25:10,15850.0,100,Buy,226859142
2024-07-29 09:25:30,15850.0,500,Buy,226859710
2024-07-29 09:25:36,15800.0,1500,Sell,226859871
2024-07-29 09:26:26,15800.0,200,Sell,226861044
2024-07-29 09:26:41,15800.0,100,Sell,226861339
2024-07-29 09:26:44,15800.0,100,Sell,226861390
2024-07-29 09:26:48,15800.0,1000,Sell,226861497
2024-07-29 09:27:00,15850.0,100,Buy,226861726
2024-07-29 09:27:00,15850.0,100,Buy,226861725
2024-07-29 09:27:00,15850.0,600,Buy,226861722
2024-07-29 09:27:00,15850.0,700,Buy,226861723
2024-07-29 09:27:00,15850.0,500,Buy,226861724
2024-07-29 09:27:02,15800.0,1500,Sell,226861794
2024-07-29 09:27:02,15800.0,4000,Sell,226861795
2024-07-29 09:27:02,15800.0,100,Sell,226861793
2024-07-29 09:27:02,15800.0,100,Sell,226861797
2024-07-29 09:27:02,15800.0,10000,Sell,226861798
2024-07-29 09:27:02,15800.0,20000,Sell,226861799
2024-07-29 09:27:02,15800.0,200,Sell,226861800
2024-07-29 09:27:02,15800.0,200,Sell,226861801
2024-07-29 09:27:02,15800.0,3500,Sell,226861803
2024-07-29 09:27:02,15800.0,2000,Sell,226861804
2024-07-29 09:27:02,15800.0,100,Sell,226861805
2024-07-29 09:27:02,15800.0,100,Sell,226861806
2024-07-29 09:27:02,15800.0,500,Sell,226861807
2024-07-29 09:27:02,15800.0,3000,Sell,226861808
2024-07-29 09:27:02,15800.0,1000,Sell,226861809
2024-07-29 09:27:02,15800.0,100,Sell,226861802
2024-07-29 09:27:02,15800.0,700,Sell,226861792
2024-07-29 09:27:02,15800.0,500,Sell,226861796
2024-07-29 09:27:02,15800.0,5000,Sell,226861790
2024-07-29 09:27:02,15800.0,60600,Sell,226861773
2024-07-29 09:27:02,15800.0,200,Sell,226861774
2024-07-29 09:27:02,15800.0,5500,Sell,226861775
2024-07-29 09:27:02,15800.0,5000,Sell,226861776
2024-07-29 09:27:02,15800.0,100,Sell,226861778
2024-07-29 09:27:02,15800.0,100,Sell,226861779
2024-07-29 09:27:02,15800.0,100,Sell,226861780
2024-07-29 09:27:02,15800.0,400,Sell,226861781
2024-07-29 09:27:02,15800.0,500,Sell,226861777
2024-07-29 09:27:02,15800.0,100,Sell,226861783
2024-07-29 09:27:02,15800.0,100,Sell,226861782
2024-07-29 09:27:02,15800.0,100,Sell,226861789
2024-07-29 09:27:02,15800.0,200,Sell,226861788
2024-07-29 09:27:02,15800.0,300,Sell,226861787
2024-07-29 09:27:02,15800.0,1000,Sell,226861791
2024-07-29 09:27:02,15800.0,200,Sell,226861785
2024-07-29 09:27:02,15800.0,5000,Sell,226861784
2024-07-29 09:27:02,15800.0,10000,Sell,226861786
2024-07-29 09:27:15,15800.0,9400,Buy,226862053
2024-07-29 09:27:18,15800.0,200,Sell,226862116
2024-07-29 09:27:34,15800.0,1000,Sell,226862477
2024-07-29 09:28:05,15800.0,20000,Sell,226863117
2024-07-29 09:28:05,15800.0,1700,Sell,226863130
2024-07-29 09:28:07,15800.0,1700,Sell,226863168
2024-07-29 09:28:08,15800.0,400,Sell,226863192
2024-07-29 09:28:08,15800.0,500,Sell,226863193
2024-07-29 09:28:08,15800.0,5000,Sell,226863191
2024-07-29 09:28:08,15800.0,100,Sell,226863189
2024-07-29 09:28:08,15800.0,16000,Sell,226863188
2024-07-29 09:28:08,15800.0,5000,Sell,226863190
2024-07-29 09:28:11,15800.0,1000,Sell,226863247
2024-07-29 09:28:11,15800.0,200,Sell,226863248
2024-07-29 09:28:11,15800.0,1200,Sell,226863249
2024-07-29 09:28:11,15800.0,4000,Sell,226863250
2024-07-29 09:28:18,15800.0,100,Buy,226863501
2024-07-29 09:28:19,15800.0,300,Buy,226863530
2024-07-29 09:28:24,15800.0,500,Buy,226863658
2024-07-29 09:28:29,15750.0,100,Sell,226863777
2024-07-29 09:28:32,15750.0,100,Sell,226863826
2024-07-29 09:28:35,15750.0,100,Sell,226863889
2024-07-29 09:28:46,15800.0,200,Buy,226864121
2024-07-29 09:28:46,15800.0,100,Buy,226864120
2024-07-29 09:28:46,15800.0,4900,Buy,226864117
2024-07-29 09:28:46,15800.0,200,Buy,226864118
2024-07-29 09:28:46,15800.0,700,Buy,226864116
2024-07-29 09:28:46,15800.0,400,Buy,226864119
2024-07-29 09:28:51,15800.0,600,Sell,226864244
2024-07-29 09:29:10,15800.0,100,Sell,226864591
2024-07-29 09:29:21,15800.0,2800,Sell,226864813
2024-07-29 09:29:21,15800.0,9900,Sell,226864814
2024-07-29 09:29:42,15800.0,100,Sell,226865318
2024-07-29 09:29:42,15800.0,100,Sell,226865319
2024-07-29 09:29:42,15800.0,500,Sell,226865320
2024-07-29 09:29:42,15800.0,300,Sell,226865321
2024-07-29 09:29:46,15800.0,2200,Sell,226865429
2024-07-29 09:29:46,15800.0,9700,Sell,226865427
2024-07-29 09:29:46,15800.0,5000,Sell,226865428
2024-07-29 09:29:49,15800.0,1000,Sell,226865517
2024-07-29 09:29:49,15800.0,300,Sell,226865505
2024-07-29 09:29:52,15800.0,2100,Sell,226865575
2024-07-29 09:29:53,15800.0,500,Sell,226865608
2024-07-29 09:29:58,15800.0,100,Sell,226865702
2024-07-29 09:29:58,15800.0,2000,Sell,226865703
2024-07-29 09:29:58,15800.0,300,Sell,226865711
2024-07-29 09:29:58,15800.0,3900,Sell,226865701
2024-07-29 09:30:15,15800.0,1000,Sell,226866217
2024-07-29 09:30:23,15800.0,400,Sell,226866393
2024-07-29 09:30:46,15850.0,200,Buy,226866973
2024-07-29 09:30:51,15800.0,400,Sell,226867091
2024-07-29 09:31:11,15800.0,900,Sell,226867583
2024-07-29 09:31:11,15800.0,100,Sell,226867584
2024-07-29 09:31:21,15800.0,2000,Sell,226867758
2024-07-29 09:31:29,15800.0,100,Sell,226867928
2024-07-29 09:31:29,15800.0,100,Sell,226867929
2024-07-29 09:31:29,15800.0,100,Sell,226867930
2024-07-29 09:31:29,15800.0,300,Sell,226867931
2024-07-29 09:31:29,15800.0,1400,Sell,226867927
2024-07-29 09:31:37,15800.0,100,Sell,226868097
2024-07-29 09:31:43,15800.0,100,Sell,226868240
2024-07-29 09:31:46,15800.0,1100,Sell,226868287
2024-07-29 09:31:53,15800.0,1700,Sell,226868407
2024-07-29 09:31:57,15800.0,6700,Sell,226868523
2024-07-29 09:31:57,15800.0,3300,Sell,226868524
2024-07-29 09:32:01,15800.0,500,Sell,226868605
2024-07-29 09:32:01,15800.0,100,Sell,226868599
2024-07-29 09:32:07,15800.0,200,Sell,226868763
2024-07-29 09:32:09,15800.0,5000,Sell,226868801
2024-07-29 09:32:28,15800.0,600,Sell,226869207
2024-07-29 09:32:29,15800.0,300,Sell,226869242
2024-07-29 09:32:29,15800.0,900,Sell,226869243
2024-07-29 09:32:35,15800.0,500,Sell,226869363
2024-07-29 09:32:39,15800.0,100,Sell,226869473
2024-07-29 09:32:51,15800.0,500,Sell,226869710
2024-07-29 09:32:51,15800.0,1000,Sell,226869711
2024-07-29 09:32:57,15800.0,500,Sell,226869864
2024-07-29 09:33:08,15800.0,1000,Sell,226870172
2024-07-29 09:33:25,15800.0,200,Sell,226870554
2024-07-29 09:33:26,15800.0,2000,Sell,226870602
2024-07-29 09:33:29,15800.0,100,Sell,226870669
2024-07-29 09:33:29,15800.0,2400,Sell,226870670
2024-07-29 09:33:29,15800.0,500,Sell,226870668
2024-07-29 09:33:34,15800.0,800,Sell,226870787
2024-07-29 09:33:40,15800.0,1100,Sell,226870955
2024-07-29 09:33:42,15800.0,400,Sell,226871032
2024-07-29 09:33:48,15850.0,100,Buy,226871151
2024-07-29 09:33:59,15800.0,6500,Sell,226871453
2024-07-29 09:34:08,15800.0,20000,Sell,226871621
2024-07-29 09:34:21,15800.0,300,Sell,226871937
2024-07-29 09:34:31,15850.0,200,Buy,226872140
2024-07-29 09:34:31,15850.0,300,Buy,226872139
2024-07-29 09:34:31,15850.0,2600,Buy,226872138
2024-07-29 09:34:33,15800.0,1600,Sell,226872188
2024-07-29 09:34:49,15800.0,500,Sell,226872553
2024-07-29 09:34:54,15800.0,2300,Sell,226872633
2024-07-29 09:34:56,15800.0,200,Sell,226872688
2024-07-29 09:34:56,15800.0,4800,Sell,226872694
2024-07-29 09:35:10,15800.0,500,Sell,226873125
2024-07-29 09:35:13,15800.0,3000,Sell,226873210
2024-07-29 09:35:30,15800.0,100,Sell,226873680
2024-07-29 09:35:31,15850.0,300,Buy,226873712
2024-07-29 09:35:31,15850.0,100,Buy,226873713
2024-07-29 09:35:31,15850.0,800,Buy,226873714
2024-07-29 09:36:15,15850.0,200,Buy,226874803
2024-07-29 09:36:15,15850.0,2700,Buy,226874804
2024-07-29 09:36:36,15850.0,200,Buy,226875337
2024-07-29 09:36:37,15850.0,100,Buy,226875388
2024-07-29 09:36:47,15800.0,1000,Sell,226875692
2024-07-29 09:37:05,15800.0,500,Sell,226876190
2024-07-29 09:37:14,15800.0,1000,Sell,226876391
2024-07-29 09:37:37,15800.0,300,Sell,226876978
2024-07-29 09:37:44,15800.0,100,Sell,226877187
2024-07-29 09:37:46,15800.0,100,Sell,226877243
2024-07-29 09:37:49,15850.0,5000,Buy,226877294
2024-07-29 09:37:50,15800.0,500,Sell,226877327
2024-07-29 09:37:56,15850.0,400,Buy,226877502
2024-07-29 09:37:56,15850.0,100,Buy,226877501
2024-07-29 09:37:56,15850.0,200,Buy,226877499
2024-07-29 09:37:56,15850.0,1800,Buy,226877500
2024-07-29 09:37:56,15850.0,300,Buy,226877498
2024-07-29 09:37:56,15850.0,500,Buy,226877494
2024-07-29 09:37:56,15850.0,500,Buy,226877496
2024-07-29 09:37:56,15850.0,2000,Buy,226877497
2024-07-29 09:37:56,15850.0,2000,Buy,226877492
2024-07-29 09:37:56,15850.0,100,Buy,226877493
2024-07-29 09:37:56,15850.0,500,Buy,226877495
2024-07-29 09:37:58,15800.0,500,Sell,226877540
2024-07-29 09:38:04,15850.0,6400,Buy,226877763
2024-07-29 09:38:04,15850.0,1000,Buy,226877762
2024-07-29 09:38:04,15850.0,100,Buy,226877761
2024-07-29 09:38:04,15850.0,1800,Buy,226877760
2024-07-29 09:38:04,15850.0,1000,Buy,226877754
2024-07-29 09:38:04,15850.0,1000,Buy,226877753
2024-07-29 09:38:04,15850.0,200,Buy,226877752
2024-07-29 09:38:04,15850.0,200,Buy,226877751
2024-07-29 09:38:04,15850.0,700,Buy,226877750
2024-07-29 09:38:04,15850.0,200,Buy,226877749
2024-07-29 09:38:04,15850.0,200,Buy,226877748
2024-07-29 09:38:04,15850.0,3000,Buy,226877747
2024-07-29 09:38:04,15850.0,5000,Buy,226877746
2024-07-29 09:38:04,15850.0,600,Buy,226877755
2024-07-29 09:38:04,15850.0,10000,Buy,226877745
2024-07-29 09:38:04,15850.0,500,Buy,226877743
2024-07-29 09:38:04,15850.0,4100,Buy,226877731
2024-07-29 09:38:04,15850.0,2300,Buy,226877732
2024-07-29 09:38:04,15850.0,100,Buy,226877733
2024-07-29 09:38:04,15850.0,1000,Buy,226877734
2024-07-29 09:38:04,15850.0,4000,Buy,226877735
2024-07-29 09:38:04,15850.0,200,Buy,226877736
2024-07-29 09:38:04,15850.0,200,Buy,226877744
2024-07-29 09:38:04,15850.0,200,Buy,226877738
2024-07-29 09:38:04,15850.0,3000,Buy,226877742
2024-07-29 09:38:04,15850.0,200,Buy,226877741
2024-07-29 09:38:04,15850.0,1000,Buy,226877737
2024-07-29 09:38:04,15850.0,300,Buy,226877739
2024-07-29 09:38:04,15850.0,1500,Buy,226877740
2024-07-29 09:38:06,15850.0,3600,Buy,226877798
2024-07-29 09:38:06,15850.0,1500,Buy,226877799
2024-07-29 09:38:06,15850.0,100,Buy,226877800
2024-07-29 09:38:06,15850.0,200,Buy,226877802
2024-07-29 09:38:06,15850.0,12100,Buy,226877803
2024-07-29 09:38:06,15850.0,100,Buy,226877801
2024-07-29 09:38:17,15850.0,2000,Sell,226878043
2024-07-29 09:38:44,15900.0,1000,Buy,226878688
2024-07-29 09:38:44,15900.0,2100,Buy,226878689
2024-07-29 09:38:45,15850.0,400,Sell,226878702
2024-07-29 09:38:48,15850.0,100,Sell,226878802
2024-07-29 09:38:57,15850.0,500,Sell,226879009
2024-07-29 09:38:58,15850.0,20000,Sell,226879031
2024-07-29 09:39:03,15850.0,800,Sell,226879141
2024-07-29 09:39:06,15900.0,1700,Buy,226879223
2024-07-29 09:39:06,15900.0,1000,Buy,226879222
2024-07-29 09:39:06,15900.0,100,Buy,226879219
2024-07-29 09:39:06,15900.0,1000,Buy,226879220
2024-07-29 09:39:06,15900.0,300,Buy,226879221
2024-07-29 09:39:06,15900.0,7900,Buy,226879218
2024-07-29 09:39:26,15900.0,600,Buy,226879664
2024-07-29 09:39:26,15900.0,3000,Buy,226879663
2024-07-29 09:39:26,15900.0,200,Buy,226879662
2024-07-29 09:39:26,15900.0,4000,Buy,226879661
2024-07-29 09:39:26,15900.0,100,Buy,226879659
2024-07-29 09:39:26,15900.0,6400,Buy,226879660
2024-07-29 09:39:26,15900.0,1000,Buy,226879656
2024-07-29 09:39:26,15900.0,100,Buy,226879655
2024-07-29 09:39:26,15900.0,100,Buy,226879654
2024-07-29 09:39:26,15900.0,8300,Buy,226879653
2024-07-29 09:39:26,15900.0,1000,Buy,226879658
2024-07-29 09:39:26,15900.0,2000,Buy,226879657
2024-07-29 09:39:28,15850.0,100,Sell,226879696
2024-07-29 09:39:58,15850.0,200,Sell,226880426
2024-07-29 09:39:58,15850.0,100,Sell,226880427
2024-07-29 09:40:03,15850.0,100,Sell,226880530
2024-07-29 09:40:11,15850.0,8100,Sell,226880785
2024-07-29 09:40:11,15850.0,1900,Sell,226880786
2024-07-29 09:40:15,15850.0,100,Sell,226880918
2024-07-29 09:40:24,15850.0,1300,Sell,226881094
2024-07-29 09:40:24,15850.0,100,Sell,226881134
2024-07-29 09:40:29,15850.0,200,Sell,226881262
2024-07-29 09:40:52,15850.0,1400,Sell,226881803
2024-07-29 09:40:52,15850.0,8600,Sell,226881804
2024-07-29 09:40:53,15900.0,100,Buy,226881816
2024-07-29 09:40:54,15900.0,1000,Buy,226881838
2024-07-29 09:41:14,15850.0,20000,Sell,226882358
2024-07-29 09:41:23,15850.0,200,Sell,226882596
2024-07-29 09:41:36,15850.0,11400,Sell,226882871
2024-07-29 09:42:07,15850.0,100,Sell,226883491
2024-07-29 09:42:18,15850.0,500,Sell,226883763
2024-07-29 09:42:39,15850.0,300,Sell,226884250
2024-07-29 09:42:43,15900.0,1000,Buy,226884328
2024-07-29 09:42:45,15850.0,100,Sell,226884383
2024-07-29 09:42:46,15850.0,400,Sell,226884412
2024-07-29 09:42:57,15850.0,1500,Sell,226884636
2024-07-29 09:43:00,15850.0,500,Sell,226884748
2024-07-29 09:43:12,15850.0,1800,Sell,226884940
2024-07-29 09:43:29,15850.0,2000,Sell,226885253
2024-07-29 09:43:33,15850.0,2000,Sell,226885326
2024-07-29 09:44:02,15850.0,100,Sell,226885903
2024-07-29 09:44:05,15850.0,300,Sell,226885975
2024-07-29 09:44:09,15850.0,200,Sell,226886229
2024-07-29 09:44:09,15850.0,200,Sell,226886227
2024-07-29 09:44:09,15850.0,100,Sell,226886228
2024-07-29 09:44:26,15850.0,100,Sell,226886558
2024-07-29 09:44:30,15850.0,5000,Sell,226886615
2024-07-29 09:44:42,15850.0,100,Sell,226886842
2024-07-29 09:44:52,15850.0,200,Sell,226887016
2024-07-29 09:44:52,15850.0,200,Sell,226887018
2024-07-29 09:44:53,15850.0,1000,Sell,226887043
2024-07-29 09:44:54,15850.0,100,Sell,226887049
2024-07-29 09:45:12,15850.0,100,Sell,226887387
2024-07-29 09:45:20,15850.0,500,Sell,226887566
2024-07-29 09:45:21,15850.0,1200,Sell,226887600
2024-07-29 09:45:27,15850.0,10000,Sell,226887772
2024-07-29 09:45:28,15850.0,100,Sell,226887791
2024-07-29 09:45:37,15900.0,7300,Buy,226887972
2024-07-29 09:45:37,15900.0,500,Buy,226887973
2024-07-29 09:45:37,15900.0,200,Buy,226887974
2024-07-29 09:45:37,15900.0,300,Buy,226887975
2024-07-29 09:45:37,15900.0,200,Buy,226887976
2024-07-29 09:45:37,15900.0,1500,Buy,226887977
2024-07-29 09:45:50,15850.0,1300,Sell,226888261
2024-07-29 09:46:08,15900.0,200,Buy,226888609
2024-07-29 09:46:16,15900.0,100,Buy,226888816
2024-07-29 09:46:22,15900.0,1000,Buy,226888918
2024-07-29 09:46:22,15900.0,100,Buy,226888919
2024-07-29 09:46:22,15900.0,300,Buy,226888917
2024-07-29 09:46:22,15900.0,13700,Buy,226888920
2024-07-29 09:46:22,15900.0,100,Buy,226888915
2024-07-29 09:46:22,15900.0,900,Buy,226888914
2024-07-29 09:46:22,15900.0,700,Buy,226888916
2024-07-29 09:46:22,15900.0,3200,Buy,226888913
2024-07-29 09:46:24,15900.0,5000,Buy,226888968
2024-07-29 09:46:37,15850.0,100,Sell,226889242
2024-07-29 09:46:38,15900.0,100,Buy,226889259
2024-07-29 09:46:56,15900.0,7000,Buy,226889669
2024-07-29 09:47:11,15850.0,100,Sell,226889987
2024-07-29 09:47:21,15900.0,100,Buy,226890214
2024-07-29 09:47:29,15850.0,700,Sell,226890348
2024-07-29 09:47:31,15900.0,500,Buy,226890395
2024-07-29 09:47:38,15900.0,1300,Buy,226890611
2024-07-29 09:47:50,15900.0,100,Buy,226890826
2024-07-29 09:47:55,15900.0,100,Buy,226890944
2024-07-29 09:48:01,15900.0,5000,Buy,226891067
2024-07-29 09:48:12,15900.0,100,Buy,226891265
2024-07-29 09:48:13,15900.0,3000,Buy,226891291
2024-07-29 09:48:24,15900.0,5000,Buy,226891478
2024-07-29 09:48:42,15900.0,4300,Buy,226891882
2024-07-29 09:48:51,15850.0,300,Sell,226892096
2024-07-29 09:49:03,15850.0,2500,Sell,226892391
2024-07-29 09:49:08,15900.0,100,Buy,226892573
2024-07-29 09:49:23,15900.0,10000,Buy,226892988
2024-07-29 09:49:39,15900.0,100,Buy,226893434
2024-07-29 09:49:39,15900.0,400,Buy,226893437
2024-07-29 09:49:39,15900.0,100,Buy,226893436
2024-07-29 09:49:39,15900.0,2700,Buy,226893435
2024-07-29 09:49:39,15900.0,500,Buy,226893433
2024-07-29 09:49:39,15900.0,200,Buy,226893432
2024-07-29 09:49:39,15900.0,100,Buy,226893430
2024-07-29 09:49:39,15900.0,500,Buy,226893429
2024-07-29 09:49:39,15900.0,1000,Buy,226893428
2024-07-29 09:49:39,15900.0,1000,Buy,226893427
2024-07-29 09:49:39,15900.0,1000,Buy,226893426
2024-07-29 09:49:39,15900.0,40200,Buy,226893425
2024-07-29 09:49:39,15900.0,200,Buy,226893431
2024-07-29 09:49:40,15900.0,500,Buy,226893492
2024-07-29 09:49:40,15900.0,100,Buy,226893493
2024-07-29 09:49:40,15900.0,500,Buy,226893494
2024-07-29 09:49:40,15900.0,1000,Buy,226893495
2024-07-29 09:49:40,15900.0,1000,Buy,226893496
2024-07-29 09:49:40,15900.0,300,Buy,226893497
2024-07-29 09:49:40,15900.0,5000,Buy,226893498
2024-07-29 09:49:40,15900.0,300,Buy,226893499
2024-07-29 09:49:40,15900.0,200,Buy,226893503
2024-07-29 09:49:40,15900.0,100,Buy,226893501
2024-07-29 09:49:40,15900.0,200,Buy,226893502
2024-07-29 09:49:40,15900.0,300,Buy,226893504
2024-07-29 09:49:40,15900.0,900,Buy,226893505
2024-07-29 09:49:40,15900.0,10000,Buy,226893506
2024-07-29 09:49:40,15900.0,2000,Buy,226893519
2024-07-29 09:49:40,15900.0,100,Buy,226893500
2024-07-29 09:49:40,15900.0,100,Buy,226893491
2024-07-29 09:49:40,15900.0,200,Buy,226893489
2024-07-29 09:49:40,15900.0,100,Buy,226893474
2024-07-29 09:49:40,15900.0,600,Buy,226893472
2024-07-29 09:49:40,15900.0,5000,Buy,226893473
2024-07-29 09:49:40,15900.0,5000,Buy,226893475
2024-07-29 09:49:40,15900.0,2000,Buy,226893476
2024-07-29 09:49:40,15900.0,200,Buy,226893478
2024-07-29 09:49:40,15900.0,200,Buy,226893480
2024-07-29 09:49:40,15900.0,600,Buy,226893481
2024-07-29 09:49:40,15900.0,100,Buy,226893479
2024-07-29 09:49:40,15900.0,2000,Buy,226893483
2024-07-29 09:49:40,15900.0,100,Buy,226893484
2024-07-29 09:49:40,15900.0,1000,Buy,226893485
2024-07-29 09:49:40,15900.0,2000,Buy,226893486
2024-07-29 09:49:40,15900.0,4000,Buy,226893487
2024-07-29 09:49:40,15900.0,300,Buy,226893488
2024-07-29 09:49:40,15900.0,3000,Buy,226893482
2024-07-29 09:49:40,15900.0,1000,Buy,226893490
2024-07-29 09:49:41,15900.0,200,Buy,226893666
2024-07-29 09:49:41,15900.0,1700,Buy,226893671
2024-07-29 09:49:41,15900.0,500,Buy,226893668
2024-07-29 09:49:41,15900.0,200,Buy,226893667
2024-07-29 09:49:41,15900.0,500,Buy,226893660
2024-07-29 09:49:41,15900.0,100,Buy,226893664
2024-07-29 09:49:41,15900.0,100,Buy,226893663
2024-07-29 09:49:41,15900.0,7700,Buy,226893662
2024-07-29 09:49:41,15900.0,100,Buy,226893661
2024-07-29 09:49:41,15900.0,10000,Buy,226893672
2024-07-29 09:49:41,15900.0,1000,Buy,226893665
2024-07-29 09:49:41,15900.0,1000,Buy,226893673
2024-07-29 09:49:41,15900.0,2000,Buy,226893681
2024-07-29 09:49:41,15900.0,100,Buy,226893675
2024-07-29 09:49:41,15900.0,200,Buy,226893676
2024-07-29 09:49:41,15900.0,1000,Buy,226893677
2024-07-29 09:49:41,15900.0,5000,Buy,226893678
2024-07-29 09:49:41,15900.0,100,Buy,226893679
2024-07-29 09:49:41,15900.0,500,Buy,226893680
2024-07-29 09:49:41,15900.0,500,Buy,226893682
2024-07-29 09:49:41,15900.0,3100,Buy,226893683
2024-07-29 09:49:41,15900.0,100,Buy,226893684
2024-07-29 09:49:41,15900.0,400,Buy,226893685
2024-07-29 09:49:41,15900.0,1000,Buy,226893686
2024-07-29 09:49:41,15900.0,200,Buy,226893674
2024-07-29 09:49:41,15900.0,100,Buy,226893659
2024-07-29 09:49:41,15900.0,3000,Buy,226893670
2024-07-29 09:49:41,15900.0,10000,Buy,226893657
2024-07-29 09:49:41,15900.0,100,Buy,226893658
2024-07-29 09:49:41,15900.0,1300,Buy,226893631
2024-07-29 09:49:41,15900.0,900,Buy,226893632
2024-07-29 09:49:41,15900.0,200,Buy,226893633
2024-07-29 09:49:41,15900.0,10000,Buy,226893634
2024-07-29 09:49:41,15900.0,1000,Buy,226893635
2024-07-29 09:49:41,15900.0,1000,Buy,226893636
2024-07-29 09:49:41,15900.0,1000,Buy,226893637
2024-07-29 09:49:41,15900.0,100,Buy,226893638
2024-07-29 09:49:41,15900.0,400,Buy,226893639
2024-07-29 09:49:41,15900.0,1700,Buy,226893640
2024-07-29 09:49:41,15900.0,500,Buy,226893641
2024-07-29 09:49:41,15900.0,500,Buy,226893642
2024-07-29 09:49:41,15900.0,500,Buy,226893643
2024-07-29 09:49:41,15900.0,1000,Buy,226893669
2024-07-29 09:49:41,15900.0,300,Buy,226893645
2024-07-29 09:49:41,15900.0,200,Buy,226893655
2024-07-29 09:49:41,15900.0,10000,Buy,226893656
2024-07-29 09:49:41,15900.0,1000,Buy,226893653
2024-07-29 09:49:41,15900.0,2000,Buy,226893652
2024-07-29 09:49:41,15900.0,100,Buy,226893651
2024-07-29 09:49:41,15900.0,100,Buy,226893654
2024-07-29 09:49:41,15900.0,200,Buy,226893649
2024-07-29 09:49:41,15900.0,100,Buy,226893648
2024-07-29 09:49:41,15900.0,500,Buy,226893644
2024-07-29 09:49:41,15900.0,200,Buy,226893647
2024-07-29 09:49:41,15900.0,10000,Buy,226893646
2024-07-29 09:49:41,15900.0,1000,Buy,226893650
2024-07-29 09:49:45,15900.0,2500,Sell,226893791
2024-07-29 09:49:45,15900.0,7000,Sell,226893792
2024-07-29 09:49:45,15900.0,500,Buy,226893806
2024-07-29 09:49:46,15900.0,1000,Sell,226893817
2024-07-29 09:50:22,15950.0,100,Buy,226894680
2024-07-29 09:50:22,15950.0,300,Buy,226894681
2024-07-29 09:50:28,15950.0,1700,Buy,226894832
2024-07-29 09:50:28,15950.0,100,Buy,226894831
2024-07-29 09:50:28,15950.0,4800,Buy,226894820
2024-07-29 09:50:28,15950.0,700,Buy,226894819
2024-07-29 09:50:28,15950.0,700,Buy,226894830
2024-07-29 09:50:29,15950.0,100,Buy,226894862
2024-07-29 09:50:30,15950.0,100,Buy,226894892
2024-07-29 09:50:30,15950.0,5000,Buy,226894893
2024-07-29 09:50:30,15950.0,500,Buy,226894894
2024-07-29 09:50:30,15950.0,100,Buy,226894895
2024-07-29 09:50:30,15950.0,500,Buy,226894896
2024-07-29 09:50:30,15950.0,100,Buy,226894897
2024-07-29 09:50:30,15950.0,3500,Buy,226894912
2024-07-29 09:50:30,15950.0,500,Buy,226894900
2024-07-29 09:50:30,15950.0,1000,Buy,226894901
2024-07-29 09:50:30,15950.0,100,Buy,226894908
2024-07-29 09:50:30,15950.0,400,Buy,226894909
2024-07-29 09:50:30,15950.0,200,Buy,226894910
2024-07-29 09:50:30,15950.0,300,Buy,226894911
2024-07-29 09:50:30,15950.0,200,Buy,226894898
2024-07-29 09:50:30,15950.0,300,Buy,226894890
2024-07-29 09:50:30,15950.0,200,Buy,226894899
2024-07-29 09:50:30,15950.0,2000,Buy,226894888
2024-07-29 09:50:30,15950.0,100,Buy,226894889
2024-07-29 09:50:30,15950.0,200,Buy,226894874
2024-07-29 09:50:30,15950.0,10000,Buy,226894875
2024-07-29 09:50:30,15950.0,100,Buy,226894876
2024-07-29 09:50:30,15950.0,1000,Buy,226894877
2024-07-29 09:50:30,15950.0,5000,Buy,226894878
2024-07-29 09:50:30,15950.0,200,Buy,226894879
2024-07-29 09:50:30,15950.0,200,Buy,226894891
2024-07-29 09:50:30,15950.0,200,Buy,226894881
2024-07-29 09:50:30,15950.0,1000,Buy,226894882
2024-07-29 09:50:30,15950.0,100,Buy,226894883
2024-07-29 09:50:30,15950.0,300,Buy,226894884
2024-07-29 09:50:30,15950.0,500,Buy,226894885
2024-07-29 09:50:30,15950.0,100,Buy,226894886
2024-07-29 09:50:30,15950.0,1000,Buy,226894880
2024-07-29 09:50:30,15950.0,5000,Buy,226894887
2024-07-29 09:50:31,15950.0,100,Buy,226894942
2024-07-29 09:50:31,15950.0,200,Buy,226894943
2024-07-29 09:50:31,15950.0,200,Buy,226894944
2024-07-29 09:50:31,15950.0,1000,Buy,226894945
2024-07-29 09:50:31,15950.0,200,Buy,226894946
2024-07-29 09:50:31,15950.0,100,Buy,226894947
2024-07-29 09:50:31,15950.0,3000,Buy,226894948
2024-07-29 09:50:31,15950.0,500,Buy,226894951
2024-07-29 09:50:31,15950.0,300,Buy,226894950
2024-07-29 09:50:31,15950.0,200,Buy,226894941
2024-07-29 09:50:31,15950.0,10000,Buy,226894952
2024-07-29 09:50:31,15950.0,500,Buy,226894953
2024-07-29 09:50:31,15950.0,1000,Buy,226894954
2024-07-29 09:50:31,15950.0,100,Buy,226894955
2024-07-29 09:50:31,15950.0,100,Buy,226894956
2024-07-29 09:50:31,15950.0,100,Buy,226894957
2024-07-29 09:50:31,15950.0,200,Buy,226894958
2024-07-29 09:50:31,15950.0,4000,Buy,226894949
2024-07-29 09:50:31,15950.0,100,Buy,226894940
2024-07-29 09:50:31,15950.0,600,Buy,226894937
2024-07-29 09:50:31,15950.0,400,Buy,226894938
2024-07-29 09:50:31,15950.0,1500,Buy,226894920
2024-07-29 09:50:31,15950.0,5000,Buy,226894921
2024-07-29 09:50:31,15950.0,100,Buy,226894922
2024-07-29 09:50:31,15950.0,300,Buy,226894923
2024-07-29 09:50:31,15950.0,400,Buy,226894924
2024-07-29 09:50:31,15950.0,2000,Buy,226894925
2024-07-29 09:50:31,15950.0,1000,Buy,226894939
2024-07-29 09:50:31,15950.0,200,Buy,226894927
2024-07-29 09:50:31,15950.0,1500,Buy,226894926
2024-07-29 09:50:31,15950.0,300,Buy,226894929
2024-07-29 09:50:31,15950.0,100,Buy,226894930
2024-07-29 09:50:31,15950.0,700,Buy,226894931
2024-07-29 09:50:31,15950.0,10000,Buy,226894933
2024-07-29 09:50:31,15950.0,100,Buy,226894934
2024-07-29 09:50:31,15950.0,100,Buy,226894935
2024-07-29 09:50:31,15950.0,1000,Buy,226894936
2024-07-29 09:50:31,15950.0,200,Buy,226894928
2024-07-29 09:50:31,15950.0,500,Buy,226894932
2024-07-29 09:50:38,15950.0,100,Sell,226895269
2024-07-29 09:50:47,15950.0,100,Sell,226895467
2024-07-29 09:50:47,15950.0,100,Sell,226895466
2024-07-29 09:50:47,15950.0,400,Sell,226895464
2024-07-29 09:50:47,15950.0,1200,Sell,226895465
2024-07-29 09:50:48,15950.0,1000,Sell,226895496
2024-07-29 09:50:50,15950.0,100,Sell,226895521
2024-07-29 09:51:01,15950.0,1000,Sell,226895864
2024-07-29 09:51:14,15950.0,2000,Sell,226896145
2024-07-29 09:51:14,15950.0,200,Sell,226896144
2024-07-29 09:51:14,15950.0,500,Sell,226896139
2024-07-29 09:51:14,15950.0,300,Sell,226896142
2024-07-29 09:51:14,15950.0,7200,Sell,226896141
2024-07-29 09:51:14,15950.0,1000,Sell,226896143
2024-07-29 09:51:18,15950.0,200,Sell,226896276
2024-07-29 09:51:26,15950.0,10000,Sell,226896461
2024-07-29 09:51:30,15950.0,100,Sell,226896583
2024-07-29 09:51:34,15950.0,1300,Sell,226896659
2024-07-29 09:51:34,15950.0,2000,Sell,226896658
2024-07-29 09:51:34,15950.0,6700,Sell,226896657
2024-07-29 09:51:34,15950.0,1000,Sell,226896652
2024-07-29 09:51:38,15950.0,200,Sell,226896721
2024-07-29 09:51:44,15950.0,10000,Sell,226896888
2024-07-29 09:51:45,15950.0,300,Sell,226896906
2024-07-29 09:51:46,15950.0,300,Sell,226896914
2024-07-29 09:51:49,15950.0,6000,Sell,226896991
2024-07-29 09:51:54,15950.0,300,Sell,226897118
2024-07-29 09:52:00,15950.0,1000,Sell,226897262
2024-07-29 09:52:01,15950.0,5000,Sell,226897294
2024-07-29 09:52:17,15950.0,100,Sell,226897740
2024-07-29 09:52:18,15950.0,200,Sell,226897754
2024-07-29 09:52:19,15950.0,9800,Sell,226897761
2024-07-29 09:52:22,15950.0,500,Sell,226897890
2024-07-29 09:52:22,15950.0,300,Sell,226897895
2024-07-29 09:52:22,15950.0,100,Sell,226897894
2024-07-29 09:52:22,15950.0,500,Sell,226897889
2024-07-29 09:52:22,15950.0,200,Sell,226897892
2024-07-29 09:52:22,15950.0,900,Sell,226897891
2024-07-29 09:52:22,15950.0,100,Sell,226897893
2024-07-29 09:52:23,15950.0,500,Sell,226897918
2024-07-29 09:52:23,15950.0,100,Sell,226897939
2024-07-29 09:52:25,15950.0,100,Sell,226897978
2024-07-29 09:52:25,15950.0,1000,Sell,226897979
2024-07-29 09:52:25,15950.0,1400,Sell,226897980
2024-07-29 09:52:28,16000.0,100,Buy,226898044
2024-07-29 09:52:28,16000.0,100,Buy,226898043
2024-07-29 09:52:28,16000.0,400,Buy,226898042
2024-07-29 09:52:28,16000.0,100,Buy,226898041
2024-07-29 09:52:28,16000.0,300,Buy,226898040
2024-07-29 09:52:29,16000.0,900,Buy,226898065
2024-07-29 09:52:29,16000.0,100,Buy,226898066
2024-07-29 09:52:29,15950.0,300,Sell,226898070
2024-07-29 09:52:31,15950.0,10000,Sell,226898095
2024-07-29 09:52:31,15950.0,1000,Sell,226898119
2024-07-29 09:52:34,16000.0,600,Buy,226898201
2024-07-29 09:52:34,16000.0,900,Buy,226898200
2024-07-29 09:52:38,15950.0,1000,Sell,226898322
2024-07-29 09:52:41,15950.0,400,Sell,226898398
2024-07-29 09:52:41,15950.0,300,Sell,226898397
2024-07-29 09:52:47,15950.0,600,Sell,226898554
2024-07-29 09:52:47,15950.0,600,Sell,226898553
2024-07-29 09:52:49,15950.0,4800,Sell,226898583
2024-07-29 09:53:05,15950.0,1500,Sell,226899111
2024-07-29 09:53:16,15950.0,2500,Sell,226899470
2024-07-29 09:53:25,15950.0,500,Sell,226899730
2024-07-29 09:53:29,15950.0,200,Sell,226899836
2024-07-29 09:53:32,15950.0,100,Sell,226899895
2024-07-29 09:53:32,15950.0,1400,Sell,226899896
2024-07-29 09:53:38,16000.0,100,Buy,226900044
2024-07-29 09:53:45,15950.0,800,Sell,226900222
2024-07-29 09:53:50,16000.0,600,Buy,226900339
2024-07-29 09:53:52,15950.0,15000,Sell,226900358
2024-07-29 09:53:54,15950.0,7000,Sell,226900412
2024-07-29 09:53:54,15950.0,100,Sell,226900404
2024-07-29 09:54:02,16000.0,1000,Buy,226900638
2024-07-29 09:54:03,15950.0,4000,Sell,226900660
2024-07-29 09:54:16,15950.0,200,Sell,226900956
2024-07-29 09:54:18,15950.0,4000,Sell,226901004
2024-07-29 09:54:22,15950.0,10000,Sell,226901124
2024-07-29 09:54:27,15950.0,1500,Sell,226901237
2024-07-29 09:54:29,15950.0,2000,Sell,226901323
2024-07-29 09:54:33,15950.0,1800,Sell,226901463
2024-07-29 09:54:34,15950.0,20000,Sell,226901479
2024-07-29 09:54:36,15950.0,1000,Sell,226901516
2024-07-29 09:54:39,15950.0,100,Sell,226901578
2024-07-29 09:54:40,15950.0,100,Sell,226901605
2024-07-29 09:54:40,15950.0,500,Sell,226901614
2024-07-29 09:54:43,16000.0,200,Buy,226901732
2024-07-29 09:54:45,15950.0,500,Sell,226901776
2024-07-29 09:54:59,16000.0,1100,Buy,226902070
2024-07-29 09:55:05,15950.0,5000,Sell,226902243
2024-07-29 09:55:19,15950.0,500,Sell,226902693
2024-07-29 09:55:29,15950.0,1000,Sell,226902972
2024-07-29 09:55:29,15950.0,2000,Sell,226902975
2024-07-29 09:55:29,15950.0,1000,Sell,226902991
2024-07-29 09:55:33,15950.0,400,Sell,226903093
2024-07-29 09:55:33,15950.0,6000,Sell,226903092
2024-07-29 09:55:35,15950.0,200,Sell,226903159
2024-07-29 09:55:43,16000.0,200,Buy,226903363
2024-07-29 09:55:48,16000.0,1000,Buy,226903474
2024-07-29 09:55:51,15950.0,200,Sell,226903551
2024-07-29 09:56:03,15950.0,200,Sell,226903814
2024-07-29 09:56:04,15950.0,7000,Sell,226903820
2024-07-29 09:56:06,15950.0,1000,Sell,226903881
2024-07-29 09:56:20,15950.0,500,Sell,226904212
2024-07-29 09:56:20,15950.0,500,Sell,226904214
2024-07-29 09:56:21,16000.0,1000,Buy,226904232
2024-07-29 09:56:25,15950.0,200,Sell,226904302
2024-07-29 09:56:34,15950.0,1000,Sell,226904518
2024-07-29 09:56:36,15950.0,200,Sell,226904555
2024-07-29 09:56:39,15950.0,100,Sell,226904633
2024-07-29 09:56:46,15950.0,1000,Sell,226904751
2024-07-29 09:56:50,16000.0,2000,Buy,226904843
2024-07-29 09:56:50,16000.0,10000,Buy,226904844
2024-07-29 09:56:50,16000.0,300,Buy,226904845
2024-07-29 09:56:50,16000.0,3000,Buy,226904847
2024-07-29 09:56:50,16000.0,100,Buy,226904848
2024-07-29 09:56:50,16000.0,2000,Buy,226904849
2024-07-29 09:56:50,16000.0,500,Buy,226904850
2024-07-29 09:56:50,16000.0,9500,Buy,226904851
2024-07-29 09:56:50,16000.0,100,Buy,226904852
2024-07-29 09:56:50,16000.0,10000,Buy,226904853
2024-07-29 09:56:50,16000.0,300,Buy,226904854
2024-07-29 09:56:50,16000.0,100,Buy,226904855
2024-07-29 09:56:50,16000.0,1000,Buy,226904856
2024-07-29 09:56:50,16000.0,500,Buy,226904857
2024-07-29 09:56:50,16000.0,1000,Buy,226904858
2024-07-29 09:56:50,16000.0,6000,Buy,226904859
2024-07-29 09:56:50,16000.0,1000,Buy,226904842
2024-07-29 09:56:50,16000.0,2000,Buy,226904841
2024-07-29 09:56:50,16000.0,500,Buy,226904846
2024-07-29 09:56:50,16000.0,1400,Buy,226904839
2024-07-29 09:56:50,16000.0,5200,Buy,226904820
2024-07-29 09:56:50,16000.0,13500,Buy,226904823
2024-07-29 09:56:50,16000.0,100,Buy,226904824
2024-07-29 09:56:50,16000.0,500,Buy,226904840
2024-07-29 09:56:50,16000.0,300,Buy,226904826
2024-07-29 09:56:50,16000.0,1000,Buy,226904827
2024-07-29 09:56:50,16000.0,200,Buy,226904828
2024-07-29 09:56:50,16000.0,1000,Buy,226904829
2024-07-29 09:56:50,16000.0,200,Buy,226904830
2024-07-29 09:56:50,16000.0,100,Buy,226904825
2024-07-29 09:56:50,16000.0,100,Buy,226904832
2024-07-29 09:56:50,16000.0,2000,Buy,226904833
2024-07-29 09:56:50,16000.0,12700,Buy,226904834
2024-07-29 09:56:50,16000.0,200,Buy,226904835
2024-07-29 09:56:50,16000.0,200,Buy,226904838
2024-07-29 09:56:50,16000.0,100,Buy,226904836
2024-07-29 09:56:50,16000.0,10000,Buy,226904837
2024-07-29 09:56:50,16000.0,300,Buy,226904831
2024-07-29 09:56:59,16000.0,200,Buy,226905059
2024-07-29 09:57:01,16000.0,1000,Buy,226905087
2024-07-29 09:57:10,16000.0,200,Buy,226905366
2024-07-29 09:57:17,16000.0,10000,Buy,226905533
2024-07-29 09:57:22,16000.0,400,Buy,226905613
2024-07-29 09:57:25,15950.0,100,Sell,226905666
2024-07-29 09:57:30,16000.0,200,Buy,226905773
2024-07-29 09:57:31,16000.0,700,Buy,226905783
2024-07-29 09:57:33,15950.0,1200,Sell,226905820
2024-07-29 09:57:36,16000.0,1000,Buy,226905908
2024-07-29 09:58:03,15950.0,100,Sell,226906558
2024-07-29 09:58:04,16000.0,800,Buy,226906584
2024-07-29 09:58:04,16000.0,1000,Buy,226906583
2024-07-29 09:58:04,16000.0,300,Buy,226906579
2024-07-29 09:58:04,16000.0,400,Buy,226906581
2024-07-29 09:58:04,16000.0,2000,Buy,226906582
2024-07-29 09:58:04,16000.0,500,Buy,226906580
2024-07-29 09:58:14,16000.0,1200,Buy,226906799
2024-07-29 09:58:14,16000.0,1000,Buy,226906800
2024-07-29 09:58:14,16000.0,200,Buy,226906801
2024-07-29 09:58:14,16000.0,400,Buy,226906802
2024-07-29 09:58:14,16000.0,100,Buy,226906803
2024-07-29 09:58:14,16000.0,100,Buy,226906804
2024-07-29 09:58:14,16000.0,200,Buy,226906805
2024-07-29 09:58:14,16000.0,900,Buy,226906806
2024-07-29 09:58:14,16000.0,600,Buy,226906807
2024-07-29 09:58:16,16000.0,1500,Buy,226906889
2024-07-29 09:58:19,16000.0,20000,Buy,226906949
2024-07-29 09:58:21,16000.0,500,Buy,226906970
2024-07-29 09:58:25,16000.0,400,Buy,226907015
2024-07-29 09:58:27,16000.0,500,Buy,226907047
2024-07-29 09:58:29,16000.0,1500,Buy,226907099
2024-07-29 09:58:29,16000.0,1000,Buy,226907100
2024-07-29 09:58:29,16000.0,1900,Buy,226907109
2024-07-29 09:58:29,16000.0,2100,Buy,226907110
2024-07-29 09:58:52,16000.0,1000,Buy,226907459
2024-07-29 09:59:02,15950.0,9800,Sell,226907612
2024-07-29 09:59:22,15950.0,100,Sell,226907980
2024-07-29 09:59:31,15950.0,200,Sell,226908107
2024-07-29 09:59:42,16000.0,3900,Buy,226908296
2024-07-29 09:59:42,16000.0,1100,Buy,226908297
2024-07-29 09:59:51,16000.0,100,Buy,226908409
2024-07-29 09:59:55,16000.0,500,Buy,226908445
2024-07-29 10:00:08,16000.0,1300,Buy,226908696
2024-07-29 10:00:08,16000.0,3000,Buy,226908697
2024-07-29 10:00:08,16000.0,200,Buy,226908698
2024-07-29 10:00:08,16000.0,200,Buy,226908699
2024-07-29 10:00:08,16000.0,200,Buy,226908700
2024-07-29 10:00:08,16000.0,100,Buy,226908701
2024-07-29 10:00:11,16000.0,200,Buy,226908757
2024-07-29 10:00:11,16000.0,400,Buy,226908760
2024-07-29 10:00:36,16000.0,100,Buy,226909184
2024-07-29 10:00:43,16000.0,100,Buy,226909368
2024-07-29 10:00:43,16000.0,1000,Buy,226909367
2024-07-29 10:00:43,16000.0,1000,Buy,226909366
2024-07-29 10:00:43,16000.0,200,Buy,226909362
2024-07-29 10:00:43,16000.0,2000,Buy,226909364
2024-07-29 10:00:43,16000.0,200,Buy,226909363
2024-07-29 10:00:43,16000.0,500,Buy,226909365
2024-07-29 10:00:48,15950.0,1900,Sell,226909456
2024-07-29 10:00:48,15950.0,100,Sell,226909455
2024-07-29 10:00:48,15950.0,4000,Sell,226909454
2024-07-29 10:00:48,15950.0,19000,Sell,226909453
2024-07-29 10:00:48,15950.0,100,Sell,226909452
2024-07-29 10:00:48,15950.0,2000,Sell,226909450
2024-07-29 10:00:48,15950.0,1000,Sell,226909446
2024-07-29 10:00:48,15950.0,100,Sell,226909451
2024-07-29 10:00:48,15950.0,2800,Sell,226909449
2024-07-29 10:00:58,16000.0,100,Buy,226909588
2024-07-29 10:01:01,15950.0,10000,Sell,226909629
2024-07-29 10:01:11,15950.0,100,Sell,226909793
2024-07-29 10:01:15,15950.0,200,Sell,226909847
2024-07-29 10:01:17,15950.0,200,Sell,226909893
2024-07-29 10:01:18,15950.0,400,Sell,226909900
2024-07-29 10:01:19,15950.0,5000,Sell,226909907
2024-07-29 10:01:20,15950.0,200,Sell,226909919
2024-07-29 10:01:20,15950.0,1500,Sell,226909920
2024-07-29 10:01:20,15950.0,100,Sell,226909921
2024-07-29 10:01:20,15950.0,100,Sell,226909922
2024-07-29 10:01:20,15950.0,900,Sell,226909923
2024-07-29 10:01:20,15950.0,2200,Sell,226909918
2024-07-29 10:01:24,15950.0,100,Sell,226909974
2024-07-29 10:01:28,15950.0,100,Sell,226910016
2024-07-29 10:01:32,16000.0,600,Buy,226910081
2024-07-29 10:01:32,16000.0,100,Buy,226910080
2024-07-29 10:01:32,16000.0,800,Buy,226910079
2024-07-29 10:01:33,15950.0,500,Sell,226910096
2024-07-29 10:01:34,15950.0,300,Sell,226910115
2024-07-29 10:01:35,15950.0,100,Sell,226910155
2024-07-29 10:01:35,15950.0,200,Sell,226910156
2024-07-29 10:01:37,15950.0,800,Sell,226910179
2024-07-29 10:01:43,15950.0,300,Sell,226910281
2024-07-29 10:01:43,15950.0,700,Sell,226910282
2024-07-29 10:01:44,15950.0,800,Sell,226910310
2024-07-29 10:01:44,15950.0,700,Sell,226910309
2024-07-29 10:01:44,15950.0,300,Sell,226910307
2024-07-29 10:01:44,15950.0,200,Sell,226910308
2024-07-29 10:01:56,15950.0,25000,Sell,226910548
2024-07-29 10:01:56,15950.0,500,Sell,226910550
2024-07-29 10:02:05,15950.0,3700,Sell,226910742
2024-07-29 10:02:05,15950.0,300,Sell,226910743
2024-07-29 10:02:07,16000.0,1400,Buy,226910760
2024-07-29 10:02:07,16000.0,600,Buy,226910761
2024-07-29 10:02:07,15950.0,5000,Sell,226910762
2024-07-29 10:02:08,15950.0,1800,Sell,226910781
2024-07-29 10:02:08,15950.0,100,Sell,226910812
2024-07-29 10:02:12,15950.0,500,Sell,226910882
2024-07-29 10:02:12,15950.0,800,Sell,226910876
2024-07-29 10:02:13,15950.0,5000,Sell,226910890
2024-07-29 10:02:13,15950.0,1000,Sell,226910891
2024-07-29 10:02:14,15950.0,3000,Sell,226910922
2024-07-29 10:02:15,15950.0,1000,Sell,226910967
2024-07-29 10:02:17,15950.0,200,Sell,226911019
2024-07-29 10:02:18,15950.0,400,Sell,226911023
2024-07-29 10:02:20,15950.0,100,Sell,226911056
2024-07-29 10:02:23,15950.0,3600,Sell,226911118
2024-07-29 10:02:24,15950.0,4000,Sell,226911148
2024-07-29 10:02:24,16000.0,400,Buy,226911150
2024-07-29 10:02:28,15950.0,2000,Sell,226911229
2024-07-29 10:02:29,15950.0,400,Sell,226911239
2024-07-29 10:02:29,15950.0,1200,Sell,226911233
2024-07-29 10:02:29,15950.0,1500,Sell,226911234
2024-07-29 10:02:30,15950.0,100,Sell,226911282
2024-07-29 10:02:30,15950.0,400,Sell,226911283
2024-07-29 10:02:33,15950.0,200,Sell,226911326
2024-07-29 10:02:33,15950.0,100,Sell,226911327
2024-07-29 10:02:36,15950.0,1300,Sell,226911391
2024-07-29 10:02:37,15950.0,1500,Sell,226911406
2024-07-29 10:02:37,15950.0,600,Sell,226911404
2024-07-29 10:02:37,15950.0,1800,Sell,226911405
2024-07-29 10:02:37,15950.0,2000,Sell,226911402
2024-07-29 10:02:37,15950.0,500,Sell,226911401
2024-07-29 10:02:37,15950.0,600,Sell,226911400
2024-07-29 10:02:37,15950.0,3000,Sell,226911403
2024-07-29 10:02:38,15950.0,1000,Sell,226911416
2024-07-29 10:02:38,15950.0,1900,Sell,226911428
2024-07-29 10:02:38,15950.0,100,Sell,226911429
2024-07-29 10:02:39,15950.0,400,Sell,226911434
2024-07-29 10:02:39,15950.0,100,Sell,226911435
2024-07-29 10:02:39,15950.0,300,Sell,226911450
2024-07-29 10:02:39,15950.0,200,Sell,226911451
2024-07-29 10:02:39,15950.0,2500,Sell,226911452
2024-07-29 10:02:40,15950.0,500,Sell,226911465
2024-07-29 10:02:40,15950.0,2000,Sell,226911466
2024-07-29 10:02:40,15950.0,10000,Sell,226911461
2024-07-29 10:02:40,15950.0,7500,Sell,226911464
2024-07-29 10:02:41,15950.0,500,Sell,226911467
2024-07-29 10:02:41,15950.0,100,Sell,226911468
2024-07-29 10:02:41,15950.0,300,Sell,226911478
2024-07-29 10:02:41,15950.0,700,Sell,226911479
2024-07-29 10:02:42,15950.0,100,Sell,226911489
2024-07-29 10:02:45,15950.0,200,Sell,226911570
2024-07-29 10:02:45,15950.0,300,Sell,226911571
2024-07-29 10:02:45,15950.0,1600,Sell,226911572
2024-07-29 10:02:45,15950.0,500,Sell,226911573
2024-07-29 10:02:45,15950.0,100,Sell,226911574
2024-07-29 10:02:45,15950.0,2300,Sell,226911575
2024-07-29 10:02:46,15950.0,8800,Sell,226911618
2024-07-29 10:02:46,16000.0,100,Buy,226911608
2024-07-29 10:02:46,15950.0,10200,Sell,226911616
2024-07-29 10:02:46,15950.0,1000,Sell,226911617
2024-07-29 10:02:47,15950.0,1200,Sell,226911636
2024-07-29 10:02:47,15950.0,500,Sell,226911637
2024-07-29 10:02:47,15950.0,300,Sell,226911638
2024-07-29 10:02:48,15950.0,600,Sell,226911666
2024-07-29 10:02:48,15950.0,400,Sell,226911667
2024-07-29 10:02:49,15950.0,200,Sell,226911678
2024-07-29 10:02:50,15950.0,200,Sell,226911806
2024-07-29 10:02:50,15950.0,400,Sell,226911805
2024-07-29 10:02:50,15950.0,700,Sell,226911691
2024-07-29 10:02:50,15950.0,1000,Sell,226911694
2024-07-29 10:02:50,15950.0,1000,Sell,226911689
2024-07-29 10:02:50,15950.0,100,Sell,226911690
2024-07-29 10:02:50,15950.0,100,Sell,226911686
2024-07-29 10:02:50,15950.0,2700,Sell,226911692
2024-07-29 10:02:50,15950.0,100,Sell,226911688
2024-07-29 10:02:50,15950.0,300,Sell,226911687
2024-07-29 10:02:53,15950.0,100,Sell,226911844
2024-07-29 10:02:53,15950.0,400,Sell,226911843
2024-07-29 10:02:56,15950.0,300,Sell,226911894
2024-07-29 10:02:56,15950.0,100,Sell,226911883
2024-07-29 10:02:58,15950.0,400,Sell,226911922
2024-07-29 10:03:00,15950.0,100,Sell,226911956
2024-07-29 10:03:00,15950.0,2300,Sell,226911957
2024-07-29 10:03:00,15950.0,6000,Sell,226911960
2024-07-29 10:03:03,15950.0,500,Sell,226912015
2024-07-29 10:03:03,15950.0,100,Sell,226912014
2024-07-29 10:03:03,15950.0,1000,Sell,226912013
2024-07-29 10:03:03,15950.0,100,Sell,226912011
2024-07-29 10:03:03,15950.0,1600,Sell,226912010
2024-07-29 10:03:03,15950.0,100,Sell,226912003
2024-07-29 10:03:03,15950.0,100,Sell,226912012
2024-07-29 10:03:06,15950.0,100,Sell,226912055
2024-07-29 10:03:06,15950.0,300,Sell,226912056
2024-07-29 10:03:10,15950.0,100,Sell,226912149
2024-07-29 10:03:17,15950.0,10000,Sell,226912298
2024-07-29 10:03:18,15950.0,100,Sell,226912347
2024-07-29 10:03:18,15950.0,100,Sell,226912346
2024-07-29 10:03:18,15950.0,400,Sell,226912345
2024-07-29 10:03:18,15950.0,1000,Sell,226912344
2024-07-29 10:03:18,15950.0,1000,Sell,226912342
2024-07-29 10:03:18,15950.0,200,Sell,226912309
2024-07-29 10:03:18,15950.0,5000,Sell,226912343
2024-07-29 10:03:18,15950.0,4400,Sell,226912341
2024-07-29 10:03:21,15900.0,300,Sell,226912389
2024-07-29 10:03:21,15900.0,9700,Sell,226912390
2024-07-29 10:03:29,15900.0,700,Sell,226912518
2024-07-29 10:03:29,15950.0,100,Buy,226912526
2024-07-29 10:03:36,15950.0,1000,Buy,226912620
2024-07-29 10:03:55,15950.0,500,Buy,226912961
2024-07-29 10:04:04,15950.0,200,Buy,226913100
2024-07-29 10:04:08,15950.0,200,Buy,226913183
2024-07-29 10:04:11,15950.0,300,Buy,226913243
2024-07-29 10:04:11,15950.0,500,Buy,226913242
2024-07-29 10:04:11,15950.0,3000,Buy,226913241
2024-07-29 10:04:11,15950.0,1000,Buy,226913240
2024-07-29 10:04:11,15950.0,3000,Buy,226913235
2024-07-29 10:04:11,15950.0,100,Buy,226913238
2024-07-29 10:04:11,15950.0,1000,Buy,226913237
2024-07-29 10:04:11,15950.0,5000,Buy,226913236
2024-07-29 10:04:11,15950.0,100,Buy,226913239
2024-07-29 10:04:11,15950.0,6000,Buy,226913234
2024-07-29 10:04:18,15950.0,100,Buy,226913382
2024-07-29 10:04:22,15950.0,400,Buy,226913457
2024-07-29 10:04:22,15950.0,100,Buy,226913456
2024-07-29 10:04:27,15950.0,100,Buy,226913542
2024-07-29 10:04:28,15950.0,200,Buy,226913588
2024-07-29 10:04:54,15900.0,400,Sell,226914260
2024-07-29 10:05:02,15900.0,1600,Sell,226914385
2024-07-29 10:05:32,15900.0,5000,Sell,226914877
2024-07-29 10:05:36,15900.0,100,Sell,226914930
2024-07-29 10:05:55,15900.0,1700,Sell,226915285
2024-07-29 10:06:02,15900.0,3000,Sell,226915403
2024-07-29 10:06:10,15900.0,1000,Sell,226915549
2024-07-29 10:06:13,15950.0,3300,Buy,226915594
2024-07-29 10:06:13,15950.0,15500,Buy,226915595
2024-07-29 10:06:25,15900.0,100,Sell,226915771
2024-07-29 10:06:34,15950.0,300,Buy,226915897
2024-07-29 10:06:36,15900.0,200,Sell,226915917
2024-07-29 10:06:36,15900.0,100,Sell,226915916
2024-07-29 10:06:42,15900.0,200,Sell,226915989
2024-07-29 10:06:43,15900.0,2000,Sell,226916036
2024-07-29 10:06:50,15900.0,200,Sell,226916115
2024-07-29 10:07:01,15900.0,200,Sell,226916278
2024-07-29 10:07:03,15900.0,100,Sell,226916298
2024-07-29 10:07:06,15900.0,1000,Sell,226916360
2024-07-29 10:07:09,15900.0,200,Sell,226916434
2024-07-29 10:07:17,15900.0,200,Sell,226916544
2024-07-29 10:07:19,15900.0,700,Sell,226916618
2024-07-29 10:07:19,15900.0,300,Sell,226916619
2024-07-29 10:07:23,15900.0,100,Sell,226916671
2024-07-29 10:07:46,15900.0,700,Sell,226917038
2024-07-29 10:07:46,15900.0,300,Sell,226917037
2024-07-29 10:07:54,15900.0,100,Sell,226917147
2024-07-29 10:08:14,15900.0,4200,Sell,226917526
2024-07-29 10:08:14,15900.0,500,Sell,226917527
2024-07-29 10:08:14,15900.0,200,Sell,226917528
2024-07-29 10:08:14,15900.0,100,Sell,226917529
2024-07-29 10:08:14,15900.0,200,Sell,226917530
2024-07-29 10:08:19,15900.0,300,Sell,226917625
2024-07-29 10:08:19,15900.0,300,Sell,226917626
2024-07-29 10:08:19,15900.0,3000,Sell,226917627
2024-07-29 10:08:19,15900.0,200,Sell,226917628
2024-07-29 10:08:19,15900.0,1200,Sell,226917629
2024-07-29 10:08:38,15900.0,700,Sell,226917862
2024-07-29 10:08:38,15900.0,400,Sell,226917863
2024-07-29 10:08:46,15950.0,200,Buy,226918094
2024-07-29 10:09:44,15950.0,100,Buy,226919095
2024-07-29 10:09:46,15950.0,2000,Buy,226919115
2024-07-29 10:10:02,15900.0,100,Sell,226919401
2024-07-29 10:10:02,15900.0,1000,Sell,226919402
2024-07-29 10:10:02,15900.0,500,Sell,226919403
2024-07-29 10:10:02,15900.0,3400,Sell,226919404
2024-07-29 10:10:05,15900.0,1600,Sell,226919448
2024-07-29 10:10:05,15900.0,1400,Sell,226919449
2024-07-29 10:10:08,15900.0,100,Sell,226919517
2024-07-29 10:10:24,15900.0,4500,Sell,226919704
2024-07-29 10:10:24,15900.0,500,Sell,226919703
2024-07-29 10:10:27,15950.0,500,Buy,226919771
2024-07-29 10:10:27,15900.0,100,Sell,226919772
2024-07-29 10:10:29,15900.0,100,Sell,226919798
2024-07-29 10:10:45,15900.0,100,Sell,226920014
2024-07-29 10:10:50,15900.0,2500,Sell,226920091
2024-07-29 10:10:50,15900.0,1300,Sell,226920090
2024-07-29 10:10:50,15900.0,300,Sell,226920089
2024-07-29 10:10:50,15900.0,200,Sell,226920087
2024-07-29 10:10:50,15900.0,1000,Sell,226920086
2024-07-29 10:10:50,15900.0,200,Sell,226920088
2024-07-29 10:10:50,15900.0,2000,Sell,226920084
2024-07-29 10:10:50,15900.0,100,Sell,226920083
2024-07-29 10:10:50,15900.0,1000,Sell,226920082
2024-07-29 10:10:50,15900.0,1000,Sell,226920081
2024-07-29 10:10:50,15900.0,200,Sell,226920080
2024-07-29 10:10:50,15900.0,200,Sell,226920085
2024-07-29 10:10:56,15900.0,1000,Sell,226920143
2024-07-29 10:10:59,15950.0,1000,Buy,226920179
2024-07-29 10:11:15,15900.0,200,Sell,226920426
2024-07-29 10:11:23,15900.0,100,Sell,226920527
2024-07-29 10:11:25,15900.0,100,Sell,226920558
2024-07-29 10:11:27,15900.0,1000,Sell,226920593
2024-07-29 10:11:27,15900.0,200,Sell,226920592
2024-07-29 10:11:27,15900.0,4700,Sell,226920594
2024-07-29 10:11:27,15900.0,1000,Sell,226920590
2024-07-29 10:11:27,15900.0,3000,Sell,226920589
2024-07-29 10:11:27,15900.0,100,Sell,226920588
2024-07-29 10:11:27,15900.0,1000,Sell,226920591
2024-07-29 10:11:43,15900.0,400,Sell,226920838
2024-07-29 10:11:45,15900.0,1000,Sell,226920855
2024-07-29 10:11:54,15900.0,200,Sell,226920977
2024-07-29 10:11:59,15900.0,900,Sell,226921046
2024-07-29 10:12:10,15900.0,600,Sell,226921188
2024-07-29 10:12:16,15900.0,3400,Sell,226921250
2024-07-29 10:12:26,15900.0,5000,Sell,226921387
2024-07-29 10:12:32,15900.0,1000,Sell,226921471
2024-07-29 10:12:55,15900.0,2000,Sell,226921830
2024-07-29 10:13:05,15900.0,100,Sell,226922044
2024-07-29 10:13:05,15900.0,700,Sell,226922043
2024-07-29 10:13:05,15900.0,800,Sell,226922041
2024-07-29 10:13:05,15900.0,400,Sell,226922042
2024-07-29 10:13:28,15900.0,400,Sell,226922426
2024-07-29 10:13:28,15900.0,1400,Sell,226922427
2024-07-29 10:13:29,15900.0,200,Sell,226922438
2024-07-29 10:13:35,15900.0,200,Sell,226922487
2024-07-29 10:13:37,15900.0,1000,Sell,226922539
2024-07-29 10:13:44,15900.0,3000,Sell,226922640
2024-07-29 10:13:45,15900.0,600,Sell,226922658
2024-07-29 10:13:45,15900.0,500,Sell,226922662
2024-07-29 10:13:45,15900.0,100,Sell,226922661
2024-07-29 10:13:45,15900.0,200,Sell,226922660
2024-07-29 10:13:45,15900.0,500,Sell,226922659
2024-07-29 10:13:45,15900.0,200,Sell,226922656
2024-07-29 10:13:45,15900.0,1800,Sell,226922657
2024-07-29 10:13:45,15900.0,200,Sell,226922647
2024-07-29 10:13:45,15900.0,400,Sell,226922650
2024-07-29 10:13:45,15900.0,500,Sell,226922651
2024-07-29 10:13:45,15900.0,100,Sell,226922655
2024-07-29 10:13:45,15900.0,100,Sell,226922653
2024-07-29 10:13:45,15900.0,200,Sell,226922654
2024-07-29 10:13:45,15900.0,200,Sell,226922652
2024-07-29 10:13:51,15900.0,300,Sell,226922712
2024-07-29 10:13:51,15900.0,2700,Sell,226922713
2024-07-29 10:13:52,15900.0,600,Sell,226922734
2024-07-29 10:13:52,15900.0,500,Sell,226922735
2024-07-29 10:13:52,15900.0,300,Sell,226922732
2024-07-29 10:13:52,15900.0,100,Sell,226922733
2024-07-29 10:13:55,15900.0,700,Sell,226922763
2024-07-29 10:14:04,15900.0,2000,Sell,226922868
2024-07-29 10:15:00,15900.0,1000,Sell,226923625
2024-07-29 10:15:27,15900.0,500,Sell,226924047
2024-07-29 10:15:34,15900.0,300,Sell,226924120
2024-07-29 10:15:34,15900.0,500,Sell,226924121
2024-07-29 10:16:02,15900.0,500,Sell,226924580
2024-07-29 10:16:15,15900.0,300,Sell,226924834
2024-07-29 10:16:15,15900.0,700,Sell,226924835
2024-07-29 10:16:26,15900.0,1700,Sell,226925049
2024-07-29 10:16:26,15900.0,300,Sell,226925048
2024-07-29 10:16:29,15900.0,1000,Sell,226925086
2024-07-29 10:16:29,15900.0,1500,Sell,226925081
2024-07-29 10:16:29,15900.0,3200,Sell,226925082
2024-07-29 10:16:42,15900.0,4400,Sell,226925289
2024-07-29 10:16:42,15900.0,5800,Sell,226925288
2024-07-29 10:16:50,15900.0,500,Sell,226925471
2024-07-29 10:17:12,15900.0,10000,Sell,226925817
2024-07-29 10:17:14,15900.0,100,Sell,226925873
2024-07-29 10:17:15,15950.0,400,Buy,226925885
2024-07-29 10:17:15,15950.0,100,Buy,226925886
2024-07-29 10:17:15,15900.0,1700,Sell,226925890
2024-07-29 10:17:22,15900.0,5000,Sell,226926151
2024-07-29 10:17:22,15900.0,200,Sell,226926150
2024-07-29 10:17:22,15900.0,200,Sell,226926149
2024-07-29 10:17:22,15900.0,100,Sell,226926148
2024-07-29 10:17:22,15900.0,600,Sell,226926145
2024-07-29 10:17:22,15900.0,2000,Sell,226926146
2024-07-29 10:17:22,15900.0,800,Sell,226926144
2024-07-29 10:17:22,15900.0,200,Sell,226926143
2024-07-29 10:17:22,15900.0,3300,Sell,226926142
2024-07-29 10:17:22,15900.0,100,Sell,226926147
2024-07-29 10:17:49,15900.0,2000,Sell,226926484
2024-07-29 10:17:56,15900.0,100,Sell,226926569
2024-07-29 10:17:58,15900.0,2900,Sell,226926599
2024-07-29 10:17:58,15900.0,7100,Sell,226926600
2024-07-29 10:18:03,15900.0,2000,Sell,226926713
2024-07-29 10:18:07,15900.0,1000,Sell,226926796
2024-07-29 10:18:07,15900.0,100,Sell,226926795
2024-07-29 10:18:07,15900.0,100,Sell,226926798
2024-07-29 10:18:07,15900.0,2000,Sell,226926797
2024-07-29 10:18:07,15900.0,500,Sell,226926794
2024-07-29 10:18:07,15900.0,1000,Sell,226926789
2024-07-29 10:18:07,15900.0,200,Sell,226926792
2024-07-29 10:18:07,15900.0,100,Sell,226926793
2024-07-29 10:18:07,15900.0,10900,Sell,226926788
2024-07-29 10:18:07,15900.0,100,Sell,226926790
2024-07-29 10:18:07,15900.0,100,Sell,226926791
2024-07-29 10:18:41,15900.0,1000,Buy,226927246
2024-07-29 10:19:32,15900.0,100,Buy,226928010
2024-07-29 10:20:18,15900.0,1800,Buy,226928649
2024-07-29 10:20:21,15900.0,600,Buy,226928689
2024-07-29 10:21:04,15900.0,1000,Buy,226929345
2024-07-29 10:21:06,15900.0,2400,Buy,226929383
2024-07-29 10:21:14,15900.0,3600,Buy,226929491
2024-07-29 10:21:14,15900.0,1000,Buy,226929492
2024-07-29 10:21:14,15900.0,5400,Buy,226929493
2024-07-29 10:21:21,15900.0,200,Buy,226929628
2024-07-29 10:21:31,15900.0,500,Buy,226929804
2024-07-29 10:21:36,15900.0,200,Buy,226929874
2024-07-29 10:22:05,15850.0,100,Sell,226930394
2024-07-29 10:22:05,15850.0,400,Sell,226930395
2024-07-29 10:22:10,15900.0,200,Buy,226930485
2024-07-29 10:23:04,15900.0,200,Buy,226931979
2024-07-29 10:23:41,15900.0,300,Buy,226932603
2024-07-29 10:23:43,15900.0,400,Buy,226932623
2024-07-29 10:23:47,15900.0,100,Buy,226932678
2024-07-29 10:23:52,15850.0,600,Sell,226932771
2024-07-29 10:23:52,15850.0,3400,Sell,226932772
2024-07-29 10:24:36,15900.0,500,Buy,226933516
2024-07-29 10:24:36,15900.0,2000,Buy,226933515
2024-07-29 10:24:36,15900.0,2500,Buy,226933514
2024-07-29 10:24:57,15900.0,500,Buy,226933772
2024-07-29 10:24:58,15900.0,2000,Buy,226933782
2024-07-29 10:25:04,15900.0,2000,Buy,226933839
2024-07-29 10:25:06,15900.0,200,Buy,226933853
2024-07-29 10:25:22,15900.0,200,Buy,226934072
2024-07-29 10:25:31,15900.0,200,Buy,226934196
2024-07-29 10:25:42,15900.0,200,Buy,226934367
2024-07-29 10:25:46,15900.0,500,Buy,226934438
2024-07-29 10:25:48,15900.0,100,Buy,226934454
2024-07-29 10:26:03,15850.0,100,Sell,226934711
2024-07-29 10:26:17,15850.0,1000,Sell,226934932
2024-07-29 10:26:28,15850.0,200,Sell,226935108
2024-07-29 10:26:55,15900.0,100,Buy,226935517
2024-07-29 10:27:18,15900.0,1600,Buy,226935826
2024-07-29 10:27:19,15900.0,100,Buy,226935841
2024-07-29 10:27:24,15900.0,10000,Buy,226935937
2024-07-29 10:27:27,15900.0,100,Buy,226935982
2024-07-29 10:27:36,15900.0,2000,Buy,226936116
2024-07-29 10:27:50,15900.0,500,Buy,226936281
2024-07-29 10:27:53,15900.0,100,Buy,226936321
2024-07-29 10:28:03,15900.0,200,Buy,226936485
2024-07-29 10:28:05,15900.0,100,Buy,226936513
2024-07-29 10:28:06,15900.0,800,Buy,226936528
2024-07-29 10:28:09,15850.0,100,Sell,226936589
2024-07-29 10:28:10,15900.0,200,Buy,226936602
2024-07-29 10:28:41,15900.0,300,Buy,226937083
2024-07-29 10:28:51,15900.0,3000,Buy,226937216
2024-07-29 10:29:25,15900.0,1000,Buy,226937789
2024-07-29 10:29:26,15900.0,200,Buy,226937806
2024-07-29 10:29:34,15900.0,4900,Buy,226937879
2024-07-29 10:29:43,15850.0,1000,Sell,226938116
2024-07-29 10:30:03,15900.0,300,Buy,226938361
2024-07-29 10:30:05,15850.0,1000,Sell,226938377
2024-07-29 10:30:11,15850.0,1100,Sell,226938462
2024-07-29 10:30:14,15850.0,100,Sell,226938507
2024-07-29 10:30:15,15850.0,1000,Sell,226938512
2024-07-29 10:30:24,15900.0,100,Buy,226938659
2024-07-29 10:30:44,15850.0,100,Sell,226938905
2024-07-29 10:30:56,15850.0,100,Sell,226939068
2024-07-29 10:31:16,15850.0,100,Sell,226939389
2024-07-29 10:31:32,15850.0,100,Sell,226939599
2024-07-29 10:31:36,15850.0,600,Sell,226939655
2024-07-29 10:31:36,15850.0,100,Sell,226939656
2024-07-29 10:31:36,15850.0,2300,Sell,226939657
2024-07-29 10:31:39,15850.0,100,Sell,226939687
2024-07-29 10:31:44,15900.0,100,Buy,226939768
2024-07-29 10:31:57,15850.0,100,Sell,226939986
2024-07-29 10:32:15,15900.0,300,Buy,226940241
2024-07-29 10:32:24,15850.0,2000,Sell,226940376
2024-07-29 10:32:55,15850.0,200,Sell,226940732
2024-07-29 10:33:20,15900.0,200,Buy,226941043
2024-07-29 10:34:01,15900.0,100,Buy,226941623
2024-07-29 10:34:05,15850.0,100,Sell,226941696
2024-07-29 10:34:29,15900.0,100,Buy,226941999
2024-07-29 10:35:25,15850.0,100,Sell,226942913
2024-07-29 10:36:04,15850.0,100,Sell,226943457
2024-07-29 10:36:10,15850.0,1000,Sell,226943552
2024-07-29 10:36:10,15850.0,100,Sell,226943553
2024-07-29 10:36:10,15850.0,500,Sell,226943550
2024-07-29 10:36:10,15850.0,100,Sell,226943551
2024-07-29 10:36:23,15850.0,100,Sell,226943680
2024-07-29 10:36:32,15850.0,100,Sell,226943770
2024-07-29 10:36:32,15850.0,400,Sell,226943771
2024-07-29 10:37:44,15850.0,1000,Sell,226944713
2024-07-29 10:37:57,15850.0,200,Sell,226944873
2024-07-29 10:38:07,15900.0,100,Buy,226945003
2024-07-29 10:38:11,15850.0,100,Sell,226945040
2024-07-29 10:38:16,15850.0,13800,Sell,226945143
2024-07-29 10:38:16,15850.0,1200,Sell,226945142
2024-07-29 10:38:16,15850.0,100,Sell,226945141
2024-07-29 10:38:16,15850.0,2000,Sell,226945140
2024-07-29 10:38:16,15850.0,2000,Sell,226945138
2024-07-29 10:38:16,15850.0,100,Sell,226945139
2024-07-29 10:38:16,15850.0,8300,Sell,226945137
2024-07-29 10:38:17,15900.0,500,Buy,226945147
2024-07-29 10:38:33,15900.0,1000,Buy,226945372
2024-07-29 10:38:33,15900.0,300,Buy,226945368
2024-07-29 10:39:11,15900.0,5000,Buy,226945959
2024-07-29 10:39:14,15900.0,6500,Buy,226945992
2024-07-29 10:39:14,15900.0,100,Buy,226945993
2024-07-29 10:39:14,15900.0,200,Buy,226945994
2024-07-29 10:39:14,15900.0,100,Buy,226945995
2024-07-29 10:39:14,15900.0,1000,Buy,226945996
2024-07-29 10:39:14,15900.0,2100,Buy,226945997
2024-07-29 10:40:05,15850.0,2200,Sell,226946876
2024-07-29 10:40:14,15900.0,1300,Buy,226947110
2024-07-29 10:40:14,15900.0,1800,Buy,226947111
2024-07-29 10:40:14,15900.0,1000,Buy,226947112
2024-07-29 10:40:14,15900.0,5000,Buy,226947113
2024-07-29 10:40:14,15900.0,900,Buy,226947109
2024-07-29 10:40:19,15900.0,100,Buy,226947197
2024-07-29 10:40:28,15850.0,5000,Sell,226947384
2024-07-29 10:41:17,15850.0,100,Sell,226947988
2024-07-29 10:41:28,15850.0,200,Sell,226948173
2024-07-29 10:41:37,15900.0,100,Buy,226948292
2024-07-29 10:41:37,15900.0,100,Buy,226948291
2024-07-29 10:41:44,15900.0,100,Buy,226948425
2024-07-29 10:41:44,15900.0,200,Buy,226948424
2024-07-29 10:41:44,15900.0,900,Buy,226948421
2024-07-29 10:41:44,15900.0,500,Buy,226948422
2024-07-29 10:41:44,15900.0,200,Buy,226948423
2024-07-29 10:42:02,15900.0,400,Buy,226948643
2024-07-29 10:42:32,15900.0,1400,Buy,226948969
2024-07-29 10:42:32,15900.0,1600,Buy,226948970
2024-07-29 10:42:38,15850.0,3000,Sell,226949066
2024-07-29 10:43:40,15850.0,100,Sell,226949941
2024-07-29 10:43:43,15850.0,1600,Sell,226949974
2024-07-29 10:43:43,15850.0,100,Sell,226949975
2024-07-29 10:44:06,15850.0,300,Sell,226950332
2024-07-29 10:44:18,15900.0,100,Buy,226950428
2024-07-29 10:44:50,15850.0,200,Sell,226950837
2024-07-29 10:45:38,15850.0,700,Sell,226951437
2024-07-29 10:45:48,15850.0,200,Sell,226951540
2024-07-29 10:45:57,15850.0,500,Sell,226951694
2024-07-29 10:46:20,15850.0,200,Sell,226952020
2024-07-29 10:47:30,15850.0,100,Sell,226952914
2024-07-29 10:47:30,15850.0,100,Sell,226952915
2024-07-29 10:47:30,15850.0,500,Sell,226952913
2024-07-29 10:47:30,15850.0,900,Sell,226952911
2024-07-29 10:47:30,15850.0,100,Sell,226952912
2024-07-29 10:48:57,15850.0,100,Sell,226954057
2024-07-29 10:49:08,15850.0,1900,Sell,226954274
2024-07-29 10:49:08,15850.0,100,Sell,226954273
2024-07-29 10:49:08,15850.0,1000,Sell,226954272
2024-07-29 10:49:08,15850.0,200,Sell,226954271
2024-07-29 10:49:08,15850.0,800,Sell,226954270
2024-07-29 10:49:08,15850.0,300,Sell,226954269
2024-07-29 10:49:08,15850.0,200,Sell,226954268
2024-07-29 10:49:08,15850.0,200,Sell,226954266
2024-07-29 10:49:08,15850.0,3000,Sell,226954265
2024-07-29 10:49:08,15850.0,1000,Sell,226954264
2024-07-29 10:49:08,15850.0,200,Sell,226954263
2024-07-29 10:49:08,15850.0,200,Sell,226954262
2024-07-29 10:49:08,15850.0,100,Sell,226954261
2024-07-29 10:49:08,15850.0,100,Sell,226954267
2024-07-29 10:49:08,15850.0,800,Sell,226954259
2024-07-29 10:49:08,15850.0,5000,Sell,226954258
2024-07-29 10:49:08,15850.0,100,Sell,226954257
2024-07-29 10:49:08,15850.0,1000,Sell,226954256
2024-07-29 10:49:08,15850.0,100,Sell,226954255
2024-07-29 10:49:08,15850.0,3500,Sell,226954254
2024-07-29 10:49:08,15850.0,300,Sell,226954253
2024-07-29 10:49:08,15850.0,500,Sell,226954252
2024-07-29 10:49:08,15850.0,500,Sell,226954251
2024-07-29 10:49:08,15850.0,1000,Sell,226954250
2024-07-29 10:49:08,15850.0,1000,Sell,226954249
2024-07-29 10:49:08,15850.0,500,Sell,226954248
2024-07-29 10:49:08,15850.0,800,Sell,226954247
2024-07-29 10:49:08,15850.0,1000,Sell,226954260
2024-07-29 10:49:25,15900.0,6200,Buy,226954557
2024-07-29 10:49:56,15850.0,3100,Sell,226955071
2024-07-29 10:49:56,15850.0,800,Sell,226955072
2024-07-29 10:49:56,15850.0,2600,Sell,226955070
2024-07-29 10:49:58,15900.0,200,Buy,226955087
2024-07-29 10:50:10,15900.0,1900,Buy,226955254
2024-07-29 10:50:34,15850.0,900,Sell,226955546
2024-07-29 10:50:38,15900.0,1700,Buy,226955585
2024-07-29 10:50:38,15900.0,1300,Buy,226955586
2024-07-29 10:51:31,15850.0,10400,Sell,226956467
2024-07-29 10:52:14,15850.0,200,Sell,226957064
2024-07-29 10:52:21,15850.0,300,Sell,226957170
2024-07-29 10:52:39,15850.0,100,Sell,226957433
2024-07-29 10:53:26,15850.0,2800,Sell,226958023
2024-07-29 10:53:26,15850.0,7300,Sell,226958020
2024-07-29 10:53:26,15850.0,400,Sell,226958021
2024-07-29 10:53:26,15850.0,100,Sell,226958022
2024-07-29 10:53:41,15850.0,100,Sell,226958201
2024-07-29 10:53:42,15900.0,100,Buy,226958219
2024-07-29 10:54:15,15850.0,100,Sell,226958688
2024-07-29 10:54:15,15850.0,2000,Sell,226958689
2024-07-29 10:54:15,15850.0,500,Sell,226958690
2024-07-29 10:54:19,15850.0,100,Sell,226958729
2024-07-29 10:54:19,15850.0,200,Sell,226958730
2024-07-29 10:54:22,15900.0,100,Buy,226958762
2024-07-29 10:54:56,15850.0,200,Sell,226959236
2024-07-29 10:55:05,15850.0,1700,Sell,226959334
2024-07-29 10:55:13,15900.0,900,Buy,226959438
2024-07-29 10:55:32,15900.0,100,Buy,226959798
2024-07-29 10:55:56,15900.0,1000,Buy,226960089
2024-07-29 10:55:56,15900.0,3700,Buy,226960090
2024-07-29 10:56:11,15900.0,100,Buy,226960295
2024-07-29 10:56:11,15900.0,700,Buy,226960299
2024-07-29 10:56:11,15900.0,2500,Buy,226960298
2024-07-29 10:56:11,15900.0,100,Buy,226960297
2024-07-29 10:56:11,15900.0,300,Buy,226960296
2024-07-29 10:56:11,15900.0,1000,Buy,226960294
2024-07-29 10:56:11,15900.0,100,Buy,226960291
2024-07-29 10:56:11,15900.0,500,Buy,226960292
2024-07-29 10:56:11,15900.0,1000,Buy,226960286
2024-07-29 10:56:11,15900.0,500,Buy,226960290
2024-07-29 10:56:11,15900.0,300,Buy,226960289
2024-07-29 10:56:11,15900.0,1100,Buy,226960288
2024-07-29 10:56:11,15900.0,1700,Buy,226960287
2024-07-29 10:56:11,15900.0,100,Buy,226960293
2024-07-29 10:56:28,15900.0,200,Buy,226960553
2024-07-29 10:56:28,15900.0,1000,Buy,226960552
2024-07-29 10:56:28,15900.0,100,Buy,226960550
2024-07-29 10:56:28,15900.0,200,Buy,226960549
2024-07-29 10:56:28,15900.0,1000,Buy,226960548
2024-07-29 10:56:28,15900.0,100,Buy,226960551
2024-07-29 10:56:40,15900.0,100,Buy,226960706
2024-07-29 10:57:04,15900.0,5000,Buy,226961084
2024-07-29 10:57:16,15900.0,200,Buy,226961204
2024-07-29 10:57:28,15900.0,500,Buy,226961333
2024-07-29 10:57:28,15900.0,500,Buy,226961332
2024-07-29 10:57:28,15900.0,1900,Buy,226961334
2024-07-29 10:57:28,15900.0,800,Buy,226961330
2024-07-29 10:57:28,15900.0,3300,Buy,226961329
2024-07-29 10:57:28,15900.0,3000,Buy,226961331
2024-07-29 10:57:31,15900.0,100,Buy,226961381
2024-07-29 10:58:18,15900.0,3000,Buy,226961812
2024-07-29 10:58:18,15900.0,2000,Buy,226961813
2024-07-29 10:58:26,15850.0,2000,Sell,226961893
2024-07-29 10:58:33,15900.0,500,Buy,226961956
2024-07-29 10:59:01,15900.0,500,Buy,226962427
2024-07-29 10:59:18,15900.0,300,Buy,226962596
2024-07-29 10:59:22,15900.0,100,Buy,226962761
2024-07-29 10:59:22,15900.0,200,Buy,226962757
2024-07-29 10:59:22,15900.0,500,Buy,226962760
2024-07-29 10:59:22,15900.0,1000,Buy,226962759
2024-07-29 10:59:22,15900.0,5800,Buy,226962758
2024-07-29 10:59:22,15900.0,10000,Buy,226962762
2024-07-29 10:59:22,15900.0,100,Buy,226962756
2024-07-29 10:59:22,15900.0,1000,Buy,226962752
2024-07-29 10:59:22,15900.0,1000,Buy,226962754
2024-07-29 10:59:22,15900.0,100,Buy,226962753
2024-07-29 10:59:22,15900.0,300,Buy,226962763
2024-07-29 10:59:22,15900.0,200,Buy,226962751
2024-07-29 10:59:22,15900.0,2000,Buy,226962750
2024-07-29 10:59:22,15900.0,1000,Buy,226962749
2024-07-29 10:59:22,15900.0,1800,Buy,226962748
2024-07-29 10:59:22,15900.0,1000,Buy,226962755
2024-07-29 10:59:22,15900.0,2000,Buy,226962764
2024-07-29 10:59:22,15900.0,100,Buy,226962769
2024-07-29 10:59:22,15900.0,1200,Buy,226962766
2024-07-29 10:59:22,15900.0,7700,Buy,226962782
2024-07-29 10:59:22,15900.0,1700,Buy,226962781
2024-07-29 10:59:22,15900.0,200,Buy,226962780
2024-07-29 10:59:22,15900.0,500,Buy,226962779
2024-07-29 10:59:22,15900.0,800,Buy,226962778
2024-07-29 10:59:22,15900.0,100,Buy,226962777
2024-07-29 10:59:22,15900.0,100,Buy,226962776
2024-07-29 10:59:22,15900.0,400,Buy,226962775
2024-07-29 10:59:22,15900.0,500,Buy,226962774
2024-07-29 10:59:22,15900.0,100,Buy,226962773
2024-07-29 10:59:22,15900.0,400,Buy,226962747
2024-07-29 10:59:22,15900.0,1000,Buy,226962771
2024-07-29 10:59:22,15900.0,4000,Buy,226962770
2024-07-29 10:59:22,15900.0,100,Buy,226962768
2024-07-29 10:59:22,15900.0,600,Buy,226962767
2024-07-29 10:59:22,15900.0,200,Buy,226962765
2024-07-29 10:59:22,15900.0,800,Buy,226962746
2024-07-29 10:59:22,15900.0,1000,Buy,226962772
2024-07-29 10:59:22,15900.0,1000,Buy,226962744
2024-07-29 10:59:22,15900.0,500,Buy,226962723
2024-07-29 10:59:22,15900.0,500,Buy,226962722
2024-07-29 10:59:22,15900.0,100,Buy,226962721
2024-07-29 10:59:22,15900.0,600,Buy,226962720
2024-07-29 10:59:22,15900.0,10000,Buy,226962719
2024-07-29 10:59:22,15900.0,300,Buy,226962718
2024-07-29 10:59:22,15900.0,5000,Buy,226962717
2024-07-29 10:59:22,15900.0,200,Buy,226962724
2024-07-29 10:59:22,15900.0,300,Buy,226962715
2024-07-29 10:59:22,15900.0,2000,Buy,226962713
2024-07-29 10:59:22,15900.0,100,Buy,226962712
2024-07-29 10:59:22,15900.0,200,Buy,226962711
2024-07-29 10:59:22,15900.0,300,Buy,226962710
2024-07-29 10:59:22,15900.0,1800,Buy,226962709
2024-07-29 10:59:22,15900.0,2400,Buy,226962708
2024-07-29 10:59:22,15900.0,1000,Buy,226962745
2024-07-29 10:59:22,15900.0,100,Buy,226962714
2024-07-29 10:59:22,15900.0,10000,Buy,226962725
2024-07-29 10:59:22,15900.0,100,Buy,226962716
2024-07-29 10:59:22,15900.0,200,Buy,226962727
2024-07-29 10:59:22,15900.0,2800,Buy,226962742
2024-07-29 10:59:22,15900.0,1000,Buy,226962741
2024-07-29 10:59:22,15900.0,100,Buy,226962740
2024-07-29 10:59:22,15900.0,1000,Buy,226962739
2024-07-29 10:59:22,15900.0,5100,Buy,226962738
2024-07-29 10:59:22,15900.0,3500,Buy,226962737
2024-07-29 10:59:22,15900.0,200,Buy,226962736
2024-07-29 10:59:22,15900.0,9200,Buy,226962735
2024-07-29 10:59:22,15900.0,2500,Buy,226962734
2024-07-29 10:59:22,15900.0,3000,Buy,226962733
2024-07-29 10:59:22,15900.0,3400,Buy,226962732
2024-07-29 10:59:22,15900.0,1000,Buy,226962731
2024-07-29 10:59:22,15900.0,1000,Buy,226962730
2024-07-29 10:59:22,15900.0,100,Buy,226962729
2024-07-29 10:59:22,15900.0,2000,Buy,226962728
2024-07-29 10:59:22,15900.0,1000,Buy,226962743
2024-07-29 10:59:22,15900.0,1800,Buy,226962726
2024-07-29 10:59:37,15900.0,1300,Buy,226962956
2024-07-29 10:59:37,15900.0,100,Buy,226962955
2024-07-29 10:59:37,15900.0,300,Buy,226962954
2024-07-29 10:59:52,15950.0,400,Buy,226963115
2024-07-29 10:59:53,15900.0,200,Sell,226963139
2024-07-29 11:00:03,15950.0,100,Buy,226963285
2024-07-29 11:00:30,15900.0,2100,Sell,226963660
2024-07-29 11:00:30,15900.0,4100,Sell,226963661
2024-07-29 11:00:40,15900.0,1000,Sell,226963806
2024-07-29 11:01:35,15900.0,200,Sell,226964460
2024-07-29 11:01:37,15900.0,2000,Sell,226964476
2024-07-29 11:01:41,15950.0,1000,Buy,226964536
2024-07-29 11:01:41,15950.0,100000,Buy,226964537
2024-07-29 11:01:41,15950.0,100,Buy,226964538
2024-07-29 11:01:41,15950.0,1000,Buy,226964535
2024-07-29 11:01:41,15950.0,100,Buy,226964540
2024-07-29 11:01:41,15950.0,500,Buy,226964541
2024-07-29 11:01:41,15950.0,6500,Buy,226964542
2024-07-29 11:01:41,15950.0,2000,Buy,226964539
2024-07-29 11:01:41,15950.0,1000,Buy,226964534
2024-07-29 11:01:41,15950.0,20200,Buy,226964529
2024-07-29 11:01:41,15950.0,10000,Buy,226964532
2024-07-29 11:01:41,15950.0,10000,Buy,226964531
2024-07-29 11:01:41,15950.0,1000,Buy,226964530
2024-07-29 11:01:41,15950.0,200,Buy,226964533
2024-07-29 11:01:41,15950.0,2000,Buy,226964528
2024-07-29 11:01:41,15950.0,10000,Buy,226964527
2024-07-29 11:01:41,15950.0,500,Buy,226964526
2024-07-29 11:01:41,15950.0,3000,Buy,226964525
2024-07-29 11:01:41,15950.0,9400,Buy,226964524
2024-07-29 11:01:57,15950.0,300,Buy,226964719
2024-07-29 11:02:13,15950.0,200,Buy,226964956
2024-07-29 11:02:13,15950.0,200,Buy,226964955
2024-07-29 11:02:13,15950.0,100,Buy,226964954
2024-07-29 11:02:13,15950.0,5000,Buy,226964953
2024-07-29 11:02:13,15950.0,100,Buy,226964952
2024-07-29 11:02:13,15950.0,100,Buy,226964957
2024-07-29 11:02:13,15950.0,1400,Buy,226964951
2024-07-29 11:02:13,15950.0,400,Buy,226964945
2024-07-29 11:02:13,15950.0,1000,Buy,226964949
2024-07-29 11:02:13,15950.0,500,Buy,226964946
2024-07-29 11:02:13,15950.0,200,Buy,226964958
2024-07-29 11:02:13,15950.0,5000,Buy,226964944
2024-07-29 11:02:13,15950.0,5000,Buy,226964943
2024-07-29 11:02:13,15950.0,100,Buy,226964942
2024-07-29 11:02:13,15950.0,100,Buy,226964941
2024-07-29 11:02:13,15950.0,1000,Buy,226964940
2024-07-29 11:02:13,15950.0,900,Buy,226964950
2024-07-29 11:02:13,15950.0,3100,Buy,226964959
2024-07-29 11:02:13,15950.0,100,Buy,226964963
2024-07-29 11:02:13,15950.0,5000,Buy,226964961
2024-07-29 11:02:13,15950.0,300,Buy,226964939
2024-07-29 11:02:13,15950.0,400,Buy,226964978
2024-07-29 11:02:13,15950.0,2000,Buy,226964977
2024-07-29 11:02:13,15950.0,100,Buy,226964976
2024-07-29 11:02:13,15950.0,400,Buy,226964975
2024-07-29 11:02:13,15950.0,700,Buy,226964974
2024-07-29 11:02:13,15950.0,300,Buy,226964973
2024-07-29 11:02:13,15950.0,1000,Buy,226964972
2024-07-29 11:02:13,15950.0,600,Buy,226964971
2024-07-29 11:02:13,15950.0,100,Buy,226964970
2024-07-29 11:02:13,15950.0,1300,Buy,226964969
2024-07-29 11:02:13,15950.0,2500,Buy,226964968
2024-07-29 11:02:13,15950.0,600,Buy,226964967
2024-07-29 11:02:13,15950.0,300,Buy,226964966
2024-07-29 11:02:13,15950.0,500,Buy,226964965
2024-07-29 11:02:13,15950.0,100,Buy,226964964
2024-07-29 11:02:13,15950.0,300,Buy,226964962
2024-07-29 11:02:13,15950.0,2000,Buy,226964960
2024-07-29 11:02:13,15950.0,3000,Buy,226964938
2024-07-29 11:02:13,15950.0,500,Buy,226964948
2024-07-29 11:02:13,15950.0,500,Buy,226964936
2024-07-29 11:02:13,15950.0,300,Buy,226964914
2024-07-29 11:02:13,15950.0,5000,Buy,226964913
2024-07-29 11:02:13,15950.0,100,Buy,226964912
2024-07-29 11:02:13,15950.0,300,Buy,226964911
2024-07-29 11:02:13,15950.0,200,Buy,226964910
2024-07-29 11:02:13,15950.0,100,Buy,226964909
2024-07-29 11:02:13,15950.0,2300,Buy,226964908
2024-07-29 11:02:13,15950.0,200,Buy,226964907
2024-07-29 11:02:13,15950.0,9300,Buy,226964906
2024-07-29 11:02:13,15950.0,5000,Buy,226964905
2024-07-29 11:02:13,15950.0,3000,Buy,226964937
2024-07-29 11:02:13,15950.0,100,Buy,226964903
2024-07-29 11:02:13,15950.0,5000,Buy,226964902
2024-07-29 11:02:13,15950.0,200,Buy,226964901
2024-07-29 11:02:13,15950.0,1200,Buy,226964900
2024-07-29 11:02:13,15950.0,5000,Buy,226964899
2024-07-29 11:02:13,15950.0,2600,Buy,226964898
2024-07-29 11:02:13,15950.0,1000,Buy,226964915
2024-07-29 11:02:13,15950.0,5300,Buy,226964916
2024-07-29 11:02:13,15950.0,100,Buy,226964904
2024-07-29 11:02:13,15950.0,1700,Buy,226964918
2024-07-29 11:02:13,15950.0,4400,Buy,226964917
2024-07-29 11:02:13,15950.0,1000,Buy,226964935
2024-07-29 11:02:13,15950.0,400,Buy,226964934
2024-07-29 11:02:13,15950.0,2000,Buy,226964933
2024-07-29 11:02:13,15950.0,500,Buy,226964931
2024-07-29 11:02:13,15950.0,2000,Buy,226964930
2024-07-29 11:02:13,15950.0,5600,Buy,226964929
2024-07-29 11:02:13,15950.0,200,Buy,226964928
2024-07-29 11:02:13,15950.0,100,Buy,226964932
2024-07-29 11:02:13,15950.0,1000,Buy,226964926
2024-07-29 11:02:13,15950.0,3000,Buy,226964925
2024-07-29 11:02:13,15950.0,1300,Buy,226964924
2024-07-29 11:02:13,15950.0,5000,Buy,226964923
2024-07-29 11:02:13,15950.0,1500,Buy,226964919
2024-07-29 11:02:13,15950.0,200,Buy,226964922
2024-07-29 11:02:13,15950.0,1000,Buy,226964921
2024-07-29 11:02:13,15950.0,400,Buy,226964920
2024-07-29 11:02:13,15950.0,400,Buy,226964927
2024-07-29 11:02:22,15950.0,100,Buy,226965070
2024-07-29 11:02:22,15950.0,400,Buy,226965069
2024-07-29 11:02:23,15950.0,7700,Buy,226965094
2024-07-29 11:02:23,15950.0,300,Buy,226965088
2024-07-29 11:02:23,15950.0,200,Buy,226965093
2024-07-29 11:02:23,15950.0,1300,Buy,226965092
2024-07-29 11:02:23,15950.0,100,Buy,226965091
2024-07-29 11:02:23,15950.0,100,Buy,226965090
2024-07-29 11:02:23,15950.0,100,Buy,226965089
2024-07-29 11:02:23,15950.0,2000,Buy,226965087
2024-07-29 11:02:23,15950.0,5500,Buy,226965078
2024-07-29 11:02:23,15950.0,1000,Buy,226965085
2024-07-29 11:02:23,15950.0,100,Buy,226965084
2024-07-29 11:02:23,15950.0,100,Buy,226965083
2024-07-29 11:02:23,15950.0,1000,Buy,226965082
2024-07-29 11:02:23,15950.0,200,Buy,226965081
2024-07-29 11:02:23,15950.0,1000,Buy,226965080
2024-07-29 11:02:23,15950.0,1000,Buy,226965079
2024-07-29 11:02:23,15950.0,3100,Buy,226965077
2024-07-29 11:02:23,15950.0,200,Buy,226965086
2024-07-29 11:02:25,15950.0,1000,Buy,226965123
2024-07-29 11:02:26,15950.0,100,Buy,226965129
2024-07-29 11:02:29,15950.0,1000,Buy,226965148
2024-07-29 11:02:37,15950.0,100,Buy,226965310
2024-07-29 11:02:40,15950.0,300,Buy,226965378
2024-07-29 11:02:40,15950.0,300,Buy,226965375
2024-07-29 11:02:40,15950.0,200,Buy,226965376
2024-07-29 11:02:40,15950.0,200,Buy,226965377
2024-07-29 11:02:59,15950.0,900,Buy,226965791
2024-07-29 11:02:59,15950.0,1000,Buy,226965792
2024-07-29 11:02:59,15950.0,1300,Buy,226965790
2024-07-29 11:03:13,15950.0,400,Sell,226965989
2024-07-29 11:03:14,16000.0,100,Buy,226966047
2024-07-29 11:03:16,15950.0,500,Sell,226966081
2024-07-29 11:03:20,15950.0,100,Sell,226966131
2024-07-29 11:03:25,15950.0,1000,Sell,226966172
2024-07-29 11:03:40,16000.0,100,Buy,226966371
2024-07-29 11:03:45,15950.0,100,Sell,226966407
2024-07-29 11:03:52,15950.0,100,Sell,226966482
2024-07-29 11:03:53,15950.0,4000,Sell,226966492
2024-07-29 11:04:03,15950.0,1000,Sell,226966666
2024-07-29 11:04:04,15950.0,100,Sell,226966675
2024-07-29 11:04:10,15950.0,3000,Sell,226966747
2024-07-29 11:04:12,15950.0,50000,Sell,226966773
2024-07-29 11:04:12,15950.0,2000,Sell,226966774
2024-07-29 11:04:12,15950.0,500,Sell,226966775
2024-07-29 11:04:12,15950.0,13000,Sell,226966772
2024-07-29 11:05:28,15950.0,28000,Buy,226967781
2024-07-29 11:05:36,15950.0,100,Buy,226967889
2024-07-29 11:05:58,15950.0,1000,Buy,226968131
2024-07-29 11:06:06,15950.0,500,Buy,226968216
2024-07-29 11:06:09,15950.0,4900,Buy,226968237
2024-07-29 11:06:09,15950.0,100,Buy,226968238
2024-07-29 11:06:11,15950.0,400,Buy,226968279
2024-07-29 11:06:11,15950.0,2600,Buy,226968280
2024-07-29 11:06:14,15950.0,100,Buy,226968297
2024-07-29 11:06:51,15900.0,100,Sell,226968692
2024-07-29 11:06:53,15950.0,3000,Buy,226968716
2024-07-29 11:07:37,15900.0,300,Sell,226969163
2024-07-29 11:07:47,15900.0,5000,Sell,226969277
2024-07-29 11:08:20,15900.0,600,Sell,226969743
2024-07-29 11:08:22,15900.0,1000,Sell,226969764
2024-07-29 11:08:22,15900.0,5400,Sell,226969768
2024-07-29 11:08:31,15900.0,79600,Sell,226969879
2024-07-29 11:08:31,15900.0,300,Sell,226969880
2024-07-29 11:08:31,15900.0,3000,Sell,226969881
2024-07-29 11:08:31,15900.0,17100,Sell,226969882
2024-07-29 11:08:32,15900.0,3000,Sell,226969885
2024-07-29 11:08:52,15900.0,300,Sell,226970221
2024-07-29 11:09:15,15900.0,10000,Sell,226970433
2024-07-29 11:09:25,15900.0,6300,Sell,226970590
2024-07-29 11:09:29,15900.0,500,Sell,226970622
2024-07-29 11:09:35,15950.0,100,Buy,226970712
2024-07-29 11:10:31,15950.0,400,Buy,226971459
2024-07-29 11:10:48,15900.0,2000,Sell,226971713
2024-07-29 11:11:14,15900.0,300,Sell,226972036
2024-07-29 11:11:34,15900.0,200,Sell,226972252
2024-07-29 11:11:48,15900.0,9900,Sell,226972497
2024-07-29 11:11:55,15950.0,3800,Buy,226972560
2024-07-29 11:11:55,15950.0,1000,Buy,226972561
2024-07-29 11:11:55,15950.0,700,Buy,226972562
2024-07-29 11:12:02,15900.0,1000,Sell,226972626
2024-07-29 11:12:40,15900.0,700,Sell,226973094
2024-07-29 11:12:41,15900.0,2000,Sell,226973107
2024-07-29 11:13:12,15900.0,1000,Sell,226973547
2024-07-29 11:13:19,15900.0,500,Sell,226973615
2024-07-29 11:13:19,15900.0,300,Sell,226973616
2024-07-29 11:13:19,15900.0,200,Sell,226973617
2024-07-29 11:13:26,15900.0,200,Sell,226973762
2024-07-29 11:13:26,15900.0,3100,Sell,226973767
2024-07-29 11:13:26,15900.0,500,Sell,226973766
2024-07-29 11:13:26,15900.0,300,Sell,226973761
2024-07-29 11:13:26,15900.0,600,Sell,226973764
2024-07-29 11:13:26,15900.0,200,Sell,226973765
2024-07-29 11:13:26,15900.0,100,Sell,226973763
2024-07-29 11:13:32,15900.0,1000,Sell,226973812
2024-07-29 11:13:59,15900.0,1600,Sell,226974146
2024-07-29 11:14:17,15900.0,100,Sell,226974487
2024-07-29 11:14:24,15950.0,100,Buy,226974606
2024-07-29 11:14:37,15900.0,500,Sell,226974933
2024-07-29 11:14:48,15900.0,200,Sell,226975089
2024-07-29 11:14:55,15900.0,2000,Sell,226975214
2024-07-29 11:15:08,15900.0,100,Sell,226975369
2024-07-29 11:15:18,15900.0,1700,Sell,226975481
2024-07-29 11:15:22,15900.0,1000,Sell,226975630
2024-07-29 11:15:38,15900.0,700,Sell,226975789
2024-07-29 11:15:45,15900.0,15000,Sell,226975871
2024-07-29 11:15:51,15900.0,1100,Sell,226975981
2024-07-29 11:15:57,15900.0,10000,Sell,226976081
2024-07-29 11:16:01,15900.0,2000,Sell,226976141
2024-07-29 11:16:03,15900.0,600,Sell,226976168
2024-07-29 11:16:03,15900.0,3300,Sell,226976167
2024-07-29 11:16:03,15900.0,100,Sell,226976166
2024-07-29 11:16:03,15900.0,100,Sell,226976163
2024-07-29 11:16:03,15900.0,1000,Sell,226976162
2024-07-29 11:16:03,15900.0,200,Sell,226976165
2024-07-29 11:16:03,15900.0,1000,Sell,226976160
2024-07-29 11:16:03,15900.0,100,Sell,226976161
2024-07-29 11:16:03,15900.0,15300,Sell,226976155
2024-07-29 11:16:03,15900.0,500,Sell,226976156
2024-07-29 11:16:03,15900.0,500,Sell,226976164
2024-07-29 11:16:03,15900.0,6100,Sell,226976158
2024-07-29 11:16:03,15900.0,1000,Sell,226976157
2024-07-29 11:16:03,15900.0,200,Sell,226976159
2024-07-29 11:16:05,15900.0,200,Sell,226976194
2024-07-29 11:16:09,15900.0,200,Sell,226976222
2024-07-29 11:16:09,15900.0,200,Sell,226976223
2024-07-29 11:16:11,15900.0,1100,Sell,226976258
2024-07-29 11:16:14,15900.0,100,Sell,226976283
2024-07-29 11:16:14,15900.0,200,Sell,226976282
2024-07-29 11:16:14,15900.0,3700,Sell,226976280
2024-07-29 11:16:14,15900.0,400,Sell,226976281
2024-07-29 11:16:32,15850.0,200,Sell,226976591
2024-07-29 11:17:13,15900.0,100,Buy,226977211
2024-07-29 11:17:15,15850.0,200,Sell,226977231
2024-07-29 11:17:36,15850.0,200,Sell,226977475
2024-07-29 11:17:41,15850.0,300,Sell,226977539
2024-07-29 11:17:41,15850.0,100,Sell,226977547
2024-07-29 11:17:46,15850.0,100,Sell,226977669
2024-07-29 11:17:46,15850.0,1600,Sell,226977670
2024-07-29 11:17:51,15850.0,4000,Sell,226977747
2024-07-29 11:18:00,15850.0,200,Sell,226977856
2024-07-29 11:18:05,15850.0,100,Sell,226977923
2024-07-29 11:18:13,15900.0,100,Buy,226978009
2024-07-29 11:18:13,15900.0,100,Buy,226977999
2024-07-29 11:18:13,15900.0,100,Buy,226978008
2024-07-29 11:18:59,15900.0,100,Buy,226978474
2024-07-29 11:19:09,15900.0,100,Buy,226978571
2024-07-29 11:19:39,15900.0,200,Buy,226978907
2024-07-29 11:19:39,15900.0,300,Buy,226978908
2024-07-29 11:19:39,15900.0,500,Buy,226978899
2024-07-29 11:20:05,15850.0,4000,Sell,226979147
2024-07-29 11:20:16,15900.0,1500,Buy,226979231
2024-07-29 11:20:28,15900.0,200,Buy,226979387
2024-07-29 11:21:42,15900.0,100,Buy,226980150
2024-07-29 11:23:22,15850.0,1000,Sell,226981148
2024-07-29 11:23:36,15850.0,500,Sell,226981357
2024-07-29 11:23:52,15900.0,2000,Buy,226981546
2024-07-29 11:24:11,15900.0,100,Buy,226981786
2024-07-29 11:24:14,15900.0,100,Buy,226981828
2024-07-29 11:24:14,15900.0,100,Buy,226981827
2024-07-29 11:24:31,15850.0,100,Sell,226982045
2024-07-29 11:24:38,15850.0,100,Sell,226982109
2024-07-29 11:24:50,15850.0,500,Sell,226982198
2024-07-29 11:25:19,15850.0,1600,Sell,226982593
2024-07-29 11:26:35,15850.0,100,Sell,226983436
2024-07-29 11:27:21,15850.0,100,Sell,226983916
2024-07-29 11:27:36,15850.0,200,Sell,226984043
2024-07-29 11:27:41,15900.0,500,Buy,226984093
2024-07-29 11:27:50,15900.0,100,Buy,226984207
2024-07-29 12:59:36,15900.0,100,Buy,226985656
2024-07-29 12:59:37,15900.0,100,Buy,226985808
2024-07-29 12:59:38,15900.0,100,Buy,226986298
2024-07-29 12:59:38,15900.0,100,Buy,226986295
2024-07-29 12:59:38,15900.0,500,Buy,226986294
2024-07-29 12:59:38,15900.0,100,Buy,226986098
2024-07-29 12:59:38,15900.0,1000,Buy,226986101
2024-07-29 12:59:38,15850.0,3200,Sell,226986100
2024-07-29 12:59:38,15900.0,700,Buy,226986099
2024-07-29 12:59:38,15900.0,100,Buy,226986102
2024-07-29 12:59:39,15900.0,100,Buy,226986405
2024-07-29 12:59:39,15900.0,100,Buy,226986406
2024-07-29 12:59:39,15850.0,17000,Sell,226986407
2024-07-29 12:59:40,15900.0,5000,Buy,226986925
2024-07-29 12:59:40,15850.0,500,Sell,226986923
2024-07-29 12:59:42,15900.0,100,Buy,226987296
2024-07-29 12:59:44,15900.0,100,Buy,226987837
2024-07-29 12:59:44,15900.0,100,Buy,226987838
2024-07-29 12:59:44,15900.0,500,Buy,226987839
2024-07-29 12:59:44,15900.0,500,Buy,226987840
2024-07-29 12:59:44,15900.0,300,Buy,226987841
2024-07-29 12:59:44,15900.0,300,Buy,226987842
2024-07-29 12:59:44,15900.0,1000,Buy,226987843
2024-07-29 12:59:44,15850.0,2000,Sell,226987845
2024-07-29 12:59:44,15900.0,100,Buy,226987910
2024-07-29 12:59:44,15900.0,2200,Buy,226987836
2024-07-29 12:59:45,15900.0,100,Buy,226988041
2024-07-29 12:59:46,15900.0,100,Buy,226988121
2024-07-29 12:59:46,15900.0,400,Buy,226988123
2024-07-29 12:59:46,15900.0,200,Buy,226988120
2024-07-29 12:59:46,15900.0,500,Buy,226988122
2024-07-29 12:59:47,15850.0,100,Sell,226988330
2024-07-29 12:59:47,15900.0,100,Buy,226988331
2024-07-29 12:59:50,15900.0,500,Buy,226988602
2024-07-29 12:59:54,15900.0,3000,Buy,226988889
2024-07-29 12:59:54,15900.0,200,Buy,226988890
2024-07-29 12:59:56,15900.0,100,Buy,226989045
2024-07-29 12:59:56,15900.0,700,Buy,226989056
2024-07-29 12:59:56,15900.0,1000,Buy,226989057
2024-07-29 12:59:56,15900.0,300,Buy,226989058
2024-07-29 13:00:00,15900.0,300,Buy,226989150
2024-07-29 13:00:17,15900.0,1000,Buy,226989512
2024-07-29 13:00:35,15900.0,700,Buy,226989874
2024-07-29 13:00:36,15850.0,800,Sell,226989920
2024-07-29 13:00:38,15900.0,100,Buy,226989950
2024-07-29 13:01:06,15850.0,200,Sell,226990597
2024-07-29 13:01:08,15850.0,800,Sell,226990644
2024-07-29 13:01:29,15900.0,100,Buy,226991117
2024-07-29 13:01:39,15850.0,800,Sell,226991323
2024-07-29 13:01:40,15900.0,100,Buy,226991354
2024-07-29 13:01:50,15850.0,5000,Sell,226991535
2024-07-29 13:02:06,15850.0,1000,Sell,226991823
2024-07-29 13:02:11,15850.0,800,Sell,226992023
2024-07-29 13:02:36,15900.0,100,Buy,226992601
2024-07-29 13:02:42,15850.0,800,Sell,226992776
2024-07-29 13:02:42,15900.0,100,Buy,226992775
2024-07-29 13:02:53,15850.0,1600,Sell,226993057
2024-07-29 13:03:14,15850.0,800,Sell,226993488
2024-07-29 13:03:21,15900.0,100,Buy,226993587
2024-07-29 13:03:44,15900.0,100,Buy,226994125
2024-07-29 13:03:47,15850.0,500,Sell,226994219
2024-07-29 13:03:47,15850.0,200,Sell,226994220
2024-07-29 13:03:49,15900.0,100,Buy,226994320
2024-07-29 13:03:49,15900.0,1900,Buy,226994321
2024-07-29 13:04:01,15850.0,24300,Sell,226994637
2024-07-29 13:04:01,15850.0,100,Sell,226994636
2024-07-29 13:04:01,15850.0,200,Sell,226994635
2024-07-29 13:04:01,15850.0,1000,Sell,226994633
2024-07-29 13:04:01,15850.0,1000,Sell,226994632
2024-07-29 13:04:01,15850.0,1000,Sell,226994631
2024-07-29 13:04:01,15850.0,600,Sell,226994630
2024-07-29 13:04:01,15850.0,100,Sell,226994634
2024-07-29 13:04:17,15850.0,800,Sell,226995007
2024-07-29 13:04:19,15850.0,2100,Sell,226995082
2024-07-29 13:04:46,15900.0,100,Buy,226995608
2024-07-29 13:04:48,15850.0,800,Sell,226995662
2024-07-29 13:04:54,15850.0,100,Sell,226995801
2024-07-29 13:05:14,15900.0,100,Buy,226996337
2024-07-29 13:05:21,15850.0,800,Sell,226996514
2024-07-29 13:05:36,15900.0,100,Buy,226996821
2024-07-29 13:05:43,15850.0,5000,Sell,226996981
2024-07-29 13:05:48,15900.0,100,Buy,226997052
2024-07-29 13:05:51,15850.0,800,Sell,226997105
2024-07-29 13:06:24,15850.0,800,Sell,226997778
2024-07-29 13:06:39,15850.0,1600,Sell,226998153
2024-07-29 13:06:50,15900.0,100,Buy,226998382
2024-07-29 13:06:52,15900.0,2000,Buy,226998432
2024-07-29 13:06:56,15850.0,800,Sell,226998510
2024-07-29 13:07:06,15900.0,100,Buy,226998819
2024-07-29 13:07:10,15850.0,100,Sell,226998913
2024-07-29 13:07:19,15850.0,200,Sell,226999098
2024-07-29 13:07:22,15900.0,100,Buy,226999159
2024-07-29 13:07:28,15850.0,800,Sell,226999306
2024-07-29 13:07:50,15900.0,1000,Buy,226999838
2024-07-29 13:07:53,15900.0,100,Buy,226999890
2024-07-29 13:07:57,15900.0,500,Buy,226999971
2024-07-29 13:08:00,15850.0,800,Sell,227000063
2024-07-29 13:08:12,15850.0,100,Sell,227000267
2024-07-29 13:08:31,15850.0,1000,Sell,227000590
2024-07-29 13:08:31,15850.0,800,Sell,227000616
2024-07-29 13:08:36,15900.0,100,Buy,227000795
2024-07-29 13:08:37,15900.0,600,Buy,227000835
2024-07-29 13:08:38,15900.0,800,Buy,227000854
2024-07-29 13:08:38,15900.0,100,Buy,227000853
2024-07-29 13:08:38,15900.0,1500,Buy,227000852
2024-07-29 13:08:38,15900.0,500,Buy,227000850
2024-07-29 13:08:38,15900.0,1000,Buy,227000849
2024-07-29 13:08:38,15900.0,1000,Buy,227000848
2024-07-29 13:08:38,15900.0,3100,Buy,227000847
2024-07-29 13:08:38,15900.0,200,Buy,227000851
2024-07-29 13:08:55,15900.0,100,Buy,227001209
2024-07-29 13:08:59,15900.0,100,Buy,227001310
2024-07-29 13:09:04,15850.0,100,Sell,227001397
2024-07-29 13:09:04,15850.0,700,Sell,227001398
2024-07-29 13:09:10,15900.0,100,Buy,227001578
2024-07-29 13:09:35,15850.0,800,Sell,227002220
2024-07-29 13:09:42,15900.0,400,Buy,227002406
2024-07-29 13:09:42,15900.0,1600,Buy,227002407
2024-07-29 13:09:54,15900.0,100,Buy,227002791
2024-07-29 13:09:54,15900.0,100,Buy,227002792
2024-07-29 13:09:57,15900.0,100,Buy,227002873
2024-07-29 13:10:08,15850.0,800,Sell,227003150
2024-07-29 13:10:21,15900.0,100,Buy,227003389
2024-07-29 13:10:28,15900.0,500,Buy,227003498
2024-07-29 13:10:37,15900.0,1000,Buy,227003701
2024-07-29 13:10:41,15850.0,800,Sell,227003970
2024-07-29 13:10:51,15900.0,100,Buy,227004162
2024-07-29 13:10:59,15900.0,100,Buy,227004365
2024-07-29 13:11:09,15900.0,200,Buy,227004611
2024-07-29 13:11:09,15900.0,100,Buy,227004609
2024-07-29 13:11:09,15900.0,100,Buy,227004610
2024-07-29 13:11:09,15900.0,5000,Buy,227004607
2024-07-29 13:11:09,15900.0,100,Buy,227004608
2024-07-29 13:11:09,15900.0,200,Buy,227004606
2024-07-29 13:11:12,15850.0,800,Sell,227004693
2024-07-29 13:11:34,15850.0,100,Sell,227005220
2024-07-29 13:11:34,15900.0,8300,Buy,227005250
2024-07-29 13:11:34,15900.0,200,Buy,227005249
2024-07-29 13:11:34,15900.0,500,Buy,227005248
2024-07-29 13:11:34,15900.0,900,Buy,227005247
2024-07-29 13:11:34,15900.0,100,Buy,227005246
2024-07-29 13:11:34,15850.0,3600,Sell,227005237
2024-07-29 13:11:34,15850.0,100,Sell,227005236
2024-07-29 13:11:34,15850.0,500,Sell,227005235
2024-07-29 13:11:34,15850.0,300,Sell,227005234
2024-07-29 13:11:34,15850.0,1000,Sell,227005233
2024-07-29 13:11:34,15850.0,500,Sell,227005232
2024-07-29 13:11:34,15850.0,1100,Sell,227005219
2024-07-29 13:11:34,15850.0,100,Sell,227005230
2024-07-29 13:11:34,15850.0,200,Sell,227005229
2024-07-29 13:11:34,15850.0,5000,Sell,227005228
2024-07-29 13:11:34,15850.0,100,Sell,227005227
2024-07-29 13:11:34,15850.0,200,Sell,227005226
2024-07-29 13:11:34,15850.0,1500,Sell,227005225
2024-07-29 13:11:34,15850.0,2000,Sell,227005224
2024-07-29 13:11:34,15850.0,200,Sell,227005223
2024-07-29 13:11:34,15850.0,500,Sell,227005222
2024-07-29 13:11:34,15850.0,1000,Sell,227005221
2024-07-29 13:11:34,15850.0,2000,Sell,227005231
2024-07-29 13:11:36,15900.0,100,Buy,227005302
2024-07-29 13:11:44,15850.0,800,Sell,227005493
2024-07-29 13:12:01,15900.0,100,Buy,227005878
2024-07-29 13:12:04,15850.0,600,Sell,227005939
2024-07-29 13:12:04,15850.0,200,Sell,227005940
2024-07-29 13:12:04,15850.0,1000,Sell,227005941
2024-07-29 13:12:05,15850.0,500,Sell,227005968
2024-07-29 13:12:05,15850.0,2000,Sell,227005966
2024-07-29 13:12:05,15850.0,100,Sell,227005965
2024-07-29 13:12:05,15850.0,100,Sell,227005964
2024-07-29 13:12:05,15850.0,500,Sell,227005967
2024-07-29 13:12:05,15850.0,300,Sell,227005962
2024-07-29 13:12:05,15850.0,100,Sell,227005960
2024-07-29 13:12:05,15850.0,100,Sell,227005959
2024-07-29 13:12:05,15850.0,1200,Sell,227005963
2024-07-29 13:12:05,15850.0,100,Sell,227005961
2024-07-29 13:12:11,15850.0,1000,Sell,227006111
2024-07-29 13:12:15,15850.0,800,Sell,227006198
2024-07-29 13:12:44,15900.0,100,Buy,227006834
2024-07-29 13:12:47,15850.0,800,Sell,227006928
2024-07-29 13:13:03,15900.0,100,Buy,227007341
2024-07-29 13:13:18,15850.0,800,Sell,227007837
2024-07-29 13:13:40,15850.0,300,Sell,227008284
2024-07-29 13:13:46,15850.0,200,Sell,227008429
2024-07-29 13:13:51,15850.0,800,Sell,227008524
2024-07-29 13:13:58,15850.0,1000,Sell,227008703
2024-07-29 13:14:05,15900.0,100,Buy,227008854
2024-07-29 13:14:22,15850.0,800,Sell,227009278
2024-07-29 13:14:36,15900.0,100,Buy,227009756
2024-07-29 13:14:36,15900.0,100,Buy,227009757
2024-07-29 13:14:54,15850.0,800,Sell,227010174
2024-07-29 13:15:07,15900.0,100,Buy,227010473
2024-07-29 13:15:26,15850.0,800,Sell,227010975
2024-07-29 13:15:35,15850.0,100,Sell,227011204
2024-07-29 13:15:58,15850.0,800,Sell,227011790
2024-07-29 13:16:02,15850.0,500,Sell,227011862
2024-07-29 13:16:09,15900.0,100,Buy,227012020
2024-07-29 13:16:29,15900.0,100,Buy,227012452
2024-07-29 13:16:31,15850.0,800,Sell,227012523
2024-07-29 13:16:54,15900.0,100,Buy,227013107
2024-07-29 13:16:57,15850.0,300,Sell,227013200
2024-07-29 13:16:57,15850.0,1200,Sell,227013199
2024-07-29 13:17:03,15850.0,100,Sell,227013319
2024-07-29 13:17:03,15850.0,500,Sell,227013320
2024-07-29 13:17:03,15850.0,200,Sell,227013318
2024-07-29 13:17:04,15850.0,700,Sell,227013351
2024-07-29 13:17:05,15850.0,1800,Sell,227013370
2024-07-29 13:17:05,15850.0,1000,Sell,227013371
2024-07-29 13:17:05,15850.0,300,Sell,227013372
2024-07-29 13:17:06,15900.0,400,Buy,227013395
2024-07-29 13:17:11,15900.0,100,Buy,227013461
2024-07-29 13:17:11,15900.0,1000,Buy,227013479
2024-07-29 13:17:27,15900.0,500,Buy,227013820
2024-07-29 13:17:31,15850.0,1900,Sell,227013898
2024-07-29 13:17:36,15850.0,800,Sell,227013996
2024-07-29 13:17:36,15900.0,100,Buy,227014025
2024-07-29 13:17:46,15900.0,20100,Buy,227014242
2024-07-29 13:17:46,15900.0,4900,Buy,227014243
2024-07-29 13:18:06,15850.0,700,Sell,227014699
2024-07-29 13:18:09,15900.0,100,Buy,227014830
2024-07-29 13:18:13,15900.0,100,Buy,227014922
2024-07-29 13:18:17,15900.0,100,Buy,227014991
2024-07-29 13:18:17,15900.0,300,Buy,227014992
2024-07-29 13:18:21,15900.0,100,Buy,227015070
2024-07-29 13:18:36,15850.0,800,Sell,227015361
2024-07-29 13:18:46,15900.0,100,Buy,227015599
2024-07-29 13:18:52,15900.0,2000,Buy,227015737
2024-07-29 13:19:07,15850.0,800,Sell,227016055
2024-07-29 13:19:15,15900.0,100,Buy,227016269
2024-07-29 13:19:24,15850.0,400,Sell,227016498
2024-07-29 13:19:38,15900.0,400,Buy,227016910
2024-07-29 13:19:38,15900.0,2200,Buy,227016911
2024-07-29 13:19:38,15900.0,300,Buy,227016912
2024-07-29 13:19:38,15900.0,100,Buy,227016913
2024-07-29 13:19:38,15900.0,1000,Buy,227016914
2024-07-29 13:19:40,15850.0,800,Sell,227016931
2024-07-29 13:19:44,15850.0,2000,Sell,227017004
2024-07-29 13:19:45,15850.0,100,Sell,227017016
2024-07-29 13:19:47,15900.0,100,Buy,227017048
2024-07-29 13:20:11,15850.0,800,Sell,227017568
2024-07-29 13:20:14,15900.0,100,Buy,227017645
2024-07-29 13:20:17,15900.0,100,Buy,227017705
2024-07-29 13:20:20,15850.0,10000,Sell,227017788
2024-07-29 13:20:36,15900.0,100,Buy,227018121
2024-07-29 13:20:41,15850.0,1000,Sell,227018221
2024-07-29 13:20:43,15850.0,800,Sell,227018267
2024-07-29 13:20:51,15900.0,400,Buy,227018412
2024-07-29 13:20:51,15900.0,600,Buy,227018413
2024-07-29 13:20:51,15900.0,300,Buy,227018414
2024-07-29 13:20:51,15900.0,100,Buy,227018415
2024-07-29 13:20:51,15900.0,1000,Buy,227018416
2024-07-29 13:20:51,15900.0,100,Buy,227018417
2024-07-29 13:20:55,15850.0,100,Sell,227018492
2024-07-29 13:20:55,15850.0,100,Sell,227018493
2024-07-29 13:20:55,15850.0,500,Sell,227018494
2024-07-29 13:20:55,15850.0,6200,Sell,227018495
2024-07-29 13:20:55,15850.0,2800,Sell,227018496
2024-07-29 13:20:55,15850.0,100,Sell,227018505
2024-07-29 13:20:55,15850.0,1000,Sell,227018498
2024-07-29 13:20:55,15850.0,3000,Sell,227018504
2024-07-29 13:20:55,15850.0,400,Sell,227018491
2024-07-29 13:20:55,15850.0,800,Sell,227018507
2024-07-29 13:20:55,15850.0,4000,Sell,227018508
2024-07-29 13:20:55,15850.0,2000,Sell,227018497
2024-07-29 13:20:55,15850.0,5000,Sell,227018506
2024-07-29 13:20:55,15850.0,100,Sell,227018490
2024-07-29 13:20:55,15850.0,200,Sell,227018488
2024-07-29 13:20:55,15850.0,8800,Sell,227018476
2024-07-29 13:20:55,15850.0,200,Sell,227018478
2024-07-29 13:20:55,15850.0,3000,Sell,227018479
2024-07-29 13:20:55,15850.0,100,Sell,227018480
2024-07-29 13:20:55,15850.0,100,Sell,227018481
2024-07-29 13:20:55,15850.0,500,Sell,227018477
2024-07-29 13:20:55,15850.0,1300,Sell,227018483
2024-07-29 13:20:55,15850.0,100,Sell,227018482
2024-07-29 13:20:55,15850.0,300,Sell,227018487
2024-07-29 13:20:55,15850.0,10000,Sell,227018489
2024-07-29 13:20:55,15850.0,3000,Sell,227018485
2024-07-29 13:20:55,15850.0,6000,Sell,227018484
2024-07-29 13:20:55,15850.0,300,Sell,227018486
2024-07-29 13:20:59,15850.0,1500,Sell,227018596
2024-07-29 13:21:11,15900.0,100,Buy,227018816
2024-07-29 13:21:11,15900.0,100,Buy,227018818
2024-07-29 13:21:11,15900.0,100,Buy,227018819
2024-07-29 13:21:11,15900.0,500,Buy,227018820
2024-07-29 13:21:11,15900.0,500,Buy,227018821
2024-07-29 13:21:11,15900.0,300,Buy,227018822
2024-07-29 13:21:11,15900.0,100,Buy,227018817
2024-07-29 13:21:14,15850.0,800,Sell,227018868
2024-07-29 13:21:19,15900.0,100,Buy,227018949
2024-07-29 13:21:30,15850.0,1000,Sell,227019211
2024-07-29 13:21:33,15900.0,100,Buy,227019247
2024-07-29 13:21:35,15850.0,200,Sell,227019336
2024-07-29 13:21:47,15850.0,1600,Sell,227019584
2024-07-29 13:21:47,15850.0,800,Sell,227019570
2024-07-29 13:21:56,15850.0,3000,Sell,227019780
2024-07-29 13:22:02,15850.0,5000,Sell,227019936
2024-07-29 13:22:06,15850.0,100,Sell,227019985
2024-07-29 13:22:06,15900.0,100,Buy,227019986
2024-07-29 13:22:06,15850.0,2000,Sell,227020001
2024-07-29 13:22:11,15850.0,700,Sell,227020078
2024-07-29 13:22:19,15850.0,800,Sell,227020238
2024-07-29 13:22:22,15900.0,100,Buy,227020292
2024-07-29 13:22:22,15900.0,100,Buy,227020299
2024-07-29 13:22:36,15850.0,100,Sell,227020523
2024-07-29 13:22:45,15850.0,1000,Sell,227020661
2024-07-29 13:22:51,15850.0,800,Sell,227020822
2024-07-29 13:22:55,15850.0,1000,Sell,227020874
2024-07-29 13:23:01,15850.0,800,Sell,227020997
2024-07-29 13:23:18,15850.0,100,Sell,227021330
2024-07-29 13:23:19,15850.0,100,Sell,227021357
2024-07-29 13:23:19,15850.0,100,Sell,227021388
2024-07-29 13:23:22,15850.0,800,Sell,227021481
2024-07-29 13:23:24,15900.0,100,Buy,227021531
2024-07-29 13:23:33,15900.0,100,Buy,227021644
2024-07-29 13:23:36,15900.0,100,Buy,227021696
2024-07-29 13:23:44,15850.0,100,Sell,227021945
2024-07-29 13:23:53,15850.0,800,Sell,227022230
2024-07-29 13:23:59,15900.0,100,Buy,227022360
2024-07-29 13:24:16,15850.0,400,Sell,227022751
2024-07-29 13:24:26,15900.0,100,Buy,227022899
2024-07-29 13:24:26,15850.0,800,Sell,227022898
2024-07-29 13:24:28,15900.0,100,Buy,227022944
2024-07-29 13:24:42,15900.0,200,Buy,227023239
2024-07-29 13:24:42,15900.0,300,Buy,227023240
2024-07-29 13:24:55,15900.0,500,Buy,227023614
2024-07-29 13:24:57,15850.0,800,Sell,227023701
2024-07-29 13:25:09,15900.0,16800,Buy,227024009
2024-07-29 13:25:09,15900.0,5000,Buy,227024008
2024-07-29 13:25:09,15900.0,500,Buy,227024007
2024-07-29 13:25:09,15900.0,3000,Buy,227024006
2024-07-29 13:25:09,15900.0,100,Buy,227024005
2024-07-29 13:25:09,15900.0,100,Buy,227024004
2024-07-29 13:25:09,15900.0,300,Buy,227024001
2024-07-29 13:25:09,15900.0,3000,Buy,227024002
2024-07-29 13:25:09,15900.0,500,Buy,227023999
2024-07-29 13:25:09,15900.0,200,Buy,227023998
2024-07-29 13:25:09,15900.0,100,Buy,227023997
2024-07-29 13:25:09,15900.0,200,Buy,227024003
2024-07-29 13:25:09,15900.0,200,Buy,227024000
2024-07-29 13:25:28,15850.0,700,Sell,227024583
2024-07-29 13:25:28,15900.0,100,Buy,227024556
2024-07-29 13:25:34,15850.0,1600,Sell,227024759
2024-07-29 13:25:51,15900.0,100,Buy,227025175
2024-07-29 13:25:59,15850.0,700,Sell,227025343
2024-07-29 13:26:02,15900.0,1500,Buy,227025431
2024-07-29 13:26:09,15900.0,2300,Buy,227025608
2024-07-29 13:26:09,15900.0,2900,Buy,227025607
2024-07-29 13:26:09,15900.0,100,Buy,227025606
2024-07-29 13:26:09,15900.0,1500,Buy,227025602
2024-07-29 13:26:09,15900.0,100,Buy,227025604
2024-07-29 13:26:09,15900.0,3000,Buy,227025603
2024-07-29 13:26:09,15900.0,100,Buy,227025605
2024-07-29 13:26:28,15900.0,900,Buy,227026025
2024-07-29 13:26:29,15850.0,800,Sell,227026070
2024-07-29 13:26:30,15900.0,100,Buy,227026087
2024-07-29 13:26:31,15900.0,200,Buy,227026122
2024-07-29 13:26:31,15900.0,1100,Buy,227026123
2024-07-29 13:26:34,15900.0,500,Buy,227026175
