time,price,volume,match_type,id
2024-07-18 09:14:42,24600.0,232900,ATO/ATC,224075414
2024-07-18 09:14:42,24600.0,100,Sell,224075422
2024-07-18 09:14:42,24650.0,1000,Buy,224075420
2024-07-18 09:14:42,24600.0,1000,Sell,224075416
2024-07-18 09:14:42,24650.0,100,Buy,224075418
2024-07-18 09:14:42,24650.0,900,Buy,224075419
2024-07-18 09:14:43,24600.0,500,Sell,224075592
2024-07-18 09:14:48,24650.0,1500,Buy,224075758
2024-07-18 09:14:48,24650.0,200,Buy,224075759
2024-07-18 09:14:54,24650.0,100,Buy,224075861
2024-07-18 09:14:55,24600.0,400,Sell,224075866
2024-07-18 09:14:58,24650.0,3600,Buy,224075959
2024-07-18 09:15:00,24650.0,1000,Buy,224076023
2024-07-18 09:15:00,24650.0,200,Buy,224076024
2024-07-18 09:15:02,24650.0,10000,Buy,224076049
2024-07-18 09:15:03,24600.0,800,Sell,224076102
2024-07-18 09:15:04,24650.0,5000,Buy,224076116
2024-07-18 09:15:04,24650.0,500,Buy,224076117
2024-07-18 09:15:05,24650.0,1000,Buy,224076123
2024-07-18 09:15:07,24700.0,300,Buy,224076184
2024-07-18 09:15:07,24700.0,200,Buy,224076185
2024-07-18 09:15:07,24700.0,500,Buy,224076186
2024-07-18 09:15:07,24700.0,2500,Buy,224076187
2024-07-18 09:15:07,24700.0,300,Buy,224076191
2024-07-18 09:15:07,24700.0,100,Buy,224076189
2024-07-18 09:15:07,24700.0,1000,Buy,224076190
2024-07-18 09:15:07,24700.0,200,Buy,224076183
2024-07-18 09:15:07,24700.0,400,Buy,224076188
2024-07-18 09:15:07,24700.0,800,Buy,224076192
2024-07-18 09:15:07,24700.0,2600,Buy,224076182
2024-07-18 09:15:07,24700.0,100,Buy,224076180
2024-07-18 09:15:07,24700.0,100,Buy,224076179
2024-07-18 09:15:07,24650.0,100,Buy,224076178
2024-07-18 09:15:07,24650.0,500,Buy,224076177
2024-07-18 09:15:07,24650.0,500,Buy,224076176
2024-07-18 09:15:07,24650.0,100,Buy,224076175
2024-07-18 09:15:07,24650.0,100,Buy,224076174
2024-07-18 09:15:07,24650.0,100,Buy,224076173
2024-07-18 09:15:07,24650.0,3000,Buy,224076172
2024-07-18 09:15:07,24650.0,5900,Buy,224076171
2024-07-18 09:15:07,24700.0,600,Buy,224076181
2024-07-18 09:15:08,24700.0,500,Buy,224076220
2024-07-18 09:15:08,24700.0,100,Buy,224076219
2024-07-18 09:15:08,24700.0,100,Buy,224076218
2024-07-18 09:15:08,24700.0,1200,Buy,224076214
2024-07-18 09:15:08,24700.0,500,Buy,224076216
2024-07-18 09:15:08,24700.0,1000,Buy,224076215
2024-07-18 09:15:08,24700.0,5000,Buy,224076217
2024-07-18 09:15:14,24700.0,100,Sell,224076384
2024-07-18 09:15:17,24700.0,500,Sell,224076499
2024-07-18 09:15:21,24700.0,200,Sell,224076634
2024-07-18 09:15:21,24700.0,100,Sell,224076635
2024-07-18 09:15:21,24700.0,500,Sell,224076632
2024-07-18 09:15:21,24700.0,100,Sell,224076633
2024-07-18 09:15:21,24700.0,1000,Sell,224076631
2024-07-18 09:15:22,24700.0,100,Buy,224076650
2024-07-18 09:15:27,24750.0,500,Buy,224076771
2024-07-18 09:15:27,24750.0,100,Buy,224076770
2024-07-18 09:15:27,24750.0,100,Buy,224076772
2024-07-18 09:15:28,24750.0,13900,Sell,224076777
2024-07-18 09:15:29,24750.0,1200,Buy,224076822
2024-07-18 09:15:37,24700.0,100,Sell,224077095
2024-07-18 09:15:38,24700.0,200,Sell,224077150
2024-07-18 09:15:38,24700.0,100,Sell,224077149
2024-07-18 09:15:38,24700.0,100,Sell,224077152
2024-07-18 09:15:38,24750.0,1000,Buy,224077135
2024-07-18 09:15:38,24750.0,500,Buy,224077126
2024-07-18 09:15:38,24700.0,400,Sell,224077148
2024-07-18 09:15:41,24750.0,100,Buy,224077216
2024-07-18 09:15:41,24750.0,3400,Buy,224077215
2024-07-18 09:15:44,24750.0,200,Buy,224077291
2024-07-18 09:15:44,24750.0,200,Buy,224077292
2024-07-18 09:15:44,24750.0,5000,Buy,224077293
2024-07-18 09:15:44,24750.0,14600,Buy,224077294
2024-07-18 09:15:44,24750.0,4000,Buy,224077313
2024-07-18 09:15:45,24800.0,200,Buy,224077340
2024-07-18 09:15:45,24800.0,1700,Buy,224077342
2024-07-18 09:15:45,24800.0,500,Buy,224077341
2024-07-18 09:15:45,24800.0,100,Buy,224077339
2024-07-18 09:15:45,24800.0,1000,Buy,224077337
2024-07-18 09:15:45,24750.0,400,Buy,224077336
2024-07-18 09:15:45,24750.0,1000,Buy,224077335
2024-07-18 09:15:45,24800.0,100,Buy,224077338
2024-07-18 09:15:46,24800.0,100,Buy,224077369
2024-07-18 09:15:46,24800.0,1000,Buy,224077368
2024-07-18 09:15:46,24800.0,5000,Buy,224077367
2024-07-18 09:15:46,24800.0,3000,Buy,224077366
2024-07-18 09:15:46,24800.0,100,Buy,224077365
2024-07-18 09:15:46,24800.0,5000,Buy,224077364
2024-07-18 09:15:46,24800.0,100,Buy,224077363
2024-07-18 09:15:46,24800.0,100,Buy,224077362
2024-07-18 09:15:46,24800.0,500,Buy,224077361
2024-07-18 09:15:46,24800.0,500,Buy,224077359
2024-07-18 09:15:46,24800.0,500,Buy,224077358
2024-07-18 09:15:46,24800.0,200,Buy,224077357
2024-07-18 09:15:46,24800.0,200,Buy,224077356
2024-07-18 09:15:46,24800.0,200,Buy,224077355
2024-07-18 09:15:46,24800.0,100,Buy,224077354
2024-07-18 09:15:46,24800.0,3300,Buy,224077353
2024-07-18 09:15:46,24800.0,300,Buy,224077360
2024-07-18 09:15:48,24800.0,300,Sell,224077453
2024-07-18 09:15:53,24800.0,1500,Sell,224077598
2024-07-18 09:15:54,24850.0,100,Buy,224077656
2024-07-18 09:15:54,24850.0,100,Buy,224077657
2024-07-18 09:15:55,24850.0,1400,Buy,224077699
2024-07-18 09:15:55,24850.0,100,Buy,224077698
2024-07-18 09:15:55,24850.0,100,Buy,224077697
2024-07-18 09:15:55,24850.0,1000,Buy,224077696
2024-07-18 09:15:55,24850.0,500,Buy,224077695
2024-07-18 09:15:55,24850.0,400,Buy,224077683
2024-07-18 09:15:55,24850.0,800,Buy,224077693
2024-07-18 09:15:55,24850.0,1600,Buy,224077684
2024-07-18 09:15:55,24850.0,4700,Buy,224077685
2024-07-18 09:15:55,24850.0,500,Buy,224077694
2024-07-18 09:15:55,24850.0,100,Buy,224077692
2024-07-18 09:15:55,24850.0,500,Buy,224077691
2024-07-18 09:15:56,24850.0,5000,Buy,224077724
2024-07-18 09:15:58,24850.0,500,Buy,224077800
2024-07-18 09:15:59,24850.0,3100,Buy,224077846
2024-07-18 09:15:59,24850.0,100,Buy,224077848
2024-07-18 09:15:59,24850.0,10000,Buy,224077849
2024-07-18 09:15:59,24850.0,500,Buy,224077847
2024-07-18 09:16:00,24850.0,500,Sell,224077866
2024-07-18 09:16:00,24850.0,3400,Sell,224077914
2024-07-18 09:16:00,24850.0,3000,Sell,224077915
2024-07-18 09:16:00,24850.0,1000,Buy,224077916
2024-07-18 09:16:01,24850.0,5000,Buy,224077980
2024-07-18 09:16:03,24850.0,200,Sell,224078026
2024-07-18 09:16:03,24850.0,100,Buy,224078025
2024-07-18 09:16:03,24850.0,1900,Buy,224078023
2024-07-18 09:16:03,24850.0,500,Buy,224078024
2024-07-18 09:16:03,24850.0,100,Buy,224078009
2024-07-18 09:16:06,24850.0,1000,Sell,224078128
2024-07-18 09:16:06,24850.0,6700,Sell,224078129
2024-07-18 09:16:06,24850.0,2300,Sell,224078127
2024-07-18 09:16:08,24900.0,100,Buy,224078194
2024-07-18 09:16:08,24900.0,100,Buy,224078195
2024-07-18 09:16:08,24900.0,200,Buy,224078196
2024-07-18 09:16:08,24900.0,500,Buy,224078197
2024-07-18 09:16:08,24900.0,4100,Buy,224078198
2024-07-18 09:16:09,24900.0,4000,Buy,224078270
2024-07-18 09:16:09,24850.0,400,Sell,224078255
2024-07-18 09:16:11,24900.0,400,Buy,224078306
2024-07-18 09:16:11,24900.0,4000,Buy,224078318
2024-07-18 09:16:13,24850.0,1000,Sell,224078353
2024-07-18 09:16:14,24900.0,4000,Buy,224078408
2024-07-18 09:16:16,24900.0,100,Buy,224078490
2024-07-18 09:16:16,24900.0,100,Buy,224078491
2024-07-18 09:16:16,24900.0,1000,Buy,224078492
2024-07-18 09:16:16,24900.0,600,Buy,224078493
2024-07-18 09:16:18,24850.0,2700,Sell,224078595
2024-07-18 09:16:18,24900.0,2200,Buy,224078594
2024-07-18 09:16:19,24900.0,20000,Buy,224078655
2024-07-18 09:16:19,24900.0,1000,Buy,224078652
2024-07-18 09:16:19,24900.0,600,Buy,224078653
2024-07-18 09:16:22,24900.0,500,Buy,224078727
2024-07-18 09:16:22,24900.0,500,Buy,224078736
2024-07-18 09:16:22,24900.0,5000,Buy,224078747
2024-07-18 09:16:22,24850.0,100,Sell,224078748
2024-07-18 09:16:23,24900.0,1000,Buy,224078765
2024-07-18 09:16:23,24900.0,100,Buy,224078769
2024-07-18 09:16:24,24850.0,15000,Sell,224078810
2024-07-18 09:16:24,24850.0,1000,Sell,224078809
2024-07-18 09:16:24,24850.0,100,Sell,224078808
2024-07-18 09:16:24,24850.0,2000,Sell,224078807
2024-07-18 09:16:24,24850.0,300,Sell,224078806
2024-07-18 09:16:24,24850.0,100,Sell,224078803
2024-07-18 09:16:24,24850.0,1000,Sell,224078804
2024-07-18 09:16:24,24850.0,3000,Sell,224078802
2024-07-18 09:16:24,24900.0,2000,Buy,224078796
2024-07-18 09:16:24,24850.0,1500,Sell,224078805
2024-07-18 09:16:24,24850.0,9100,Sell,224078801
2024-07-18 09:16:26,24850.0,2000,Buy,224078861
2024-07-18 09:16:27,24850.0,2000,Buy,224078907
2024-07-18 09:16:27,24850.0,1000,Buy,224078895
2024-07-18 09:16:27,24850.0,200,Buy,224078899
2024-07-18 09:16:28,24850.0,5000,Buy,224078925
2024-07-18 09:16:28,24850.0,1000,Buy,224078937
2024-07-18 09:16:29,24850.0,100,Buy,224078966
2024-07-18 09:16:30,24850.0,500,Buy,224078978
2024-07-18 09:16:30,24850.0,200,Buy,224078995
2024-07-18 09:16:33,24850.0,2000,Buy,224079087
2024-07-18 09:16:33,24850.0,300,Buy,224079100
2024-07-18 09:16:33,24850.0,1500,Buy,224079116
2024-07-18 09:16:34,24800.0,12000,Sell,224079129
2024-07-18 09:16:36,24850.0,500,Buy,224079224
2024-07-18 09:16:36,24800.0,500,Sell,224079186
2024-07-18 09:16:37,24850.0,10000,Buy,224079226
2024-07-18 09:16:37,24850.0,1000,Buy,224079227
2024-07-18 09:16:40,24850.0,1200,Buy,224079341
2024-07-18 09:16:40,24850.0,3000,Buy,224079343
2024-07-18 09:16:41,24850.0,2000,Buy,224079414
2024-07-18 09:16:41,24850.0,200,Buy,224079421
2024-07-18 09:16:42,24850.0,300,Buy,224079441
2024-07-18 09:16:43,24800.0,1000,Sell,224079469
2024-07-18 09:16:44,24850.0,1800,Buy,224079509
2024-07-18 09:16:45,24850.0,100,Buy,224079543
2024-07-18 09:16:45,24850.0,500,Buy,224079542
2024-07-18 09:16:45,24850.0,1100,Buy,224079538
2024-07-18 09:16:45,24850.0,100,Buy,224079540
2024-07-18 09:16:45,24850.0,200,Buy,224079541
2024-07-18 09:16:45,24850.0,1000,Buy,224079539
2024-07-18 09:16:46,24850.0,900,Buy,224079605
2024-07-18 09:16:46,24850.0,100,Buy,224079606
2024-07-18 09:16:47,24850.0,1600,Buy,224079642
2024-07-18 09:16:53,24850.0,400,Buy,224079826
2024-07-18 09:16:53,24850.0,500,Buy,224079827
2024-07-18 09:16:54,24850.0,3000,Buy,224079889
2024-07-18 09:16:57,24850.0,300,Buy,224079956
2024-07-18 09:16:58,24850.0,8000,Buy,224080031
2024-07-18 09:16:59,24850.0,4000,Buy,224080095
2024-07-18 09:16:59,24850.0,1100,Buy,224080046
2024-07-18 09:16:59,24850.0,300,Buy,224080089
2024-07-18 09:17:00,24850.0,300,Buy,224080113
2024-07-18 09:17:01,24850.0,4500,Buy,224080132
2024-07-18 09:17:01,24850.0,500,Buy,224080167
2024-07-18 09:17:02,24850.0,5000,Buy,224080171
2024-07-18 09:17:04,24850.0,1000,Buy,224080280
2024-07-18 09:17:04,24850.0,2000,Buy,224080283
2024-07-18 09:17:05,24850.0,500,Buy,224080286
2024-07-18 09:17:05,24850.0,900,Buy,224080287
2024-07-18 09:17:06,24850.0,5000,Buy,224080319
2024-07-18 09:17:09,24850.0,1000,Buy,224080485
2024-07-18 09:17:10,24850.0,1000,Buy,224080516
2024-07-18 09:17:11,24850.0,500,Buy,224080540
2024-07-18 09:17:11,24850.0,4000,Buy,224080539
2024-07-18 09:17:12,24850.0,100,Buy,224080589
2024-07-18 09:17:16,24850.0,3000,Buy,224080814
2024-07-18 09:17:17,24850.0,400,Buy,224080899
2024-07-18 09:17:19,24850.0,100,Buy,224080992
2024-07-18 09:17:19,24850.0,300,Buy,224080991
2024-07-18 09:17:19,24850.0,3000,Buy,224080993
2024-07-18 09:17:19,24850.0,200,Buy,224080989
2024-07-18 09:17:19,24850.0,1300,Buy,224080988
2024-07-18 09:17:19,24850.0,3600,Buy,224080987
2024-07-18 09:17:19,24850.0,200,Buy,224080990
2024-07-18 09:17:20,24850.0,1000,Buy,224081013
2024-07-18 09:17:21,24850.0,1000,Buy,224081044
2024-07-18 09:17:21,24850.0,600,Buy,224081045
2024-07-18 09:17:21,24850.0,300,Buy,224081046
2024-07-18 09:17:21,24850.0,500,Buy,224081047
2024-07-18 09:17:21,24850.0,300,Buy,224081048
2024-07-18 09:17:23,24850.0,1200,Buy,224081127
2024-07-18 09:17:23,24850.0,3800,Buy,224081128
2024-07-18 09:17:26,24850.0,800,Buy,224081239
2024-07-18 09:17:28,24850.0,800,Buy,224081339
2024-07-18 09:17:29,24850.0,700,Buy,224081351
2024-07-18 09:17:30,24850.0,2100,Buy,224081371
2024-07-18 09:17:30,24850.0,100,Buy,224081384
2024-07-18 09:17:30,24850.0,800,Buy,224081389
2024-07-18 09:17:30,24850.0,3900,Buy,224081370
2024-07-18 09:17:32,24850.0,1000,Buy,224081483
2024-07-18 09:17:34,24850.0,1000,Buy,224081595
2024-07-18 09:17:35,24850.0,3000,Buy,224081656
2024-07-18 09:17:35,24800.0,100,Sell,224081658
2024-07-18 09:17:37,24850.0,5000,Buy,224081751
2024-07-18 09:17:38,24850.0,1000,Buy,224081768
2024-07-18 09:17:40,24850.0,100,Buy,224081838
2024-07-18 09:17:41,24850.0,300,Buy,224081865
2024-07-18 09:17:41,24850.0,3000,Buy,224081864
2024-07-18 09:17:41,24850.0,1000,Buy,224081861
2024-07-18 09:17:41,24850.0,200,Buy,224081862
2024-07-18 09:17:41,24850.0,500,Buy,224081863
2024-07-18 09:17:42,24850.0,2000,Buy,224081906
2024-07-18 09:17:43,24850.0,14300,Buy,224081942
2024-07-18 09:17:43,24850.0,200,Buy,224081941
2024-07-18 09:17:43,24850.0,500,Buy,224081940
2024-07-18 09:17:43,24850.0,200,Buy,224081938
2024-07-18 09:17:43,24850.0,200,Buy,224081939
2024-07-18 09:17:43,24850.0,1000,Buy,224081936
2024-07-18 09:17:43,24850.0,500,Buy,224081935
2024-07-18 09:17:43,24850.0,2700,Buy,224081934
2024-07-18 09:17:43,24800.0,200,Sell,224081932
2024-07-18 09:17:43,24850.0,400,Buy,224081937
2024-07-18 09:17:44,24850.0,700,Buy,224082005
2024-07-18 09:17:44,24850.0,300,Buy,224082006
2024-07-18 09:17:46,24850.0,1000,Buy,224082084
2024-07-18 09:17:46,24850.0,200,Buy,224082087
2024-07-18 09:17:47,24800.0,100,Sell,224082137
2024-07-18 09:17:49,24850.0,5000,Buy,224082213
2024-07-18 09:17:50,24850.0,700,Buy,224082237
2024-07-18 09:17:52,24850.0,100,Buy,224082278
2024-07-18 09:17:54,24800.0,1300,Sell,224082349
2024-07-18 09:17:54,24850.0,1000,Buy,224082345
2024-07-18 09:17:57,24850.0,1700,Buy,224082472
2024-07-18 09:17:57,24850.0,100,Buy,224082473
2024-07-18 09:17:57,24850.0,2200,Buy,224082474
2024-07-18 09:17:57,24850.0,1000,Buy,224082508
2024-07-18 09:17:57,24850.0,100,Buy,224082509
2024-07-18 09:17:57,24850.0,1000,Buy,224082558
2024-07-18 09:18:00,24850.0,100,Buy,224082655
2024-07-18 09:18:00,24850.0,100,Buy,224082661
2024-07-18 09:18:01,24850.0,200,Buy,224082695
2024-07-18 09:18:01,24850.0,800,Buy,224082692
2024-07-18 09:18:01,24850.0,4200,Buy,224082693
2024-07-18 09:18:01,24850.0,100,Buy,224082694
2024-07-18 09:18:04,24850.0,100,Buy,224082787
2024-07-18 09:18:04,24850.0,900,Buy,224082788
2024-07-18 09:18:04,24850.0,500,Buy,224082786
2024-07-18 09:18:06,24850.0,13500,Buy,224082860
2024-07-18 09:18:06,24850.0,1500,Buy,224082861
2024-07-18 09:18:06,24850.0,200,Buy,224082862
2024-07-18 09:18:06,24850.0,10000,Buy,224082863
2024-07-18 09:18:06,24850.0,2000,Buy,224082864
2024-07-18 09:18:06,24850.0,3300,Buy,224082865
2024-07-18 09:18:08,24850.0,2500,Buy,224082975
2024-07-18 09:18:09,24850.0,2000,Sell,224083044
2024-07-18 09:18:09,24850.0,1000,Buy,224083039
2024-07-18 09:18:09,24850.0,5000,Buy,224083038
2024-07-18 09:18:09,24850.0,500,Buy,224083037
2024-07-18 09:18:09,24850.0,300,Buy,224083036
2024-07-18 09:18:09,24850.0,1000,Buy,224083019
2024-07-18 09:18:09,24850.0,3200,Buy,224083034
2024-07-18 09:18:09,24850.0,1800,Buy,224083021
2024-07-18 09:18:09,24850.0,3000,Buy,224083020
2024-07-18 09:18:09,24850.0,5000,Buy,224083035
2024-07-18 09:18:09,24850.0,4200,Buy,224083018
2024-07-18 09:18:11,24850.0,1000,Sell,224083086
2024-07-18 09:18:12,24850.0,2000,Sell,224083126
2024-07-18 09:18:14,24850.0,500,Sell,224083189
2024-07-18 09:18:14,24900.0,100,Buy,224083184
2024-07-18 09:18:17,24850.0,100,Sell,224083297
2024-07-18 09:18:18,24900.0,600,Buy,224083334
2024-07-18 09:18:19,24900.0,200,Buy,224083368
2024-07-18 09:18:22,24850.0,1000,Sell,224083492
2024-07-18 09:18:24,24900.0,1000,Buy,224083562
2024-07-18 09:18:24,24850.0,100,Sell,224083591
2024-07-18 09:18:26,24850.0,500,Sell,224083637
2024-07-18 09:18:27,24900.0,2000,Buy,224083698
2024-07-18 09:18:27,24900.0,100,Buy,224083730
2024-07-18 09:18:30,24900.0,1000,Buy,224083848
2024-07-18 09:18:35,24900.0,100,Buy,224084018
2024-07-18 09:18:35,24900.0,400,Buy,224084017
2024-07-18 09:18:36,24900.0,300,Buy,224084085
2024-07-18 09:18:37,24900.0,500,Buy,224084119
2024-07-18 09:18:38,24900.0,49100,Buy,224084130
2024-07-18 09:18:38,24900.0,600,Buy,224084151
2024-07-18 09:18:39,24900.0,2500,Buy,224084166
2024-07-18 09:18:40,24900.0,400,Buy,224084244
2024-07-18 09:18:41,24900.0,200,Buy,224084285
2024-07-18 09:18:41,24850.0,200,Sell,224084279
2024-07-18 09:18:41,24900.0,2000,Buy,224084275
2024-07-18 09:18:41,24900.0,100,Buy,224084276
2024-07-18 09:18:41,24900.0,7600,Buy,224084274
2024-07-18 09:18:41,24900.0,300,Buy,224084277
2024-07-18 09:18:42,24850.0,2600,Sell,224084335
2024-07-18 09:18:42,24850.0,100,Sell,224084334
2024-07-18 09:18:42,24850.0,1900,Sell,224084333
2024-07-18 09:18:42,24850.0,10000,Sell,224084331
2024-07-18 09:18:42,24850.0,7000,Sell,224084330
2024-07-18 09:18:42,24850.0,500,Sell,224084332
2024-07-18 09:18:42,24900.0,400,Buy,224084312
2024-07-18 09:18:42,24900.0,200,Buy,224084311
2024-07-18 09:18:42,24900.0,300,Buy,224084296
2024-07-18 09:18:42,24900.0,100,Buy,224084295
2024-07-18 09:18:42,24900.0,100,Buy,224084294
2024-07-18 09:18:42,24900.0,4500,Buy,224084293
2024-07-18 09:18:42,24850.0,8600,Sell,224084329
2024-07-18 09:18:43,24900.0,100,Buy,224084364
2024-07-18 09:18:45,24900.0,400,Buy,224084428
2024-07-18 09:18:45,24900.0,600,Buy,224084427
2024-07-18 09:18:45,24900.0,900,Buy,224084414
2024-07-18 09:18:45,24900.0,100,Buy,224084413
2024-07-18 09:18:45,24900.0,200,Buy,224084412
2024-07-18 09:18:45,24900.0,2000,Buy,224084411
2024-07-18 09:18:45,24900.0,2000,Buy,224084409
2024-07-18 09:18:45,24900.0,15000,Buy,224084408
2024-07-18 09:18:45,24900.0,200,Buy,224084407
2024-07-18 09:18:45,24900.0,100,Buy,224084406
2024-07-18 09:18:45,24900.0,100,Buy,224084405
2024-07-18 09:18:45,24900.0,6500,Buy,224084404
2024-07-18 09:18:45,24900.0,300,Buy,224084410
2024-07-18 09:18:46,24900.0,3000,Buy,224084492
2024-07-18 09:18:46,24900.0,1000,Buy,224084493
2024-07-18 09:18:46,24900.0,2900,Buy,224084494
2024-07-18 09:18:46,24900.0,100,Buy,224084495
2024-07-18 09:18:46,24900.0,2300,Buy,224084496
2024-07-18 09:18:46,24900.0,200,Buy,224084499
2024-07-18 09:18:46,24900.0,100,Buy,224084498
2024-07-18 09:18:46,24900.0,10000,Buy,224084500
2024-07-18 09:18:46,24900.0,200,Buy,224084501
2024-07-18 09:18:46,24900.0,100,Buy,224084502
2024-07-18 09:18:46,24900.0,900,Buy,224084491
2024-07-18 09:18:46,24900.0,200,Buy,224084497
2024-07-18 09:18:46,24900.0,200,Buy,224084490
2024-07-18 09:18:46,24900.0,200,Buy,224084488
2024-07-18 09:18:46,24900.0,400,Buy,224084475
2024-07-18 09:18:46,24900.0,2000,Buy,224084476
2024-07-18 09:18:46,24900.0,100,Buy,224084477
2024-07-18 09:18:46,24900.0,300,Buy,224084478
2024-07-18 09:18:46,24900.0,5000,Buy,224084479
2024-07-18 09:18:46,24900.0,100,Buy,224084480
2024-07-18 09:18:46,24900.0,100,Buy,224084481
2024-07-18 09:18:46,24900.0,500,Buy,224084489
2024-07-18 09:18:46,24900.0,800,Buy,224084483
2024-07-18 09:18:46,24900.0,300,Buy,224084484
2024-07-18 09:18:46,24900.0,300,Buy,224084485
2024-07-18 09:18:46,24900.0,800,Buy,224084486
2024-07-18 09:18:46,24900.0,1000,Buy,224084487
2024-07-18 09:18:46,24900.0,500,Buy,224084482
2024-07-18 09:18:47,24900.0,300,Sell,224084516
2024-07-18 09:18:47,24900.0,2000,Sell,224084517
2024-07-18 09:18:47,24900.0,700,Sell,224084530
2024-07-18 09:18:48,24900.0,500,Sell,224084570
2024-07-18 09:18:51,24900.0,500,Sell,224084714
2024-07-18 09:18:52,24900.0,5000,Sell,224084739
2024-07-18 09:18:53,24900.0,200,Sell,224084771
2024-07-18 09:18:55,24900.0,500,Sell,224084816
2024-07-18 09:18:57,24950.0,100,Buy,224084933
2024-07-18 09:18:57,24950.0,100,Buy,224084934
2024-07-18 09:18:57,24950.0,1000,Buy,224084932
2024-07-18 09:18:57,24950.0,100,Buy,224084931
2024-07-18 09:18:57,24950.0,100,Buy,224084930
2024-07-18 09:18:57,24950.0,500,Buy,224084929
2024-07-18 09:18:57,24950.0,100,Buy,224084928
2024-07-18 09:18:58,24900.0,300,Sell,224084984
2024-07-18 09:18:59,24950.0,200,Buy,224085023
2024-07-18 09:19:00,24950.0,200,Buy,224085047
2024-07-18 09:19:00,24950.0,800,Buy,224085048
2024-07-18 09:19:01,24950.0,800,Buy,224085131
2024-07-18 09:19:01,24950.0,200,Buy,224085129
2024-07-18 09:19:01,24950.0,5000,Buy,224085130
2024-07-18 09:19:01,24950.0,100,Buy,224085127
2024-07-18 09:19:01,24950.0,100,Buy,224085126
2024-07-18 09:19:01,24950.0,3500,Buy,224085125
2024-07-18 09:19:01,24950.0,300,Buy,224085128
2024-07-18 09:19:02,24900.0,6200,Sell,224085174
2024-07-18 09:19:02,24900.0,100,Sell,224085175
2024-07-18 09:19:02,24900.0,100,Sell,224085176
2024-07-18 09:19:02,24900.0,600,Sell,224085177
2024-07-18 09:19:02,24950.0,100,Buy,224085214
2024-07-18 09:19:02,24900.0,200,Sell,224085172
2024-07-18 09:19:03,24950.0,100,Buy,224085253
2024-07-18 09:19:03,24950.0,1400,Buy,224085255
2024-07-18 09:19:03,24950.0,1000,Buy,224085254
2024-07-18 09:19:03,24950.0,1000,Buy,224085252
2024-07-18 09:19:03,24950.0,1100,Buy,224085250
2024-07-18 09:19:03,24950.0,2000,Buy,224085239
2024-07-18 09:19:03,24950.0,400,Buy,224085251
2024-07-18 09:19:05,24950.0,1600,Buy,224085307
2024-07-18 09:19:05,24950.0,900,Buy,224085308
2024-07-18 09:19:06,24900.0,100,Sell,224085418
2024-07-18 09:19:06,24950.0,300,Buy,224085404
2024-07-18 09:19:06,24950.0,100,Buy,224085392
2024-07-18 09:19:06,24950.0,200,Buy,224085391
2024-07-18 09:19:06,24950.0,200,Buy,224085390
2024-07-18 09:19:06,24950.0,2000,Buy,224085389
2024-07-18 09:19:06,24950.0,2000,Buy,224085388
2024-07-18 09:19:06,24950.0,1000,Buy,224085387
2024-07-18 09:19:06,24950.0,200,Buy,224085367
2024-07-18 09:19:06,24950.0,2000,Buy,224085366
2024-07-18 09:19:06,24950.0,800,Buy,224085393
2024-07-18 09:19:06,24950.0,12000,Buy,224085364
2024-07-18 09:19:06,24950.0,500,Buy,224085363
2024-07-18 09:19:06,24950.0,800,Buy,224085362
2024-07-18 09:19:06,24950.0,100,Buy,224085361
2024-07-18 09:19:06,24950.0,1000,Buy,224085360
2024-07-18 09:19:06,24950.0,3000,Buy,224085359
2024-07-18 09:19:06,24950.0,100,Buy,224085358
2024-07-18 09:19:06,24950.0,3800,Buy,224085357
2024-07-18 09:19:06,24950.0,300,Buy,224085356
2024-07-18 09:19:06,24950.0,5000,Buy,224085355
2024-07-18 09:19:06,24950.0,200,Buy,224085365
2024-07-18 09:19:07,24950.0,200,Sell,224085480
2024-07-18 09:19:07,24950.0,1600,Sell,224085475
2024-07-18 09:19:07,24950.0,4200,Sell,224085481
2024-07-18 09:19:07,24950.0,200,Buy,224085453
2024-07-18 09:19:07,24950.0,1900,Buy,224085452
2024-07-18 09:19:07,24950.0,100,Buy,224085454
2024-07-18 09:19:08,24950.0,2000,Buy,224085494
2024-07-18 09:19:08,24950.0,7000,Buy,224085542
2024-07-18 09:19:09,24950.0,100,Buy,224085554
2024-07-18 09:19:09,24950.0,3500,Buy,224085562
2024-07-18 09:19:11,24950.0,10000,Buy,224085622
2024-07-18 09:19:11,24950.0,1000,Buy,224085602
2024-07-18 09:19:11,24950.0,800,Buy,224085621
2024-07-18 09:19:13,24900.0,500,Sell,224085734
2024-07-18 09:19:14,24950.0,200,Buy,224085768
2024-07-18 09:19:14,24950.0,1000,Buy,224085780
2024-07-18 09:19:14,24900.0,5000,Sell,224085790
2024-07-18 09:19:18,24950.0,200,Buy,224085926
2024-07-18 09:19:23,24950.0,12000,Buy,224086159
2024-07-18 09:19:25,24950.0,1000,Buy,224086238
2024-07-18 09:19:26,24950.0,1000,Buy,224086301
2024-07-18 09:19:26,24950.0,1400,Buy,224086272
2024-07-18 09:19:26,24950.0,200,Buy,224086273
2024-07-18 09:19:28,24950.0,300,Buy,224086404
2024-07-18 09:19:28,24950.0,300,Buy,224086420
2024-07-18 09:19:29,24950.0,200,Buy,224086451
2024-07-18 09:19:29,24900.0,100,Sell,224086464
2024-07-18 09:19:30,24950.0,2000,Buy,224086491
2024-07-18 09:19:30,24950.0,14800,Buy,224086549
2024-07-18 09:19:30,24950.0,5000,Buy,224086548
2024-07-18 09:19:30,24950.0,200,Buy,224086529
2024-07-18 09:19:30,24950.0,100,Buy,224086526
2024-07-18 09:19:30,24950.0,2800,Buy,224086525
2024-07-18 09:19:30,24950.0,100,Buy,224086524
2024-07-18 09:19:30,24950.0,100,Buy,224086521
2024-07-18 09:19:30,24950.0,100,Buy,224086520
2024-07-18 09:19:30,24950.0,200,Buy,224086519
2024-07-18 09:19:30,24950.0,1000,Buy,224086518
2024-07-18 09:19:30,24950.0,200,Buy,224086517
2024-07-18 09:19:30,24950.0,1400,Buy,224086516
2024-07-18 09:19:30,24950.0,500,Buy,224086522
2024-07-18 09:19:30,24950.0,500,Buy,224086523
2024-07-18 09:19:31,24900.0,1000,Sell,224086573
2024-07-18 09:19:33,24950.0,2000,Buy,224086649
2024-07-18 09:19:33,24950.0,100,Buy,224086624
2024-07-18 09:19:33,24950.0,1000,Buy,224086648
2024-07-18 09:19:34,24950.0,5000,Buy,224086692
2024-07-18 09:19:36,24950.0,7100,Buy,224086751
2024-07-18 09:19:36,24950.0,1900,Buy,224086753
2024-07-18 09:19:36,24900.0,100,Sell,224086736
2024-07-18 09:19:36,24950.0,1000,Buy,224086752
2024-07-18 09:19:37,24950.0,3100,Buy,224086785
2024-07-18 09:19:37,24950.0,100,Buy,224086786
2024-07-18 09:19:37,24950.0,100,Buy,224086787
2024-07-18 09:19:37,24950.0,1700,Buy,224086788
2024-07-18 09:19:37,24950.0,3300,Buy,224086797
2024-07-18 09:19:37,24950.0,500,Sell,224086813
2024-07-18 09:19:39,25000.0,100,Buy,224086942
2024-07-18 09:19:39,25000.0,100,Buy,224086941
2024-07-18 09:19:39,24950.0,100,Sell,224086917
2024-07-18 09:19:39,24950.0,200,Sell,224086916
2024-07-18 09:19:39,25000.0,500,Buy,224086877
2024-07-18 09:19:39,25000.0,200,Buy,224086876
2024-07-18 09:19:39,25000.0,100,Buy,224086874
2024-07-18 09:19:39,24950.0,100,Sell,224086880
2024-07-18 09:19:39,25000.0,200,Buy,224086875
2024-07-18 09:19:40,24950.0,4600,Sell,224086955
2024-07-18 09:19:40,24950.0,15800,Sell,224086953
2024-07-18 09:19:40,24950.0,300,Sell,224086954
2024-07-18 09:19:41,25000.0,200,Buy,224087024
2024-07-18 09:19:41,25000.0,100,Buy,224086991
2024-07-18 09:19:44,25000.0,800,Buy,224087095
2024-07-18 09:19:44,25000.0,200,Buy,224087121
2024-07-18 09:19:45,24950.0,3000,Sell,224087180
2024-07-18 09:19:45,24950.0,200,Sell,224087202
2024-07-18 09:19:46,25000.0,100,Buy,224087206
2024-07-18 09:19:46,25000.0,1900,Buy,224087207
2024-07-18 09:19:47,24950.0,2000,Sell,224087260
2024-07-18 09:19:47,24950.0,200,Sell,224087288
2024-07-18 09:19:47,24950.0,500,Sell,224087289
2024-07-18 09:19:48,24950.0,500,Sell,224087307
2024-07-18 09:19:48,24950.0,1000,Sell,224087301
2024-07-18 09:19:48,24950.0,100,Sell,224087309
2024-07-18 09:19:48,24950.0,100,Sell,224087299
2024-07-18 09:19:48,24950.0,300,Sell,224087298
2024-07-18 09:19:48,24950.0,900,Sell,224087300
2024-07-18 09:19:48,24950.0,2000,Sell,224087297
2024-07-18 09:19:49,25000.0,100,Buy,224087347
2024-07-18 09:19:51,25000.0,1000,Buy,224087502
2024-07-18 09:19:51,25000.0,600,Buy,224087501
2024-07-18 09:19:51,25000.0,400,Buy,224087500
2024-07-18 09:19:51,25000.0,1400,Buy,224087499
2024-07-18 09:19:51,25000.0,1000,Buy,224087498
2024-07-18 09:19:51,25000.0,100,Buy,224087496
2024-07-18 09:19:51,25000.0,400,Buy,224087492
2024-07-18 09:19:51,25000.0,100,Buy,224087495
2024-07-18 09:19:51,25000.0,2000,Buy,224087494
2024-07-18 09:19:51,25000.0,3800,Buy,224087493
2024-07-18 09:19:51,25000.0,10000,Buy,224087503
2024-07-18 09:19:51,25000.0,100,Buy,224087497
2024-07-18 09:19:51,25000.0,100,Buy,224087504
2024-07-18 09:19:51,25000.0,200,Buy,224087513
2024-07-18 09:19:51,25000.0,500,Buy,224087506
2024-07-18 09:19:51,25000.0,1200,Buy,224087507
2024-07-18 09:19:51,25000.0,1300,Buy,224087508
2024-07-18 09:19:51,25000.0,200,Buy,224087509
2024-07-18 09:19:51,25000.0,200,Buy,224087510
2024-07-18 09:19:51,25000.0,100,Buy,224087511
2024-07-18 09:19:51,25000.0,600,Buy,224087512
2024-07-18 09:19:51,25000.0,10000,Buy,224087514
2024-07-18 09:19:51,25000.0,700,Buy,224087515
2024-07-18 09:19:51,25000.0,500,Buy,224087516
2024-07-18 09:19:51,25000.0,100,Buy,224087517
2024-07-18 09:19:51,25000.0,1000,Buy,224087518
2024-07-18 09:19:51,25000.0,1100,Buy,224087519
2024-07-18 09:19:51,25000.0,100,Buy,224087505
2024-07-18 09:19:51,25000.0,200,Buy,224087491
2024-07-18 09:19:51,25000.0,5000,Buy,224087484
2024-07-18 09:19:51,25000.0,500,Buy,224087489
2024-07-18 09:19:51,25000.0,300,Buy,224087490
2024-07-18 09:19:51,24950.0,500,Sell,224087432
2024-07-18 09:19:51,25000.0,100,Buy,224087461
2024-07-18 09:19:51,25000.0,100,Buy,224087462
2024-07-18 09:19:51,25000.0,400,Buy,224087463
2024-07-18 09:19:51,25000.0,800,Buy,224087464
2024-07-18 09:19:51,25000.0,1000,Buy,224087465
2024-07-18 09:19:51,25000.0,2500,Buy,224087466
2024-07-18 09:19:51,25000.0,1000,Buy,224087467
2024-07-18 09:19:51,25000.0,1500,Buy,224087468
2024-07-18 09:19:51,25000.0,200,Buy,224087469
2024-07-18 09:19:51,25000.0,200,Buy,224087470
2024-07-18 09:19:51,25000.0,800,Buy,224087471
2024-07-18 09:19:51,25000.0,500,Buy,224087472
2024-07-18 09:19:51,25000.0,200,Buy,224087482
2024-07-18 09:19:51,25000.0,1000,Buy,224087474
2024-07-18 09:19:51,25000.0,200,Buy,224087473
2024-07-18 09:19:51,25000.0,1000,Buy,224087487
2024-07-18 09:19:51,25000.0,2000,Buy,224087485
2024-07-18 09:19:51,25000.0,600,Buy,224087483
2024-07-18 09:19:51,25000.0,400,Buy,224087488
2024-07-18 09:19:51,25000.0,100,Buy,224087481
2024-07-18 09:19:51,25000.0,600,Buy,224087486
2024-07-18 09:19:51,25000.0,1000,Buy,224087479
2024-07-18 09:19:51,25000.0,400,Buy,224087478
2024-07-18 09:19:51,25000.0,100,Buy,224087477
2024-07-18 09:19:51,25000.0,1500,Buy,224087476
2024-07-18 09:19:51,25000.0,200,Buy,224087475
2024-07-18 09:19:51,25000.0,1800,Buy,224087480
2024-07-18 09:19:52,24950.0,3000,Sell,224087556
2024-07-18 09:19:52,25000.0,2500,Buy,224087557
2024-07-18 09:19:52,25000.0,5000,Buy,224087560
2024-07-18 09:19:53,24950.0,600,Sell,224087578
2024-07-18 09:19:55,25000.0,2000,Buy,224087676
2024-07-18 09:19:55,24950.0,200,Sell,224087679
2024-07-18 09:19:55,24950.0,300,Sell,224087678
2024-07-18 09:19:55,25000.0,1500,Buy,224087677
2024-07-18 09:19:55,25000.0,5000,Buy,224087675
2024-07-18 09:19:55,25000.0,100,Buy,224087671
2024-07-18 09:19:55,25000.0,100,Buy,224087673
2024-07-18 09:19:55,25000.0,2000,Buy,224087672
2024-07-18 09:19:55,25000.0,5100,Buy,224087670
2024-07-18 09:19:55,25000.0,300,Buy,224087654
2024-07-18 09:19:55,25000.0,200,Buy,224087674
2024-07-18 09:19:57,25000.0,4000,Buy,224087783
2024-07-18 09:19:58,24950.0,100,Sell,224087794
2024-07-18 09:19:59,24950.0,1200,Sell,224087827
2024-07-18 09:19:59,24950.0,3800,Sell,224087828
2024-07-18 09:20:03,25000.0,1000,Buy,224088014
2024-07-18 09:20:05,25000.0,300,Buy,224088101
2024-07-18 09:20:05,24950.0,200,Sell,224088104
2024-07-18 09:20:05,25000.0,2500,Buy,224088103
2024-07-18 09:20:05,25000.0,300,Buy,224088102
2024-07-18 09:20:05,25000.0,100,Buy,224088100
2024-07-18 09:20:05,25000.0,2000,Buy,224088098
2024-07-18 09:20:05,25000.0,100,Buy,224088097
2024-07-18 09:20:05,25000.0,100,Buy,224088096
2024-07-18 09:20:05,25000.0,2300,Buy,224088095
2024-07-18 09:20:05,25000.0,2300,Buy,224088099
2024-07-18 09:20:05,24950.0,1000,Sell,224088094
2024-07-18 09:20:08,24950.0,14400,Sell,224088302
2024-07-18 09:20:09,24950.0,100,Sell,224088332
2024-07-18 09:20:10,24950.0,2000,Sell,224088399
2024-07-18 09:20:10,25000.0,1000,Buy,224088400
2024-07-18 09:20:11,25000.0,100,Buy,224088487
2024-07-18 09:20:11,25000.0,500,Buy,224088496
2024-07-18 09:20:11,25000.0,100,Buy,224088495
2024-07-18 09:20:11,25000.0,100,Buy,224088494
2024-07-18 09:20:11,25000.0,200,Buy,224088493
2024-07-18 09:20:11,25000.0,500,Buy,224088489
2024-07-18 09:20:11,25000.0,400,Buy,224088491
2024-07-18 09:20:11,25000.0,5000,Buy,224088497
2024-07-18 09:20:11,25000.0,200,Buy,224088488
2024-07-18 09:20:11,25000.0,100,Buy,224088514
2024-07-18 09:20:11,25000.0,200,Buy,224088492
2024-07-18 09:20:11,25000.0,500,Buy,224088498
2024-07-18 09:20:11,25000.0,1500,Buy,224088503
2024-07-18 09:20:11,25000.0,200,Buy,224088500
2024-07-18 09:20:11,25000.0,200,Buy,224088501
2024-07-18 09:20:11,25000.0,500,Buy,224088502
2024-07-18 09:20:11,25000.0,500,Buy,224088504
2024-07-18 09:20:11,25000.0,500,Buy,224088505
2024-07-18 09:20:11,25000.0,200,Buy,224088506
2024-07-18 09:20:11,25000.0,1000,Buy,224088507
2024-07-18 09:20:11,25000.0,100,Buy,224088508
2024-07-18 09:20:11,25000.0,3100,Buy,224088509
2024-07-18 09:20:11,25000.0,1600,Buy,224088510
2024-07-18 09:20:11,25000.0,400,Buy,224088512
2024-07-18 09:20:11,25000.0,500,Buy,224088513
2024-07-18 09:20:11,25000.0,200,Buy,224088499
2024-07-18 09:20:11,25000.0,100,Buy,224088486
2024-07-18 09:20:11,25000.0,5000,Buy,224088490
2024-07-18 09:20:11,25000.0,100,Buy,224088484
2024-07-18 09:20:11,25000.0,100,Buy,224088485
2024-07-18 09:20:11,25000.0,3500,Buy,224088440
2024-07-18 09:20:11,25000.0,100,Buy,224088458
2024-07-18 09:20:11,25000.0,300,Buy,224088459
2024-07-18 09:20:11,25000.0,500,Buy,224088460
2024-07-18 09:20:11,25000.0,200,Buy,224088461
2024-07-18 09:20:11,25000.0,300,Buy,224088462
2024-07-18 09:20:11,25000.0,1000,Buy,224088463
2024-07-18 09:20:11,25000.0,2000,Buy,224088464
2024-07-18 09:20:11,25000.0,1000,Buy,224088465
2024-07-18 09:20:11,25000.0,2000,Buy,224088466
2024-07-18 09:20:11,25000.0,1000,Buy,224088467
2024-07-18 09:20:11,25000.0,7000,Buy,224088468
2024-07-18 09:20:11,25000.0,10000,Buy,224088482
2024-07-18 09:20:11,25000.0,100,Buy,224088470
2024-07-18 09:20:11,25000.0,2000,Buy,224088471
2024-07-18 09:20:11,25000.0,1000,Buy,224088472
2024-07-18 09:20:11,25000.0,100,Buy,224088473
2024-07-18 09:20:11,25000.0,100,Buy,224088474
2024-07-18 09:20:11,25000.0,5000,Buy,224088475
2024-07-18 09:20:11,25000.0,500,Buy,224088476
2024-07-18 09:20:11,25000.0,1000,Buy,224088477
2024-07-18 09:20:11,25000.0,1000,Buy,224088478
2024-07-18 09:20:11,25000.0,500,Buy,224088479
2024-07-18 09:20:11,25000.0,5000,Buy,224088480
2024-07-18 09:20:11,25000.0,1000,Buy,224088481
2024-07-18 09:20:11,25000.0,100,Buy,224088469
2024-07-18 09:20:11,25000.0,3000,Buy,224088483
2024-07-18 09:20:12,25000.0,1000,Buy,224088582
2024-07-18 09:20:12,25000.0,600,Buy,224088581
2024-07-18 09:20:12,25000.0,200,Buy,224088579
2024-07-18 09:20:12,25000.0,400,Buy,224088578
2024-07-18 09:20:12,25000.0,800,Buy,224088580
2024-07-18 09:20:13,25000.0,1000,Buy,224088644
2024-07-18 09:20:13,25000.0,4000,Buy,224088645
2024-07-18 09:20:14,25000.0,1000,Buy,224088703
2024-07-18 09:20:14,25000.0,200,Buy,224088704
2024-07-18 09:20:14,25000.0,1000,Buy,224088705
2024-07-18 09:20:14,25000.0,1000,Buy,224088706
2024-07-18 09:20:14,25000.0,100,Buy,224088707
2024-07-18 09:20:14,25000.0,1000,Buy,224088708
2024-07-18 09:20:14,25000.0,700,Buy,224088709
2024-07-18 09:20:15,25000.0,1200,Buy,224088743
2024-07-18 09:20:15,25000.0,900,Buy,224088741
2024-07-18 09:20:15,25000.0,1500,Buy,224088742
2024-07-18 09:20:16,25000.0,1800,Buy,224088773
2024-07-18 09:20:16,25000.0,6000,Buy,224088816
2024-07-18 09:20:16,25000.0,2200,Buy,224088802
2024-07-18 09:20:16,25000.0,1200,Buy,224088801
2024-07-18 09:20:16,25000.0,600,Buy,224088800
2024-07-18 09:20:16,25000.0,200,Buy,224088799
2024-07-18 09:20:16,25000.0,200,Buy,224088798
2024-07-18 09:20:16,25000.0,300,Buy,224088797
2024-07-18 09:20:16,25000.0,400,Buy,224088783
2024-07-18 09:20:16,25000.0,500,Buy,224088778
2024-07-18 09:20:16,25000.0,300,Buy,224088781
2024-07-18 09:20:16,25000.0,100,Buy,224088780
2024-07-18 09:20:16,25000.0,1000,Buy,224088779
2024-07-18 09:20:16,25000.0,200,Buy,224088782
2024-07-18 09:20:16,25000.0,200,Buy,224088777
2024-07-18 09:20:16,25000.0,100,Buy,224088776
2024-07-18 09:20:16,25000.0,300,Buy,224088775
2024-07-18 09:20:16,25000.0,1400,Buy,224088774
2024-07-18 09:20:17,24950.0,1000,Sell,224088842
2024-07-18 09:20:17,25000.0,2400,Buy,224088832
2024-07-18 09:20:17,25000.0,5000,Buy,224088830
2024-07-18 09:20:17,25000.0,400,Buy,224088826
2024-07-18 09:20:17,25000.0,1000,Buy,224088824
2024-07-18 09:20:17,25000.0,400,Buy,224088831
2024-07-18 09:20:19,24950.0,500,Sell,224088922
2024-07-18 09:20:19,25000.0,500,Buy,224088921
2024-07-18 09:20:20,25000.0,100,Buy,224088927
2024-07-18 09:20:21,25000.0,2500,Buy,224088960
2024-07-18 09:20:21,25000.0,100,Buy,224088961
2024-07-18 09:20:21,25000.0,200,Buy,224088962
2024-07-18 09:20:21,25000.0,400,Buy,224088963
2024-07-18 09:20:21,25000.0,200,Buy,224088977
2024-07-18 09:20:24,25000.0,100,Buy,224089052
2024-07-18 09:20:24,25000.0,1300,Buy,224089055
2024-07-18 09:20:24,25000.0,700,Buy,224089056
2024-07-18 09:20:27,25000.0,100,Buy,224089141
2024-07-18 09:20:28,25000.0,1200,Buy,224089209
2024-07-18 09:20:28,25000.0,800,Buy,224089210
2024-07-18 09:20:28,25000.0,100,Buy,224089216
2024-07-18 09:20:29,25000.0,2700,Buy,224089265
2024-07-18 09:20:29,25000.0,100,Buy,224089261
2024-07-18 09:20:29,25000.0,200,Buy,224089267
2024-07-18 09:20:29,25000.0,1000,Buy,224089266
2024-07-18 09:20:29,25000.0,100,Buy,224089260
2024-07-18 09:20:29,25000.0,3000,Buy,224089255
2024-07-18 09:20:29,25000.0,200,Buy,224089258
2024-07-18 09:20:29,25000.0,2200,Buy,224089259
2024-07-18 09:20:29,25000.0,2100,Buy,224089253
2024-07-18 09:20:29,25000.0,500,Buy,224089254
2024-07-18 09:20:29,25000.0,1700,Buy,224089256
2024-07-18 09:20:29,25000.0,100,Buy,224089257
2024-07-18 09:20:30,25000.0,100,Buy,224089289
2024-07-18 09:20:30,25000.0,700,Buy,224089314
2024-07-18 09:20:30,25000.0,2000,Buy,224089313
2024-07-18 09:20:30,25000.0,2300,Buy,224089312
2024-07-18 09:20:30,25000.0,700,Buy,224089307
2024-07-18 09:20:30,25000.0,2000,Buy,224089306
2024-07-18 09:20:30,25000.0,1000,Buy,224089296
2024-07-18 09:20:30,25000.0,2000,Buy,224089288
2024-07-18 09:20:30,25000.0,200,Buy,224089294
2024-07-18 09:20:30,25000.0,1000,Buy,224089293
2024-07-18 09:20:30,25000.0,500,Buy,224089292
2024-07-18 09:20:30,25000.0,500,Buy,224089291
2024-07-18 09:20:30,25000.0,1000,Buy,224089290
2024-07-18 09:20:30,25000.0,1000,Buy,224089295
2024-07-18 09:20:31,25000.0,200,Buy,224089424
2024-07-18 09:20:31,25000.0,200,Buy,224089425
2024-07-18 09:20:31,25000.0,200,Buy,224089426
2024-07-18 09:20:31,25000.0,100,Buy,224089427
2024-07-18 09:20:31,25000.0,500,Buy,224089428
2024-07-18 09:20:31,25000.0,100,Buy,224089445
2024-07-18 09:20:32,25000.0,400,Buy,224089476
2024-07-18 09:20:32,25000.0,300,Buy,224089477
2024-07-18 09:20:32,25000.0,400,Buy,224089478
2024-07-18 09:20:32,25000.0,100,Buy,224089479
2024-07-18 09:20:34,25000.0,3000,Buy,224089610
2024-07-18 09:20:35,25000.0,100,Buy,224089656
2024-07-18 09:20:35,25000.0,1900,Buy,224089655
2024-07-18 09:20:38,25000.0,6000,Buy,224089782
2024-07-18 09:20:38,25000.0,3300,Buy,224089777
2024-07-18 09:20:38,25000.0,500,Buy,224089776
2024-07-18 09:20:38,25000.0,400,Buy,224089775
2024-07-18 09:20:38,25000.0,100,Buy,224089743
2024-07-18 09:20:38,25000.0,2500,Buy,224089773
2024-07-18 09:20:38,25000.0,1000,Buy,224089772
2024-07-18 09:20:38,25000.0,600,Buy,224089771
2024-07-18 09:20:38,25000.0,200,Buy,224089742
2024-07-18 09:20:38,25000.0,100,Buy,224089774
2024-07-18 09:20:43,25000.0,20000,Buy,224090013
2024-07-18 09:20:44,25000.0,400,Buy,224090041
2024-07-18 09:20:45,24950.0,1000,Sell,224090097
2024-07-18 09:20:45,25000.0,1000,Buy,224090121
2024-07-18 09:20:45,25000.0,300,Buy,224090122
2024-07-18 09:20:45,25000.0,1000,Buy,224090125
2024-07-18 09:20:46,25000.0,900,Buy,224090157
2024-07-18 09:20:48,24950.0,100,Sell,224090212
2024-07-18 09:20:49,25000.0,100,Buy,224090236
2024-07-18 09:20:50,25000.0,5000,Buy,224090329
2024-07-18 09:20:50,25000.0,1000,Buy,224090327
2024-07-18 09:20:52,25000.0,1000,Buy,224090412
2024-07-18 09:20:52,25000.0,500,Buy,224090406
2024-07-18 09:20:54,25000.0,3000,Buy,224090517
2024-07-18 09:20:55,25000.0,100,Buy,224090535
2024-07-18 09:20:56,24950.0,500,Sell,224090570
2024-07-18 09:20:57,24950.0,300,Sell,224090642
2024-07-18 09:20:59,25000.0,40000,Buy,224090739
2024-07-18 09:20:59,25000.0,400,Buy,224090748
2024-07-18 09:21:01,25000.0,100,Buy,224090786
2024-07-18 09:21:01,25000.0,9000,Buy,224090795
2024-07-18 09:21:01,25000.0,1600,Buy,224090817
2024-07-18 09:21:03,24950.0,200,Sell,224090911
2024-07-18 09:21:03,24950.0,200,Sell,224090912
2024-07-18 09:21:03,24950.0,3400,Sell,224090913
2024-07-18 09:21:03,24950.0,800,Sell,224090914
2024-07-18 09:21:03,24950.0,1000,Sell,224090915
2024-07-18 09:21:03,24950.0,300,Sell,224090920
2024-07-18 09:21:03,24950.0,400,Sell,224090917
2024-07-18 09:21:03,24950.0,100,Sell,224090918
2024-07-18 09:21:03,24950.0,100,Sell,224090919
2024-07-18 09:21:03,24950.0,2000,Sell,224090910
2024-07-18 09:21:03,24950.0,32300,Sell,224090921
2024-07-18 09:21:03,24950.0,100,Sell,224090916
2024-07-18 09:21:03,24950.0,1600,Sell,224090908
2024-07-18 09:21:03,24950.0,200,Sell,224090909
2024-07-18 09:21:03,24950.0,1200,Sell,224090895
2024-07-18 09:21:03,24950.0,100,Sell,224090907
2024-07-18 09:21:03,24950.0,2000,Sell,224090896
2024-07-18 09:21:03,24950.0,700,Sell,224090897
2024-07-18 09:21:03,24950.0,1000,Sell,224090898
2024-07-18 09:21:03,24950.0,29200,Sell,224090894
2024-07-18 09:21:03,24950.0,1000,Sell,224090900
2024-07-18 09:21:03,24950.0,4000,Sell,224090899
2024-07-18 09:21:03,24950.0,100,Sell,224090902
2024-07-18 09:21:03,24950.0,1000,Sell,224090903
2024-07-18 09:21:03,24950.0,7000,Sell,224090904
2024-07-18 09:21:03,24950.0,100,Sell,224090905
2024-07-18 09:21:03,24950.0,100,Sell,224090906
2024-07-18 09:21:03,24950.0,9800,Sell,224090901
2024-07-18 09:21:06,24950.0,600,Sell,224091030
2024-07-18 09:21:06,24950.0,3000,Sell,224091031
2024-07-18 09:21:06,24950.0,500,Sell,224091032
2024-07-18 09:21:06,24950.0,200,Sell,224091033
2024-07-18 09:21:06,24950.0,1000,Sell,224091029
2024-07-18 09:21:06,24950.0,10000,Sell,224091035
2024-07-18 09:21:06,24950.0,1000,Sell,224091041
2024-07-18 09:21:06,24950.0,500,Sell,224091042
2024-07-18 09:21:06,24950.0,1000,Sell,224091043
2024-07-18 09:21:06,24950.0,100,Sell,224091034
2024-07-18 09:21:06,24950.0,5000,Sell,224091028
2024-07-18 09:21:06,24950.0,800,Sell,224091022
2024-07-18 09:21:06,24950.0,1000,Sell,224091026
2024-07-18 09:21:06,24950.0,500,Sell,224091027
2024-07-18 09:21:06,24950.0,26000,Sell,224091016
2024-07-18 09:21:06,24950.0,200,Sell,224091017
2024-07-18 09:21:06,24950.0,1000,Sell,224091018
2024-07-18 09:21:06,24950.0,100,Sell,224091019
2024-07-18 09:21:06,24950.0,300,Sell,224091021
2024-07-18 09:21:06,24950.0,5300,Sell,224091020
2024-07-18 09:21:06,24950.0,100,Sell,224091024
2024-07-18 09:21:06,24950.0,1000,Sell,224091025
2024-07-18 09:21:06,24950.0,500,Sell,224091023
2024-07-18 09:21:07,24950.0,1000,Buy,224091093
2024-07-18 09:21:08,24950.0,1000,Buy,224091105
2024-07-18 09:21:08,24950.0,500,Buy,224091107
2024-07-18 09:21:08,24950.0,3000,Buy,224091130
2024-07-18 09:21:09,24950.0,100,Buy,224091133
2024-07-18 09:21:09,24950.0,100,Buy,224091143
2024-07-18 09:21:09,24950.0,15000,Buy,224091134
2024-07-18 09:21:11,24950.0,7000,Buy,224091193
2024-07-18 09:21:12,24950.0,5000,Buy,224091243
2024-07-18 09:21:13,24950.0,200,Buy,224091293
2024-07-18 09:21:13,24950.0,5000,Buy,224091303
2024-07-18 09:21:13,24950.0,100,Buy,224091304
2024-07-18 09:21:13,24950.0,500,Buy,224091317
2024-07-18 09:21:15,24950.0,1000,Buy,224091358
2024-07-18 09:21:16,24950.0,3000,Buy,224091424
2024-07-18 09:21:16,24950.0,800,Buy,224091398
2024-07-18 09:21:16,24950.0,1200,Buy,224091399
2024-07-18 09:21:18,24950.0,100,Buy,224091539
2024-07-18 09:21:20,24950.0,500,Buy,224091634
2024-07-18 09:21:22,24950.0,500,Buy,224091747
2024-07-18 09:21:22,24900.0,1000,Sell,224091748
2024-07-18 09:21:24,24900.0,100,Sell,224091807
2024-07-18 09:21:24,24900.0,200,Sell,224091808
2024-07-18 09:21:24,24900.0,300,Sell,224091809
2024-07-18 09:21:24,24900.0,500,Sell,224091810
2024-07-18 09:21:24,24900.0,2000,Sell,224091811
2024-07-18 09:21:24,24900.0,200,Sell,224091812
2024-07-18 09:21:24,24900.0,100,Sell,224091815
2024-07-18 09:21:24,24900.0,3000,Sell,224091814
2024-07-18 09:21:24,24900.0,4000,Sell,224091816
2024-07-18 09:21:24,24900.0,200,Sell,224091817
2024-07-18 09:21:24,24900.0,5000,Sell,224091818
2024-07-18 09:21:24,24900.0,1000,Sell,224091819
2024-07-18 09:21:24,24900.0,18700,Sell,224091820
2024-07-18 09:21:24,24900.0,200,Sell,224091813
2024-07-18 09:21:24,24900.0,1000,Sell,224091805
2024-07-18 09:21:24,24900.0,1000,Sell,224091801
2024-07-18 09:21:24,24900.0,2000,Sell,224091804
2024-07-18 09:21:24,24900.0,1600,Sell,224091790
2024-07-18 09:21:24,24900.0,100,Sell,224091791
2024-07-18 09:21:24,24900.0,200,Sell,224091792
2024-07-18 09:21:24,24900.0,200,Sell,224091793
2024-07-18 09:21:24,24900.0,400,Sell,224091795
2024-07-18 09:21:24,24900.0,500,Sell,224091796
2024-07-18 09:21:24,24900.0,2000,Sell,224091794
2024-07-18 09:21:24,24900.0,300,Sell,224091798
2024-07-18 09:21:24,24900.0,3000,Sell,224091799
2024-07-18 09:21:24,24900.0,1000,Sell,224091800
2024-07-18 09:21:24,24900.0,2000,Sell,224091802
2024-07-18 09:21:24,24900.0,500,Sell,224091803
2024-07-18 09:21:24,24900.0,100,Sell,224091797
2024-07-18 09:21:24,24900.0,400,Sell,224091806
2024-07-18 09:21:25,24950.0,3000,Buy,224091871
2024-07-18 09:21:27,24900.0,2000,Sell,224091921
2024-07-18 09:21:28,24900.0,1400,Sell,224091947
2024-07-18 09:21:29,24900.0,5000,Sell,224091998
2024-07-18 09:21:31,24900.0,2000,Sell,224092081
2024-07-18 09:21:31,24950.0,400,Buy,224092121
2024-07-18 09:21:33,24900.0,9000,Sell,224092164
2024-07-18 09:21:36,24900.0,2000,Sell,224092312
2024-07-18 09:21:36,24900.0,100,Sell,224092310
2024-07-18 09:21:36,24900.0,200,Sell,224092309
2024-07-18 09:21:36,24900.0,500,Sell,224092311
2024-07-18 09:21:36,24900.0,1000,Sell,224092296
2024-07-18 09:21:36,24900.0,800,Sell,224092295
2024-07-18 09:21:36,24900.0,1000,Sell,224092294
2024-07-18 09:21:36,24900.0,1900,Sell,224092293
2024-07-18 09:21:36,24900.0,300,Sell,224092297
2024-07-18 09:21:40,24900.0,3000,Buy,224092566
2024-07-18 09:21:42,24900.0,200,Buy,224092638
2024-07-18 09:21:43,24900.0,1000,Buy,224092659
2024-07-18 09:21:44,24900.0,500,Buy,224092705
2024-07-18 09:21:45,24900.0,300,Buy,224092743
2024-07-18 09:21:47,24900.0,500,Buy,224092951
2024-07-18 09:21:49,24900.0,6000,Buy,224093072
2024-07-18 09:21:50,24900.0,1000,Buy,224093109
2024-07-18 09:21:57,24850.0,400,Sell,224093342
2024-07-18 09:21:57,24850.0,100,Sell,224093341
2024-07-18 09:21:58,24900.0,2000,Buy,224093362
2024-07-18 09:21:58,24850.0,100,Sell,224093386
2024-07-18 09:21:58,24850.0,100,Sell,224093387
2024-07-18 09:21:58,24850.0,800,Sell,224093388
2024-07-18 09:21:58,24850.0,200,Sell,224093389
2024-07-18 09:21:58,24900.0,2000,Buy,224093413
2024-07-18 09:22:01,24850.0,1000,Sell,224093489
2024-07-18 09:22:02,24900.0,100,Buy,224093566
2024-07-18 09:22:04,24900.0,1000,Buy,224093638
2024-07-18 09:22:04,24900.0,100,Buy,224093639
2024-07-18 09:22:04,24900.0,100,Buy,224093640
2024-07-18 09:22:04,24900.0,18200,Buy,224093641
2024-07-18 09:22:04,24900.0,600,Buy,224093637
2024-07-18 09:22:06,24850.0,500,Sell,224093786
2024-07-18 09:22:06,24850.0,1000,Sell,224093787
2024-07-18 09:22:06,24850.0,4500,Sell,224093785
2024-07-18 09:22:06,24850.0,1400,Sell,224093788
2024-07-18 09:22:06,24850.0,300,Sell,224093783
2024-07-18 09:22:06,24850.0,200,Sell,224093782
2024-07-18 09:22:06,24850.0,3800,Sell,224093781
2024-07-18 09:22:06,24900.0,200,Buy,224093770
2024-07-18 09:22:06,24850.0,1000,Sell,224093784
2024-07-18 09:22:08,24900.0,500,Buy,224093832
2024-07-18 09:22:08,24850.0,600,Sell,224093850
2024-07-18 09:22:08,24850.0,500,Sell,224093851
2024-07-18 09:22:08,24900.0,10000,Buy,224093853
2024-07-18 09:22:09,24850.0,100,Sell,224093899
2024-07-18 09:22:11,24850.0,100,Sell,224093990
2024-07-18 09:22:11,24850.0,300,Sell,224093991
2024-07-18 09:22:11,24850.0,4100,Sell,224093992
2024-07-18 09:22:11,24850.0,500,Sell,224093989
2024-07-18 09:22:13,24850.0,3300,Sell,224094070
2024-07-18 09:22:13,24850.0,1500,Sell,224094071
2024-07-18 09:22:13,24850.0,6700,Sell,224094069
2024-07-18 09:22:13,24850.0,900,Sell,224094065
2024-07-18 09:22:13,24850.0,400,Sell,224094067
2024-07-18 09:22:13,24850.0,1000,Sell,224094066
2024-07-18 09:22:13,24850.0,1000,Sell,224094068
2024-07-18 09:22:16,24850.0,15000,Buy,224094210
2024-07-18 09:22:17,24850.0,100,Buy,224094224
2024-07-18 09:22:21,24800.0,100,Sell,224094395
2024-07-18 09:22:21,24800.0,900,Sell,224094366
2024-07-18 09:22:21,24800.0,100,Sell,224094365
2024-07-18 09:22:21,24800.0,300,Sell,224094364
2024-07-18 09:22:21,24800.0,2000,Sell,224094361
2024-07-18 09:22:21,24800.0,1000,Sell,224094362
2024-07-18 09:22:21,24850.0,4000,Buy,224094358
2024-07-18 09:22:21,24800.0,100,Sell,224094363
2024-07-18 09:22:21,24800.0,500,Sell,224094360
2024-07-18 09:22:21,24800.0,100,Sell,224094359
2024-07-18 09:22:22,24850.0,300,Buy,224094455
2024-07-18 09:22:23,24850.0,200,Buy,224094463
2024-07-18 09:22:23,24800.0,200,Sell,224094468
2024-07-18 09:22:25,24850.0,1000,Buy,224094543
2024-07-18 09:22:26,24800.0,1400,Sell,224094564
2024-07-18 09:22:28,24850.0,100,Buy,224094618
2024-07-18 09:22:36,24850.0,1000,Buy,224094950
2024-07-18 09:22:38,24850.0,1500,Buy,224095029
2024-07-18 09:22:42,24850.0,100,Buy,224095167
2024-07-18 09:22:43,24850.0,100,Buy,224095204
2024-07-18 09:22:46,24850.0,100,Buy,224095313
2024-07-18 09:22:47,24850.0,300,Buy,224095335
2024-07-18 09:22:53,24850.0,400,Buy,224095670
2024-07-18 09:22:54,24850.0,1000,Buy,224095697
2024-07-18 09:22:54,24800.0,100,Sell,224095701
2024-07-18 09:22:54,24850.0,2000,Buy,224095710
2024-07-18 09:22:55,24850.0,2000,Buy,224095735
2024-07-18 09:22:55,24800.0,3500,Sell,224095724
2024-07-18 09:22:56,24800.0,1000,Sell,224095759
2024-07-18 09:22:58,24850.0,1000,Buy,224095805
2024-07-18 09:23:00,24800.0,500,Sell,224095849
2024-07-18 09:23:00,24800.0,500,Sell,224095857
2024-07-18 09:23:01,24850.0,100,Buy,224095951
2024-07-18 09:23:03,24850.0,100,Buy,224095998
2024-07-18 09:23:03,24850.0,500,Buy,224096004
2024-07-18 09:23:03,24850.0,500,Buy,224096005
2024-07-18 09:23:07,24800.0,100,Sell,224096160
2024-07-18 09:23:08,24850.0,200,Buy,224096206
2024-07-18 09:23:09,24850.0,200,Buy,224096219
2024-07-18 09:23:09,24850.0,600,Buy,224096217
2024-07-18 09:23:09,24850.0,2000,Buy,224096218
2024-07-18 09:23:14,24850.0,1900,Buy,224096411
2024-07-18 09:23:14,24850.0,1000,Buy,224096403
2024-07-18 09:23:14,24850.0,1000,Buy,224096402
2024-07-18 09:23:14,24850.0,3000,Buy,224096401
2024-07-18 09:23:14,24850.0,300,Buy,224096400
2024-07-18 09:23:14,24850.0,1500,Buy,224096399
2024-07-18 09:23:14,24850.0,100,Buy,224096397
2024-07-18 09:23:14,24850.0,1000,Buy,224096398
2024-07-18 09:23:14,24850.0,800,Buy,224096395
2024-07-18 09:23:14,24850.0,800,Buy,224096388
2024-07-18 09:23:14,24850.0,1000,Buy,224096389
2024-07-18 09:23:14,24850.0,1000,Buy,224096390
2024-07-18 09:23:14,24850.0,200,Buy,224096396
2024-07-18 09:23:14,24850.0,2000,Buy,224096392
2024-07-18 09:23:14,24850.0,3300,Buy,224096393
2024-07-18 09:23:14,24850.0,100,Buy,224096394
2024-07-18 09:23:14,24850.0,1000,Buy,224096391
2024-07-18 09:23:15,24800.0,200,Sell,224096431
2024-07-18 09:23:15,24800.0,100,Sell,224096432
2024-07-18 09:23:15,24800.0,200,Sell,224096437
2024-07-18 09:23:15,24800.0,100,Sell,224096438
2024-07-18 09:23:16,24800.0,200,Sell,224096462
2024-07-18 09:23:18,24850.0,100,Buy,224096503
2024-07-18 09:23:18,24850.0,200,Buy,224096504
2024-07-18 09:23:27,24800.0,2800,Sell,224096863
2024-07-18 09:23:27,24800.0,2200,Sell,224096864
2024-07-18 09:23:38,24800.0,200,Sell,224097338
2024-07-18 09:23:38,24800.0,800,Sell,224097337
2024-07-18 09:23:39,24800.0,800,Sell,224097426
2024-07-18 09:23:39,24800.0,200,Sell,224097427
2024-07-18 09:23:41,24850.0,4800,Buy,224097502
2024-07-18 09:23:41,24850.0,200,Buy,224097503
2024-07-18 09:23:41,24850.0,1700,Buy,224097504
2024-07-18 09:23:41,24850.0,300,Buy,224097505
2024-07-18 09:23:42,24800.0,3000,Sell,224097519
2024-07-18 09:23:42,24800.0,3000,Sell,224097566
2024-07-18 09:23:47,24800.0,1100,Sell,224097796
2024-07-18 09:23:47,24800.0,100,Sell,224097794
2024-07-18 09:23:47,24800.0,100,Sell,224097795
2024-07-18 09:23:48,24800.0,1000,Sell,224097845
2024-07-18 09:23:50,24800.0,300,Sell,224097897
2024-07-18 09:23:50,24800.0,1000,Sell,224097898
2024-07-18 09:23:50,24800.0,7000,Sell,224097899
2024-07-18 09:23:50,24800.0,300,Sell,224097900
2024-07-18 09:23:50,24800.0,4200,Sell,224097901
2024-07-18 09:23:50,24800.0,4000,Sell,224097902
2024-07-18 09:23:50,24800.0,1500,Sell,224097896
2024-07-18 09:23:51,24800.0,300,Sell,224097919
2024-07-18 09:23:51,24800.0,200,Sell,224097935
2024-07-18 09:23:52,24800.0,1100,Sell,224097980
2024-07-18 09:23:52,24800.0,1000,Sell,224097979
2024-07-18 09:23:52,24800.0,100,Sell,224097977
2024-07-18 09:23:52,24800.0,500,Sell,224097976
2024-07-18 09:23:52,24800.0,1300,Sell,224097975
2024-07-18 09:23:52,24800.0,1000,Sell,224097978
2024-07-18 09:23:53,24800.0,200,Sell,224098041
2024-07-18 09:23:53,24800.0,100,Sell,224098037
2024-07-18 09:23:53,24800.0,100,Sell,224098038
2024-07-18 09:23:53,24800.0,200,Sell,224098039
2024-07-18 09:23:53,24800.0,500,Sell,224098040
2024-07-18 09:23:53,24800.0,500,Sell,224098042
2024-07-18 09:23:53,24800.0,100,Sell,224098051
2024-07-18 09:23:53,24800.0,100,Sell,224098044
2024-07-18 09:23:53,24800.0,2500,Sell,224098045
2024-07-18 09:23:53,24800.0,500,Sell,224098046
2024-07-18 09:23:53,24800.0,100,Sell,224098047
2024-07-18 09:23:53,24800.0,800,Sell,224098048
2024-07-18 09:23:53,24800.0,1000,Sell,224098033
2024-07-18 09:23:53,24800.0,4000,Sell,224098043
2024-07-18 09:23:53,24800.0,100,Sell,224098032
2024-07-18 09:23:53,24800.0,500,Sell,224098017
2024-07-18 09:23:53,24800.0,1000,Sell,224098030
2024-07-18 09:23:53,24800.0,900,Sell,224098016
2024-07-18 09:23:53,24800.0,1000,Sell,224098018
2024-07-18 09:23:53,24800.0,500,Sell,224098019
2024-07-18 09:23:53,24800.0,2000,Sell,224098020
2024-07-18 09:23:53,24800.0,1000,Sell,224098021
2024-07-18 09:23:53,24800.0,3000,Sell,224098031
2024-07-18 09:23:53,24800.0,20000,Sell,224098022
2024-07-18 09:23:53,24800.0,5000,Sell,224098024
2024-07-18 09:23:53,24800.0,1400,Sell,224098025
2024-07-18 09:23:53,24800.0,200,Sell,224098026
2024-07-18 09:23:53,24800.0,500,Sell,224098027
2024-07-18 09:23:53,24800.0,300,Sell,224098028
2024-07-18 09:23:53,24800.0,1000,Sell,224098029
2024-07-18 09:23:53,24800.0,1000,Sell,224098023
2024-07-18 09:23:54,24750.0,100,Sell,224098089
2024-07-18 09:23:54,24750.0,1600,Sell,224098088
2024-07-18 09:23:54,24800.0,100,Sell,224098086
2024-07-18 09:23:54,24800.0,100,Sell,224098085
2024-07-18 09:23:54,24800.0,100,Sell,224098087
2024-07-18 09:23:58,24800.0,10000,Buy,224098212
2024-07-18 09:23:59,24750.0,200,Sell,224098271
2024-07-18 09:23:59,24750.0,700,Sell,224098272
2024-07-18 09:24:00,24800.0,3000,Buy,224098368
2024-07-18 09:24:08,24750.0,1500,Sell,224098781
2024-07-18 09:24:18,24750.0,1000,Sell,224099090
2024-07-18 09:24:19,24750.0,300,Sell,224099156
2024-07-18 09:24:19,24750.0,1500,Sell,224099179
2024-07-18 09:24:22,24800.0,1800,Buy,224099250
2024-07-18 09:24:22,24800.0,100,Buy,224099249
2024-07-18 09:24:22,24800.0,2000,Buy,224099248
2024-07-18 09:24:22,24800.0,400,Buy,224099247
2024-07-18 09:24:22,24800.0,7000,Buy,224099245
2024-07-18 09:24:22,24800.0,8000,Buy,224099243
2024-07-18 09:24:22,24800.0,7000,Buy,224099241
2024-07-18 09:24:22,24800.0,100,Buy,224099246
2024-07-18 09:24:22,24800.0,3300,Buy,224099244
2024-07-18 09:24:22,24800.0,300,Buy,224099242
2024-07-18 09:24:23,24750.0,2000,Sell,224099295
2024-07-18 09:24:25,24750.0,600,Sell,224099366
2024-07-18 09:24:25,24750.0,1000,Sell,224099367
2024-07-18 09:24:27,24750.0,200,Sell,224099422
2024-07-18 09:24:29,24750.0,1200,Sell,224099470
2024-07-18 09:24:29,24750.0,200,Sell,224099471
2024-07-18 09:24:29,24750.0,100,Sell,224099472
2024-07-18 09:24:29,24750.0,600,Sell,224099481
2024-07-18 09:24:29,24750.0,400,Sell,224099480
2024-07-18 09:24:30,24750.0,500,Sell,224099488
2024-07-18 09:24:34,24750.0,200,Sell,224099630
2024-07-18 09:24:36,24750.0,100,Sell,224099697
2024-07-18 09:24:36,24750.0,200,Sell,224099693
2024-07-18 09:24:36,24750.0,100,Sell,224099694
2024-07-18 09:24:36,24750.0,100,Sell,224099695
2024-07-18 09:24:36,24750.0,500,Sell,224099696
2024-07-18 09:24:39,24750.0,300,Sell,224099818
2024-07-18 09:24:39,24750.0,3000,Sell,224099806
2024-07-18 09:24:42,24800.0,3200,Buy,224099925
2024-07-18 09:24:42,24800.0,1800,Buy,224099926
2024-07-18 09:24:46,24800.0,300,Buy,224100092
2024-07-18 09:24:46,24750.0,1600,Sell,224100093
2024-07-18 09:24:46,24750.0,200,Sell,224100094
2024-07-18 09:24:46,24750.0,200,Sell,224100095
2024-07-18 09:24:46,24800.0,200,Buy,224100091
2024-07-18 09:24:48,24750.0,1000,Sell,224100131
2024-07-18 09:24:48,24750.0,800,Sell,224100132
2024-07-18 09:24:48,24750.0,300,Sell,224100129
2024-07-18 09:24:48,24750.0,3000,Sell,224100130
2024-07-18 09:24:58,24750.0,400,Sell,224100477
2024-07-18 09:25:00,24750.0,200,Sell,224100519
2024-07-18 09:25:00,24750.0,800,Sell,224100518
2024-07-18 09:25:01,24750.0,200,Sell,224100555
2024-07-18 09:25:06,24800.0,100,Buy,224100799
2024-07-18 09:25:09,24750.0,200,Sell,224100907
2024-07-18 09:25:11,24800.0,100,Buy,224100998
2024-07-18 09:25:11,24800.0,4900,Buy,224100999
2024-07-18 09:25:12,24750.0,2600,Sell,224101034
2024-07-18 09:25:12,24750.0,400,Sell,224101033
2024-07-18 09:25:17,24750.0,600,Sell,224101190
2024-07-18 09:25:17,24750.0,400,Sell,224101189
2024-07-18 09:25:22,24750.0,2000,Sell,224101438
2024-07-18 09:25:22,24750.0,1000,Sell,224101439
2024-07-18 09:25:24,24800.0,100,Buy,224101496
2024-07-18 09:25:28,24750.0,19000,Sell,224101616
2024-07-18 09:25:28,24750.0,20000,Sell,224101617
2024-07-18 09:25:28,24750.0,200,Sell,224101618
2024-07-18 09:25:28,24750.0,1000,Sell,224101619
2024-07-18 09:25:28,24750.0,9800,Sell,224101620
2024-07-18 09:25:29,24750.0,200,Sell,224101629
2024-07-18 09:25:29,24750.0,500,Sell,224101630
2024-07-18 09:25:32,24750.0,100,Sell,224101786
2024-07-18 09:25:34,24800.0,1000,Buy,224101881
2024-07-18 09:25:35,24750.0,1500,Sell,224101909
2024-07-18 09:25:35,24750.0,400,Sell,224101907
2024-07-18 09:25:35,24750.0,100,Sell,224101908
2024-07-18 09:25:39,24750.0,100,Sell,224102035
2024-07-18 09:25:41,24750.0,300,Sell,224102103
2024-07-18 09:25:45,24750.0,1000,Sell,224102292
2024-07-18 09:25:45,24750.0,700,Sell,224102305
2024-07-18 09:25:45,24750.0,200,Sell,224102304
2024-07-18 09:25:45,24750.0,1000,Sell,224102303
2024-07-18 09:25:45,24750.0,400,Sell,224102302
2024-07-18 09:25:45,24750.0,1000,Sell,224102301
2024-07-18 09:25:45,24750.0,5700,Sell,224102300
2024-07-18 09:25:45,24750.0,300,Sell,224102295
2024-07-18 09:25:45,24750.0,100,Sell,224102294
2024-07-18 09:25:45,24750.0,500,Sell,224102293
2024-07-18 09:25:45,24750.0,3100,Sell,224102291
2024-07-18 09:25:45,24800.0,500,Buy,224102284
2024-07-18 09:25:45,24800.0,500,Buy,224102289
2024-07-18 09:25:45,24800.0,100,Buy,224102288
2024-07-18 09:25:45,24800.0,2000,Buy,224102287
2024-07-18 09:25:45,24800.0,100,Buy,224102286
2024-07-18 09:25:45,24800.0,200,Buy,224102285
2024-07-18 09:25:45,24800.0,300,Buy,224102283
2024-07-18 09:25:45,24800.0,1700,Buy,224102282
2024-07-18 09:25:45,24800.0,100,Buy,224102281
2024-07-18 09:25:45,24800.0,2000,Buy,224102280
2024-07-18 09:25:45,24800.0,2300,Buy,224102279
2024-07-18 09:25:45,24800.0,200,Buy,224102290
2024-07-18 09:25:49,24750.0,1900,Sell,224102463
2024-07-18 09:25:49,24750.0,1500,Sell,224102465
2024-07-18 09:25:49,24750.0,600,Sell,224102464
2024-07-18 09:25:49,24750.0,3100,Sell,224102461
2024-07-18 09:25:49,24750.0,200,Sell,224102474
2024-07-18 09:25:49,24750.0,1000,Sell,224102459
2024-07-18 09:25:49,24750.0,4300,Sell,224102456
2024-07-18 09:25:49,24750.0,500,Sell,224102460
2024-07-18 09:25:49,24750.0,100,Sell,224102458
2024-07-18 09:25:49,24750.0,1000,Sell,224102457
2024-07-18 09:25:50,24800.0,5000,Buy,224102498
2024-07-18 09:25:53,24800.0,1800,Buy,224102621
2024-07-18 09:25:53,24800.0,200,Buy,224102622
2024-07-18 09:25:53,24750.0,100,Sell,224102623
2024-07-18 09:25:56,24750.0,100,Sell,224102738
2024-07-18 09:25:58,24750.0,6900,Sell,224102822
2024-07-18 09:25:58,24750.0,3500,Sell,224102805
2024-07-18 09:25:58,24750.0,200,Sell,224102804
2024-07-18 09:25:58,24750.0,7000,Sell,224102803
2024-07-18 09:25:58,24750.0,20000,Sell,224102802
2024-07-18 09:25:58,24750.0,100,Sell,224102801
2024-07-18 09:25:58,24750.0,1000,Sell,224102800
2024-07-18 09:25:58,24750.0,1000,Sell,224102797
2024-07-18 09:25:58,24750.0,400,Sell,224102796
2024-07-18 09:25:58,24750.0,300,Sell,224102795
2024-07-18 09:25:58,24750.0,100,Sell,224102794
2024-07-18 09:25:58,24750.0,7100,Sell,224102793
2024-07-18 09:25:58,24750.0,1900,Sell,224102799
2024-07-18 09:25:58,24750.0,500,Sell,224102798
2024-07-18 09:25:59,24750.0,3000,Sell,224102838
2024-07-18 09:26:01,24750.0,1000,Sell,224102922
2024-07-18 09:26:02,24750.0,2700,Sell,224102955
2024-07-18 09:26:04,24750.0,200,Sell,224103020
2024-07-18 09:26:04,24750.0,3300,Sell,224103051
2024-07-18 09:26:06,24750.0,2000,Sell,224103080
2024-07-18 09:26:10,24750.0,900,Sell,224103225
2024-07-18 09:26:10,24750.0,1100,Sell,224103226
2024-07-18 09:26:12,24750.0,200,Sell,224103272
2024-07-18 09:26:13,24750.0,300,Sell,224103336
2024-07-18 09:26:18,24750.0,28400,Sell,224103518
2024-07-18 09:26:18,24750.0,5000,Sell,224103519
2024-07-18 09:26:18,24750.0,500,Sell,224103520
2024-07-18 09:26:18,24750.0,200,Sell,224103521
2024-07-18 09:26:18,24750.0,2700,Sell,224103522
2024-07-18 09:26:29,24750.0,1200,Buy,224103932
2024-07-18 09:26:30,24750.0,100,Buy,224103982
2024-07-18 09:26:33,24700.0,400,Sell,224104100
2024-07-18 09:26:33,24700.0,300,Sell,224104101
2024-07-18 09:26:34,24750.0,500,Buy,224104137
2024-07-18 09:26:36,24750.0,500,Buy,224104186
2024-07-18 09:26:42,24750.0,200,Buy,224104348
2024-07-18 09:26:52,24700.0,3000,Sell,224104677
2024-07-18 09:26:52,24700.0,6000,Sell,224104676
2024-07-18 09:26:52,24700.0,4000,Sell,224104675
2024-07-18 09:26:52,24700.0,1500,Sell,224104667
2024-07-18 09:26:52,24700.0,300,Sell,224104674
2024-07-18 09:26:52,24700.0,1400,Sell,224104673
2024-07-18 09:26:52,24700.0,200,Sell,224104672
2024-07-18 09:26:52,24700.0,500,Sell,224104671
2024-07-18 09:26:52,24700.0,5000,Sell,224104670
2024-07-18 09:26:52,24700.0,2000,Sell,224104669
2024-07-18 09:26:52,24700.0,100,Sell,224104668
2024-07-18 09:26:52,24700.0,600,Sell,224104678
2024-07-18 09:26:52,24700.0,2000,Sell,224104666
2024-07-18 09:26:52,24700.0,100,Sell,224104656
2024-07-18 09:26:52,24700.0,200,Sell,224104664
2024-07-18 09:26:52,24700.0,41900,Sell,224104652
2024-07-18 09:26:52,24700.0,500,Sell,224104653
2024-07-18 09:26:52,24700.0,9500,Sell,224104655
2024-07-18 09:26:52,24700.0,2500,Sell,224104657
2024-07-18 09:26:52,24700.0,13000,Sell,224104658
2024-07-18 09:26:52,24700.0,2000,Sell,224104654
2024-07-18 09:26:52,24700.0,300,Sell,224104660
2024-07-18 09:26:52,24700.0,100,Sell,224104661
2024-07-18 09:26:52,24700.0,1000,Sell,224104662
2024-07-18 09:26:52,24700.0,200,Sell,224104663
2024-07-18 09:26:52,24700.0,100,Sell,224104659
2024-07-18 09:26:52,24700.0,2000,Sell,224104665
2024-07-18 09:26:55,24750.0,5000,Buy,224104735
2024-07-18 09:26:56,24750.0,2000,Buy,224104773
2024-07-18 09:27:11,24750.0,200,Buy,224105326
2024-07-18 09:27:14,24700.0,1000,Sell,224105431
2024-07-18 09:27:15,24750.0,3500,Buy,224105461
2024-07-18 09:27:15,24750.0,6500,Buy,224105462
2024-07-18 09:27:18,24700.0,2000,Sell,224105580
2024-07-18 09:27:19,24750.0,200,Buy,224105598
2024-07-18 09:27:20,24700.0,1000,Sell,224105659
2024-07-18 09:27:21,24700.0,400,Sell,224105665
2024-07-18 09:27:21,24700.0,100,Sell,224105666
2024-07-18 09:27:21,24700.0,600,Sell,224105667
2024-07-18 09:27:21,24750.0,5000,Buy,224105669
2024-07-18 09:27:21,24700.0,4400,Sell,224105672
2024-07-18 09:27:21,24700.0,200,Sell,224105673
2024-07-18 09:27:23,24700.0,100,Sell,224105716
2024-07-18 09:27:25,24700.0,100,Sell,224105811
2024-07-18 09:27:25,24700.0,300,Sell,224105812
2024-07-18 09:27:25,24700.0,100,Sell,224105810
2024-07-18 09:27:25,24700.0,1000,Sell,224105813
2024-07-18 09:27:25,24700.0,700,Sell,224105820
2024-07-18 09:27:25,24700.0,500,Sell,224105818
2024-07-18 09:27:25,24700.0,5000,Sell,224105819
2024-07-18 09:27:25,24700.0,8300,Sell,224105821
2024-07-18 09:27:25,24700.0,200,Sell,224105814
2024-07-18 09:27:25,24700.0,1000,Sell,224105809
2024-07-18 09:27:25,24700.0,1000,Sell,224105804
2024-07-18 09:27:25,24700.0,1900,Sell,224105807
2024-07-18 09:27:25,24700.0,400,Sell,224105798
2024-07-18 09:27:25,24700.0,500,Sell,224105799
2024-07-18 09:27:25,24700.0,100,Sell,224105800
2024-07-18 09:27:25,24700.0,100,Sell,224105801
2024-07-18 09:27:25,24700.0,2400,Sell,224105808
2024-07-18 09:27:25,24700.0,1000,Sell,224105803
2024-07-18 09:27:25,24700.0,22900,Sell,224105806
2024-07-18 09:27:25,24700.0,1000,Sell,224105802
2024-07-18 09:27:25,24700.0,1500,Sell,224105805
2024-07-18 09:27:28,24750.0,3500,Buy,224105885
2024-07-18 09:27:29,24700.0,20000,Sell,224105934
2024-07-18 09:27:29,24700.0,8500,Sell,224105950
2024-07-18 09:27:29,24700.0,1500,Sell,224105951
2024-07-18 09:27:44,24700.0,300,Sell,224106436
2024-07-18 09:27:48,24700.0,100,Sell,224106499
2024-07-18 09:27:51,24700.0,200,Sell,224106608
2024-07-18 09:27:51,24750.0,900,Buy,224106623
2024-07-18 09:27:53,24700.0,3000,Sell,224106647
2024-07-18 09:27:53,24700.0,1400,Sell,224106648
2024-07-18 09:27:53,24700.0,200,Sell,224106666
2024-07-18 09:27:56,24700.0,200,Sell,224106738
2024-07-18 09:27:58,24700.0,200,Sell,224106814
2024-07-18 09:27:59,24700.0,2000,Sell,224106824
2024-07-18 09:28:04,24700.0,100,Sell,224107063
2024-07-18 09:28:04,24700.0,900,Sell,224107062
2024-07-18 09:28:06,24700.0,100,Sell,224107123
2024-07-18 09:28:11,24700.0,100,Sell,224107286
2024-07-18 09:28:13,24700.0,800,Sell,224107334
2024-07-18 09:28:13,24700.0,100,Sell,224107335
2024-07-18 09:28:13,24700.0,100,Sell,224107336
2024-07-18 09:28:17,24700.0,900,Sell,224107445
2024-07-18 09:28:17,24700.0,100,Sell,224107446
2024-07-18 09:28:19,24750.0,100,Buy,224107506
2024-07-18 09:28:20,24700.0,200,Sell,224107537
2024-07-18 09:28:24,24700.0,400,Sell,224107660
2024-07-18 09:28:24,24700.0,2000,Sell,224107677
2024-07-18 09:28:24,24700.0,1500,Sell,224107662
2024-07-18 09:28:24,24700.0,100,Sell,224107661
2024-07-18 09:28:24,24700.0,400,Sell,224107659
2024-07-18 09:28:24,24700.0,3600,Sell,224107663
2024-07-18 09:28:24,24700.0,2000,Sell,224107657
2024-07-18 09:28:24,24700.0,200,Sell,224107656
2024-07-18 09:28:24,24700.0,100,Sell,224107655
2024-07-18 09:28:24,24700.0,1000,Sell,224107654
2024-07-18 09:28:24,24700.0,500,Sell,224107658
2024-07-18 09:28:24,24700.0,100,Sell,224107653
2024-07-18 09:28:24,24700.0,100,Sell,224107652
2024-07-18 09:28:26,24700.0,1000,Buy,224107702
2024-07-18 09:28:30,24700.0,400,Buy,224107803
2024-07-18 09:28:31,24700.0,1200,Buy,224107825
2024-07-18 09:28:47,24700.0,5000,Buy,224108390
2024-07-18 09:28:48,24700.0,400,Buy,224108489
2024-07-18 09:28:48,24700.0,200,Buy,224108490
2024-07-18 09:28:48,24700.0,5000,Buy,224108491
2024-07-18 09:28:48,24700.0,2000,Buy,224108492
2024-07-18 09:28:48,24700.0,100,Buy,224108493
2024-07-18 09:28:48,24700.0,1400,Buy,224108494
2024-07-18 09:28:48,24700.0,900,Buy,224108495
2024-07-18 09:28:50,24700.0,300,Buy,224108538
2024-07-18 09:28:55,24700.0,100,Buy,224108656
2024-07-18 09:28:59,24700.0,500,Buy,224108768
2024-07-18 09:29:00,24700.0,200,Buy,224108867
2024-07-18 09:29:00,24700.0,800,Buy,224108868
2024-07-18 09:29:01,24700.0,2000,Buy,224108893
2024-07-18 09:29:02,24700.0,3200,Buy,224108947
2024-07-18 09:29:05,24700.0,3000,Buy,224109052
2024-07-18 09:29:05,24700.0,4000,Buy,224109049
2024-07-18 09:29:05,24700.0,600,Buy,224109050
2024-07-18 09:29:05,24700.0,800,Buy,224109051
2024-07-18 09:29:18,24700.0,6400,Sell,224109365
2024-07-18 09:29:18,24700.0,2000,Sell,224109364
2024-07-18 09:29:18,24700.0,2000,Sell,224109361
2024-07-18 09:29:18,24700.0,5000,Sell,224109362
2024-07-18 09:29:18,24700.0,2000,Sell,224109363
2024-07-18 09:29:18,24700.0,2600,Sell,224109360
2024-07-18 09:29:21,24700.0,600,Sell,224109457
2024-07-18 09:29:24,24700.0,100,Sell,224109715
2024-07-18 09:29:24,24700.0,1000,Sell,224109777
2024-07-18 09:29:38,24700.0,200,Sell,224110216
2024-07-18 09:29:39,24700.0,500,Sell,224110255
2024-07-18 09:29:40,24750.0,1000,Buy,224110275
2024-07-18 09:29:47,24750.0,200,Buy,224110512
2024-07-18 09:29:48,24700.0,200,Sell,224110526
2024-07-18 09:29:49,24700.0,100,Sell,224110542
2024-07-18 09:29:51,24700.0,2000,Sell,224110656
2024-07-18 09:29:52,24700.0,500,Sell,224110675
2024-07-18 09:29:53,24700.0,2000,Sell,224110720
2024-07-18 09:29:54,24700.0,600,Sell,224110778
2024-07-18 09:29:54,24700.0,400,Sell,224110779
2024-07-18 09:29:55,24700.0,200,Sell,224110788
2024-07-18 09:29:56,24700.0,200,Sell,224110826
2024-07-18 09:30:00,24700.0,500,Sell,224110984
2024-07-18 09:30:01,24700.0,5100,Sell,224111011
2024-07-18 09:30:01,24700.0,5000,Sell,224111010
2024-07-18 09:30:01,24700.0,8700,Sell,224111007
2024-07-18 09:30:01,24700.0,1000,Sell,224111008
2024-07-18 09:30:01,24700.0,200,Sell,224111009
2024-07-18 09:30:04,24700.0,2000,Sell,224111113
2024-07-18 09:30:09,24750.0,1000,Buy,224111312
2024-07-18 09:30:12,24700.0,200,Sell,224111384
2024-07-18 09:30:12,24700.0,300,Sell,224111383
2024-07-18 09:30:12,24700.0,100,Sell,224111382
2024-07-18 09:30:12,24700.0,400,Sell,224111381
2024-07-18 09:30:12,24700.0,400,Sell,224111380
2024-07-18 09:30:12,24700.0,1000,Sell,224111379
2024-07-18 09:30:12,24700.0,500,Sell,224111378
2024-07-18 09:30:12,24700.0,500,Sell,224111376
2024-07-18 09:30:12,24700.0,200,Sell,224111375
2024-07-18 09:30:12,24700.0,100,Sell,224111374
2024-07-18 09:30:12,24700.0,500,Sell,224111373
2024-07-18 09:30:12,24700.0,5000,Sell,224111372
2024-07-18 09:30:12,24700.0,500,Sell,224111371
2024-07-18 09:30:12,24700.0,300,Sell,224111377
2024-07-18 09:30:15,24700.0,2000,Sell,224111601
2024-07-18 09:30:16,24700.0,2800,Sell,224111614
2024-07-18 09:30:21,24700.0,100,Sell,224111766
2024-07-18 09:30:23,24700.0,100,Sell,224111837
2024-07-18 09:30:23,24700.0,500,Sell,224111838
2024-07-18 09:30:23,24700.0,2400,Sell,224111839
2024-07-18 09:30:27,24700.0,200,Sell,224111933
2024-07-18 09:30:28,24750.0,5000,Buy,224111941
2024-07-18 09:30:29,24700.0,300,Sell,224111955
2024-07-18 09:30:29,24700.0,200,Sell,224111956
2024-07-18 09:30:29,24700.0,1200,Sell,224111957
2024-07-18 09:30:29,24700.0,600,Sell,224111958
2024-07-18 09:30:30,24700.0,600,Sell,224111999
2024-07-18 09:30:30,24700.0,4400,Sell,224111998
2024-07-18 09:30:31,24700.0,100,Sell,224112027
2024-07-18 09:30:31,24700.0,100,Sell,224112028
2024-07-18 09:30:31,24700.0,1000,Buy,224112034
2024-07-18 09:30:32,24700.0,500,Buy,224112074
2024-07-18 09:30:37,24700.0,100,Sell,224112213
2024-07-18 09:30:38,24700.0,500,Sell,224112240
2024-07-18 09:30:38,24700.0,6500,Sell,224112279
2024-07-18 09:30:38,24700.0,2000,Sell,224112280
2024-07-18 09:30:39,24700.0,1500,Buy,224112321
2024-07-18 09:30:40,24700.0,5000,Sell,224112357
2024-07-18 09:30:42,24700.0,1000,Sell,224112486
2024-07-18 09:30:43,24700.0,100,Sell,224112502
2024-07-18 09:30:43,24750.0,1000,Buy,224112504
2024-07-18 09:30:45,24700.0,100,Sell,224112611
2024-07-18 09:30:45,24700.0,900,Buy,224112630
2024-07-18 09:30:51,24700.0,300,Sell,224112745
2024-07-18 09:30:54,24700.0,200,Sell,224112812
2024-07-18 09:30:54,24750.0,2500,Buy,224112818
2024-07-18 09:30:54,24750.0,100,Buy,224112819
2024-07-18 09:30:54,24750.0,2400,Buy,224112820
2024-07-18 09:30:54,24700.0,100,Sell,224112821
2024-07-18 09:31:02,24700.0,300,Sell,224113041
2024-07-18 09:31:04,24700.0,1000,Sell,224113104
2024-07-18 09:31:04,24750.0,1000,Buy,224113103
2024-07-18 09:31:06,24700.0,2000,Buy,224113209
2024-07-18 09:31:06,24700.0,100,Buy,224113208
2024-07-18 09:31:06,24700.0,200,Sell,224113188
2024-07-18 09:31:06,24700.0,200,Sell,224113187
2024-07-18 09:31:06,24700.0,100,Sell,224113186
2024-07-18 09:31:06,24700.0,500,Sell,224113185
2024-07-18 09:31:06,24700.0,100,Sell,224113184
2024-07-18 09:31:06,24700.0,100,Sell,224113183
2024-07-18 09:31:06,24700.0,100,Sell,224113181
2024-07-18 09:31:06,24700.0,100,Sell,224113180
2024-07-18 09:31:06,24700.0,1000,Sell,224113179
2024-07-18 09:31:06,24700.0,100,Sell,224113178
2024-07-18 09:31:06,24700.0,400,Sell,224113177
2024-07-18 09:31:06,24700.0,2100,Sell,224113176
2024-07-18 09:31:06,24700.0,100,Sell,224113162
2024-07-18 09:31:06,24700.0,200,Sell,224113182
2024-07-18 09:31:08,24700.0,2700,Buy,224113243
2024-07-18 09:31:08,24700.0,3000,Buy,224113244
2024-07-18 09:31:09,24700.0,1000,Sell,224113246
2024-07-18 09:31:11,24750.0,100,Buy,224113307
2024-07-18 09:31:11,24700.0,100,Sell,224113308
2024-07-18 09:31:12,24700.0,16900,Sell,224113324
2024-07-18 09:31:12,24700.0,7600,Sell,224113325
2024-07-18 09:31:12,24700.0,100,Sell,224113326
2024-07-18 09:31:13,24700.0,500,Buy,224113353
2024-07-18 09:31:13,24700.0,100,Buy,224113360
2024-07-18 09:31:14,24700.0,1100,Buy,224113378
2024-07-18 09:31:14,24700.0,1300,Buy,224113387
2024-07-18 09:31:16,24700.0,1000,Buy,224113433
2024-07-18 09:31:20,24700.0,400,Buy,224113583
2024-07-18 09:31:21,24700.0,11000,Buy,224113615
2024-07-18 09:31:21,24700.0,1200,Buy,224113625
2024-07-18 09:31:21,24700.0,5000,Buy,224113624
2024-07-18 09:31:21,24700.0,10000,Buy,224113598
2024-07-18 09:31:21,24700.0,500,Buy,224113622
2024-07-18 09:31:21,24700.0,2000,Buy,224113623
2024-07-18 09:31:21,24700.0,300,Buy,224113621
2024-07-18 09:31:23,24700.0,300,Buy,224113658
2024-07-18 09:31:25,24650.0,100,Sell,224113718
2024-07-18 09:31:27,24700.0,1000,Buy,224113775
2024-07-18 09:31:33,24700.0,200,Buy,224113898
2024-07-18 09:31:34,24700.0,700,Buy,224113903
2024-07-18 09:31:34,24700.0,200,Buy,224113907
2024-07-18 09:31:34,24700.0,200,Buy,224113921
2024-07-18 09:31:35,24700.0,300,Buy,224113990
2024-07-18 09:31:35,24700.0,500,Buy,224113989
2024-07-18 09:31:35,24700.0,1200,Buy,224113988
2024-07-18 09:31:35,24700.0,2300,Buy,224113966
2024-07-18 09:31:35,24700.0,500,Buy,224113932
2024-07-18 09:31:35,24700.0,3300,Buy,224113934
2024-07-18 09:31:35,24700.0,200,Buy,224113933
2024-07-18 09:31:35,24700.0,1700,Buy,224113965
2024-07-18 09:31:35,24700.0,1000,Buy,224113931
2024-07-18 09:31:36,24700.0,500,Buy,224113997
2024-07-18 09:31:37,24700.0,1000,Buy,224114057
2024-07-18 09:31:40,24700.0,100,Buy,224114105
2024-07-18 09:31:41,24700.0,300,Buy,224114143
2024-07-18 09:31:41,24700.0,400,Buy,224114144
2024-07-18 09:31:44,24700.0,2000,Buy,224114223
2024-07-18 09:31:44,24700.0,18000,Buy,224114228
2024-07-18 09:31:44,24700.0,1000,Buy,224114229
2024-07-18 09:31:44,24700.0,1000,Buy,224114230
2024-07-18 09:31:46,24700.0,1000,Buy,224114287
2024-07-18 09:31:46,24700.0,8000,Buy,224114288
2024-07-18 09:31:53,24700.0,2000,Sell,224114480
2024-07-18 09:31:57,24700.0,1300,Sell,224114565
2024-07-18 09:31:57,24700.0,700,Sell,224114564
2024-07-18 09:31:57,24700.0,1000,Sell,224114562
2024-07-18 09:31:57,24700.0,3000,Sell,224114561
2024-07-18 09:31:57,24700.0,1000,Sell,224114563
2024-07-18 09:32:00,24700.0,200,Sell,224114635
2024-07-18 09:32:02,24700.0,100,Sell,224114681
2024-07-18 09:32:05,24750.0,100,Buy,224114824
2024-07-18 09:32:09,24700.0,1000,Sell,224114944
2024-07-18 09:32:10,24750.0,2500,Buy,224114971
2024-07-18 09:32:19,24750.0,2000,Buy,224115237
2024-07-18 09:32:19,24750.0,2000,Buy,224115244
2024-07-18 09:32:21,24700.0,500,Sell,224115318
2024-07-18 09:32:25,24750.0,3000,Buy,224115414
2024-07-18 09:32:28,24700.0,200,Sell,224115584
2024-07-18 09:32:33,24750.0,5000,Buy,224115695
2024-07-18 09:32:35,24750.0,500,Buy,224115741
2024-07-18 09:32:43,24750.0,2000,Buy,224116001
2024-07-18 09:32:45,24750.0,2200,Buy,224116058
2024-07-18 09:32:46,24700.0,300,Sell,224116072
2024-07-18 09:32:46,24750.0,500,Buy,224116075
2024-07-18 09:32:49,24750.0,2500,Buy,224116186
2024-07-18 09:32:51,24750.0,500,Buy,224116252
2024-07-18 09:32:51,24750.0,2700,Buy,224116255
2024-07-18 09:32:53,24750.0,4000,Buy,224116328
2024-07-18 09:32:56,24750.0,100,Buy,224116437
2024-07-18 09:32:59,24750.0,100,Buy,224116553
2024-07-18 09:33:01,24750.0,1000,Buy,224116604
2024-07-18 09:33:10,24700.0,1400,Sell,224116891
2024-07-18 09:33:10,24700.0,100,Sell,224116892
2024-07-18 09:33:10,24700.0,300,Sell,224116893
2024-07-18 09:33:10,24700.0,200,Sell,224116894
2024-07-18 09:33:13,24750.0,200,Buy,224116973
2024-07-18 09:33:14,24700.0,20000,Sell,224116979
2024-07-18 09:33:14,24750.0,100,Buy,224116989
2024-07-18 09:33:16,24700.0,700,Sell,224117048
2024-07-18 09:33:21,24750.0,2000,Buy,224117187
2024-07-18 09:33:23,24750.0,2000,Buy,224117274
2024-07-18 09:33:24,24750.0,10000,Buy,224117329
2024-07-18 09:33:26,24750.0,700,Buy,224117359
2024-07-18 09:33:28,24750.0,800,Buy,224117398
2024-07-18 09:33:28,24750.0,400,Buy,224117399
2024-07-18 09:33:28,24750.0,100,Buy,224117400
2024-07-18 09:33:28,24750.0,2000,Buy,224117401
2024-07-18 09:33:28,24750.0,500,Buy,224117402
2024-07-18 09:33:28,24750.0,2000,Buy,224117403
2024-07-18 09:33:28,24750.0,7200,Buy,224117404
2024-07-18 09:33:35,24750.0,300,Buy,224117545
2024-07-18 09:33:39,24700.0,1000,Sell,224117634
2024-07-18 09:33:43,24750.0,1700,Buy,224117738
2024-07-18 09:33:44,24750.0,100,Buy,224117764
2024-07-18 09:33:44,24700.0,15000,Sell,224117781
2024-07-18 09:33:48,24700.0,50000,Sell,224117867
2024-07-18 09:33:56,24700.0,1000,Sell,224118104
2024-07-18 09:33:57,24700.0,100,Sell,224118110
2024-07-18 09:34:02,24700.0,1000,Sell,224118235
2024-07-18 09:34:07,24700.0,100,Sell,224118377
2024-07-18 09:34:09,24700.0,2000,Sell,224118429
2024-07-18 09:34:12,24750.0,2700,Buy,224118491
2024-07-18 09:34:12,24750.0,1600,Buy,224118490
2024-07-18 09:34:12,24750.0,5700,Buy,224118489
2024-07-18 09:34:14,24700.0,100,Sell,224118541
2024-07-18 09:34:29,24700.0,100,Sell,224118955
2024-07-18 09:34:37,24700.0,400,Sell,224119168
2024-07-18 09:34:46,24700.0,100,Sell,224119405
2024-07-18 09:34:47,24700.0,200,Sell,224119424
2024-07-18 09:34:53,24700.0,100,Sell,224119590
2024-07-18 09:34:58,24700.0,2000,Sell,224119689
2024-07-18 09:35:01,24750.0,1000,Buy,224119790
2024-07-18 09:35:04,24750.0,500,Buy,224119853
2024-07-18 09:35:06,24750.0,200,Buy,224119945
2024-07-18 09:35:07,24700.0,500,Sell,224119946
2024-07-18 09:35:07,24750.0,600,Buy,224119965
2024-07-18 09:35:09,24700.0,1000,Sell,224120011
2024-07-18 09:35:18,24750.0,500,Buy,224120244
2024-07-18 09:35:26,24750.0,6000,Buy,224120453
2024-07-18 09:35:28,24750.0,100,Buy,224120482
2024-07-18 09:35:30,24750.0,1000,Buy,224120524
2024-07-18 09:35:32,24750.0,2000,Buy,224120580
2024-07-18 09:35:43,24700.0,4000,Sell,224120763
2024-07-18 09:35:43,24750.0,100,Buy,224120765
2024-07-18 09:35:48,24750.0,3000,Buy,224120891
2024-07-18 09:35:53,24750.0,2200,Buy,224121007
2024-07-18 09:35:55,24750.0,100,Buy,224121067
2024-07-18 09:35:57,24750.0,100,Buy,224121137
2024-07-18 09:36:04,24750.0,18000,Buy,224121290
2024-07-18 09:36:06,24750.0,6000,Buy,224121357
2024-07-18 09:36:06,24750.0,5000,Buy,224121356
2024-07-18 09:36:12,24750.0,100,Buy,224121480
2024-07-18 09:36:13,24750.0,800,Buy,224121533
2024-07-18 09:36:13,24750.0,200,Buy,224121534
2024-07-18 09:36:13,24700.0,100,Sell,224121564
2024-07-18 09:36:15,24750.0,500,Buy,224121678
2024-07-18 09:36:16,24750.0,100,Buy,224121695
2024-07-18 09:36:16,24750.0,500,Buy,224121694
2024-07-18 09:36:16,24750.0,2500,Buy,224121693
2024-07-18 09:36:16,24750.0,1000,Buy,224121692
2024-07-18 09:36:16,24750.0,100,Buy,224121690
2024-07-18 09:36:16,24750.0,300,Buy,224121689
2024-07-18 09:36:16,24750.0,600,Buy,224121691
2024-07-18 09:36:23,24700.0,200,Sell,224121876
2024-07-18 09:36:23,24750.0,100,Buy,224121880
2024-07-18 09:36:23,24750.0,1100,Buy,224121881
2024-07-18 09:36:24,24750.0,1600,Buy,224121940
2024-07-18 09:36:24,24750.0,200,Buy,224121949
2024-07-18 09:36:28,24750.0,2500,Buy,224122041
2024-07-18 09:36:34,24750.0,4600,Buy,224122205
2024-07-18 09:36:34,24750.0,4700,Buy,224122206
2024-07-18 09:36:35,24700.0,100,Sell,224122231
2024-07-18 09:36:35,24700.0,900,Sell,224122232
2024-07-18 09:36:35,24750.0,6500,Buy,224122233
2024-07-18 09:36:36,24750.0,13500,Buy,224122254
2024-07-18 09:36:37,24750.0,100,Buy,224122257
2024-07-18 09:36:48,24750.0,500,Buy,224122571
2024-07-18 09:36:51,24750.0,10000,Buy,224122655
2024-07-18 09:36:54,24750.0,200,Buy,224122709
2024-07-18 09:36:56,24750.0,10000,Buy,224122751
2024-07-18 09:36:56,24750.0,1000,Buy,224122754
2024-07-18 09:36:57,24750.0,200,Buy,224122778
2024-07-18 09:37:02,24750.0,500,Buy,224122885
2024-07-18 09:37:02,24750.0,200,Buy,224122886
2024-07-18 09:37:02,24750.0,100,Buy,224122887
2024-07-18 09:37:02,24750.0,100,Buy,224122888
2024-07-18 09:37:02,24750.0,800,Buy,224122889
2024-07-18 09:37:02,24750.0,3300,Buy,224122884
2024-07-18 09:37:04,24750.0,200,Buy,224122926
2024-07-18 09:37:04,24750.0,100,Buy,224122927
2024-07-18 09:37:05,24750.0,1000,Buy,224122972
2024-07-18 09:37:05,24750.0,9000,Buy,224122979
2024-07-18 09:37:05,24750.0,100,Buy,224122970
2024-07-18 09:37:05,24750.0,500,Buy,224122971
2024-07-18 09:37:06,24750.0,300,Buy,224123008
2024-07-18 09:37:06,24750.0,2000,Buy,224123009
2024-07-18 09:37:06,24750.0,100,Buy,224123010
2024-07-18 09:37:06,24750.0,10000,Buy,224123011
2024-07-18 09:37:06,24750.0,1500,Buy,224123012
2024-07-18 09:37:06,24750.0,500,Buy,224123015
2024-07-18 09:37:06,24750.0,200,Buy,224123016
2024-07-18 09:37:06,24750.0,500,Buy,224123017
2024-07-18 09:37:06,24750.0,200,Buy,224123018
2024-07-18 09:37:06,24750.0,100,Buy,224123019
2024-07-18 09:37:06,24750.0,100,Buy,224123021
2024-07-18 09:37:06,24750.0,5300,Buy,224123022
2024-07-18 09:37:06,24750.0,100,Buy,224123023
2024-07-18 09:37:06,24750.0,7900,Buy,224123024
2024-07-18 09:37:06,24750.0,2100,Buy,224123040
2024-07-18 09:37:06,24750.0,300,Buy,224123041
2024-07-18 09:37:06,24750.0,200,Buy,224123042
2024-07-18 09:37:06,24750.0,5600,Buy,224123043
2024-07-18 09:37:06,24750.0,2400,Buy,224123007
2024-07-18 09:37:06,24750.0,100,Buy,224123020
2024-07-18 09:37:06,24750.0,800,Buy,224123006
2024-07-18 09:37:06,24750.0,200,Buy,224122991
2024-07-18 09:37:06,24750.0,400,Buy,224123004
2024-07-18 09:37:06,24750.0,200,Buy,224122984
2024-07-18 09:37:06,24750.0,400,Buy,224122985
2024-07-18 09:37:06,24750.0,1600,Buy,224122986
2024-07-18 09:37:06,24750.0,22400,Buy,224122987
2024-07-18 09:37:06,24750.0,200,Buy,224122988
2024-07-18 09:37:06,24750.0,100,Buy,224122989
2024-07-18 09:37:06,24750.0,100,Buy,224122990
2024-07-18 09:37:06,24750.0,500,Buy,224122983
2024-07-18 09:37:06,24750.0,1000,Buy,224122992
2024-07-18 09:37:06,24750.0,11300,Buy,224122993
2024-07-18 09:37:06,24750.0,800,Buy,224123005
2024-07-18 09:37:06,24750.0,2000,Buy,224122995
2024-07-18 09:37:06,24750.0,2000,Buy,224122996
2024-07-18 09:37:06,24750.0,100,Buy,224122997
2024-07-18 09:37:06,24750.0,1000,Buy,224122998
2024-07-18 09:37:06,24750.0,10000,Buy,224122999
2024-07-18 09:37:06,24750.0,100,Buy,224123000
2024-07-18 09:37:06,24750.0,500,Buy,224123001
2024-07-18 09:37:06,24750.0,5000,Buy,224123002
2024-07-18 09:37:06,24750.0,10000,Buy,224123003
2024-07-18 09:37:06,24750.0,4000,Buy,224122994
2024-07-18 09:37:07,24750.0,100,Buy,224123075
2024-07-18 09:37:07,24750.0,1000,Buy,224123057
2024-07-18 09:37:07,24750.0,1000,Buy,224123072
2024-07-18 09:37:08,24750.0,300,Buy,224123086
2024-07-18 09:37:08,24750.0,500,Buy,224123087
2024-07-18 09:37:08,24750.0,4200,Buy,224123088
2024-07-18 09:37:08,24750.0,500,Buy,224123089
2024-07-18 09:37:08,24750.0,200,Buy,224123090
2024-07-18 09:37:09,24750.0,500,Buy,224123119
2024-07-18 09:37:09,24750.0,200,Buy,224123124
2024-07-18 09:37:09,24750.0,300,Buy,224123123
2024-07-18 09:37:09,24750.0,100,Buy,224123122
2024-07-18 09:37:09,24750.0,200,Buy,224123121
2024-07-18 09:37:09,24750.0,3300,Buy,224123118
2024-07-18 09:37:09,24750.0,100,Buy,224123120
2024-07-18 09:37:09,24750.0,4600,Buy,224123113
2024-07-18 09:37:09,24750.0,100,Buy,224123112
2024-07-18 09:37:09,24750.0,100,Buy,224123115
2024-07-18 09:37:09,24750.0,200,Buy,224123111
2024-07-18 09:37:09,24750.0,3000,Buy,224123110
2024-07-18 09:37:09,24750.0,1000,Buy,224123109
2024-07-18 09:37:09,24750.0,1000,Buy,224123108
2024-07-18 09:37:09,24750.0,100,Buy,224123107
2024-07-18 09:37:12,24750.0,100,Sell,224123186
2024-07-18 09:37:24,24800.0,100,Buy,224123555
2024-07-18 09:37:24,24800.0,1200,Buy,224123542
2024-07-18 09:37:24,24800.0,700,Buy,224123539
2024-07-18 09:37:24,24800.0,1000,Buy,224123540
2024-07-18 09:37:24,24800.0,100,Buy,224123541
2024-07-18 09:37:29,24800.0,100,Buy,224123663
2024-07-18 09:37:29,24750.0,100,Sell,224123664
2024-07-18 09:37:31,24800.0,1000,Buy,224123707
2024-07-18 09:37:39,24750.0,1000,Sell,224123890
2024-07-18 09:37:50,24750.0,4100,Sell,224124229
2024-07-18 09:37:53,24800.0,2600,Buy,224124305
2024-07-18 09:37:53,24800.0,300,Buy,224124306
2024-07-18 09:37:53,24800.0,7100,Buy,224124307
2024-07-18 09:37:55,24750.0,800,Sell,224124369
2024-07-18 09:37:59,24750.0,1500,Sell,224124484
2024-07-18 09:38:02,24750.0,100,Sell,224124534
2024-07-18 09:38:02,24800.0,200,Buy,224124545
2024-07-18 09:38:02,24750.0,1000,Sell,224124542
2024-07-18 09:38:02,24750.0,3500,Sell,224124541
2024-07-18 09:38:02,24750.0,2000,Sell,224124540
2024-07-18 09:38:02,24750.0,800,Sell,224124543
2024-07-18 09:38:02,24750.0,5000,Sell,224124537
2024-07-18 09:38:02,24750.0,16600,Sell,224124536
2024-07-18 09:38:02,24750.0,1000,Sell,224124535
2024-07-18 09:38:02,24750.0,1000,Sell,224124539
2024-07-18 09:38:02,24750.0,100,Sell,224124538
2024-07-18 09:38:05,24750.0,100,Sell,224124625
2024-07-18 09:38:09,24800.0,1000,Buy,224124740
2024-07-18 09:38:12,24750.0,1800,Sell,224124834
2024-07-18 09:38:12,24750.0,1100,Sell,224124828
2024-07-18 09:38:12,24750.0,1000,Sell,224124830
2024-07-18 09:38:12,24750.0,500,Sell,224124831
2024-07-18 09:38:12,24750.0,1000,Sell,224124832
2024-07-18 09:38:12,24750.0,1000,Sell,224124833
2024-07-18 09:38:17,24800.0,100,Buy,224124994
2024-07-18 09:38:20,24750.0,100,Sell,224125058
2024-07-18 09:38:22,24800.0,7700,Buy,224125128
2024-07-18 09:38:24,24750.0,100,Sell,224125227
2024-07-18 09:38:25,24800.0,3000,Buy,224125247
2024-07-18 09:38:32,24800.0,100,Buy,224125468
2024-07-18 09:38:33,24800.0,3200,Buy,224125487
2024-07-18 09:38:34,24800.0,15000,Buy,224125511
2024-07-18 09:38:35,24800.0,1500,Buy,224125545
2024-07-18 09:38:38,24800.0,2000,Buy,224125596
2024-07-18 09:38:44,24750.0,2000,Sell,224125812
2024-07-18 09:38:45,24800.0,2000,Buy,224125841
2024-07-18 09:38:45,24800.0,5000,Buy,224125843
2024-07-18 09:38:45,24800.0,1200,Buy,224125850
2024-07-18 09:38:47,24800.0,900,Buy,224125905
2024-07-18 09:38:47,24800.0,100,Buy,224125906
2024-07-18 09:38:48,24800.0,1100,Buy,224125912
2024-07-18 09:38:48,24800.0,200,Buy,224125911
2024-07-18 09:38:49,24800.0,2000,Buy,224125945
2024-07-18 09:38:51,24800.0,200,Buy,224125980
2024-07-18 09:38:53,24800.0,200,Buy,224126081
2024-07-18 09:38:53,24800.0,400,Buy,224126080
2024-07-18 09:38:53,24800.0,100,Buy,224126079
2024-07-18 09:38:53,24800.0,10200,Buy,224126078
2024-07-18 09:38:53,24800.0,10000,Buy,224126077
2024-07-18 09:38:53,24800.0,500,Buy,224126076
2024-07-18 09:38:53,24800.0,100,Buy,224126075
2024-07-18 09:38:53,24800.0,1000,Buy,224126074
2024-07-18 09:38:53,24800.0,500,Buy,224126073
2024-07-18 09:38:53,24800.0,2000,Buy,224126072
2024-07-18 09:38:53,24800.0,1000,Buy,224126071
2024-07-18 09:38:53,24800.0,5000,Buy,224126067
2024-07-18 09:38:53,24800.0,100,Buy,224126069
2024-07-18 09:38:53,24800.0,100,Buy,224126068
2024-07-18 09:38:53,24800.0,100,Buy,224126066
2024-07-18 09:38:53,24800.0,100,Buy,224126070
2024-07-18 09:38:53,24800.0,100,Buy,224126062
2024-07-18 09:38:53,24800.0,2000,Buy,224126065
2024-07-18 09:38:53,24800.0,900,Buy,224126048
2024-07-18 09:38:53,24800.0,1200,Buy,224126050
2024-07-18 09:38:53,24800.0,10000,Buy,224126051
2024-07-18 09:38:53,24800.0,1000,Buy,224126052
2024-07-18 09:38:53,24800.0,100,Buy,224126053
2024-07-18 09:38:53,24800.0,40000,Buy,224126054
2024-07-18 09:38:53,24800.0,100,Buy,224126049
2024-07-18 09:38:53,24800.0,900,Buy,224126056
2024-07-18 09:38:53,24800.0,55000,Buy,224126057
2024-07-18 09:38:53,24800.0,2000,Buy,224126058
2024-07-18 09:38:53,24800.0,300,Buy,224126059
2024-07-18 09:38:53,24800.0,50000,Buy,224126060
2024-07-18 09:38:53,24800.0,100,Buy,224126055
2024-07-18 09:38:53,24800.0,5000,Buy,224126061
2024-07-18 09:38:54,24800.0,1000,Buy,224126125
2024-07-18 09:38:54,24800.0,500,Buy,224126124
2024-07-18 09:38:54,24800.0,500,Buy,224126123
2024-07-18 09:38:54,24800.0,300,Buy,224126122
2024-07-18 09:38:54,24800.0,1000,Buy,224126119
2024-07-18 09:38:54,24800.0,1000,Buy,224126120
2024-07-18 09:38:54,24800.0,300,Buy,224126118
2024-07-18 09:38:54,24800.0,1000,Buy,224126117
2024-07-18 09:38:54,24800.0,2000,Buy,224126116
2024-07-18 09:38:54,24800.0,200,Buy,224126126
2024-07-18 09:38:54,24800.0,3000,Buy,224126121
2024-07-18 09:38:54,24800.0,100,Buy,224126127
2024-07-18 09:38:54,24800.0,200,Buy,224126135
2024-07-18 09:38:54,24800.0,1000,Buy,224126129
2024-07-18 09:38:54,24800.0,100,Buy,224126130
2024-07-18 09:38:54,24800.0,1000,Buy,224126131
2024-07-18 09:38:54,24800.0,500,Buy,224126132
2024-07-18 09:38:54,24800.0,800,Buy,224126133
2024-07-18 09:38:54,24800.0,1000,Buy,224126134
2024-07-18 09:38:54,24800.0,100,Buy,224126136
2024-07-18 09:38:54,24800.0,500,Buy,224126137
2024-07-18 09:38:54,24800.0,4000,Buy,224126138
2024-07-18 09:38:54,24800.0,3000,Buy,224126139
2024-07-18 09:38:54,24800.0,2300,Buy,224126140
2024-07-18 09:38:54,24800.0,500,Buy,224126115
2024-07-18 09:38:54,24800.0,200,Buy,224126128
2024-07-18 09:38:54,24800.0,3000,Buy,224126114
2024-07-18 09:38:54,24800.0,100,Sell,224126153
2024-07-18 09:38:54,24800.0,1500,Buy,224126112
2024-07-18 09:38:54,24800.0,1000,Buy,224126082
2024-07-18 09:38:54,24800.0,700,Buy,224126083
2024-07-18 09:38:54,24800.0,100,Buy,224126084
2024-07-18 09:38:54,24800.0,100,Buy,224126085
2024-07-18 09:38:54,24800.0,100,Buy,224126086
2024-07-18 09:38:54,24800.0,100,Buy,224126087
2024-07-18 09:38:54,24800.0,100,Buy,224126088
2024-07-18 09:38:54,24800.0,100,Buy,224126089
2024-07-18 09:38:54,24800.0,500,Buy,224126090
2024-07-18 09:38:54,24800.0,100,Buy,224126091
2024-07-18 09:38:54,24800.0,1000,Buy,224126092
2024-07-18 09:38:54,24800.0,100,Buy,224126096
2024-07-18 09:38:54,24800.0,2000,Buy,224126097
2024-07-18 09:38:54,24800.0,300,Buy,224126113
2024-07-18 09:38:54,24800.0,100,Buy,224126099
2024-07-18 09:38:54,24800.0,500,Buy,224126111
2024-07-18 09:38:54,24800.0,2000,Buy,224126110
2024-07-18 09:38:54,24800.0,600,Buy,224126109
2024-07-18 09:38:54,24800.0,800,Buy,224126108
2024-07-18 09:38:54,24800.0,2500,Buy,224126107
2024-07-18 09:38:54,24800.0,1000,Buy,224126106
2024-07-18 09:38:54,24800.0,1500,Buy,224126098
2024-07-18 09:38:54,24800.0,1000,Buy,224126104
2024-07-18 09:38:54,24800.0,100,Buy,224126103
2024-07-18 09:38:54,24800.0,200,Buy,224126102
2024-07-18 09:38:54,24800.0,100,Buy,224126101
2024-07-18 09:38:54,24800.0,5000,Buy,224126100
2024-07-18 09:38:54,24800.0,2000,Buy,224126105
2024-07-18 09:38:57,24800.0,5000,Sell,224126209
2024-07-18 09:39:00,24800.0,100,Sell,224126266
2024-07-18 09:39:03,24800.0,400,Sell,224126362
2024-07-18 09:39:03,24800.0,200,Sell,224126363
2024-07-18 09:39:07,24800.0,200,Sell,224126462
2024-07-18 09:39:11,24800.0,1000,Sell,224126574
2024-07-18 09:39:18,24800.0,700,Sell,224126713
2024-07-18 09:39:31,24800.0,200,Sell,224127018
2024-07-18 09:39:31,24800.0,3000,Sell,224127016
2024-07-18 09:39:31,24800.0,8000,Sell,224127015
2024-07-18 09:39:31,24800.0,1000,Sell,224127014
2024-07-18 09:39:31,24800.0,8500,Sell,224127013
2024-07-18 09:39:31,24800.0,10000,Sell,224127012
2024-07-18 09:39:31,24800.0,100,Sell,224127011
2024-07-18 09:39:31,24800.0,100,Sell,224127010
2024-07-18 09:39:31,24800.0,8000,Sell,224127009
2024-07-18 09:39:31,24800.0,100,Sell,224127008
2024-07-18 09:39:31,24800.0,100,Sell,224127007
2024-07-18 09:39:31,24800.0,300,Sell,224127017
2024-07-18 09:39:31,24800.0,500,Sell,224127005
2024-07-18 09:39:31,24800.0,500,Sell,224127004
2024-07-18 09:39:31,24800.0,100,Sell,224127003
2024-07-18 09:39:31,24800.0,300,Sell,224127002
2024-07-18 09:39:31,24800.0,1000,Sell,224127001
2024-07-18 09:39:31,24800.0,500,Sell,224127000
2024-07-18 09:39:31,24800.0,3000,Sell,224126999
2024-07-18 09:39:31,24800.0,400,Sell,224126998
2024-07-18 09:39:31,24800.0,100,Sell,224126997
2024-07-18 09:39:31,24800.0,10000,Sell,224127006
2024-07-18 09:39:31,24800.0,100,Sell,224126996
2024-07-18 09:39:31,24800.0,2900,Sell,224126995
2024-07-18 09:39:38,24800.0,500,Buy,224127154
2024-07-18 09:39:39,24800.0,100,Buy,224127181
2024-07-18 09:39:52,24800.0,10000,Buy,224127585
2024-07-18 09:39:53,24800.0,100,Buy,224127607
2024-07-18 09:39:54,24800.0,400,Buy,224127637
2024-07-18 09:39:55,24800.0,600,Buy,224127648
2024-07-18 09:39:55,24800.0,100,Buy,224127659
2024-07-18 09:39:55,24800.0,1000,Buy,224127660
2024-07-18 09:40:03,24800.0,4000,Buy,224127826
2024-07-18 09:40:08,24750.0,500,Sell,224127948
2024-07-18 09:40:08,24750.0,200,Sell,224127949
2024-07-18 09:40:10,24800.0,700,Buy,224127973
2024-07-18 09:40:10,24800.0,1100,Buy,224127978
2024-07-18 09:40:13,24800.0,200,Buy,224128061
2024-07-18 09:40:18,24800.0,200,Buy,224128183
2024-07-18 09:40:20,24800.0,200,Buy,224128241
2024-07-18 09:40:21,24800.0,100,Buy,224128301
2024-07-18 09:40:23,24800.0,100,Buy,224128354
2024-07-18 09:40:33,24800.0,100,Buy,224128604
2024-07-18 09:40:39,24800.0,2000,Buy,224128795
2024-07-18 09:40:43,24800.0,500,Buy,224128906
2024-07-18 09:40:46,24800.0,200,Buy,224128993
2024-07-18 09:40:49,24800.0,10000,Buy,224129099
2024-07-18 09:40:54,24800.0,700,Buy,224129216
2024-07-18 09:40:58,24800.0,200,Buy,224129337
2024-07-18 09:41:09,24800.0,1400,Buy,224129641
2024-07-18 09:41:13,24800.0,100,Buy,224129722
2024-07-18 09:41:16,24800.0,100,Buy,224129796
2024-07-18 09:41:17,24800.0,2000,Buy,224129831
2024-07-18 09:41:18,24800.0,100,Buy,224129849
2024-07-18 09:41:20,24800.0,800,Buy,224129907
2024-07-18 09:41:29,24800.0,100,Buy,224130181
2024-07-18 09:41:33,24800.0,2000,Buy,224130313
2024-07-18 09:41:43,24750.0,8200,Sell,224130597
2024-07-18 09:41:43,24750.0,7100,Sell,224130590
2024-07-18 09:41:43,24750.0,3000,Sell,224130591
2024-07-18 09:41:43,24750.0,1000,Sell,224130592
2024-07-18 09:41:43,24750.0,100,Sell,224130593
2024-07-18 09:41:43,24750.0,1000,Sell,224130594
2024-07-18 09:41:43,24750.0,500,Sell,224130595
2024-07-18 09:41:43,24750.0,100,Sell,224130596
2024-07-18 09:41:55,24800.0,2100,Buy,224130861
2024-07-18 09:41:57,24750.0,500,Sell,224130897
2024-07-18 09:41:59,24800.0,600,Buy,224130937
2024-07-18 09:42:00,24800.0,200,Buy,224130946
2024-07-18 09:42:12,24750.0,54100,Sell,224131287
2024-07-18 09:42:12,24750.0,500,Sell,224131286
2024-07-18 09:42:12,24750.0,10000,Sell,224131285
2024-07-18 09:42:12,24750.0,1000,Sell,224131284
2024-07-18 09:42:12,24750.0,200,Sell,224131283
2024-07-18 09:42:12,24750.0,500,Sell,224131282
2024-07-18 09:42:12,24750.0,10000,Sell,224131278
2024-07-18 09:42:12,24750.0,1000,Sell,224131280
2024-07-18 09:42:12,24750.0,1500,Sell,224131279
2024-07-18 09:42:12,24750.0,10000,Sell,224131281
2024-07-18 09:42:12,24750.0,400,Sell,224131277
2024-07-18 09:42:12,24750.0,9100,Sell,224131276
2024-07-18 09:42:12,24750.0,400,Sell,224131275
2024-07-18 09:42:12,24750.0,1300,Sell,224131274
2024-07-18 09:42:15,24800.0,2000,Buy,224131370
2024-07-18 09:42:16,24800.0,700,Buy,224131384
2024-07-18 09:42:16,24750.0,2500,Sell,224131383
2024-07-18 09:42:24,24750.0,1000,Sell,224131676
2024-07-18 09:42:24,24750.0,100,Sell,224131677
2024-07-18 09:42:24,24750.0,300,Sell,224131678
2024-07-18 09:42:24,24750.0,300,Sell,224131679
2024-07-18 09:42:24,24750.0,2700,Sell,224131680
2024-07-18 09:42:24,24750.0,500,Sell,224131681
2024-07-18 09:42:24,24750.0,500,Sell,224131682
2024-07-18 09:42:24,24750.0,200,Sell,224131687
2024-07-18 09:42:24,24750.0,5000,Sell,224131684
2024-07-18 09:42:24,24750.0,300,Sell,224131685
2024-07-18 09:42:24,24750.0,1000,Sell,224131675
2024-07-18 09:42:24,24750.0,10000,Sell,224131688
2024-07-18 09:42:24,24750.0,600,Sell,224131689
2024-07-18 09:42:24,24750.0,900,Sell,224131690
2024-07-18 09:42:24,24750.0,1000,Sell,224131683
2024-07-18 09:42:24,24750.0,100,Sell,224131674
2024-07-18 09:42:24,24750.0,2000,Sell,224131686
2024-07-18 09:42:24,24750.0,2000,Sell,224131672
2024-07-18 09:42:24,24750.0,500,Sell,224131654
2024-07-18 09:42:24,24750.0,500,Sell,224131655
2024-07-18 09:42:24,24750.0,200,Sell,224131656
2024-07-18 09:42:24,24750.0,10000,Sell,224131657
2024-07-18 09:42:24,24750.0,1000,Sell,224131658
2024-07-18 09:42:24,24750.0,5000,Sell,224131659
2024-07-18 09:42:24,24750.0,500,Sell,224131660
2024-07-18 09:42:24,24750.0,4000,Sell,224131661
2024-07-18 09:42:24,24750.0,2000,Sell,224131662
2024-07-18 09:42:24,24750.0,300,Sell,224131663
2024-07-18 09:42:24,24750.0,100,Sell,224131664
2024-07-18 09:42:24,24750.0,1000,Sell,224131668
2024-07-18 09:42:24,24750.0,7000,Sell,224131669
2024-07-18 09:42:24,24750.0,400,Sell,224131670
2024-07-18 09:42:24,24750.0,1000,Sell,224131671
2024-07-18 09:42:24,24750.0,3400,Sell,224131653
2024-07-18 09:42:24,24750.0,2000,Sell,224131673
2024-07-18 09:42:27,24750.0,500,Buy,224131788
2024-07-18 09:42:35,24750.0,700,Buy,224131967
2024-07-18 09:42:40,24750.0,3000,Buy,224132044
2024-07-18 09:42:41,24750.0,1000,Buy,224132060
2024-07-18 09:42:44,24700.0,800,Sell,224132163
2024-07-18 09:42:44,24700.0,1000,Sell,224132162
2024-07-18 09:42:44,24700.0,100,Sell,224132160
2024-07-18 09:42:44,24700.0,100,Sell,224132159
2024-07-18 09:42:44,24700.0,100,Sell,224132158
2024-07-18 09:42:44,24700.0,500,Sell,224132161
2024-07-18 09:42:44,24700.0,1000,Sell,224132156
2024-07-18 09:42:44,24700.0,400,Sell,224132155
2024-07-18 09:42:44,24700.0,3000,Sell,224132154
2024-07-18 09:42:44,24700.0,1800,Sell,224132157
2024-07-18 09:42:44,24700.0,200,Sell,224132153
2024-07-18 09:42:44,24700.0,500,Sell,224132152
2024-07-18 09:42:44,24700.0,500,Sell,224132151
2024-07-18 09:42:47,24750.0,500,Buy,224132240
2024-07-18 09:42:49,24700.0,300,Sell,224132302
2024-07-18 09:42:51,24750.0,200,Buy,224132397
2024-07-18 09:42:56,24700.0,3000,Sell,224132518
2024-07-18 09:42:59,24750.0,300,Buy,224132568
2024-07-18 09:43:07,24700.0,800,Sell,224132733
2024-07-18 09:43:18,24750.0,3000,Buy,224132930
2024-07-18 09:43:20,24750.0,1000,Buy,224132963
2024-07-18 09:43:39,24700.0,1000,Sell,224133393
2024-07-18 09:43:44,24750.0,900,Buy,224133486
2024-07-18 09:44:02,24750.0,200,Buy,224133845
2024-07-18 09:44:04,24750.0,100,Buy,224133884
2024-07-18 09:44:17,24750.0,100,Buy,224134156
2024-07-18 09:44:19,24750.0,2000,Buy,224134181
2024-07-18 09:44:23,24750.0,200,Buy,224134247
2024-07-18 09:44:24,24700.0,1700,Sell,224134263
2024-07-18 09:44:30,24700.0,500,Sell,224134366
2024-07-18 09:44:32,24700.0,1000,Sell,224134407
2024-07-18 09:44:43,24700.0,500,Sell,224134642
2024-07-18 09:44:43,24700.0,3600,Sell,224134643
2024-07-18 09:44:43,24700.0,900,Sell,224134641
2024-07-18 09:44:45,24700.0,1000,Sell,224134673
2024-07-18 09:44:53,24750.0,100,Buy,224134906
2024-07-18 09:45:09,24750.0,2000,Buy,224135339
2024-07-18 09:45:11,24700.0,100,Sell,224135373
2024-07-18 09:45:32,24700.0,100,Sell,224135893
2024-07-18 09:45:33,24700.0,1000,Sell,224135901
2024-07-18 09:45:41,24700.0,2000,Sell,224136071
2024-07-18 09:45:42,24750.0,100,Buy,224136093
2024-07-18 09:45:48,24700.0,3200,Sell,224136280
2024-07-18 09:46:05,24700.0,1000,Sell,224136691
2024-07-18 09:46:06,24700.0,500,Sell,224136856
2024-07-18 09:46:06,24700.0,1000,Sell,224136854
2024-07-18 09:46:06,24700.0,1000,Sell,224136853
2024-07-18 09:46:06,24700.0,400,Sell,224136852
2024-07-18 09:46:06,24700.0,100,Sell,224136851
2024-07-18 09:46:06,24700.0,500,Sell,224136850
2024-07-18 09:46:06,24700.0,400,Sell,224136849
2024-07-18 09:46:06,24700.0,500,Sell,224136848
2024-07-18 09:46:06,24700.0,1000,Sell,224136847
2024-07-18 09:46:06,24700.0,200,Sell,224136846
2024-07-18 09:46:06,24700.0,100,Sell,224136855
2024-07-18 09:46:06,24700.0,1200,Sell,224136844
2024-07-18 09:46:06,24700.0,100,Sell,224136843
2024-07-18 09:46:06,24700.0,200,Sell,224136842
2024-07-18 09:46:06,24700.0,200,Sell,224136841
2024-07-18 09:46:06,24700.0,300,Sell,224136840
2024-07-18 09:46:06,24700.0,100,Sell,224136839
2024-07-18 09:46:06,24700.0,500,Sell,224136838
2024-07-18 09:46:06,24700.0,400,Sell,224136837
2024-07-18 09:46:06,24700.0,3000,Sell,224136835
2024-07-18 09:46:06,24700.0,1000,Sell,224136836
2024-07-18 09:46:06,24700.0,1000,Sell,224136845
2024-07-18 09:46:07,24700.0,100,Sell,224136867
2024-07-18 09:46:07,24700.0,100,Sell,224136860
2024-07-18 09:46:07,24700.0,6500,Sell,224136861
2024-07-18 09:46:07,24700.0,200,Sell,224136858
2024-07-18 09:46:07,24700.0,300,Sell,224136857
2024-07-18 09:46:07,24700.0,100,Sell,224136859
2024-07-18 09:46:09,24700.0,2200,Sell,224136912
2024-07-18 09:46:12,24700.0,3000,Sell,224136963
2024-07-18 09:46:15,24700.0,2500,Sell,224136998
2024-07-18 09:46:15,24700.0,300,Sell,224136999
2024-07-18 09:46:15,24700.0,100,Sell,224137000
2024-07-18 09:46:15,24700.0,100,Sell,224137001
2024-07-18 09:46:16,24700.0,100,Sell,224137058
2024-07-18 09:46:16,24700.0,100,Sell,224137077
2024-07-18 09:46:20,24700.0,100,Sell,224137166
2024-07-18 09:46:20,24700.0,100,Sell,224137169
2024-07-18 09:46:20,24700.0,800,Sell,224137168
2024-07-18 09:46:20,24700.0,1000,Sell,224137167
2024-07-18 09:46:20,24700.0,2000,Sell,224137165
2024-07-18 09:46:20,24700.0,200,Sell,224137170
2024-07-18 09:46:20,24700.0,1000,Sell,224137163
2024-07-18 09:46:20,24700.0,200,Sell,224137162
2024-07-18 09:46:20,24700.0,300,Sell,224137161
2024-07-18 09:46:20,24700.0,1000,Sell,224137160
2024-07-18 09:46:20,24700.0,200,Sell,224137159
2024-07-18 09:46:20,24700.0,100,Sell,224137164
2024-07-18 09:46:26,24700.0,29800,Sell,224137348
2024-07-18 09:46:26,24700.0,200,Sell,224137349
2024-07-18 09:46:30,24700.0,1100,Sell,224137430
2024-07-18 09:46:30,24700.0,900,Sell,224137431
2024-07-18 09:46:31,24700.0,500,Sell,224137439
2024-07-18 09:46:31,24700.0,500,Sell,224137448
2024-07-18 09:46:34,24700.0,800,Sell,224137529
2024-07-18 09:46:34,24700.0,3000,Sell,224137534
2024-07-18 09:46:34,24700.0,1000,Sell,224137530
2024-07-18 09:46:34,24700.0,300,Sell,224137531
2024-07-18 09:46:34,24700.0,100,Sell,224137532
2024-07-18 09:46:34,24700.0,100,Sell,224137533
2024-07-18 09:46:34,24700.0,1000,Sell,224137535
2024-07-18 09:46:34,24700.0,100,Sell,224137541
