time,price,volume,match_type,id
2024-07-17 13:53:51,24700.0,200,Buy,223806293
2024-07-17 13:53:51,24700.0,300,Buy,223806294
2024-07-17 13:53:52,24700.0,400,Buy,223806356
2024-07-17 13:53:52,24700.0,500,Buy,223806377
2024-07-17 13:53:52,24700.0,1000,Buy,223806376
2024-07-17 13:53:52,24700.0,3500,Buy,223806364
2024-07-17 13:53:52,24700.0,2900,Buy,223806363
2024-07-17 13:53:52,24700.0,100,Buy,223806362
2024-07-17 13:53:52,24700.0,800,Buy,223806355
2024-07-17 13:53:52,24700.0,1000,Buy,223806360
2024-07-17 13:53:52,24700.0,1000,Buy,223806357
2024-07-17 13:53:52,24700.0,200,Buy,223806361
2024-07-17 13:53:52,24700.0,500,Buy,223806359
2024-07-17 13:53:52,24700.0,1000,Buy,223806358
2024-07-17 13:53:53,24700.0,800,Buy,223806440
2024-07-17 13:53:53,24700.0,400,Buy,223806414
2024-07-17 13:53:53,24700.0,1000,Buy,223806413
2024-07-17 13:53:53,24700.0,10000,Buy,223806412
2024-07-17 13:53:53,24700.0,100,Buy,223806411
2024-07-17 13:53:53,24700.0,900,Buy,223806410
2024-07-17 13:53:53,24700.0,100,Buy,223806409
2024-07-17 13:53:53,24700.0,3000,Buy,223806408
2024-07-17 13:53:53,24700.0,300,Buy,223806407
2024-07-17 13:53:53,24700.0,1600,Buy,223806439
2024-07-17 13:53:53,24700.0,1000,Buy,223806405
2024-07-17 13:53:53,24700.0,1000,Buy,223806404
2024-07-17 13:53:53,24700.0,500,Buy,223806403
2024-07-17 13:53:53,24700.0,100,Buy,223806402
2024-07-17 13:53:53,24700.0,900,Buy,223806392
2024-07-17 13:53:53,24700.0,2000,Buy,223806391
2024-07-17 13:53:53,24700.0,1000,Buy,223806390
2024-07-17 13:53:53,24700.0,500,Buy,223806389
2024-07-17 13:53:53,24700.0,1500,Buy,223806384
2024-07-17 13:53:53,24700.0,600,Buy,223806388
2024-07-17 13:53:53,24700.0,200,Buy,223806406
2024-07-17 13:53:54,24700.0,10000,Buy,223806516
2024-07-17 13:53:54,24700.0,1000,Buy,223806510
2024-07-17 13:53:54,24700.0,200,Buy,223806504
2024-07-17 13:53:54,24700.0,6000,Buy,223806465
2024-07-17 13:53:54,24700.0,500,Buy,223806463
2024-07-17 13:53:54,24700.0,200,Buy,223806462
2024-07-17 13:53:54,24700.0,2200,Buy,223806461
2024-07-17 13:53:54,24700.0,2800,Buy,223806453
2024-07-17 13:53:54,24700.0,2200,Buy,223806452
2024-07-17 13:53:54,24700.0,800,Buy,223806464
2024-07-17 13:53:55,24700.0,500,Buy,223806541
2024-07-17 13:53:55,24700.0,900,Buy,223806549
2024-07-17 13:53:56,24700.0,10300,Buy,223806636
2024-07-17 13:53:56,24700.0,3100,Buy,223806635
2024-07-17 13:53:56,24700.0,500,Buy,223806634
2024-07-17 13:53:56,24700.0,300,Buy,223806631
2024-07-17 13:53:56,24700.0,500,Buy,223806633
2024-07-17 13:53:56,24700.0,100,Buy,223806632
2024-07-17 13:53:56,24700.0,200,Buy,223806630
2024-07-17 13:53:56,24700.0,300,Buy,223806616
2024-07-17 13:53:56,24700.0,5000,Buy,223806628
2024-07-17 13:53:56,24700.0,2800,Buy,223806629
2024-07-17 13:53:56,24700.0,300,Buy,223806582
2024-07-17 13:53:56,24700.0,300,Buy,223806583
2024-07-17 13:53:56,24700.0,4700,Buy,223806584
2024-07-17 13:53:56,24700.0,3000,Buy,223806620
2024-07-17 13:53:56,24700.0,2000,Buy,223806626
2024-07-17 13:53:56,24700.0,200,Buy,223806627
2024-07-17 13:53:57,24700.0,10000,Buy,223806647
2024-07-17 13:53:57,24700.0,500,Buy,223806654
2024-07-17 13:53:57,24700.0,5000,Buy,223806655
2024-07-17 13:53:57,24700.0,1000,Buy,223806714
2024-07-17 13:53:58,24650.0,2000,Sell,223806939
2024-07-17 13:53:58,24700.0,600,Buy,223806930
2024-07-17 13:53:58,24650.0,200,Sell,223806931
2024-07-17 13:53:58,24700.0,1800,Buy,223806928
2024-07-17 13:53:58,24700.0,2000,Buy,223806927
2024-07-17 13:53:58,24700.0,20000,Buy,223806926
2024-07-17 13:53:58,24700.0,49400,Buy,223806929
2024-07-17 13:53:59,24700.0,2000,Buy,223807162
2024-07-17 13:53:59,24700.0,500,Buy,223807160
2024-07-17 13:53:59,24700.0,10000,Buy,223807161
2024-07-17 13:54:00,24650.0,100,Sell,223807175
2024-07-17 13:54:00,24700.0,600,Buy,223807176
2024-07-17 13:54:00,24700.0,2000,Buy,223807190
2024-07-17 13:54:00,24700.0,2000,Buy,223807216
2024-07-17 13:54:00,24700.0,1700,Buy,223807217
2024-07-17 13:54:00,24700.0,3000,Buy,223807218
2024-07-17 13:54:00,24700.0,7100,Buy,223807219
2024-07-17 13:54:00,24650.0,100,Sell,223807189
2024-07-17 13:54:01,24700.0,18500,Buy,223807252
2024-07-17 13:54:01,24700.0,500,Buy,223807277
2024-07-17 13:54:01,24700.0,8400,Buy,223807272
2024-07-17 13:54:01,24700.0,1000,Buy,223807251
2024-07-17 13:54:01,24700.0,400,Buy,223807249
2024-07-17 13:54:01,24700.0,100,Buy,223807238
2024-07-17 13:54:01,24700.0,100,Buy,223807250
2024-07-17 13:54:02,24700.0,100,Buy,223807320
2024-07-17 13:54:02,24700.0,700,Buy,223807319
2024-07-17 13:54:02,24700.0,300,Buy,223807318
2024-07-17 13:54:02,24700.0,500,Buy,223807305
2024-07-17 13:54:02,24700.0,5000,Buy,223807304
2024-07-17 13:54:02,24700.0,900,Buy,223807326
2024-07-17 13:54:02,24700.0,200,Buy,223807302
2024-07-17 13:54:02,24700.0,4800,Buy,223807301
2024-07-17 13:54:02,24700.0,500,Buy,223807287
2024-07-17 13:54:02,24700.0,1400,Buy,223807286
2024-07-17 13:54:02,24700.0,2600,Buy,223807285
2024-07-17 13:54:02,24700.0,1000,Buy,223807303
2024-07-17 13:54:03,24650.0,5000,Sell,223807364
2024-07-17 13:54:04,24700.0,3400,Buy,223807419
2024-07-17 13:54:04,24700.0,600,Buy,223807420
2024-07-17 13:54:04,24700.0,500,Buy,223807421
2024-07-17 13:54:04,24700.0,500,Buy,223807422
2024-07-17 13:54:04,24700.0,400,Buy,223807426
2024-07-17 13:54:04,24700.0,200,Buy,223807424
2024-07-17 13:54:04,24700.0,500,Buy,223807425
2024-07-17 13:54:04,24700.0,4000,Buy,223807458
2024-07-17 13:54:04,24700.0,200,Buy,223807418
2024-07-17 13:54:04,24700.0,100,Buy,223807423
2024-07-17 13:54:04,24700.0,1000,Buy,223807417
2024-07-17 13:54:04,24700.0,1000,Buy,223807456
2024-07-17 13:54:04,24700.0,300,Buy,223807415
2024-07-17 13:54:04,24700.0,1000,Buy,223807414
2024-07-17 13:54:04,24700.0,5000,Buy,223807413
2024-07-17 13:54:04,24700.0,200,Buy,223807412
2024-07-17 13:54:04,24700.0,100,Buy,223807411
2024-07-17 13:54:04,24700.0,2000,Buy,223807410
2024-07-17 13:54:04,24700.0,3000,Buy,223807409
2024-07-17 13:54:04,24700.0,400,Buy,223807408
2024-07-17 13:54:04,24700.0,1900,Buy,223807407
2024-07-17 13:54:04,24700.0,5000,Buy,223807406
2024-07-17 13:54:04,24700.0,200,Buy,223807399
2024-07-17 13:54:04,24700.0,3100,Buy,223807394
2024-07-17 13:54:04,24700.0,1500,Buy,223807416
2024-07-17 13:54:05,24700.0,4000,Buy,223807484
2024-07-17 13:54:05,24700.0,100,Buy,223807470
2024-07-17 13:54:05,24650.0,5000,Sell,223807459
2024-07-17 13:54:06,24700.0,5500,Buy,223807501
2024-07-17 13:54:06,24700.0,100,Buy,223807502
2024-07-17 13:54:06,24700.0,700,Buy,223807503
2024-07-17 13:54:06,24700.0,300,Buy,223807526
2024-07-17 13:54:07,24700.0,900,Buy,223807663
2024-07-17 13:54:07,24700.0,100,Buy,223807662
2024-07-17 13:54:07,24700.0,600,Buy,223807661
2024-07-17 13:54:07,24700.0,1000,Buy,223807660
2024-07-17 13:54:07,24700.0,200,Buy,223807659
2024-07-17 13:54:07,24700.0,1500,Buy,223807658
2024-07-17 13:54:07,24700.0,2000,Buy,223807657
2024-07-17 13:54:07,24700.0,200,Buy,223807644
2024-07-17 13:54:07,24700.0,1700,Buy,223807655
2024-07-17 13:54:07,24700.0,300,Buy,223807645
2024-07-17 13:54:07,24700.0,100,Buy,223807643
2024-07-17 13:54:07,24700.0,600,Buy,223807642
2024-07-17 13:54:07,24700.0,1000,Buy,223807641
2024-07-17 13:54:07,24700.0,1400,Buy,223807640
2024-07-17 13:54:07,24700.0,600,Buy,223807615
2024-07-17 13:54:07,24700.0,2000,Buy,223807656
2024-07-17 13:54:08,24700.0,2100,Buy,223807681
2024-07-17 13:54:08,24700.0,2900,Buy,223807682
2024-07-17 13:54:08,24700.0,1000,Buy,223807704
2024-07-17 13:54:09,24700.0,5000,Buy,223807713
2024-07-17 13:54:09,24700.0,100,Buy,223807721
2024-07-17 13:54:10,24700.0,7000,Buy,223807724
2024-07-17 13:54:10,24700.0,100,Buy,223807725
2024-07-17 13:54:10,24700.0,2500,Buy,223807726
2024-07-17 13:54:10,24700.0,900,Buy,223807731
2024-07-17 13:54:10,24700.0,200,Buy,223807732
2024-07-17 13:54:10,24700.0,100,Buy,223807753
2024-07-17 13:54:10,24700.0,2000,Buy,223807760
2024-07-17 13:54:11,24700.0,500,Buy,223807817
2024-07-17 13:54:11,24700.0,200,Buy,223807816
2024-07-17 13:54:11,24700.0,100,Buy,223807774
2024-07-17 13:54:11,24700.0,300,Buy,223807783
2024-07-17 13:54:11,24700.0,1000,Buy,223807795
2024-07-17 13:54:12,24700.0,1000,Buy,223807826
2024-07-17 13:54:12,24700.0,200,Buy,223807831
2024-07-17 13:54:12,24700.0,9900,Buy,223807832
2024-07-17 13:54:12,24700.0,1000,Buy,223807854
2024-07-17 13:54:12,24700.0,100,Buy,223807855
2024-07-17 13:54:12,24700.0,200,Buy,223807856
2024-07-17 13:54:12,24700.0,1000,Buy,223807872
2024-07-17 13:54:13,24700.0,10000,Buy,223807882
2024-07-17 13:54:13,24700.0,2000,Buy,223807908
2024-07-17 13:54:13,24700.0,1000,Buy,223807917
2024-07-17 13:54:14,24700.0,100,Buy,223807971
2024-07-17 13:54:14,24700.0,1000,Buy,223807964
2024-07-17 13:54:14,24700.0,100,Buy,223807969
2024-07-17 13:54:14,24700.0,100,Buy,223807970
2024-07-17 13:54:15,24700.0,100,Buy,223807983
2024-07-17 13:54:16,24700.0,300,Buy,223808036
2024-07-17 13:54:16,24700.0,1000,Buy,223808040
2024-07-17 13:54:16,24700.0,500,Buy,223808047
2024-07-17 13:54:17,24700.0,3100,Buy,223808107
2024-07-17 13:54:17,24700.0,500,Buy,223808110
2024-07-17 13:54:17,24700.0,100,Buy,223808109
2024-07-17 13:54:17,24700.0,1000,Buy,223808108
2024-07-17 13:54:17,24700.0,900,Buy,223808106
2024-07-17 13:54:17,24700.0,10000,Buy,223808070
2024-07-17 13:54:17,24700.0,100,Buy,223808104
2024-07-17 13:54:17,24700.0,1900,Buy,223808103
2024-07-17 13:54:17,24700.0,400,Buy,223808072
2024-07-17 13:54:17,24700.0,200,Buy,223808071
2024-07-17 13:54:17,24700.0,100,Buy,223808105
2024-07-17 13:54:18,24700.0,100,Sell,223808211
2024-07-17 13:54:18,24700.0,1000,Buy,223808149
2024-07-17 13:54:18,24700.0,500,Buy,223808148
2024-07-17 13:54:18,24700.0,2100,Buy,223808147
2024-07-17 13:54:18,24700.0,800,Buy,223808146
2024-07-17 13:54:18,24700.0,100,Buy,223808145
2024-07-17 13:54:18,24700.0,300,Buy,223808143
2024-07-17 13:54:18,24700.0,1000,Buy,223808144
2024-07-17 13:54:18,24700.0,1000,Buy,223808142
2024-07-17 13:54:18,24700.0,1000,Buy,223808138
2024-07-17 13:54:18,24700.0,200,Buy,223808140
2024-07-17 13:54:18,24700.0,100,Buy,223808132
2024-07-17 13:54:18,24700.0,100,Buy,223808133
2024-07-17 13:54:18,24700.0,1000,Buy,223808134
2024-07-17 13:54:18,24700.0,2500,Buy,223808141
2024-07-17 13:54:18,24700.0,1000,Buy,223808136
2024-07-17 13:54:18,24700.0,200,Buy,223808137
2024-07-17 13:54:18,24700.0,200,Buy,223808139
2024-07-17 13:54:18,24700.0,100,Buy,223808135
2024-07-17 13:54:19,24700.0,20000,Buy,223808364
2024-07-17 13:54:19,24700.0,5500,Sell,223808231
2024-07-17 13:54:19,24700.0,8000,Sell,223808232
2024-07-17 13:54:19,24700.0,1000,Sell,223808233
2024-07-17 13:54:19,24700.0,30000,Sell,223808234
2024-07-17 13:54:19,24700.0,1200,Sell,223808235
2024-07-17 13:54:19,24700.0,2000,Buy,223808361
2024-07-17 13:54:19,24700.0,2500,Sell,223808230
2024-07-17 13:54:21,24700.0,500,Buy,223808453
2024-07-17 13:54:21,24700.0,200,Buy,223808463
2024-07-17 13:54:22,24700.0,3100,Buy,223808509
2024-07-17 13:54:22,24700.0,2000,Buy,223808537
2024-07-17 13:54:23,24700.0,2900,Buy,223808545
2024-07-17 13:54:23,24700.0,100,Buy,223808547
2024-07-17 13:54:23,24700.0,900,Buy,223808548
2024-07-17 13:54:23,24700.0,5600,Buy,223808549
2024-07-17 13:54:23,24700.0,400,Buy,223808550
2024-07-17 13:54:23,24700.0,1000,Sell,223808551
2024-07-17 13:54:23,24700.0,2000,Sell,223808571
2024-07-17 13:54:24,24700.0,1000,Sell,223808626
2024-07-17 13:54:25,24700.0,100,Sell,223808677
2024-07-17 13:54:25,24700.0,800,Sell,223808687
2024-07-17 13:54:26,24700.0,100,Sell,223808703
2024-07-17 13:54:26,24700.0,100,Sell,223808704
2024-07-17 13:54:27,24700.0,100,Sell,223808838
2024-07-17 13:54:27,24700.0,700,Sell,223808751
2024-07-17 13:54:27,24700.0,1000,Sell,223808750
2024-07-17 13:54:27,24700.0,400,Sell,223808749
2024-07-17 13:54:28,24700.0,500,Sell,223808852
2024-07-17 13:54:28,24700.0,1300,Sell,223808851
2024-07-17 13:54:28,24700.0,200,Sell,223808849
2024-07-17 13:54:30,24700.0,200,Sell,223808975
2024-07-17 13:54:30,24750.0,100,Buy,223808976
2024-07-17 13:54:31,24700.0,200,Sell,223809013
2024-07-17 13:54:31,24700.0,100,Sell,223809044
2024-07-17 13:54:33,24750.0,800,Buy,223809147
2024-07-17 13:54:33,24750.0,1200,Buy,223809148
2024-07-17 13:54:34,24700.0,500,Sell,223809159
2024-07-17 13:54:35,24700.0,100,Sell,223809228
2024-07-17 13:54:35,24700.0,600,Sell,223809230
2024-07-17 13:54:36,24750.0,400,Buy,223809273
2024-07-17 13:54:36,24700.0,300,Sell,223809280
2024-07-17 13:54:37,24700.0,500,Sell,223809340
2024-07-17 13:54:38,24700.0,10000,Sell,223809418
2024-07-17 13:54:38,24700.0,2000,Sell,223809417
2024-07-17 13:54:38,24700.0,7000,Sell,223809414
2024-07-17 13:54:38,24700.0,15000,Sell,223809416
2024-07-17 13:54:38,24700.0,2000,Sell,223809415
2024-07-17 13:54:38,24700.0,10300,Sell,223809412
2024-07-17 13:54:38,24700.0,1700,Sell,223809411
2024-07-17 13:54:38,24700.0,3000,Sell,223809410
2024-07-17 13:54:38,24700.0,9000,Sell,223809413
2024-07-17 13:54:39,24750.0,1100,Buy,223809487
2024-07-17 13:54:41,24700.0,100,Sell,223809541
2024-07-17 13:54:43,24700.0,100,Sell,223809654
2024-07-17 13:54:45,24700.0,2200,Sell,223809710
2024-07-17 13:54:47,24700.0,5000,Sell,223809828
2024-07-17 13:54:47,24700.0,1000,Sell,223809832
2024-07-17 13:54:48,24700.0,1600,Sell,223809856
2024-07-17 13:54:48,24700.0,100,Sell,223809857
2024-07-17 13:54:48,24700.0,300,Sell,223809858
2024-07-17 13:54:48,24700.0,2000,Sell,223809873
2024-07-17 13:54:50,24700.0,100,Sell,223809942
2024-07-17 13:54:52,24700.0,1000,Sell,223809987
2024-07-17 13:54:52,24700.0,100,Sell,223810009
2024-07-17 13:54:54,24700.0,100,Sell,223810105
2024-07-17 13:54:55,24700.0,1000,Sell,223810195
2024-07-17 13:54:56,24700.0,2000,Sell,223810241
2024-07-17 13:54:57,24750.0,300,Buy,223810284
2024-07-17 13:54:57,24750.0,200,Buy,223810285
2024-07-17 13:54:57,24700.0,800,Sell,223810292
2024-07-17 13:54:57,24700.0,500,Sell,223810274
2024-07-17 13:54:58,24700.0,1000,Sell,223810316
2024-07-17 13:54:58,24700.0,1000,Sell,223810315
2024-07-17 13:54:58,24700.0,1300,Sell,223810314
2024-07-17 13:54:58,24700.0,5000,Sell,223810313
2024-07-17 13:54:58,24700.0,200,Sell,223810312
2024-07-17 13:54:58,24700.0,500,Sell,223810310
2024-07-17 13:54:58,24700.0,500,Sell,223810309
2024-07-17 13:54:58,24700.0,200,Sell,223810308
2024-07-17 13:54:58,24700.0,100,Sell,223810307
2024-07-17 13:54:58,24700.0,200,Sell,223810311
2024-07-17 13:55:01,24750.0,900,Buy,223810572
2024-07-17 13:55:03,24700.0,100,Sell,223810680
2024-07-17 13:55:03,24700.0,1300,Sell,223810628
2024-07-17 13:55:03,24700.0,500,Sell,223810626
2024-07-17 13:55:03,24700.0,200,Sell,223810625
2024-07-17 13:55:03,24700.0,1000,Sell,223810624
2024-07-17 13:55:03,24700.0,100,Sell,223810627
2024-07-17 13:55:05,24700.0,200,Sell,223810802
2024-07-17 13:55:06,24700.0,400,Sell,223810852
2024-07-17 13:55:06,24700.0,300,Sell,223810853
2024-07-17 13:55:06,24700.0,400,Sell,223810854
2024-07-17 13:55:06,24700.0,2000,Sell,223810870
2024-07-17 13:55:10,24700.0,400,Sell,223811048
2024-07-17 13:55:11,24700.0,100,Sell,223811139
2024-07-17 13:55:12,24700.0,1000,Sell,223811202
2024-07-17 13:55:12,24700.0,1000,Sell,223811201
2024-07-17 13:55:13,24700.0,300,Sell,223811282
2024-07-17 13:55:16,24750.0,500,Buy,223811500
2024-07-17 13:55:16,24750.0,200,Buy,223811501
2024-07-17 13:55:16,24750.0,3000,Buy,223811502
2024-07-17 13:55:16,24750.0,3000,Buy,223811503
2024-07-17 13:55:16,24750.0,2000,Buy,223811499
2024-07-17 13:55:16,24750.0,400,Buy,223811505
2024-07-17 13:55:16,24750.0,1000,Buy,223811506
2024-07-17 13:55:16,24750.0,1500,Buy,223811507
2024-07-17 13:55:16,24750.0,100,Buy,223811504
2024-07-17 13:55:16,24750.0,1000,Buy,223811498
2024-07-17 13:55:16,24750.0,1000,Buy,223811491
2024-07-17 13:55:16,24750.0,500,Buy,223811496
2024-07-17 13:55:16,24750.0,500,Buy,223811497
2024-07-17 13:55:16,24750.0,200,Buy,223811488
2024-07-17 13:55:16,24750.0,100,Buy,223811489
2024-07-17 13:55:16,24750.0,200,Buy,223811490
2024-07-17 13:55:16,24750.0,900,Buy,223811487
2024-07-17 13:55:16,24750.0,1000,Buy,223811493
2024-07-17 13:55:16,24750.0,2000,Buy,223811492
2024-07-17 13:55:16,24750.0,200,Buy,223811495
2024-07-17 13:55:16,24750.0,700,Buy,223811494
2024-07-17 13:55:17,24700.0,600,Sell,223811548
2024-07-17 13:55:18,24750.0,4700,Buy,223811585
2024-07-17 13:55:18,24750.0,500,Buy,223811584
2024-07-17 13:55:20,24700.0,500,Sell,223811659
2024-07-17 13:55:21,24700.0,1000,Sell,223811775
2024-07-17 13:55:22,24750.0,300,Buy,223811803
2024-07-17 13:55:22,24750.0,200,Buy,223811804
2024-07-17 13:55:22,24750.0,100,Buy,223811805
2024-07-17 13:55:22,24750.0,100,Buy,223811806
2024-07-17 13:55:22,24750.0,300,Buy,223811807
2024-07-17 13:55:22,24750.0,1700,Buy,223811826
2024-07-17 13:55:22,24750.0,100,Buy,223811827
2024-07-17 13:55:25,24700.0,3000,Sell,223811902
2024-07-17 13:55:25,24700.0,1000,Sell,223812005
2024-07-17 13:55:25,24700.0,1500,Sell,223811900
2024-07-17 13:55:25,24700.0,500,Sell,223811901
2024-07-17 13:55:25,24750.0,700,Buy,223811948
2024-07-17 13:55:26,24700.0,1000,Sell,223812023
2024-07-17 13:55:26,24700.0,1100,Sell,223812024
2024-07-17 13:55:26,24750.0,500,Buy,223812033
2024-07-17 13:55:26,24700.0,300,Sell,223812047
2024-07-17 13:55:26,24700.0,700,Sell,223812048
2024-07-17 13:55:26,24700.0,5000,Sell,223812049
2024-07-17 13:55:26,24700.0,5000,Sell,223812050
2024-07-17 13:55:26,24700.0,2000,Sell,223812051
2024-07-17 13:55:26,24700.0,1000,Sell,223812052
2024-07-17 13:55:26,24700.0,3000,Sell,223812053
2024-07-17 13:55:27,24750.0,1000,Buy,223812066
2024-07-17 13:55:28,24750.0,1000,Buy,223812214
2024-07-17 13:55:28,24700.0,200,Sell,223812182
2024-07-17 13:55:30,24750.0,400,Buy,223812347
2024-07-17 13:55:30,24750.0,300,Buy,223812345
2024-07-17 13:55:30,24750.0,1700,Buy,223812343
2024-07-17 13:55:30,24750.0,1000,Buy,223812344
2024-07-17 13:55:31,24750.0,1600,Buy,223812392
2024-07-17 13:55:31,24750.0,1000,Buy,223812393
2024-07-17 13:55:31,24750.0,1200,Buy,223812394
2024-07-17 13:55:31,24750.0,200,Buy,223812395
2024-07-17 13:55:31,24750.0,800,Buy,223812400
2024-07-17 13:55:31,24750.0,3200,Buy,223812402
2024-07-17 13:55:31,24750.0,200,Buy,223812403
2024-07-17 13:55:31,24750.0,1300,Buy,223812404
2024-07-17 13:55:33,24700.0,100,Sell,223812527
2024-07-17 13:55:33,24750.0,700,Buy,223812488
2024-07-17 13:55:33,24750.0,5000,Buy,223812489
2024-07-17 13:55:34,24750.0,5500,Buy,223812581
2024-07-17 13:55:36,24750.0,2200,Buy,223812624
2024-07-17 13:55:36,24750.0,300,Buy,223812633
2024-07-17 13:55:36,24750.0,900,Buy,223812646
2024-07-17 13:55:37,24750.0,1000,Buy,223812746
2024-07-17 13:55:37,24750.0,81900,Buy,223812747
2024-07-17 13:55:37,24750.0,1000,Buy,223812745
2024-07-17 13:55:37,24750.0,5500,Buy,223812699
2024-07-17 13:55:37,24750.0,500,Buy,223812743
2024-07-17 13:55:37,24750.0,5600,Buy,223812742
2024-07-17 13:55:37,24750.0,10000,Buy,223812744
2024-07-17 13:55:39,24750.0,500,Buy,223812804
2024-07-17 13:55:39,24750.0,300,Buy,223812831
2024-07-17 13:55:41,24750.0,11700,Buy,223812948
2024-07-17 13:55:42,24750.0,5600,Buy,223812969
2024-07-17 13:55:42,24750.0,500,Buy,223812970
2024-07-17 13:55:42,24750.0,100,Buy,223812971
2024-07-17 13:55:42,24750.0,3000,Buy,223812972
2024-07-17 13:55:42,24750.0,800,Buy,223812973
2024-07-17 13:55:42,24750.0,4200,Buy,223812987
2024-07-17 13:55:42,24750.0,1000,Buy,223812988
2024-07-17 13:55:42,24750.0,800,Buy,223812989
2024-07-17 13:55:43,24750.0,100,Buy,223813025
2024-07-17 13:55:43,24700.0,100,Sell,223812999
2024-07-17 13:55:45,24750.0,100,Buy,223813082
2024-07-17 13:55:45,24750.0,100,Buy,223813083
2024-07-17 13:55:45,24750.0,1000,Buy,223813084
2024-07-17 13:55:45,24750.0,900,Buy,223813085
2024-07-17 13:55:45,24750.0,2000,Buy,223813086
2024-07-17 13:55:45,24750.0,300,Buy,223813087
2024-07-17 13:55:45,24750.0,1700,Buy,223813088
2024-07-17 13:55:45,24750.0,100,Buy,223813092
2024-07-17 13:55:45,24750.0,7700,Buy,223813119
2024-07-17 13:55:45,24750.0,5000,Buy,223813120
2024-07-17 13:55:45,24750.0,500,Buy,223813121
2024-07-17 13:55:45,24750.0,1800,Buy,223813122
2024-07-17 13:55:46,24750.0,200,Buy,223813149
2024-07-17 13:55:47,24750.0,2000,Buy,223813171
2024-07-17 13:55:47,24750.0,15000,Buy,223813204
2024-07-17 13:55:47,24750.0,400,Buy,223813205
2024-07-17 13:55:47,24750.0,100,Buy,223813206
2024-07-17 13:55:47,24750.0,1000,Buy,223813207
2024-07-17 13:55:47,24750.0,500,Buy,223813208
2024-07-17 13:55:47,24750.0,500,Buy,223813209
2024-07-17 13:55:47,24750.0,500,Buy,223813210
2024-07-17 13:55:47,24750.0,600,Buy,223813170
2024-07-17 13:55:48,24750.0,1000,Buy,223813241
2024-07-17 13:55:48,24750.0,300,Buy,223813242
2024-07-17 13:55:48,24750.0,1000,Buy,223813240
2024-07-17 13:55:48,24750.0,200,Buy,223813232
2024-07-17 13:55:48,24750.0,300,Buy,223813233
2024-07-17 13:55:48,24750.0,2500,Buy,223813231
2024-07-17 13:55:48,24700.0,10000,Sell,223813229
2024-07-17 13:55:48,24750.0,200,Buy,223813239
2024-07-17 13:55:49,24750.0,1000,Buy,223813283
2024-07-17 13:55:49,24750.0,700,Buy,223813284
2024-07-17 13:55:49,24750.0,100,Buy,223813285
2024-07-17 13:55:49,24750.0,500,Buy,223813286
2024-07-17 13:55:49,24750.0,4700,Buy,223813292
2024-07-17 13:55:49,24750.0,15300,Buy,223813301
2024-07-17 13:55:49,24750.0,500,Buy,223813302
2024-07-17 13:55:49,24750.0,5000,Buy,223813303
2024-07-17 13:55:49,24750.0,200,Buy,223813305
2024-07-17 13:55:49,24750.0,100,Buy,223813306
2024-07-17 13:55:49,24750.0,500,Buy,223813307
2024-07-17 13:55:49,24750.0,100,Buy,223813308
2024-07-17 13:55:49,24750.0,100,Buy,223813309
2024-07-17 13:55:49,24750.0,400,Buy,223813310
2024-07-17 13:55:49,24750.0,2400,Buy,223813311
2024-07-17 13:55:49,24750.0,500,Buy,223813312
2024-07-17 13:55:49,24750.0,400,Buy,223813282
2024-07-17 13:55:49,24750.0,100,Buy,223813304
2024-07-17 13:55:49,24750.0,200,Buy,223813281
2024-07-17 13:55:49,24750.0,1000,Buy,223813266
2024-07-17 13:55:49,24750.0,200,Buy,223813279
2024-07-17 13:55:49,24750.0,700,Buy,223813261
2024-07-17 13:55:49,24750.0,100,Buy,223813262
2024-07-17 13:55:49,24750.0,1000,Buy,223813263
2024-07-17 13:55:49,24750.0,400,Buy,223813264
2024-07-17 13:55:49,24750.0,1200,Buy,223813265
2024-07-17 13:55:49,24750.0,300,Buy,223813267
2024-07-17 13:55:49,24750.0,500,Buy,223813268
2024-07-17 13:55:49,24750.0,1500,Buy,223813280
2024-07-17 13:55:49,24750.0,5000,Buy,223813269
2024-07-17 13:55:49,24750.0,300,Buy,223813271
2024-07-17 13:55:49,24750.0,500,Buy,223813272
2024-07-17 13:55:49,24750.0,5000,Buy,223813273
2024-07-17 13:55:49,24750.0,500,Buy,223813274
2024-07-17 13:55:49,24750.0,1000,Buy,223813275
2024-07-17 13:55:49,24750.0,1000,Buy,223813276
2024-07-17 13:55:49,24750.0,200,Buy,223813277
2024-07-17 13:55:49,24750.0,1000,Buy,223813278
2024-07-17 13:55:49,24750.0,1000,Buy,223813270
2024-07-17 13:55:50,24750.0,100,Buy,223813372
2024-07-17 13:55:50,24750.0,5800,Buy,223813318
2024-07-17 13:55:50,24700.0,1100,Sell,223813343
2024-07-17 13:55:50,24750.0,3000,Buy,223813316
2024-07-17 13:55:50,24750.0,20000,Buy,223813315
2024-07-17 13:55:50,24750.0,2000,Buy,223813317
2024-07-17 13:55:51,24750.0,100,Buy,223813399
2024-07-17 13:55:51,24750.0,500,Buy,223813388
2024-07-17 13:55:51,24750.0,300,Buy,223813387
2024-07-17 13:55:52,24750.0,6900,Buy,223813450
2024-07-17 13:55:52,24750.0,9000,Buy,223813462
2024-07-17 13:55:52,24750.0,1100,Buy,223813478
2024-07-17 13:55:52,24750.0,500,Buy,223813479
2024-07-17 13:55:53,24700.0,100,Sell,223813506
2024-07-17 13:55:53,24750.0,2000,Buy,223813507
2024-07-17 13:55:53,24750.0,1900,Buy,223813519
2024-07-17 13:55:53,24750.0,5000,Buy,223813520
2024-07-17 13:55:53,24750.0,2300,Buy,223813521
2024-07-17 13:55:54,24750.0,5000,Buy,223813540
2024-07-17 13:55:54,24750.0,100,Buy,223813553
2024-07-17 13:55:55,24700.0,2000,Sell,223813590
2024-07-17 13:55:55,24750.0,5300,Buy,223813589
2024-07-17 13:55:56,24750.0,2500,Buy,223813625
2024-07-17 13:55:56,24750.0,1500,Buy,223813650
2024-07-17 13:55:57,24750.0,100,Buy,223813680
2024-07-17 13:55:58,24750.0,100,Buy,223813795
2024-07-17 13:55:58,24750.0,100,Buy,223813794
2024-07-17 13:55:58,24750.0,200,Buy,223813793
2024-07-17 13:55:58,24750.0,2000,Buy,223813792
2024-07-17 13:55:58,24750.0,500,Buy,223813791
2024-07-17 13:55:58,24750.0,200,Buy,223813790
2024-07-17 13:55:58,24750.0,100,Buy,223813789
2024-07-17 13:55:58,24750.0,100,Buy,223813788
2024-07-17 13:55:58,24750.0,300,Buy,223813787
2024-07-17 13:55:58,24750.0,3000,Buy,223813753
2024-07-17 13:55:58,24750.0,1600,Buy,223813784
2024-07-17 13:55:58,24750.0,1000,Buy,223813757
2024-07-17 13:55:58,24750.0,800,Buy,223813756
2024-07-17 13:55:58,24750.0,2000,Buy,223813755
2024-07-17 13:55:58,24750.0,200,Buy,223813754
2024-07-17 13:55:58,24750.0,200,Buy,223813796
2024-07-17 13:55:58,24750.0,200,Buy,223813752
2024-07-17 13:55:58,24750.0,500,Buy,223813751
2024-07-17 13:55:58,24750.0,2000,Buy,223813786
2024-07-17 13:55:58,24750.0,100,Buy,223813797
2024-07-17 13:55:58,24750.0,1000,Buy,223813805
2024-07-17 13:55:58,24750.0,200,Buy,223813799
2024-07-17 13:55:58,24750.0,100,Buy,223813821
2024-07-17 13:55:58,24750.0,22900,Buy,223813818
2024-07-17 13:55:58,24750.0,1000,Buy,223813817
2024-07-17 13:55:58,24750.0,400,Buy,223813816
2024-07-17 13:55:58,24750.0,2000,Buy,223813815
2024-07-17 13:55:58,24750.0,500,Buy,223813814
2024-07-17 13:55:58,24750.0,100,Buy,223813813
2024-07-17 13:55:58,24750.0,1000,Buy,223813812
2024-07-17 13:55:58,24750.0,100,Buy,223813811
2024-07-17 13:55:58,24750.0,1000,Buy,223813798
2024-07-17 13:55:58,24750.0,200,Buy,223813810
2024-07-17 13:55:58,24750.0,100,Buy,223813808
2024-07-17 13:55:58,24750.0,5000,Buy,223813807
2024-07-17 13:55:58,24750.0,700,Buy,223813806
2024-07-17 13:55:58,24750.0,1000,Buy,223813750
2024-07-17 13:55:58,24750.0,300,Buy,223813804
2024-07-17 13:55:58,24750.0,500,Buy,223813803
2024-07-17 13:55:58,24750.0,100,Buy,223813802
2024-07-17 13:55:58,24750.0,100,Buy,223813801
2024-07-17 13:55:58,24750.0,200,Buy,223813800
2024-07-17 13:55:58,24750.0,100,Buy,223813809
2024-07-17 13:55:58,24750.0,500,Buy,223813749
2024-07-17 13:55:58,24750.0,5000,Buy,223813785
2024-07-17 13:55:58,24750.0,2000,Buy,223813747
2024-07-17 13:55:58,24750.0,100,Buy,223813722
2024-07-17 13:55:58,24750.0,1900,Buy,223813721
2024-07-17 13:55:58,24750.0,100,Buy,223813720
2024-07-17 13:55:58,24750.0,5000,Buy,223813719
2024-07-17 13:55:58,24750.0,100,Buy,223813718
2024-07-17 13:55:58,24750.0,200,Buy,223813717
2024-07-17 13:55:58,24750.0,100,Buy,223813716
2024-07-17 13:55:58,24750.0,500,Buy,223813715
2024-07-17 13:55:58,24750.0,100,Buy,223813714
2024-07-17 13:55:58,24750.0,500,Buy,223813723
2024-07-17 13:55:58,24750.0,300,Buy,223813713
2024-07-17 13:55:58,24750.0,800,Buy,223813711
2024-07-17 13:55:58,24750.0,1200,Buy,223813710
2024-07-17 13:55:58,24750.0,200,Buy,223813709
2024-07-17 13:55:58,24750.0,300,Buy,223813708
2024-07-17 13:55:58,24750.0,1000,Buy,223813707
2024-07-17 13:55:58,24750.0,5000,Buy,223813748
2024-07-17 13:55:58,24750.0,500,Buy,223813705
2024-07-17 13:55:58,24750.0,1000,Buy,223813704
2024-07-17 13:55:58,24750.0,10000,Buy,223813703
2024-07-17 13:55:58,24750.0,100,Buy,223813712
2024-07-17 13:55:58,24750.0,10000,Buy,223813724
2024-07-17 13:55:58,24750.0,300,Buy,223813706
2024-07-17 13:55:58,24750.0,800,Buy,223813726
2024-07-17 13:55:58,24750.0,100,Buy,223813725
2024-07-17 13:55:58,24750.0,5000,Buy,223813746
2024-07-17 13:55:58,24750.0,1100,Buy,223813745
2024-07-17 13:55:58,24750.0,400,Buy,223813744
2024-07-17 13:55:58,24750.0,1000,Buy,223813743
2024-07-17 13:55:58,24750.0,1900,Buy,223813742
2024-07-17 13:55:58,24750.0,100,Buy,223813741
2024-07-17 13:55:58,24750.0,100,Buy,223813740
2024-07-17 13:55:58,24750.0,2000,Buy,223813739
2024-07-17 13:55:58,24750.0,300,Buy,223813738
2024-07-17 13:55:58,24750.0,100,Buy,223813737
2024-07-17 13:55:58,24750.0,400,Buy,223813758
2024-07-17 13:55:58,24750.0,100,Buy,223813736
2024-07-17 13:55:58,24750.0,100,Buy,223813735
2024-07-17 13:55:58,24750.0,100,Buy,223813734
2024-07-17 13:55:58,24750.0,1000,Buy,223813733
2024-07-17 13:55:58,24750.0,7000,Buy,223813732
2024-07-17 13:55:58,24750.0,2000,Buy,223813731
2024-07-17 13:55:58,24750.0,100,Buy,223813730
2024-07-17 13:55:58,24750.0,500,Buy,223813729
2024-07-17 13:55:58,24750.0,300,Buy,223813728
2024-07-17 13:55:58,24750.0,2000,Buy,223813727
2024-07-17 13:55:59,24750.0,100,Buy,223813881
2024-07-17 13:55:59,24750.0,3000,Buy,223813823
2024-07-17 13:56:00,24750.0,17000,Buy,223813910
2024-07-17 13:56:00,24700.0,200,Sell,223813918
2024-07-17 13:56:00,24750.0,5000,Buy,223813922
2024-07-17 13:56:01,24750.0,200,Buy,223813953
2024-07-17 13:56:02,24750.0,100,Buy,223813964
2024-07-17 13:56:02,24750.0,5000,Buy,223813981
2024-07-17 13:56:03,24750.0,1500,Buy,223814072
2024-07-17 13:56:03,24750.0,1000,Buy,223814071
2024-07-17 13:56:03,24750.0,23700,Buy,223814070
2024-07-17 13:56:03,24750.0,500,Buy,223813992
2024-07-17 13:56:03,24750.0,100,Buy,223814062
2024-07-17 13:56:03,24750.0,20000,Buy,223813993
2024-07-17 13:56:03,24750.0,2300,Buy,223814069
2024-07-17 13:56:04,24750.0,6300,Buy,223814078
2024-07-17 13:56:04,24700.0,3000,Sell,223814104
2024-07-17 13:56:05,24750.0,2300,Buy,223814120
2024-07-17 13:56:05,24750.0,500,Buy,223814138
2024-07-17 13:56:05,24750.0,5000,Buy,223814137
2024-07-17 13:56:05,24750.0,5000,Buy,223814136
2024-07-17 13:56:05,24750.0,100,Buy,223814134
2024-07-17 13:56:05,24750.0,1000,Buy,223814132
2024-07-17 13:56:05,24750.0,200,Buy,223814135
2024-07-17 13:56:05,24750.0,200,Buy,223814130
2024-07-17 13:56:05,24750.0,100,Buy,223814129
2024-07-17 13:56:05,24750.0,100,Buy,223814128
2024-07-17 13:56:05,24750.0,400,Buy,223814127
2024-07-17 13:56:05,24750.0,500,Buy,223814122
2024-07-17 13:56:05,24750.0,1400,Buy,223814121
2024-07-17 13:56:05,24750.0,2000,Buy,223814131
2024-07-17 13:56:05,24750.0,300,Buy,223814133
2024-07-17 13:56:06,24750.0,3100,Sell,223814180
2024-07-17 13:56:06,24750.0,300,Sell,223814195
2024-07-17 13:56:06,24750.0,3600,Sell,223814196
2024-07-17 13:56:06,24750.0,1500,Sell,223814197
2024-07-17 13:56:07,24750.0,900,Sell,223814226
2024-07-17 13:56:10,24750.0,500,Sell,223814347
2024-07-17 13:56:10,24750.0,100,Sell,223814332
2024-07-17 13:56:11,24750.0,2800,Sell,223814371
2024-07-17 13:56:12,24800.0,500,Buy,223814394
2024-07-17 13:56:13,24750.0,100,Sell,223814428
2024-07-17 13:56:14,24800.0,1000,Buy,223814455
2024-07-17 13:56:14,24800.0,2000,Buy,223814435
2024-07-17 13:56:16,24750.0,100,Sell,223814526
2024-07-17 13:56:17,24800.0,100,Buy,223814541
2024-07-17 13:56:18,24800.0,1000,Buy,223814629
2024-07-17 13:56:22,24750.0,500,Sell,223814804
2024-07-17 13:56:24,24750.0,2100,Sell,223814847
2024-07-17 13:56:27,24750.0,4000,Sell,223814953
2024-07-17 13:56:28,24750.0,1600,Sell,223815015
2024-07-17 13:56:28,24800.0,900,Buy,223815026
2024-07-17 13:56:28,24800.0,2100,Buy,223815027
2024-07-17 13:56:28,24750.0,200,Sell,223815036
2024-07-17 13:56:29,24750.0,100,Sell,223815073
2024-07-17 13:56:32,24800.0,10000,Buy,223815193
2024-07-17 13:56:33,24800.0,1700,Buy,223815239
2024-07-17 13:56:33,24750.0,500,Sell,223815256
2024-07-17 13:56:34,24800.0,200,Buy,223815295
2024-07-17 13:56:34,24750.0,7200,Sell,223815298
2024-07-17 13:56:34,24800.0,900,Buy,223815297
2024-07-17 13:56:34,24800.0,100,Buy,223815296
2024-07-17 13:56:34,24800.0,300,Buy,223815294
2024-07-17 13:56:34,24800.0,500,Buy,223815290
2024-07-17 13:56:34,24800.0,100,Buy,223815292
2024-07-17 13:56:34,24800.0,100,Buy,223815291
2024-07-17 13:56:34,24800.0,2000,Buy,223815289
2024-07-17 13:56:34,24800.0,600,Buy,223815288
2024-07-17 13:56:34,24800.0,200,Buy,223815293
2024-07-17 13:56:35,24750.0,500,Sell,223815327
2024-07-17 13:56:37,24800.0,300,Buy,223815477
2024-07-17 13:56:37,24800.0,100,Buy,223815480
2024-07-17 13:56:37,24800.0,1000,Buy,223815479
2024-07-17 13:56:37,24800.0,1000,Buy,223815478
2024-07-17 13:56:37,24800.0,1000,Buy,223815475
2024-07-17 13:56:37,24800.0,500,Buy,223815476
2024-07-17 13:56:37,24800.0,100,Buy,223815474
2024-07-17 13:56:37,24800.0,800,Buy,223815473
2024-07-17 13:56:37,24800.0,500,Buy,223815472
2024-07-17 13:56:37,24800.0,100,Buy,223815471
2024-07-17 13:56:37,24800.0,3000,Buy,223815470
2024-07-17 13:56:37,24800.0,1100,Buy,223815469
2024-07-17 13:56:39,24750.0,700,Sell,223815560
2024-07-17 13:56:40,24800.0,700,Buy,223815592
2024-07-17 13:56:40,24800.0,200,Buy,223815583
2024-07-17 13:56:40,24800.0,700,Buy,223815591
2024-07-17 13:56:42,24800.0,400,Buy,223815663
2024-07-17 13:56:42,24800.0,4000,Buy,223815664
2024-07-17 13:56:42,24800.0,100,Buy,223815665
2024-07-17 13:56:42,24800.0,500,Buy,223815666
2024-07-17 13:56:43,24750.0,300,Sell,223815719
2024-07-17 13:56:46,24750.0,200,Sell,223815832
2024-07-17 13:56:47,24800.0,900,Buy,223815856
2024-07-17 13:56:48,24800.0,800,Buy,223815870
2024-07-17 13:56:49,24800.0,4800,Buy,223815907
2024-07-17 13:56:49,24750.0,10000,Sell,223815950
2024-07-17 13:56:49,24800.0,2000,Buy,223815906
2024-07-17 13:56:50,24800.0,200,Buy,223815997
2024-07-17 13:56:50,24800.0,200,Buy,223815998
2024-07-17 13:56:50,24800.0,100,Buy,223815999
2024-07-17 13:56:51,24800.0,500,Buy,223816046
2024-07-17 13:56:51,24800.0,200,Buy,223816047
2024-07-17 13:56:51,24800.0,100,Buy,223816048
2024-07-17 13:56:51,24800.0,400,Buy,223816049
2024-07-17 13:56:51,24800.0,1000,Buy,223816045
2024-07-17 13:56:51,24800.0,2000,Buy,223816051
2024-07-17 13:56:51,24800.0,1000,Buy,223816056
2024-07-17 13:56:51,24800.0,1000,Buy,223816057
2024-07-17 13:56:51,24800.0,500,Buy,223816050
2024-07-17 13:56:51,24800.0,100,Buy,223816044
2024-07-17 13:56:51,24800.0,1000,Buy,223816053
2024-07-17 13:56:51,24800.0,1000,Buy,223816042
2024-07-17 13:56:51,24800.0,5000,Buy,223816043
2024-07-17 13:56:51,24800.0,100,Buy,223816007
2024-07-17 13:56:51,24750.0,100,Sell,223816009
2024-07-17 13:56:51,24800.0,100,Buy,223816035
2024-07-17 13:56:51,24800.0,1000,Buy,223816036
2024-07-17 13:56:51,24800.0,300,Buy,223816052
2024-07-17 13:56:51,24800.0,1000,Buy,223816037
2024-07-17 13:56:51,24800.0,5000,Buy,223816038
2024-07-17 13:56:51,24800.0,200,Buy,223816039
2024-07-17 13:56:51,24800.0,13000,Buy,223816040
2024-07-17 13:56:51,24800.0,14400,Buy,223816041
2024-07-17 13:56:52,24800.0,100,Buy,223816059
2024-07-17 13:56:52,24800.0,100,Buy,223816060
2024-07-17 13:56:52,24800.0,200,Buy,223816061
2024-07-17 13:56:52,24800.0,800,Buy,223816062
2024-07-17 13:56:53,24800.0,1200,Buy,223816154
2024-07-17 13:56:53,24750.0,300,Sell,223816122
2024-07-17 13:56:53,24750.0,2000,Sell,223816118
2024-07-17 13:56:55,24750.0,500,Sell,223816235
2024-07-17 13:56:57,24800.0,5000,Buy,223816314
2024-07-17 13:56:57,24800.0,400,Buy,223816321
2024-07-17 13:56:58,24750.0,3000,Sell,223816369
2024-07-17 13:56:58,24800.0,8100,Buy,223816365
2024-07-17 13:56:58,24800.0,100,Buy,223816364
2024-07-17 13:56:58,24800.0,500,Buy,223816363
2024-07-17 13:56:58,24800.0,200,Buy,223816362
2024-07-17 13:56:58,24800.0,1000,Buy,223816360
2024-07-17 13:56:58,24800.0,5000,Buy,223816358
2024-07-17 13:56:58,24800.0,500,Buy,223816357
2024-07-17 13:56:58,24800.0,100,Buy,223816340
2024-07-17 13:56:58,24800.0,100,Buy,223816361
2024-07-17 13:56:58,24800.0,4500,Buy,223816359
2024-07-17 13:56:59,24800.0,1900,Buy,223816385
2024-07-17 13:56:59,24800.0,1000,Buy,223816386
2024-07-17 13:56:59,24800.0,100,Buy,223816387
2024-07-17 13:56:59,24800.0,100,Buy,223816388
2024-07-17 13:56:59,24800.0,100,Buy,223816389
2024-07-17 13:56:59,24800.0,1800,Buy,223816390
2024-07-17 13:56:59,24800.0,500,Buy,223816391
2024-07-17 13:57:00,24800.0,2300,Buy,223816470
2024-07-17 13:57:00,24800.0,47700,Buy,223816469
2024-07-17 13:57:01,24800.0,100,Buy,223816607
2024-07-17 13:57:01,24800.0,200,Buy,223816602
2024-07-17 13:57:01,24800.0,200,Buy,223816600
2024-07-17 13:57:01,24750.0,300,Sell,223816560
2024-07-17 13:57:01,24800.0,200,Buy,223816601
2024-07-17 13:57:03,24750.0,500,Sell,223816691
2024-07-17 13:57:05,24800.0,2000,Buy,223816777
2024-07-17 13:57:07,24800.0,500,Buy,223816853
2024-07-17 13:57:07,24800.0,1000,Buy,223816864
2024-07-17 13:57:08,24800.0,1000,Buy,223816974
2024-07-17 13:57:08,24800.0,2500,Buy,223816975
2024-07-17 13:57:08,24800.0,1000,Buy,223816976
2024-07-17 13:57:08,24800.0,2000,Buy,223816977
2024-07-17 13:57:08,24800.0,1000,Buy,223816978
2024-07-17 13:57:08,24800.0,100,Buy,223816979
2024-07-17 13:57:08,24800.0,300,Buy,223816982
2024-07-17 13:57:08,24800.0,500,Buy,223816981
2024-07-17 13:57:08,24800.0,1500,Buy,223816983
2024-07-17 13:57:08,24800.0,200,Buy,223816984
2024-07-17 13:57:08,24800.0,100,Buy,223816985
2024-07-17 13:57:08,24800.0,5000,Buy,223816986
2024-07-17 13:57:08,24800.0,17500,Buy,223816987
2024-07-17 13:57:08,24800.0,1000,Buy,223816980
2024-07-17 13:57:08,24800.0,100,Buy,223816973
2024-07-17 13:57:08,24800.0,5000,Buy,223816971
2024-07-17 13:57:08,24800.0,300,Buy,223816970
2024-07-17 13:57:08,24750.0,500,Sell,223816882
2024-07-17 13:57:08,24800.0,300,Buy,223816933
2024-07-17 13:57:08,24800.0,3200,Buy,223816959
2024-07-17 13:57:08,24800.0,300,Buy,223816960
2024-07-17 13:57:08,24800.0,300,Buy,223816961
2024-07-17 13:57:08,24800.0,100,Buy,223816972
2024-07-17 13:57:08,24800.0,2000,Buy,223816962
2024-07-17 13:57:08,24800.0,1000,Buy,223816964
2024-07-17 13:57:08,24800.0,1000,Buy,223816965
2024-07-17 13:57:08,24800.0,500,Buy,223816966
2024-07-17 13:57:08,24800.0,200,Buy,223816967
2024-07-17 13:57:08,24800.0,1000,Buy,223816968
2024-07-17 13:57:08,24800.0,1000,Buy,223816969
2024-07-17 13:57:08,24800.0,300,Buy,223816963
2024-07-17 13:57:12,24800.0,400,Buy,223817154
2024-07-17 13:57:12,24800.0,2100,Buy,223817161
2024-07-17 13:57:12,24800.0,300,Buy,223817162
2024-07-17 13:57:13,24750.0,500,Sell,223817201
2024-07-17 13:57:13,24800.0,6900,Buy,223817197
2024-07-17 13:57:14,24800.0,300,Buy,223817225
2024-07-17 13:57:15,24800.0,2100,Buy,223817253
2024-07-17 13:57:15,24800.0,1800,Buy,223817314
2024-07-17 13:57:15,24800.0,27200,Buy,223817256
2024-07-17 13:57:15,24800.0,400,Buy,223817252
2024-07-17 13:57:15,24800.0,200,Buy,223817254
2024-07-17 13:57:15,24800.0,500,Buy,223817255
2024-07-17 13:57:16,24750.0,7600,Sell,223817411
2024-07-17 13:57:17,24800.0,500,Buy,223817451
2024-07-17 13:57:18,24750.0,100,Sell,223817466
2024-07-17 13:57:18,24750.0,500,Sell,223817592
2024-07-17 13:57:20,24800.0,13100,Buy,223817653
2024-07-17 13:57:21,24750.0,500,Sell,223817674
2024-07-17 13:57:21,24800.0,4000,Buy,223817675
2024-07-17 13:57:22,24800.0,800,Buy,223817721
2024-07-17 13:57:22,24800.0,3400,Buy,223817720
2024-07-17 13:57:23,24750.0,2000,Sell,223817765
2024-07-17 13:57:23,24800.0,300,Buy,223817766
2024-07-17 13:57:24,24800.0,2000,Buy,223817797
2024-07-17 13:57:24,24750.0,500,Sell,223817813
2024-07-17 13:57:25,24800.0,1000,Buy,223817897
2024-07-17 13:57:25,24800.0,500,Buy,223817883
2024-07-17 13:57:25,24800.0,2400,Buy,223817882
2024-07-17 13:57:25,24800.0,300,Buy,223817881
2024-07-17 13:57:25,24800.0,1800,Buy,223817880
2024-07-17 13:57:25,24800.0,1900,Buy,223817876
2024-07-17 13:57:25,24800.0,300,Buy,223817878
2024-07-17 13:57:25,24800.0,3000,Buy,223817877
2024-07-17 13:57:25,24750.0,1000,Sell,223817850
2024-07-17 13:57:25,24800.0,300,Buy,223817879
2024-07-17 13:57:25,24750.0,11200,Sell,223817841
2024-07-17 13:57:26,24800.0,100,Buy,223817928
2024-07-17 13:57:26,24800.0,1900,Buy,223817929
2024-07-17 13:57:26,24750.0,100,Sell,223817933
2024-07-17 13:57:27,24800.0,400,Buy,223817956
2024-07-17 13:57:28,24750.0,500,Sell,223818040
2024-07-17 13:57:28,24750.0,500,Sell,223818005
2024-07-17 13:57:28,24800.0,2600,Buy,223818029
2024-07-17 13:57:29,24800.0,500,Buy,223818077
2024-07-17 13:57:30,24750.0,100,Sell,223818128
2024-07-17 13:57:31,24800.0,10000,Buy,223818165
2024-07-17 13:57:31,24800.0,3000,Buy,223818203
2024-07-17 13:57:31,24800.0,100,Buy,223818204
2024-07-17 13:57:32,24750.0,500,Sell,223818225
2024-07-17 13:57:32,24750.0,4000,Sell,223818239
2024-07-17 13:57:32,24750.0,300,Sell,223818292
2024-07-17 13:57:33,24750.0,100,Sell,223818309
2024-07-17 13:57:34,24800.0,3000,Buy,223818374
2024-07-17 13:57:34,24750.0,500,Sell,223818382
2024-07-17 13:57:34,24800.0,2000,Buy,223818387
2024-07-17 13:57:34,24750.0,100,Sell,223818388
2024-07-17 13:57:36,24800.0,1800,Buy,223818460
2024-07-17 13:57:36,24800.0,1000,Buy,223818454
2024-07-17 13:57:36,24800.0,800,Buy,223818453
2024-07-17 13:57:36,24800.0,1600,Buy,223818455
2024-07-17 13:57:36,24800.0,2000,Buy,223818443
2024-07-17 13:57:36,24800.0,8900,Buy,223818437
2024-07-17 13:57:36,24800.0,5000,Buy,223818432
2024-07-17 13:57:36,24800.0,10600,Buy,223818452
2024-07-17 13:57:37,24750.0,39400,Sell,223818558
2024-07-17 13:57:37,24750.0,200,Sell,223818557
2024-07-17 13:57:37,24750.0,2000,Sell,223818556
2024-07-17 13:57:37,24750.0,500,Sell,223818555
2024-07-17 13:57:37,24750.0,200,Sell,223818554
2024-07-17 13:57:37,24750.0,2700,Sell,223818553
2024-07-17 13:57:37,24750.0,2500,Sell,223818551
2024-07-17 13:57:37,24750.0,40000,Sell,223818550
2024-07-17 13:57:37,24750.0,3000,Sell,223818549
2024-07-17 13:57:37,24750.0,100,Sell,223818548
2024-07-17 13:57:37,24750.0,6400,Sell,223818547
2024-07-17 13:57:37,24750.0,3000,Sell,223818552
2024-07-17 13:57:38,24750.0,3000,Sell,223818584
2024-07-17 13:57:40,24800.0,1000,Buy,223818727
2024-07-17 13:57:40,24750.0,100,Sell,223818753
2024-07-17 13:57:41,24800.0,1000,Buy,223818796
2024-07-17 13:57:41,24800.0,24500,Buy,223818798
2024-07-17 13:57:41,24800.0,5300,Buy,223818794
2024-07-17 13:57:41,24800.0,200,Buy,223818795
2024-07-17 13:57:41,24800.0,5000,Buy,223818797
2024-07-17 13:57:41,24800.0,300,Buy,223818793
2024-07-17 13:57:43,24800.0,4000,Buy,223818933
2024-07-17 13:57:43,24800.0,2500,Buy,223818978
2024-07-17 13:57:46,24800.0,9300,Buy,223819082
2024-07-17 13:57:47,24800.0,500,Buy,223819158
2024-07-17 13:57:47,24800.0,3000,Buy,223819159
2024-07-17 13:57:47,24800.0,300,Buy,223819160
2024-07-17 13:57:47,24800.0,2000,Buy,223819161
2024-07-17 13:57:47,24800.0,1700,Buy,223819162
2024-07-17 13:57:47,24800.0,10000,Buy,223819164
2024-07-17 13:57:47,24800.0,500,Buy,223819165
2024-07-17 13:57:47,24800.0,1000,Buy,223819171
2024-07-17 13:57:47,24800.0,200,Buy,223819172
2024-07-17 13:57:47,24800.0,100,Buy,223819173
2024-07-17 13:57:47,24800.0,1000,Buy,223819174
2024-07-17 13:57:47,24800.0,5000,Buy,223819163
2024-07-17 13:57:47,24800.0,700,Buy,223819156
2024-07-17 13:57:47,24800.0,200,Buy,223819157
2024-07-17 13:57:47,24800.0,1200,Buy,223819154
2024-07-17 13:57:47,24800.0,9700,Buy,223819142
2024-07-17 13:57:47,24800.0,1500,Buy,223819143
2024-07-17 13:57:47,24800.0,200,Buy,223819144
2024-07-17 13:57:47,24800.0,500,Buy,223819155
2024-07-17 13:57:47,24800.0,100,Buy,223819146
2024-07-17 13:57:47,24800.0,200,Buy,223819147
2024-07-17 13:57:47,24800.0,10000,Buy,223819145
2024-07-17 13:57:47,24800.0,100,Buy,223819149
2024-07-17 13:57:47,24800.0,100,Buy,223819150
2024-07-17 13:57:47,24800.0,100,Buy,223819151
2024-07-17 13:57:47,24800.0,1000,Buy,223819152
2024-07-17 13:57:47,24800.0,100,Buy,223819153
2024-07-17 13:57:47,24800.0,2000,Buy,223819148
2024-07-17 13:57:48,24800.0,500,Buy,223819190
2024-07-17 13:57:48,24800.0,300,Buy,223819218
2024-07-17 13:57:49,24800.0,1400,Buy,223819251
2024-07-17 13:57:50,24800.0,200,Buy,223819306
2024-07-17 13:57:50,24800.0,200,Buy,223819304
2024-07-17 13:57:50,24800.0,100,Buy,223819305
2024-07-17 13:57:50,24800.0,500,Buy,223819281
2024-07-17 13:57:50,24800.0,700,Buy,223819282
2024-07-17 13:57:50,24750.0,3000,Sell,223819271
2024-07-17 13:57:51,24800.0,100,Buy,223819346
2024-07-17 13:57:52,24800.0,800,Buy,223819406
2024-07-17 13:57:52,24800.0,800,Buy,223819405
2024-07-17 13:57:52,24800.0,200,Buy,223819404
2024-07-17 13:57:52,24800.0,300,Buy,223819401
2024-07-17 13:57:52,24800.0,200,Buy,223819400
2024-07-17 13:57:52,24800.0,4800,Buy,223819399
2024-07-17 13:57:52,24800.0,1000,Buy,223819398
2024-07-17 13:57:52,24800.0,800,Buy,223819397
2024-07-17 13:57:52,24800.0,200,Buy,223819396
2024-07-17 13:57:52,24800.0,300,Buy,223819403
2024-07-17 13:57:52,24800.0,500,Buy,223819394
2024-07-17 13:57:52,24800.0,1000,Buy,223819395
2024-07-17 13:57:52,24800.0,100,Buy,223819360
2024-07-17 13:57:52,24750.0,2100,Sell,223819364
2024-07-17 13:57:52,24800.0,1300,Buy,223819365
2024-07-17 13:57:52,24800.0,100,Buy,223819366
2024-07-17 13:57:52,24800.0,900,Buy,223819402
2024-07-17 13:57:52,24800.0,400,Buy,223819390
2024-07-17 13:57:52,24800.0,100,Buy,223819391
2024-07-17 13:57:52,24800.0,1000,Buy,223819392
2024-07-17 13:57:52,24800.0,200,Buy,223819393
2024-07-17 13:57:53,24800.0,200,Buy,223819443
2024-07-17 13:57:53,24800.0,300,Buy,223819442
2024-07-17 13:57:53,24800.0,1200,Buy,223819440
2024-07-17 13:57:53,24800.0,1500,Buy,223819441
2024-07-17 13:57:54,24800.0,100,Buy,223819459
2024-07-17 13:57:54,24800.0,100,Buy,223819461
2024-07-17 13:57:54,24800.0,700,Buy,223819462
2024-07-17 13:57:54,24800.0,100,Buy,223819460
2024-07-17 13:57:55,24800.0,100,Buy,223819588
2024-07-17 13:57:56,24800.0,3200,Buy,223819617
2024-07-17 13:57:56,24800.0,300,Buy,223819618
2024-07-17 13:57:56,24800.0,1500,Buy,223819619
2024-07-17 13:57:56,24750.0,3000,Sell,223819648
2024-07-17 13:57:57,24800.0,1000,Buy,223819693
2024-07-17 13:57:57,24800.0,1000,Buy,223819692
2024-07-17 13:57:57,24750.0,500,Sell,223819675
2024-07-17 13:57:58,24800.0,1000,Buy,223819724
2024-07-17 13:57:58,24800.0,10900,Buy,223819772
2024-07-17 13:57:58,24800.0,200,Buy,223819771
2024-07-17 13:57:58,24800.0,5000,Buy,223819770
2024-07-17 13:57:58,24800.0,10000,Buy,223819769
2024-07-17 13:57:58,24800.0,3000,Buy,223819768
2024-07-17 13:57:58,24800.0,500,Buy,223819767
2024-07-17 13:57:58,24800.0,1000,Buy,223819766
2024-07-17 13:57:58,24800.0,800,Buy,223819765
2024-07-17 13:57:58,24800.0,1000,Buy,223819764
2024-07-17 13:57:58,24800.0,500,Buy,223819762
2024-07-17 13:57:58,24800.0,1000,Buy,223819763
2024-07-17 13:57:58,24800.0,200,Buy,223819760
2024-07-17 13:57:58,24800.0,5000,Buy,223819725
2024-07-17 13:57:58,24800.0,100,Buy,223819726
2024-07-17 13:57:58,24800.0,500,Buy,223819727
2024-07-17 13:57:58,24800.0,1000,Buy,223819761
2024-07-17 13:57:58,24800.0,100,Buy,223819729
2024-07-17 13:57:58,24800.0,400,Buy,223819728
2024-07-17 13:57:58,24800.0,800,Buy,223819731
2024-07-17 13:57:58,24800.0,1300,Buy,223819757
2024-07-17 13:57:58,24800.0,5000,Buy,223819758
2024-07-17 13:57:58,24800.0,400,Buy,223819759
2024-07-17 13:57:58,24800.0,500,Buy,223819730
2024-07-17 13:57:59,24800.0,1400,Buy,223819831
2024-07-17 13:58:00,24800.0,11000,Buy,223819845
2024-07-17 13:58:00,24800.0,4000,Buy,223819862
2024-07-17 13:58:01,24800.0,5000,Buy,223819977
2024-07-17 13:58:01,24800.0,200,Buy,223819949
2024-07-17 13:58:01,24800.0,1000,Buy,223819971
2024-07-17 13:58:01,24800.0,3000,Buy,223819933
2024-07-17 13:58:01,24800.0,100,Buy,223819932
2024-07-17 13:58:01,24800.0,2200,Buy,223819934
2024-07-17 13:58:01,24800.0,2700,Buy,223819931
2024-07-17 13:58:02,24800.0,300,Buy,223819999
2024-07-17 13:58:02,24800.0,200,Buy,223820000
2024-07-17 13:58:02,24800.0,100,Buy,223820001
2024-07-17 13:58:02,24800.0,300,Buy,223820002
2024-07-17 13:58:02,24800.0,1000,Buy,223820003
2024-07-17 13:58:02,24800.0,1000,Buy,223820034
2024-07-17 13:58:02,24800.0,200,Buy,223820005
2024-07-17 13:58:02,24800.0,800,Buy,223820006
2024-07-17 13:58:02,24800.0,500,Buy,223820007
2024-07-17 13:58:02,24800.0,700,Buy,223820008
2024-07-17 13:58:02,24800.0,100,Buy,223820024
2024-07-17 13:58:02,24800.0,200,Buy,223820026
2024-07-17 13:58:02,24800.0,100,Buy,223820027
2024-07-17 13:58:02,24800.0,200,Buy,223820004
2024-07-17 13:58:03,24800.0,100,Buy,223820070
2024-07-17 13:58:03,24800.0,400,Buy,223820096
2024-07-17 13:58:04,24800.0,400,Buy,223820113
2024-07-17 13:58:04,24800.0,100,Buy,223820114
2024-07-17 13:58:04,24800.0,100,Buy,223820115
2024-07-17 13:58:04,24800.0,100,Buy,223820116
2024-07-17 13:58:04,24800.0,200,Buy,223820117
2024-07-17 13:58:04,24800.0,800,Buy,223820141
2024-07-17 13:58:04,24800.0,400,Buy,223820142
2024-07-17 13:58:04,24800.0,100,Buy,223820143
2024-07-17 13:58:04,24800.0,700,Buy,223820144
2024-07-17 13:58:05,24750.0,10000,Sell,223820235
2024-07-17 13:58:05,24800.0,1100,Buy,223820239
2024-07-17 13:58:05,24800.0,900,Buy,223820238
2024-07-17 13:58:05,24800.0,9100,Buy,223820237
2024-07-17 13:58:05,24800.0,900,Buy,223820236
2024-07-17 13:58:05,24750.0,500,Sell,223820202
2024-07-17 13:58:05,24800.0,7500,Buy,223820155
2024-07-17 13:58:05,24750.0,1500,Sell,223820164
2024-07-17 13:58:05,24800.0,1000,Buy,223820195
2024-07-17 13:58:05,24800.0,10000,Buy,223820154
2024-07-17 13:58:05,24800.0,1300,Buy,223820153
2024-07-17 13:58:05,24800.0,100,Buy,223820161
2024-07-17 13:58:05,24800.0,500,Buy,223820163
2024-07-17 13:58:06,24800.0,9000,Buy,223820281
2024-07-17 13:58:06,24800.0,600,Buy,223820255
2024-07-17 13:58:06,24800.0,300,Buy,223820253
2024-07-17 13:58:06,24800.0,2000,Buy,223820251
2024-07-17 13:58:06,24800.0,3000,Buy,223820254
2024-07-17 13:58:06,24800.0,100,Buy,223820249
2024-07-17 13:58:06,24800.0,500,Buy,223820248
2024-07-17 13:58:06,24800.0,200,Buy,223820247
2024-07-17 13:58:06,24800.0,700,Buy,223820246
2024-07-17 13:58:06,24800.0,2500,Buy,223820250
2024-07-17 13:58:06,24800.0,100,Buy,223820252
2024-07-17 13:58:08,24800.0,600,Buy,223820401
2024-07-17 13:58:08,24800.0,500,Buy,223820407
2024-07-17 13:58:08,24800.0,100,Buy,223820406
2024-07-17 13:58:08,24800.0,2000,Buy,223820405
2024-07-17 13:58:08,24800.0,2000,Buy,223820404
2024-07-17 13:58:08,24800.0,100,Buy,223820403
2024-07-17 13:58:08,24800.0,1000,Buy,223820402
2024-07-17 13:58:08,24800.0,100,Buy,223820393
2024-07-17 13:58:08,24800.0,16100,Buy,223820399
2024-07-17 13:58:08,24800.0,500,Buy,223820398
2024-07-17 13:58:08,24800.0,600,Buy,223820397
2024-07-17 13:58:08,24800.0,200,Buy,223820396
2024-07-17 13:58:08,24800.0,900,Buy,223820395
2024-07-17 13:58:08,24800.0,300,Buy,223820394
2024-07-17 13:58:08,24800.0,200,Buy,223820408
2024-07-17 13:58:08,24800.0,1500,Buy,223820392
2024-07-17 13:58:08,24800.0,100,Buy,223820391
2024-07-17 13:58:08,24800.0,100,Buy,223820400
2024-07-17 13:58:08,24800.0,200,Buy,223820409
2024-07-17 13:58:08,24800.0,500,Buy,223820417
2024-07-17 13:58:08,24800.0,500,Buy,223820411
2024-07-17 13:58:08,24800.0,300,Buy,223820390
2024-07-17 13:58:08,24800.0,2000,Buy,223820433
2024-07-17 13:58:08,24800.0,12500,Buy,223820432
2024-07-17 13:58:08,24800.0,1000,Buy,223820427
2024-07-17 13:58:08,24800.0,500,Buy,223820426
2024-07-17 13:58:08,24800.0,500,Buy,223820425
2024-07-17 13:58:08,24800.0,2000,Buy,223820424
2024-07-17 13:58:08,24800.0,500,Buy,223820423
2024-07-17 13:58:08,24800.0,1000,Buy,223820422
2024-07-17 13:58:08,24800.0,1000,Buy,223820421
2024-07-17 13:58:08,24800.0,600,Buy,223820419
2024-07-17 13:58:08,24800.0,2000,Buy,223820418
2024-07-17 13:58:08,24800.0,300,Buy,223820416
2024-07-17 13:58:08,24800.0,1000,Buy,223820415
2024-07-17 13:58:08,24800.0,200,Buy,223820414
2024-07-17 13:58:08,24800.0,300,Buy,223820413
2024-07-17 13:58:08,24800.0,500,Buy,223820412
2024-07-17 13:58:08,24800.0,600,Buy,223820410
2024-07-17 13:58:08,24800.0,100,Buy,223820389
2024-07-17 13:58:08,24800.0,1000,Buy,223820420
2024-07-17 13:58:08,24800.0,100,Buy,223820386
2024-07-17 13:58:08,24800.0,500,Buy,223820363
2024-07-17 13:58:08,24800.0,1000,Buy,223820362
2024-07-17 13:58:08,24800.0,500,Buy,223820361
2024-07-17 13:58:08,24800.0,200,Buy,223820360
2024-07-17 13:58:08,24800.0,80000,Buy,223820359
2024-07-17 13:58:08,24800.0,2000,Buy,223820358
2024-07-17 13:58:08,24800.0,500,Buy,223820357
2024-07-17 13:58:08,24800.0,500,Buy,223820356
2024-07-17 13:58:08,24800.0,2000,Buy,223820364
2024-07-17 13:58:08,24800.0,200,Buy,223820354
2024-07-17 13:58:08,24800.0,15000,Buy,223820352
2024-07-17 13:58:08,24800.0,1000,Buy,223820351
2024-07-17 13:58:08,24800.0,100,Buy,223820350
2024-07-17 13:58:08,24800.0,10800,Buy,223820349
2024-07-17 13:58:08,24800.0,9000,Buy,223820348
2024-07-17 13:58:08,24800.0,1000,Buy,223820343
2024-07-17 13:58:08,24800.0,400,Buy,223820342
2024-07-17 13:58:08,24800.0,200,Buy,223820387
2024-07-17 13:58:08,24800.0,1000,Buy,223820353
2024-07-17 13:58:08,24800.0,100,Buy,223820365
2024-07-17 13:58:08,24800.0,800,Buy,223820355
2024-07-17 13:58:08,24800.0,5300,Buy,223820367
2024-07-17 13:58:08,24800.0,700,Buy,223820366
2024-07-17 13:58:08,24800.0,70000,Buy,223820385
2024-07-17 13:58:08,24800.0,1000,Buy,223820384
2024-07-17 13:58:08,24800.0,200,Buy,223820383
2024-07-17 13:58:08,24800.0,100,Buy,223820382
2024-07-17 13:58:08,24800.0,1000,Buy,223820381
2024-07-17 13:58:08,24800.0,5000,Buy,223820379
2024-07-17 13:58:08,24800.0,2600,Buy,223820378
2024-07-17 13:58:08,24800.0,100,Buy,223820377
2024-07-17 13:58:08,24800.0,2100,Buy,223820380
2024-07-17 13:58:08,24800.0,500,Buy,223820368
2024-07-17 13:58:08,24800.0,300,Buy,223820375
2024-07-17 13:58:08,24800.0,100,Buy,223820374
2024-07-17 13:58:08,24800.0,7700,Buy,223820373
2024-07-17 13:58:08,24800.0,1000,Buy,223820372
2024-07-17 13:58:08,24800.0,20000,Buy,223820371
2024-07-17 13:58:08,24800.0,300,Buy,223820370
2024-07-17 13:58:08,24800.0,2000,Buy,223820369
2024-07-17 13:58:08,24800.0,500,Buy,223820376
2024-07-17 13:58:09,24800.0,1000,Buy,223820475
2024-07-17 13:58:09,24800.0,2500,Buy,223820474
2024-07-17 13:58:09,24800.0,400,Buy,223820473
2024-07-17 13:58:09,24800.0,2200,Buy,223820472
2024-07-17 13:58:09,24800.0,1000,Buy,223820468
2024-07-17 13:58:09,24800.0,21600,Buy,223820470
2024-07-17 13:58:09,24800.0,500,Buy,223820469
2024-07-17 13:58:09,24800.0,4300,Buy,223820476
2024-07-17 13:58:09,24800.0,4000,Buy,223820471
2024-07-17 13:58:09,24800.0,100,Buy,223820477
2024-07-17 13:58:09,24800.0,4100,Buy,223820506
2024-07-17 13:58:09,24800.0,1000,Buy,223820479
2024-07-17 13:58:09,24800.0,500,Buy,223820480
2024-07-17 13:58:09,24800.0,5000,Buy,223820481
2024-07-17 13:58:09,24800.0,45000,Buy,223820482
2024-07-17 13:58:09,24800.0,500,Buy,223820483
2024-07-17 13:58:09,24800.0,83300,Buy,223820484
2024-07-17 13:58:09,24750.0,1100,Sell,223820486
2024-07-17 13:58:09,24800.0,1000,Buy,223820505
2024-07-17 13:58:09,24800.0,100,Buy,223820467
2024-07-17 13:58:09,24800.0,200,Buy,223820478
2024-07-17 13:58:09,24800.0,500,Buy,223820466
2024-07-17 13:58:09,24800.0,500,Buy,223820450
2024-07-17 13:58:09,24800.0,500,Buy,223820464
2024-07-17 13:58:09,24800.0,62500,Buy,223820442
2024-07-17 13:58:09,24800.0,200,Buy,223820443
2024-07-17 13:58:09,24800.0,300,Buy,223820444
2024-07-17 13:58:09,24800.0,500,Buy,223820445
2024-07-17 13:58:09,24800.0,300,Buy,223820446
2024-07-17 13:58:09,24800.0,500,Buy,223820447
2024-07-17 13:58:09,24800.0,300,Buy,223820465
2024-07-17 13:58:09,24800.0,1000,Buy,223820449
2024-07-17 13:58:09,24800.0,3300,Buy,223820451
2024-07-17 13:58:09,24800.0,200,Buy,223820452
2024-07-17 13:58:09,24800.0,500,Buy,223820448
2024-07-17 13:58:09,24800.0,100,Buy,223820454
2024-07-17 13:58:09,24800.0,300,Buy,223820455
2024-07-17 13:58:09,24800.0,10000,Buy,223820463
2024-07-17 13:58:09,24800.0,2000,Buy,223820456
2024-07-17 13:58:09,24800.0,25000,Buy,223820457
2024-07-17 13:58:09,24800.0,13100,Buy,223820458
2024-07-17 13:58:09,24800.0,100,Buy,223820459
2024-07-17 13:58:09,24800.0,4000,Buy,223820460
2024-07-17 13:58:09,24800.0,500,Buy,223820461
2024-07-17 13:58:09,24800.0,500,Buy,223820462
2024-07-17 13:58:09,24800.0,100,Buy,223820453
2024-07-17 13:58:10,24800.0,4600,Buy,223820543
2024-07-17 13:58:11,24800.0,100,Buy,223820615
2024-07-17 13:58:11,24800.0,5000,Buy,223820611
2024-07-17 13:58:11,24800.0,10200,Buy,223820610
2024-07-17 13:58:11,24800.0,200,Buy,223820609
2024-07-17 13:58:11,24800.0,1000,Buy,223820605
2024-07-17 13:58:11,24800.0,1000,Buy,223820608
2024-07-17 13:58:11,24800.0,200,Buy,223820607
2024-07-17 13:58:11,24800.0,200,Buy,223820606
2024-07-17 13:58:11,24800.0,3800,Buy,223820616
2024-07-17 13:58:11,24800.0,2000,Buy,223820604
2024-07-17 13:58:11,24800.0,8100,Buy,223820583
2024-07-17 13:58:11,24800.0,400,Buy,223820602
2024-07-17 13:58:11,24800.0,10000,Buy,223820564
2024-07-17 13:58:11,24800.0,100,Buy,223820603
2024-07-17 13:58:11,24800.0,1000,Buy,223820572
2024-07-17 13:58:11,24800.0,10000,Buy,223820573
2024-07-17 13:58:11,24800.0,800,Buy,223820565
2024-07-17 13:58:11,24800.0,100,Buy,223820598
2024-07-17 13:58:11,24800.0,24400,Buy,223820599
2024-07-17 13:58:11,24800.0,1000,Buy,223820600
2024-07-17 13:58:11,24800.0,4600,Buy,223820601
2024-07-17 13:58:11,24800.0,2600,Buy,223820580
2024-07-17 13:58:12,24800.0,200,Buy,223820623
2024-07-17 13:58:12,24800.0,200,Buy,223820624
2024-07-17 13:58:12,24800.0,100,Buy,223820625
2024-07-17 13:58:12,24800.0,10000,Buy,223820638
2024-07-17 13:58:12,24750.0,400,Sell,223820640
2024-07-17 13:58:12,24800.0,30000,Buy,223820669
2024-07-17 13:58:13,24800.0,2000,Buy,223820717
2024-07-17 13:58:13,24800.0,100,Buy,223820709
2024-07-17 13:58:13,24800.0,500,Buy,223820694
2024-07-17 13:58:13,24800.0,800,Buy,223820692
2024-07-17 13:58:14,24800.0,5000,Buy,223820727
2024-07-17 13:58:14,24800.0,5000,Buy,223820750
2024-07-17 13:58:14,24800.0,9100,Buy,223820751
2024-07-17 13:58:15,24800.0,3200,Buy,223820786
2024-07-17 13:58:15,24800.0,600,Buy,223820837
2024-07-17 13:58:16,24800.0,1000,Buy,223820885
2024-07-17 13:58:16,24800.0,1500,Buy,223820884
2024-07-17 13:58:16,24800.0,2000,Buy,223820875
2024-07-17 13:58:16,24750.0,500,Sell,223820860
2024-07-17 13:58:16,24800.0,9000,Buy,223820878
2024-07-17 13:58:17,24800.0,100,Buy,223820942
2024-07-17 13:58:17,24800.0,100,Buy,223820954
2024-07-17 13:58:17,24800.0,2000,Buy,223820953
2024-07-17 13:58:17,24800.0,100,Buy,223820945
2024-07-17 13:58:17,24800.0,100,Buy,223820944
2024-07-17 13:58:17,24800.0,900,Buy,223820943
2024-07-17 13:58:17,24800.0,200,Buy,223820941
2024-07-17 13:58:17,24800.0,300,Buy,223820946
2024-07-17 13:58:17,24800.0,3700,Buy,223820939
2024-07-17 13:58:17,24800.0,500,Buy,223820924
2024-07-17 13:58:17,24800.0,1000,Buy,223820923
2024-07-17 13:58:17,24800.0,700,Buy,223820911
2024-07-17 13:58:17,24800.0,100,Buy,223820910
2024-07-17 13:58:17,24800.0,200,Buy,223820909
2024-07-17 13:58:17,24800.0,400,Buy,223820907
2024-07-17 13:58:17,24800.0,100,Buy,223820940
2024-07-17 13:58:18,24750.0,100,Sell,223821009
2024-07-17 13:58:18,24800.0,300,Buy,223820998
2024-07-17 13:58:18,24800.0,100,Buy,223820996
2024-07-17 13:58:18,24800.0,100,Buy,223820995
2024-07-17 13:58:18,24800.0,100,Buy,223820994
2024-07-17 13:58:18,24800.0,500,Buy,223820997
2024-07-17 13:58:18,24800.0,200,Buy,223820992
2024-07-17 13:58:18,24800.0,1000,Buy,223820991
2024-07-17 13:58:18,24800.0,500,Buy,223820968
2024-07-17 13:58:18,24800.0,1000,Buy,223820962
2024-07-17 13:58:18,24800.0,200,Buy,223820993
2024-07-17 13:58:18,24800.0,100,Buy,223820961
2024-07-17 13:58:19,24800.0,200,Buy,223821082
2024-07-17 13:58:19,24800.0,100,Buy,223821081
2024-07-17 13:58:19,24800.0,100,Buy,223821080
2024-07-17 13:58:19,24800.0,100,Buy,223821079
2024-07-17 13:58:19,24800.0,1000,Buy,223821078
2024-07-17 13:58:19,24800.0,100,Buy,223821076
2024-07-17 13:58:19,24800.0,500,Buy,223821075
2024-07-17 13:58:19,24800.0,1000,Buy,223821074
2024-07-17 13:58:19,24800.0,100,Buy,223821073
2024-07-17 13:58:19,24800.0,100,Buy,223821072
2024-07-17 13:58:19,24800.0,500,Buy,223821083
2024-07-17 13:58:19,24800.0,500,Buy,223821077
2024-07-17 13:58:19,24800.0,100,Buy,223821084
2024-07-17 13:58:19,24800.0,5500,Buy,223821094
2024-07-17 13:58:19,24800.0,100,Buy,223821086
2024-07-17 13:58:19,24800.0,1000,Buy,223821087
2024-07-17 13:58:19,24800.0,100,Buy,223821088
2024-07-17 13:58:19,24800.0,1000,Buy,223821089
2024-07-17 13:58:19,24800.0,100,Buy,223821090
2024-07-17 13:58:19,24800.0,2500,Buy,223821091
2024-07-17 13:58:19,24800.0,300,Buy,223821092
2024-07-17 13:58:19,24800.0,200,Buy,223821093
2024-07-17 13:58:19,24800.0,2100,Buy,223821095
2024-07-17 13:58:19,24800.0,2000,Buy,223821096
2024-07-17 13:58:19,24800.0,4000,Buy,223821097
2024-07-17 13:58:19,24800.0,1000,Buy,223821098
2024-07-17 13:58:19,24800.0,100,Buy,223821071
2024-07-17 13:58:19,24800.0,200,Buy,223821085
2024-07-17 13:58:19,24800.0,400,Buy,223821070
2024-07-17 13:58:19,24800.0,100,Buy,223821040
2024-07-17 13:58:19,24800.0,1300,Buy,223821060
2024-07-17 13:58:19,24800.0,100,Buy,223821023
2024-07-17 13:58:19,24800.0,100,Buy,223821024
2024-07-17 13:58:19,24800.0,300,Buy,223821025
2024-07-17 13:58:19,24800.0,1000,Buy,223821026
2024-07-17 13:58:19,24800.0,5000,Buy,223821027
2024-07-17 13:58:19,24800.0,7700,Buy,223821028
2024-07-17 13:58:19,24800.0,500,Buy,223821029
2024-07-17 13:58:19,24800.0,100,Buy,223821030
2024-07-17 13:58:19,24800.0,500,Buy,223821031
2024-07-17 13:58:19,24800.0,800,Buy,223821032
2024-07-17 13:58:19,24800.0,100,Buy,223821033
2024-07-17 13:58:19,24800.0,500,Buy,223821034
2024-07-17 13:58:19,24800.0,100,Buy,223821035
2024-07-17 13:58:19,24800.0,3000,Buy,223821061
2024-07-17 13:58:19,24800.0,500,Buy,223821037
2024-07-17 13:58:19,24800.0,1000,Buy,223821058
2024-07-17 13:58:19,24800.0,14300,Buy,223821048
2024-07-17 13:58:19,24800.0,5000,Buy,223821047
2024-07-17 13:58:19,24800.0,1200,Buy,223821046
2024-07-17 13:58:19,24800.0,100,Buy,223821045
2024-07-17 13:58:19,24800.0,400,Buy,223821044
2024-07-17 13:58:19,24800.0,100,Buy,223821036
2024-07-17 13:58:19,24800.0,200,Buy,223821042
2024-07-17 13:58:19,24800.0,1000,Buy,223821041
2024-07-17 13:58:19,24800.0,1700,Buy,223821022
2024-07-17 13:58:19,24800.0,3000,Buy,223821039
2024-07-17 13:58:19,24800.0,500,Buy,223821038
2024-07-17 13:58:19,24800.0,100,Buy,223821043
2024-07-17 13:58:20,24800.0,2000,Buy,223821133
2024-07-17 13:58:20,24800.0,300,Buy,223821134
2024-07-17 13:58:20,24800.0,3000,Buy,223821127
2024-07-17 13:58:20,24800.0,100,Buy,223821126
2024-07-17 13:58:20,24800.0,100,Buy,223821132
2024-07-17 13:58:21,24800.0,3000,Buy,223821217
2024-07-17 13:58:21,24800.0,100,Buy,223821210
2024-07-17 13:58:21,24800.0,1000,Buy,223821211
2024-07-17 13:58:21,24800.0,500,Buy,223821212
2024-07-17 13:58:21,24800.0,200,Buy,223821213
2024-07-17 13:58:21,24800.0,5000,Buy,223821214
2024-07-17 13:58:21,24800.0,2000,Buy,223821215
2024-07-17 13:58:21,24800.0,3500,Buy,223821216
2024-07-17 13:58:21,24800.0,500,Buy,223821218
2024-07-17 13:58:21,24800.0,100,Buy,223821224
2024-07-17 13:58:21,24800.0,1100,Buy,223821220
2024-07-17 13:58:21,24800.0,200,Buy,223821221
2024-07-17 13:58:21,24800.0,100,Buy,223821222
2024-07-17 13:58:21,24800.0,100,Buy,223821223
2024-07-17 13:58:21,24800.0,5000,Buy,223821225
2024-07-17 13:58:21,24800.0,100,Buy,223821226
2024-07-17 13:58:21,24800.0,100,Buy,223821227
2024-07-17 13:58:21,24800.0,1000,Buy,223821209
2024-07-17 13:58:21,24800.0,100,Buy,223821229
2024-07-17 13:58:21,24800.0,20000,Buy,223821219
2024-07-17 13:58:21,24800.0,500,Buy,223821228
2024-07-17 13:58:21,24800.0,100,Buy,223821208
2024-07-17 13:58:21,24800.0,100,Buy,223821200
2024-07-17 13:58:21,24800.0,4600,Buy,223821145
2024-07-17 13:58:21,24800.0,500,Buy,223821201
2024-07-17 13:58:21,24750.0,2000,Sell,223821161
2024-07-17 13:58:21,24800.0,600,Buy,223821179
2024-07-17 13:58:21,24800.0,1400,Buy,223821180
2024-07-17 13:58:21,24800.0,5000,Buy,223821184
2024-07-17 13:58:21,24800.0,2000,Buy,223821185
2024-07-17 13:58:21,24800.0,500,Buy,223821186
2024-07-17 13:58:21,24800.0,400,Buy,223821187
2024-07-17 13:58:21,24800.0,100,Buy,223821188
2024-07-17 13:58:21,24800.0,400,Buy,223821146
2024-07-17 13:58:21,24800.0,2100,Buy,223821190
2024-07-17 13:58:21,24800.0,1000,Buy,223821189
2024-07-17 13:58:21,24800.0,500,Buy,223821199
2024-07-17 13:58:21,24800.0,500,Buy,223821198
2024-07-17 13:58:21,24800.0,400,Buy,223821197
2024-07-17 13:58:21,24800.0,100,Buy,223821196
2024-07-17 13:58:21,24800.0,100,Buy,223821194
2024-07-17 13:58:21,24800.0,100,Buy,223821193
2024-07-17 13:58:21,24800.0,1000,Buy,223821192
2024-07-17 13:58:21,24800.0,200,Buy,223821191
2024-07-17 13:58:21,24800.0,2000,Buy,223821195
2024-07-17 13:58:22,24800.0,500,Sell,223821274
2024-07-17 13:58:23,24850.0,200,Buy,223821321
2024-07-17 13:58:23,24800.0,2000,Sell,223821322
2024-07-17 13:58:24,24800.0,500,Sell,223821373
2024-07-17 13:58:25,24800.0,2000,Sell,223821387
2024-07-17 13:58:27,24800.0,500,Sell,223821491
2024-07-17 13:58:28,24800.0,2700,Sell,223821528
2024-07-17 13:58:28,24800.0,500,Sell,223821568
2024-07-17 13:58:29,24800.0,8600,Sell,223821607
2024-07-17 13:58:29,24800.0,11900,Sell,223821606
2024-07-17 13:58:29,24800.0,400,Sell,223821603
2024-07-17 13:58:29,24800.0,1000,Sell,223821604
2024-07-17 13:58:29,24800.0,100,Sell,223821605
2024-07-17 13:58:30,24850.0,1000,Buy,223821671
2024-07-17 13:58:31,24800.0,500,Sell,223821726
2024-07-17 13:58:32,24800.0,500,Sell,223821748
2024-07-17 13:58:32,24800.0,100,Sell,223821758
2024-07-17 13:58:34,24850.0,1000,Buy,223821888
2024-07-17 13:58:35,24800.0,500,Sell,223821913
2024-07-17 13:58:36,24800.0,300,Sell,223821936
2024-07-17 13:58:37,24800.0,1000,Sell,223822011
2024-07-17 13:58:37,24850.0,100,Buy,223821997
2024-07-17 13:58:38,24800.0,6000,Sell,223822028
2024-07-17 13:58:39,24850.0,1000,Buy,223822075
2024-07-17 13:58:39,24800.0,100,Sell,223822081
2024-07-17 13:58:40,24800.0,10000,Sell,223822134
2024-07-17 13:58:40,24800.0,3000,Sell,223822133
2024-07-17 13:58:40,24800.0,66100,Sell,223822127
2024-07-17 13:58:40,24800.0,1000,Sell,223822126
2024-07-17 13:58:40,24800.0,6600,Sell,223822125
2024-07-17 13:58:40,24800.0,5000,Sell,223822124
2024-07-17 13:58:40,24800.0,1000,Sell,223822123
2024-07-17 13:58:40,24800.0,4500,Sell,223822122
2024-07-17 13:58:40,24800.0,600,Sell,223822121
2024-07-17 13:58:40,24800.0,3000,Sell,223822120
2024-07-17 13:58:40,24800.0,5000,Sell,223822119
2024-07-17 13:58:40,24800.0,4800,Sell,223822118
2024-07-17 13:58:40,24800.0,2400,Sell,223822117
2024-07-17 13:58:41,24850.0,3100,Buy,223822179
2024-07-17 13:58:41,24850.0,1100,Buy,223822178
2024-07-17 13:58:41,24850.0,20000,Buy,223822214
2024-07-17 13:58:41,24850.0,2900,Buy,223822176
2024-07-17 13:58:41,24850.0,1000,Buy,223822175
2024-07-17 13:58:41,24850.0,1000,Buy,223822177
2024-07-17 13:58:41,24850.0,6100,Buy,223822174
2024-07-17 13:58:43,24850.0,34700,Buy,223822250
2024-07-17 13:58:43,24850.0,5000,Buy,223822251
2024-07-17 13:58:44,24850.0,2000,Buy,223822289
2024-07-17 13:58:44,24850.0,1200,Buy,223822309
2024-07-17 13:58:45,24800.0,300,Sell,223822337
2024-07-17 13:58:47,24800.0,1500,Sell,223822393
2024-07-17 13:58:47,24800.0,300,Sell,223822413
2024-07-17 13:58:47,24850.0,1500,Buy,223822425
2024-07-17 13:58:48,24850.0,5900,Buy,223822466
2024-07-17 13:58:48,24850.0,1000,Buy,223822450
2024-07-17 13:58:48,24850.0,6100,Buy,223822465
2024-07-17 13:58:49,24800.0,500,Sell,223822481
2024-07-17 13:58:50,24850.0,1000,Buy,223822526
2024-07-17 13:58:50,24850.0,3000,Buy,223822535
2024-07-17 13:58:50,24850.0,100,Buy,223822534
2024-07-17 13:58:50,24850.0,2000,Buy,223822533
2024-07-17 13:58:50,24850.0,2000,Buy,223822532
2024-07-17 13:58:50,24850.0,500,Buy,223822531
2024-07-17 13:58:50,24850.0,100,Buy,223822530
2024-07-17 13:58:50,24850.0,100,Buy,223822529
2024-07-17 13:58:50,24850.0,500,Buy,223822528
2024-07-17 13:58:50,24850.0,100,Buy,223822527
2024-07-17 13:58:50,24850.0,100,Buy,223822554
2024-07-17 13:58:50,24850.0,2200,Buy,223822525
2024-07-17 13:58:50,24850.0,1800,Buy,223822523
2024-07-17 13:58:50,24800.0,2100,Sell,223822524
2024-07-17 13:58:50,24850.0,2300,Buy,223822510
2024-07-17 13:58:50,24850.0,100,Buy,223822513
2024-07-17 13:58:50,24850.0,1000,Buy,223822514
2024-07-17 13:58:50,24850.0,1800,Buy,223822512
2024-07-17 13:58:50,24850.0,100,Buy,223822516
2024-07-17 13:58:50,24850.0,100,Buy,223822517
2024-07-17 13:58:50,24850.0,400,Buy,223822518
2024-07-17 13:58:50,24850.0,1000,Buy,223822519
2024-07-17 13:58:50,24850.0,500,Buy,223822515
2024-07-17 13:58:51,24850.0,2000,Buy,223822641
2024-07-17 13:58:51,24850.0,5000,Buy,223822646
2024-07-17 13:58:51,24850.0,100,Buy,223822645
2024-07-17 13:58:51,24850.0,500,Buy,223822644
2024-07-17 13:58:51,24850.0,1000,Buy,223822643
2024-07-17 13:58:51,24850.0,400,Buy,223822642
2024-07-17 13:58:51,24850.0,100,Buy,223822640
2024-07-17 13:58:51,24850.0,100,Buy,223822635
2024-07-17 13:58:51,24850.0,200,Buy,223822638
2024-07-17 13:58:51,24850.0,5000,Buy,223822637
2024-07-17 13:58:51,24850.0,800,Buy,223822636
2024-07-17 13:58:51,24850.0,3000,Buy,223822647
2024-07-17 13:58:51,24850.0,100,Buy,223822634
2024-07-17 13:58:51,24850.0,100,Buy,223822633
2024-07-17 13:58:51,24850.0,100,Buy,223822632
2024-07-17 13:58:51,24850.0,100,Buy,223822639
2024-07-17 13:58:51,24850.0,100,Buy,223822648
2024-07-17 13:58:51,24850.0,500,Buy,223822653
2024-07-17 13:58:51,24850.0,100,Buy,223822650
2024-07-17 13:58:51,24850.0,100,Buy,223822631
2024-07-17 13:58:51,24850.0,8400,Buy,223822676
2024-07-17 13:58:51,24850.0,9800,Buy,223822664
2024-07-17 13:58:51,24850.0,1000,Buy,223822663
2024-07-17 13:58:51,24850.0,300,Buy,223822662
2024-07-17 13:58:51,24850.0,1000,Buy,223822661
2024-07-17 13:58:51,24850.0,200,Buy,223822660
2024-07-17 13:58:51,24850.0,100,Buy,223822659
2024-07-17 13:58:51,24850.0,500,Buy,223822658
2024-07-17 13:58:51,24850.0,100,Buy,223822657
2024-07-17 13:58:51,24850.0,800,Buy,223822656
2024-07-17 13:58:51,24850.0,100,Buy,223822655
2024-07-17 13:58:51,24850.0,10000,Buy,223822654
2024-07-17 13:58:51,24850.0,500,Buy,223822652
2024-07-17 13:58:51,24850.0,500,Buy,223822651
2024-07-17 13:58:51,24850.0,21300,Buy,223822649
2024-07-17 13:58:51,24850.0,2000,Buy,223822630
2024-07-17 13:58:51,24850.0,100,Buy,223822611
2024-07-17 13:58:51,24850.0,100,Buy,223822628
2024-07-17 13:58:51,24850.0,200,Buy,223822606
2024-07-17 13:58:51,24850.0,10000,Buy,223822605
2024-07-17 13:58:51,24850.0,100,Buy,223822604
2024-07-17 13:58:51,24850.0,100,Buy,223822603
2024-07-17 13:58:51,24850.0,200,Buy,223822602
2024-07-17 13:58:51,24850.0,100,Buy,223822601
2024-07-17 13:58:51,24850.0,100,Buy,223822600
2024-07-17 13:58:51,24850.0,1200,Buy,223822599
2024-07-17 13:58:51,24850.0,100,Buy,223822598
2024-07-17 13:58:51,24850.0,3000,Buy,223822597
2024-07-17 13:58:51,24850.0,100,Buy,223822596
2024-07-17 13:58:51,24850.0,1000,Buy,223822595
2024-07-17 13:58:51,24850.0,200,Buy,223822594
2024-07-17 13:58:51,24850.0,100,Buy,223822593
2024-07-17 13:58:51,24850.0,100,Buy,223822629
2024-07-17 13:58:51,24850.0,200,Buy,223822608
2024-07-17 13:58:51,24850.0,100,Buy,223822609
2024-07-17 13:58:51,24850.0,300,Buy,223822607
2024-07-17 13:58:51,24850.0,1900,Buy,223822592
2024-07-17 13:58:51,24850.0,100,Buy,223822627
2024-07-17 13:58:51,24850.0,100,Buy,223822626
2024-07-17 13:58:51,24850.0,2100,Buy,223822625
2024-07-17 13:58:51,24850.0,100,Buy,223822624
2024-07-17 13:58:51,24850.0,1000,Buy,223822623
2024-07-17 13:58:51,24850.0,100,Buy,223822610
2024-07-17 13:58:51,24850.0,7000,Buy,223822621
2024-07-17 13:58:51,24850.0,7500,Buy,223822620
2024-07-17 13:58:51,24850.0,100,Buy,223822622
2024-07-17 13:58:51,24850.0,30000,Buy,223822618
2024-07-17 13:58:51,24850.0,100,Buy,223822617
2024-07-17 13:58:51,24850.0,500,Buy,223822616
2024-07-17 13:58:51,24850.0,500,Buy,223822615
2024-07-17 13:58:51,24850.0,200,Buy,223822614
2024-07-17 13:58:51,24850.0,5000,Buy,223822613
2024-07-17 13:58:51,24850.0,500,Buy,223822612
2024-07-17 13:58:51,24850.0,200,Buy,223822619
2024-07-17 13:58:52,24850.0,100,Buy,223822740
2024-07-17 13:58:52,24850.0,400,Buy,223822745
2024-07-17 13:58:52,24850.0,100,Buy,223822744
2024-07-17 13:58:52,24850.0,3000,Buy,223822743
2024-07-17 13:58:52,24850.0,500,Buy,223822742
2024-07-17 13:58:52,24850.0,100,Buy,223822741
2024-07-17 13:58:52,24850.0,100,Buy,223822739
2024-07-17 13:58:52,24850.0,200,Buy,223822716
2024-07-17 13:58:52,24850.0,200,Buy,223822737
2024-07-17 13:58:52,24850.0,1800,Buy,223822714
2024-07-17 13:58:52,24850.0,300,Buy,223822715
2024-07-17 13:58:52,24850.0,400,Buy,223822738
2024-07-17 13:58:52,24850.0,9600,Buy,223822735
2024-07-17 13:58:52,24850.0,500,Buy,223822736
2024-07-17 13:58:52,24850.0,10400,Buy,223822717
2024-07-17 13:58:53,24850.0,4500,Buy,223822798
2024-07-17 13:58:53,24850.0,300,Buy,223822797
2024-07-17 13:58:53,24850.0,700,Buy,223822789
2024-07-17 13:58:53,24850.0,2000,Buy,223822795
2024-07-17 13:58:53,24850.0,3000,Buy,223822794
2024-07-17 13:58:53,24850.0,700,Buy,223822793
2024-07-17 13:58:53,24850.0,1000,Buy,223822792
2024-07-17 13:58:53,24850.0,1000,Buy,223822791
2024-07-17 13:58:53,24850.0,1500,Buy,223822790
2024-07-17 13:58:53,24850.0,2200,Buy,223822796
2024-07-17 13:58:53,24850.0,200,Buy,223822788
2024-07-17 13:58:53,24850.0,500,Buy,223822786
2024-07-17 13:58:53,24850.0,1000,Buy,223822785
2024-07-17 13:58:53,24850.0,1000,Buy,223822784
2024-07-17 13:58:53,24850.0,1000,Buy,223822783
2024-07-17 13:58:53,24850.0,100,Buy,223822782
2024-07-17 13:58:53,24850.0,12300,Buy,223822781
2024-07-17 13:58:53,24800.0,200,Sell,223822755
2024-07-17 13:58:53,24850.0,900,Buy,223822750
2024-07-17 13:58:53,24850.0,600,Buy,223822749
2024-07-17 13:58:53,24850.0,1000,Buy,223822787
2024-07-17 13:58:54,24850.0,600,Buy,223822853
2024-07-17 13:58:54,24850.0,400,Buy,223822852
2024-07-17 13:58:54,24850.0,1800,Buy,223822829
2024-07-17 13:58:54,24850.0,100,Buy,223822819
2024-07-17 13:58:54,24850.0,900,Buy,223822817
2024-07-17 13:58:54,24850.0,100,Buy,223822818
2024-07-17 13:58:54,24850.0,400,Buy,223822810
2024-07-17 13:58:54,24850.0,400,Buy,223822809
2024-07-17 13:58:54,24850.0,1500,Buy,223822808
2024-07-17 13:58:54,24850.0,200,Buy,223822807
2024-07-17 13:58:54,24850.0,2500,Buy,223822806
2024-07-17 13:58:54,24850.0,100,Buy,223822816
2024-07-17 13:58:55,24850.0,100,Buy,223823004
2024-07-17 13:58:55,24850.0,100,Buy,223823005
2024-07-17 13:58:55,24850.0,1000,Buy,223823006
2024-07-17 13:58:55,24850.0,300,Buy,223823007
2024-07-17 13:58:55,24850.0,200,Buy,223823008
2024-07-17 13:58:55,24850.0,600,Buy,223823009
2024-07-17 13:58:55,24850.0,100,Buy,223823010
2024-07-17 13:58:55,24850.0,100,Buy,223823012
2024-07-17 13:58:55,24850.0,400,Buy,223823003
2024-07-17 13:58:55,24850.0,500,Buy,223823013
2024-07-17 13:58:55,24850.0,1000,Buy,223823014
2024-07-17 13:58:55,24850.0,100,Buy,223823015
2024-07-17 13:58:55,24850.0,200,Buy,223823016
2024-07-17 13:58:55,24850.0,500,Buy,223823017
2024-07-17 13:58:55,24850.0,1000,Buy,223823018
2024-07-17 13:58:55,24850.0,1500,Buy,223823011
2024-07-17 13:58:55,24850.0,1000,Buy,223823002
2024-07-17 13:58:55,24850.0,1000,Buy,223822999
2024-07-17 13:58:55,24850.0,300,Buy,223823000
2024-07-17 13:58:55,24850.0,20000,Buy,223822984
2024-07-17 13:58:55,24850.0,2000,Buy,223822985
2024-07-17 13:58:55,24850.0,1000,Buy,223822986
2024-07-17 13:58:55,24850.0,200,Buy,223822987
2024-07-17 13:58:55,24850.0,200,Buy,223822988
2024-07-17 13:58:55,24850.0,100,Buy,223822989
2024-07-17 13:58:55,24850.0,1000,Buy,223822990
2024-07-17 13:58:55,24850.0,1000,Buy,223822991
2024-07-17 13:58:55,24850.0,2000,Buy,223822992
2024-07-17 13:58:55,24850.0,500,Buy,223822993
2024-07-17 13:58:55,24850.0,100,Buy,223822994
2024-07-17 13:58:55,24850.0,500,Buy,223822995
2024-07-17 13:58:55,24850.0,1000,Buy,223822996
2024-07-17 13:58:55,24850.0,4000,Buy,223822997
2024-07-17 13:58:55,24850.0,1000,Buy,223822998
2024-07-17 13:58:55,24850.0,10000,Buy,223823001
2024-07-17 13:58:55,24850.0,100,Buy,223823019
2024-07-17 13:58:55,24850.0,1000,Buy,223823022
2024-07-17 13:58:55,24850.0,100,Buy,223823021
2024-07-17 13:58:55,24850.0,500,Buy,223823043
2024-07-17 13:58:55,24850.0,100,Buy,223823044
2024-07-17 13:58:55,24850.0,1000,Buy,223823045
2024-07-17 13:58:55,24850.0,1800,Buy,223823046
2024-07-17 13:58:55,24850.0,500,Buy,223823047
2024-07-17 13:58:55,24850.0,500,Buy,223823048
2024-07-17 13:58:55,24850.0,2000,Buy,223823049
2024-07-17 13:58:55,24850.0,500,Buy,223823050
2024-07-17 13:58:55,24850.0,400,Buy,223823051
2024-07-17 13:58:55,24850.0,2500,Buy,223823052
2024-07-17 13:58:55,24850.0,200,Buy,223823053
2024-07-17 13:58:55,24850.0,7300,Buy,223823054
2024-07-17 13:58:55,24850.0,1400,Buy,223823057
2024-07-17 13:58:55,24850.0,5500,Buy,223823064
2024-07-17 13:58:55,24850.0,300,Buy,223822983
2024-07-17 13:58:55,24850.0,1000,Buy,223823042
2024-07-17 13:58:55,24850.0,2000,Buy,223823041
2024-07-17 13:58:55,24850.0,200,Buy,223823040
2024-07-17 13:58:55,24850.0,500,Buy,223823039
2024-07-17 13:58:55,24850.0,1000,Buy,223823023
2024-07-17 13:58:55,24850.0,200,Buy,223823024
2024-07-17 13:58:55,24850.0,300,Buy,223823025
2024-07-17 13:58:55,24850.0,500,Buy,223823026
2024-07-17 13:58:55,24850.0,1900,Buy,223823027
2024-07-17 13:58:55,24850.0,200,Buy,223823028
2024-07-17 13:58:55,24850.0,200,Buy,223823029
2024-07-17 13:58:55,24850.0,1000,Buy,223823020
2024-07-17 13:58:55,24850.0,100,Buy,223823030
2024-07-17 13:58:55,24850.0,2000,Buy,223823032
2024-07-17 13:58:55,24850.0,100,Buy,223823033
2024-07-17 13:58:55,24850.0,200,Buy,223823034
2024-07-17 13:58:55,24850.0,4000,Buy,223823035
2024-07-17 13:58:55,24850.0,1000,Buy,223823036
2024-07-17 13:58:55,24850.0,400,Buy,223823037
2024-07-17 13:58:55,24850.0,900,Buy,223823038
2024-07-17 13:58:55,24850.0,1500,Buy,223823031
2024-07-17 13:58:55,24850.0,1000,Buy,223822982
2024-07-17 13:58:55,24850.0,300,Buy,223822929
2024-07-17 13:58:55,24850.0,300,Buy,223822980
2024-07-17 13:58:55,24850.0,1000,Buy,223822913
2024-07-17 13:58:55,24850.0,200,Buy,223822914
2024-07-17 13:58:55,24850.0,100,Buy,223822915
2024-07-17 13:58:55,24850.0,500,Buy,223822916
2024-07-17 13:58:55,24850.0,300,Buy,223822917
2024-07-17 13:58:55,24850.0,100,Buy,223822918
2024-07-17 13:58:55,24850.0,2100,Buy,223822919
2024-07-17 13:58:55,24850.0,900,Buy,223822920
2024-07-17 13:58:55,24850.0,200,Buy,223822921
2024-07-17 13:58:55,24850.0,2000,Buy,223822922
2024-07-17 13:58:55,24850.0,5000,Buy,223822923
2024-07-17 13:58:55,24850.0,100,Buy,223822924
2024-07-17 13:58:55,24850.0,500,Buy,223822925
2024-07-17 13:58:55,24850.0,700,Buy,223822926
2024-07-17 13:58:55,24850.0,1000,Buy,223822927
2024-07-17 13:58:55,24850.0,300,Buy,223822912
2024-07-17 13:58:55,24850.0,5000,Buy,223822911
2024-07-17 13:58:55,24850.0,3300,Buy,223822910
2024-07-17 13:58:55,24850.0,500,Buy,223822909
2024-07-17 13:58:55,24850.0,2000,Buy,223822981
2024-07-17 13:58:55,24850.0,8100,Buy,223822893
2024-07-17 13:58:55,24850.0,1500,Buy,223822894
2024-07-17 13:58:55,24850.0,100,Buy,223822895
2024-07-17 13:58:55,24850.0,500,Buy,223822896
2024-07-17 13:58:55,24850.0,200,Buy,223822897
2024-07-17 13:58:55,24850.0,100,Buy,223822898
2024-07-17 13:58:55,24850.0,10000,Buy,223822928
2024-07-17 13:58:55,24850.0,100,Buy,223822899
2024-07-17 13:58:55,24850.0,1000,Buy,223822902
2024-07-17 13:58:55,24850.0,100,Buy,223822903
2024-07-17 13:58:55,24850.0,100,Buy,223822904
2024-07-17 13:58:55,24850.0,500,Buy,223822905
2024-07-17 13:58:55,24850.0,1000,Buy,223822906
2024-07-17 13:58:55,24850.0,100,Buy,223822907
2024-07-17 13:58:55,24850.0,10000,Buy,223822908
2024-07-17 13:58:55,24850.0,500,Buy,223822901
2024-07-17 13:58:55,24850.0,11900,Buy,223822892
2024-07-17 13:58:55,24850.0,10000,Buy,223822900
2024-07-17 13:58:55,24850.0,1000,Buy,223822931
2024-07-17 13:58:55,24850.0,3000,Buy,223822966
2024-07-17 13:58:55,24850.0,1000,Buy,223822967
2024-07-17 13:58:55,24850.0,1000,Buy,223822968
2024-07-17 13:58:55,24850.0,1000,Buy,223822969
2024-07-17 13:58:55,24850.0,500,Buy,223822970
2024-07-17 13:58:55,24850.0,1000,Buy,223822971
2024-07-17 13:58:55,24850.0,100,Buy,223822979
2024-07-17 13:58:55,24850.0,500,Buy,223822972
2024-07-17 13:58:55,24850.0,500,Buy,223822973
2024-07-17 13:58:55,24850.0,2000,Buy,223822974
2024-07-17 13:58:55,24850.0,400,Buy,223822975
2024-07-17 13:58:55,24850.0,100,Buy,223822976
2024-07-17 13:58:55,24850.0,1000,Buy,223822977
2024-07-17 13:58:55,24850.0,1000,Buy,223822978
2024-07-17 13:58:55,24850.0,1000,Buy,223822930
2024-07-17 13:58:55,24850.0,800,Buy,223822964
2024-07-17 13:58:55,24850.0,100,Buy,223822963
2024-07-17 13:58:55,24850.0,200,Buy,223822965
2024-07-17 13:58:55,24850.0,500,Buy,223822961
2024-07-17 13:58:55,24850.0,2500,Buy,223822932
2024-07-17 13:58:55,24850.0,200,Buy,223822933
2024-07-17 13:58:55,24850.0,700,Buy,223822934
2024-07-17 13:58:55,24850.0,10000,Buy,223822935
2024-07-17 13:58:55,24850.0,500,Buy,223822936
2024-07-17 13:58:55,24850.0,1000,Buy,223822962
2024-07-17 13:58:55,24850.0,1300,Buy,223822951
2024-07-17 13:58:55,24850.0,4000,Buy,223822952
2024-07-17 13:58:55,24850.0,100,Buy,223822950
2024-07-17 13:58:55,24850.0,10000,Buy,223822954
2024-07-17 13:58:55,24850.0,900,Buy,223822955
2024-07-17 13:58:55,24850.0,100,Buy,223822956
2024-07-17 13:58:55,24850.0,100,Buy,223822957
2024-07-17 13:58:55,24850.0,1000,Buy,223822958
2024-07-17 13:58:55,24850.0,100,Buy,223822959
2024-07-17 13:58:55,24850.0,2000,Buy,223822960
2024-07-17 13:58:55,24850.0,1000,Buy,223822953
2024-07-17 13:58:56,24850.0,500,Buy,223823090
2024-07-17 13:58:56,24850.0,5200,Buy,223823096
2024-07-17 13:58:56,24850.0,500,Buy,223823095
2024-07-17 13:58:56,24850.0,400,Buy,223823094
2024-07-17 13:58:56,24850.0,1500,Buy,223823093
2024-07-17 13:58:56,24850.0,200,Buy,223823091
2024-07-17 13:58:56,24850.0,3000,Buy,223823089
2024-07-17 13:58:56,24850.0,2100,Buy,223823092
2024-07-17 13:58:56,24850.0,100,Buy,223823087
2024-07-17 13:58:56,24850.0,5800,Buy,223823080
2024-07-17 13:58:56,24850.0,200,Buy,223823081
2024-07-17 13:58:56,24850.0,2100,Buy,223823082
2024-07-17 13:58:56,24850.0,500,Buy,223823088
2024-07-17 13:58:56,24850.0,100,Buy,223823084
2024-07-17 13:58:56,24850.0,500,Buy,223823085
2024-07-17 13:58:56,24850.0,300,Buy,223823086
2024-07-17 13:58:56,24850.0,2000,Buy,223823083
2024-07-17 13:58:57,24850.0,10000,Buy,223823219
2024-07-17 13:58:57,24850.0,500,Buy,223823253
2024-07-17 13:58:58,24850.0,2000,Sell,223823293
2024-07-17 13:58:58,24850.0,100,Buy,223823292
2024-07-17 13:58:58,24850.0,1000,Buy,223823291
2024-07-17 13:58:58,24850.0,1000,Buy,223823290
2024-07-17 13:58:58,24850.0,100,Buy,223823289
2024-07-17 13:58:58,24850.0,600,Buy,223823288
2024-07-17 13:58:58,24850.0,2000,Buy,223823285
2024-07-17 13:58:58,24850.0,100,Buy,223823286
2024-07-17 13:58:58,24850.0,1000,Buy,223823284
2024-07-17 13:58:58,24850.0,4600,Buy,223823283
2024-07-17 13:58:58,24850.0,100,Sell,223823294
2024-07-17 13:58:58,24850.0,4300,Buy,223823281
2024-07-17 13:58:58,24800.0,100,Sell,223823280
2024-07-17 13:58:58,24850.0,4900,Buy,223823287
2024-07-17 13:58:58,24850.0,500,Buy,223823282
2024-07-17 13:58:59,24850.0,100,Sell,223823354
2024-07-17 13:58:59,24850.0,400,Sell,223823355
2024-07-17 13:59:00,24850.0,400,Sell,223823390
2024-07-17 13:59:00,24850.0,500,Sell,223823417
2024-07-17 13:59:02,24850.0,400,Sell,223823517
2024-07-17 13:59:02,24850.0,400,Sell,223823525
2024-07-17 13:59:02,24850.0,300,Sell,223823526
2024-07-17 13:59:03,24850.0,100,Sell,223823571
2024-07-17 13:59:04,24900.0,1000,Buy,223823650
2024-07-17 13:59:04,24850.0,1000,Sell,223823658
2024-07-17 13:59:04,24900.0,5000,Buy,223823666
2024-07-17 13:59:04,24850.0,300,Sell,223823677
2024-07-17 13:59:05,24850.0,500,Sell,223823698
2024-07-17 13:59:06,24850.0,400,Sell,223823715
2024-07-17 13:59:06,24850.0,1000,Sell,223823714
2024-07-17 13:59:06,24850.0,300,Sell,223823711
2024-07-17 13:59:06,24850.0,1000,Sell,223823712
2024-07-17 13:59:06,24850.0,3300,Sell,223823710
2024-07-17 13:59:06,24850.0,4000,Sell,223823713
2024-07-17 13:59:07,24850.0,100,Sell,223823784
2024-07-17 13:59:07,24900.0,10000,Buy,223823817
2024-07-17 13:59:10,24850.0,7000,Sell,223824082
2024-07-17 13:59:10,24850.0,5000,Sell,223824081
2024-07-17 13:59:10,24850.0,100,Sell,223824080
2024-07-17 13:59:10,24850.0,200,Sell,223824078
2024-07-17 13:59:10,24850.0,1400,Sell,223824077
2024-07-17 13:59:10,24850.0,200,Sell,223824079
2024-07-17 13:59:10,24850.0,1000,Sell,223824075
2024-07-17 13:59:10,24850.0,500,Sell,223824044
2024-07-17 13:59:10,24850.0,300,Sell,223824045
2024-07-17 13:59:10,24850.0,1000,Sell,223824076
2024-07-17 13:59:10,24850.0,2600,Sell,223824074
2024-07-17 13:59:10,24850.0,100,Sell,223824057
2024-07-17 13:59:11,24850.0,100,Sell,223824152
2024-07-17 13:59:13,24850.0,1000,Sell,223824281
2024-07-17 13:59:14,24850.0,100,Sell,223824355
2024-07-17 13:59:17,24850.0,4000,Sell,223824616
2024-07-17 13:59:19,24900.0,500,Buy,223824683
2024-07-17 13:59:19,24850.0,100,Sell,223824707
2024-07-17 13:59:20,24850.0,2000,Sell,223824729
2024-07-17 13:59:21,24850.0,500,Sell,223824770
2024-07-17 13:59:21,24900.0,500,Buy,223824856
2024-07-17 13:59:22,24850.0,100,Sell,223824909
2024-07-17 13:59:22,24850.0,1100,Sell,223824910
2024-07-17 13:59:22,24850.0,200,Sell,223824907
2024-07-17 13:59:22,24850.0,200,Sell,223824906
2024-07-17 13:59:22,24850.0,200,Sell,223824905
2024-07-17 13:59:22,24850.0,3500,Sell,223824908
2024-07-17 13:59:23,24850.0,100,Sell,223824927
2024-07-17 13:59:24,24850.0,100,Sell,223824981
2024-07-17 13:59:24,24900.0,3000,Buy,223824991
2024-07-17 13:59:25,24850.0,700,Sell,223825013
2024-07-17 13:59:25,24850.0,200,Sell,223825014
2024-07-17 13:59:25,24850.0,100,Sell,223825015
2024-07-17 13:59:25,24900.0,10000,Buy,223825072
2024-07-17 13:59:27,24850.0,500,Sell,223825123
2024-07-17 13:59:27,24850.0,200,Sell,223825149
2024-07-17 13:59:27,24900.0,5500,Buy,223825171
2024-07-17 13:59:29,24850.0,500,Sell,223825273
2024-07-17 13:59:30,24900.0,1700,Buy,223825340
2024-07-17 13:59:30,24900.0,200,Buy,223825337
2024-07-17 13:59:30,24850.0,1000,Sell,223825316
2024-07-17 13:59:31,24850.0,500,Sell,223825360
2024-07-17 13:59:31,24850.0,200,Sell,223825377
2024-07-17 13:59:31,24850.0,9800,Sell,223825378
2024-07-17 13:59:31,24900.0,400,Buy,223825379
2024-07-17 13:59:32,24850.0,200,Sell,223825502
2024-07-17 13:59:32,24850.0,200,Sell,223825503
2024-07-17 13:59:32,24850.0,100,Sell,223825504
2024-07-17 13:59:32,24850.0,1900,Sell,223825512
2024-07-17 13:59:32,24850.0,100,Sell,223825513
2024-07-17 13:59:32,24850.0,200,Sell,223825514
2024-07-17 13:59:32,24850.0,300,Sell,223825515
2024-07-17 13:59:32,24850.0,500,Sell,223825516
2024-07-17 13:59:32,24850.0,9400,Sell,223825517
2024-07-17 13:59:32,24900.0,1600,Buy,223825518
2024-07-17 13:59:32,24850.0,100,Sell,223825536
2024-07-17 13:59:33,24900.0,500,Buy,223825646
2024-07-17 13:59:35,24850.0,1000,Sell,223825757
2024-07-17 13:59:35,24900.0,500,Buy,223825756
2024-07-17 13:59:36,24850.0,500,Sell,223825867
2024-07-17 13:59:36,24900.0,5200,Buy,223825853
2024-07-17 13:59:36,24900.0,300,Buy,223825852
2024-07-17 13:59:36,24900.0,500,Buy,223825851
2024-07-17 13:59:36,24900.0,100,Buy,223825850
2024-07-17 13:59:36,24900.0,3900,Buy,223825849
2024-07-17 13:59:36,24900.0,5100,Buy,223825848
2024-07-17 13:59:36,24900.0,500,Buy,223825847
2024-07-17 13:59:36,24900.0,200,Buy,223825846
2024-07-17 13:59:36,24900.0,10000,Buy,223825845
2024-07-17 13:59:36,24900.0,300,Buy,223825842
2024-07-17 13:59:36,24900.0,100,Buy,223825843
2024-07-17 13:59:36,24900.0,1000,Buy,223825841
2024-07-17 13:59:36,24900.0,3000,Buy,223825844
2024-07-17 13:59:36,24900.0,200,Buy,223825839
2024-07-17 13:59:36,24900.0,9600,Buy,223825826
2024-07-17 13:59:36,24900.0,300,Buy,223825827
2024-07-17 13:59:36,24900.0,300,Buy,223825828
2024-07-17 13:59:36,24900.0,200,Buy,223825829
2024-07-17 13:59:36,24900.0,2000,Buy,223825830
2024-07-17 13:59:36,24900.0,5000,Buy,223825831
2024-07-17 13:59:36,24900.0,10000,Buy,223825840
2024-07-17 13:59:36,24900.0,500,Buy,223825833
2024-07-17 13:59:36,24900.0,100,Buy,223825834
2024-07-17 13:59:36,24900.0,100,Buy,223825835
2024-07-17 13:59:36,24900.0,2200,Buy,223825836
2024-07-17 13:59:36,24900.0,100,Buy,223825837
2024-07-17 13:59:36,24900.0,100,Buy,223825838
2024-07-17 13:59:36,24900.0,100,Buy,223825832
2024-07-17 13:59:37,24900.0,4000,Buy,223825942
2024-07-17 13:59:38,24900.0,1900,Buy,223826002
2024-07-17 13:59:38,24900.0,1000,Buy,223826001
2024-07-17 13:59:38,24900.0,100,Buy,223825999
2024-07-17 13:59:38,24900.0,10800,Buy,223825998
2024-07-17 13:59:38,24850.0,500,Sell,223825964
2024-07-17 13:59:38,24900.0,100,Buy,223826000
2024-07-17 13:59:39,24900.0,40000,Buy,223826016
2024-07-17 13:59:39,24900.0,500,Buy,223826014
2024-07-17 13:59:40,24900.0,100,Buy,223826057
2024-07-17 13:59:40,24900.0,500,Buy,223826071
2024-07-17 13:59:41,24900.0,1000,Buy,223826083
2024-07-17 13:59:41,24850.0,500,Sell,223826110
2024-07-17 13:59:42,24900.0,100,Buy,223826127
2024-07-17 13:59:42,24850.0,300,Sell,223826140
2024-07-17 13:59:44,24900.0,30000,Buy,223826206
2024-07-17 13:59:45,24900.0,1000,Buy,223826251
2024-07-17 13:59:46,24900.0,800,Buy,223826267
2024-07-17 13:59:48,24850.0,200,Sell,223826339
2024-07-17 13:59:49,24900.0,1800,Buy,223826409
2024-07-17 13:59:49,24900.0,500,Buy,223826402
2024-07-17 13:59:49,24850.0,500,Sell,223826393
2024-07-17 13:59:49,24900.0,100,Buy,223826392
2024-07-17 13:59:49,24850.0,1500,Sell,223826394
2024-07-17 13:59:50,24900.0,10000,Buy,223826427
2024-07-17 13:59:50,24900.0,11700,Buy,223826441
2024-07-17 13:59:50,24900.0,1000,Buy,223826442
2024-07-17 13:59:50,24900.0,3000,Buy,223826443
2024-07-17 13:59:50,24900.0,200,Buy,223826444
2024-07-17 13:59:50,24900.0,100,Buy,223826445
2024-07-17 13:59:50,24900.0,300,Buy,223826446
2024-07-17 13:59:50,24900.0,500,Buy,223826447
2024-07-17 13:59:50,24900.0,18200,Buy,223826448
2024-07-17 13:59:51,24900.0,2000,Buy,223826473
2024-07-17 13:59:51,24900.0,100,Buy,223826465
2024-07-17 13:59:52,24900.0,5400,Buy,223826630
2024-07-17 13:59:53,24900.0,200,Buy,223826754
2024-07-17 13:59:53,24900.0,500,Buy,223826755
2024-07-17 13:59:53,24900.0,100,Buy,223826756
2024-07-17 13:59:53,24900.0,500,Buy,223826757
2024-07-17 13:59:53,24900.0,100,Buy,223826758
2024-07-17 13:59:53,24900.0,500,Buy,223826759
2024-07-17 13:59:53,24900.0,600,Buy,223826760
2024-07-17 13:59:53,24900.0,100,Buy,223826761
2024-07-17 13:59:53,24900.0,100,Buy,223826762
2024-07-17 13:59:53,24900.0,500,Buy,223826763
2024-07-17 13:59:53,24900.0,500,Buy,223826770
2024-07-17 13:59:53,24900.0,1200,Buy,223826765
2024-07-17 13:59:53,24900.0,5000,Buy,223826766
2024-07-17 13:59:53,24900.0,100,Buy,223826767
2024-07-17 13:59:53,24900.0,200,Buy,223826768
2024-07-17 13:59:53,24900.0,200,Buy,223826753
2024-07-17 13:59:53,24900.0,100,Buy,223826769
2024-07-17 13:59:53,24900.0,600,Buy,223826771
2024-07-17 13:59:53,24900.0,3000,Buy,223826772
2024-07-17 13:59:53,24900.0,300,Buy,223826778
2024-07-17 13:59:53,24900.0,1000,Buy,223826786
2024-07-17 13:59:53,24900.0,100,Buy,223826764
2024-07-17 13:59:53,24900.0,2000,Buy,223826752
2024-07-17 13:59:53,24900.0,100,Buy,223826734
2024-07-17 13:59:53,24900.0,100,Buy,223826750
2024-07-17 13:59:53,24900.0,4300,Buy,223826728
2024-07-17 13:59:53,24900.0,1700,Buy,223826729
2024-07-17 13:59:53,24900.0,100,Buy,223826730
2024-07-17 13:59:53,24900.0,100,Buy,223826731
2024-07-17 13:59:53,24900.0,100,Buy,223826732
2024-07-17 13:59:53,24900.0,500,Buy,223826733
2024-07-17 13:59:53,24900.0,1000,Buy,223826735
2024-07-17 13:59:53,24900.0,5000,Buy,223826736
2024-07-17 13:59:53,24900.0,200,Buy,223826737
2024-07-17 13:59:53,24900.0,100,Buy,223826738
2024-07-17 13:59:53,24900.0,200,Buy,223826751
2024-07-17 13:59:53,24900.0,100,Buy,223826740
2024-07-17 13:59:53,24900.0,100,Buy,223826749
2024-07-17 13:59:53,24900.0,100,Buy,223826748
2024-07-17 13:59:53,24900.0,100,Buy,223826747
2024-07-17 13:59:53,24900.0,100,Buy,223826746
2024-07-17 13:59:53,24900.0,100,Buy,223826739
2024-07-17 13:59:53,24900.0,100,Buy,223826744
2024-07-17 13:59:53,24900.0,100,Buy,223826743
2024-07-17 13:59:53,24900.0,2000,Buy,223826742
2024-07-17 13:59:53,24900.0,20000,Buy,223826741
2024-07-17 13:59:53,24900.0,500,Buy,223826745
2024-07-17 13:59:54,24900.0,2000,Buy,223826817
2024-07-17 13:59:54,24850.0,500,Sell,223826831
2024-07-17 13:59:55,24900.0,900,Buy,223826862
2024-07-17 13:59:55,24900.0,100,Buy,223826861
2024-07-17 13:59:55,24900.0,500,Buy,223826860
2024-07-17 13:59:55,24900.0,300,Buy,223826859
2024-07-17 13:59:55,24900.0,800,Buy,223826858
2024-07-17 13:59:55,24900.0,100,Buy,223826857
2024-07-17 13:59:55,24900.0,700,Buy,223826856
2024-07-17 13:59:55,24900.0,1600,Buy,223826855
2024-07-17 13:59:55,24900.0,1500,Buy,223826850
2024-07-17 13:59:56,24900.0,2000,Buy,223826939
2024-07-17 13:59:56,24900.0,100,Buy,223826938
2024-07-17 13:59:56,24900.0,400,Buy,223826937
2024-07-17 13:59:56,24900.0,500,Buy,223826936
2024-07-17 13:59:56,24900.0,200,Buy,223826935
2024-07-17 13:59:56,24900.0,3900,Buy,223826929
2024-07-17 13:59:56,24900.0,5000,Buy,223826933
2024-07-17 13:59:56,24900.0,300,Buy,223826932
2024-07-17 13:59:56,24900.0,100,Buy,223826931
2024-07-17 13:59:56,24900.0,1100,Buy,223826930
2024-07-17 13:59:56,24900.0,100,Buy,223826903
2024-07-17 13:59:56,24900.0,300,Buy,223826934
2024-07-17 13:59:57,24900.0,100,Buy,223826978
2024-07-17 13:59:57,24900.0,200,Buy,223826982
2024-07-17 13:59:57,24900.0,200,Buy,223826981
2024-07-17 13:59:57,24900.0,100,Buy,223826980
2024-07-17 13:59:57,24900.0,500,Buy,223826979
2024-07-17 13:59:57,24900.0,400,Buy,223826977
2024-07-17 13:59:57,24900.0,600,Buy,223826976
2024-07-17 13:59:57,24900.0,1000,Buy,223826975
2024-07-17 13:59:57,24900.0,200,Buy,223826974
2024-07-17 13:59:57,24900.0,200,Buy,223826973
2024-07-17 13:59:57,24900.0,700,Buy,223826966
2024-07-17 13:59:57,24900.0,100,Buy,223826965
2024-07-17 13:59:57,24900.0,100,Buy,223826964
2024-07-17 13:59:57,24900.0,100,Buy,223826963
2024-07-17 13:59:58,24900.0,1000,Buy,223827055
2024-07-17 13:59:58,24900.0,1000,Buy,223827054
2024-07-17 13:59:58,24900.0,1000,Buy,223827053
2024-07-17 13:59:58,24900.0,1000,Buy,223827052
2024-07-17 13:59:58,24900.0,100,Buy,223827051
2024-07-17 13:59:58,24900.0,500,Buy,223827048
2024-07-17 13:59:58,24900.0,200,Buy,223827049
2024-07-17 13:59:58,24900.0,500,Buy,223827056
2024-07-17 13:59:58,24900.0,2000,Buy,223827047
2024-07-17 13:59:58,24900.0,1000,Buy,223827046
2024-07-17 13:59:58,24900.0,5000,Buy,223827050
2024-07-17 13:59:58,24900.0,200,Buy,223827057
2024-07-17 13:59:58,24900.0,1000,Buy,223827060
2024-07-17 13:59:58,24900.0,500,Buy,223827059
2024-07-17 13:59:58,24900.0,100,Buy,223827045
2024-07-17 13:59:58,24900.0,200,Buy,223827061
2024-07-17 13:59:58,24900.0,5000,Buy,223827062
2024-07-17 13:59:58,24900.0,100,Buy,223827063
2024-07-17 13:59:58,24900.0,10000,Buy,223827064
2024-07-17 13:59:58,24900.0,70400,Buy,223827065
2024-07-17 13:59:58,24900.0,200,Buy,223827066
2024-07-17 13:59:58,24900.0,6400,Buy,223827084
2024-07-17 13:59:58,24900.0,10000,Buy,223827104
2024-07-17 13:59:58,24850.0,3000,Sell,223827115
2024-07-17 13:59:58,24850.0,100,Sell,223827116
2024-07-17 13:59:58,24900.0,1000,Buy,223827117
2024-07-17 13:59:58,24900.0,1000,Buy,223827058
2024-07-17 13:59:58,24900.0,100,Buy,223827044
2024-07-17 13:59:58,24900.0,1500,Buy,223827040
2024-07-17 13:59:58,24900.0,200,Buy,223827042
2024-07-17 13:59:58,24900.0,1000,Buy,223827043
2024-07-17 13:59:58,24900.0,100,Buy,223827013
2024-07-17 13:59:58,24900.0,500,Buy,223827014
2024-07-17 13:59:58,24900.0,100,Buy,223827015
2024-07-17 13:59:58,24900.0,500,Buy,223827016
2024-07-17 13:59:58,24900.0,100,Buy,223827017
2024-07-17 13:59:58,24900.0,500,Buy,223827018
2024-07-17 13:59:58,24900.0,500,Buy,223827019
2024-07-17 13:59:58,24900.0,500,Buy,223827020
2024-07-17 13:59:58,24900.0,1000,Buy,223827021
2024-07-17 13:59:58,24900.0,100,Buy,223827022
2024-07-17 13:59:58,24900.0,500,Buy,223827023
2024-07-17 13:59:58,24900.0,100,Buy,223827025
2024-07-17 13:59:58,24900.0,1000,Buy,223827026
2024-07-17 13:59:58,24900.0,3000,Buy,223827037
2024-07-17 13:59:58,24900.0,10000,Buy,223827028
2024-07-17 13:59:58,24900.0,20000,Buy,223827039
2024-07-17 13:59:58,24900.0,200,Buy,223827038
2024-07-17 13:59:58,24900.0,5000,Buy,223827027
2024-07-17 13:59:58,24900.0,100,Buy,223827041
2024-07-17 13:59:58,24900.0,100,Buy,223827035
2024-07-17 13:59:58,24900.0,100,Buy,223827036
2024-07-17 13:59:58,24900.0,100,Buy,223827033
2024-07-17 13:59:58,24900.0,500,Buy,223827032
2024-07-17 13:59:58,24900.0,100,Buy,223827031
2024-07-17 13:59:58,24900.0,300,Buy,223827030
2024-07-17 13:59:58,24900.0,100,Buy,223827029
2024-07-17 13:59:58,24900.0,300,Buy,223827034
2024-07-17 13:59:59,24900.0,100,Buy,223827185
2024-07-17 13:59:59,24900.0,100,Buy,223827184
2024-07-17 13:59:59,24900.0,200,Buy,223827174
2024-07-17 13:59:59,24900.0,5100,Buy,223827173
2024-07-17 13:59:59,24900.0,2500,Buy,223827172
2024-07-17 13:59:59,24900.0,4800,Buy,223827186
2024-07-17 13:59:59,24900.0,1000,Buy,223827170
2024-07-17 13:59:59,24900.0,500,Buy,223827171
2024-07-17 13:59:59,24900.0,2500,Buy,223827125
2024-07-17 13:59:59,24900.0,2000,Buy,223827169
2024-07-17 13:59:59,24900.0,200,Buy,223827167
2024-07-17 13:59:59,24900.0,1000,Buy,223827168
2024-07-17 13:59:59,24900.0,9500,Buy,223827166
2024-07-17 14:00:00,24900.0,500,Buy,223827193
2024-07-17 14:00:00,24850.0,400,Sell,223827194
2024-07-17 14:00:00,24850.0,600,Sell,223827195
2024-07-17 14:00:00,24900.0,1100,Buy,223827222
2024-07-17 14:00:00,24900.0,8000,Buy,223827223
2024-07-17 14:00:01,24850.0,5000,Sell,223827291
2024-07-17 14:00:01,24850.0,10000,Sell,223827292
2024-07-17 14:00:01,24850.0,200,Sell,223827293
2024-07-17 14:00:01,24850.0,100,Sell,223827294
2024-07-17 14:00:01,24850.0,400,Sell,223827295
2024-07-17 14:00:01,24850.0,300,Sell,223827296
2024-07-17 14:00:01,24850.0,500,Sell,223827297
2024-07-17 14:00:01,24850.0,500,Sell,223827298
2024-07-17 14:00:01,24850.0,2000,Sell,223827302
2024-07-17 14:00:01,24850.0,400,Sell,223827300
2024-07-17 14:00:01,24850.0,1000,Sell,223827301
2024-07-17 14:00:01,24850.0,100,Sell,223827303
2024-07-17 14:00:01,24850.0,900,Sell,223827305
2024-07-17 14:00:01,24850.0,9000,Sell,223827306
2024-07-17 14:00:01,24900.0,700,Buy,223827307
2024-07-17 14:00:01,24850.0,10000,Sell,223827290
2024-07-17 14:00:01,24850.0,46500,Sell,223827299
2024-07-17 14:00:01,24850.0,500,Sell,223827304
2024-07-17 14:00:01,24850.0,100,Sell,223827289
2024-07-17 14:00:01,24850.0,2500,Sell,223827287
2024-07-17 14:00:01,24850.0,800,Sell,223827288
2024-07-17 14:00:01,24900.0,1000,Buy,223827241
2024-07-17 14:00:01,24900.0,4600,Buy,223827242
2024-07-17 14:00:01,24900.0,100,Buy,223827243
2024-07-17 14:00:01,24900.0,100,Buy,223827244
2024-07-17 14:00:01,24900.0,200,Buy,223827245
2024-07-17 14:00:01,24900.0,300,Buy,223827249
2024-07-17 14:00:01,24900.0,400,Buy,223827250
2024-07-17 14:00:01,24900.0,100,Buy,223827251
2024-07-17 14:00:01,24900.0,100,Buy,223827264
2024-07-17 14:00:01,24900.0,1000,Buy,223827253
2024-07-17 14:00:01,24900.0,2000,Buy,223827271
2024-07-17 14:00:01,24900.0,5000,Buy,223827265
2024-07-17 14:00:01,24900.0,500,Buy,223827252
2024-07-17 14:00:01,24850.0,9200,Sell,223827286
2024-07-17 14:00:01,24900.0,2000,Buy,223827256
2024-07-17 14:00:01,24900.0,500,Buy,223827255
2024-07-17 14:00:01,24900.0,200,Buy,223827254
2024-07-17 14:00:01,24850.0,200,Sell,223827262
2024-07-17 14:00:02,24900.0,3000,Buy,223827391
2024-07-17 14:00:02,24900.0,2000,Buy,223827389
2024-07-17 14:00:02,24900.0,1900,Buy,223827388
2024-07-17 14:00:02,24900.0,1100,Buy,223827390
2024-07-17 14:00:02,24900.0,300,Buy,223827355
2024-07-17 14:00:02,24900.0,500,Buy,223827353
2024-07-17 14:00:02,24900.0,200,Buy,223827337
2024-07-17 14:00:02,24900.0,200,Buy,223827336
2024-07-17 14:00:02,24900.0,100,Buy,223827380
2024-07-17 14:00:03,24900.0,500,Buy,223827411
2024-07-17 14:00:03,24900.0,500,Buy,223827444
2024-07-17 14:00:03,24900.0,800,Buy,223827445
2024-07-17 14:00:04,24900.0,500,Buy,223827469
2024-07-17 14:00:04,24900.0,2300,Buy,223827473
2024-07-17 14:00:04,24900.0,200,Buy,223827471
2024-07-17 14:00:04,24900.0,10000,Buy,223827470
2024-07-17 14:00:04,24900.0,100,Buy,223827468
2024-07-17 14:00:04,24900.0,1000,Buy,223827472
2024-07-17 14:00:04,24900.0,100,Buy,223827466
2024-07-17 14:00:04,24900.0,4100,Buy,223827462
2024-07-17 14:00:04,24900.0,600,Buy,223827463
2024-07-17 14:00:04,24900.0,100,Buy,223827467
2024-07-17 14:00:04,24900.0,10000,Buy,223827464
2024-07-17 14:00:04,24900.0,1000,Buy,223827465
2024-07-17 14:00:05,24900.0,500,Buy,223827558
2024-07-17 14:00:05,24900.0,3000,Buy,223827557
2024-07-17 14:00:05,24900.0,100,Buy,223827538
2024-07-17 14:00:05,24900.0,200,Buy,223827555
2024-07-17 14:00:05,24900.0,500,Buy,223827554
2024-07-17 14:00:05,24900.0,200,Buy,223827553
2024-07-17 14:00:05,24900.0,2000,Buy,223827552
2024-07-17 14:00:05,24900.0,2200,Buy,223827551
2024-07-17 14:00:05,24900.0,800,Buy,223827540
2024-07-17 14:00:05,24900.0,100,Buy,223827539
2024-07-17 14:00:05,24900.0,400,Buy,223827559
2024-07-17 14:00:05,24900.0,1000,Buy,223827556
2024-07-17 14:00:05,24900.0,900,Buy,223827537
2024-07-17 14:00:05,24900.0,100,Buy,223827535
2024-07-17 14:00:05,24900.0,1000,Buy,223827534
2024-07-17 14:00:05,24900.0,1000,Buy,223827533
2024-07-17 14:00:05,24900.0,2000,Buy,223827532
2024-07-17 14:00:05,24900.0,500,Buy,223827531
2024-07-17 14:00:05,24900.0,200,Buy,223827530
2024-07-17 14:00:05,24900.0,1000,Buy,223827529
2024-07-17 14:00:05,24900.0,100,Buy,223827528
2024-07-17 14:00:05,24900.0,500,Buy,223827527
2024-07-17 14:00:05,24900.0,3700,Buy,223827525
2024-07-17 14:00:05,24900.0,4000,Buy,223827536
2024-07-17 14:00:05,24900.0,3000,Buy,223827526
2024-07-17 14:00:06,24900.0,1100,Buy,223827608
2024-07-17 14:00:06,24900.0,100,Buy,223827619
2024-07-17 14:00:06,24900.0,2000,Buy,223827610
2024-07-17 14:00:06,24900.0,7900,Buy,223827609
2024-07-17 14:00:06,24900.0,900,Buy,223827602
2024-07-17 14:00:06,24900.0,900,Buy,223827600
2024-07-17 14:00:06,24900.0,100,Buy,223827570
2024-07-17 14:00:06,24900.0,100,Buy,223827569
2024-07-17 14:00:06,24900.0,200,Buy,223827601
2024-07-17 14:00:07,24900.0,4500,Buy,223827661
2024-07-17 14:00:07,24900.0,300,Buy,223827662
2024-07-17 14:00:08,24900.0,1000,Buy,223827698
2024-07-17 14:00:08,24900.0,300,Buy,223827709
2024-07-17 14:00:08,24900.0,1000,Buy,223827710
2024-07-17 14:00:08,24900.0,500,Buy,223827720
2024-07-17 14:00:08,24900.0,100,Buy,223827721
2024-07-17 14:00:08,24900.0,19400,Buy,223827722
2024-07-17 14:00:09,24900.0,400,Buy,223827771
2024-07-17 14:00:09,24900.0,100,Buy,223827770
2024-07-17 14:00:09,24900.0,100,Buy,223827769
2024-07-17 14:00:09,24900.0,1000,Buy,223827768
