time,price,volume,match_type,id
2024-08-28 09:14:59,24450.0,57900,ATO/ATC,235229839
2024-08-28 09:15:00,24500.0,300,Buy,235229955
2024-08-28 09:15:00,24500.0,100,Buy,235229953
2024-08-28 09:15:00,24500.0,100,Buy,235229954
2024-08-28 09:15:20,24500.0,300,Buy,235230331
2024-08-28 09:15:38,24500.0,200,Buy,235230680
2024-08-28 09:15:38,24500.0,1400,Buy,235230679
2024-08-28 09:15:38,24500.0,400,Buy,235230681
2024-08-28 09:15:43,24500.0,1500,Buy,235230814
2024-08-28 09:15:43,24500.0,2000,Buy,235230811
2024-08-28 09:15:43,24500.0,200,Buy,235230812
2024-08-28 09:15:43,24500.0,300,Buy,235230813
2024-08-28 09:15:56,24500.0,300,Buy,235231095
2024-08-28 09:15:56,24500.0,100,Buy,235231096
2024-08-28 09:15:56,24500.0,300,Buy,235231097
2024-08-28 09:15:56,24500.0,2000,Buy,235231098
2024-08-28 09:15:56,24500.0,1800,Buy,235231099
2024-08-28 09:15:56,24500.0,500,Buy,235231094
2024-08-28 09:16:06,24500.0,2000,Buy,235231328
2024-08-28 09:16:17,24500.0,10000,Buy,235231618
2024-08-28 09:16:42,24500.0,5000,Buy,235232265
2024-08-28 09:17:01,24500.0,300,Buy,235232648
2024-08-28 09:17:03,24500.0,1000,Buy,235232700
2024-08-28 09:17:15,24450.0,2000,Sell,235233026
2024-08-28 09:17:26,24450.0,14100,Sell,235233266
2024-08-28 09:17:37,24450.0,200,Sell,235233515
2024-08-28 09:17:37,24450.0,200,Sell,235233517
2024-08-28 09:17:37,24450.0,200,Sell,235233516
2024-08-28 09:17:37,24450.0,100,Sell,235233513
2024-08-28 09:17:37,24450.0,100,Sell,235233512
2024-08-28 09:17:37,24450.0,1000,Sell,235233511
2024-08-28 09:17:37,24450.0,12700,Sell,235233510
2024-08-28 09:17:37,24450.0,500,Sell,235233514
2024-08-28 09:17:44,24450.0,800,Sell,235233712
2024-08-28 09:17:44,24450.0,4000,Sell,235233713
2024-08-28 09:17:44,24450.0,100,Sell,235233714
2024-08-28 09:17:44,24450.0,100,Sell,235233715
2024-08-28 09:17:52,24450.0,100,Sell,235233900
2024-08-28 09:17:54,24450.0,1800,Sell,235233979
2024-08-28 09:18:00,24450.0,1000,Buy,235234121
2024-08-28 09:18:02,24450.0,500,Buy,235234176
2024-08-28 09:18:11,24450.0,2000,Buy,235234475
2024-08-28 09:18:21,24400.0,6200,Sell,235234799
2024-08-28 09:18:21,24400.0,5100,Sell,235234798
2024-08-28 09:18:21,24400.0,1000,Sell,235234797
2024-08-28 09:18:21,24400.0,300,Sell,235234795
2024-08-28 09:18:21,24400.0,2000,Sell,235234794
2024-08-28 09:18:21,24400.0,200,Sell,235234796
2024-08-28 09:18:21,24400.0,200,Sell,235234793
2024-08-28 09:18:54,24400.0,1500,Sell,235235515
2024-08-28 09:19:24,24450.0,200,Buy,235236275
2024-08-28 09:19:47,24450.0,100,Buy,235236834
2024-08-28 09:20:06,24450.0,1000,Buy,235237207
2024-08-28 09:20:07,24450.0,1500,Buy,235237221
2024-08-28 09:20:21,24450.0,200,Buy,235237513
2024-08-28 09:20:29,24400.0,4000,Sell,235237653
2024-08-28 09:20:44,24450.0,200,Buy,235237986
2024-08-28 09:20:48,24450.0,500,Buy,235238097
2024-08-28 09:21:26,24450.0,500,Buy,235238754
2024-08-28 09:21:45,24400.0,100,Sell,235239049
2024-08-28 09:21:56,24400.0,100,Sell,235239233
2024-08-28 09:21:56,24400.0,700,Sell,235239230
2024-08-28 09:21:56,24400.0,100,Sell,235239231
2024-08-28 09:21:56,24400.0,100,Sell,235239232
2024-08-28 09:22:03,24400.0,400,Sell,235239407
2024-08-28 09:22:03,24400.0,800,Sell,235239408
2024-08-28 09:22:03,24400.0,100,Sell,235239409
2024-08-28 09:22:03,24400.0,2700,Sell,235239410
2024-08-28 09:22:17,24400.0,100,Sell,235239770
2024-08-28 09:22:21,24450.0,2300,Buy,235239902
2024-08-28 09:22:21,24400.0,500,Sell,235239903
2024-08-28 09:22:45,24400.0,700,Sell,235240517
2024-08-28 09:22:45,24400.0,300,Sell,235240518
2024-08-28 09:22:46,24400.0,100,Sell,235240538
2024-08-28 09:22:53,24400.0,100,Sell,235240665
2024-08-28 09:22:53,24400.0,2600,Sell,235240663
2024-08-28 09:22:53,24400.0,300,Sell,235240664
2024-08-28 09:22:59,24400.0,200,Sell,235240826
2024-08-28 09:23:09,24400.0,100,Sell,235241028
2024-08-28 09:23:09,24400.0,500,Sell,235241044
2024-08-28 09:23:09,24400.0,300,Sell,235241043
2024-08-28 09:23:09,24400.0,100,Sell,235241042
2024-08-28 09:23:09,24400.0,1000,Sell,235241041
2024-08-28 09:23:09,24400.0,100,Sell,235241040
2024-08-28 09:23:09,24400.0,1000,Sell,235241039
2024-08-28 09:23:09,24400.0,100,Sell,235241038
2024-08-28 09:23:09,24400.0,500,Sell,235241037
2024-08-28 09:23:09,24400.0,12800,Sell,235241045
2024-08-28 09:23:09,24400.0,2000,Sell,235241035
2024-08-28 09:23:09,24400.0,1000,Sell,235241036
2024-08-28 09:23:09,24400.0,1000,Sell,235241029
2024-08-28 09:23:09,24400.0,3000,Sell,235241030
2024-08-28 09:23:09,24400.0,200,Sell,235241027
2024-08-28 09:23:09,24400.0,100,Sell,235241032
2024-08-28 09:23:09,24400.0,200,Sell,235241033
2024-08-28 09:23:09,24400.0,1000,Sell,235241031
2024-08-28 09:23:09,24400.0,5000,Sell,235241034
2024-08-28 09:23:18,24400.0,500,Sell,235241257
2024-08-28 09:23:33,24400.0,100,Sell,235241513
2024-08-28 09:23:51,24400.0,1000,Sell,235241862
2024-08-28 09:24:45,24400.0,500,Sell,235242903
2024-08-28 09:24:54,24400.0,3000,Sell,235243079
2024-08-28 09:25:22,24400.0,8000,Sell,235243633
2024-08-28 09:25:23,24400.0,500,Sell,235243654
2024-08-28 09:25:25,24450.0,100,Buy,235243711
2024-08-28 09:25:34,24400.0,500,Sell,235243906
2024-08-28 09:25:41,24400.0,1000,Sell,235244046
2024-08-28 09:25:43,24400.0,600,Sell,235244089
2024-08-28 09:25:46,24400.0,1500,Sell,235244147
2024-08-28 09:25:46,24400.0,200,Sell,235244148
2024-08-28 09:25:46,24400.0,1300,Sell,235244149
2024-08-28 09:25:48,24450.0,100,Buy,235244173
2024-08-28 09:26:02,24400.0,300,Sell,235244471
2024-08-28 09:26:03,24400.0,1000,Sell,235244485
2024-08-28 09:26:54,24400.0,2000,Sell,235245406
2024-08-28 09:26:56,24400.0,400,Sell,235245427
2024-08-28 09:26:56,24400.0,100,Sell,235245428
2024-08-28 09:27:12,24400.0,100,Sell,235245772
2024-08-28 09:27:12,24400.0,100,Sell,235245773
2024-08-28 09:27:35,24400.0,100,Sell,235246208
2024-08-28 09:27:35,24400.0,100,Sell,235246209
2024-08-28 09:27:35,24400.0,800,Sell,235246210
2024-08-28 09:28:19,24400.0,1000,Sell,235247267
2024-08-28 09:28:34,24400.0,5000,Sell,235247582
2024-08-28 09:28:34,24400.0,1000,Sell,235247590
2024-08-28 09:28:34,24400.0,700,Sell,235247589
2024-08-28 09:28:34,24400.0,1000,Sell,235247588
2024-08-28 09:28:34,24400.0,200,Sell,235247584
2024-08-28 09:28:34,24400.0,800,Sell,235247586
2024-08-28 09:28:34,24400.0,600,Sell,235247585
2024-08-28 09:28:34,24400.0,1500,Sell,235247591
2024-08-28 09:28:34,24400.0,500,Sell,235247583
2024-08-28 09:28:34,24400.0,3400,Sell,235247587
2024-08-28 09:28:34,24400.0,100,Sell,235247592
2024-08-28 09:28:34,24400.0,600,Sell,235247596
2024-08-28 09:28:34,24400.0,1500,Sell,235247594
2024-08-28 09:28:34,24400.0,600,Sell,235247595
2024-08-28 09:28:34,24400.0,100,Sell,235247597
2024-08-28 09:28:34,24400.0,2000,Sell,235247598
2024-08-28 09:28:34,24400.0,100,Sell,235247599
2024-08-28 09:28:34,24400.0,600,Sell,235247600
2024-08-28 09:28:34,24400.0,5000,Sell,235247601
2024-08-28 09:28:34,24400.0,100,Sell,235247602
2024-08-28 09:28:34,24400.0,400,Sell,235247603
2024-08-28 09:28:34,24400.0,1700,Sell,235247604
2024-08-28 09:28:34,24400.0,100,Sell,235247593
2024-08-28 09:28:34,24400.0,200,Sell,235247581
2024-08-28 09:28:34,24400.0,1500,Sell,235247569
2024-08-28 09:28:34,24400.0,500,Sell,235247578
2024-08-28 09:28:34,24400.0,10000,Sell,235247579
2024-08-28 09:28:34,24400.0,8200,Sell,235247555
2024-08-28 09:28:34,24400.0,100,Sell,235247556
2024-08-28 09:28:34,24400.0,100,Sell,235247557
2024-08-28 09:28:34,24400.0,500,Sell,235247558
2024-08-28 09:28:34,24400.0,100,Sell,235247559
2024-08-28 09:28:34,24400.0,5000,Sell,235247560
2024-08-28 09:28:34,24400.0,100,Sell,235247561
2024-08-28 09:28:34,24400.0,1000,Sell,235247562
2024-08-28 09:28:34,24400.0,100,Sell,235247563
2024-08-28 09:28:34,24400.0,100,Sell,235247564
2024-08-28 09:28:34,24400.0,2000,Sell,235247568
2024-08-28 09:28:34,24400.0,200,Sell,235247566
2024-08-28 09:28:34,24400.0,100,Sell,235247576
2024-08-28 09:28:34,24400.0,200,Sell,235247575
2024-08-28 09:28:34,24400.0,300,Sell,235247574
2024-08-28 09:28:34,24400.0,200,Sell,235247573
2024-08-28 09:28:34,24400.0,1000,Sell,235247577
2024-08-28 09:28:34,24400.0,1000,Sell,235247571
2024-08-28 09:28:34,24400.0,100,Sell,235247570
2024-08-28 09:28:34,24400.0,200,Sell,235247565
2024-08-28 09:28:34,24400.0,7000,Sell,235247567
2024-08-28 09:28:34,24400.0,1000,Sell,235247572
2024-08-28 09:28:35,24400.0,100,Buy,235247612
2024-08-28 09:28:51,24400.0,1000,Buy,235247944
2024-08-28 09:29:11,24400.0,200,Buy,235248472
2024-08-28 09:29:20,24400.0,1000,Buy,235248703
2024-08-28 09:29:27,24400.0,100,Buy,235248871
2024-08-28 09:29:27,24400.0,29300,Buy,235248870
2024-08-28 09:29:27,24400.0,2600,Buy,235248872
2024-08-28 09:29:35,24350.0,100,Sell,235249016
2024-08-28 09:29:35,24350.0,1900,Sell,235249017
2024-08-28 09:30:06,24350.0,100,Sell,235249733
2024-08-28 09:30:33,24400.0,200,Buy,235250341
2024-08-28 09:30:51,24350.0,100,Sell,235250769
2024-08-28 09:30:51,24400.0,100,Buy,235250778
2024-08-28 09:30:53,24400.0,200,Buy,235250803
2024-08-28 09:31:24,24400.0,1000,Buy,235251591
2024-08-28 09:32:08,24350.0,100,Sell,235252607
2024-08-28 09:32:08,24400.0,6000,Buy,235252602
2024-08-28 09:32:24,24400.0,500,Buy,235252959
2024-08-28 09:32:34,24350.0,1000,Sell,235253231
2024-08-28 09:32:34,24350.0,100,Sell,235253232
2024-08-28 09:32:34,24350.0,2100,Sell,235253233
2024-08-28 09:32:34,24350.0,800,Sell,235253230
2024-08-28 09:32:35,24400.0,5000,Buy,235253259
2024-08-28 09:32:40,24400.0,600,Buy,235253342
2024-08-28 09:32:58,24400.0,500,Buy,235253807
2024-08-28 09:33:00,24350.0,100,Sell,235254072
2024-08-28 09:34:23,24350.0,100,Sell,235255810
2024-08-28 09:34:25,24350.0,500,Sell,235255856
2024-08-28 09:35:33,24350.0,5000,Sell,235257312
2024-08-28 09:35:59,24400.0,100,Buy,235257931
2024-08-28 09:35:59,24400.0,2200,Buy,235257948
2024-08-28 09:36:00,24350.0,100,Sell,235257956
2024-08-28 09:36:16,24400.0,200,Buy,235258254
2024-08-28 09:36:38,24350.0,500,Sell,235258669
2024-08-28 09:37:12,24400.0,200,Buy,235259427
2024-08-28 09:37:12,24400.0,100,Buy,235259426
2024-08-28 09:37:12,24400.0,200,Buy,235259419
2024-08-28 09:37:12,24400.0,1200,Buy,235259425
2024-08-28 09:37:12,24400.0,100,Buy,235259424
2024-08-28 09:37:12,24400.0,1000,Buy,235259423
2024-08-28 09:37:12,24400.0,2000,Buy,235259422
2024-08-28 09:37:12,24400.0,500,Buy,235259421
2024-08-28 09:37:12,24400.0,500,Buy,235259428
2024-08-28 09:37:12,24400.0,4100,Buy,235259420
2024-08-28 09:37:12,24400.0,14100,Buy,235259418
2024-08-28 09:37:12,24400.0,14100,Buy,235259414
2024-08-28 09:37:12,24400.0,2300,Buy,235259416
2024-08-28 09:37:12,24400.0,100,Buy,235259417
2024-08-28 09:37:12,24400.0,14100,Buy,235259406
2024-08-28 09:37:12,24400.0,200,Buy,235259407
2024-08-28 09:37:12,24400.0,100,Buy,235259409
2024-08-28 09:37:12,24400.0,200,Buy,235259408
2024-08-28 09:37:12,24400.0,100,Buy,235259411
2024-08-28 09:37:12,24400.0,1000,Buy,235259410
2024-08-28 09:37:12,24400.0,14100,Buy,235259415
2024-08-28 09:37:12,24400.0,1000,Buy,235259412
2024-08-28 09:37:12,24400.0,82000,Buy,235259413
2024-08-28 09:37:13,24400.0,300,Sell,235259431
2024-08-28 09:37:29,24400.0,400,Sell,235259845
2024-08-28 09:37:46,24400.0,500,Sell,235260154
2024-08-28 09:38:11,24400.0,500,Sell,235260563
2024-08-28 09:38:17,24400.0,5300,Sell,235260669
2024-08-28 09:38:17,24400.0,20000,Sell,235260663
2024-08-28 09:38:18,24400.0,10000,Sell,235260693
2024-08-28 09:38:22,24400.0,9700,Sell,235260761
2024-08-28 09:38:22,24400.0,300,Sell,235260762
2024-08-28 09:38:25,24400.0,16800,Sell,235260818
2024-08-28 09:38:25,24400.0,2000,Sell,235260814
2024-08-28 09:38:25,24400.0,100,Sell,235260817
2024-08-28 09:38:25,24400.0,50000,Sell,235260815
2024-08-28 09:38:25,24400.0,1500,Sell,235260816
2024-08-28 09:38:25,24400.0,100,Sell,235260811
2024-08-28 09:38:25,24400.0,2000,Sell,235260812
2024-08-28 09:38:25,24400.0,4700,Sell,235260808
2024-08-28 09:38:25,24400.0,6000,Sell,235260813
2024-08-28 09:38:25,24400.0,10000,Sell,235260810
2024-08-28 09:38:25,24400.0,1000,Sell,235260809
2024-08-28 09:38:35,24400.0,5800,Buy,235260968
2024-08-28 09:38:35,24400.0,500,Buy,235260969
2024-08-28 09:38:39,24400.0,1300,Sell,235261035
2024-08-28 09:38:42,24400.0,300,Sell,235261101
2024-08-28 09:38:48,24400.0,10000,Sell,235261182
2024-08-28 09:38:53,24400.0,5000,Sell,235261299
2024-08-28 09:38:59,24400.0,300,Sell,235261421
2024-08-28 09:39:04,24400.0,1000,Sell,235261499
2024-08-28 09:39:43,24400.0,300,Sell,235262309
2024-08-28 09:40:02,24450.0,200,Buy,235262627
2024-08-28 09:40:02,24450.0,3000,Buy,235262626
2024-08-28 09:40:28,24450.0,1700,Buy,235263118
2024-08-28 09:40:42,24400.0,100,Sell,235263351
2024-08-28 09:40:51,24450.0,100,Buy,235263481
2024-08-28 09:41:09,24400.0,500,Sell,235263756
2024-08-28 09:41:32,24400.0,6000,Sell,235264140
2024-08-28 09:41:53,24400.0,600,Sell,235264538
2024-08-28 09:42:04,24400.0,10000,Sell,235264720
2024-08-28 09:42:26,24450.0,1000,Buy,235265156
2024-08-28 09:42:39,24400.0,200,Sell,235265382
2024-08-28 09:42:46,24450.0,1000,Buy,235265513
2024-08-28 09:43:06,24450.0,2000,Buy,235265844
2024-08-28 09:43:09,24400.0,9800,Sell,235265876
2024-08-28 09:43:11,24450.0,300,Buy,235265977
2024-08-28 09:43:18,24450.0,1000,Buy,235266099
2024-08-28 09:43:52,24450.0,800,Buy,235266722
2024-08-28 09:43:53,24450.0,1000,Buy,235266745
2024-08-28 09:44:12,24450.0,5000,Buy,235267111
2024-08-28 09:44:12,24450.0,1000,Buy,235267112
2024-08-28 09:44:19,24400.0,100,Sell,235267199
2024-08-28 09:44:21,24450.0,1000,Buy,235267224
2024-08-28 09:44:23,24450.0,4000,Buy,235267280
2024-08-28 09:44:31,24400.0,200,Sell,235267387
2024-08-28 09:44:36,24400.0,500,Sell,235267452
2024-08-28 09:44:42,24400.0,600,Sell,235267547
2024-08-28 09:45:35,24450.0,9000,Buy,235268688
2024-08-28 09:45:35,24450.0,1000,Buy,235268689
2024-08-28 09:45:49,24400.0,700,Sell,235269102
2024-08-28 09:45:55,24450.0,100,Buy,235269235
2024-08-28 09:46:05,24450.0,300,Buy,235269464
2024-08-28 09:46:44,24400.0,2500,Sell,235270310
2024-08-28 09:47:04,24400.0,100,Sell,235270641
2024-08-28 09:47:05,24400.0,200,Sell,235270658
2024-08-28 09:47:08,24450.0,5000,Buy,235270713
2024-08-28 09:47:08,24450.0,200,Buy,235270714
2024-08-28 09:47:08,24450.0,100,Buy,235270715
2024-08-28 09:47:08,24450.0,500,Buy,235270716
2024-08-28 09:47:08,24450.0,14700,Buy,235270717
2024-08-28 09:47:08,24450.0,1000,Buy,235270718
2024-08-28 09:47:08,24450.0,3000,Buy,235270719
2024-08-28 09:47:08,24450.0,500,Buy,235270720
2024-08-28 09:47:08,24450.0,1900,Buy,235270722
2024-08-28 09:47:08,24450.0,100,Buy,235270723
2024-08-28 09:47:08,24450.0,100,Buy,235270724
2024-08-28 09:47:08,24450.0,1000,Buy,235270725
2024-08-28 09:47:08,24450.0,2500,Buy,235270726
2024-08-28 09:47:08,24450.0,200,Buy,235270711
2024-08-28 09:47:08,24450.0,1000,Buy,235270721
2024-08-28 09:47:08,24450.0,21000,Buy,235270710
2024-08-28 09:47:08,24450.0,14100,Buy,235270712
2024-08-28 09:47:08,24450.0,7300,Buy,235270708
2024-08-28 09:47:08,24450.0,1000,Buy,235270709
2024-08-28 09:47:08,24450.0,100,Buy,235270692
2024-08-28 09:47:08,24450.0,5000,Buy,235270693
2024-08-28 09:47:08,24450.0,100,Buy,235270694
2024-08-28 09:47:08,24450.0,1000,Buy,235270696
2024-08-28 09:47:08,24450.0,1000,Buy,235270697
2024-08-28 09:47:08,24450.0,30000,Buy,235270698
2024-08-28 09:47:08,24450.0,1000,Buy,235270699
2024-08-28 09:47:08,24450.0,500,Buy,235270695
2024-08-28 09:47:08,24450.0,300,Buy,235270701
2024-08-28 09:47:08,24450.0,14100,Buy,235270702
2024-08-28 09:47:08,24450.0,500,Buy,235270703
2024-08-28 09:47:08,24450.0,200,Buy,235270704
2024-08-28 09:47:08,24450.0,700,Buy,235270705
2024-08-28 09:47:08,24450.0,1900,Buy,235270706
2024-08-28 09:47:08,24450.0,1000,Buy,235270700
2024-08-28 09:47:08,24450.0,14100,Buy,235270707
2024-08-28 09:47:09,24500.0,300,Buy,235270768
2024-08-28 09:47:09,24500.0,4500,Buy,235270767
2024-08-28 09:47:09,24500.0,500,Buy,235270766
2024-08-28 09:47:09,24500.0,2000,Buy,235270765
2024-08-28 09:47:09,24500.0,3900,Buy,235270764
2024-08-28 09:47:09,24500.0,200,Buy,235270761
2024-08-28 09:47:09,24500.0,200,Buy,235270762
2024-08-28 09:47:09,24500.0,2000,Buy,235270760
2024-08-28 09:47:09,24500.0,1000,Buy,235270759
2024-08-28 09:47:09,24500.0,5000,Buy,235270769
2024-08-28 09:47:09,24500.0,5000,Buy,235270763
2024-08-28 09:47:09,24500.0,1000,Buy,235270770
2024-08-28 09:47:09,24500.0,200,Buy,235270779
2024-08-28 09:47:09,24500.0,300,Buy,235270772
2024-08-28 09:47:09,24500.0,3500,Buy,235270773
2024-08-28 09:47:09,24500.0,1000,Buy,235270774
2024-08-28 09:47:09,24500.0,200,Buy,235270775
2024-08-28 09:47:09,24500.0,1000,Buy,235270776
2024-08-28 09:47:09,24500.0,1000,Buy,235270777
2024-08-28 09:47:09,24500.0,5000,Buy,235270778
2024-08-28 09:47:09,24500.0,600,Buy,235270780
2024-08-28 09:47:09,24500.0,100,Buy,235270781
2024-08-28 09:47:09,24500.0,800,Buy,235270782
2024-08-28 09:47:09,24500.0,3400,Buy,235270783
2024-08-28 09:47:09,24500.0,300,Buy,235270758
2024-08-28 09:47:09,24500.0,100,Buy,235270771
2024-08-28 09:47:09,24500.0,4000,Buy,235270757
2024-08-28 09:47:09,24500.0,100,Buy,235270739
2024-08-28 09:47:09,24500.0,200,Buy,235270755
2024-08-28 09:47:09,24450.0,50000,Buy,235270729
2024-08-28 09:47:09,24450.0,100,Buy,235270730
2024-08-28 09:47:09,24500.0,800,Buy,235270756
2024-08-28 09:47:09,24450.0,1000,Buy,235270732
2024-08-28 09:47:09,24450.0,1500,Buy,235270733
2024-08-28 09:47:09,24450.0,5000,Buy,235270734
2024-08-28 09:47:09,24450.0,500,Buy,235270735
2024-08-28 09:47:09,24500.0,59900,Buy,235270736
2024-08-28 09:47:09,24500.0,500,Buy,235270737
2024-08-28 09:47:09,24500.0,150000,Buy,235270738
2024-08-28 09:47:09,24500.0,1000,Buy,235270740
2024-08-28 09:47:09,24500.0,5000,Buy,235270741
2024-08-28 09:47:09,24450.0,200,Buy,235270731
2024-08-28 09:47:09,24500.0,200,Buy,235270743
2024-08-28 09:47:09,24500.0,200,Buy,235270744
2024-08-28 09:47:09,24500.0,1300,Buy,235270754
2024-08-28 09:47:09,24500.0,21200,Buy,235270745
2024-08-28 09:47:09,24500.0,400,Buy,235270746
2024-08-28 09:47:09,24500.0,500,Buy,235270747
2024-08-28 09:47:09,24500.0,5000,Buy,235270748
2024-08-28 09:47:09,24500.0,500,Buy,235270749
2024-08-28 09:47:09,24500.0,100,Buy,235270750
2024-08-28 09:47:09,24500.0,200,Buy,235270751
2024-08-28 09:47:09,24500.0,100,Buy,235270752
2024-08-28 09:47:09,24500.0,200,Buy,235270753
2024-08-28 09:47:09,24500.0,500,Buy,235270742
2024-08-28 09:47:22,24450.0,500,Sell,235271002
2024-08-28 09:47:23,24500.0,500,Buy,235271037
2024-08-28 09:47:30,24450.0,5000,Sell,235271140
2024-08-28 09:47:30,24450.0,500,Sell,235271141
2024-08-28 09:47:30,24450.0,500,Sell,235271138
2024-08-28 09:47:30,24450.0,500,Sell,235271139
2024-08-28 09:47:31,24450.0,500,Buy,235271163
2024-08-28 09:47:38,24450.0,40000,Buy,235271355
2024-08-28 09:47:39,24450.0,2000,Buy,235271379
2024-08-28 09:47:39,24450.0,1000,Buy,235271380
2024-08-28 09:47:41,24450.0,10000,Buy,235271433
2024-08-28 09:48:01,24500.0,500,Buy,235272010
2024-08-28 09:48:01,24500.0,300,Buy,235272009
2024-08-28 09:48:01,24500.0,500,Buy,235272008
2024-08-28 09:48:01,24500.0,1100,Buy,235272006
2024-08-28 09:48:01,24500.0,100,Buy,235272007
2024-08-28 09:48:07,24500.0,900,Buy,235272139
2024-08-28 09:48:07,24500.0,500,Buy,235272138
2024-08-28 09:48:07,24500.0,500,Buy,235272135
2024-08-28 09:48:07,24500.0,100,Buy,235272137
2024-08-28 09:48:07,24500.0,200,Buy,235272136
2024-08-28 09:48:07,24500.0,1000,Buy,235272134
2024-08-28 09:48:07,24500.0,2000,Buy,235272129
2024-08-28 09:48:07,24500.0,2000,Buy,235272132
2024-08-28 09:48:07,24500.0,500,Buy,235272133
2024-08-28 09:48:07,24500.0,100,Buy,235272127
2024-08-28 09:48:07,24500.0,1100,Buy,235272128
2024-08-28 09:48:07,24500.0,100,Buy,235272130
2024-08-28 09:48:07,24500.0,1000,Buy,235272131
2024-08-28 09:48:16,24500.0,100,Buy,235272334
2024-08-28 09:48:16,24500.0,100,Buy,235272353
2024-08-28 09:48:16,24500.0,500,Buy,235272352
2024-08-28 09:48:16,24500.0,1000,Buy,235272351
2024-08-28 09:48:16,24500.0,100,Buy,235272350
2024-08-28 09:48:16,24500.0,500,Buy,235272333
2024-08-28 09:48:16,24500.0,100,Buy,235272347
2024-08-28 09:48:16,24500.0,2000,Buy,235272346
2024-08-28 09:48:16,24500.0,600,Buy,235272345
2024-08-28 09:48:16,24500.0,500,Buy,235272344
2024-08-28 09:48:16,24500.0,100,Buy,235272349
2024-08-28 09:48:16,24500.0,200,Buy,235272342
2024-08-28 09:48:16,24500.0,100,Buy,235272343
2024-08-28 09:48:16,24500.0,1300,Buy,235272335
2024-08-28 09:48:16,24500.0,1000,Buy,235272336
2024-08-28 09:48:16,24500.0,200,Buy,235272337
2024-08-28 09:48:16,24500.0,500,Buy,235272348
2024-08-28 09:48:16,24500.0,30000,Buy,235272339
2024-08-28 09:48:16,24500.0,500,Buy,235272340
2024-08-28 09:48:16,24500.0,100,Buy,235272341
2024-08-28 09:48:16,24500.0,500,Buy,235272338
2024-08-28 09:48:21,24500.0,1000,Buy,235272458
2024-08-28 09:48:21,24500.0,100,Buy,235272437
2024-08-28 09:48:21,24500.0,1900,Buy,235272451
2024-08-28 09:48:21,24500.0,100,Buy,235272452
2024-08-28 09:48:21,24500.0,200,Buy,235272453
2024-08-28 09:48:21,24500.0,200,Buy,235272454
2024-08-28 09:48:21,24500.0,2000,Buy,235272455
2024-08-28 09:48:21,24500.0,400,Buy,235272456
2024-08-28 09:48:21,24500.0,300,Buy,235272457
2024-08-28 09:48:21,24500.0,900,Buy,235272436
2024-08-28 09:48:23,24500.0,5000,Sell,235272495
2024-08-28 09:48:35,24550.0,200,Buy,235272769
2024-08-28 09:48:35,24550.0,100,Buy,235272770
2024-08-28 09:48:35,24550.0,600,Buy,235272771
2024-08-28 09:48:35,24550.0,100,Buy,235272768
2024-08-28 09:48:42,24550.0,500,Buy,235272932
2024-08-28 09:48:44,24550.0,500,Buy,235272993
2024-08-28 09:48:54,24550.0,1000,Buy,235273239
2024-08-28 09:48:58,24550.0,300,Buy,235273316
2024-08-28 09:48:58,24550.0,200,Buy,235273315
2024-08-28 09:48:58,24550.0,100,Buy,235273314
2024-08-28 09:48:58,24550.0,2400,Buy,235273313
2024-08-28 09:48:59,24550.0,100,Buy,235273334
2024-08-28 09:48:59,24550.0,400,Buy,235273335
2024-08-28 09:48:59,24550.0,200,Buy,235273336
2024-08-28 09:48:59,24550.0,300,Buy,235273337
2024-08-28 09:49:05,24500.0,500,Sell,235273500
2024-08-28 09:49:08,24550.0,1800,Buy,235273596
2024-08-28 09:49:08,24550.0,500,Buy,235273595
2024-08-28 09:49:08,24550.0,200,Buy,235273591
2024-08-28 09:49:08,24550.0,500,Buy,235273593
2024-08-28 09:49:08,24550.0,2000,Buy,235273592
2024-08-28 09:49:08,24550.0,5000,Buy,235273594
2024-08-28 09:49:23,24500.0,200,Sell,235273893
2024-08-28 09:49:26,24500.0,1000,Sell,235273927
2024-08-28 09:49:32,24500.0,3000,Sell,235274037
2024-08-28 09:49:32,24500.0,2000,Sell,235274032
2024-08-28 09:49:32,24500.0,1000,Sell,235274036
2024-08-28 09:49:32,24500.0,2000,Sell,235274035
2024-08-28 09:49:32,24500.0,500,Sell,235274034
2024-08-28 09:49:32,24500.0,200,Sell,235274033
2024-08-28 09:49:32,24500.0,1000,Sell,235274031
2024-08-28 09:49:32,24500.0,100,Sell,235274025
2024-08-28 09:49:32,24500.0,1000,Sell,235274029
2024-08-28 09:49:32,24500.0,1000,Sell,235274030
2024-08-28 09:49:32,24500.0,7200,Sell,235274022
2024-08-28 09:49:32,24500.0,500,Sell,235274024
2024-08-28 09:49:32,24500.0,1000,Sell,235274023
2024-08-28 09:49:32,24500.0,500,Sell,235274026
2024-08-28 09:49:32,24500.0,3000,Sell,235274027
2024-08-28 09:49:32,24500.0,1000,Sell,235274028
2024-08-28 09:49:34,24500.0,2000,Sell,235274061
2024-08-28 09:49:39,24500.0,15000,Sell,235274206
2024-08-28 09:49:39,24500.0,500,Sell,235274207
2024-08-28 09:49:43,24500.0,1000,Buy,235274319
2024-08-28 09:49:46,24500.0,300,Buy,235274352
2024-08-28 09:49:46,24500.0,5000,Buy,235274353
2024-08-28 09:49:51,24500.0,6000,Buy,235274448
2024-08-28 09:50:05,24500.0,2000,Buy,235274680
2024-08-28 09:50:05,24500.0,500,Buy,235274689
2024-08-28 09:50:10,24500.0,300,Buy,235274771
2024-08-28 09:50:10,24500.0,500,Buy,235274772
2024-08-28 09:50:32,24500.0,200,Buy,235275248
2024-08-28 09:50:32,24450.0,40800,Sell,235275261
2024-08-28 09:50:33,24500.0,200,Buy,235275294
2024-08-28 09:50:34,24500.0,300,Buy,235275315
2024-08-28 09:50:36,24450.0,100,Buy,235275388
2024-08-28 09:50:36,24450.0,2000,Sell,235275377
2024-08-28 09:50:36,24450.0,500,Sell,235275376
2024-08-28 09:50:36,24450.0,100,Sell,235275375
2024-08-28 09:50:36,24450.0,3000,Sell,235275374
2024-08-28 09:50:36,24450.0,2000,Sell,235275371
2024-08-28 09:50:36,24450.0,500,Sell,235275373
2024-08-28 09:50:36,24450.0,400,Sell,235275372
2024-08-28 09:50:36,24450.0,500,Sell,235275370
2024-08-28 09:50:36,24450.0,1000,Sell,235275367
2024-08-28 09:50:36,24450.0,1000,Sell,235275368
2024-08-28 09:50:36,24450.0,300,Sell,235275369
2024-08-28 09:50:36,24500.0,2000,Buy,235275360
2024-08-28 09:50:36,24450.0,39200,Sell,235275361
2024-08-28 09:50:36,24450.0,500,Sell,235275362
2024-08-28 09:50:36,24450.0,500,Sell,235275365
2024-08-28 09:50:36,24450.0,1500,Sell,235275364
2024-08-28 09:50:36,24450.0,10000,Sell,235275366
2024-08-28 09:50:36,24450.0,1000,Sell,235275363
2024-08-28 09:50:41,24450.0,400,Buy,235275445
2024-08-28 09:50:59,24450.0,2000,Buy,235275805
2024-08-28 09:51:10,24450.0,1000,Buy,235276054
2024-08-28 09:51:11,24450.0,500,Buy,235276070
2024-08-28 09:51:12,24450.0,300,Buy,235276106
2024-08-28 09:51:17,24450.0,10000,Buy,235276236
2024-08-28 09:51:29,24450.0,100,Buy,235276472
2024-08-28 09:51:53,24450.0,200,Buy,235277100
2024-08-28 09:51:54,24450.0,2000,Buy,235277103
2024-08-28 09:51:54,24450.0,2000,Buy,235277116
2024-08-28 09:51:58,24450.0,1500,Buy,235277173
2024-08-28 09:52:08,24450.0,10000,Buy,235277342
2024-08-28 09:52:22,24450.0,400,Buy,235277625
2024-08-28 09:52:24,24450.0,1000,Buy,235277666
2024-08-28 09:52:25,24450.0,500,Buy,235277695
2024-08-28 09:52:25,24450.0,4500,Buy,235277694
2024-08-28 09:52:25,24450.0,5300,Buy,235277696
2024-08-28 09:52:28,24450.0,200,Buy,235277733
2024-08-28 09:52:29,24450.0,600,Buy,235277745
2024-08-28 09:52:29,24450.0,4500,Buy,235277744
2024-08-28 09:52:46,24450.0,4900,Sell,235278080
2024-08-28 09:52:46,24450.0,1000,Sell,235278081
2024-08-28 09:52:46,24450.0,1000,Sell,235278082
2024-08-28 09:52:46,24450.0,500,Buy,235278100
2024-08-28 09:52:56,24450.0,2600,Buy,235278256
2024-08-28 09:52:56,24450.0,100,Buy,235278257
2024-08-28 09:53:01,24450.0,1300,Sell,235278350
2024-08-28 09:53:29,24450.0,500,Buy,235278960
2024-08-28 09:53:37,24450.0,5000,Buy,235279102
2024-08-28 09:53:57,24450.0,500,Buy,235279605
2024-08-28 09:54:09,24450.0,100,Buy,235279962
2024-08-28 09:54:10,24450.0,500,Buy,235279971
2024-08-28 09:54:18,24450.0,1000,Buy,235280103
2024-08-28 09:54:36,24450.0,100,Buy,235280571
2024-08-28 09:54:37,24450.0,5000,Buy,235280613
2024-08-28 09:54:50,24450.0,900,Buy,235280891
2024-08-28 09:54:53,24450.0,2000,Buy,235280945
2024-08-28 09:54:59,24450.0,100,Buy,235281006
2024-08-28 09:55:01,24450.0,800,Buy,235281078
2024-08-28 09:55:09,24450.0,2000,Buy,235281209
2024-08-28 09:55:22,24450.0,1000,Buy,235281544
2024-08-28 09:55:39,24450.0,600,Buy,235281876
2024-08-28 09:56:39,24450.0,900,Buy,235283331
2024-08-28 09:56:41,24450.0,2000,Buy,235283374
2024-08-28 09:56:44,24400.0,1800,Sell,235283475
2024-08-28 09:56:55,24450.0,5000,Buy,235283708
2024-08-28 09:56:55,24450.0,10000,Buy,235283707
2024-08-28 09:56:55,24450.0,1000,Buy,235283706
2024-08-28 09:56:55,24450.0,200,Buy,235283703
2024-08-28 09:56:55,24450.0,100,Buy,235283704
2024-08-28 09:56:55,24450.0,7000,Buy,235283705
2024-08-28 09:56:55,24450.0,1000,Buy,235283702
2024-08-28 09:56:55,24450.0,75700,Buy,235283701
2024-08-28 09:57:10,24450.0,100,Buy,235284002
2024-08-28 09:57:10,24450.0,1200,Buy,235284003
2024-08-28 09:57:16,24450.0,1000,Buy,235284079
2024-08-28 09:57:18,24450.0,1000,Buy,235284107
2024-08-28 09:57:18,24450.0,1800,Buy,235284108
2024-08-28 09:57:18,24450.0,200,Buy,235284109
2024-08-28 09:57:20,24450.0,1800,Buy,235284171
2024-08-28 09:57:20,24450.0,200,Buy,235284172
2024-08-28 09:57:20,24450.0,3900,Buy,235284173
2024-08-28 09:57:36,24450.0,500,Buy,235284435
2024-08-28 09:57:38,24450.0,100,Buy,235284459
2024-08-28 09:57:46,24450.0,100,Buy,235284592
2024-08-28 09:57:49,24450.0,5400,Buy,235284647
2024-08-28 09:57:49,24450.0,20000,Sell,235284648
2024-08-28 09:58:00,24450.0,100,Sell,235284894
2024-08-28 09:58:09,24450.0,100,Sell,235285077
2024-08-28 09:58:29,24450.0,900,Sell,235285450
2024-08-28 09:58:59,24450.0,3500,Sell,235285932
2024-08-28 09:58:59,24450.0,1000,Sell,235285933
2024-08-28 09:58:59,24450.0,500,Sell,235285934
2024-08-28 09:58:59,24450.0,2000,Sell,235285935
2024-08-28 09:58:59,24450.0,1000,Sell,235285936
2024-08-28 09:58:59,24450.0,2000,Sell,235285937
2024-08-28 09:59:20,24450.0,200,Sell,235286384
2024-08-28 09:59:26,24450.0,1000,Sell,235286492
2024-08-28 09:59:26,24450.0,3000,Sell,235286493
2024-08-28 09:59:26,24450.0,7800,Sell,235286491
2024-08-28 09:59:33,24450.0,500,Buy,235286665
2024-08-28 09:59:33,24450.0,500,Buy,235286666
2024-08-28 09:59:33,24450.0,100,Buy,235286682
2024-08-28 09:59:37,24450.0,200,Buy,235286740
2024-08-28 09:59:58,24450.0,100,Buy,235287270
2024-08-28 09:59:58,24450.0,200,Buy,235287271
2024-08-28 10:00:31,24450.0,500,Buy,235287798
2024-08-28 10:00:51,24400.0,16600,Sell,235288257
2024-08-28 10:00:51,24400.0,8400,Sell,235288258
2024-08-28 10:01:18,24400.0,100,Sell,235288809
2024-08-28 10:01:46,24400.0,2000,Sell,235289209
2024-08-28 10:02:07,24450.0,500,Buy,235289627
2024-08-28 10:03:03,24400.0,4100,Sell,235290972
2024-08-28 10:03:06,24450.0,1000,Buy,235291027
2024-08-28 10:03:42,24450.0,200,Buy,235291674
2024-08-28 10:03:44,24450.0,500,Buy,235291735
2024-08-28 10:03:45,24400.0,5000,Sell,235291748
2024-08-28 10:04:06,24400.0,10000,Sell,235292183
2024-08-28 10:04:42,24400.0,100,Sell,235292772
2024-08-28 10:04:48,24400.0,1600,Sell,235292841
2024-08-28 10:04:52,24400.0,1400,Sell,235292928
2024-08-28 10:05:30,24400.0,5000,Sell,235293564
2024-08-28 10:05:40,24400.0,600,Sell,235293732
2024-08-28 10:05:40,24400.0,10000,Sell,235293731
2024-08-28 10:05:40,24400.0,100,Sell,235293729
2024-08-28 10:05:40,24400.0,100,Sell,235293730
2024-08-28 10:05:40,24400.0,200,Sell,235293727
2024-08-28 10:05:40,24400.0,100,Sell,235293726
2024-08-28 10:05:40,24400.0,12300,Sell,235293725
2024-08-28 10:05:40,24400.0,500,Sell,235293728
2024-08-28 10:05:41,24450.0,3000,Buy,235293740
2024-08-28 10:05:43,24400.0,400,Sell,235293804
2024-08-28 10:06:29,24400.0,200,Sell,235294629
2024-08-28 10:06:49,24450.0,1000,Buy,235294970
2024-08-28 10:07:09,24450.0,1000,Buy,235295210
2024-08-28 10:07:49,24450.0,1000,Buy,235295948
2024-08-28 10:08:08,24400.0,500,Sell,235296408
2024-08-28 10:08:11,24400.0,1700,Sell,235296465
2024-08-28 10:08:11,24400.0,100,Sell,235296464
2024-08-28 10:08:11,24400.0,600,Sell,235296463
2024-08-28 10:08:11,24400.0,2000,Sell,235296461
2024-08-28 10:08:11,24400.0,1200,Sell,235296460
2024-08-28 10:08:11,24400.0,300,Sell,235296459
2024-08-28 10:08:11,24400.0,100,Sell,235296462
2024-08-28 10:08:14,24450.0,300,Buy,235296524
2024-08-28 10:08:27,24400.0,2500,Sell,235296826
2024-08-28 10:08:50,24400.0,5800,Sell,235297268
2024-08-28 10:08:51,24400.0,500,Sell,235297283
2024-08-28 10:08:51,24400.0,1000,Sell,235297290
2024-08-28 10:08:51,24400.0,200,Sell,235297289
2024-08-28 10:08:51,24400.0,10000,Sell,235297288
2024-08-28 10:08:51,24400.0,100,Sell,235297287
2024-08-28 10:08:51,24400.0,1000,Sell,235297286
2024-08-28 10:08:51,24400.0,5000,Sell,235297285
2024-08-28 10:08:51,24400.0,1000,Sell,235297284
2024-08-28 10:08:51,24400.0,500,Sell,235297282
2024-08-28 10:08:51,24400.0,11400,Sell,235297291
2024-08-28 10:08:51,24400.0,1000,Sell,235297280
2024-08-28 10:08:51,24400.0,500,Sell,235297279
2024-08-28 10:08:51,24400.0,1000,Sell,235297278
2024-08-28 10:08:51,24400.0,3000,Sell,235297277
2024-08-28 10:08:51,24400.0,200,Sell,235297276
2024-08-28 10:08:51,24400.0,500,Sell,235297275
2024-08-28 10:08:51,24400.0,50000,Sell,235297274
2024-08-28 10:08:51,24400.0,1000,Sell,235297273
2024-08-28 10:08:51,24400.0,1000,Sell,235297281
2024-08-28 10:08:51,24400.0,1300,Sell,235297272
2024-08-28 10:08:52,24400.0,500,Sell,235297333
2024-08-28 10:09:07,24400.0,400,Sell,235297612
2024-08-28 10:09:14,24450.0,300,Buy,235297781
2024-08-28 10:09:14,24450.0,100,Buy,235297782
2024-08-28 10:09:14,24450.0,3600,Buy,235297783
2024-08-28 10:09:20,24400.0,2100,Sell,235297951
2024-08-28 10:09:56,24400.0,200,Sell,235298618
2024-08-28 10:10:08,24400.0,2000,Sell,235298808
2024-08-28 10:10:16,24400.0,800,Sell,235299056
2024-08-28 10:11:39,24400.0,200,Sell,235300635
2024-08-28 10:11:53,24400.0,300,Sell,235300970
2024-08-28 10:13:23,24400.0,11000,Sell,235302973
2024-08-28 10:13:33,24450.0,9000,Buy,235303195
2024-08-28 10:13:49,24400.0,300,Sell,235303585
2024-08-28 10:13:49,24400.0,1000,Sell,235303580
2024-08-28 10:13:49,24400.0,1000,Sell,235303581
2024-08-28 10:13:49,24400.0,15000,Sell,235303582
2024-08-28 10:13:49,24400.0,5000,Sell,235303583
2024-08-28 10:13:49,24400.0,5000,Sell,235303586
2024-08-28 10:13:49,24400.0,100,Sell,235303592
2024-08-28 10:13:49,24400.0,100,Sell,235303588
2024-08-28 10:13:49,24400.0,500,Sell,235303589
2024-08-28 10:13:49,24400.0,200,Sell,235303590
2024-08-28 10:13:49,24400.0,100,Sell,235303591
2024-08-28 10:13:49,24400.0,300,Sell,235303578
2024-08-28 10:13:49,24400.0,2900,Sell,235303593
2024-08-28 10:13:49,24400.0,1400,Sell,235303587
2024-08-28 10:13:49,24400.0,100,Sell,235303577
2024-08-28 10:13:49,24400.0,200,Sell,235303579
2024-08-28 10:13:49,24400.0,5000,Sell,235303575
2024-08-28 10:13:49,24400.0,5000,Sell,235303562
2024-08-28 10:13:49,24400.0,500,Sell,235303563
2024-08-28 10:13:49,24400.0,200,Sell,235303564
2024-08-28 10:13:49,24400.0,18000,Sell,235303565
2024-08-28 10:13:49,24400.0,20000,Sell,235303566
2024-08-28 10:13:49,24400.0,5000,Sell,235303567
2024-08-28 10:13:49,24400.0,800,Sell,235303561
2024-08-28 10:13:49,24400.0,5000,Sell,235303568
2024-08-28 10:13:49,24400.0,2100,Sell,235303570
2024-08-28 10:13:49,24400.0,600,Sell,235303571
2024-08-28 10:13:49,24400.0,200,Sell,235303572
2024-08-28 10:13:49,24400.0,200,Sell,235303573
2024-08-28 10:13:49,24400.0,1100,Sell,235303560
2024-08-28 10:13:49,24400.0,100,Sell,235303574
2024-08-28 10:13:49,24400.0,1000,Sell,235303569
2024-08-28 10:13:49,24400.0,2000,Sell,235303576
2024-08-28 10:14:08,24400.0,1000,Sell,235303972
2024-08-28 10:14:20,24400.0,100,Sell,235304267
2024-08-28 10:15:05,24400.0,200,Sell,235305095
2024-08-28 10:15:09,24400.0,1000,Sell,235305173
2024-08-28 10:15:31,24450.0,500,Buy,235305578
2024-08-28 10:15:38,24400.0,100,Sell,235305682
2024-08-28 10:15:44,24450.0,1900,Buy,235305846
2024-08-28 10:15:44,24450.0,100,Buy,235305847
2024-08-28 10:15:44,24450.0,300,Buy,235305848
2024-08-28 10:15:44,24450.0,400,Buy,235305849
2024-08-28 10:15:44,24450.0,300,Buy,235305850
2024-08-28 10:16:42,24450.0,500,Buy,235307083
2024-08-28 10:16:43,24450.0,400,Buy,235307092
2024-08-28 10:16:46,24400.0,2800,Sell,235307133
2024-08-28 10:17:18,24400.0,500,Sell,235307666
2024-08-28 10:17:18,24400.0,100,Sell,235307665
2024-08-28 10:17:18,24400.0,1900,Sell,235307661
2024-08-28 10:17:18,24400.0,500,Sell,235307663
2024-08-28 10:17:18,24400.0,100,Sell,235307662
2024-08-28 10:17:18,24400.0,200,Sell,235307664
2024-08-28 10:17:29,24400.0,600,Sell,235307968
2024-08-28 10:17:32,24400.0,500,Sell,235308011
2024-08-28 10:17:32,24400.0,1400,Sell,235308010
2024-08-28 10:18:30,24400.0,200,Sell,235308985
2024-08-28 10:18:30,24400.0,300,Sell,235308986
2024-08-28 10:18:30,24400.0,1000,Sell,235308987
2024-08-28 10:18:30,24400.0,1500,Sell,235308984
2024-08-28 10:19:22,24400.0,1700,Sell,235309978
2024-08-28 10:19:22,24400.0,100,Sell,235309979
2024-08-28 10:19:22,24400.0,200,Sell,235309980
2024-08-28 10:19:22,24400.0,1000,Sell,235309981
2024-08-28 10:19:22,24400.0,6000,Sell,235309982
2024-08-28 10:19:32,24400.0,100,Sell,235310089
2024-08-28 10:19:55,24400.0,100,Sell,235310441
2024-08-28 10:20:06,24400.0,100,Sell,235310620
2024-08-28 10:20:10,24400.0,3000,Sell,235310662
2024-08-28 10:20:39,24400.0,900,Sell,235311034
2024-08-28 10:20:51,24400.0,2900,Sell,235311184
2024-08-28 10:21:04,24450.0,200,Buy,235311393
2024-08-28 10:21:19,24400.0,1000,Sell,235311592
2024-08-28 10:22:13,24400.0,1000,Sell,235312597
2024-08-28 10:22:32,24400.0,600,Sell,235312885
2024-08-28 10:23:43,24400.0,4300,Sell,235313993
2024-08-28 10:23:43,24400.0,5000,Sell,235313994
2024-08-28 10:23:43,24400.0,200,Sell,235313996
2024-08-28 10:23:43,24400.0,500,Sell,235313997
2024-08-28 10:23:56,24450.0,500,Buy,235314227
2024-08-28 10:24:16,24450.0,1000,Buy,235314501
2024-08-28 10:24:29,24450.0,1000,Buy,235314662
2024-08-28 10:24:51,24450.0,1000,Buy,235315096
2024-08-28 10:24:53,24450.0,3000,Buy,235315146
2024-08-28 10:25:01,24450.0,1000,Buy,235315319
2024-08-28 10:25:13,24450.0,1000,Buy,235315475
2024-08-28 10:25:17,24450.0,1000,Buy,235315556
2024-08-28 10:25:29,24450.0,500,Buy,235316103
2024-08-28 10:25:51,24450.0,1000,Buy,235316420
2024-08-28 10:25:57,24400.0,500,Sell,235316550
2024-08-28 10:26:48,24450.0,100,Buy,235317440
2024-08-28 10:26:55,24400.0,5200,Sell,235317536
2024-08-28 10:26:55,24400.0,1000,Sell,235317535
2024-08-28 10:26:55,24400.0,2000,Sell,235317534
2024-08-28 10:26:55,24400.0,200,Sell,235317533
2024-08-28 10:26:55,24400.0,2000,Sell,235317531
2024-08-28 10:26:55,24400.0,200,Sell,235317530
2024-08-28 10:26:55,24400.0,500,Sell,235317532
2024-08-28 10:26:55,24400.0,1100,Sell,235317528
2024-08-28 10:26:55,24400.0,500,Sell,235317527
2024-08-28 10:26:55,24400.0,1500,Sell,235317526
2024-08-28 10:26:55,24400.0,300,Sell,235317525
2024-08-28 10:26:55,24400.0,2000,Sell,235317524
2024-08-28 10:26:55,24400.0,300,Sell,235317523
2024-08-28 10:26:55,24400.0,3000,Sell,235317522
2024-08-28 10:26:55,24400.0,200,Sell,235317529
2024-08-28 10:27:08,24400.0,3000,Sell,235317726
2024-08-28 10:29:04,24400.0,1000,Sell,235319591
2024-08-28 10:29:23,24400.0,100,Sell,235319844
2024-08-28 10:30:54,24450.0,100,Buy,235321220
2024-08-28 10:30:54,24400.0,100,Sell,235321212
2024-08-28 10:31:04,24450.0,500,Buy,235321394
2024-08-28 10:31:24,24450.0,4000,Buy,235321686
2024-08-28 10:31:24,24450.0,300,Buy,235321687
2024-08-28 10:31:39,24450.0,5000,Buy,235321978
2024-08-28 10:33:01,24450.0,2000,Buy,235323117
2024-08-28 10:33:20,24450.0,100,Buy,235323345
2024-08-28 10:34:01,24450.0,2000,Buy,235323938
2024-08-28 10:34:34,24400.0,100,Sell,235324430
2024-08-28 10:34:36,24400.0,20000,Sell,235324460
2024-08-28 10:34:45,24400.0,4000,Sell,235324615
2024-08-28 10:34:52,24400.0,2000,Sell,235324711
2024-08-28 10:35:21,24400.0,10500,Sell,235325265
2024-08-28 10:35:26,24400.0,100,Sell,235325353
2024-08-28 10:35:34,24400.0,20000,Sell,235325582
2024-08-28 10:35:34,24400.0,500,Sell,235325583
2024-08-28 10:35:42,24400.0,500,Sell,235325714
2024-08-28 10:35:56,24400.0,400,Sell,235325954
2024-08-28 10:36:10,24400.0,500,Sell,235326163
2024-08-28 10:36:25,24400.0,18000,Sell,235326472
2024-08-28 10:36:28,24400.0,1000,Sell,235326517
2024-08-28 10:37:40,24400.0,5000,Sell,235328245
2024-08-28 10:38:26,24400.0,100,Sell,235329221
2024-08-28 10:38:30,24400.0,5000,Sell,235329282
2024-08-28 10:39:31,24400.0,400,Sell,235330205
2024-08-28 10:39:55,24450.0,5000,Buy,235330690
2024-08-28 10:39:55,24450.0,200,Buy,235330691
2024-08-28 10:39:55,24450.0,4300,Buy,235330692
2024-08-28 10:39:55,24450.0,13500,Buy,235330689
2024-08-28 10:40:12,24400.0,20000,Sell,235330912
2024-08-28 10:40:29,24450.0,100,Buy,235331205
2024-08-28 10:40:29,24450.0,200,Buy,235331210
2024-08-28 10:40:29,24450.0,2000,Buy,235331209
2024-08-28 10:40:29,24450.0,900,Buy,235331208
2024-08-28 10:40:29,24450.0,100,Buy,235331207
2024-08-28 10:40:29,24450.0,100,Buy,235331206
2024-08-28 10:40:29,24450.0,100,Buy,235331204
2024-08-28 10:40:29,24450.0,2000,Buy,235331201
2024-08-28 10:40:29,24450.0,100,Buy,235331202
2024-08-28 10:40:29,24450.0,200,Buy,235331203
2024-08-28 10:40:29,24450.0,100,Buy,235331196
2024-08-28 10:40:29,24450.0,100,Buy,235331197
2024-08-28 10:40:29,24450.0,15700,Buy,235331195
2024-08-28 10:40:29,24450.0,27700,Buy,235331199
2024-08-28 10:40:29,24450.0,100,Buy,235331200
2024-08-28 10:40:29,24450.0,500,Buy,235331198
2024-08-28 10:40:31,24450.0,500,Buy,235331241
2024-08-28 10:40:31,24450.0,100,Buy,235331242
2024-08-28 10:40:31,24450.0,5000,Buy,235331243
2024-08-28 10:40:31,24450.0,4400,Buy,235331244
2024-08-28 10:40:41,24450.0,200,Buy,235331464
2024-08-28 10:40:41,24450.0,1100,Buy,235331465
2024-08-28 10:40:41,24450.0,100,Buy,235331466
2024-08-28 10:40:41,24450.0,100,Buy,235331467
2024-08-28 10:40:41,24450.0,5000,Buy,235331471
2024-08-28 10:40:41,24450.0,1000,Buy,235331469
2024-08-28 10:40:41,24450.0,500,Buy,235331470
2024-08-28 10:40:41,24450.0,2000,Buy,235331472
2024-08-28 10:40:41,24450.0,500,Buy,235331463
2024-08-28 10:40:41,24450.0,4000,Buy,235331468
2024-08-28 10:40:41,24450.0,400,Buy,235331462
2024-08-28 10:40:41,24400.0,20000,Sell,235331475
2024-08-28 10:40:41,24450.0,200,Buy,235331460
2024-08-28 10:40:41,24450.0,2000,Buy,235331461
2024-08-28 10:40:41,24450.0,4100,Buy,235331449
2024-08-28 10:40:41,24450.0,800,Buy,235331450
2024-08-28 10:40:41,24450.0,500,Buy,235331451
2024-08-28 10:40:41,24450.0,5000,Buy,235331452
2024-08-28 10:40:41,24450.0,500,Buy,235331453
2024-08-28 10:40:41,24450.0,4200,Buy,235331473
2024-08-28 10:40:41,24450.0,400,Buy,235331455
2024-08-28 10:40:41,24450.0,10000,Buy,235331456
2024-08-28 10:40:41,24450.0,1000,Buy,235331457
2024-08-28 10:40:41,24450.0,3000,Buy,235331454
2024-08-28 10:40:41,24450.0,300,Buy,235331458
2024-08-28 10:40:41,24450.0,3100,Buy,235331459
2024-08-28 10:40:44,24450.0,100,Buy,235331533
2024-08-28 10:40:44,24450.0,2000,Buy,235331535
2024-08-28 10:40:45,24450.0,3000,Buy,235331547
2024-08-28 10:40:46,24450.0,1500,Buy,235331563
2024-08-28 10:40:46,24450.0,200,Buy,235331564
2024-08-28 10:40:46,24450.0,300,Buy,235331565
2024-08-28 10:40:46,24450.0,1000,Buy,235331569
2024-08-28 10:40:46,24450.0,400,Buy,235331567
2024-08-28 10:40:46,24450.0,5000,Buy,235331568
2024-08-28 10:40:46,24450.0,100,Buy,235331562
2024-08-28 10:40:46,24450.0,4000,Buy,235331566
2024-08-28 10:40:46,24450.0,100,Buy,235331561
2024-08-28 10:40:46,24450.0,5000,Buy,235331557
2024-08-28 10:40:46,24450.0,500,Buy,235331559
2024-08-28 10:40:46,24450.0,500,Buy,235331558
2024-08-28 10:40:46,24450.0,900,Buy,235331556
2024-08-28 10:40:46,24450.0,5000,Buy,235331555
2024-08-28 10:40:46,24450.0,10000,Buy,235331554
2024-08-28 10:40:46,24450.0,800,Buy,235331553
2024-08-28 10:40:46,24450.0,11000,Buy,235331552
2024-08-28 10:40:46,24450.0,100,Buy,235331551
2024-08-28 10:40:46,24450.0,300,Buy,235331550
2024-08-28 10:40:46,24450.0,500,Buy,235331560
2024-08-28 10:41:13,24450.0,100,Sell,235332030
2024-08-28 10:41:15,24450.0,190200,Sell,235332051
2024-08-28 10:41:15,24450.0,5000,Sell,235332049
2024-08-28 10:41:15,24450.0,100,Sell,235332050
2024-08-28 10:41:15,24450.0,2000,Sell,235332047
2024-08-28 10:41:15,24450.0,50000,Sell,235332048
2024-08-28 10:41:15,24450.0,20000,Sell,235332046
2024-08-28 10:41:15,24450.0,52700,Sell,235332045
2024-08-28 10:41:27,24450.0,400,Sell,235332274
2024-08-28 10:41:27,24450.0,100,Sell,235332275
2024-08-28 10:41:30,24450.0,1000,Sell,235332317
2024-08-28 10:41:35,24450.0,100,Sell,235332401
2024-08-28 10:41:41,24450.0,5000,Sell,235332522
2024-08-28 10:41:46,24450.0,3800,Sell,235332612
2024-08-28 10:41:46,24450.0,800,Sell,235332613
2024-08-28 10:41:50,24450.0,200,Buy,235332656
2024-08-28 10:41:54,24450.0,7000,Buy,235332684
2024-08-28 10:41:59,24450.0,100,Buy,235332748
2024-08-28 10:41:59,24450.0,2000,Buy,235332749
2024-08-28 10:42:09,24450.0,900,Sell,235332877
2024-08-28 10:42:09,24450.0,5000,Sell,235332878
2024-08-28 10:42:09,24450.0,2000,Sell,235332879
2024-08-28 10:42:11,24450.0,200,Buy,235332890
2024-08-28 10:42:12,24450.0,1900,Buy,235332900
2024-08-28 10:42:23,24450.0,100,Sell,235333042
2024-08-28 10:42:23,24450.0,100,Sell,235333043
2024-08-28 10:42:23,24450.0,800,Sell,235333044
2024-08-28 10:42:27,24450.0,500,Sell,235333074
2024-08-28 10:42:41,24450.0,1600,Sell,235333252
2024-08-28 10:42:44,24450.0,3000,Sell,235333319
2024-08-28 10:42:57,24450.0,4100,Sell,235333507
2024-08-28 10:42:57,24450.0,25100,Sell,235333508
2024-08-28 10:43:24,24500.0,100,Buy,235334066
2024-08-28 10:43:26,24450.0,50000,Sell,235334084
2024-08-28 10:43:53,24450.0,100,Sell,235334487
2024-08-28 10:44:36,24450.0,20000,Sell,235335107
2024-08-28 10:44:54,24450.0,1000,Sell,235335309
2024-08-28 10:44:57,24450.0,200,Sell,235335325
2024-08-28 10:45:06,24450.0,200,Sell,235335424
2024-08-28 10:45:15,24450.0,100,Sell,235335508
2024-08-28 10:45:28,24450.0,300,Sell,235335637
2024-08-28 10:45:35,24450.0,100,Sell,235335701
2024-08-28 10:46:56,24450.0,1000,Sell,235336901
2024-08-28 10:46:59,24450.0,1700,Sell,235336952
2024-08-28 10:47:20,24450.0,200,Sell,235337320
2024-08-28 10:47:20,24450.0,4800,Sell,235337321
2024-08-28 10:48:03,24450.0,200,Sell,235337842
2024-08-28 10:48:12,24450.0,4000,Sell,235337947
2024-08-28 10:48:37,24450.0,1000,Sell,235338291
2024-08-28 10:48:52,24450.0,3000,Sell,235338523
2024-08-28 10:49:00,24500.0,3200,Buy,235338693
2024-08-28 10:49:00,24500.0,10000,Buy,235338692
2024-08-28 10:49:00,24500.0,5000,Buy,235338683
2024-08-28 10:49:00,24500.0,4000,Buy,235338682
2024-08-28 10:49:00,24500.0,100,Buy,235338681
2024-08-28 10:49:00,24500.0,200,Buy,235338680
2024-08-28 10:49:00,24500.0,100,Buy,235338684
2024-08-28 10:49:00,24500.0,300,Buy,235338678
2024-08-28 10:49:00,24500.0,5000,Buy,235338677
2024-08-28 10:49:00,24500.0,2000,Buy,235338676
2024-08-28 10:49:00,24500.0,16100,Buy,235338673
2024-08-28 10:49:00,24500.0,1000,Buy,235338675
2024-08-28 10:49:00,24500.0,1000,Buy,235338674
2024-08-28 10:49:00,24500.0,2000,Buy,235338679
2024-08-28 10:49:44,24500.0,500,Buy,235339278
2024-08-28 10:49:46,24500.0,5000,Buy,235339297
2024-08-28 10:50:29,24450.0,500,Sell,235339799
2024-08-28 10:50:32,24450.0,100,Sell,235339844
2024-08-28 10:50:55,24450.0,1000,Sell,235340150
2024-08-28 10:52:05,24500.0,200,Buy,235341356
2024-08-28 10:52:19,24500.0,2000,Buy,235341597
2024-08-28 10:52:29,24500.0,800,Buy,235341774
2024-08-28 10:52:34,24500.0,100,Buy,235341847
2024-08-28 10:52:34,24500.0,5000,Buy,235341853
2024-08-28 10:52:34,24500.0,1000,Buy,235341852
2024-08-28 10:52:34,24500.0,800,Buy,235341851
2024-08-28 10:52:34,24500.0,2000,Buy,235341850
2024-08-28 10:52:34,24500.0,1000,Buy,235341849
2024-08-28 10:52:34,24500.0,200,Buy,235341848
2024-08-28 10:52:34,24500.0,500,Buy,235341846
2024-08-28 10:52:34,24500.0,100,Buy,235341832
2024-08-28 10:52:34,24500.0,100,Buy,235341844
2024-08-28 10:52:34,24500.0,1400,Buy,235341843
2024-08-28 10:52:34,24500.0,200,Buy,235341842
2024-08-28 10:52:34,24500.0,200,Buy,235341841
2024-08-28 10:52:34,24500.0,2000,Buy,235341840
2024-08-28 10:52:34,24500.0,100,Buy,235341839
2024-08-28 10:52:34,24500.0,4900,Buy,235341838
2024-08-28 10:52:34,24500.0,500,Buy,235341845
2024-08-28 10:52:39,24500.0,100,Buy,235341948
2024-08-28 10:53:08,24500.0,3300,Buy,235342404
2024-08-28 10:53:08,24500.0,100,Buy,235342403
2024-08-28 10:53:08,24500.0,5000,Buy,235342402
2024-08-28 10:53:08,24500.0,1000,Buy,235342401
2024-08-28 10:53:08,24500.0,4000,Buy,235342398
2024-08-28 10:53:08,24500.0,3000,Buy,235342399
2024-08-28 10:53:08,24500.0,100,Buy,235342397
2024-08-28 10:53:08,24500.0,4900,Buy,235342394
2024-08-28 10:53:08,24500.0,2000,Buy,235342400
2024-08-28 10:53:12,24500.0,35500,Buy,235342456
2024-08-28 10:53:15,24500.0,4000,Buy,235342490
2024-08-28 10:53:25,24500.0,2600,Buy,235342658
2024-08-28 10:53:25,24500.0,500,Buy,235342657
2024-08-28 10:53:25,24500.0,6000,Buy,235342659
2024-08-28 10:53:25,24500.0,100,Buy,235342655
2024-08-28 10:53:25,24500.0,7200,Buy,235342654
2024-08-28 10:53:25,24500.0,3600,Buy,235342656
2024-08-28 10:53:27,24500.0,200,Buy,235342697
2024-08-28 10:53:28,24500.0,50000,Buy,235342739
2024-08-28 10:53:28,24500.0,800,Buy,235342740
2024-08-28 10:53:28,24500.0,800,Buy,235342742
2024-08-28 10:53:28,24500.0,500,Buy,235342743
2024-08-28 10:53:28,24500.0,100,Buy,235342744
2024-08-28 10:53:28,24500.0,3000,Buy,235342745
2024-08-28 10:53:28,24500.0,2000,Buy,235342746
2024-08-28 10:53:28,24500.0,5000,Buy,235342747
2024-08-28 10:53:28,24500.0,200,Buy,235342748
2024-08-28 10:53:28,24500.0,100,Buy,235342749
2024-08-28 10:53:28,24500.0,100,Buy,235342750
2024-08-28 10:53:28,24500.0,500,Buy,235342751
2024-08-28 10:53:28,24500.0,500,Buy,235342752
2024-08-28 10:53:28,24500.0,1000,Buy,235342753
2024-08-28 10:53:28,24500.0,10000,Buy,235342754
2024-08-28 10:53:28,24500.0,200,Buy,235342755
2024-08-28 10:53:28,24500.0,500,Buy,235342756
2024-08-28 10:53:28,24500.0,1500,Buy,235342757
2024-08-28 10:53:28,24500.0,200,Buy,235342758
2024-08-28 10:53:28,24500.0,2000,Buy,235342759
2024-08-28 10:53:28,24500.0,5000,Buy,235342760
2024-08-28 10:53:28,24500.0,500,Buy,235342761
2024-08-28 10:53:28,24500.0,500,Buy,235342762
2024-08-28 10:53:28,24500.0,100,Buy,235342738
2024-08-28 10:53:28,24500.0,500,Buy,235342737
2024-08-28 10:53:28,24500.0,100,Buy,235342741
2024-08-28 10:53:28,24500.0,8500,Buy,235342735
2024-08-28 10:53:28,24500.0,800,Buy,235342711
2024-08-28 10:53:28,24500.0,10000,Buy,235342712
2024-08-28 10:53:28,24500.0,100,Buy,235342713
2024-08-28 10:53:28,24500.0,2000,Buy,235342714
2024-08-28 10:53:28,24500.0,3400,Buy,235342715
2024-08-28 10:53:28,24500.0,100,Buy,235342716
2024-08-28 10:53:28,24500.0,100,Buy,235342736
2024-08-28 10:53:28,24500.0,100,Buy,235342718
2024-08-28 10:53:28,24500.0,100,Buy,235342719
2024-08-28 10:53:28,24500.0,1000,Buy,235342720
2024-08-28 10:53:28,24500.0,1000,Buy,235342721
2024-08-28 10:53:28,24500.0,300,Buy,235342722
2024-08-28 10:53:28,24500.0,10000,Buy,235342717
2024-08-28 10:53:28,24500.0,500,Buy,235342724
2024-08-28 10:53:28,24500.0,3000,Buy,235342725
2024-08-28 10:53:28,24500.0,4000,Buy,235342726
2024-08-28 10:53:28,24500.0,800,Buy,235342727
2024-08-28 10:53:28,24500.0,200,Buy,235342728
2024-08-28 10:53:28,24500.0,300,Buy,235342729
2024-08-28 10:53:28,24500.0,700,Buy,235342730
2024-08-28 10:53:28,24500.0,4000,Buy,235342731
2024-08-28 10:53:28,24500.0,200,Buy,235342732
2024-08-28 10:53:28,24500.0,1000,Buy,235342733
2024-08-28 10:53:28,24500.0,500,Buy,235342734
2024-08-28 10:53:28,24500.0,200,Buy,235342723
2024-08-28 10:53:32,24500.0,20000,Sell,235342845
2024-08-28 10:53:40,24500.0,200,Sell,235342950
2024-08-28 10:53:41,24500.0,1200,Sell,235342962
2024-08-28 10:53:41,24500.0,5000,Sell,235342963
2024-08-28 10:53:41,24500.0,3400,Sell,235342964
2024-08-28 10:53:41,24500.0,400,Sell,235342965
2024-08-28 10:53:50,24550.0,7000,Buy,235343115
2024-08-28 10:53:50,24550.0,200,Buy,235343118
2024-08-28 10:53:50,24550.0,5000,Buy,235343117
2024-08-28 10:53:50,24550.0,200,Buy,235343116
2024-08-28 10:53:50,24550.0,4000,Buy,235343114
2024-08-28 10:53:50,24550.0,22100,Buy,235343119
2024-08-28 10:53:50,24550.0,100,Buy,235343112
2024-08-28 10:53:50,24550.0,300,Buy,235343111
2024-08-28 10:53:50,24550.0,200,Buy,235343110
2024-08-28 10:53:50,24550.0,500,Buy,235343109
2024-08-28 10:53:50,24550.0,200,Buy,235343108
2024-08-28 10:53:50,24550.0,7000,Buy,235343113
2024-08-28 10:53:50,24550.0,3200,Buy,235343107
2024-08-28 10:54:14,24500.0,200,Sell,235343451
2024-08-28 10:54:14,24500.0,500,Sell,235343450
2024-08-28 10:54:14,24500.0,100,Sell,235343449
2024-08-28 10:54:14,24500.0,300,Sell,235343445
2024-08-28 10:54:14,24500.0,5400,Sell,235343447
2024-08-28 10:54:14,24500.0,100,Sell,235343444
2024-08-28 10:54:14,24500.0,400,Sell,235343448
2024-08-28 10:54:14,24500.0,3000,Sell,235343446
2024-08-28 10:54:22,24550.0,2900,Buy,235343600
2024-08-28 10:54:22,24550.0,500,Buy,235343601
2024-08-28 10:54:22,24550.0,1000,Buy,235343602
2024-08-28 10:54:22,24550.0,100,Buy,235343603
2024-08-28 10:54:22,24550.0,500,Buy,235343604
2024-08-28 10:54:37,24550.0,3600,Buy,235343841
2024-08-28 10:54:37,24550.0,200,Buy,235343840
2024-08-28 10:54:37,24550.0,100,Buy,235343839
2024-08-28 10:54:37,24550.0,400,Buy,235343838
2024-08-28 10:54:37,24550.0,4000,Buy,235343836
2024-08-28 10:54:37,24550.0,100,Buy,235343835
2024-08-28 10:54:37,24550.0,1000,Buy,235343833
2024-08-28 10:54:37,24550.0,500,Buy,235343837
2024-08-28 10:54:37,24550.0,100,Buy,235343834
2024-08-28 10:54:38,24550.0,5000,Buy,235343844
2024-08-28 10:54:45,24550.0,2000,Buy,235343922
2024-08-28 10:54:55,24500.0,100,Sell,235344124
2024-08-28 10:55:09,24500.0,43800,Sell,235344331
2024-08-28 10:55:09,24500.0,200,Sell,235344330
2024-08-28 10:55:13,24500.0,5000,Sell,235344403
2024-08-28 10:55:23,24500.0,800,Sell,235344555
2024-08-28 10:55:25,24500.0,400,Sell,235344582
2024-08-28 10:55:25,24500.0,2600,Sell,235344583
2024-08-28 10:55:26,24500.0,1000,Sell,235344590
2024-08-28 10:55:36,24550.0,100,Buy,235344742
2024-08-28 10:55:44,24550.0,4000,Buy,235344890
2024-08-28 10:56:02,24500.0,4500,Sell,235345321
2024-08-28 10:56:10,24550.0,200,Buy,235345463
2024-08-28 10:56:32,24500.0,1500,Sell,235345765
2024-08-28 10:57:23,24500.0,200,Sell,235346577
2024-08-28 10:57:23,24500.0,7000,Sell,235346583
2024-08-28 10:57:23,24500.0,5000,Sell,235346581
2024-08-28 10:57:23,24500.0,100,Sell,235346580
2024-08-28 10:57:23,24500.0,400,Sell,235346579
2024-08-28 10:57:23,24500.0,10000,Sell,235346578
2024-08-28 10:57:23,24500.0,4000,Sell,235346576
2024-08-28 10:57:23,24500.0,500,Sell,235346582
2024-08-28 10:57:23,24500.0,1100,Sell,235346574
2024-08-28 10:57:23,24500.0,100,Sell,235346573
2024-08-28 10:57:23,24500.0,2000,Sell,235346572
2024-08-28 10:57:23,24500.0,2300,Sell,235346571
2024-08-28 10:57:23,24500.0,10000,Sell,235346570
2024-08-28 10:57:23,24500.0,5000,Sell,235346569
2024-08-28 10:57:23,24500.0,100,Sell,235346575
2024-08-28 10:57:23,24500.0,1800,Sell,235346568
2024-08-28 10:57:23,24500.0,400,Sell,235346567
2024-08-28 10:57:34,24500.0,5700,Sell,235346750
2024-08-28 10:57:53,24550.0,500,Buy,235347195
2024-08-28 10:58:02,24500.0,100,Sell,235347410
2024-08-28 10:58:13,24500.0,500,Sell,235347645
2024-08-28 10:58:16,24500.0,2300,Sell,235347750
2024-08-28 10:58:17,24550.0,500,Buy,235347799
2024-08-28 10:58:17,24550.0,3000,Buy,235347798
2024-08-28 10:58:17,24550.0,1700,Buy,235347800
2024-08-28 10:58:17,24550.0,200,Buy,235347796
2024-08-28 10:58:17,24550.0,34600,Buy,235347795
2024-08-28 10:58:17,24550.0,5000,Buy,235347797
2024-08-28 10:58:25,24550.0,1000,Buy,235347919
2024-08-28 10:58:49,24550.0,300,Buy,235348670
2024-08-28 10:58:49,24550.0,4700,Buy,235348672
2024-08-28 10:58:52,24550.0,600,Buy,235348809
2024-08-28 10:58:52,24550.0,500,Buy,235348808
2024-08-28 10:58:52,24550.0,100,Buy,235348807
2024-08-28 10:58:52,24550.0,300,Buy,235348806
2024-08-28 10:58:52,24550.0,5000,Buy,235348805
2024-08-28 10:58:52,24550.0,100,Buy,235348804
2024-08-28 10:58:52,24550.0,500,Buy,235348797
2024-08-28 10:58:52,24550.0,100,Buy,235348802
2024-08-28 10:58:52,24550.0,600,Buy,235348801
2024-08-28 10:58:52,24550.0,2000,Buy,235348800
2024-08-28 10:58:52,24550.0,5000,Buy,235348799
2024-08-28 10:58:52,24550.0,200,Buy,235348798
2024-08-28 10:58:52,24550.0,1000,Buy,235348810
2024-08-28 10:58:52,24550.0,3300,Buy,235348803
2024-08-28 10:58:52,24550.0,200,Buy,235348811
2024-08-28 10:58:52,24550.0,200,Buy,235348822
2024-08-28 10:58:52,24550.0,300,Buy,235348813
2024-08-28 10:58:52,24550.0,3000,Buy,235348814
2024-08-28 10:58:52,24550.0,200,Buy,235348815
2024-08-28 10:58:52,24550.0,2000,Buy,235348816
2024-08-28 10:58:52,24550.0,200,Buy,235348817
2024-08-28 10:58:52,24550.0,100,Buy,235348818
2024-08-28 10:58:52,24550.0,100,Buy,235348819
2024-08-28 10:58:52,24550.0,100,Buy,235348820
2024-08-28 10:58:52,24550.0,1000,Buy,235348821
2024-08-28 10:58:52,24550.0,20000,Buy,235348823
2024-08-28 10:58:52,24550.0,900,Buy,235348824
2024-08-28 10:58:52,24550.0,1000,Buy,235348825
2024-08-28 10:58:52,24550.0,8700,Buy,235348826
2024-08-28 10:58:52,24550.0,10000,Buy,235348796
2024-08-28 10:58:52,24550.0,200,Buy,235348812
2024-08-28 10:58:52,24550.0,1000,Buy,235348795
2024-08-28 10:58:52,24550.0,1000,Buy,235348764
2024-08-28 10:58:52,24550.0,2000,Buy,235348793
2024-08-28 10:58:52,24550.0,300,Buy,235348760
2024-08-28 10:58:52,24550.0,500,Buy,235348761
2024-08-28 10:58:52,24550.0,2000,Buy,235348762
2024-08-28 10:58:52,24550.0,100,Buy,235348763
2024-08-28 10:58:52,24550.0,300,Buy,235348765
2024-08-28 10:58:52,24550.0,200,Buy,235348766
2024-08-28 10:58:52,24550.0,1000,Buy,235348767
2024-08-28 10:58:52,24550.0,5000,Buy,235348768
2024-08-28 10:58:52,24550.0,900,Buy,235348769
2024-08-28 10:58:52,24550.0,100,Buy,235348771
2024-08-28 10:58:52,24550.0,300,Buy,235348772
2024-08-28 10:58:52,24550.0,2000,Buy,235348773
2024-08-28 10:58:52,24550.0,1000,Buy,235348794
2024-08-28 10:58:52,24550.0,1000,Buy,235348775
2024-08-28 10:58:52,24550.0,1000,Buy,235348776
2024-08-28 10:58:52,24550.0,1000,Buy,235348774
2024-08-28 10:58:52,24550.0,300,Buy,235348778
2024-08-28 10:58:52,24550.0,2500,Buy,235348792
2024-08-28 10:58:52,24550.0,200,Buy,235348791
2024-08-28 10:58:52,24550.0,100,Buy,235348790
2024-08-28 10:58:52,24550.0,100,Buy,235348789
2024-08-28 10:58:52,24550.0,100,Buy,235348777
2024-08-28 10:58:52,24550.0,2000,Buy,235348787
2024-08-28 10:58:52,24550.0,500,Buy,235348786
2024-08-28 10:58:52,24550.0,1000,Buy,235348788
2024-08-28 10:58:52,24550.0,700,Buy,235348784
2024-08-28 10:58:52,24550.0,1400,Buy,235348783
2024-08-28 10:58:52,24550.0,500,Buy,235348782
2024-08-28 10:58:52,24550.0,100,Buy,235348781
2024-08-28 10:58:52,24550.0,2000,Buy,235348780
2024-08-28 10:58:52,24550.0,100,Buy,235348779
2024-08-28 10:58:52,24550.0,200,Buy,235348785
2024-08-28 10:58:54,24550.0,200,Buy,235348854
2024-08-28 10:58:54,24550.0,15200,Buy,235348858
2024-08-28 10:58:54,24550.0,100,Buy,235348857
2024-08-28 10:58:54,24550.0,1000,Buy,235348856
2024-08-28 10:58:54,24550.0,600,Buy,235348855
2024-08-28 10:58:54,24550.0,800,Buy,235348853
2024-08-28 10:58:54,24550.0,500,Buy,235348849
2024-08-28 10:58:54,24550.0,11300,Buy,235348843
2024-08-28 10:58:54,24550.0,200,Buy,235348848
2024-08-28 10:58:54,24550.0,500,Buy,235348847
2024-08-28 10:58:54,24550.0,100,Buy,235348846
2024-08-28 10:58:54,24550.0,500,Buy,235348845
2024-08-28 10:58:54,24550.0,700,Buy,235348844
2024-08-28 10:58:54,24550.0,4500,Buy,235348852
2024-08-28 10:58:55,24550.0,1000,Buy,235348883
2024-08-28 10:58:55,24550.0,100,Buy,235348882
2024-08-28 10:58:55,24550.0,100,Buy,235348880
2024-08-28 10:58:55,24550.0,400,Buy,235348870
2024-08-28 10:58:55,24550.0,2000,Buy,235348869
2024-08-28 10:58:55,24550.0,100,Buy,235348868
2024-08-28 10:58:55,24550.0,800,Buy,235348867
2024-08-28 10:58:55,24550.0,300,Buy,235348866
2024-08-28 10:58:55,24550.0,1000,Buy,235348864
2024-08-28 10:58:55,24550.0,100,Buy,235348863
2024-08-28 10:58:55,24550.0,100,Buy,235348862
2024-08-28 10:58:55,24550.0,4800,Buy,235348861
2024-08-28 10:58:55,24550.0,400,Buy,235348865
2024-08-28 10:58:57,24600.0,100,Buy,235348921
2024-08-28 10:58:57,24600.0,2000,Buy,235348923
2024-08-28 10:58:57,24600.0,100,Buy,235348920
2024-08-28 10:58:57,24600.0,500,Buy,235348922
2024-08-28 10:58:57,24600.0,400,Buy,235348919
2024-08-28 10:58:57,24600.0,500,Buy,235348918
2024-08-28 10:58:57,24600.0,2000,Buy,235348917
2024-08-28 10:58:57,24600.0,5000,Buy,235348916
2024-08-28 10:58:57,24600.0,100,Buy,235348915
2024-08-28 10:58:57,24600.0,5000,Buy,235348914
2024-08-28 10:58:57,24600.0,100,Buy,235348912
2024-08-28 10:58:57,24600.0,200,Buy,235348913
2024-08-28 10:58:59,24550.0,400,Sell,235349022
2024-08-28 10:59:00,24550.0,400,Sell,235349042
2024-08-28 10:59:18,24600.0,3000,Buy,235349386
2024-08-28 10:59:18,24600.0,3000,Buy,235349387
2024-08-28 10:59:20,24550.0,15000,Sell,235349412
2024-08-28 10:59:28,24600.0,3000,Buy,235349553
2024-08-28 10:59:36,24600.0,1000,Buy,235349710
2024-08-28 10:59:36,24600.0,4000,Buy,235349709
2024-08-28 10:59:38,24600.0,1200,Buy,235349771
2024-08-28 10:59:47,24600.0,2800,Buy,235349957
2024-08-28 10:59:47,24600.0,500,Buy,235349958
2024-08-28 10:59:47,24600.0,100,Buy,235349959
2024-08-28 10:59:47,24600.0,300,Buy,235349960
2024-08-28 10:59:47,24600.0,300,Buy,235349961
2024-08-28 10:59:54,24600.0,300,Buy,235350158
2024-08-28 11:00:00,24600.0,100,Buy,235350275
2024-08-28 11:00:00,24600.0,100,Buy,235350276
2024-08-28 11:00:00,24600.0,1500,Buy,235350274
2024-08-28 11:00:00,24600.0,4000,Buy,235350278
2024-08-28 11:00:00,24600.0,100,Buy,235350279
2024-08-28 11:00:00,24600.0,500,Buy,235350277
2024-08-28 11:00:00,24600.0,100,Buy,235350281
2024-08-28 11:00:00,24600.0,300,Buy,235350282
2024-08-28 11:00:00,24600.0,200,Buy,235350283
2024-08-28 11:00:00,24600.0,200,Buy,235350284
2024-08-28 11:00:00,24600.0,200,Buy,235350285
2024-08-28 11:00:00,24600.0,500,Buy,235350272
2024-08-28 11:00:00,24600.0,1000,Buy,235350280
2024-08-28 11:00:00,24600.0,100,Buy,235350271
2024-08-28 11:00:00,24600.0,800,Buy,235350273
2024-08-28 11:00:00,24600.0,500,Buy,235350269
2024-08-28 11:00:00,24600.0,4400,Buy,235350256
2024-08-28 11:00:00,24600.0,2000,Buy,235350268
2024-08-28 11:00:00,24600.0,10000,Buy,235350267
2024-08-28 11:00:00,24600.0,10000,Buy,235350266
2024-08-28 11:00:00,24600.0,500,Buy,235350265
2024-08-28 11:00:00,24600.0,1000,Buy,235350264
2024-08-28 11:00:00,24600.0,200,Buy,235350263
2024-08-28 11:00:00,24600.0,100,Buy,235350262
2024-08-28 11:00:00,24600.0,34000,Buy,235350261
2024-08-28 11:00:00,24600.0,26000,Buy,235350260
2024-08-28 11:00:00,24600.0,300,Buy,235350259
2024-08-28 11:00:00,24600.0,100,Buy,235350258
2024-08-28 11:00:00,24600.0,1000,Buy,235350257
2024-08-28 11:00:00,24600.0,200,Buy,235350270
2024-08-28 11:00:08,24600.0,200,Buy,235350479
2024-08-28 11:00:14,24600.0,400,Buy,235350671
2024-08-28 11:00:14,24600.0,100,Buy,235350659
2024-08-28 11:00:16,24600.0,1000,Buy,235350691
2024-08-28 11:00:17,24600.0,3100,Buy,235350702
2024-08-28 11:00:17,24600.0,100,Buy,235350703
2024-08-28 11:00:17,24600.0,3700,Buy,235350713
2024-08-28 11:00:17,24600.0,400,Buy,235350714
2024-08-28 11:00:17,24600.0,400,Buy,235350715
2024-08-28 11:00:17,24600.0,200,Buy,235350716
2024-08-28 11:00:17,24600.0,300,Buy,235350717
2024-08-28 11:00:22,24600.0,100,Buy,235350837
2024-08-28 11:00:22,24600.0,1000,Buy,235350836
2024-08-28 11:00:22,24600.0,100,Buy,235350834
2024-08-28 11:00:22,24600.0,300,Buy,235350833
2024-08-28 11:00:22,24600.0,500,Buy,235350835
2024-08-28 11:00:22,24600.0,100,Buy,235350831
2024-08-28 11:00:22,24600.0,100,Buy,235350830
2024-08-28 11:00:22,24600.0,100,Buy,235350829
2024-08-28 11:00:22,24600.0,200,Buy,235350828
2024-08-28 11:00:22,24600.0,500,Buy,235350832
2024-08-28 11:00:24,24600.0,800,Buy,235350891
2024-08-28 11:00:25,24600.0,500,Buy,235350934
2024-08-28 11:00:25,24600.0,2000,Buy,235350942
2024-08-28 11:00:33,24550.0,100,Sell,235351092
2024-08-28 11:00:33,24600.0,500,Buy,235351088
2024-08-28 11:00:34,24600.0,6000,Buy,235351113
2024-08-28 11:00:41,24600.0,100,Buy,235351224
2024-08-28 11:00:41,24600.0,300,Buy,235351225
2024-08-28 11:00:42,24600.0,1000,Buy,235351236
2024-08-28 11:00:42,24600.0,1000,Buy,235351245
2024-08-28 11:00:44,24600.0,100,Buy,235351267
2024-08-28 11:00:44,24600.0,300,Buy,235351268
2024-08-28 11:00:45,24600.0,700,Buy,235351306
2024-08-28 11:00:45,24600.0,2300,Buy,235351304
2024-08-28 11:00:45,24600.0,1000,Buy,235351305
2024-08-28 11:00:56,24600.0,300,Buy,235351599
2024-08-28 11:00:56,24600.0,100,Buy,235351600
2024-08-28 11:00:56,24600.0,500,Buy,235351601
2024-08-28 11:00:56,24600.0,100,Buy,235351602
2024-08-28 11:00:56,24600.0,200,Buy,235351603
2024-08-28 11:00:57,24600.0,100,Buy,235351610
2024-08-28 11:00:57,24600.0,100,Buy,235351611
2024-08-28 11:01:05,24600.0,700,Buy,235351784
2024-08-28 11:01:06,24600.0,200,Buy,235351817
2024-08-28 11:01:06,24600.0,600,Buy,235351813
2024-08-28 11:01:06,24600.0,3000,Buy,235351814
2024-08-28 11:01:06,24600.0,1000,Buy,235351815
2024-08-28 11:01:06,24600.0,20000,Buy,235351816
2024-08-28 11:01:06,24600.0,2000,Buy,235351818
2024-08-28 11:01:06,24600.0,10000,Buy,235351812
2024-08-28 11:01:06,24600.0,400,Buy,235351820
2024-08-28 11:01:06,24600.0,100,Buy,235351821
2024-08-28 11:01:06,24600.0,100,Buy,235351822
2024-08-28 11:01:06,24600.0,10000,Buy,235351823
2024-08-28 11:01:06,24600.0,16300,Buy,235351824
2024-08-28 11:01:06,24600.0,100,Buy,235351819
2024-08-28 11:01:06,24600.0,1000,Buy,235351811
2024-08-28 11:01:06,24600.0,100,Buy,235351801
2024-08-28 11:01:06,24600.0,1000,Buy,235351809
2024-08-28 11:01:06,24600.0,100,Buy,235351797
2024-08-28 11:01:06,24600.0,200,Buy,235351798
2024-08-28 11:01:06,24600.0,100,Buy,235351799
2024-08-28 11:01:06,24600.0,5000,Buy,235351800
2024-08-28 11:01:06,24600.0,1200,Buy,235351796
2024-08-28 11:01:06,24600.0,4000,Buy,235351802
2024-08-28 11:01:06,24600.0,500,Buy,235351810
2024-08-28 11:01:06,24600.0,16500,Buy,235351804
2024-08-28 11:01:06,24600.0,5500,Buy,235351808
2024-08-28 11:01:06,24600.0,100,Buy,235351807
2024-08-28 11:01:06,24600.0,100,Buy,235351803
2024-08-28 11:01:06,24600.0,300,Buy,235351805
2024-08-28 11:01:06,24600.0,500,Buy,235351806
2024-08-28 11:01:08,24600.0,200,Buy,235351872
2024-08-28 11:01:09,24600.0,2000,Buy,235351899
2024-08-28 11:01:10,24600.0,200,Buy,235351913
2024-08-28 11:01:13,24600.0,5000,Buy,235352012
2024-08-28 11:01:14,24600.0,200,Buy,235352035
2024-08-28 11:01:15,24600.0,1000,Buy,235352063
2024-08-28 11:01:15,24600.0,1000,Buy,235352070
2024-08-28 11:01:16,24600.0,1000,Buy,235352092
2024-08-28 11:01:16,24600.0,8000,Buy,235352101
2024-08-28 11:01:17,24600.0,400,Buy,235352124
2024-08-28 11:01:18,24600.0,2500,Buy,235352175
2024-08-28 11:01:19,24600.0,30000,Buy,235352195
2024-08-28 11:01:19,24600.0,5000,Buy,235352189
2024-08-28 11:01:21,24600.0,4000,Buy,235352234
2024-08-28 11:01:22,24600.0,3000,Buy,235352248
2024-08-28 11:01:24,24600.0,800,Buy,235352297
2024-08-28 11:01:24,24600.0,10000,Buy,235352295
2024-08-28 11:01:26,24600.0,5000,Buy,235352335
2024-08-28 11:01:26,24600.0,20000,Buy,235352353
2024-08-28 11:01:27,24600.0,10000,Buy,235352462
2024-08-28 11:01:29,24600.0,2000,Buy,235352489
2024-08-28 11:01:29,24600.0,40000,Buy,235352490
2024-08-28 11:01:31,24600.0,1000,Buy,235352563
2024-08-28 11:01:32,24600.0,1000,Buy,235352578
2024-08-28 11:01:33,24600.0,3000,Buy,235352586
2024-08-28 11:01:33,24600.0,20000,Buy,235352607
2024-08-28 11:01:34,24600.0,500,Buy,235352626
2024-08-28 11:01:34,24600.0,100000,Buy,235352610
2024-08-28 11:01:34,24600.0,1000,Buy,235352624
2024-08-28 11:01:34,24600.0,300,Buy,235352625
2024-08-28 11:01:35,24600.0,30000,Buy,235352630
2024-08-28 11:01:36,24600.0,10000,Buy,235352642
2024-08-28 11:01:36,24600.0,100,Buy,235352639
2024-08-28 11:01:36,24600.0,400,Buy,235352677
2024-08-28 11:01:36,24600.0,600,Buy,235352676
2024-08-28 11:01:36,24600.0,2100,Buy,235352657
2024-08-28 11:01:36,24600.0,200,Buy,235352656
2024-08-28 11:01:36,24600.0,1000,Buy,235352655
2024-08-28 11:01:36,24600.0,900,Buy,235352658
2024-08-28 11:01:36,24600.0,500,Buy,235352653
2024-08-28 11:01:36,24600.0,100,Buy,235352652
2024-08-28 11:01:36,24600.0,300,Buy,235352651
2024-08-28 11:01:36,24600.0,14300,Buy,235352650
2024-08-28 11:01:36,24600.0,200,Buy,235352649
2024-08-28 11:01:36,24600.0,1000,Buy,235352643
2024-08-28 11:01:36,24600.0,600,Buy,235352654
2024-08-28 11:01:37,24600.0,100,Buy,235352727
2024-08-28 11:01:37,24600.0,15000,Buy,235352720
2024-08-28 11:01:37,24600.0,500,Buy,235352721
2024-08-28 11:01:37,24600.0,15000,Buy,235352722
2024-08-28 11:01:37,24600.0,100,Buy,235352723
2024-08-28 11:01:37,24600.0,3000,Buy,235352724
2024-08-28 11:01:37,24600.0,200,Buy,235352725
2024-08-28 11:01:37,24600.0,4000,Buy,235352726
2024-08-28 11:01:37,24600.0,100,Buy,235352728
2024-08-28 11:01:37,24600.0,300,Buy,235352734
2024-08-28 11:01:37,24600.0,1000,Buy,235352730
2024-08-28 11:01:37,24600.0,2000,Buy,235352731
2024-08-28 11:01:37,24600.0,2000,Buy,235352719
2024-08-28 11:01:37,24600.0,30400,Buy,235352732
2024-08-28 11:01:37,24600.0,500,Buy,235352733
2024-08-28 11:01:37,24600.0,1000,Buy,235352735
2024-08-28 11:01:37,24600.0,600,Buy,235352736
2024-08-28 11:01:37,24600.0,2000,Buy,235352737
2024-08-28 11:01:37,24600.0,1000,Buy,235352729
2024-08-28 11:01:37,24600.0,500,Buy,235352718
2024-08-28 11:01:37,24600.0,300,Buy,235352697
2024-08-28 11:01:37,24600.0,5900,Buy,235352716
2024-08-28 11:01:37,24600.0,300,Buy,235352717
2024-08-28 11:01:37,24600.0,100,Buy,235352691
2024-08-28 11:01:37,24600.0,300,Buy,235352692
2024-08-28 11:01:37,24600.0,100,Buy,235352694
2024-08-28 11:01:37,24600.0,300,Buy,235352695
2024-08-28 11:01:37,24600.0,300,Buy,235352696
2024-08-28 11:01:37,24600.0,8600,Buy,235352698
2024-08-28 11:01:37,24600.0,11400,Buy,235352705
2024-08-28 11:01:37,24600.0,1000,Buy,235352706
2024-08-28 11:01:37,24600.0,100,Buy,235352693
2024-08-28 11:01:37,24600.0,100,Buy,235352708
2024-08-28 11:01:37,24600.0,500,Buy,235352709
2024-08-28 11:01:37,24600.0,100,Buy,235352710
2024-08-28 11:01:37,24600.0,500,Buy,235352711
2024-08-28 11:01:37,24600.0,100,Buy,235352712
2024-08-28 11:01:37,24600.0,1000,Buy,235352707
2024-08-28 11:01:37,24600.0,300,Buy,235352713
2024-08-28 11:01:37,24600.0,500,Buy,235352714
2024-08-28 11:01:37,24600.0,1000,Buy,235352715
2024-08-28 11:01:38,24600.0,300,Buy,235352741
2024-08-28 11:01:39,24600.0,2000,Buy,235352772
2024-08-28 11:01:39,24600.0,1500,Buy,235352771
2024-08-28 11:01:39,24600.0,900,Buy,235352767
2024-08-28 11:01:39,24600.0,100,Buy,235352766
2024-08-28 11:01:39,24600.0,1100,Buy,235352770
2024-08-28 11:01:47,24600.0,100,Sell,235352972
2024-08-28 11:01:47,24600.0,600,Sell,235352971
2024-08-28 11:01:47,24600.0,300,Sell,235352970
2024-08-28 11:01:50,24600.0,200,Sell,235353132
2024-08-28 11:01:56,24600.0,100,Sell,235353412
2024-08-28 11:01:56,24600.0,200,Sell,235353413
2024-08-28 11:01:56,24600.0,4500,Sell,235353414
2024-08-28 11:01:56,24600.0,200,Sell,235353415
2024-08-28 11:01:57,24600.0,5000,Sell,235353460
2024-08-28 11:02:02,24600.0,1500,Sell,235353646
2024-08-28 11:02:04,24600.0,100,Sell,235353877
2024-08-28 11:02:05,24650.0,100,Buy,235353913
2024-08-28 11:02:05,24650.0,100,Buy,235353914
2024-08-28 11:02:05,24650.0,800,Buy,235353915
2024-08-28 11:02:09,24650.0,1000,Buy,235354224
2024-08-28 11:02:12,24650.0,2600,Buy,235354379
2024-08-28 11:02:12,24650.0,500,Buy,235354378
2024-08-28 11:02:12,24650.0,200,Buy,235354377
2024-08-28 11:02:12,24650.0,100,Buy,235354375
2024-08-28 11:02:12,24650.0,1400,Buy,235354374
2024-08-28 11:02:12,24650.0,200,Buy,235354373
2024-08-28 11:02:12,24650.0,5000,Buy,235354376
2024-08-28 11:02:15,24650.0,2300,Buy,235354578
2024-08-28 11:02:15,24650.0,1000,Buy,235354568
2024-08-28 11:02:15,24650.0,500,Buy,235354567
2024-08-28 11:02:15,24650.0,100,Buy,235354566
2024-08-28 11:02:15,24650.0,500,Buy,235354565
2024-08-28 11:02:15,24650.0,1000,Buy,235354564
2024-08-28 11:02:15,24650.0,200,Buy,235354577
2024-08-28 11:02:15,24650.0,100,Buy,235354562
2024-08-28 11:02:15,24650.0,5000,Buy,235354561
2024-08-28 11:02:15,24650.0,100,Buy,235354560
2024-08-28 11:02:15,24650.0,400,Buy,235354559
2024-08-28 11:02:15,24650.0,1000,Buy,235354558
2024-08-28 11:02:15,24650.0,400,Buy,235354557
2024-08-28 11:02:15,24650.0,100,Buy,235354563
2024-08-28 11:02:17,24650.0,2000,Buy,235354607
2024-08-28 11:02:18,24650.0,1000,Buy,235354627
2024-08-28 11:02:18,24650.0,100,Buy,235354648
2024-08-28 11:02:25,24650.0,400,Buy,235354977
2024-08-28 11:02:25,24650.0,500,Buy,235354975
2024-08-28 11:02:25,24650.0,100,Buy,235354976
2024-08-28 11:02:26,24650.0,500,Buy,235355034
2024-08-28 11:02:29,24650.0,400,Buy,235355159
2024-08-28 11:02:30,24650.0,200,Buy,235355200
2024-08-28 11:02:30,24650.0,5000,Buy,235355201
2024-08-28 11:02:30,24650.0,1000,Buy,235355202
2024-08-28 11:02:30,24650.0,4000,Buy,235355203
2024-08-28 11:02:33,24650.0,1000,Buy,235355288
2024-08-28 11:02:33,24650.0,900,Buy,235355289
2024-08-28 11:02:33,24650.0,1000,Buy,235355286
2024-08-28 11:02:33,24650.0,100,Buy,235355287
2024-08-28 11:02:34,24650.0,1000,Buy,235355313
2024-08-28 11:02:35,24650.0,2000,Buy,235355358
2024-08-28 11:02:39,24650.0,200,Buy,235355627
2024-08-28 11:02:40,24650.0,4200,Buy,235355659
2024-08-28 11:02:40,24650.0,100,Buy,235355660
2024-08-28 11:02:40,24650.0,500,Buy,235355661
2024-08-28 11:02:40,24650.0,28100,Buy,235355662
2024-08-28 11:02:42,24650.0,5000,Buy,235355716
2024-08-28 11:02:43,24650.0,300,Buy,235355760
2024-08-28 11:02:44,24650.0,5000,Buy,235355841
2024-08-28 11:02:44,24650.0,400,Buy,235355797
2024-08-28 11:02:44,24650.0,1400,Buy,235355798
2024-08-28 11:02:44,24650.0,2000,Buy,235355799
2024-08-28 11:02:44,24650.0,100,Buy,235355804
2024-08-28 11:02:44,24650.0,6000,Buy,235355814
2024-08-28 11:02:45,24650.0,100,Buy,235355893
2024-08-28 11:02:46,24650.0,3000,Buy,235355920
2024-08-28 11:02:46,24650.0,10000,Buy,235355997
2024-08-28 11:02:46,24650.0,10000,Buy,235355919
2024-08-28 11:02:47,24650.0,2000,Buy,235356004
2024-08-28 11:02:47,24650.0,300,Buy,235356037
2024-08-28 11:02:48,24650.0,1000,Buy,235356048
2024-08-28 11:02:49,24650.0,1000,Buy,235356144
2024-08-28 11:02:55,24650.0,5000,Buy,235356653
2024-08-28 11:02:56,24650.0,10000,Buy,235356671
2024-08-28 11:02:59,24650.0,4000,Buy,235356804
2024-08-28 11:03:00,24650.0,300,Buy,235356867
2024-08-28 11:03:00,24650.0,1000,Buy,235356866
2024-08-28 11:03:00,24650.0,200,Buy,235356865
2024-08-28 11:03:00,24650.0,100,Buy,235356864
2024-08-28 11:03:00,24650.0,400,Buy,235356863
2024-08-28 11:03:00,24650.0,1200,Buy,235356847
2024-08-28 11:03:00,24650.0,200,Buy,235356848
2024-08-28 11:03:00,24650.0,2500,Buy,235356838
2024-08-28 11:03:00,24650.0,1300,Buy,235356844
2024-08-28 11:03:00,24650.0,5100,Buy,235356849
2024-08-28 11:03:00,24650.0,100,Buy,235356846
2024-08-28 11:03:00,24650.0,2100,Buy,235356845
2024-08-28 11:03:02,24650.0,500,Buy,235356921
2024-08-28 11:03:04,24650.0,3200,Buy,235357010
2024-08-28 11:03:05,24650.0,14600,Buy,235357076
2024-08-28 11:03:05,24650.0,1000,Buy,235357074
2024-08-28 11:03:05,24650.0,200,Buy,235357073
2024-08-28 11:03:05,24650.0,10000,Buy,235357075
2024-08-28 11:03:05,24650.0,500,Buy,235357071
2024-08-28 11:03:05,24650.0,100,Buy,235357070
2024-08-28 11:03:05,24650.0,300,Buy,235357072
2024-08-28 11:03:05,24650.0,200,Buy,235357069
2024-08-28 11:03:05,24650.0,100,Buy,235357068
2024-08-28 11:03:07,24650.0,500,Buy,235357232
2024-08-28 11:03:08,24650.0,1000,Buy,235357250
2024-08-28 11:03:10,24650.0,2000,Buy,235357373
2024-08-28 11:03:11,24650.0,300,Buy,235357407
2024-08-28 11:03:11,24650.0,5000,Buy,235357409
2024-08-28 11:03:11,24650.0,1500,Buy,235357410
2024-08-28 11:03:11,24650.0,1000,Buy,235357411
2024-08-28 11:03:11,24650.0,500,Buy,235357412
2024-08-28 11:03:11,24650.0,400,Buy,235357413
2024-08-28 11:03:11,24650.0,1600,Buy,235357408
2024-08-28 11:03:12,24650.0,1400,Buy,235357456
2024-08-28 11:03:12,24650.0,100,Buy,235357454
2024-08-28 11:03:12,24650.0,1500,Buy,235357455
2024-08-28 11:03:13,24650.0,500,Buy,235357686
2024-08-28 11:03:13,24650.0,400,Buy,235357664
2024-08-28 11:03:14,24650.0,200,Buy,235357699
2024-08-28 11:03:15,24650.0,5000,Buy,235357747
2024-08-28 11:03:15,24650.0,1500,Buy,235357756
2024-08-28 11:03:16,24650.0,1000,Buy,235357814
2024-08-28 11:03:16,24650.0,2900,Buy,235357815
2024-08-28 11:03:16,24650.0,100,Buy,235357844
2024-08-28 11:03:17,24650.0,17000,Buy,235357885
2024-08-28 11:03:17,24650.0,200,Buy,235357886
2024-08-28 11:03:17,24650.0,300,Buy,235357887
2024-08-28 11:03:17,24650.0,100,Buy,235357888
2024-08-28 11:03:17,24650.0,100,Buy,235357889
2024-08-28 11:03:17,24650.0,600,Buy,235357890
2024-08-28 11:03:25,24650.0,5900,Sell,235358285
2024-08-28 11:03:29,24650.0,200,Sell,235358567
2024-08-28 11:03:32,24700.0,100,Buy,235358722
2024-08-28 11:03:32,24650.0,200,Sell,235358727
2024-08-28 11:03:36,24650.0,11300,Sell,235358925
2024-08-28 11:03:36,24650.0,1000,Sell,235358926
2024-08-28 11:03:36,24650.0,1200,Sell,235358927
2024-08-28 11:03:45,24650.0,200,Sell,235359377
2024-08-28 11:03:45,24650.0,30000,Sell,235359378
2024-08-28 11:03:45,24650.0,1000,Sell,235359379
2024-08-28 11:03:45,24650.0,4000,Sell,235359380
2024-08-28 11:03:45,24650.0,500,Sell,235359381
2024-08-28 11:03:45,24650.0,4300,Sell,235359382
2024-08-28 11:03:45,24650.0,2000,Sell,235359403
2024-08-28 11:03:48,24650.0,500,Sell,235359731
2024-08-28 11:03:51,24650.0,10900,Sell,235359952
2024-08-28 11:03:51,24650.0,9100,Sell,235359951
2024-08-28 11:03:51,24650.0,800,Sell,235359920
2024-08-28 11:03:51,24650.0,100,Sell,235359937
2024-08-28 11:03:51,24650.0,900,Sell,235359938
2024-08-28 11:03:51,24650.0,4200,Sell,235359919
2024-08-28 11:03:52,24650.0,500,Sell,235359976
2024-08-28 11:03:52,24650.0,300,Sell,235359975
2024-08-28 11:03:52,24650.0,100,Sell,235359973
2024-08-28 11:03:52,24650.0,9100,Sell,235359972
2024-08-28 11:03:52,24650.0,2000,Sell,235359974
2024-08-28 11:03:54,24650.0,5000,Buy,235360101
2024-08-28 11:04:02,24650.0,400,Buy,235360534
2024-08-28 11:04:14,24650.0,100,Buy,235361042
2024-08-28 11:04:19,24600.0,500,Sell,235361339
2024-08-28 11:04:27,24600.0,500,Sell,235361963
2024-08-28 11:04:30,24600.0,100,Sell,235362077
2024-08-28 11:04:39,24600.0,3000,Sell,235362424
2024-08-28 11:04:39,24600.0,300,Sell,235362433
2024-08-28 11:04:39,24600.0,300,Sell,235362432
2024-08-28 11:04:41,24600.0,500,Sell,235362571
2024-08-28 11:04:50,24650.0,10000,Buy,235363059
2024-08-28 11:04:50,24600.0,500,Sell,235363117
2024-08-28 11:04:57,24600.0,2400,Sell,235363356
2024-08-28 11:04:57,24600.0,7500,Sell,235363354
2024-08-28 11:04:57,24600.0,100,Sell,235363355
2024-08-28 11:04:58,24600.0,1000,Sell,235363425
2024-08-28 11:05:02,24600.0,1000,Sell,235363515
2024-08-28 11:05:03,24600.0,5600,Sell,235363574
2024-08-28 11:05:03,24600.0,500,Sell,235363575
2024-08-28 11:05:03,24600.0,500,Sell,235363576
2024-08-28 11:05:03,24600.0,4000,Sell,235363577
2024-08-28 11:05:03,24600.0,200,Sell,235363578
2024-08-28 11:05:03,24600.0,1000,Sell,235363579
2024-08-28 11:05:03,24600.0,1000,Sell,235363580
2024-08-28 11:05:03,24600.0,500,Sell,235363581
2024-08-28 11:05:03,24600.0,12000,Sell,235363582
2024-08-28 11:05:03,24600.0,1000,Sell,235363583
2024-08-28 11:05:03,24600.0,18000,Sell,235363584
2024-08-28 11:05:03,24600.0,1000,Sell,235363585
2024-08-28 11:05:03,24600.0,1000,Sell,235363586
2024-08-28 11:05:03,24600.0,3700,Sell,235363587
2024-08-28 11:05:04,24600.0,4200,Sell,235363699
2024-08-28 11:05:04,24600.0,500,Sell,235363661
2024-08-28 11:05:04,24600.0,800,Sell,235363698
2024-08-28 11:05:05,24600.0,800,Sell,235363713
2024-08-28 11:05:05,24600.0,500,Sell,235363714
2024-08-28 11:05:05,24600.0,500,Sell,235363715
2024-08-28 11:05:05,24600.0,1200,Sell,235363716
2024-08-28 11:05:06,24600.0,800,Sell,235363777
2024-08-28 11:05:06,24600.0,100,Sell,235363778
2024-08-28 11:05:06,24600.0,4100,Sell,235363779
2024-08-28 11:05:06,24600.0,500,Sell,235363783
2024-08-28 11:05:08,24600.0,1000,Sell,235363857
2024-08-28 11:05:09,24600.0,4400,Sell,235363917
2024-08-28 11:05:09,24600.0,5000,Sell,235363918
2024-08-28 11:05:09,24600.0,100,Sell,235363919
2024-08-28 11:05:09,24600.0,100,Sell,235363920
2024-08-28 11:05:09,24600.0,400,Sell,235363921
2024-08-28 11:05:10,24600.0,1000,Sell,235363942
2024-08-28 11:05:10,24600.0,200,Sell,235363930
2024-08-28 11:05:11,24600.0,1400,Sell,235363984
2024-08-28 11:05:11,24600.0,3000,Sell,235363985
2024-08-28 11:05:11,24600.0,1000,Sell,235363986
2024-08-28 11:05:11,24600.0,1600,Sell,235363987
2024-08-28 11:05:12,24600.0,3800,Sell,235364003
2024-08-28 11:05:12,24600.0,1200,Sell,235364004
2024-08-28 11:05:12,24600.0,300,Sell,235364055
2024-08-28 11:05:15,24600.0,200,Sell,235364190
2024-08-28 11:05:15,24600.0,2000,Sell,235364275
2024-08-28 11:05:15,24600.0,300,Sell,235364248
2024-08-28 11:05:15,24600.0,4400,Sell,235364198
2024-08-28 11:05:15,24600.0,2000,Sell,235364197
2024-08-28 11:05:15,24600.0,500,Sell,235364191
2024-08-28 11:05:15,24600.0,100,Sell,235364189
2024-08-28 11:05:15,24600.0,100,Sell,235364187
2024-08-28 11:05:15,24600.0,8500,Sell,235364181
2024-08-28 11:05:15,24600.0,500,Sell,235364182
2024-08-28 11:05:15,24600.0,2000,Sell,235364183
2024-08-28 11:05:15,24600.0,500,Sell,235364188
2024-08-28 11:05:15,24600.0,100,Sell,235364185
2024-08-28 11:05:15,24600.0,1000,Sell,235364186
2024-08-28 11:05:15,24600.0,100,Sell,235364184
2024-08-28 11:05:16,24600.0,1000,Sell,235364305
2024-08-28 11:05:17,24600.0,200,Sell,235364332
2024-08-28 11:05:17,24600.0,1800,Sell,235364354
2024-08-28 11:05:31,24550.0,10000,Sell,235365086
2024-08-28 11:05:33,24600.0,8200,Buy,235365267
2024-08-28 11:05:33,24600.0,3000,Buy,235365268
2024-08-28 11:05:33,24600.0,3800,Buy,235365269
2024-08-28 11:05:38,24550.0,1000,Sell,235365551
2024-08-28 11:05:41,24600.0,5300,Buy,235365710
2024-08-28 11:05:50,24600.0,1200,Buy,235366322
2024-08-28 11:05:51,24600.0,6000,Buy,235366414
2024-08-28 11:06:16,24550.0,1000,Sell,235367950
2024-08-28 11:06:19,24600.0,10000,Buy,235368100
2024-08-28 11:06:26,24550.0,100,Sell,235368529
2024-08-28 11:06:30,24600.0,500,Buy,235368759
2024-08-28 11:06:34,24550.0,1000,Sell,235368990
2024-08-28 11:06:40,24550.0,2100,Sell,235369484
2024-08-28 11:06:46,24550.0,100,Sell,235369990
2024-08-28 11:06:50,24600.0,100,Buy,235370304
2024-08-28 11:06:56,24600.0,300,Buy,235370734
2024-08-28 11:07:02,24600.0,10000,Buy,235371294
2024-08-28 11:07:04,24600.0,100,Buy,235371384
2024-08-28 11:07:08,24600.0,500,Buy,235371720
2024-08-28 11:07:12,24550.0,3000,Sell,235372138
2024-08-28 11:07:30,24550.0,2000,Sell,235373474
2024-08-28 11:07:30,24600.0,800,Buy,235373538
2024-08-28 11:07:30,24550.0,5300,Sell,235373486
2024-08-28 11:07:30,24550.0,500,Sell,235373485
2024-08-28 11:07:30,24550.0,1200,Sell,235373484
2024-08-28 11:07:30,24550.0,1000,Sell,235373483
2024-08-28 11:07:30,24550.0,100,Sell,235373482
2024-08-28 11:07:30,24550.0,1700,Sell,235373473
2024-08-28 11:07:30,24550.0,500,Sell,235373480
2024-08-28 11:07:30,24550.0,1000,Sell,235373479
2024-08-28 11:07:30,24550.0,2000,Sell,235373478
2024-08-28 11:07:30,24550.0,5000,Sell,235373477
2024-08-28 11:07:30,24550.0,500,Sell,235373476
2024-08-28 11:07:30,24550.0,100,Sell,235373475
2024-08-28 11:07:30,24550.0,100,Sell,235373481
2024-08-28 11:07:31,24550.0,200,Sell,235373595
2024-08-28 11:07:33,24550.0,100,Sell,235373818
2024-08-28 11:07:33,24550.0,100,Sell,235373819
2024-08-28 11:07:33,24550.0,5100,Sell,235373821
2024-08-28 11:07:33,24550.0,4500,Sell,235373817
2024-08-28 11:07:33,24550.0,200,Sell,235373820
2024-08-28 11:07:37,24550.0,1000,Sell,235374158
2024-08-28 11:07:37,24550.0,1000,Sell,235374217
2024-08-28 11:07:38,24550.0,1000,Sell,235374240
2024-08-28 11:07:39,24550.0,5000,Sell,235374338
2024-08-28 11:07:40,24550.0,3000,Sell,235374425
2024-08-28 11:07:41,24550.0,22500,Sell,235374471
2024-08-28 11:07:45,24550.0,100,Sell,235374775
2024-08-28 11:07:45,24550.0,10000,Sell,235374765
2024-08-28 11:07:46,24550.0,900,Sell,235374929
2024-08-28 11:07:46,24550.0,300,Sell,235374928
2024-08-28 11:07:46,24550.0,1300,Sell,235374924
2024-08-28 11:07:46,24550.0,500,Sell,235374926
2024-08-28 11:07:46,24550.0,1000,Sell,235374927
2024-08-28 11:07:46,24550.0,1000,Sell,235374925
2024-08-28 11:07:47,24550.0,1000,Sell,235374947
2024-08-28 11:07:49,24550.0,100,Sell,235375100
2024-08-28 11:07:53,24550.0,1000,Sell,235375405
2024-08-28 11:07:54,24550.0,7000,Sell,235375513
2024-08-28 11:07:54,24550.0,5000,Sell,235375514
2024-08-28 11:07:54,24550.0,100,Sell,235375515
2024-08-28 11:07:54,24550.0,1000,Sell,235375516
2024-08-28 11:07:54,24550.0,200,Sell,235375517
2024-08-28 11:07:54,24550.0,500,Sell,235375518
2024-08-28 11:07:54,24550.0,200,Sell,235375519
2024-08-28 11:07:56,24600.0,2600,Buy,235375716
2024-08-28 11:07:56,24550.0,6000,Buy,235375714
2024-08-28 11:07:56,24600.0,1400,Buy,235375715
2024-08-28 11:07:57,24550.0,100,Buy,235375867
2024-08-28 11:08:04,24550.0,500,Sell,235376421
2024-08-28 11:08:06,24550.0,2000,Sell,235376592
2024-08-28 11:08:06,24550.0,100,Sell,235376602
2024-08-28 11:08:06,24550.0,1000,Sell,235376619
2024-08-28 11:08:07,24550.0,500,Sell,235376696
2024-08-28 11:08:09,24550.0,900,Sell,235376846
2024-08-28 11:08:24,24500.0,100,Sell,235378588
2024-08-28 11:08:24,24500.0,300,Sell,235378589
2024-08-28 11:08:24,24500.0,1600,Sell,235378590
2024-08-28 11:08:32,24500.0,300,Sell,235379288
2024-08-28 11:08:34,24500.0,500,Sell,235379473
2024-08-28 11:08:36,24500.0,300,Sell,235379662
2024-08-28 11:08:36,24500.0,500,Sell,235379663
2024-08-28 11:08:36,24500.0,2000,Sell,235379661
2024-08-28 11:08:36,24500.0,1600,Sell,235379659
2024-08-28 11:08:36,24500.0,500,Sell,235379660
2024-08-28 11:08:40,24500.0,500,Sell,235380104
2024-08-28 11:08:40,24500.0,4400,Sell,235380115
2024-08-28 11:08:41,24500.0,3000,Sell,235380175
2024-08-28 11:08:44,24550.0,400,Buy,235380497
2024-08-28 11:08:44,24500.0,2700,Sell,235380502
2024-08-28 11:08:50,24500.0,800,Sell,235381122
2024-08-28 11:08:53,24500.0,1600,Sell,235381328
2024-08-28 11:08:54,24500.0,6500,Sell,235381453
2024-08-28 11:08:54,24500.0,1000,Sell,235381454
2024-08-28 11:08:54,24500.0,4200,Sell,235381455
2024-08-28 11:08:54,24500.0,4000,Sell,235381487
2024-08-28 11:08:55,24500.0,200,Sell,235381613
2024-08-28 11:08:55,24500.0,200,Sell,235381594
2024-08-28 11:08:55,24500.0,10000,Sell,235381612
2024-08-28 11:08:56,24500.0,300,Sell,235381618
2024-08-28 11:08:57,24500.0,5000,Sell,235381676
2024-08-28 11:08:58,24500.0,200,Sell,235381804
2024-08-28 11:08:59,24500.0,2000,Sell,235381978
2024-08-28 11:09:03,24500.0,3300,Sell,235382339
2024-08-28 11:09:03,24500.0,600,Sell,235382344
2024-08-28 11:09:03,24500.0,1000,Sell,235382345
2024-08-28 11:09:03,24500.0,100,Sell,235382346
2024-08-28 11:09:03,24500.0,1500,Sell,235382347
2024-08-28 11:09:03,24500.0,100,Sell,235382348
2024-08-28 11:09:03,24500.0,200,Sell,235382349
2024-08-28 11:09:03,24500.0,1500,Sell,235382350
2024-08-28 11:09:05,24500.0,600,Sell,235382529
2024-08-28 11:09:05,24500.0,900,Sell,235382530
2024-08-28 11:09:05,24500.0,3000,Sell,235382493
2024-08-28 11:09:05,24500.0,3500,Sell,235382528
2024-08-28 11:09:06,24500.0,500,Sell,235382578
2024-08-28 11:09:07,24500.0,1600,Sell,235382714
2024-08-28 11:09:07,24500.0,1000,Sell,235382715
2024-08-28 11:09:07,24500.0,1000,Sell,235382716
2024-08-28 11:09:07,24500.0,100,Sell,235382717
2024-08-28 11:09:07,24500.0,5300,Sell,235382718
2024-08-28 11:09:08,24500.0,6900,Sell,235382754
2024-08-28 11:09:08,24500.0,10100,Sell,235382758
2024-08-28 11:09:09,24500.0,39900,Sell,235382902
2024-08-28 11:09:09,24500.0,10000,Sell,235382903
2024-08-28 11:09:09,24500.0,100,Sell,235382904
2024-08-28 11:09:10,24500.0,100,Sell,235383002
2024-08-28 11:09:10,24500.0,900,Sell,235383003
2024-08-28 11:09:12,24500.0,6000,Sell,235383216
2024-08-28 11:09:13,24500.0,2000,Sell,235383236
2024-08-28 11:09:13,24500.0,300,Sell,235383361
2024-08-28 11:09:13,24500.0,600,Sell,235383235
2024-08-28 11:09:14,24500.0,100,Sell,235383373
2024-08-28 11:09:14,24500.0,200,Sell,235383374
2024-08-28 11:09:14,24500.0,5000,Sell,235383448
2024-08-28 11:09:16,24500.0,200,Sell,235383577
2024-08-28 11:09:19,24500.0,1000,Sell,235384140
2024-08-28 11:09:19,24500.0,1000,Sell,235384141
2024-08-28 11:09:20,24500.0,5000,Sell,235384180
2024-08-28 11:09:20,24500.0,200,Sell,235384179
2024-08-28 11:09:20,24500.0,100,Sell,235384177
2024-08-28 11:09:20,24500.0,4500,Sell,235384176
2024-08-28 11:09:20,24500.0,100,Sell,235384178
2024-08-28 11:09:20,24500.0,3000,Sell,235384174
2024-08-28 11:09:20,24500.0,100,Sell,235384151
2024-08-28 11:09:20,24500.0,200,Sell,235384175
2024-08-28 11:09:20,24500.0,100,Sell,235384173
2024-08-28 11:09:20,24500.0,7500,Sell,235384169
2024-08-28 11:09:21,24450.0,200,Sell,235384283
2024-08-28 11:09:28,24500.0,20000,Buy,235385120
2024-08-28 11:09:39,24450.0,10000,Sell,235386081
2024-08-28 11:09:44,24500.0,200,Buy,235386685
2024-08-28 11:09:53,24500.0,1000,Buy,235387370
2024-08-28 11:10:08,24500.0,1400,Buy,235389195
2024-08-28 11:10:11,24450.0,200,Sell,235389570
2024-08-28 11:10:12,24500.0,6700,Buy,235389632
2024-08-28 11:10:12,24500.0,23300,Buy,235389633
2024-08-28 11:10:20,24450.0,600,Sell,235390299
2024-08-28 11:10:27,24450.0,2000,Sell,235391076
2024-08-28 11:10:29,24450.0,1600,Sell,235391317
2024-08-28 11:10:34,24450.0,1000,Sell,235391723
2024-08-28 11:10:35,24450.0,5000,Sell,235391780
2024-08-28 11:10:36,24450.0,5000,Sell,235391999
2024-08-28 11:10:37,24450.0,100,Sell,235392056
2024-08-28 11:10:39,24450.0,500,Sell,235392233
2024-08-28 11:10:42,24450.0,1000,Sell,235392551
2024-08-28 11:10:42,24450.0,200,Sell,235392550
2024-08-28 11:10:42,24450.0,20000,Sell,235392549
2024-08-28 11:10:42,24450.0,1000,Sell,235392548
2024-08-28 11:10:42,24450.0,500,Sell,235392540
2024-08-28 11:10:42,24450.0,100,Sell,235392546
2024-08-28 11:10:42,24450.0,300,Sell,235392545
2024-08-28 11:10:42,24450.0,500,Sell,235392543
2024-08-28 11:10:42,24450.0,200,Sell,235392542
2024-08-28 11:10:42,24450.0,300,Sell,235392541
2024-08-28 11:10:42,24450.0,100,Sell,235392539
2024-08-28 11:10:42,24450.0,500,Sell,235392547
2024-08-28 11:10:42,24450.0,700,Sell,235392537
2024-08-28 11:10:42,24450.0,500,Sell,235392538
2024-08-28 11:10:42,24450.0,23800,Sell,235392526
2024-08-28 11:10:42,24450.0,100,Sell,235392527
2024-08-28 11:10:42,24450.0,100,Sell,235392528
2024-08-28 11:10:42,24450.0,1000,Sell,235392529
2024-08-28 11:10:42,24450.0,300,Sell,235392530
2024-08-28 11:10:42,24450.0,100,Sell,235392544
2024-08-28 11:10:42,24450.0,500,Sell,235392532
2024-08-28 11:10:42,24450.0,400,Sell,235392535
2024-08-28 11:10:42,24450.0,700,Sell,235392534
2024-08-28 11:10:42,24450.0,10000,Sell,235392536
2024-08-28 11:10:42,24450.0,1900,Sell,235392531
2024-08-28 11:10:42,24450.0,1000,Sell,235392533
2024-08-28 11:10:52,24450.0,8000,Buy,235393611
2024-08-28 11:10:54,24400.0,3500,Sell,235393847
2024-08-28 11:10:54,24400.0,1000,Sell,235393845
2024-08-28 11:10:54,24400.0,300,Sell,235393844
2024-08-28 11:10:54,24400.0,100,Sell,235393843
2024-08-28 11:10:54,24400.0,500,Sell,235393846
2024-08-28 11:10:54,24400.0,1000,Sell,235393841
2024-08-28 11:10:54,24400.0,100,Sell,235393840
2024-08-28 11:10:54,24400.0,1000,Sell,235393839
2024-08-28 11:10:54,24400.0,1000,Sell,235393842
2024-08-28 11:10:54,24400.0,11500,Sell,235393838
2024-08-28 11:10:54,24400.0,1000,Sell,235393744
2024-08-28 11:10:55,24450.0,700,Buy,235393921
2024-08-28 11:10:56,24450.0,100,Buy,235394024
2024-08-28 11:10:59,24450.0,5000,Buy,235394377
2024-08-28 11:11:01,24400.0,700,Sell,235394453
2024-08-28 11:11:01,24400.0,1000,Sell,235394466
2024-08-28 11:11:01,24400.0,1500,Sell,235394467
2024-08-28 11:11:01,24400.0,500,Sell,235394468
2024-08-28 11:11:01,24400.0,3200,Sell,235394469
2024-08-28 11:11:01,24400.0,100,Sell,235394465
2024-08-28 11:11:03,24400.0,100,Sell,235394622
2024-08-28 11:11:03,24400.0,800,Sell,235394619
2024-08-28 11:11:03,24400.0,100,Sell,235394620
2024-08-28 11:11:03,24400.0,1000,Sell,235394621
2024-08-28 11:11:05,24400.0,1100,Sell,235394745
2024-08-28 11:11:05,24400.0,2900,Sell,235394744
2024-08-28 11:11:09,24400.0,3900,Sell,235395034
2024-08-28 11:11:09,24400.0,18000,Sell,235395035
2024-08-28 11:11:15,24400.0,2000,Sell,235395508
2024-08-28 11:11:16,24400.0,6000,Sell,235395665
2024-08-28 11:11:18,24400.0,1000,Sell,235395777
2024-08-28 11:11:20,24400.0,3000,Sell,235395951
2024-08-28 11:11:22,24400.0,1000,Sell,235396127
2024-08-28 11:11:22,24400.0,500,Sell,235396141
2024-08-28 11:11:24,24400.0,100,Sell,235396286
2024-08-28 11:11:25,24400.0,200,Sell,235396376
2024-08-28 11:11:25,24400.0,100,Sell,235396396
2024-08-28 11:11:25,24400.0,100,Sell,235396338
2024-08-28 11:11:27,24400.0,2000,Sell,235396494
2024-08-28 11:11:35,24400.0,1000,Sell,235397243
2024-08-28 11:11:37,24400.0,100,Sell,235397356
2024-08-28 11:11:38,24400.0,100,Sell,235397491
2024-08-28 11:11:38,24400.0,900,Sell,235397489
2024-08-28 11:11:38,24400.0,1000,Sell,235397490
2024-08-28 11:11:44,24400.0,1100,Sell,235397969
2024-08-28 11:11:44,24400.0,500,Sell,235397982
2024-08-28 11:11:46,24400.0,100,Sell,235398106
2024-08-28 11:11:46,24450.0,600,Buy,235398115
2024-08-28 11:11:46,24450.0,400,Buy,235398114
2024-08-28 11:11:46,24400.0,14400,Sell,235398113
2024-08-28 11:11:46,24400.0,100,Sell,235398112
2024-08-28 11:11:46,24400.0,10000,Sell,235398110
2024-08-28 11:11:46,24400.0,100,Sell,235398109
2024-08-28 11:11:46,24400.0,5000,Sell,235398108
2024-08-28 11:11:46,24400.0,500,Sell,235398107
2024-08-28 11:11:46,24400.0,100,Sell,235398105
2024-08-28 11:11:46,24400.0,1000,Sell,235398111
2024-08-28 11:11:46,24400.0,200,Sell,235398098
2024-08-28 11:11:46,24400.0,1000,Sell,235398089
2024-08-28 11:11:46,24400.0,200,Sell,235398090
2024-08-28 11:11:46,24400.0,100,Sell,235398091
2024-08-28 11:11:46,24400.0,500,Sell,235398092
2024-08-28 11:11:46,24400.0,300,Sell,235398088
2024-08-28 11:11:46,24400.0,200,Sell,235398099
2024-08-28 11:11:46,24400.0,500,Sell,235398094
2024-08-28 11:11:46,24400.0,100,Sell,235398095
2024-08-28 11:11:46,24400.0,1000,Sell,235398096
2024-08-28 11:11:46,24400.0,100,Sell,235398097
2024-08-28 11:11:46,24400.0,100,Sell,235398093
2024-08-28 11:11:48,24400.0,5000,Sell,235398258
2024-08-28 11:11:51,24400.0,500,Sell,235398541
2024-08-28 11:11:51,24450.0,400,Buy,235398542
2024-08-28 11:11:53,24450.0,500,Buy,235398606
2024-08-28 11:11:55,24400.0,100,Sell,235398748
2024-08-28 11:11:56,24400.0,300,Sell,235398778
2024-08-28 11:12:04,24400.0,1600,Sell,235399251
2024-08-28 11:12:09,24400.0,100,Sell,235399589
2024-08-28 11:12:12,24400.0,300,Sell,235399761
2024-08-28 11:12:14,24400.0,4000,Sell,235399942
2024-08-28 11:12:16,24450.0,1000,Buy,235400002
2024-08-28 11:12:19,24400.0,200,Sell,235400261
2024-08-28 11:12:21,24400.0,700,Sell,235400326
2024-08-28 11:12:24,24400.0,2000,Sell,235400521
2024-08-28 11:12:31,24400.0,20800,Sell,235401000
2024-08-28 11:12:31,24400.0,200,Sell,235401001
2024-08-28 11:12:31,24400.0,100,Sell,235401002
2024-08-28 11:12:31,24400.0,16100,Sell,235401003
2024-08-28 11:12:31,24400.0,2300,Sell,235401005
2024-08-28 11:12:31,24400.0,1900,Sell,235401006
2024-08-28 11:12:31,24400.0,2900,Sell,235401007
2024-08-28 11:12:31,24400.0,3600,Sell,235401008
2024-08-28 11:12:31,24400.0,2100,Sell,235401004
2024-08-28 11:12:34,24400.0,300,Sell,235401182
2024-08-28 11:12:34,24400.0,700,Sell,235401183
2024-08-28 11:12:38,24450.0,7500,Buy,235401439
2024-08-28 11:12:39,24400.0,400,Sell,235401481
2024-08-28 11:12:45,24450.0,100,Buy,235401825
2024-08-28 11:12:45,24450.0,100,Buy,235401835
2024-08-28 11:12:52,24450.0,1000,Buy,235402219
2024-08-28 11:12:54,24400.0,1000,Sell,235402300
2024-08-28 11:12:56,24450.0,1300,Buy,235402391
2024-08-28 11:12:56,24450.0,100,Buy,235402392
2024-08-28 11:12:56,24450.0,500,Buy,235402393
2024-08-28 11:12:56,24450.0,1500,Buy,235402394
2024-08-28 11:12:56,24450.0,1600,Buy,235402395
2024-08-28 11:13:01,24450.0,8700,Buy,235402633
2024-08-28 11:13:01,24450.0,1200,Buy,235402634
2024-08-28 11:13:01,24450.0,3000,Buy,235402635
2024-08-28 11:13:01,24450.0,500,Buy,235402636
2024-08-28 11:13:01,24450.0,7600,Buy,235402637
2024-08-28 11:13:03,24450.0,200,Buy,235402747
2024-08-28 11:13:05,24450.0,300,Buy,235402922
2024-08-28 11:13:05,24450.0,1000,Buy,235402921
2024-08-28 11:13:05,24450.0,300,Buy,235402876
2024-08-28 11:13:05,24450.0,1900,Buy,235402919
2024-08-28 11:13:05,24450.0,3000,Buy,235402920
2024-08-28 11:13:06,24400.0,200,Sell,235402982
2024-08-28 11:13:06,24400.0,5000,Sell,235402975
2024-08-28 11:13:06,24400.0,500,Sell,235402977
2024-08-28 11:13:06,24400.0,3000,Sell,235402978
2024-08-28 11:13:06,24400.0,3000,Sell,235402979
2024-08-28 11:13:06,24400.0,500,Sell,235402980
2024-08-28 11:13:06,24400.0,100,Sell,235402981
2024-08-28 11:13:06,24400.0,10000,Sell,235402983
2024-08-28 11:13:06,24400.0,300,Sell,235402991
2024-08-28 11:13:06,24400.0,3000,Sell,235402984
2024-08-28 11:13:06,24400.0,200,Sell,235402985
2024-08-28 11:13:06,24400.0,1000,Sell,235402986
2024-08-28 11:13:06,24400.0,400,Sell,235402973
2024-08-28 11:13:06,24400.0,5000,Sell,235402987
2024-08-28 11:13:06,24400.0,400,Sell,235402988
2024-08-28 11:13:06,24400.0,700,Sell,235402989
2024-08-28 11:13:06,24400.0,1000,Sell,235402990
2024-08-28 11:13:06,24400.0,2100,Sell,235402992
2024-08-28 11:13:06,24400.0,500,Sell,235402972
2024-08-28 11:13:06,24400.0,4900,Sell,235402960
2024-08-28 11:13:06,24400.0,100,Sell,235402970
2024-08-28 11:13:06,24400.0,100,Sell,235402971
2024-08-28 11:13:06,24450.0,3800,Sell,235402951
2024-08-28 11:13:06,24400.0,2600,Sell,235402952
2024-08-28 11:13:06,24400.0,5300,Sell,235402953
2024-08-28 11:13:06,24400.0,2900,Sell,235402954
2024-08-28 11:13:06,24400.0,9700,Sell,235402955
2024-08-28 11:13:06,24400.0,3300,Sell,235402957
2024-08-28 11:13:06,24400.0,800,Sell,235402958
2024-08-28 11:13:06,24400.0,4700,Sell,235402959
2024-08-28 11:13:06,24400.0,3000,Sell,235402956
2024-08-28 11:13:06,24400.0,6000,Sell,235402962
2024-08-28 11:13:06,24400.0,5500,Sell,235402961
2024-08-28 11:13:06,24400.0,2000,Sell,235402968
2024-08-28 11:13:06,24400.0,500,Sell,235402967
2024-08-28 11:13:06,24400.0,200,Sell,235402969
2024-08-28 11:13:06,24400.0,1000,Sell,235402965
2024-08-28 11:13:06,24400.0,100,Sell,235402964
2024-08-28 11:13:06,24400.0,6100,Sell,235402963
2024-08-28 11:13:06,24400.0,500,Sell,235402966
2024-08-28 11:13:11,24450.0,900,Sell,235403245
2024-08-28 11:13:12,24450.0,100,Sell,235403283
2024-08-28 11:13:12,24450.0,500,Sell,235403284
2024-08-28 11:13:12,24400.0,4400,Sell,235403285
2024-08-28 11:13:14,24450.0,100,Sell,235403401
2024-08-28 11:13:19,24450.0,100,Buy,235403614
2024-08-28 11:13:19,24450.0,100,Buy,235403615
2024-08-28 11:13:22,24450.0,100,Buy,235403758
2024-08-28 11:13:22,24450.0,5300,Buy,235403806
2024-08-28 11:13:32,24450.0,10000,Buy,235404222
2024-08-28 11:13:32,24450.0,10000,Buy,235404229
2024-08-28 11:13:39,24450.0,400,Buy,235404566
2024-08-28 11:13:39,24450.0,500,Buy,235404564
2024-08-28 11:13:39,24450.0,1000,Buy,235404565
2024-08-28 11:13:39,24450.0,4000,Buy,235404562
2024-08-28 11:13:39,24450.0,900,Buy,235404563
2024-08-28 11:13:39,24450.0,1700,Buy,235404561
2024-08-28 11:13:39,24450.0,14500,Buy,235404560
2024-08-28 11:13:41,24450.0,100,Sell,235404647
2024-08-28 11:13:43,24450.0,1500,Sell,235404724
2024-08-28 11:13:45,24450.0,14000,Sell,235404793
2024-08-28 11:13:53,24450.0,100,Sell,235405092
2024-08-28 11:13:56,24450.0,2000,Sell,235405217
2024-08-28 11:14:02,24450.0,1000,Sell,235405451
2024-08-28 11:14:08,24450.0,200,Sell,235405796
2024-08-28 11:14:09,24450.0,100,Sell,235405832
2024-08-28 11:14:19,24450.0,500,Sell,235406271
2024-08-28 11:14:26,24500.0,20000,Buy,235406597
2024-08-28 11:14:29,24500.0,5000,Buy,235406746
2024-08-28 11:14:34,24450.0,500,Sell,235406927
2024-08-28 11:14:43,24500.0,1000,Buy,235407209
2024-08-28 11:14:55,24500.0,600,Buy,235407674
2024-08-28 11:15:07,24450.0,1000,Sell,235408048
2024-08-28 11:15:11,24450.0,100,Sell,235408187
2024-08-28 11:15:12,24500.0,10000,Buy,235408218
2024-08-28 11:15:19,24450.0,1000,Sell,235408451
2024-08-28 11:15:43,24500.0,5200,Buy,235409216
2024-08-28 11:15:43,24500.0,100,Buy,235409212
2024-08-28 11:15:43,24500.0,3500,Buy,235409213
2024-08-28 11:15:43,24500.0,100,Buy,235409214
2024-08-28 11:15:43,24500.0,1100,Buy,235409215
2024-08-28 11:15:55,24450.0,500,Sell,235409646
2024-08-28 11:16:01,24450.0,15000,Sell,235409891
2024-08-28 11:16:14,24450.0,500,Sell,235410398
2024-08-28 11:16:16,24500.0,1000,Buy,235410494
2024-08-28 11:16:16,24500.0,1000,Buy,235410493
2024-08-28 11:16:16,24500.0,20000,Buy,235410492
2024-08-28 11:16:16,24500.0,100,Buy,235410491
2024-08-28 11:16:16,24500.0,1600,Buy,235410490
2024-08-28 11:16:16,24500.0,300,Buy,235410489
2024-08-28 11:16:16,24500.0,7000,Buy,235410488
2024-08-28 11:16:16,24500.0,25000,Buy,235410487
2024-08-28 11:16:16,24500.0,500,Buy,235410486
2024-08-28 11:16:16,24500.0,1000,Buy,235410485
2024-08-28 11:16:16,24500.0,1000,Buy,235410484
2024-08-28 11:16:16,24500.0,10000,Buy,235410483
2024-08-28 11:16:16,24500.0,200,Buy,235410482
2024-08-28 11:16:16,24500.0,500,Buy,235410469
2024-08-28 11:16:16,24500.0,1500,Buy,235410480
2024-08-28 11:16:16,24500.0,5000,Buy,235410479
2024-08-28 11:16:16,24500.0,500,Buy,235410478
2024-08-28 11:16:16,24500.0,500,Buy,235410477
2024-08-28 11:16:16,24500.0,100,Buy,235410476
2024-08-28 11:16:16,24500.0,1000,Buy,235410475
2024-08-28 11:16:16,24500.0,2800,Buy,235410474
2024-08-28 11:16:16,24500.0,1500,Buy,235410473
2024-08-28 11:16:16,24500.0,100,Buy,235410472
2024-08-28 11:16:16,24500.0,100,Buy,235410471
2024-08-28 11:16:16,24500.0,200,Buy,235410470
2024-08-28 11:16:16,24500.0,700,Buy,235410481
2024-08-28 11:16:16,24500.0,5000,Buy,235410468
2024-08-28 11:16:16,24500.0,24800,Buy,235410467
2024-08-28 11:16:26,24500.0,18000,Sell,235410777
2024-08-28 11:16:33,24500.0,5000,Sell,235410927
2024-08-28 11:16:53,24550.0,800,Buy,235411598
2024-08-28 11:16:53,24500.0,2000,Sell,235411619
2024-08-28 11:16:59,24550.0,8200,Buy,235411831
2024-08-28 11:16:59,24550.0,100,Buy,235411829
2024-08-28 11:16:59,24550.0,5000,Buy,235411830
2024-08-28 11:16:59,24550.0,100,Buy,235411827
2024-08-28 11:16:59,24550.0,200,Buy,235411826
2024-08-28 11:16:59,24550.0,400,Buy,235411828
2024-08-28 11:17:07,24550.0,5000,Buy,235412051
2024-08-28 11:17:10,24500.0,15000,Sell,235412186
2024-08-28 11:17:12,24550.0,10000,Buy,235412279
2024-08-28 11:17:18,24550.0,1800,Buy,235412480
2024-08-28 11:17:19,24550.0,5000,Buy,235412491
2024-08-28 11:17:19,24550.0,100,Buy,235412490
2024-08-28 11:17:19,24550.0,3100,Buy,235412492
2024-08-28 11:17:20,24550.0,1000,Buy,235412526
2024-08-28 11:17:26,24550.0,17200,Buy,235412767
2024-08-28 11:17:26,24550.0,100,Buy,235412764
2024-08-28 11:17:26,24550.0,5800,Buy,235412765
2024-08-28 11:17:26,24550.0,2000,Buy,235412766
2024-08-28 11:17:42,24550.0,1000,Buy,235413102
2024-08-28 11:17:42,24500.0,15000,Sell,235413103
2024-08-28 11:17:44,24550.0,500,Buy,235413208
2024-08-28 11:17:50,24550.0,100,Buy,235413354
2024-08-28 11:18:01,24500.0,15000,Sell,235413760
