time,price,volume,match_type,id
2024-08-14 09:14:38,23750.0,63900,ATO/ATC,231401081
2024-08-14 09:14:39,23750.0,300,Buy,231401260
2024-08-14 09:15:07,23750.0,100,Buy,231401654
2024-08-14 09:15:07,23750.0,900,Buy,231401667
2024-08-14 09:15:07,23750.0,100,Buy,231401666
2024-08-14 09:15:07,23750.0,300,Buy,231401665
2024-08-14 09:15:07,23750.0,1000,Buy,231401664
2024-08-14 09:15:07,23750.0,1100,Buy,231401663
2024-08-14 09:15:07,23750.0,4000,Buy,231401662
2024-08-14 09:15:07,23750.0,300,Buy,231401653
2024-08-14 09:15:07,23750.0,100,Buy,231401660
2024-08-14 09:15:07,23750.0,100,Buy,231401655
2024-08-14 09:15:07,23750.0,300,Buy,231401656
2024-08-14 09:15:07,23750.0,1000,Buy,231401661
2024-08-14 09:15:07,23750.0,100,Buy,231401658
2024-08-14 09:15:07,23750.0,500,Buy,231401657
2024-08-14 09:15:07,23750.0,100,Buy,231401659
2024-08-14 09:15:10,23700.0,500,Sell,231401743
2024-08-14 09:15:10,23700.0,1500,Sell,231401744
2024-08-14 09:15:10,23700.0,18000,Sell,231401745
2024-08-14 09:15:16,23700.0,12000,Sell,231401879
2024-08-14 09:15:16,23700.0,2000,Sell,231401880
2024-08-14 09:15:16,23700.0,500,Sell,231401881
2024-08-14 09:15:16,23700.0,500,Sell,231401883
2024-08-14 09:15:16,23700.0,5000,Sell,231401882
2024-08-14 09:15:22,23700.0,500,Sell,231401969
2024-08-14 09:15:30,23700.0,200,Sell,231402125
2024-08-14 09:15:36,23700.0,1000,Sell,231402307
2024-08-14 09:15:43,23700.0,2000,Sell,231402472
2024-08-14 09:15:47,23700.0,300,Sell,231402571
2024-08-14 09:15:47,23700.0,800,Sell,231402569
2024-08-14 09:15:47,23700.0,500,Sell,231402570
2024-08-14 09:15:58,23700.0,400,Buy,231402832
2024-08-14 09:16:04,23700.0,15000,Buy,231402993
2024-08-14 09:16:04,23700.0,400,Sell,231403000
2024-08-14 09:16:04,23700.0,13000,Buy,231402992
2024-08-14 09:16:14,23700.0,100,Sell,231403182
2024-08-14 09:16:14,23700.0,200,Sell,231403187
2024-08-14 09:16:23,23700.0,9300,Sell,231403397
2024-08-14 09:16:23,23700.0,100,Sell,231403398
2024-08-14 09:16:23,23700.0,500,Buy,231403427
2024-08-14 09:16:38,23700.0,100,Buy,231403686
2024-08-14 09:16:48,23650.0,8300,Sell,231403891
2024-08-14 09:16:48,23650.0,5000,Sell,231403890
2024-08-14 09:16:48,23650.0,700,Sell,231403888
2024-08-14 09:16:48,23650.0,500,Sell,231403887
2024-08-14 09:16:48,23700.0,100,Buy,231403884
2024-08-14 09:16:48,23650.0,500,Sell,231403889
2024-08-14 09:17:27,23650.0,200,Sell,231404815
2024-08-14 09:17:32,23700.0,4900,Buy,231404989
2024-08-14 09:17:32,23700.0,100,Buy,231404990
2024-08-14 09:17:34,23650.0,200,Sell,231405022
2024-08-14 09:17:44,23700.0,500,Buy,231405273
2024-08-14 09:17:47,23700.0,1000,Buy,231405309
2024-08-14 09:18:09,23650.0,100,Sell,231405768
2024-08-14 09:18:12,23650.0,500,Sell,231405826
2024-08-14 09:18:15,23700.0,100,Buy,231405887
2024-08-14 09:18:39,23650.0,700,Sell,231406323
2024-08-14 09:18:39,23650.0,100,Sell,231406324
2024-08-14 09:18:55,23650.0,600,Sell,231406663
2024-08-14 09:18:56,23650.0,100,Sell,231406688
2024-08-14 09:19:38,23700.0,1300,Buy,231407570
2024-08-14 09:19:38,23700.0,3000,Buy,231407571
2024-08-14 09:19:38,23700.0,400,Buy,231407572
2024-08-14 09:19:38,23700.0,100,Buy,231407573
2024-08-14 09:19:38,23700.0,200,Buy,231407574
2024-08-14 09:19:41,23650.0,1000,Sell,231407608
2024-08-14 09:19:46,23700.0,100,Buy,231407699
2024-08-14 09:19:48,23700.0,600,Buy,231407756
2024-08-14 09:19:48,23700.0,400,Buy,231407755
2024-08-14 09:20:10,23700.0,500,Buy,231408258
2024-08-14 09:20:12,23700.0,100,Buy,231408286
2024-08-14 09:20:34,23650.0,8200,Sell,231408767
2024-08-14 09:20:34,23650.0,3600,Sell,231408768
2024-08-14 09:21:05,23700.0,900,Buy,231409460
2024-08-14 09:21:14,23700.0,2000,Buy,231409659
2024-08-14 09:21:14,23700.0,200,Buy,231409658
2024-08-14 09:21:14,23700.0,100,Buy,231409657
2024-08-14 09:21:14,23700.0,100,Buy,231409656
2024-08-14 09:21:14,23700.0,500,Buy,231409655
2024-08-14 09:21:14,23700.0,300,Buy,231409654
2024-08-14 09:21:14,23700.0,100,Buy,231409653
2024-08-14 09:21:14,23700.0,300,Buy,231409652
2024-08-14 09:21:14,23700.0,5000,Buy,231409643
2024-08-14 09:21:14,23700.0,100,Buy,231409650
2024-08-14 09:21:14,23700.0,1500,Buy,231409649
2024-08-14 09:21:14,23700.0,500,Buy,231409648
2024-08-14 09:21:14,23700.0,200,Buy,231409647
2024-08-14 09:21:14,23700.0,600,Buy,231409646
2024-08-14 09:21:14,23700.0,5100,Buy,231409645
2024-08-14 09:21:14,23700.0,900,Buy,231409644
2024-08-14 09:21:14,23700.0,200,Buy,231409642
2024-08-14 09:21:14,23700.0,2300,Buy,231409651
2024-08-14 09:21:17,23700.0,1000,Buy,231409726
2024-08-14 09:21:17,23700.0,4000,Buy,231409727
2024-08-14 09:21:22,23700.0,300,Buy,231409828
2024-08-14 09:21:24,23700.0,100,Buy,231409850
2024-08-14 09:21:24,23700.0,700,Buy,231409848
2024-08-14 09:21:24,23700.0,200,Buy,231409849
2024-08-14 09:21:25,23700.0,5000,Buy,231409874
2024-08-14 09:21:25,23700.0,100,Buy,231409873
2024-08-14 09:21:25,23700.0,400,Buy,231409869
2024-08-14 09:21:25,23700.0,100,Buy,231409871
2024-08-14 09:21:25,23700.0,800,Buy,231409872
2024-08-14 09:21:25,23700.0,100,Buy,231409870
2024-08-14 09:21:26,23700.0,100,Sell,231409880
2024-08-14 09:21:30,23700.0,1000,Sell,231409943
2024-08-14 09:21:50,23700.0,500,Sell,231410272
2024-08-14 09:21:51,23700.0,200,Sell,231410321
2024-08-14 09:21:53,23700.0,100,Sell,231410375
2024-08-14 09:22:00,23700.0,11600,Sell,231410508
2024-08-14 09:22:00,23700.0,500,Sell,231410510
2024-08-14 09:22:00,23700.0,900,Sell,231410511
2024-08-14 09:22:00,23700.0,2000,Sell,231410509
2024-08-14 09:22:08,23700.0,600,Sell,231410697
2024-08-14 09:22:09,23700.0,2500,Sell,231410719
2024-08-14 09:22:17,23700.0,8000,Sell,231410906
2024-08-14 09:22:17,23700.0,6000,Sell,231410904
2024-08-14 09:22:17,23700.0,1000,Sell,231410905
2024-08-14 09:22:24,23700.0,10000,Sell,231411138
2024-08-14 09:22:24,23700.0,2000,Sell,231411136
2024-08-14 09:22:24,23700.0,1000,Sell,231411137
2024-08-14 09:22:25,23700.0,1000,Buy,231411180
2024-08-14 09:22:57,23700.0,100,Buy,231411765
2024-08-14 09:23:00,23700.0,400,Buy,231411826
2024-08-14 09:23:14,23700.0,500,Buy,231412073
2024-08-14 09:23:18,23700.0,5000,Buy,231412163
2024-08-14 09:23:19,23700.0,2000,Buy,231412193
2024-08-14 09:23:26,23650.0,200,Sell,231412339
2024-08-14 09:23:46,23700.0,300,Buy,231412854
2024-08-14 09:23:56,23700.0,5700,Buy,231413052
2024-08-14 09:23:56,23700.0,100,Buy,231413049
2024-08-14 09:23:56,23700.0,2800,Buy,231413050
2024-08-14 09:23:56,23700.0,1500,Buy,231413051
2024-08-14 09:23:58,23700.0,5000,Buy,231413087
2024-08-14 09:24:03,23700.0,2300,Buy,231413195
2024-08-14 09:24:05,23700.0,2000,Buy,231413231
2024-08-14 09:24:05,23700.0,100,Buy,231413232
2024-08-14 09:24:05,23700.0,100,Buy,231413233
2024-08-14 09:24:05,23700.0,800,Buy,231413234
2024-08-14 09:24:10,23700.0,300,Buy,231413376
2024-08-14 09:24:10,23700.0,200,Buy,231413377
2024-08-14 09:24:17,23700.0,100,Buy,231413504
2024-08-14 09:24:17,23700.0,400,Buy,231413505
2024-08-14 09:24:26,23700.0,200,Buy,231413746
2024-08-14 09:24:26,23700.0,300,Buy,231413747
2024-08-14 09:24:37,23700.0,700,Buy,231414037
2024-08-14 09:24:37,23700.0,800,Buy,231414038
2024-08-14 09:24:37,23700.0,2000,Buy,231414039
2024-08-14 09:24:37,23700.0,5000,Buy,231414040
2024-08-14 09:24:37,23700.0,300,Buy,231414041
2024-08-14 09:24:38,23700.0,200,Sell,231414071
2024-08-14 09:24:41,23700.0,200,Sell,231414116
2024-08-14 09:24:46,23700.0,100,Sell,231414261
2024-08-14 09:24:46,23700.0,100,Sell,231414262
2024-08-14 09:24:46,23700.0,2000,Sell,231414263
2024-08-14 09:24:46,23700.0,800,Sell,231414260
2024-08-14 09:24:53,23700.0,300,Buy,231414573
2024-08-14 09:25:06,23700.0,1000,Buy,231414904
2024-08-14 09:25:14,23700.0,1200,Buy,231415088
2024-08-14 09:25:14,23700.0,500,Buy,231415103
2024-08-14 09:25:18,23700.0,5000,Buy,231415198
2024-08-14 09:25:21,23700.0,5000,Buy,231415293
2024-08-14 09:25:35,23700.0,100,Buy,231415591
2024-08-14 09:25:37,23700.0,1900,Buy,231415667
2024-08-14 09:25:37,23700.0,700,Buy,231415668
2024-08-14 09:25:37,23700.0,1000,Buy,231415669
2024-08-14 09:25:37,23700.0,1400,Buy,231415670
2024-08-14 09:25:38,23700.0,100,Buy,231415717
2024-08-14 09:25:59,23700.0,100,Buy,231416268
2024-08-14 09:26:17,23700.0,400,Buy,231416707
2024-08-14 09:26:22,23700.0,100,Buy,231416785
2024-08-14 09:26:36,23700.0,2400,Buy,231417217
2024-08-14 09:26:36,23700.0,200,Buy,231417216
2024-08-14 09:26:36,23700.0,400,Buy,231417215
2024-08-14 09:26:36,23700.0,1000,Buy,231417211
2024-08-14 09:26:36,23700.0,2000,Buy,231417213
2024-08-14 09:26:36,23700.0,800,Buy,231417212
2024-08-14 09:26:36,23700.0,2900,Buy,231417210
2024-08-14 09:26:36,23700.0,300,Buy,231417214
2024-08-14 09:26:56,23700.0,800,Buy,231417720
2024-08-14 09:27:11,23700.0,100,Buy,231418263
2024-08-14 09:27:11,23700.0,1800,Buy,231418261
2024-08-14 09:27:11,23700.0,100,Buy,231418262
2024-08-14 09:27:23,23700.0,100,Buy,231418572
2024-08-14 09:27:23,23700.0,100,Buy,231418573
2024-08-14 09:27:26,23650.0,2300,Sell,231418680
2024-08-14 09:27:46,23700.0,300,Sell,231419132
2024-08-14 09:28:01,23700.0,1000,Sell,231419481
2024-08-14 09:28:11,23700.0,1000,Buy,231419777
2024-08-14 09:28:11,23700.0,1200,Buy,231419776
2024-08-14 09:28:12,23700.0,200,Sell,231419810
2024-08-14 09:28:22,23700.0,600,Sell,231420090
2024-08-14 09:28:26,23700.0,2000,Sell,231420184
2024-08-14 09:28:28,23700.0,1900,Sell,231420224
2024-08-14 09:28:46,23700.0,600,Buy,231420715
2024-08-14 09:28:52,23700.0,100,Buy,231420881
2024-08-14 09:28:53,23700.0,100,Buy,231420924
2024-08-14 09:28:53,23700.0,200,Buy,231420923
2024-08-14 09:28:53,23700.0,200,Buy,231420922
2024-08-14 09:28:56,23650.0,500,Sell,231420979
2024-08-14 09:28:56,23700.0,100,Buy,231420995
2024-08-14 09:28:56,23700.0,500,Buy,231420996
2024-08-14 09:28:56,23700.0,3400,Buy,231420997
2024-08-14 09:29:00,23700.0,800,Buy,231421097
2024-08-14 09:29:06,23700.0,100,Buy,231421221
2024-08-14 09:29:08,23700.0,200,Buy,231421247
2024-08-14 09:29:22,23700.0,200,Buy,231421563
2024-08-14 09:29:34,23700.0,500,Buy,231421869
2024-08-14 09:29:34,23700.0,300,Buy,231421866
2024-08-14 09:29:34,23700.0,1000,Buy,231421867
2024-08-14 09:29:34,23700.0,100,Buy,231421868
2024-08-14 09:29:41,23700.0,1500,Buy,231422008
2024-08-14 09:29:41,23700.0,100,Buy,231422009
2024-08-14 09:29:41,23700.0,100,Buy,231422010
2024-08-14 09:29:41,23700.0,9300,Buy,231422011
2024-08-14 09:29:45,23700.0,100,Buy,231422118
2024-08-14 09:29:47,23700.0,2000,Buy,231422144
2024-08-14 09:29:49,23700.0,100,Buy,231422170
2024-08-14 09:29:49,23700.0,200,Buy,231422173
2024-08-14 09:29:49,23700.0,1000,Buy,231422174
2024-08-14 09:29:51,23700.0,500,Buy,231422227
2024-08-14 09:29:52,23650.0,15000,Sell,231422268
2024-08-14 09:29:53,23700.0,1800,Buy,231422315
2024-08-14 09:29:54,23700.0,200,Sell,231422338
2024-08-14 09:30:07,23650.0,15000,Sell,231422598
2024-08-14 09:30:09,23700.0,1200,Buy,231422693
2024-08-14 09:30:09,23700.0,800,Buy,231422692
2024-08-14 09:30:15,23700.0,3000,Buy,231422830
2024-08-14 09:30:15,23700.0,500,Buy,231422831
2024-08-14 09:30:16,23700.0,300,Buy,231422859
2024-08-14 09:30:16,23700.0,500,Buy,231422860
2024-08-14 09:30:16,23700.0,2000,Buy,231422861
2024-08-14 09:30:27,23700.0,400,Sell,231423122
2024-08-14 09:30:32,23700.0,6800,Sell,231423249
2024-08-14 09:30:32,23700.0,100,Sell,231423250
2024-08-14 09:30:32,23700.0,2000,Sell,231423251
2024-08-14 09:30:32,23700.0,6100,Sell,231423252
2024-08-14 09:30:34,23700.0,100,Sell,231423328
2024-08-14 09:30:34,23700.0,700,Sell,231423327
2024-08-14 09:30:34,23700.0,3000,Sell,231423323
2024-08-14 09:30:34,23700.0,200,Sell,231423326
2024-08-14 09:31:02,23650.0,13400,Sell,231424113
2024-08-14 09:31:02,23650.0,1600,Sell,231424114
2024-08-14 09:31:37,23650.0,1400,Sell,231424935
2024-08-14 09:31:37,23650.0,3000,Sell,231424936
2024-08-14 09:31:37,23650.0,10600,Sell,231424937
2024-08-14 09:31:41,23700.0,2600,Buy,231425048
2024-08-14 09:31:41,23700.0,200,Buy,231425047
2024-08-14 09:31:41,23700.0,2600,Buy,231425046
2024-08-14 09:31:41,23700.0,5000,Buy,231425044
2024-08-14 09:31:41,23700.0,15000,Buy,231425043
2024-08-14 09:31:41,23700.0,4200,Buy,231425042
2024-08-14 09:31:41,23700.0,400,Buy,231425045
2024-08-14 09:31:45,23700.0,1000,Buy,231425098
2024-08-14 09:32:12,23700.0,30000,Buy,231425661
2024-08-14 09:32:21,23700.0,1000,Buy,231425904
2024-08-14 09:32:21,23700.0,16500,Buy,231425905
2024-08-14 09:32:21,23700.0,5000,Buy,231425902
2024-08-14 09:32:21,23700.0,6100,Buy,231425901
2024-08-14 09:32:21,23700.0,1400,Buy,231425903
2024-08-14 09:32:22,23700.0,100,Buy,231425937
2024-08-14 09:32:39,23700.0,500,Buy,231426328
2024-08-14 09:32:46,23700.0,1000,Buy,231426494
2024-08-14 09:33:05,23700.0,1900,Buy,231426931
2024-08-14 09:33:05,23700.0,100,Buy,231426932
2024-08-14 09:33:05,23700.0,8000,Buy,231426933
2024-08-14 09:33:13,23700.0,1000,Buy,231427158
2024-08-14 09:33:13,23700.0,3000,Buy,231427156
2024-08-14 09:33:13,23700.0,1000,Buy,231427155
2024-08-14 09:33:13,23700.0,5000,Buy,231427157
2024-08-14 09:33:19,23650.0,400,Sell,231427257
2024-08-14 09:33:21,23700.0,7200,Buy,231427309
2024-08-14 09:33:21,23700.0,2000,Buy,231427306
2024-08-14 09:33:21,23700.0,500,Buy,231427307
2024-08-14 09:33:21,23700.0,300,Buy,231427308
2024-08-14 09:33:47,23700.0,2000,Buy,231427908
2024-08-14 09:33:55,23700.0,1500,Buy,231428088
2024-08-14 09:34:01,23650.0,500,Sell,231428225
2024-08-14 09:35:17,23650.0,1000,Sell,231429880
2024-08-14 09:35:33,23650.0,10000,Sell,231430224
2024-08-14 09:35:40,23650.0,2400,Sell,231430381
2024-08-14 09:35:46,23650.0,500,Sell,231430502
2024-08-14 09:36:49,23650.0,100,Sell,231431998
2024-08-14 09:36:51,23650.0,1000,Sell,231432033
2024-08-14 09:36:53,23650.0,10000,Sell,231432077
2024-08-14 09:37:04,23700.0,100,Buy,231432322
2024-08-14 09:37:40,23650.0,5000,Sell,231433132
2024-08-14 09:38:06,23700.0,5000,Buy,231433591
2024-08-14 09:38:12,23700.0,100,Buy,231433755
2024-08-14 09:38:22,23700.0,900,Buy,231433997
2024-08-14 09:38:25,23700.0,100,Buy,231434069
2024-08-14 09:38:51,23650.0,500,Sell,231434622
2024-08-14 09:38:59,23650.0,500,Sell,231434783
2024-08-14 09:39:30,23650.0,7500,Sell,231435522
2024-08-14 09:39:30,23650.0,100,Sell,231435523
2024-08-14 09:39:30,23650.0,100,Sell,231435524
2024-08-14 09:39:30,23650.0,100,Sell,231435525
2024-08-14 09:39:30,23650.0,4200,Sell,231435526
2024-08-14 09:39:42,23700.0,100,Buy,231435804
2024-08-14 09:40:05,23650.0,3600,Sell,231436346
2024-08-14 09:40:05,23650.0,200,Sell,231436345
2024-08-14 09:40:05,23650.0,800,Sell,231436343
2024-08-14 09:40:05,23650.0,400,Sell,231436344
2024-08-14 09:40:08,23650.0,400,Sell,231436405
2024-08-14 09:40:17,23700.0,2000,Buy,231436621
2024-08-14 09:40:47,23650.0,200,Sell,231437557
2024-08-14 09:40:48,23650.0,4000,Sell,231437562
2024-08-14 09:40:53,23650.0,5000,Sell,231437730
2024-08-14 09:40:56,23700.0,100,Buy,231437787
2024-08-14 09:41:03,23650.0,300,Sell,231437982
2024-08-14 09:41:29,23650.0,2000,Sell,231438668
2024-08-14 09:41:31,23700.0,100,Buy,231438775
2024-08-14 09:41:31,23700.0,400,Buy,231438774
2024-08-14 09:41:40,23700.0,300,Buy,231439078
2024-08-14 09:41:40,23700.0,200,Buy,231439079
2024-08-14 09:41:40,23700.0,5000,Buy,231439080
2024-08-14 09:41:40,23700.0,200,Buy,231439081
2024-08-14 09:41:40,23700.0,9300,Buy,231439082
2024-08-14 09:41:40,23700.0,500,Buy,231439083
2024-08-14 09:42:19,23700.0,200,Buy,231440045
2024-08-14 09:42:19,23650.0,100,Sell,231440043
2024-08-14 09:42:19,23650.0,100,Sell,231440042
2024-08-14 09:42:19,23650.0,2600,Sell,231440044
2024-08-14 09:42:19,23650.0,2000,Sell,231440040
2024-08-14 09:42:19,23650.0,100,Sell,231440039
2024-08-14 09:42:19,23650.0,100,Sell,231440038
2024-08-14 09:42:19,23650.0,14500,Sell,231440037
2024-08-14 09:42:19,23650.0,500,Sell,231440041
2024-08-14 09:42:46,23700.0,100,Buy,231440608
2024-08-14 09:42:48,23650.0,500,Sell,231440650
2024-08-14 09:43:15,23650.0,2500,Sell,231441247
2024-08-14 09:43:19,23650.0,10000,Sell,231441347
2024-08-14 09:43:19,23650.0,5000,Sell,231441353
2024-08-14 09:43:19,23650.0,200,Sell,231441352
2024-08-14 09:43:19,23650.0,5000,Sell,231441348
2024-08-14 09:43:19,23650.0,4200,Sell,231441350
2024-08-14 09:43:19,23650.0,600,Sell,231441349
2024-08-14 09:43:19,23650.0,100,Sell,231441354
2024-08-14 09:43:19,23650.0,100,Sell,231441351
2024-08-14 09:43:19,23650.0,10000,Sell,231441355
2024-08-14 09:43:19,23650.0,2900,Sell,231441365
2024-08-14 09:43:19,23650.0,1000,Sell,231441357
2024-08-14 09:43:19,23650.0,5000,Sell,231441358
2024-08-14 09:43:19,23650.0,5000,Sell,231441359
2024-08-14 09:43:19,23650.0,1800,Sell,231441360
2024-08-14 09:43:19,23650.0,200,Sell,231441361
2024-08-14 09:43:19,23650.0,300,Sell,231441362
2024-08-14 09:43:19,23650.0,200,Sell,231441363
2024-08-14 09:43:19,23650.0,100,Sell,231441364
2024-08-14 09:43:19,23650.0,1000,Sell,231441356
2024-08-14 09:43:19,23650.0,100,Sell,231441346
2024-08-14 09:43:19,23650.0,2000,Sell,231441336
2024-08-14 09:43:19,23650.0,200,Sell,231441344
2024-08-14 09:43:19,23650.0,50000,Sell,231441345
2024-08-14 09:43:19,23650.0,4400,Sell,231441324
2024-08-14 09:43:19,23650.0,5000,Sell,231441325
2024-08-14 09:43:19,23650.0,5000,Sell,231441326
2024-08-14 09:43:19,23650.0,1000,Sell,231441327
2024-08-14 09:43:19,23650.0,10000,Sell,231441328
2024-08-14 09:43:19,23650.0,10000,Sell,231441329
2024-08-14 09:43:19,23650.0,2000,Sell,231441330
2024-08-14 09:43:19,23650.0,7500,Sell,231441331
2024-08-14 09:43:19,23650.0,300,Sell,231441332
2024-08-14 09:43:19,23650.0,3000,Sell,231441333
2024-08-14 09:43:19,23650.0,200,Sell,231441342
2024-08-14 09:43:19,23650.0,200,Sell,231441341
2024-08-14 09:43:19,23650.0,2000,Sell,231441340
2024-08-14 09:43:19,23650.0,100,Sell,231441339
2024-08-14 09:43:19,23650.0,3000,Sell,231441343
2024-08-14 09:43:19,23650.0,200,Sell,231441337
2024-08-14 09:43:19,23650.0,100,Sell,231441335
2024-08-14 09:43:19,23650.0,800,Sell,231441334
2024-08-14 09:43:19,23650.0,200,Sell,231441338
2024-08-14 09:43:24,23650.0,100,Sell,231441458
2024-08-14 09:43:24,23650.0,100,Sell,231441459
2024-08-14 09:43:43,23650.0,5100,Sell,231441834
2024-08-14 09:43:57,23650.0,700,Sell,231442111
2024-08-14 09:44:02,23650.0,5000,Sell,231442182
2024-08-14 09:44:09,23650.0,700,Sell,231442390
2024-08-14 09:44:16,23650.0,8500,Sell,231442534
2024-08-14 09:44:16,23650.0,1500,Sell,231442535
2024-08-14 09:44:19,23650.0,500,Sell,231442608
2024-08-14 09:44:20,23650.0,1000,Sell,231442621
2024-08-14 09:44:20,23650.0,20000,Sell,231442620
2024-08-14 09:44:20,23650.0,1000,Sell,231442622
2024-08-14 09:44:20,23650.0,200,Sell,231442618
2024-08-14 09:44:20,23650.0,3000,Sell,231442619
2024-08-14 09:44:20,23650.0,5900,Sell,231442617
2024-08-14 09:44:21,23650.0,18900,Buy,231442643
2024-08-14 09:44:25,23650.0,1500,Sell,231442742
2024-08-14 09:44:27,23650.0,5000,Sell,231442788
2024-08-14 09:44:28,23650.0,200,Sell,231442806
2024-08-14 09:44:28,23650.0,2000,Sell,231442809
2024-08-14 09:44:30,23650.0,1500,Sell,231442842
2024-08-14 09:44:31,23650.0,200,Sell,231442853
2024-08-14 09:44:36,23650.0,700,Sell,231443000
2024-08-14 09:44:39,23650.0,100,Sell,231443062
2024-08-14 09:44:39,23650.0,4200,Sell,231443061
2024-08-14 09:44:44,23650.0,100,Buy,231443159
2024-08-14 09:44:47,23650.0,600,Buy,231443226
2024-08-14 09:44:47,23650.0,100,Buy,231443227
2024-08-14 09:44:47,23650.0,300,Buy,231443228
2024-08-14 09:44:49,23650.0,1400,Buy,231443270
2024-08-14 09:44:59,23650.0,400,Sell,231443472
2024-08-14 09:45:03,23650.0,5000,Sell,231443542
2024-08-14 09:45:28,23650.0,5000,Sell,231444048
2024-08-14 09:46:03,23650.0,200,Sell,231444737
2024-08-14 09:46:03,23650.0,800,Sell,231444738
2024-08-14 09:46:14,23700.0,3200,Buy,231444926
2024-08-14 09:46:20,23700.0,1200,Buy,231445037
2024-08-14 09:46:24,23650.0,2300,Sell,231445140
2024-08-14 09:46:36,23650.0,100,Sell,231445499
2024-08-14 09:46:44,23650.0,2000,Sell,231445657
2024-08-14 09:46:47,23650.0,1800,Sell,231445757
2024-08-14 09:47:00,23650.0,10000,Sell,231446086
2024-08-14 09:47:32,23650.0,1000,Sell,231446752
2024-08-14 09:47:36,23650.0,11000,Sell,231446837
2024-08-14 09:47:39,23650.0,2000,Sell,231446904
2024-08-14 09:47:57,23650.0,5000,Sell,231447188
2024-08-14 09:48:04,23650.0,200,Sell,231447328
2024-08-14 09:48:29,23650.0,1000,Sell,231447781
2024-08-14 09:48:34,23650.0,15000,Sell,231447928
2024-08-14 09:48:45,23650.0,1000,Sell,231448178
2024-08-14 09:48:47,23650.0,15000,Sell,231448206
2024-08-14 09:48:52,23650.0,1100,Sell,231448367
2024-08-14 09:48:52,23650.0,500,Sell,231448365
2024-08-14 09:48:52,23650.0,4000,Sell,231448366
2024-08-14 09:48:52,23650.0,1000,Sell,231448364
2024-08-14 09:48:52,23650.0,100,Sell,231448359
2024-08-14 09:48:52,23650.0,3300,Sell,231448362
2024-08-14 09:48:52,23650.0,1000,Sell,231448361
2024-08-14 09:48:52,23650.0,200,Sell,231448360
2024-08-14 09:48:52,23650.0,1800,Sell,231448358
2024-08-14 09:48:52,23650.0,2000,Sell,231448363
2024-08-14 09:49:00,23650.0,100,Sell,231448588
2024-08-14 09:49:00,23650.0,8000,Sell,231448596
2024-08-14 09:49:00,23650.0,2100,Sell,231448595
2024-08-14 09:49:00,23650.0,100,Sell,231448594
2024-08-14 09:49:00,23650.0,10000,Sell,231448593
2024-08-14 09:49:00,23650.0,1900,Sell,231448592
2024-08-14 09:49:00,23650.0,400,Sell,231448591
2024-08-14 09:49:00,23650.0,100,Sell,231448590
2024-08-14 09:49:00,23650.0,200,Sell,231448589
2024-08-14 09:49:00,23650.0,100,Sell,231448587
2024-08-14 09:49:00,23650.0,5000,Sell,231448583
2024-08-14 09:49:00,23650.0,1000,Sell,231448585
2024-08-14 09:49:00,23650.0,200,Sell,231448576
2024-08-14 09:49:00,23650.0,100,Sell,231448577
2024-08-14 09:49:00,23650.0,1000,Sell,231448578
2024-08-14 09:49:00,23650.0,1000,Sell,231448579
2024-08-14 09:49:00,23650.0,10000,Sell,231448586
2024-08-14 09:49:00,23650.0,1000,Sell,231448581
2024-08-14 09:49:00,23650.0,5000,Sell,231448582
2024-08-14 09:49:00,23650.0,700,Sell,231448575
2024-08-14 09:49:00,23650.0,100,Sell,231448584
2024-08-14 09:49:00,23650.0,400,Sell,231448580
2024-08-14 09:49:11,23600.0,1900,Sell,231448903
2024-08-14 09:49:11,23600.0,5000,Sell,231448902
2024-08-14 09:49:11,23600.0,2000,Sell,231448900
2024-08-14 09:49:11,23600.0,100,Sell,231448899
2024-08-14 09:49:11,23600.0,500,Sell,231448897
2024-08-14 09:49:11,23600.0,500,Sell,231448901
2024-08-14 09:49:11,23600.0,100,Sell,231448895
2024-08-14 09:49:11,23600.0,400,Sell,231448896
2024-08-14 09:49:11,23600.0,500,Sell,231448890
2024-08-14 09:49:11,23600.0,200,Sell,231448891
2024-08-14 09:49:11,23600.0,300,Sell,231448898
2024-08-14 09:49:11,23600.0,2000,Sell,231448893
2024-08-14 09:49:11,23600.0,500,Sell,231448894
2024-08-14 09:49:11,23600.0,1000,Sell,231448892
2024-08-14 09:49:29,23650.0,700,Buy,231449354
2024-08-14 09:49:36,23650.0,800,Buy,231449527
2024-08-14 09:50:41,23650.0,13000,Buy,231450932
2024-08-14 09:50:55,23650.0,5000,Buy,231451222
2024-08-14 09:51:14,23650.0,100,Buy,231451526
2024-08-14 09:51:27,23600.0,4800,Sell,231451685
2024-08-14 09:51:53,23650.0,1000,Buy,231452121
2024-08-14 09:52:04,23650.0,500,Buy,231452299
2024-08-14 09:53:01,23650.0,3000,Buy,231453296
2024-08-14 09:53:03,23650.0,400,Buy,231453323
2024-08-14 09:53:03,23650.0,6300,Buy,231453325
2024-08-14 09:53:03,23650.0,200,Buy,231453324
2024-08-14 09:53:03,23650.0,100,Buy,231453322
2024-08-14 09:53:03,23650.0,1000,Buy,231453320
2024-08-14 09:53:03,23650.0,1400,Buy,231453318
2024-08-14 09:53:03,23650.0,100,Buy,231453321
2024-08-14 09:53:03,23650.0,500,Buy,231453319
2024-08-14 09:53:41,23600.0,7400,Sell,231454337
2024-08-14 09:54:23,23600.0,500,Sell,231455014
2024-08-14 09:54:45,23600.0,35400,Sell,231455367
2024-08-14 09:54:45,23600.0,4600,Sell,231455368
2024-08-14 09:55:01,23600.0,100,Sell,231455665
2024-08-14 09:55:05,23600.0,200,Sell,231455721
2024-08-14 09:55:12,23600.0,100,Sell,231455924
2024-08-14 09:55:22,23600.0,100,Sell,231456055
2024-08-14 09:55:22,23600.0,200,Sell,231456062
2024-08-14 09:55:22,23600.0,1000,Sell,231456061
2024-08-14 09:55:22,23600.0,100,Sell,231456060
2024-08-14 09:55:22,23600.0,300,Sell,231456059
2024-08-14 09:55:22,23600.0,100,Sell,231456058
2024-08-14 09:55:22,23600.0,5000,Sell,231456057
2024-08-14 09:55:22,23600.0,100,Sell,231456056
2024-08-14 09:55:22,23600.0,300,Sell,231456053
2024-08-14 09:55:22,23600.0,100,Sell,231456052
2024-08-14 09:55:22,23600.0,200,Sell,231456051
2024-08-14 09:55:22,23600.0,100,Sell,231456050
2024-08-14 09:55:22,23600.0,100,Sell,231456049
2024-08-14 09:55:22,23600.0,2000,Sell,231456048
2024-08-14 09:55:22,23600.0,100,Sell,231456047
2024-08-14 09:55:22,23600.0,100,Sell,231456046
2024-08-14 09:55:22,23600.0,5000,Sell,231456045
2024-08-14 09:55:22,23600.0,100,Sell,231456054
2024-08-14 09:55:38,23600.0,200,Sell,231456577
2024-08-14 09:55:45,23600.0,2000,Sell,231456710
2024-08-14 09:55:45,23600.0,200,Sell,231456706
2024-08-14 09:55:45,23600.0,200,Sell,231456709
2024-08-14 09:55:45,23600.0,100,Sell,231456708
2024-08-14 09:55:45,23600.0,1500,Sell,231456707
2024-08-14 09:55:45,23600.0,1900,Sell,231456712
2024-08-14 09:55:45,23600.0,8500,Sell,231456705
2024-08-14 09:55:45,23600.0,200,Sell,231456700
2024-08-14 09:55:45,23600.0,1000,Sell,231456703
2024-08-14 09:55:45,23600.0,100,Sell,231456698
2024-08-14 09:55:45,23600.0,1000,Sell,231456699
2024-08-14 09:55:45,23600.0,3000,Sell,231456704
2024-08-14 09:55:45,23600.0,100,Sell,231456702
2024-08-14 09:55:45,23600.0,200,Sell,231456701
2024-08-14 09:56:11,23600.0,600,Sell,231457185
2024-08-14 09:56:11,23600.0,400,Sell,231457184
2024-08-14 09:56:14,23600.0,1000,Sell,231457231
2024-08-14 09:56:15,23600.0,400,Sell,231457243
2024-08-14 09:56:15,23600.0,100,Sell,231457242
2024-08-14 09:56:15,23600.0,100,Sell,231457241
2024-08-14 09:56:15,23600.0,1300,Sell,231457244
2024-08-14 09:56:15,23600.0,100,Sell,231457239
2024-08-14 09:56:15,23600.0,500,Sell,231457238
2024-08-14 09:56:15,23600.0,1400,Sell,231457237
2024-08-14 09:56:15,23600.0,2000,Sell,231457236
2024-08-14 09:56:15,23600.0,100,Sell,231457240
2024-08-14 09:56:16,23600.0,3000,Sell,231457280
2024-08-14 09:56:16,23600.0,1600,Sell,231457287
2024-08-14 09:56:16,23600.0,1000,Sell,231457286
2024-08-14 09:56:16,23600.0,1000,Sell,231457285
2024-08-14 09:56:16,23600.0,100,Sell,231457284
2024-08-14 09:56:16,23600.0,400,Sell,231457283
2024-08-14 09:56:16,23600.0,300,Sell,231457282
2024-08-14 09:56:16,23600.0,100,Sell,231457281
2024-08-14 09:56:16,23600.0,1000,Sell,231457279
2024-08-14 09:56:16,23600.0,100,Sell,231457273
2024-08-14 09:56:16,23600.0,900,Sell,231457277
2024-08-14 09:56:16,23600.0,1000,Sell,231457276
2024-08-14 09:56:16,23600.0,5000,Sell,231457275
2024-08-14 09:56:16,23600.0,200,Sell,231457274
2024-08-14 09:56:16,23600.0,5000,Sell,231457271
2024-08-14 09:56:16,23600.0,2000,Sell,231457270
2024-08-14 09:56:16,23600.0,200,Sell,231457269
2024-08-14 09:56:16,23600.0,23700,Sell,231457268
2024-08-14 09:56:16,23600.0,5000,Sell,231457278
2024-08-14 09:56:16,23600.0,500,Sell,231457272
2024-08-14 09:56:22,23600.0,200,Buy,231457402
2024-08-14 09:56:30,23550.0,100,Sell,231457510
2024-08-14 09:57:43,23550.0,1000,Sell,231458817
2024-08-14 09:57:55,23550.0,500,Sell,231459004
2024-08-14 09:58:16,23550.0,2000,Sell,231459375
2024-08-14 09:59:00,23600.0,600,Buy,231460156
2024-08-14 09:59:16,23600.0,100,Buy,231460419
2024-08-14 09:59:19,23600.0,1000,Buy,231460457
2024-08-14 09:59:36,23600.0,100,Buy,231460755
2024-08-14 09:59:50,23600.0,3000,Buy,231461005
2024-08-14 10:00:12,23600.0,600,Buy,231461362
2024-08-14 10:00:25,23550.0,400,Sell,231461625
2024-08-14 10:00:31,23600.0,100,Buy,231461748
2024-08-14 10:00:36,23550.0,500,Sell,231461859
2024-08-14 10:00:46,23550.0,100,Sell,231461988
2024-08-14 10:01:42,23550.0,500,Sell,231462930
2024-08-14 10:01:46,23550.0,5500,Sell,231463024
2024-08-14 10:03:09,23550.0,100,Sell,231464291
2024-08-14 10:03:11,23550.0,600,Sell,231464316
2024-08-14 10:03:13,23600.0,200,Buy,231464354
2024-08-14 10:03:20,23550.0,200,Sell,231464429
2024-08-14 10:03:44,23600.0,3000,Buy,231464769
2024-08-14 10:04:06,23550.0,100,Sell,231465140
2024-08-14 10:05:05,23550.0,600,Sell,231466113
2024-08-14 10:05:22,23550.0,500,Sell,231466494
2024-08-14 10:05:27,23600.0,100,Buy,231466552
2024-08-14 10:05:27,23550.0,4000,Sell,231466560
2024-08-14 10:05:36,23550.0,100,Sell,231466690
2024-08-14 10:05:46,23550.0,2000,Sell,231466810
2024-08-14 10:06:30,23550.0,1000,Sell,231467652
2024-08-14 10:06:30,23550.0,1200,Sell,231467647
2024-08-14 10:06:30,23550.0,800,Sell,231467648
2024-08-14 10:07:02,23600.0,600,Buy,231468434
2024-08-14 10:07:02,23600.0,1000,Buy,231468433
2024-08-14 10:07:02,23600.0,800,Buy,231468432
2024-08-14 10:07:02,23600.0,1000,Buy,231468431
2024-08-14 10:07:02,23600.0,2000,Buy,231468430
2024-08-14 10:07:02,23600.0,300,Buy,231468429
2024-08-14 10:07:02,23600.0,100,Buy,231468428
2024-08-14 10:07:02,23600.0,1200,Buy,231468427
2024-08-14 10:07:02,23600.0,200,Buy,231468425
2024-08-14 10:07:02,23600.0,38900,Buy,231468419
2024-08-14 10:07:02,23600.0,1000,Buy,231468420
2024-08-14 10:07:02,23600.0,1000,Buy,231468421
2024-08-14 10:07:02,23600.0,400,Buy,231468426
2024-08-14 10:07:02,23600.0,1000,Buy,231468423
2024-08-14 10:07:02,23600.0,3000,Buy,231468424
2024-08-14 10:07:02,23600.0,2000,Buy,231468422
2024-08-14 10:07:14,23600.0,200,Buy,231468631
2024-08-14 10:07:22,23600.0,3700,Buy,231468739
2024-08-14 10:07:27,23550.0,2000,Sell,231468796
2024-08-14 10:07:41,23550.0,100,Sell,231469092
2024-08-14 10:08:36,23550.0,100,Sell,231469845
2024-08-14 10:08:45,23550.0,900,Sell,231469943
2024-08-14 10:09:10,23550.0,1500,Sell,231470276
2024-08-14 10:09:10,23550.0,3500,Sell,231470277
2024-08-14 10:09:32,23550.0,500,Sell,231470632
2024-08-14 10:09:33,23550.0,1500,Sell,231470633
2024-08-14 10:10:05,23550.0,3000,Sell,231471208
2024-08-14 10:10:25,23550.0,500,Sell,231471659
2024-08-14 10:10:31,23550.0,200,Sell,231471760
2024-08-14 10:10:41,23550.0,500,Sell,231471923
2024-08-14 10:10:53,23550.0,22300,Sell,231472161
2024-08-14 10:10:53,23550.0,800,Sell,231472162
2024-08-14 10:10:53,23550.0,2400,Sell,231472163
2024-08-14 10:11:17,23600.0,5500,Buy,231472464
2024-08-14 10:11:30,23600.0,100,Buy,231472683
2024-08-14 10:12:03,23600.0,100,Buy,231473226
2024-08-14 10:13:35,23600.0,500,Buy,231474615
2024-08-14 10:13:44,23550.0,1600,Sell,231474719
2024-08-14 10:13:53,23600.0,1400,Buy,231474828
2024-08-14 10:13:53,23600.0,100,Buy,231474825
2024-08-14 10:13:53,23600.0,500,Buy,231474826
2024-08-14 10:13:53,23600.0,1000,Buy,231474827
2024-08-14 10:13:56,23600.0,2000,Buy,231474861
2024-08-14 10:14:01,23600.0,100,Buy,231474918
2024-08-14 10:15:00,23600.0,100,Buy,231475932
2024-08-14 10:15:24,23600.0,200,Buy,231476333
2024-08-14 10:15:34,23600.0,100,Buy,231476481
2024-08-14 10:15:50,23600.0,9500,Buy,231476749
2024-08-14 10:15:55,23600.0,600,Buy,231476811
2024-08-14 10:16:16,23600.0,200,Buy,231477080
2024-08-14 10:16:22,23600.0,1100,Buy,231477167
2024-08-14 10:16:22,23600.0,200,Buy,231477168
2024-08-14 10:16:22,23600.0,700,Buy,231477166
2024-08-14 10:16:23,23600.0,200,Buy,231477179
2024-08-14 10:16:23,23600.0,2000,Buy,231477180
2024-08-14 10:16:23,23600.0,200,Buy,231477181
2024-08-14 10:16:23,23600.0,800,Buy,231477182
2024-08-14 10:16:26,23600.0,1000,Buy,231477212
2024-08-14 10:16:30,23600.0,100,Buy,231477308
2024-08-14 10:16:30,23600.0,100,Buy,231477307
2024-08-14 10:16:30,23600.0,100,Buy,231477306
2024-08-14 10:16:30,23600.0,100,Buy,231477302
2024-08-14 10:16:30,23600.0,1000,Buy,231477304
2024-08-14 10:16:30,23600.0,500,Buy,231477303
2024-08-14 10:16:30,23600.0,1000,Buy,231477305
2024-08-14 10:16:30,23600.0,400,Buy,231477301
2024-08-14 10:16:33,23600.0,100,Buy,231477364
2024-08-14 10:16:34,23600.0,5000,Buy,231477371
2024-08-14 10:16:36,23600.0,2000,Buy,231477401
2024-08-14 10:16:37,23600.0,500,Buy,231477433
2024-08-14 10:16:46,23600.0,1300,Buy,231477623
2024-08-14 10:16:46,23600.0,1100,Buy,231477638
2024-08-14 10:16:46,23600.0,3900,Buy,231477639
2024-08-14 10:16:53,23600.0,100,Buy,231477738
2024-08-14 10:17:01,23650.0,100,Buy,231477869
2024-08-14 10:17:32,23650.0,100,Buy,231478259
2024-08-14 10:17:34,23650.0,400,Buy,231478286
2024-08-14 10:18:16,23650.0,100,Buy,231478995
2024-08-14 10:18:21,23600.0,1000,Sell,231479080
2024-08-14 10:18:21,23600.0,1000,Sell,231479081
2024-08-14 10:18:21,23600.0,2600,Sell,231479082
2024-08-14 10:18:21,23600.0,400,Sell,231479079
2024-08-14 10:18:49,23600.0,400,Sell,231479518
2024-08-14 10:19:07,23600.0,2000,Sell,231479802
2024-08-14 10:19:16,23650.0,100,Buy,231479980
2024-08-14 10:20:08,23650.0,500,Buy,231480787
2024-08-14 10:20:16,23600.0,400,Sell,231480909
2024-08-14 10:20:16,23600.0,600,Sell,231480908
2024-08-14 10:20:31,23600.0,600,Sell,231481193
2024-08-14 10:20:31,23600.0,1400,Sell,231481194
2024-08-14 10:21:04,23600.0,300,Sell,231481765
2024-08-14 10:21:22,23600.0,1000,Sell,231482014
2024-08-14 10:21:22,23600.0,18300,Sell,231482013
2024-08-14 10:21:22,23600.0,700,Sell,231482015
2024-08-14 10:21:24,23600.0,100,Sell,231482047
2024-08-14 10:21:37,23650.0,2400,Buy,231482256
2024-08-14 10:21:43,23600.0,2200,Sell,231482358
2024-08-14 10:22:03,23600.0,1600,Sell,231482626
2024-08-14 10:22:03,23600.0,1000,Sell,231482627
2024-08-14 10:22:03,23600.0,2400,Sell,231482628
2024-08-14 10:22:30,23650.0,600,Buy,231482970
2024-08-14 10:22:43,23600.0,200,Sell,231483157
2024-08-14 10:22:48,23600.0,200,Sell,231483230
2024-08-14 10:23:05,23600.0,400,Sell,231483528
2024-08-14 10:23:38,23600.0,2300,Sell,231484019
2024-08-14 10:23:42,23600.0,11800,Sell,231484060
2024-08-14 10:23:50,23600.0,1000,Sell,231484167
2024-08-14 10:23:53,23600.0,1700,Sell,231484233
2024-08-14 10:23:53,23600.0,800,Sell,231484234
2024-08-14 10:23:53,23600.0,1000,Sell,231484235
2024-08-14 10:23:53,23600.0,100,Sell,231484236
2024-08-14 10:23:53,23600.0,100,Sell,231484237
2024-08-14 10:23:59,23600.0,2500,Sell,231484308
2024-08-14 10:23:59,23600.0,900,Sell,231484309
2024-08-14 10:23:59,23600.0,100,Sell,231484307
2024-08-14 10:23:59,23600.0,200,Sell,231484304
2024-08-14 10:23:59,23600.0,1000,Sell,231484305
2024-08-14 10:23:59,23600.0,100,Sell,231484303
2024-08-14 10:23:59,23600.0,200,Sell,231484306
2024-08-14 10:24:00,23600.0,500,Sell,231484324
2024-08-14 10:24:04,23600.0,1500,Sell,231484377
2024-08-14 10:24:04,23600.0,1500,Sell,231484378
2024-08-14 10:24:20,23600.0,1000,Sell,231484556
2024-08-14 10:24:40,23600.0,2000,Sell,231484800
2024-08-14 10:24:40,23600.0,200,Sell,231484799
2024-08-14 10:24:40,23600.0,2500,Sell,231484797
2024-08-14 10:24:40,23600.0,300,Sell,231484798
2024-08-14 10:24:41,23650.0,100,Buy,231484809
2024-08-14 10:24:47,23600.0,500,Sell,231484918
2024-08-14 10:24:47,23600.0,1000,Sell,231484913
2024-08-14 10:24:47,23600.0,100,Sell,231484915
2024-08-14 10:24:47,23600.0,500,Sell,231484914
2024-08-14 10:24:47,23600.0,1000,Sell,231484912
2024-08-14 10:24:47,23600.0,100,Sell,231484917
2024-08-14 10:24:47,23600.0,300,Sell,231484910
2024-08-14 10:24:47,23600.0,300,Sell,231484911
2024-08-14 10:24:47,23600.0,1000,Sell,231484906
2024-08-14 10:24:47,23600.0,100,Sell,231484907
2024-08-14 10:24:47,23600.0,5000,Sell,231484916
2024-08-14 10:24:47,23600.0,100,Sell,231484908
2024-08-14 10:24:47,23600.0,1000,Sell,231484909
2024-08-14 10:24:49,23600.0,4200,Buy,231484940
2024-08-14 10:24:55,23600.0,100,Buy,231485017
2024-08-14 10:24:57,23600.0,200,Buy,231485034
2024-08-14 10:25:06,23600.0,100,Buy,231485161
2024-08-14 10:25:07,23600.0,4000,Buy,231485183
2024-08-14 10:25:10,23600.0,2200,Buy,231485220
2024-08-14 10:25:29,23600.0,1000,Buy,231485416
2024-08-14 10:26:06,23600.0,30000,Buy,231486043
2024-08-14 10:26:07,23600.0,300,Buy,231486061
2024-08-14 10:26:08,23600.0,600,Buy,231486080
2024-08-14 10:26:13,23600.0,100,Buy,231486165
2024-08-14 10:26:14,23600.0,500,Buy,231486172
2024-08-14 10:26:28,23600.0,1000,Buy,231486436
2024-08-14 10:26:33,23600.0,1400,Buy,231486506
2024-08-14 10:26:36,23600.0,200,Buy,231486538
2024-08-14 10:27:13,23600.0,500,Buy,231487075
2024-08-14 10:27:18,23600.0,500,Buy,231487255
2024-08-14 10:27:41,23550.0,100,Sell,231487457
2024-08-14 10:27:45,23600.0,500,Buy,231487532
2024-08-14 10:28:02,23600.0,100,Buy,231487722
2024-08-14 10:28:21,23600.0,300,Buy,231487985
2024-08-14 10:28:44,23600.0,100,Buy,231488342
2024-08-14 10:28:51,23550.0,200,Sell,231488453
2024-08-14 10:30:04,23600.0,100,Buy,231489307
2024-08-14 10:30:39,23550.0,1000,Sell,231489704
2024-08-14 10:31:49,23550.0,300,Sell,231490754
2024-08-14 10:32:44,23550.0,1000,Sell,231491489
2024-08-14 10:32:46,23550.0,100,Sell,231491512
2024-08-14 10:33:28,23600.0,100,Buy,231491969
2024-08-14 10:34:13,23550.0,600,Sell,231492491
2024-08-14 10:34:25,23550.0,500,Sell,231492607
2024-08-14 10:34:30,23600.0,500,Buy,231492673
2024-08-14 10:35:24,23600.0,1000,Buy,231493454
2024-08-14 10:35:31,23600.0,500,Buy,231493580
2024-08-14 10:36:10,23550.0,100,Sell,231494009
2024-08-14 10:36:23,23600.0,1300,Buy,231494212
2024-08-14 10:36:32,23600.0,2900,Buy,231494438
2024-08-14 10:36:45,23550.0,500,Sell,231494633
2024-08-14 10:37:10,23550.0,100,Sell,231494996
2024-08-14 10:37:47,23600.0,100,Buy,231495689
2024-08-14 10:38:12,23600.0,500,Buy,231496133
2024-08-14 10:38:40,23600.0,100,Buy,231496624
2024-08-14 10:38:47,23600.0,1500,Buy,231496725
2024-08-14 10:38:57,23600.0,100,Buy,231496871
2024-08-14 10:39:16,23600.0,200,Buy,231497176
2024-08-14 10:40:06,23600.0,1500,Buy,231498047
2024-08-14 10:40:38,23600.0,2100,Buy,231498625
2024-08-14 10:40:45,23600.0,5000,Buy,231498749
2024-08-14 10:40:48,23600.0,100,Buy,231498798
2024-08-14 10:41:11,23550.0,300,Sell,231499124
2024-08-14 10:41:11,23550.0,4400,Sell,231499125
2024-08-14 10:41:11,23550.0,1000,Sell,231499126
2024-08-14 10:41:11,23550.0,4300,Sell,231499127
2024-08-14 10:41:26,23600.0,1800,Buy,231499458
2024-08-14 10:41:39,23600.0,100,Buy,231499620
2024-08-14 10:42:20,23600.0,100,Buy,231500253
2024-08-14 10:42:31,23550.0,2000,Sell,231500488
2024-08-14 10:42:38,23600.0,1000,Buy,231500707
2024-08-14 10:44:07,23550.0,5000,Sell,231502077
2024-08-14 10:45:07,23600.0,500,Buy,231502808
2024-08-14 10:45:45,23600.0,200,Buy,231503336
2024-08-14 10:47:49,23600.0,100,Buy,231505354
2024-08-14 10:47:58,23550.0,1000,Sell,231505570
2024-08-14 10:48:26,23550.0,100,Sell,231506043
2024-08-14 10:48:26,23550.0,1900,Sell,231506048
2024-08-14 10:48:50,23550.0,1000,Sell,231506401
2024-08-14 10:49:27,23550.0,500,Sell,231507084
2024-08-14 10:49:54,23550.0,100,Sell,231507479
2024-08-14 10:49:59,23600.0,200,Buy,231507550
2024-08-14 10:50:09,23550.0,300,Sell,231507674
2024-08-14 10:50:37,23550.0,500,Sell,231508229
2024-08-14 10:50:37,23550.0,100,Sell,231508230
2024-08-14 10:50:37,23550.0,1000,Sell,231508231
2024-08-14 10:50:37,23550.0,500,Sell,231508232
2024-08-14 10:50:37,23550.0,100,Sell,231508233
2024-08-14 10:50:37,23550.0,600,Sell,231508234
2024-08-14 10:50:37,23550.0,1200,Sell,231508228
2024-08-14 10:50:38,23550.0,1100,Sell,231508253
2024-08-14 10:50:38,23550.0,6200,Sell,231508252
2024-08-14 10:50:38,23550.0,300,Sell,231508251
2024-08-14 10:50:38,23550.0,100,Sell,231508250
2024-08-14 10:50:38,23550.0,300,Sell,231508249
2024-08-14 10:50:38,23550.0,200,Sell,231508246
2024-08-14 10:50:38,23550.0,400,Sell,231508247
2024-08-14 10:50:38,23550.0,400,Sell,231508244
2024-08-14 10:50:38,23550.0,400,Sell,231508243
2024-08-14 10:50:38,23550.0,100,Sell,231508248
2024-08-14 10:50:38,23550.0,500,Sell,231508245
2024-08-14 10:50:44,23550.0,600,Sell,231508366
2024-08-14 10:50:44,23550.0,500,Sell,231508370
2024-08-14 10:50:44,23550.0,400,Sell,231508364
2024-08-14 10:50:44,23550.0,100,Sell,231508363
2024-08-14 10:50:44,23550.0,5000,Sell,231508365
2024-08-14 10:50:44,23550.0,3900,Sell,231508362
2024-08-14 10:50:56,23600.0,500,Buy,231508637
2024-08-14 10:51:13,23550.0,500,Sell,231508924
2024-08-14 10:51:13,23550.0,200,Sell,231508907
2024-08-14 10:51:13,23550.0,2000,Sell,231508923
2024-08-14 10:51:13,23550.0,200,Sell,231508922
2024-08-14 10:51:13,23550.0,1800,Sell,231508921
2024-08-14 10:51:13,23550.0,2300,Sell,231508920
2024-08-14 10:51:13,23550.0,7000,Sell,231508919
2024-08-14 10:51:13,23550.0,100,Sell,231508918
2024-08-14 10:51:13,23550.0,2000,Sell,231508917
2024-08-14 10:51:13,23550.0,6000,Sell,231508915
2024-08-14 10:51:13,23550.0,5000,Sell,231508914
2024-08-14 10:51:13,23550.0,100,Sell,231508913
2024-08-14 10:51:13,23550.0,500,Sell,231508912
2024-08-14 10:51:13,23550.0,500,Sell,231508911
2024-08-14 10:51:13,23550.0,2000,Sell,231508910
2024-08-14 10:51:13,23550.0,5000,Sell,231508909
2024-08-14 10:51:13,23550.0,1000,Sell,231508908
2024-08-14 10:51:13,23550.0,500,Sell,231508925
2024-08-14 10:51:13,23550.0,100,Sell,231508916
2024-08-14 10:51:13,23550.0,5000,Sell,231508927
2024-08-14 10:51:13,23550.0,200,Sell,231508928
2024-08-14 10:51:13,23550.0,200,Sell,231508946
2024-08-14 10:51:13,23550.0,1000,Sell,231508945
2024-08-14 10:51:13,23550.0,2000,Sell,231508944
2024-08-14 10:51:13,23550.0,100,Sell,231508943
2024-08-14 10:51:13,23550.0,3000,Sell,231508942
2024-08-14 10:51:13,23550.0,50000,Sell,231508941
2024-08-14 10:51:13,23550.0,100,Sell,231508940
2024-08-14 10:51:13,23550.0,1000,Sell,231508939
2024-08-14 10:51:13,23550.0,100,Sell,231508926
2024-08-14 10:51:13,23550.0,100,Sell,231508938
2024-08-14 10:51:13,23550.0,400,Sell,231508936
2024-08-14 10:51:13,23550.0,100,Sell,231508935
2024-08-14 10:51:13,23550.0,100,Sell,231508934
2024-08-14 10:51:13,23550.0,200,Sell,231508933
2024-08-14 10:51:13,23550.0,1600,Sell,231508932
2024-08-14 10:51:13,23550.0,100,Sell,231508931
2024-08-14 10:51:13,23550.0,100,Sell,231508930
2024-08-14 10:51:13,23550.0,500,Sell,231508929
2024-08-14 10:51:13,23550.0,100,Sell,231508937
2024-08-14 10:51:13,23550.0,500,Sell,231508906
2024-08-14 10:51:13,23550.0,200,Sell,231508887
2024-08-14 10:51:13,23550.0,1000,Sell,231508904
2024-08-14 10:51:13,23550.0,100,Sell,231508880
2024-08-14 10:51:13,23550.0,20000,Sell,231508879
2024-08-14 10:51:13,23550.0,2000,Sell,231508878
2024-08-14 10:51:13,23550.0,200,Sell,231508877
2024-08-14 10:51:13,23550.0,200,Sell,231508876
2024-08-14 10:51:13,23550.0,300,Sell,231508875
2024-08-14 10:51:13,23550.0,100,Sell,231508874
2024-08-14 10:51:13,23550.0,3500,Sell,231508873
2024-08-14 10:51:13,23550.0,20000,Sell,231508881
2024-08-14 10:51:13,23550.0,100,Sell,231508872
2024-08-14 10:51:13,23550.0,200,Sell,231508870
2024-08-14 10:51:13,23550.0,1000,Sell,231508869
2024-08-14 10:51:13,23550.0,5000,Sell,231508868
2024-08-14 10:51:13,23550.0,300,Sell,231508867
2024-08-14 10:51:13,23550.0,1000,Sell,231508866
2024-08-14 10:51:13,23550.0,5000,Sell,231508865
2024-08-14 10:51:13,23550.0,3900,Sell,231508864
2024-08-14 10:51:13,23550.0,1000,Sell,231508905
2024-08-14 10:51:13,23550.0,300,Sell,231508871
2024-08-14 10:51:13,23550.0,1000,Sell,231508882
2024-08-14 10:51:13,23550.0,2500,Sell,231508886
2024-08-14 10:51:13,23550.0,100,Sell,231508884
2024-08-14 10:51:13,23550.0,100,Sell,231508902
2024-08-14 10:51:13,23550.0,200,Sell,231508901
2024-08-14 10:51:13,23550.0,3000,Sell,231508900
2024-08-14 10:51:13,23550.0,2000,Sell,231508899
2024-08-14 10:51:13,23550.0,2000,Sell,231508898
2024-08-14 10:51:13,23550.0,1000,Sell,231508897
2024-08-14 10:51:13,23550.0,3000,Sell,231508896
2024-08-14 10:51:13,23550.0,1000,Sell,231508895
2024-08-14 10:51:13,23550.0,1000,Sell,231508903
2024-08-14 10:51:13,23550.0,500,Sell,231508893
2024-08-14 10:51:13,23550.0,1000,Sell,231508885
2024-08-14 10:51:13,23550.0,1000,Sell,231508883
2024-08-14 10:51:13,23550.0,300,Sell,231508888
2024-08-14 10:51:13,23550.0,1000,Sell,231508894
2024-08-14 10:51:13,23550.0,100,Sell,231508890
2024-08-14 10:51:13,23550.0,500,Sell,231508891
2024-08-14 10:51:13,23550.0,500,Sell,231508892
2024-08-14 10:51:13,23550.0,1000,Sell,231508889
2024-08-14 10:51:28,23550.0,900,Buy,231509184
2024-08-14 10:51:33,23550.0,200,Buy,231509236
2024-08-14 10:51:44,23550.0,1000,Buy,231509476
2024-08-14 10:52:32,23550.0,300,Buy,231510264
2024-08-14 10:53:22,23550.0,500,Buy,231510936
2024-08-14 10:54:19,23550.0,100,Buy,231511647
2024-08-14 10:54:44,23550.0,100,Buy,231511943
2024-08-14 10:55:07,23500.0,700,Sell,231512248
2024-08-14 10:55:07,23500.0,3500,Sell,231512251
2024-08-14 10:55:07,23500.0,100,Sell,231512250
2024-08-14 10:55:07,23500.0,5000,Sell,231512249
2024-08-14 10:55:07,23500.0,200,Sell,231512247
2024-08-14 10:55:07,23500.0,100,Sell,231512245
2024-08-14 10:55:07,23500.0,100,Sell,231512246
2024-08-14 10:55:07,23500.0,200,Sell,231512242
2024-08-14 10:55:07,23500.0,10000,Sell,231512244
2024-08-14 10:55:07,23500.0,100,Sell,231512243
2024-08-14 10:55:08,23500.0,800,Sell,231512272
2024-08-14 10:55:29,23500.0,1000,Sell,231512611
2024-08-14 10:55:48,23550.0,300,Buy,231512877
2024-08-14 10:55:50,23500.0,9000,Sell,231512896
2024-08-14 10:56:27,23500.0,6500,Sell,231513372
2024-08-14 10:56:36,23500.0,2000,Sell,231513515
2024-08-14 10:56:49,23500.0,1500,Sell,231513669
2024-08-14 10:57:01,23500.0,4000,Sell,231513819
2024-08-14 10:57:16,23500.0,100,Sell,231514003
2024-08-14 10:57:25,23500.0,100,Sell,231514155
2024-08-14 10:57:41,23500.0,4500,Sell,231514302
2024-08-14 10:57:49,23550.0,200,Buy,231514429
2024-08-14 10:57:56,23550.0,200,Buy,231514503
2024-08-14 10:58:45,23550.0,200,Buy,231515434
2024-08-14 10:59:07,23550.0,200,Buy,231515760
2024-08-14 10:59:12,23500.0,2000,Sell,231515862
2024-08-14 10:59:27,23500.0,400,Sell,231515999
2024-08-14 10:59:36,23500.0,3000,Sell,231516091
2024-08-14 10:59:45,23500.0,1000,Sell,231516197
2024-08-14 10:59:59,23500.0,3000,Sell,231516387
2024-08-14 11:00:22,23500.0,1500,Sell,231516684
2024-08-14 11:00:28,23500.0,4000,Sell,231516761
2024-08-14 11:00:43,23550.0,100,Buy,231517066
2024-08-14 11:01:03,23550.0,500,Buy,231517438
2024-08-14 11:01:51,23550.0,2000,Buy,231518224
2024-08-14 11:02:01,23550.0,100,Buy,231518556
2024-08-14 11:02:01,23550.0,13000,Buy,231518557
2024-08-14 11:02:01,23550.0,3000,Buy,231518558
2024-08-14 11:02:01,23550.0,8200,Buy,231518562
2024-08-14 11:02:01,23550.0,5000,Buy,231518560
2024-08-14 11:02:01,23550.0,100,Buy,231518561
2024-08-14 11:02:01,23550.0,200,Buy,231518555
2024-08-14 11:02:01,23550.0,100,Buy,231518559
2024-08-14 11:02:01,23550.0,100,Buy,231518554
2024-08-14 11:02:01,23550.0,500,Buy,231518545
2024-08-14 11:02:01,23550.0,4500,Buy,231518552
2024-08-14 11:02:01,23550.0,3000,Buy,231518544
2024-08-14 11:02:01,23550.0,500,Buy,231518553
2024-08-14 11:02:01,23550.0,50000,Buy,231518546
2024-08-14 11:02:01,23550.0,4200,Buy,231518547
2024-08-14 11:02:01,23550.0,1700,Buy,231518543
2024-08-14 11:02:01,23550.0,1000,Buy,231518549
2024-08-14 11:02:01,23550.0,3000,Buy,231518550
2024-08-14 11:02:01,23550.0,1500,Buy,231518551
2024-08-14 11:02:01,23550.0,300,Buy,231518548
2024-08-14 11:02:05,23550.0,100,Buy,231518622
2024-08-14 11:02:18,23550.0,1700,Buy,231518845
2024-08-14 11:02:18,23550.0,500,Buy,231518846
2024-08-14 11:02:18,23550.0,800,Buy,231518847
2024-08-14 11:02:38,23550.0,100,Buy,231519167
2024-08-14 11:02:46,23550.0,200,Buy,231519286
2024-08-14 11:02:53,23550.0,400,Buy,231519381
2024-08-14 11:02:53,23550.0,100,Buy,231519382
2024-08-14 11:03:10,23550.0,100,Buy,231519597
2024-08-14 11:03:11,23550.0,400,Buy,231519653
2024-08-14 11:03:22,23550.0,200,Buy,231519901
2024-08-14 11:03:23,23550.0,100,Buy,231519904
2024-08-14 11:03:39,23550.0,400,Buy,231520221
2024-08-14 11:03:48,23550.0,200,Buy,231520383
2024-08-14 11:03:52,23550.0,400,Buy,231520433
2024-08-14 11:03:52,23550.0,600,Buy,231520440
2024-08-14 11:03:52,23550.0,100,Buy,231520441
2024-08-14 11:03:52,23550.0,1300,Buy,231520442
2024-08-14 11:04:04,23550.0,100,Buy,231520627
2024-08-14 11:04:13,23550.0,1000,Buy,231520840
2024-08-14 11:04:18,23550.0,200,Buy,231520942
2024-08-14 11:04:33,23550.0,2000,Buy,231521229
2024-08-14 11:04:34,23550.0,500,Buy,231521244
2024-08-14 11:04:38,23550.0,1000,Buy,231521308
2024-08-14 11:04:39,23550.0,2000,Buy,231521310
2024-08-14 11:04:53,23550.0,1000,Buy,231521548
2024-08-14 11:05:09,23550.0,100,Buy,231521835
2024-08-14 11:05:22,23500.0,10000,Sell,231522141
2024-08-14 11:06:02,23500.0,1000,Sell,231522743
2024-08-14 11:06:04,23550.0,200,Buy,231522781
2024-08-14 11:06:10,23500.0,1000,Sell,231522842
2024-08-14 11:06:13,23500.0,4800,Sell,231522912
2024-08-14 11:06:27,23550.0,200,Buy,231523045
2024-08-14 11:06:31,23550.0,100,Buy,231523086
2024-08-14 11:06:56,23550.0,200,Buy,231523421
2024-08-14 11:07:03,23550.0,100,Buy,231523488
2024-08-14 11:07:03,23550.0,600,Buy,231523489
2024-08-14 11:07:16,23550.0,100,Buy,231523645
2024-08-14 11:08:25,23550.0,200,Buy,231524667
2024-08-14 11:08:25,23550.0,100,Buy,231524668
2024-08-14 11:08:25,23550.0,3000,Buy,231524669
2024-08-14 11:08:25,23550.0,3800,Buy,231524670
2024-08-14 11:08:25,23550.0,500,Buy,231524671
2024-08-14 11:08:25,23550.0,2400,Buy,231524672
2024-08-14 11:08:51,23500.0,1500,Sell,231525168
2024-08-14 11:08:58,23500.0,2000,Sell,231525312
2024-08-14 11:09:14,23500.0,3000,Sell,231525555
2024-08-14 11:10:01,23500.0,1000,Sell,231526176
2024-08-14 11:10:14,23500.0,4400,Sell,231526381
2024-08-14 11:10:33,23550.0,2100,Buy,231526708
2024-08-14 11:10:57,23550.0,100,Buy,231527047
2024-08-14 11:11:14,23500.0,2800,Sell,231527225
2024-08-14 11:11:14,23500.0,100,Sell,231527226
2024-08-14 11:11:14,23500.0,100,Sell,231527227
2024-08-14 11:11:37,23500.0,300,Sell,231527491
2024-08-14 11:11:37,23500.0,1700,Sell,231527492
2024-08-14 11:12:10,23550.0,100,Buy,231527914
2024-08-14 11:12:24,23500.0,500,Sell,231528134
2024-08-14 11:12:59,23500.0,2000,Sell,231528769
2024-08-14 11:13:04,23550.0,5000,Buy,231528824
2024-08-14 11:13:07,23500.0,100,Sell,231528858
2024-08-14 11:13:10,23500.0,200,Sell,231528922
2024-08-14 11:13:22,23500.0,500,Sell,231529074
2024-08-14 11:13:22,23500.0,100,Sell,231529075
2024-08-14 11:13:22,23500.0,100,Sell,231529076
2024-08-14 11:13:22,23500.0,100,Sell,231529077
2024-08-14 11:13:22,23500.0,200,Sell,231529078
2024-08-14 11:13:22,23500.0,1000,Sell,231529079
2024-08-14 11:13:41,23500.0,1000,Sell,231529345
2024-08-14 11:13:59,23550.0,200,Buy,231530054
2024-08-14 11:14:50,23550.0,500,Buy,231531083
2024-08-14 11:15:06,23500.0,700,Sell,231531322
2024-08-14 11:15:13,23550.0,100,Buy,231531426
2024-08-14 11:15:14,23550.0,500,Buy,231531429
2024-08-14 11:16:41,23550.0,100,Buy,231532875
2024-08-14 11:17:09,23500.0,300,Sell,231533213
2024-08-14 11:17:09,23500.0,200,Sell,231533212
2024-08-14 11:17:09,23500.0,1200,Sell,231533214
2024-08-14 11:17:09,23500.0,200,Sell,231533210
2024-08-14 11:17:09,23500.0,2000,Sell,231533209
2024-08-14 11:17:09,23500.0,100,Sell,231533211
2024-08-14 11:17:24,23500.0,100,Sell,231533521
2024-08-14 11:17:42,23500.0,700,Sell,231533801
2024-08-14 11:17:42,23500.0,100,Sell,231533802
2024-08-14 11:17:42,23500.0,200,Sell,231533803
2024-08-14 11:17:42,23500.0,8500,Sell,231533804
2024-08-14 11:17:42,23500.0,2500,Sell,231533805
2024-08-14 11:18:26,23500.0,900,Sell,231534402
2024-08-14 11:18:26,23500.0,100,Sell,231534401
2024-08-14 11:18:26,23500.0,500,Sell,231534400
2024-08-14 11:18:26,23500.0,500,Sell,231534399
2024-08-14 11:18:26,23500.0,200,Sell,231534398
2024-08-14 11:18:26,23500.0,300,Sell,231534397
2024-08-14 11:18:26,23500.0,2500,Sell,231534396
2024-08-14 11:18:36,23550.0,8700,Buy,231534529
2024-08-14 11:18:36,23550.0,1300,Buy,231534530
2024-08-14 11:19:04,23550.0,100,Buy,231534966
2024-08-14 11:19:49,23550.0,100,Buy,231535583
2024-08-14 11:19:50,23500.0,700,Sell,231535623
2024-08-14 11:19:50,23500.0,1000,Sell,231535622
2024-08-14 11:19:50,23500.0,1000,Sell,231535621
2024-08-14 11:19:50,23500.0,200,Sell,231535620
2024-08-14 11:19:50,23500.0,100,Sell,231535617
2024-08-14 11:19:50,23500.0,100,Sell,231535618
2024-08-14 11:19:50,23500.0,1500,Sell,231535616
2024-08-14 11:19:50,23500.0,300,Sell,231535615
2024-08-14 11:19:50,23500.0,4100,Sell,231535614
2024-08-14 11:19:50,23500.0,1000,Sell,231535619
2024-08-14 11:20:05,23500.0,100,Sell,231535800
2024-08-14 11:20:19,23500.0,200,Sell,231535981
2024-08-14 11:20:19,23500.0,100,Sell,231535982
2024-08-14 11:20:19,23500.0,700,Sell,231535983
2024-08-14 11:20:26,23550.0,100,Buy,231536081
2024-08-14 11:21:03,23500.0,300,Sell,231536620
2024-08-14 11:21:03,23500.0,200,Sell,231536619
2024-08-14 11:21:13,23500.0,100,Sell,231536759
2024-08-14 11:21:33,23500.0,100,Sell,231536975
2024-08-14 11:21:33,23500.0,100,Sell,231536976
2024-08-14 11:21:45,23550.0,600,Buy,231537173
2024-08-14 11:21:48,23550.0,300,Buy,231537204
2024-08-14 11:21:58,23550.0,100,Buy,231537307
2024-08-14 11:22:21,23550.0,1500,Buy,231537656
2024-08-14 11:22:22,23550.0,500,Buy,231537658
2024-08-14 11:22:22,23500.0,100,Sell,231537660
2024-08-14 11:22:28,23550.0,400,Buy,231537760
2024-08-14 11:22:28,23550.0,100,Buy,231537761
2024-08-14 11:22:28,23550.0,900,Buy,231537762
2024-08-14 11:23:12,23550.0,4100,Buy,231538398
2024-08-14 11:23:12,23550.0,45900,Buy,231538399
2024-08-14 11:23:14,23500.0,500,Sell,231538437
2024-08-14 11:23:16,23550.0,200,Buy,231538461
2024-08-14 11:23:16,23550.0,500,Buy,231538460
2024-08-14 11:23:16,23550.0,700,Buy,231538462
2024-08-14 11:23:16,23550.0,5000,Buy,231538459
2024-08-14 11:23:16,23550.0,1000,Buy,231538456
2024-08-14 11:23:16,23550.0,1000,Buy,231538457
2024-08-14 11:23:16,23550.0,400,Buy,231538454
2024-08-14 11:23:16,23550.0,100,Buy,231538458
2024-08-14 11:23:16,23550.0,40100,Buy,231538453
2024-08-14 11:23:16,23550.0,1000,Buy,231538455
2024-08-14 11:23:27,23500.0,200,Sell,231538594
2024-08-14 11:23:46,23500.0,100,Sell,231538763
2024-08-14 11:23:46,23500.0,100,Sell,231538764
2024-08-14 11:23:46,23500.0,100,Sell,231538765
2024-08-14 11:23:46,23500.0,200,Sell,231538766
2024-08-14 11:24:06,23550.0,3600,Buy,231539072
2024-08-14 11:24:07,23550.0,1100,Buy,231539073
2024-08-14 11:24:07,23550.0,4000,Buy,231539075
2024-08-14 11:24:07,23550.0,5000,Buy,231539076
2024-08-14 11:24:07,23550.0,5000,Buy,231539077
2024-08-14 11:24:07,23550.0,7000,Buy,231539078
2024-08-14 11:24:07,23550.0,200,Buy,231539079
2024-08-14 11:24:07,23550.0,23100,Buy,231539080
2024-08-14 11:24:07,23550.0,1000,Buy,231539074
2024-08-14 11:24:46,23550.0,2000,Buy,231539576
2024-08-14 11:25:27,23550.0,2000,Buy,231539990
2024-08-14 11:26:01,23550.0,50000,Buy,231540438
2024-08-14 11:26:14,23550.0,100,Buy,231540624
2024-08-14 11:26:29,23550.0,300,Buy,231540811
2024-08-14 11:26:34,23550.0,200,Buy,231540891
2024-08-14 11:26:52,23550.0,22300,Buy,231541132
2024-08-14 11:26:52,23550.0,100,Buy,231541134
2024-08-14 11:26:52,23550.0,200,Buy,231541135
2024-08-14 11:26:52,23550.0,100,Buy,231541136
2024-08-14 11:26:52,23550.0,27300,Buy,231541137
2024-08-14 11:27:03,23550.0,200,Buy,231541315
2024-08-14 11:27:09,23550.0,1000,Buy,231541374
2024-08-14 11:27:16,23550.0,200,Buy,231541433
2024-08-14 11:27:19,23550.0,500,Buy,231541484
2024-08-14 11:27:19,23550.0,28200,Buy,231541485
2024-08-14 11:27:19,23550.0,21300,Buy,231541483
2024-08-14 11:27:27,23550.0,2000,Buy,231541581
2024-08-14 11:27:38,23550.0,1000,Buy,231541717
2024-08-14 11:27:40,23550.0,100,Buy,231541741
2024-08-14 11:27:47,23550.0,9600,Buy,231541872
2024-08-14 11:27:48,23550.0,9100,Buy,231541879
2024-08-14 11:27:48,23550.0,600,Buy,231541880
2024-08-14 11:27:50,23550.0,3500,Sell,231541891
2024-08-14 11:28:30,23550.0,1000,Sell,231542354
2024-08-14 11:28:40,23550.0,1000,Sell,231542457
2024-08-14 11:29:03,23550.0,500,Sell,231542731
2024-08-14 11:29:13,23550.0,4300,Sell,231542858
2024-08-14 11:29:13,23550.0,1000,Sell,231542859
2024-08-14 11:29:13,23550.0,600,Sell,231542860
2024-08-14 11:29:13,23550.0,1000,Sell,231542861
2024-08-14 11:29:13,23550.0,1900,Sell,231542862
2024-08-14 11:29:13,23550.0,2000,Sell,231542863
2024-08-14 11:29:13,23500.0,800,Sell,231542865
2024-08-14 11:29:13,23500.0,200,Sell,231542866
2024-08-14 11:29:13,23500.0,100,Sell,231542867
2024-08-14 11:29:13,23500.0,1000,Sell,231542868
2024-08-14 11:29:13,23550.0,100,Sell,231542864
2024-08-14 11:29:35,23550.0,500,Buy,231543117
2024-08-14 12:59:42,23550.0,100,Sell,231543697
2024-08-14 12:59:42,23550.0,10000,Sell,231543699
2024-08-14 12:59:42,23550.0,200,Sell,231543698
2024-08-14 12:59:42,23550.0,3700,Sell,231543696
2024-08-14 12:59:42,23550.0,2900,Sell,231543694
2024-08-14 12:59:42,23550.0,100,Sell,231543269
2024-08-14 12:59:42,23550.0,100,Sell,231543266
2024-08-14 12:59:42,23550.0,1400,Sell,231543263
2024-08-14 12:59:42,23550.0,45000,Sell,231543695
2024-08-14 12:59:44,23550.0,1300,Buy,231544397
2024-08-14 12:59:44,23550.0,100,Buy,231544398
2024-08-14 12:59:45,23550.0,300,Buy,231544867
2024-08-14 12:59:46,23550.0,300,Buy,231545095
2024-08-14 12:59:46,23550.0,1300,Buy,231545097
2024-08-14 12:59:47,23550.0,100,Buy,231545270
2024-08-14 12:59:48,23550.0,100,Buy,231545548
2024-08-14 12:59:50,23550.0,200,Buy,231545832
2024-08-14 12:59:50,23500.0,400,Sell,231545799
2024-08-14 12:59:52,23550.0,3000,Buy,231545943
2024-08-14 12:59:52,23550.0,4300,Buy,231545970
2024-08-14 12:59:52,23550.0,2000,Buy,231545986
2024-08-14 12:59:53,23550.0,100,Buy,231546058
2024-08-14 12:59:56,23500.0,100,Sell,231546227
2024-08-14 12:59:56,23500.0,200,Sell,231546226
2024-08-14 12:59:56,23500.0,3000,Sell,231546225
2024-08-14 12:59:56,23500.0,200,Sell,231546221
2024-08-14 12:59:56,23500.0,100,Sell,231546223
2024-08-14 12:59:56,23500.0,100,Sell,231546224
2024-08-14 12:59:56,23500.0,100,Sell,231546220
2024-08-14 12:59:56,23500.0,100,Sell,231546222
2024-08-14 13:01:04,23500.0,100,Sell,231547574
2024-08-14 13:01:04,23500.0,200,Sell,231547573
2024-08-14 13:01:04,23500.0,200,Sell,231547572
2024-08-14 13:01:04,23500.0,100,Sell,231547567
2024-08-14 13:01:04,23500.0,1000,Sell,231547570
2024-08-14 13:01:04,23500.0,200,Sell,231547569
2024-08-14 13:01:04,23500.0,1000,Sell,231547568
2024-08-14 13:01:04,23500.0,200,Sell,231547571
2024-08-14 13:01:05,23500.0,200,Sell,231547581
2024-08-14 13:01:54,23500.0,200,Sell,231548306
2024-08-14 13:02:00,23500.0,300,Sell,231548470
2024-08-14 13:02:27,23500.0,1000,Sell,231549000
2024-08-14 13:03:04,23550.0,300,Buy,231549610
2024-08-14 13:03:06,23550.0,100,Buy,231549651
2024-08-14 13:03:38,23550.0,100,Buy,231550216
2024-08-14 13:03:57,23550.0,2000,Buy,231550656
2024-08-14 13:04:17,23550.0,5000,Buy,231551040
2024-08-14 13:04:31,23550.0,1600,Buy,231551318
2024-08-14 13:04:43,23550.0,300,Buy,231551576
2024-08-14 13:04:52,23550.0,100,Buy,231551753
2024-08-14 13:04:56,23550.0,1000,Buy,231551812
2024-08-14 13:05:10,23550.0,4000,Buy,231552083
2024-08-14 13:05:29,23550.0,10000,Buy,231552421
2024-08-14 13:05:43,23500.0,100,Sell,231552699
2024-08-14 13:06:27,23500.0,16000,Sell,231553639
2024-08-14 13:06:34,23550.0,500,Buy,231553816
2024-08-14 13:06:34,23550.0,200,Buy,231553817
2024-08-14 13:06:34,23550.0,10000,Buy,231553818
2024-08-14 13:06:34,23550.0,10000,Buy,231553819
2024-08-14 13:06:34,23550.0,200,Buy,231553820
2024-08-14 13:06:34,23550.0,3500,Buy,231553821
2024-08-14 13:06:46,23500.0,200,Sell,231554074
2024-08-14 13:06:51,23500.0,100,Sell,231554216
2024-08-14 13:06:51,23500.0,500,Sell,231554215
2024-08-14 13:06:51,23500.0,100,Sell,231554214
2024-08-14 13:06:51,23500.0,1200,Sell,231554213
2024-08-14 13:06:51,23500.0,700,Sell,231554212
2024-08-14 13:06:51,23500.0,500,Sell,231554211
2024-08-14 13:06:51,23500.0,3300,Sell,231554217
2024-08-14 13:06:51,23500.0,200,Sell,231554210
2024-08-14 13:06:51,23500.0,200,Sell,231554207
2024-08-14 13:06:51,23500.0,300,Sell,231554208
2024-08-14 13:06:51,23500.0,400,Sell,231554200
2024-08-14 13:06:51,23500.0,400,Sell,231554201
2024-08-14 13:06:51,23500.0,100,Sell,231554202
2024-08-14 13:06:51,23500.0,1000,Sell,231554209
2024-08-14 13:06:51,23500.0,200,Sell,231554204
2024-08-14 13:06:51,23500.0,100,Sell,231554205
2024-08-14 13:06:51,23500.0,200,Sell,231554206
2024-08-14 13:06:51,23500.0,500,Sell,231554203
2024-08-14 13:06:58,23500.0,1000,Sell,231554351
2024-08-14 13:07:29,23500.0,300,Sell,231555023
2024-08-14 13:07:36,23550.0,300,Buy,231555132
2024-08-14 13:07:36,23500.0,600,Sell,231555133
2024-08-14 13:07:46,23500.0,7800,Sell,231555393
2024-08-14 13:07:46,23500.0,1000,Sell,231555394
2024-08-14 13:07:46,23500.0,1000,Sell,231555395
2024-08-14 13:07:46,23500.0,200,Sell,231555396
2024-08-14 13:07:54,23500.0,500,Sell,231555565
2024-08-14 13:07:54,23500.0,100,Sell,231555564
2024-08-14 13:08:10,23550.0,100,Buy,231555853
2024-08-14 13:08:22,23500.0,300,Sell,231556261
2024-08-14 13:08:22,23500.0,200,Sell,231556260
2024-08-14 13:08:25,23550.0,200,Buy,231556300
2024-08-14 13:08:28,23500.0,1000,Sell,231556351
2024-08-14 13:08:29,23550.0,100,Buy,231556383
2024-08-14 13:08:29,23550.0,9500,Buy,231556382
2024-08-14 13:08:29,23550.0,400,Buy,231556384
2024-08-14 13:08:29,23550.0,300,Buy,231556380
2024-08-14 13:08:29,23550.0,5900,Buy,231556379
2024-08-14 13:08:29,23550.0,100,Buy,231556381
2024-08-14 13:08:37,23550.0,300,Buy,231556567
2024-08-14 13:09:02,23550.0,200,Buy,231557085
2024-08-14 13:09:03,23550.0,1500,Buy,231557111
2024-08-14 13:09:16,23550.0,100,Buy,231557283
2024-08-14 13:09:44,23550.0,200,Buy,231557804
2024-08-14 13:10:42,23550.0,1000,Buy,231558974
2024-08-14 13:10:52,23550.0,100,Buy,231559186
2024-08-14 13:11:08,23500.0,300,Sell,231559456
2024-08-14 13:11:08,23500.0,300,Sell,231559455
2024-08-14 13:11:08,23500.0,100,Sell,231559454
2024-08-14 13:11:08,23500.0,700,Sell,231559453
2024-08-14 13:11:29,23500.0,500,Sell,231559862
2024-08-14 13:11:31,23500.0,400,Sell,231559955
2024-08-14 13:11:31,23500.0,200,Sell,231559954
2024-08-14 13:11:31,23500.0,100,Sell,231559953
2024-08-14 13:11:31,23500.0,200,Sell,231559952
2024-08-14 13:11:31,23500.0,1000,Sell,231559951
2024-08-14 13:11:31,23500.0,100,Sell,231559950
2024-08-14 13:11:31,23500.0,1000,Sell,231559949
2024-08-14 13:11:31,23500.0,500,Sell,231559946
2024-08-14 13:11:31,23500.0,1200,Sell,231559937
2024-08-14 13:11:31,23500.0,100,Sell,231559944
2024-08-14 13:11:31,23500.0,200,Sell,231559943
2024-08-14 13:11:31,23500.0,2000,Sell,231559942
2024-08-14 13:11:31,23500.0,2000,Sell,231559941
2024-08-14 13:11:31,23500.0,300,Sell,231559940
2024-08-14 13:11:31,23500.0,100,Sell,231559939
2024-08-14 13:11:31,23500.0,500,Sell,231559938
2024-08-14 13:11:31,23500.0,100,Sell,231559945
2024-08-14 13:11:36,23500.0,400,Sell,231560022
2024-08-14 13:11:58,23500.0,300,Sell,231560442
2024-08-14 13:12:09,23550.0,5000,Buy,231560713
2024-08-14 13:12:12,23550.0,100,Buy,231560788
2024-08-14 13:12:36,23550.0,5000,Buy,231561228
2024-08-14 13:12:37,23500.0,1000,Sell,231561237
2024-08-14 13:12:44,23500.0,1500,Sell,231561370
2024-08-14 13:12:44,23500.0,100,Sell,231561369
2024-08-14 13:12:44,23500.0,900,Sell,231561366
2024-08-14 13:12:44,23500.0,100,Sell,231561367
2024-08-14 13:12:44,23500.0,400,Sell,231561368
2024-08-14 13:13:12,23500.0,300,Sell,231561870
2024-08-14 13:13:13,23550.0,300,Buy,231561891
2024-08-14 13:13:29,23500.0,200,Sell,231562241
2024-08-14 13:13:36,23500.0,300,Sell,231562339
2024-08-14 13:14:11,23500.0,500,Sell,231563114
2024-08-14 13:14:14,23550.0,100,Buy,231563238
2024-08-14 13:14:17,23500.0,100,Sell,231563282
2024-08-14 13:14:42,23550.0,100,Buy,231563969
2024-08-14 13:14:46,23550.0,5000,Buy,231564105
2024-08-14 13:15:13,23500.0,18000,Sell,231565001
2024-08-14 13:15:24,23550.0,5000,Buy,231565421
2024-08-14 13:16:27,23500.0,3000,Sell,231566823
2024-08-14 13:16:33,23550.0,2000,Buy,231566961
2024-08-14 13:17:10,23500.0,100,Sell,231567902
2024-08-14 13:17:14,23550.0,4000,Buy,231567975
2024-08-14 13:17:14,23550.0,1000,Buy,231567976
2024-08-14 13:17:14,23550.0,100,Buy,231567977
2024-08-14 13:17:14,23550.0,2800,Buy,231567978
2024-08-14 13:17:14,23550.0,18500,Buy,231567979
2024-08-14 13:17:14,23550.0,3600,Buy,231567974
2024-08-14 13:17:29,23550.0,2000,Buy,231568396
2024-08-14 13:17:29,23550.0,1100,Buy,231568407
2024-08-14 13:17:34,23550.0,100,Buy,231568646
2024-08-14 13:17:35,23550.0,50000,Buy,231568670
2024-08-14 13:17:46,23500.0,100,Sell,231569161
2024-08-14 13:17:47,23550.0,5000,Buy,231569178
2024-08-14 13:17:49,23550.0,100,Buy,231569251
2024-08-14 13:17:51,23550.0,2000,Buy,231569279
2024-08-14 13:17:52,23550.0,100,Buy,231569354
2024-08-14 13:18:01,23550.0,5000,Buy,231569651
2024-08-14 13:18:02,23550.0,500,Buy,231569740
2024-08-14 13:18:03,23550.0,300,Buy,231569762
2024-08-14 13:18:05,23500.0,800,Sell,231569828
2024-08-14 13:18:06,23550.0,5000,Buy,231569863
2024-08-14 13:18:08,23550.0,300,Buy,231569895
2024-08-14 13:18:10,23550.0,2000,Buy,231569923
2024-08-14 13:18:10,23550.0,8000,Buy,231569925
2024-08-14 13:18:10,23550.0,500,Buy,231569926
2024-08-14 13:18:10,23550.0,1000,Buy,231569927
2024-08-14 13:18:10,23550.0,100,Buy,231569928
2024-08-14 13:18:10,23550.0,9400,Buy,231569937
2024-08-14 13:18:10,23550.0,19800,Buy,231569930
2024-08-14 13:18:10,23550.0,500,Buy,231569931
2024-08-14 13:18:10,23550.0,1000,Buy,231569932
2024-08-14 13:18:10,23550.0,3000,Buy,231569933
2024-08-14 13:18:10,23550.0,4000,Buy,231569934
2024-08-14 13:18:10,23550.0,400,Buy,231569935
2024-08-14 13:18:10,23550.0,300,Buy,231569936
2024-08-14 13:18:10,23550.0,2000,Buy,231569929
2024-08-14 13:18:12,23550.0,300,Buy,231569977
2024-08-14 13:18:13,23550.0,5000,Buy,231569996
2024-08-14 13:18:13,23550.0,200,Buy,231569994
2024-08-14 13:18:16,23550.0,5000,Buy,231570067
2024-08-14 13:18:19,23550.0,100,Buy,231570142
2024-08-14 13:18:19,23550.0,3000,Buy,231570143
2024-08-14 13:18:29,23550.0,800,Sell,231570351
2024-08-14 13:18:50,23550.0,100,Sell,231570801
2024-08-14 13:19:08,23550.0,100,Sell,231571323
2024-08-14 13:19:51,23600.0,2500,Buy,231572595
2024-08-14 13:20:04,23550.0,500,Sell,231572945
2024-08-14 13:20:09,23600.0,5000,Buy,231573095
2024-08-14 13:20:39,23600.0,500,Buy,231573967
2024-08-14 13:20:39,23600.0,1300,Buy,231573973
2024-08-14 13:20:55,23600.0,5000,Buy,231574384
2024-08-14 13:21:45,23550.0,5400,Sell,231575729
2024-08-14 13:21:45,23550.0,1400,Sell,231575730
2024-08-14 13:21:45,23550.0,500,Sell,231575731
2024-08-14 13:21:45,23550.0,1700,Sell,231575733
2024-08-14 13:21:45,23550.0,1000,Sell,231575732
2024-08-14 13:21:47,23600.0,600,Buy,231575785
2024-08-14 13:22:15,23600.0,900,Buy,231576392
2024-08-14 13:22:15,23600.0,100,Buy,231576393
2024-08-14 13:22:18,23550.0,12800,Sell,231576482
2024-08-14 13:22:18,23550.0,1300,Sell,231576480
2024-08-14 13:22:18,23550.0,500,Sell,231576481
2024-08-14 13:22:57,23550.0,2000,Sell,231577371
2024-08-14 13:23:09,23550.0,500,Sell,231577654
2024-08-14 13:23:40,23550.0,1000,Sell,231578278
2024-08-14 13:24:24,23600.0,100,Buy,231579175
2024-08-14 13:24:24,23600.0,500,Buy,231579176
2024-08-14 13:24:24,23600.0,30000,Buy,231579177
2024-08-14 13:24:24,23600.0,1000,Buy,231579178
2024-08-14 13:24:24,23600.0,1000,Buy,231579179
2024-08-14 13:24:24,23600.0,2000,Buy,231579180
2024-08-14 13:24:24,23600.0,5000,Buy,231579182
2024-08-14 13:24:24,23600.0,300,Buy,231579183
2024-08-14 13:24:24,23600.0,500,Buy,231579184
2024-08-14 13:24:24,23600.0,400,Buy,231579185
2024-08-14 13:24:24,23600.0,100,Buy,231579186
2024-08-14 13:24:24,23600.0,3200,Buy,231579187
2024-08-14 13:24:24,23600.0,900,Buy,231579174
2024-08-14 13:24:24,23600.0,5000,Buy,231579181
2024-08-14 13:24:55,23600.0,100,Buy,231579678
2024-08-14 13:25:15,23600.0,1000,Buy,231580127
2024-08-14 13:25:46,23600.0,200,Buy,231580701
2024-08-14 13:25:46,23600.0,700,Buy,231580699
2024-08-14 13:25:46,23600.0,100,Buy,231580700
2024-08-14 13:25:51,23600.0,100,Buy,231580790
2024-08-14 13:25:52,23550.0,15600,Sell,231580823
2024-08-14 13:25:52,23550.0,200,Sell,231580822
2024-08-14 13:25:52,23550.0,33700,Sell,231580818
2024-08-14 13:25:52,23550.0,100,Sell,231580820
2024-08-14 13:25:52,23550.0,200,Sell,231580819
2024-08-14 13:25:52,23550.0,200,Sell,231580821
2024-08-14 13:25:58,23550.0,4400,Sell,231580985
2024-08-14 13:25:58,23550.0,5000,Sell,231580986
2024-08-14 13:25:58,23550.0,100,Sell,231580987
2024-08-14 13:25:58,23550.0,100,Sell,231580989
2024-08-14 13:25:58,23550.0,5000,Sell,231580990
2024-08-14 13:25:58,23550.0,1000,Sell,231580991
2024-08-14 13:25:58,23550.0,5000,Sell,231580992
2024-08-14 13:25:58,23550.0,100,Sell,231580993
2024-08-14 13:25:58,23550.0,29200,Sell,231580994
2024-08-14 13:25:58,23550.0,100,Sell,231580988
2024-08-14 13:25:59,23600.0,300,Buy,231581020
2024-08-14 13:26:10,23550.0,100,Sell,231581210
2024-08-14 13:26:11,23600.0,100,Buy,231581221
2024-08-14 13:26:12,23600.0,100,Buy,231581244
2024-08-14 13:26:13,23550.0,6100,Sell,231581259
2024-08-14 13:26:13,23550.0,1000,Sell,231581258
2024-08-14 13:26:13,23550.0,20700,Sell,231581255
2024-08-14 13:26:13,23550.0,200,Sell,231581256
2024-08-14 13:26:13,23550.0,2000,Sell,231581257
2024-08-14 13:26:17,23550.0,15000,Sell,231581403
2024-08-14 13:26:18,23550.0,20000,Sell,231581447
2024-08-14 13:26:31,23550.0,5000,Sell,231581872
2024-08-14 13:26:31,23550.0,3900,Sell,231581886
2024-08-14 13:26:31,23550.0,500,Sell,231581888
2024-08-14 13:26:31,23550.0,300,Sell,231581889
2024-08-14 13:26:31,23550.0,23500,Sell,231581890
2024-08-14 13:26:31,23550.0,21700,Sell,231581891
2024-08-14 13:26:31,23550.0,100,Sell,231581887
2024-08-14 13:26:34,23550.0,500,Sell,231581933
2024-08-14 13:26:34,23550.0,2100,Sell,231581936
2024-08-14 13:26:34,23550.0,1000,Sell,231581935
2024-08-14 13:26:34,23550.0,100,Sell,231581934
2024-08-14 13:26:34,23550.0,5000,Sell,231581931
2024-08-14 13:26:34,23550.0,500,Sell,231581930
2024-08-14 13:26:34,23550.0,8300,Sell,231581927
2024-08-14 13:26:34,23550.0,100,Sell,231581932
2024-08-14 13:26:34,23550.0,100,Sell,231581929
2024-08-14 13:26:34,23550.0,800,Sell,231581928
2024-08-14 13:26:52,23500.0,15000,Sell,231582481
2024-08-14 13:26:54,23550.0,500,Buy,231582552
2024-08-14 13:27:04,23550.0,200,Buy,231582714
2024-08-14 13:27:06,23500.0,1600,Sell,231582757
2024-08-14 13:27:11,23500.0,1200,Sell,231583013
2024-08-14 13:27:11,23500.0,2000,Sell,231583012
2024-08-14 13:27:11,23500.0,100,Sell,231582987
2024-08-14 13:27:11,23500.0,200,Sell,231582985
2024-08-14 13:27:11,23500.0,100,Sell,231582984
2024-08-14 13:27:11,23500.0,1000,Sell,231582983
2024-08-14 13:27:11,23500.0,100,Sell,231583011
2024-08-14 13:27:11,23500.0,400,Sell,231582981
2024-08-14 13:27:11,23500.0,2000,Sell,231582982
2024-08-14 13:27:11,23500.0,6500,Sell,231582975
2024-08-14 13:27:11,23500.0,200,Sell,231582976
2024-08-14 13:27:11,23500.0,200,Sell,231582977
2024-08-14 13:27:11,23500.0,100,Sell,231582986
2024-08-14 13:27:11,23500.0,700,Sell,231582979
2024-08-14 13:27:11,23500.0,100,Sell,231582980
2024-08-14 13:27:11,23500.0,100,Sell,231582978
2024-08-14 13:27:16,23550.0,2200,Buy,231583109
2024-08-14 13:27:16,23550.0,5800,Buy,231583106
2024-08-14 13:27:16,23550.0,6500,Buy,231583107
2024-08-14 13:27:16,23550.0,100,Buy,231583108
2024-08-14 13:27:16,23550.0,14400,Buy,231583110
2024-08-14 13:27:27,23550.0,1000,Buy,231583433
2024-08-14 13:27:27,23550.0,600,Buy,231583432
2024-08-14 13:27:34,23550.0,100,Buy,231583608
2024-08-14 13:27:39,23550.0,2900,Buy,231583752
2024-08-14 13:27:39,23550.0,200,Buy,231583753
2024-08-14 13:27:39,23550.0,2000,Buy,231583754
2024-08-14 13:27:39,23550.0,1000,Buy,231583755
2024-08-14 13:27:39,23550.0,7000,Buy,231583756
2024-08-14 13:27:48,23500.0,6400,Sell,231584034
2024-08-14 13:27:48,23500.0,400,Sell,231584033
2024-08-14 13:27:48,23500.0,3000,Sell,231584032
2024-08-14 13:27:48,23500.0,200,Sell,231584030
2024-08-14 13:27:48,23500.0,5000,Sell,231584031
2024-08-14 13:27:56,23550.0,3000,Buy,231584351
2024-08-14 13:27:56,23550.0,5000,Buy,231584352
2024-08-14 13:27:56,23550.0,3000,Buy,231584350
2024-08-14 13:28:11,23500.0,1000,Sell,231584670
2024-08-14 13:28:12,23550.0,8000,Buy,231584683
2024-08-14 13:28:12,23550.0,3000,Buy,231584680
2024-08-14 13:28:12,23550.0,10000,Buy,231584682
2024-08-14 13:28:12,23550.0,1000,Buy,231584678
2024-08-14 13:28:12,23550.0,2100,Buy,231584677
2024-08-14 13:28:12,23550.0,4700,Buy,231584679
2024-08-14 13:28:12,23550.0,5000,Buy,231584681
2024-08-14 13:28:15,23550.0,300,Sell,231584750
2024-08-14 13:28:16,23550.0,15000,Sell,231584829
2024-08-14 13:28:20,23550.0,5900,Sell,231584975
2024-08-14 13:28:21,23500.0,500,Sell,231584976
2024-08-14 13:28:22,23550.0,3000,Buy,231584999
2024-08-14 13:28:23,23550.0,300,Buy,231585006
2024-08-14 13:28:23,23550.0,500,Buy,231585005
2024-08-14 13:28:26,23550.0,10000,Buy,231585054
2024-08-14 13:28:29,23550.0,300,Buy,231585113
2024-08-14 13:28:36,23550.0,20000,Buy,231585354
2024-08-14 13:28:39,23550.0,10000,Buy,231585414
2024-08-14 13:28:45,23550.0,500,Buy,231585591
2024-08-14 13:28:48,23550.0,5000,Buy,231585634
2024-08-14 13:28:55,23550.0,5000,Buy,231585795
2024-08-14 13:29:12,23550.0,100,Buy,231586158
2024-08-14 13:29:20,23500.0,5000,Sell,231586365
2024-08-14 13:29:32,23500.0,1700,Sell,231586873
2024-08-14 13:29:36,23550.0,1000,Buy,231586988
2024-08-14 13:29:36,23550.0,100,Buy,231586992
2024-08-14 13:30:09,23500.0,8300,Sell,231587829
2024-08-14 13:30:18,23550.0,2000,Buy,231588057
2024-08-14 13:30:20,23550.0,1600,Buy,231588112
2024-08-14 13:30:33,23550.0,10000,Buy,231588522
2024-08-14 13:30:36,23550.0,2000,Buy,231588573
2024-08-14 13:30:41,23550.0,200,Buy,231588674
2024-08-14 13:30:43,23500.0,500,Sell,231588703
2024-08-14 13:31:14,23500.0,1000,Sell,231589605
2024-08-14 13:31:33,23500.0,500,Sell,231590007
2024-08-14 13:31:46,23500.0,100,Sell,231590297
2024-08-14 13:32:00,23500.0,100,Sell,231590650
2024-08-14 13:32:00,23500.0,1000,Sell,231590647
2024-08-14 13:32:06,23500.0,100,Sell,231590809
2024-08-14 13:32:11,23500.0,2000,Sell,231590931
2024-08-14 13:32:11,23500.0,50000,Sell,231590937
2024-08-14 13:32:16,23500.0,1800,Sell,231591061
2024-08-14 13:32:16,23500.0,100,Sell,231591062
2024-08-14 13:32:16,23500.0,100,Sell,231591063
2024-08-14 13:32:20,23500.0,900,Sell,231591200
2024-08-14 13:32:21,23500.0,100,Sell,231591228
2024-08-14 13:32:21,23500.0,300,Sell,231591229
2024-08-14 13:32:26,23500.0,300,Sell,231591399
2024-08-14 13:32:29,23550.0,100,Buy,231591526
2024-08-14 13:32:29,23550.0,50000,Buy,231591525
2024-08-14 13:32:29,23550.0,200,Buy,231591524
2024-08-14 13:32:29,23550.0,50000,Buy,231591523
2024-08-14 13:32:29,23550.0,1000,Buy,231591527
2024-08-14 13:32:29,23550.0,5000,Buy,231591521
2024-08-14 13:32:29,23550.0,5000,Buy,231591520
2024-08-14 13:32:29,23550.0,1000,Buy,231591519
2024-08-14 13:32:29,23550.0,5000,Buy,231591518
2024-08-14 13:32:29,23550.0,22500,Buy,231591517
2024-08-14 13:32:29,23550.0,20000,Buy,231591522
2024-08-14 13:32:30,23550.0,200,Sell,231591575
2024-08-14 13:32:47,23550.0,300,Buy,231592212
2024-08-14 13:32:47,23550.0,700,Buy,231592213
2024-08-14 13:32:50,23550.0,4300,Buy,231592380
2024-08-14 13:32:50,23550.0,5700,Buy,231592381
2024-08-14 13:32:54,23500.0,1500,Sell,231592493
2024-08-14 13:32:54,23500.0,400,Sell,231592491
2024-08-14 13:32:54,23500.0,100,Sell,231592492
2024-08-14 13:33:09,23500.0,100,Sell,231592869
2024-08-14 13:33:09,23500.0,300,Sell,231592870
2024-08-14 13:33:18,23500.0,100,Sell,231593032
2024-08-14 13:33:19,23500.0,600,Sell,231593058
2024-08-14 13:33:19,23500.0,1000,Sell,231593059
2024-08-14 13:33:19,23500.0,400,Sell,231593060
2024-08-14 13:33:53,23500.0,200,Sell,231593919
2024-08-14 13:33:53,23500.0,1100,Sell,231593923
2024-08-14 13:33:53,23500.0,1000,Sell,231593922
2024-08-14 13:33:53,23500.0,500,Sell,231593921
2024-08-14 13:33:53,23500.0,500,Sell,231593920
2024-08-14 13:33:53,23500.0,300,Sell,231593918
2024-08-14 13:33:53,23500.0,100,Sell,231593913
2024-08-14 13:33:53,23500.0,100,Sell,231593916
2024-08-14 13:33:53,23500.0,4000,Sell,231593912
2024-08-14 13:33:53,23500.0,300,Sell,231593911
2024-08-14 13:33:53,23500.0,1000,Sell,231593917
2024-08-14 13:33:53,23500.0,400,Sell,231593915
2024-08-14 13:33:53,23500.0,500,Sell,231593914
2024-08-14 13:34:12,23500.0,100,Sell,231594470
2024-08-14 13:34:21,23500.0,200,Sell,231594744
2024-08-14 13:34:32,23500.0,600,Sell,231594944
2024-08-14 13:34:32,23500.0,2000,Sell,231594952
2024-08-14 13:34:34,23500.0,1000,Sell,231594987
2024-08-14 13:34:50,23500.0,2000,Sell,231595353
2024-08-14 13:35:08,23500.0,3000,Sell,231595735
2024-08-14 13:35:28,23500.0,200,Sell,231596406
2024-08-14 13:35:38,23500.0,100,Sell,231596704
2024-08-14 13:35:44,23500.0,6500,Sell,231596883
2024-08-14 13:36:06,23500.0,4500,Sell,231597657
2024-08-14 13:36:08,23500.0,800,Sell,231597711
2024-08-14 13:36:12,23500.0,10000,Sell,231597863
2024-08-14 13:36:15,23500.0,1000,Sell,231597985
2024-08-14 13:36:24,23500.0,2000,Sell,231598285
2024-08-14 13:36:29,23550.0,200,Buy,231598433
2024-08-14 13:36:33,23550.0,100,Buy,231598550
2024-08-14 13:36:45,23500.0,5000,Sell,231598898
2024-08-14 13:36:47,23500.0,200,Sell,231598946
2024-08-14 13:37:09,23500.0,3900,Sell,231599706
2024-08-14 13:37:25,23500.0,2800,Sell,231600203
2024-08-14 13:37:25,23500.0,100,Sell,231600202
2024-08-14 13:37:25,23500.0,500,Sell,231600201
2024-08-14 13:37:25,23500.0,1800,Sell,231600200
2024-08-14 13:37:25,23500.0,500,Sell,231600199
2024-08-14 13:37:25,23500.0,200,Sell,231600198
2024-08-14 13:37:25,23500.0,100,Sell,231600195
2024-08-14 13:37:25,23500.0,1000,Sell,231600194
2024-08-14 13:37:25,23500.0,100,Sell,231600197
2024-08-14 13:37:25,23500.0,100,Sell,231600192
2024-08-14 13:37:25,23500.0,300,Sell,231600193
2024-08-14 13:37:25,23500.0,10800,Sell,231600185
2024-08-14 13:37:25,23500.0,600,Sell,231600186
2024-08-14 13:37:25,23500.0,100,Sell,231600187
2024-08-14 13:37:25,23500.0,100,Sell,231600196
2024-08-14 13:37:25,23500.0,500,Sell,231600189
2024-08-14 13:37:25,23500.0,200,Sell,231600191
2024-08-14 13:37:25,23500.0,100,Sell,231600188
2024-08-14 13:37:25,23500.0,100,Sell,231600190
2024-08-14 13:37:33,23500.0,1000,Sell,231600393
2024-08-14 13:37:35,23500.0,1400,Sell,231600452
2024-08-14 13:37:38,23500.0,700,Sell,231600509
2024-08-14 13:37:44,23500.0,100,Sell,231600680
2024-08-14 13:37:45,23500.0,4000,Sell,231600709
2024-08-14 13:37:45,23500.0,200,Sell,231600711
2024-08-14 13:37:45,23500.0,1000,Sell,231600712
2024-08-14 13:37:45,23500.0,5000,Sell,231600713
2024-08-14 13:37:45,23500.0,100,Sell,231600714
2024-08-14 13:37:45,23500.0,6200,Sell,231600715
2024-08-14 13:37:45,23500.0,5000,Sell,231600710
2024-08-14 13:37:52,23500.0,2100,Sell,231600882
2024-08-14 13:37:58,23500.0,200,Sell,231601048
2024-08-14 13:37:58,23500.0,4500,Sell,231601047
2024-08-14 13:38:04,23500.0,100,Sell,231601156
2024-08-14 13:38:27,23500.0,1100,Sell,231601773
2024-08-14 13:38:27,23500.0,1900,Sell,231601772
2024-08-14 13:38:38,23500.0,100,Sell,231602036
2024-08-14 13:38:40,23500.0,100,Sell,231602051
2024-08-14 13:38:41,23500.0,8000,Sell,231602081
2024-08-14 13:38:41,23500.0,500,Sell,231602094
2024-08-14 13:39:00,23500.0,100,Sell,231602635
2024-08-14 13:39:06,23500.0,300,Sell,231602786
2024-08-14 13:39:12,23550.0,300,Buy,231602903
2024-08-14 13:39:17,23500.0,100,Sell,231603035
2024-08-14 13:39:46,23500.0,500,Sell,231603783
2024-08-14 13:39:49,23500.0,2000,Sell,231603839
2024-08-14 13:39:52,23500.0,1000,Sell,231603916
2024-08-14 13:40:31,23500.0,200,Sell,231604792
2024-08-14 13:40:37,23500.0,300,Sell,231604952
2024-08-14 13:40:44,23500.0,500,Sell,231605167
2024-08-14 13:40:44,23500.0,500,Sell,231605166
2024-08-14 13:40:44,23500.0,300,Sell,231605165
2024-08-14 13:40:44,23500.0,700,Sell,231605164
2024-08-14 13:41:29,23500.0,2800,Sell,231606202
2024-08-14 13:41:29,23500.0,1500,Sell,231606201
2024-08-14 13:41:29,23500.0,300,Sell,231606200
2024-08-14 13:41:29,23500.0,1000,Sell,231606199
2024-08-14 13:41:29,23500.0,100,Sell,231606198
2024-08-14 13:41:29,23500.0,100,Sell,231606193
2024-08-14 13:41:29,23500.0,1300,Sell,231606196
2024-08-14 13:41:29,23500.0,300,Sell,231606195
2024-08-14 13:41:29,23500.0,1000,Sell,231606194
2024-08-14 13:41:29,23500.0,1500,Sell,231606192
2024-08-14 13:41:29,23500.0,100,Sell,231606197
2024-08-14 13:41:33,23500.0,500,Sell,231606273
2024-08-14 13:41:39,23500.0,100,Sell,231606406
2024-08-14 13:41:46,23500.0,500,Sell,231606565
2024-08-14 13:42:01,23500.0,3500,Sell,231606948
2024-08-14 13:42:07,23500.0,500,Sell,231607131
2024-08-14 13:42:07,23500.0,100,Sell,231607132
2024-08-14 13:42:07,23500.0,100,Sell,231607133
2024-08-14 13:42:07,23500.0,800,Sell,231607137
2024-08-14 13:42:07,23500.0,100,Sell,231607135
2024-08-14 13:42:07,23500.0,100,Sell,231607136
2024-08-14 13:42:07,23500.0,300,Sell,231607130
2024-08-14 13:42:07,23500.0,200,Sell,231607138
2024-08-14 13:42:07,23500.0,4000,Sell,231607134
2024-08-14 13:42:07,23500.0,2000,Sell,231607129
2024-08-14 13:42:07,23500.0,1000,Sell,231607126
2024-08-14 13:42:07,23500.0,100,Sell,231607127
2024-08-14 13:42:07,23500.0,100,Sell,231607125
2024-08-14 13:42:07,23500.0,1000,Sell,231607124
2024-08-14 13:42:07,23500.0,100,Sell,231607123
2024-08-14 13:42:07,23500.0,500,Sell,231607121
2024-08-14 13:42:07,23500.0,100,Sell,231607120
2024-08-14 13:42:07,23500.0,10000,Sell,231607119
2024-08-14 13:42:07,23500.0,2600,Sell,231607118
2024-08-14 13:42:07,23500.0,100,Sell,231607128
2024-08-14 13:42:07,23500.0,200,Sell,231607122
2024-08-14 13:42:15,23500.0,1800,Sell,231607303
2024-08-14 13:42:15,23500.0,200,Sell,231607304
2024-08-14 13:42:16,23500.0,2000,Sell,231607331
2024-08-14 13:42:38,23500.0,100,Sell,231607906
2024-08-14 13:42:40,23500.0,700,Sell,231607944
2024-08-14 13:42:44,23500.0,2000,Sell,231608045
2024-08-14 13:42:50,23500.0,500,Sell,231608185
2024-08-14 13:42:50,23500.0,5000,Sell,231608186
2024-08-14 13:42:50,23500.0,200,Sell,231608187
2024-08-14 13:42:50,23500.0,2000,Sell,231608188
2024-08-14 13:42:50,23500.0,9900,Sell,231608189
2024-08-14 13:42:50,23500.0,100,Sell,231608190
2024-08-14 13:42:50,23500.0,100,Sell,231608191
2024-08-14 13:42:50,23500.0,100,Sell,231608192
2024-08-14 13:42:50,23500.0,4000,Sell,231608193
2024-08-14 13:42:50,23500.0,100,Sell,231608194
2024-08-14 13:42:50,23500.0,500,Sell,231608195
2024-08-14 13:42:50,23500.0,3000,Sell,231608196
2024-08-14 13:42:50,23500.0,300,Sell,231608197
2024-08-14 13:42:50,23500.0,5000,Sell,231608198
2024-08-14 13:42:50,23500.0,900,Sell,231608199
2024-08-14 13:42:50,23500.0,500,Sell,231608184
2024-08-14 13:42:50,23500.0,100,Sell,231608183
2024-08-14 13:42:50,23500.0,1900,Sell,231608164
2024-08-14 13:42:50,23500.0,3000,Sell,231608181
2024-08-14 13:42:50,23500.0,200,Sell,231608165
2024-08-14 13:42:50,23500.0,5000,Sell,231608166
2024-08-14 13:42:50,23500.0,1000,Sell,231608167
2024-08-14 13:42:50,23500.0,2000,Sell,231608168
2024-08-14 13:42:50,23500.0,100,Sell,231608169
2024-08-14 13:42:50,23500.0,200,Sell,231608170
2024-08-14 13:42:50,23500.0,1000,Sell,231608171
2024-08-14 13:42:50,23500.0,200,Sell,231608172
2024-08-14 13:42:50,23500.0,100,Sell,231608182
2024-08-14 13:42:50,23500.0,500,Sell,231608174
2024-08-14 13:42:50,23500.0,500,Sell,231608175
2024-08-14 13:42:50,23500.0,200,Sell,231608176
2024-08-14 13:42:50,23500.0,100,Sell,231608177
2024-08-14 13:42:50,23500.0,100,Sell,231608178
2024-08-14 13:42:50,23500.0,300,Sell,231608179
2024-08-14 13:42:50,23500.0,1000,Sell,231608180
2024-08-14 13:42:50,23500.0,300,Sell,231608173
2024-08-14 13:43:01,23500.0,100,Sell,231608470
2024-08-14 13:43:01,23500.0,300,Sell,231608471
2024-08-14 13:43:07,23500.0,300,Sell,231608570
2024-08-14 13:43:07,23500.0,100,Sell,231608569
2024-08-14 13:43:07,23500.0,400,Sell,231608566
2024-08-14 13:43:07,23500.0,500,Sell,231608567
2024-08-14 13:43:07,23500.0,100,Sell,231608568
2024-08-14 13:43:09,23500.0,800,Sell,231608627
2024-08-14 13:43:09,23500.0,900,Sell,231608628
2024-08-14 13:43:09,23500.0,200,Sell,231608638
2024-08-14 13:43:10,23500.0,2000,Sell,231608694
2024-08-14 13:43:10,23500.0,100,Sell,231608692
2024-08-14 13:43:10,23500.0,200,Sell,231608693
2024-08-14 13:43:10,23500.0,100,Sell,231608686
2024-08-14 13:43:10,23500.0,900,Sell,231608685
2024-08-14 13:43:10,23500.0,900,Sell,231608691
2024-08-14 13:43:12,23500.0,500,Sell,231608705
2024-08-14 13:43:17,23500.0,13900,Sell,231608804
2024-08-14 13:43:17,23500.0,100,Sell,231608805
2024-08-14 13:43:21,23500.0,5000,Sell,231608866
2024-08-14 13:43:37,23500.0,300,Sell,231609239
2024-08-14 13:43:37,23500.0,100,Sell,231609238
2024-08-14 13:43:37,23500.0,2500,Sell,231609236
2024-08-14 13:43:37,23500.0,100,Sell,231609237
2024-08-14 13:43:39,23500.0,600,Sell,231609285
2024-08-14 13:43:40,23500.0,100,Sell,231609299
2024-08-14 13:43:40,23500.0,9700,Sell,231609300
2024-08-14 13:43:44,23500.0,2100,Sell,231609408
2024-08-14 13:43:44,23500.0,100,Sell,231609407
2024-08-14 13:43:44,23500.0,100,Sell,231609406
2024-08-14 13:43:44,23500.0,500,Sell,231609405
2024-08-14 13:43:44,23500.0,300,Sell,231609403
2024-08-14 13:43:44,23500.0,200,Sell,231609402
2024-08-14 13:43:44,23500.0,200,Sell,231609401
2024-08-14 13:43:44,23500.0,5300,Sell,231609400
2024-08-14 13:43:44,23500.0,200,Sell,231609404
2024-08-14 13:43:48,23500.0,500,Sell,231609493
2024-08-14 13:43:48,23500.0,1800,Sell,231609523
2024-08-14 13:43:48,23500.0,200,Sell,231609524
2024-08-14 13:43:57,23500.0,2000,Sell,231609718
2024-08-14 13:44:03,23500.0,600,Sell,231609841
2024-08-14 13:44:05,23500.0,1100,Sell,231609912
2024-08-14 13:44:12,23500.0,100,Sell,231610057
2024-08-14 13:44:14,23500.0,200,Sell,231610106
2024-08-14 13:44:20,23500.0,10000,Sell,231610266
2024-08-14 13:44:28,23500.0,300,Sell,231610422
2024-08-14 13:44:53,23500.0,100,Sell,231610918
2024-08-14 13:44:54,23500.0,3000,Sell,231610945
2024-08-14 13:44:57,23500.0,1000,Sell,231611011
2024-08-14 13:45:11,23500.0,1000,Sell,231611299
2024-08-14 13:45:57,23550.0,1500,Buy,231612606
2024-08-14 13:46:00,23500.0,3000,Sell,231612660
2024-08-14 13:46:03,23550.0,100,Buy,231612803
2024-08-14 13:46:18,23500.0,1000,Sell,231613429
2024-08-14 13:46:28,23500.0,12700,Sell,231613871
2024-08-14 13:46:36,23500.0,1000,Sell,231614072
2024-08-14 13:46:38,23550.0,100,Buy,231614162
2024-08-14 13:46:40,23500.0,12900,Sell,231614231
2024-08-14 13:46:40,23500.0,4000,Sell,231614232
2024-08-14 13:46:40,23500.0,400,Sell,231614233
2024-08-14 13:46:40,23500.0,1000,Sell,231614234
2024-08-14 13:46:40,23500.0,31700,Sell,231614235
2024-08-14 13:46:45,23500.0,200,Sell,231614460
2024-08-14 13:46:48,23500.0,8000,Sell,231614522
2024-08-14 13:46:50,23500.0,7100,Sell,231614591
2024-08-14 13:46:50,23500.0,100,Sell,231614592
2024-08-14 13:46:50,23500.0,2000,Sell,231614593
2024-08-14 13:46:50,23500.0,800,Sell,231614594
2024-08-14 13:46:56,23500.0,2600,Sell,231614788
2024-08-14 13:46:56,23500.0,2400,Sell,231614787
2024-08-14 13:46:56,23500.0,1000,Sell,231614786
2024-08-14 13:46:56,23500.0,1000,Sell,231614785
2024-08-14 13:46:56,23500.0,1000,Sell,231614783
2024-08-14 13:46:56,23500.0,200,Sell,231614782
2024-08-14 13:46:56,23500.0,500,Sell,231614781
2024-08-14 13:46:56,23500.0,200,Sell,231614780
2024-08-14 13:46:56,23500.0,100,Sell,231614784
2024-08-14 13:46:57,23500.0,5000,Sell,231614817
2024-08-14 13:46:57,23500.0,200,Sell,231614826
2024-08-14 13:46:57,23500.0,100,Sell,231614832
2024-08-14 13:46:58,23500.0,400,Sell,231614845
2024-08-14 13:46:59,23500.0,300,Sell,231614860
2024-08-14 13:46:59,23500.0,500,Sell,231614863
2024-08-14 13:46:59,23500.0,100,Sell,231614862
2024-08-14 13:46:59,23500.0,100,Sell,231614859
2024-08-14 13:46:59,23500.0,300,Sell,231614861
2024-08-14 13:46:59,23500.0,100,Sell,231614857
2024-08-14 13:46:59,23500.0,1200,Sell,231614858
2024-08-14 13:46:59,23500.0,500,Sell,231614856
2024-08-14 13:46:59,23500.0,700,Sell,231614855
2024-08-14 13:46:59,23500.0,700,Sell,231614854
2024-08-14 13:47:10,23500.0,9000,Buy,231615259
2024-08-14 13:47:10,23500.0,1000,Buy,231615258
2024-08-14 13:47:10,23500.0,500,Buy,231615256
2024-08-14 13:47:10,23500.0,10500,Buy,231615255
2024-08-14 13:47:10,23500.0,1000,Buy,231615257
2024-08-14 13:47:15,23500.0,200,Buy,231615506
2024-08-14 13:47:17,23500.0,10000,Buy,231615674
2024-08-14 13:47:27,23500.0,100,Buy,231616178
2024-08-14 13:47:33,23500.0,5700,Buy,231616377
2024-08-14 13:47:33,23500.0,1000,Buy,231616378
2024-08-14 13:47:33,23500.0,3300,Buy,231616379
2024-08-14 13:47:45,23500.0,400,Buy,231616814
2024-08-14 13:47:49,23500.0,500,Buy,231616966
2024-08-14 13:47:58,23500.0,100,Buy,231617293
2024-08-14 13:48:06,23500.0,3000,Buy,231617659
2024-08-14 13:48:11,23500.0,500,Buy,231617857
2024-08-14 13:48:18,23500.0,3000,Buy,231618047
2024-08-14 13:48:30,23500.0,200,Buy,231618361
2024-08-14 13:48:30,23500.0,100,Buy,231618350
2024-08-14 13:48:41,23500.0,200,Buy,231618599
2024-08-14 13:48:44,23500.0,500,Buy,231618693
2024-08-14 13:49:06,23500.0,200,Buy,231619262
2024-08-14 13:49:16,23500.0,300,Buy,231619505
2024-08-14 13:49:19,23450.0,300,Sell,231619572
2024-08-14 13:49:27,23500.0,1000,Buy,231619850
2024-08-14 13:50:00,23500.0,1200,Buy,231620763
2024-08-14 13:50:41,23500.0,1000,Buy,231621823
2024-08-14 13:50:47,23500.0,200,Buy,231621930
2024-08-14 13:51:02,23500.0,100,Buy,231622243
2024-08-14 13:51:17,23500.0,300,Buy,231622589
2024-08-14 13:51:17,23500.0,100,Buy,231622590
2024-08-14 13:51:22,23500.0,800,Buy,231622723
2024-08-14 13:51:34,23500.0,200,Buy,231623015
2024-08-14 13:51:39,23500.0,1300,Buy,231623180
2024-08-14 13:51:39,23500.0,600,Buy,231623183
2024-08-14 13:51:39,23500.0,2700,Buy,231623182
2024-08-14 13:51:39,23500.0,2000,Buy,231623181
2024-08-14 13:51:39,23500.0,500,Buy,231623179
2024-08-14 13:51:39,23500.0,800,Buy,231623177
2024-08-14 13:51:39,23500.0,2800,Buy,231623174
2024-08-14 13:51:39,23500.0,500,Buy,231623178
2024-08-14 13:51:39,23500.0,3000,Buy,231623176
2024-08-14 13:51:39,23500.0,800,Buy,231623175
2024-08-14 13:51:42,23500.0,300,Buy,231623285
2024-08-14 13:51:47,23500.0,100,Buy,231623403
2024-08-14 13:51:48,23500.0,2000,Buy,231623422
2024-08-14 13:51:48,23500.0,1000,Buy,231623423
2024-08-14 13:51:48,23500.0,100,Buy,231623424
2024-08-14 13:51:48,23500.0,100,Buy,231623425
2024-08-14 13:51:48,23500.0,1500,Buy,231623426
2024-08-14 13:51:48,23500.0,1000,Buy,231623421
2024-08-14 13:52:17,23500.0,2800,Buy,231624326
2024-08-14 13:52:17,23500.0,500,Buy,231624323
2024-08-14 13:52:17,23500.0,400,Buy,231624324
2024-08-14 13:52:17,23500.0,300,Buy,231624325
2024-08-14 13:52:26,23500.0,100,Buy,231624495
2024-08-14 13:52:33,23500.0,7300,Buy,231624642
2024-08-14 13:52:47,23500.0,300,Buy,231625055
2024-08-14 13:53:00,23500.0,100,Buy,231625385
2024-08-14 13:53:07,23500.0,100,Buy,231625558
2024-08-14 13:53:08,23450.0,300,Sell,231625592
2024-08-14 13:53:11,23500.0,2000,Buy,231625662
2024-08-14 13:53:11,23500.0,500,Buy,231625660
2024-08-14 13:53:11,23500.0,29300,Buy,231625659
2024-08-14 13:53:11,23500.0,30000,Buy,231625661
2024-08-14 13:53:20,23500.0,10000,Sell,231625870
2024-08-14 13:53:25,23500.0,100,Sell,231625981
2024-08-14 13:53:31,23500.0,2000,Sell,231626123
2024-08-14 13:53:32,23550.0,100,Buy,231626131
2024-08-14 13:53:38,23500.0,1000,Sell,231626306
2024-08-14 13:53:43,23500.0,5000,Sell,231626413
2024-08-14 13:53:43,23500.0,100,Sell,231626464
2024-08-14 13:53:52,23500.0,5000,Sell,231626685
2024-08-14 13:54:01,23550.0,100,Buy,231626999
2024-08-14 13:54:31,23500.0,100,Sell,231627707
2024-08-14 13:55:14,23500.0,100,Sell,231628797
2024-08-14 13:55:39,23500.0,14800,Sell,231629480
2024-08-14 13:55:39,23500.0,200,Sell,231629481
2024-08-14 13:56:02,23500.0,100,Sell,231630094
2024-08-14 13:56:02,23500.0,900,Sell,231630095
2024-08-14 13:56:10,23500.0,1100,Sell,231630364
2024-08-14 13:56:10,23500.0,500,Sell,231630362
2024-08-14 13:56:10,23500.0,100,Sell,231630361
2024-08-14 13:56:10,23500.0,300,Sell,231630363
2024-08-14 13:56:16,23550.0,100,Buy,231630546
2024-08-14 13:56:35,23550.0,400,Buy,231631029
2024-08-14 13:57:05,23550.0,200,Buy,231631848
2024-08-14 13:57:09,23500.0,3000,Sell,231631907
2024-08-14 13:57:26,23500.0,200,Sell,231632305
2024-08-14 13:57:26,23500.0,400,Sell,231632304
2024-08-14 13:57:26,23500.0,1000,Sell,231632303
2024-08-14 13:57:26,23500.0,500,Sell,231632302
2024-08-14 13:57:26,23500.0,100,Sell,231632301
2024-08-14 13:57:26,23500.0,1000,Sell,231632299
2024-08-14 13:57:26,23500.0,100,Sell,231632298
2024-08-14 13:57:26,23500.0,300,Sell,231632297
2024-08-14 13:57:26,23500.0,1000,Sell,231632296
2024-08-14 13:57:26,23500.0,200,Sell,231632300
2024-08-14 13:57:26,23500.0,200,Sell,231632294
2024-08-14 13:57:26,23500.0,100,Sell,231632293
2024-08-14 13:57:26,23500.0,5000,Sell,231632292
2024-08-14 13:57:26,23500.0,1300,Sell,231632291
2024-08-14 13:57:26,23500.0,500,Sell,231632290
2024-08-14 13:57:26,23500.0,1000,Sell,231632289
2024-08-14 13:57:26,23500.0,1000,Sell,231632288
2024-08-14 13:57:26,23500.0,300,Sell,231632287
2024-08-14 13:57:26,23500.0,600,Sell,231632284
2024-08-14 13:57:26,23500.0,5000,Sell,231632295
2024-08-14 13:57:36,23500.0,1000,Buy,231632560
2024-08-14 13:57:44,23500.0,1000,Buy,231632780
2024-08-14 13:57:52,23500.0,2000,Buy,231632965
2024-08-14 13:57:57,23500.0,100,Buy,231633095
2024-08-14 13:57:58,23500.0,800,Buy,231633171
2024-08-14 13:58:04,23500.0,500,Buy,231633402
2024-08-14 13:58:08,23500.0,5000,Buy,231633470
2024-08-14 13:58:10,23500.0,2000,Buy,231633518
2024-08-14 13:58:14,23500.0,100,Buy,231633650
2024-08-14 13:58:16,23500.0,18300,Buy,231633691
2024-08-14 13:58:16,23500.0,500,Buy,231633692
2024-08-14 13:58:16,23500.0,40000,Buy,231633693
2024-08-14 13:58:25,23500.0,100,Sell,231633996
2024-08-14 13:58:25,23500.0,600,Sell,231633994
2024-08-14 13:58:25,23500.0,41200,Sell,231633993
2024-08-14 13:58:25,23500.0,100,Sell,231633995
2024-08-14 13:58:28,23500.0,100,Buy,231634041
2024-08-14 13:58:28,23500.0,1000,Buy,231634039
2024-08-14 13:58:29,23500.0,100,Buy,231634087
2024-08-14 13:58:35,23500.0,200,Buy,231634189
2024-08-14 13:58:43,23500.0,200,Buy,231634363
2024-08-14 13:58:45,23500.0,200,Buy,231634390
2024-08-14 13:58:46,23500.0,100,Buy,231634421
2024-08-14 13:58:54,23500.0,500,Buy,231634564
2024-08-14 13:58:57,23500.0,2500,Buy,231634646
2024-08-14 13:59:01,23500.0,200,Buy,231634724
2024-08-14 13:59:09,23500.0,100,Buy,231634885
2024-08-14 13:59:14,23500.0,200,Buy,231635035
2024-08-14 13:59:25,23500.0,2600,Buy,231635192
2024-08-14 13:59:25,23500.0,1000,Buy,231635193
2024-08-14 13:59:25,23500.0,100,Buy,231635194
2024-08-14 13:59:25,23500.0,10000,Buy,231635195
2024-08-14 13:59:25,23500.0,5000,Buy,231635196
2024-08-14 13:59:40,23550.0,100,Buy,231635535
2024-08-14 14:00:31,23550.0,500,Buy,231636405
2024-08-14 14:00:40,23550.0,8500,Buy,231636604
2024-08-14 14:00:40,23550.0,6000,Buy,231636603
2024-08-14 14:00:40,23550.0,500,Buy,231636602
2024-08-14 14:00:55,23500.0,1000,Sell,231636894
2024-08-14 14:00:55,23500.0,1000,Sell,231636899
2024-08-14 14:01:15,23500.0,1000,Sell,231637422
2024-08-14 14:01:29,23500.0,500,Sell,231637757
2024-08-14 14:01:41,23500.0,1000,Sell,231637945
2024-08-14 14:01:55,23500.0,1000,Sell,231638187
2024-08-14 14:02:05,23500.0,600,Sell,231638446
2024-08-14 14:02:13,23500.0,1000,Sell,231638621
2024-08-14 14:02:14,23500.0,20000,Sell,231638630
2024-08-14 14:02:27,23500.0,20000,Sell,231638906
2024-08-14 14:02:41,23500.0,200,Sell,231639252
2024-08-14 14:03:00,23500.0,1000,Sell,231639670
2024-08-14 14:03:13,23500.0,3000,Sell,231640002
2024-08-14 14:03:21,23500.0,2500,Sell,231640247
2024-08-14 14:03:40,23500.0,100,Sell,231640642
2024-08-14 14:04:10,23500.0,10000,Sell,231641313
2024-08-14 14:04:17,23550.0,500,Buy,231641456
2024-08-14 14:04:24,23500.0,10000,Sell,231641589
2024-08-14 14:04:41,23550.0,2500,Buy,231641942
2024-08-14 14:04:44,23550.0,500,Buy,231641982
2024-08-14 14:04:50,23550.0,18000,Buy,231642151
2024-08-14 14:04:50,23550.0,2000,Buy,231642150
2024-08-14 14:05:03,23550.0,100,Buy,231642416
2024-08-14 14:05:12,23500.0,200,Sell,231642609
2024-08-14 14:05:32,23500.0,5000,Sell,231643018
2024-08-14 14:05:34,23500.0,100,Sell,231643068
2024-08-14 14:05:34,23500.0,6300,Sell,231643070
2024-08-14 14:05:34,23500.0,2200,Sell,231643066
2024-08-14 14:05:34,23500.0,600,Sell,231643067
2024-08-14 14:05:34,23500.0,7800,Sell,231643069
2024-08-14 14:05:36,23500.0,1100,Sell,231643105
2024-08-14 14:05:43,23500.0,200,Sell,231643253
2024-08-14 14:05:47,23500.0,100,Sell,231643361
2024-08-14 14:06:32,23500.0,200,Sell,231644273
2024-08-14 14:06:47,23550.0,2700,Buy,231644568
2024-08-14 14:06:55,23550.0,200,Buy,231644837
2024-08-14 14:07:01,23500.0,4000,Sell,231644959
2024-08-14 14:07:03,23500.0,100,Sell,231645006
2024-08-14 14:07:13,23500.0,600,Sell,231645213
2024-08-14 14:07:22,23500.0,1000,Sell,231645397
2024-08-14 14:07:35,23500.0,20000,Sell,231645805
2024-08-14 14:07:44,23500.0,2000,Sell,231646036
2024-08-14 14:07:46,23500.0,1000,Sell,231646079
2024-08-14 14:07:52,23500.0,15000,Sell,231646202
2024-08-14 14:07:52,23500.0,300,Sell,231646203
2024-08-14 14:07:52,23500.0,200,Sell,231646204
2024-08-14 14:07:52,23500.0,15000,Sell,231646205
2024-08-14 14:07:52,23500.0,500,Sell,231646206
2024-08-14 14:07:52,23500.0,100,Sell,231646207
2024-08-14 14:07:52,23500.0,200,Sell,231646209
2024-08-14 14:07:52,23500.0,400,Sell,231646201
2024-08-14 14:07:52,23500.0,20000,Sell,231646211
2024-08-14 14:07:52,23500.0,100,Sell,231646212
2024-08-14 14:07:52,23500.0,100,Sell,231646213
2024-08-14 14:07:52,23500.0,2000,Sell,231646214
2024-08-14 14:07:52,23500.0,11000,Sell,231646215
2024-08-14 14:07:52,23500.0,100,Sell,231646208
2024-08-14 14:07:52,23500.0,200,Sell,231646200
2024-08-14 14:07:52,23500.0,100,Sell,231646210
2024-08-14 14:07:52,23500.0,100,Sell,231646198
2024-08-14 14:07:52,23500.0,300,Sell,231646183
2024-08-14 14:07:52,23500.0,3000,Sell,231646184
2024-08-14 14:07:52,23500.0,1000,Sell,231646185
2024-08-14 14:07:52,23500.0,100,Sell,231646186
2024-08-14 14:07:52,23500.0,200,Sell,231646187
2024-08-14 14:07:52,23500.0,200,Sell,231646188
2024-08-14 14:07:52,23500.0,600,Sell,231646189
2024-08-14 14:07:52,23500.0,500,Sell,231646199
2024-08-14 14:07:52,23500.0,100,Sell,231646191
2024-08-14 14:07:52,23500.0,15000,Sell,231646197
2024-08-14 14:07:52,23500.0,1000,Sell,231646196
2024-08-14 14:07:52,23500.0,1000,Sell,231646195
2024-08-14 14:07:52,23500.0,500,Sell,231646190
2024-08-14 14:07:52,23500.0,1000,Sell,231646193
2024-08-14 14:07:52,23500.0,15000,Sell,231646192
2024-08-14 14:07:52,23500.0,100,Sell,231646194
2024-08-14 14:07:57,23500.0,1000,Sell,231646308
2024-08-14 14:07:59,23500.0,400,Sell,231646401
2024-08-14 14:08:01,23500.0,2300,Sell,231646444
2024-08-14 14:08:05,23500.0,100,Sell,231646506
2024-08-14 14:08:05,23500.0,500,Sell,231646507
2024-08-14 14:08:05,23500.0,300,Sell,231646504
2024-08-14 14:08:05,23500.0,100,Sell,231646505
2024-08-14 14:08:08,23500.0,500,Sell,231646557
2024-08-14 14:08:08,23500.0,2000,Sell,231646563
2024-08-14 14:08:08,23500.0,1000,Sell,231646562
2024-08-14 14:08:08,23500.0,100,Sell,231646561
2024-08-14 14:08:08,23500.0,200,Sell,231646560
2024-08-14 14:08:08,23500.0,200,Sell,231646559
2024-08-14 14:08:08,23500.0,1000,Sell,231646558
2024-08-14 14:08:08,23500.0,200,Sell,231646556
2024-08-14 14:08:08,23500.0,300,Sell,231646552
2024-08-14 14:08:08,23500.0,50000,Sell,231646554
2024-08-14 14:08:08,23500.0,600,Sell,231646553
2024-08-14 14:08:08,23500.0,500,Sell,231646551
2024-08-14 14:08:08,23500.0,10000,Sell,231646549
2024-08-14 14:08:08,23500.0,200,Sell,231646548
2024-08-14 14:08:08,23500.0,500,Sell,231646547
2024-08-14 14:08:08,23500.0,1000,Sell,231646555
2024-08-14 14:08:08,23500.0,4200,Sell,231646550
2024-08-14 14:08:17,23500.0,100,Buy,231646747
2024-08-14 14:08:24,23500.0,500,Buy,231646896
2024-08-14 14:08:31,23500.0,100,Buy,231647045
2024-08-14 14:08:37,23450.0,1000,Sell,231647157
2024-08-14 14:08:37,23500.0,5000,Buy,231647158
2024-08-14 14:08:44,23500.0,700,Buy,231647302
2024-08-14 14:08:45,23500.0,100,Buy,231647326
2024-08-14 14:08:45,23500.0,100,Buy,231647318
2024-08-14 14:08:45,23500.0,2000,Buy,231647313
2024-08-14 14:08:48,23500.0,100,Buy,231647460
2024-08-14 14:09:00,23500.0,100,Buy,231647758
2024-08-14 14:09:07,23450.0,400,Sell,231647885
2024-08-14 14:09:07,23450.0,1600,Sell,231647886
2024-08-14 14:09:31,23450.0,8400,Sell,231648339
2024-08-14 14:09:31,23450.0,5000,Sell,231648340
2024-08-14 14:09:31,23450.0,100,Sell,231648341
2024-08-14 14:09:31,23450.0,500,Sell,231648342
2024-08-14 14:09:31,23450.0,2200,Sell,231648343
2024-08-14 14:09:48,23450.0,5000,Sell,231648782
2024-08-14 14:09:48,23450.0,1000,Sell,231648781
2024-08-14 14:09:48,23450.0,100,Sell,231648780
2024-08-14 14:09:48,23450.0,5000,Sell,231648779
2024-08-14 14:09:48,23450.0,900,Sell,231648776
2024-08-14 14:09:48,23450.0,700,Sell,231648777
2024-08-14 14:09:48,23450.0,300,Sell,231648775
2024-08-14 14:09:48,23450.0,2800,Sell,231648774
2024-08-14 14:09:48,23450.0,400,Sell,231648778
2024-08-14 14:10:14,23450.0,1000,Sell,231649308
2024-08-14 14:10:14,23450.0,100,Sell,231649319
2024-08-14 14:10:14,23450.0,100,Sell,231649310
2024-08-14 14:10:14,23450.0,100,Sell,231649309
2024-08-14 14:10:14,23450.0,1000,Sell,231649307
2024-08-14 14:10:14,23450.0,500,Sell,231649300
2024-08-14 14:10:14,23450.0,100,Sell,231649305
2024-08-14 14:10:14,23450.0,200,Sell,231649304
2024-08-14 14:10:14,23450.0,500,Sell,231649303
2024-08-14 14:10:14,23450.0,2500,Sell,231649302
2024-08-14 14:10:14,23450.0,10000,Sell,231649301
2024-08-14 14:10:14,23450.0,100,Sell,231649306
2024-08-14 14:10:22,23500.0,500,Buy,231649508
2024-08-14 14:10:34,23500.0,100,Buy,231649912
2024-08-14 14:10:45,23450.0,100,Sell,231650249
2024-08-14 14:10:45,23450.0,100,Sell,231650250
2024-08-14 14:10:45,23450.0,200,Sell,231650251
2024-08-14 14:10:45,23450.0,100,Sell,231650252
2024-08-14 14:10:45,23450.0,1200,Sell,231650253
2024-08-14 14:10:58,23450.0,1000,Sell,231650615
2024-08-14 14:11:06,23450.0,200,Sell,231650802
2024-08-14 14:11:19,23450.0,100,Sell,231651118
2024-08-14 14:11:41,23450.0,10000,Sell,231651722
2024-08-14 14:11:53,23450.0,100,Sell,231652092
2024-08-14 14:11:54,23450.0,800,Sell,231652164
2024-08-14 14:11:54,23450.0,1000,Sell,231652163
2024-08-14 14:11:54,23450.0,100,Sell,231652161
2024-08-14 14:11:54,23450.0,200,Sell,231652160
2024-08-14 14:11:54,23450.0,2000,Sell,231652159
2024-08-14 14:11:54,23450.0,200,Sell,231652158
