time,price,volume,match_type,id
2024-08-20 09:14:39,24100.0,29800,ATO/ATC,232874068
2024-08-20 09:14:50,24100.0,1300,Sell,232874336
2024-08-20 09:14:50,24100.0,200,Sell,232874335
2024-08-20 09:14:50,24100.0,100,Sell,232874332
2024-08-20 09:14:50,24100.0,300,Sell,232874333
2024-08-20 09:14:50,24100.0,100,Sell,232874334
2024-08-20 09:15:30,24100.0,200,Sell,232875068
2024-08-20 09:15:30,24100.0,700,Sell,232875067
2024-08-20 09:15:30,24100.0,100,Sell,232875069
2024-08-20 09:15:33,24100.0,900,Sell,232875140
2024-08-20 09:15:33,24100.0,200,Sell,232875137
2024-08-20 09:15:33,24100.0,1900,Sell,232875138
2024-08-20 09:15:33,24100.0,2000,Sell,232875139
2024-08-20 09:15:39,24100.0,600,Sell,232875385
2024-08-20 09:15:45,24100.0,1700,Buy,232875538
2024-08-20 09:15:50,24100.0,1200,Buy,232875646
2024-08-20 09:15:53,24100.0,1000,Buy,232875683
2024-08-20 09:15:55,24100.0,1200,Buy,232875749
2024-08-20 09:15:55,24100.0,100,Buy,232875750
2024-08-20 09:15:55,24100.0,400,Buy,232875751
2024-08-20 09:15:55,24100.0,500,Buy,232875752
2024-08-20 09:15:56,24100.0,100,Sell,232875762
2024-08-20 09:15:59,24100.0,400,Buy,232875810
2024-08-20 09:16:12,24100.0,100,Buy,232876091
2024-08-20 09:16:12,24100.0,100,Buy,232876089
2024-08-20 09:16:12,24100.0,1000,Buy,232876090
2024-08-20 09:16:19,24100.0,100,Sell,232876221
2024-08-20 09:16:28,24150.0,100,Buy,232876421
2024-08-20 09:16:51,24150.0,1900,Buy,232876947
2024-08-20 09:16:51,24150.0,1000,Buy,232876948
2024-08-20 09:16:51,24150.0,100,Buy,232876949
2024-08-20 09:16:56,24150.0,500,Buy,232877101
2024-08-20 09:16:56,24150.0,4600,Buy,232877104
2024-08-20 09:16:56,24150.0,500,Buy,232877103
2024-08-20 09:16:56,24150.0,100,Buy,232877102
2024-08-20 09:16:56,24150.0,100,Buy,232877100
2024-08-20 09:16:56,24150.0,200,Buy,232877096
2024-08-20 09:16:56,24150.0,2000,Buy,232877098
2024-08-20 09:16:56,24150.0,700,Buy,232877099
2024-08-20 09:16:56,24150.0,600,Buy,232877093
2024-08-20 09:16:56,24150.0,300,Buy,232877095
2024-08-20 09:16:56,24150.0,300,Buy,232877097
2024-08-20 09:16:56,24150.0,100,Buy,232877094
2024-08-20 09:16:57,24150.0,300,Buy,232877157
2024-08-20 09:16:57,24150.0,100,Buy,232877158
2024-08-20 09:16:57,24150.0,100,Buy,232877159
2024-08-20 09:17:09,24150.0,500,Sell,232877448
2024-08-20 09:17:24,24150.0,1200,Sell,232877823
2024-08-20 09:17:24,24150.0,100,Sell,232877824
2024-08-20 09:17:24,24150.0,500,Sell,232877825
2024-08-20 09:17:27,24150.0,1200,Buy,232877887
2024-08-20 09:17:27,24200.0,2000,Buy,232877888
2024-08-20 09:17:27,24200.0,6800,Buy,232877889
2024-08-20 09:17:55,24150.0,200,Buy,232878525
2024-08-20 09:18:08,24150.0,100,Sell,232878764
2024-08-20 09:18:13,24100.0,4000,Sell,232879007
2024-08-20 09:18:13,24100.0,8700,Sell,232879006
2024-08-20 09:18:13,24150.0,2300,Sell,232879005
2024-08-20 09:18:13,24150.0,100,Sell,232878906
2024-08-20 09:18:33,24100.0,1000,Sell,232879472
2024-08-20 09:18:41,24100.0,1000,Sell,232879637
2024-08-20 09:18:55,24150.0,100,Buy,232880064
2024-08-20 09:18:55,24150.0,2800,Buy,232880065
2024-08-20 09:18:55,24150.0,2100,Buy,232880066
2024-08-20 09:19:00,24100.0,1000,Sell,232880202
2024-08-20 09:19:27,24100.0,1000,Sell,232880960
2024-08-20 09:19:27,24100.0,200,Sell,232880961
2024-08-20 09:19:27,24100.0,3000,Sell,232880962
2024-08-20 09:19:27,24100.0,800,Sell,232880963
2024-08-20 09:19:32,24150.0,2000,Buy,232881077
2024-08-20 09:19:33,24100.0,1000,Sell,232881081
2024-08-20 09:19:36,24100.0,5200,Sell,232881207
2024-08-20 09:19:36,24100.0,100,Sell,232881208
2024-08-20 09:19:36,24100.0,1000,Sell,232881209
2024-08-20 09:19:36,24100.0,100,Sell,232881210
2024-08-20 09:19:36,24100.0,500,Sell,232881211
2024-08-20 09:19:36,24100.0,10000,Sell,232881212
2024-08-20 09:19:36,24100.0,200,Sell,232881213
2024-08-20 09:19:36,24100.0,5000,Sell,232881214
2024-08-20 09:19:36,24100.0,9100,Sell,232881215
2024-08-20 09:19:46,24100.0,100,Sell,232881531
2024-08-20 09:19:48,24100.0,4800,Sell,232881574
2024-08-20 09:19:48,24100.0,200,Sell,232881583
2024-08-20 09:19:53,24100.0,600,Sell,232881694
2024-08-20 09:20:06,24100.0,900,Sell,232881985
2024-08-20 09:20:27,24100.0,500,Sell,232882490
2024-08-20 09:20:27,24100.0,500,Sell,232882491
2024-08-20 09:20:28,24100.0,200,Sell,232882509
2024-08-20 09:20:48,24100.0,200,Sell,232882975
2024-08-20 09:20:53,24100.0,200,Sell,232883121
2024-08-20 09:20:53,24100.0,1800,Sell,232883122
2024-08-20 09:21:03,24100.0,500,Sell,232883390
2024-08-20 09:21:20,24100.0,200,Sell,232883824
2024-08-20 09:21:20,24100.0,100,Sell,232883822
2024-08-20 09:21:20,24100.0,100,Sell,232883823
2024-08-20 09:21:45,24100.0,100,Sell,232884514
2024-08-20 09:21:55,24100.0,100,Sell,232884754
2024-08-20 09:22:00,24100.0,2600,Sell,232884857
2024-08-20 09:22:00,24100.0,100,Sell,232884858
2024-08-20 09:22:00,24100.0,1000,Sell,232884859
2024-08-20 09:22:00,24100.0,1400,Sell,232884860
2024-08-20 09:22:01,24100.0,100,Sell,232884875
2024-08-20 09:22:09,24100.0,200,Sell,232885045
2024-08-20 09:22:33,24100.0,100,Sell,232885748
2024-08-20 09:22:56,24100.0,200,Sell,232886392
2024-08-20 09:22:57,24100.0,300,Sell,232886419
2024-08-20 09:23:13,24100.0,100,Sell,232886771
2024-08-20 09:23:14,24100.0,2000,Sell,232886793
2024-08-20 09:23:24,24100.0,300,Sell,232887118
2024-08-20 09:23:24,24100.0,600,Sell,232887130
2024-08-20 09:23:24,24100.0,900,Sell,232887129
2024-08-20 09:23:24,24100.0,1000,Sell,232887127
2024-08-20 09:23:24,24100.0,2000,Sell,232887126
2024-08-20 09:23:24,24100.0,200,Sell,232887125
2024-08-20 09:23:24,24100.0,200,Sell,232887128
2024-08-20 09:23:24,24100.0,100,Sell,232887123
2024-08-20 09:23:24,24100.0,100,Sell,232887122
2024-08-20 09:23:24,24100.0,200,Sell,232887121
2024-08-20 09:23:24,24100.0,100,Sell,232887120
2024-08-20 09:23:24,24100.0,100,Sell,232887119
2024-08-20 09:23:24,24100.0,600,Sell,232887124
2024-08-20 09:23:24,24100.0,600,Sell,232887117
2024-08-20 09:23:25,24100.0,2900,Sell,232887131
2024-08-20 09:23:25,24100.0,500,Sell,232887132
2024-08-20 09:23:25,24100.0,1300,Sell,232887133
2024-08-20 09:23:25,24100.0,500,Sell,232887134
2024-08-20 09:23:25,24100.0,400,Sell,232887135
2024-08-20 09:23:25,24100.0,2400,Sell,232887136
2024-08-20 09:23:56,24100.0,100,Sell,232888131
2024-08-20 09:24:10,24100.0,500,Sell,232888461
2024-08-20 09:24:13,24100.0,100,Sell,232888513
2024-08-20 09:24:17,24100.0,100,Sell,232888647
2024-08-20 09:24:21,24150.0,200,Buy,232888739
2024-08-20 09:24:26,24100.0,500,Sell,232888853
2024-08-20 09:24:35,24150.0,1100,Buy,232889097
2024-08-20 09:24:37,24150.0,9200,Buy,232889113
2024-08-20 09:24:46,24100.0,100,Sell,232889311
2024-08-20 09:24:51,24100.0,2000,Sell,232889439
2024-08-20 09:24:57,24100.0,300,Sell,232889605
2024-08-20 09:24:57,24100.0,1000,Sell,232889604
2024-08-20 09:24:57,24100.0,1000,Sell,232889603
2024-08-20 09:24:57,24100.0,400,Sell,232889602
2024-08-20 09:24:57,24100.0,4000,Sell,232889599
2024-08-20 09:24:57,24100.0,100,Sell,232889598
2024-08-20 09:24:57,24100.0,300,Sell,232889597
2024-08-20 09:24:57,24100.0,2200,Sell,232889596
2024-08-20 09:24:57,24100.0,500,Sell,232889600
2024-08-20 09:24:57,24100.0,200,Sell,232889601
2024-08-20 09:25:00,24100.0,100,Buy,232889695
2024-08-20 09:25:00,24100.0,200,Sell,232889680
2024-08-20 09:25:00,24100.0,200,Sell,232889681
2024-08-20 09:25:00,24100.0,100,Sell,232889682
2024-08-20 09:25:00,24100.0,7500,Sell,232889683
2024-08-20 09:25:00,24100.0,1500,Sell,232889684
2024-08-20 09:25:01,24100.0,200,Buy,232889712
2024-08-20 09:25:01,24100.0,100,Buy,232889725
2024-08-20 09:25:15,24100.0,100,Buy,232890088
2024-08-20 09:25:16,24100.0,5000,Buy,232890091
2024-08-20 09:25:18,24100.0,5000,Sell,232890176
2024-08-20 09:25:19,24050.0,15000,Sell,232890237
2024-08-20 09:25:23,24100.0,100,Buy,232890380
2024-08-20 09:25:25,24100.0,500,Buy,232890471
2024-08-20 09:25:25,24050.0,15000,Sell,232890473
2024-08-20 09:25:26,24100.0,3000,Buy,232890577
2024-08-20 09:25:29,24050.0,800,Sell,232890717
2024-08-20 09:25:39,24100.0,400,Buy,232890987
2024-08-20 09:25:40,24100.0,400,Buy,232891009
2024-08-20 09:25:40,24100.0,400,Buy,232890995
2024-08-20 09:25:50,24100.0,1000,Buy,232891252
2024-08-20 09:25:50,24100.0,100,Buy,232891253
2024-08-20 09:25:50,24100.0,4000,Buy,232891254
2024-08-20 09:25:50,24100.0,100,Buy,232891255
2024-08-20 09:25:50,24100.0,2000,Buy,232891256
2024-08-20 09:25:50,24100.0,200,Buy,232891251
2024-08-20 09:25:52,24100.0,400,Sell,232891304
2024-08-20 09:25:58,24100.0,400,Sell,232891418
2024-08-20 09:26:01,24100.0,3700,Sell,232891474
2024-08-20 09:26:02,24100.0,3000,Sell,232891507
2024-08-20 09:26:09,24100.0,1000,Sell,232891698
2024-08-20 09:26:10,24100.0,800,Sell,232891700
2024-08-20 09:26:24,24100.0,3000,Sell,232892062
2024-08-20 09:26:27,24100.0,100,Sell,232892156
2024-08-20 09:26:32,24100.0,300,Sell,232892287
2024-08-20 09:26:38,24100.0,5000,Sell,232892454
2024-08-20 09:26:39,24100.0,100,Sell,232892518
2024-08-20 09:26:42,24100.0,100,Sell,232892566
2024-08-20 09:26:46,24100.0,3000,Sell,232892683
2024-08-20 09:27:03,24100.0,400,Sell,232893171
2024-08-20 09:27:08,24100.0,5000,Sell,232893336
2024-08-20 09:27:18,24100.0,10000,Sell,232893564
2024-08-20 09:27:20,24100.0,1300,Sell,232893643
2024-08-20 09:27:24,24150.0,1000,Buy,232893721
2024-08-20 09:28:33,24100.0,800,Sell,232895527
2024-08-20 09:28:41,24100.0,1700,Sell,232895750
2024-08-20 09:28:41,24100.0,1600,Sell,232895756
2024-08-20 09:28:48,24100.0,100,Sell,232895960
2024-08-20 09:28:58,24100.0,200,Sell,232896192
2024-08-20 09:29:04,24150.0,2900,Buy,232896347
2024-08-20 09:29:10,24150.0,5000,Buy,232896532
2024-08-20 09:29:10,24150.0,1100,Buy,232896533
2024-08-20 09:29:10,24150.0,500,Buy,232896531
2024-08-20 09:29:10,24150.0,1500,Buy,232896526
2024-08-20 09:29:10,24150.0,1000,Buy,232896529
2024-08-20 09:29:10,24150.0,300,Buy,232896528
2024-08-20 09:29:10,24150.0,500,Buy,232896527
2024-08-20 09:29:10,24150.0,100,Buy,232896530
2024-08-20 09:29:16,24100.0,600,Sell,232896692
2024-08-20 09:29:16,24100.0,500,Sell,232896693
2024-08-20 09:29:16,24100.0,3900,Sell,232896694
2024-08-20 09:29:19,24150.0,400,Buy,232896791
2024-08-20 09:29:19,24150.0,3000,Buy,232896792
2024-08-20 09:29:19,24150.0,400,Buy,232896793
2024-08-20 09:29:20,24100.0,1000,Sell,232896821
2024-08-20 09:29:21,24150.0,9000,Buy,232896841
2024-08-20 09:29:29,24150.0,5400,Buy,232897014
2024-08-20 09:29:40,24100.0,100,Sell,232897244
2024-08-20 09:29:40,24100.0,100,Sell,232897243
2024-08-20 09:30:22,24100.0,1900,Sell,232898225
2024-08-20 09:30:22,24100.0,900,Sell,232898226
2024-08-20 09:30:22,24100.0,1500,Sell,232898227
2024-08-20 09:30:22,24100.0,700,Sell,232898228
2024-08-20 09:30:25,24150.0,3300,Buy,232898280
2024-08-20 09:30:25,24150.0,3300,Buy,232898291
2024-08-20 09:30:30,24150.0,3400,Buy,232898386
2024-08-20 09:30:30,24150.0,600,Buy,232898387
2024-08-20 09:30:36,24150.0,4900,Buy,232898571
2024-08-20 09:30:36,24150.0,100,Buy,232898572
2024-08-20 09:30:36,24150.0,100,Buy,232898573
2024-08-20 09:30:41,24150.0,600,Buy,232898718
2024-08-20 09:30:41,24150.0,5000,Buy,232898717
2024-08-20 09:30:41,24150.0,900,Buy,232898716
2024-08-20 09:30:42,24150.0,1400,Buy,232898748
2024-08-20 09:30:42,24150.0,200,Buy,232898749
2024-08-20 09:30:42,24150.0,3000,Buy,232898750
2024-08-20 09:30:42,24150.0,2500,Buy,232898751
2024-08-20 09:30:45,24150.0,5500,Buy,232898825
2024-08-20 09:30:45,24150.0,100,Buy,232898826
2024-08-20 09:30:45,24150.0,1000,Buy,232898827
2024-08-20 09:30:45,24150.0,2000,Buy,232898828
2024-08-20 09:30:45,24150.0,100,Buy,232898829
2024-08-20 09:30:48,24150.0,100,Buy,232898920
2024-08-20 09:30:48,24150.0,400,Buy,232898921
2024-08-20 09:30:48,24150.0,2800,Buy,232898922
2024-08-20 09:30:53,24150.0,1000,Buy,232899061
2024-08-20 09:30:53,24150.0,16800,Buy,232899062
2024-08-20 09:30:54,24150.0,100,Buy,232899124
2024-08-20 09:30:57,24150.0,1000,Buy,232899237
2024-08-20 09:30:57,24150.0,10700,Buy,232899245
2024-08-20 09:30:57,24150.0,500,Buy,232899244
2024-08-20 09:30:57,24150.0,3500,Buy,232899243
2024-08-20 09:30:57,24150.0,100,Buy,232899242
2024-08-20 09:30:57,24150.0,1000,Buy,232899241
2024-08-20 09:30:57,24150.0,100,Buy,232899240
2024-08-20 09:30:57,24150.0,500,Buy,232899239
2024-08-20 09:30:57,24150.0,300,Buy,232899238
2024-08-20 09:30:57,24150.0,10000,Buy,232899236
2024-08-20 09:30:57,24150.0,100,Buy,232899229
2024-08-20 09:30:57,24150.0,400,Buy,232899234
2024-08-20 09:30:57,24150.0,200,Buy,232899235
2024-08-20 09:30:57,24150.0,500,Buy,232899214
2024-08-20 09:30:57,24150.0,500,Buy,232899228
2024-08-20 09:30:57,24150.0,9300,Buy,232899212
2024-08-20 09:30:57,24150.0,100,Buy,232899213
2024-08-20 09:30:57,24150.0,1500,Buy,232899231
2024-08-20 09:30:57,24150.0,2000,Buy,232899232
2024-08-20 09:30:57,24150.0,10000,Buy,232899233
2024-08-20 09:30:57,24150.0,1000,Buy,232899230
2024-08-20 09:30:59,24150.0,500,Buy,232899268
2024-08-20 09:30:59,24150.0,300,Sell,232899278
2024-08-20 09:30:59,24150.0,1000,Buy,232899273
2024-08-20 09:30:59,24150.0,5000,Buy,232899272
2024-08-20 09:30:59,24150.0,1000,Buy,232899271
2024-08-20 09:30:59,24150.0,100,Buy,232899269
2024-08-20 09:30:59,24150.0,500,Buy,232899267
2024-08-20 09:30:59,24150.0,200,Buy,232899270
2024-08-20 09:30:59,24150.0,2600,Buy,232899265
2024-08-20 09:30:59,24150.0,1000,Buy,232899264
2024-08-20 09:30:59,24150.0,2000,Buy,232899263
2024-08-20 09:30:59,24150.0,500,Buy,232899262
2024-08-20 09:30:59,24150.0,500,Buy,232899261
2024-08-20 09:30:59,24150.0,5000,Buy,232899260
2024-08-20 09:30:59,24150.0,4300,Buy,232899259
2024-08-20 09:30:59,24150.0,300,Buy,232899266
2024-08-20 09:31:06,24200.0,400,Buy,232899439
2024-08-20 09:31:06,24200.0,1000,Buy,232899437
2024-08-20 09:31:06,24200.0,500,Buy,232899438
2024-08-20 09:31:06,24200.0,1500,Buy,232899435
2024-08-20 09:31:06,24200.0,3200,Buy,232899434
2024-08-20 09:31:06,24200.0,3400,Buy,232899436
2024-08-20 09:31:12,24150.0,200,Sell,232899552
2024-08-20 09:31:14,24150.0,8600,Sell,232899582
2024-08-20 09:31:21,24150.0,15000,Sell,232899732
2024-08-20 09:31:25,24150.0,100,Sell,232899841
2024-08-20 09:31:32,24150.0,2000,Sell,232899983
2024-08-20 09:31:36,24150.0,300,Sell,232900136
2024-08-20 09:31:40,24200.0,100,Buy,232900247
2024-08-20 09:31:40,24200.0,2400,Buy,232900248
2024-08-20 09:31:40,24200.0,5000,Buy,232900246
2024-08-20 09:31:40,24200.0,200,Buy,232900241
2024-08-20 09:31:40,24200.0,1100,Buy,232900244
2024-08-20 09:31:40,24200.0,100,Buy,232900243
2024-08-20 09:31:40,24200.0,1000,Buy,232900242
2024-08-20 09:31:40,24200.0,100,Buy,232900245
2024-08-20 09:31:48,24150.0,500,Sell,232900463
2024-08-20 09:31:57,24200.0,47000,Buy,232900739
2024-08-20 09:31:57,24200.0,500,Buy,232900740
2024-08-20 09:31:57,24200.0,300,Buy,232900741
2024-08-20 09:31:57,24200.0,100,Buy,232900742
2024-08-20 09:31:57,24200.0,200,Buy,232900743
2024-08-20 09:31:57,24200.0,51200,Buy,232900744
2024-08-20 09:31:58,24200.0,2700,Buy,232900802
2024-08-20 09:32:10,24200.0,3400,Buy,232901066
2024-08-20 09:32:10,24200.0,500,Buy,232901065
2024-08-20 09:32:10,24200.0,6100,Buy,232901064
2024-08-20 09:32:13,24200.0,500,Buy,232901120
2024-08-20 09:32:17,24150.0,1000,Sell,232901219
2024-08-20 09:32:17,24200.0,800,Buy,232901225
2024-08-20 09:32:18,24200.0,10700,Buy,232901257
2024-08-20 09:32:18,24200.0,100,Buy,232901256
2024-08-20 09:32:18,24200.0,100,Buy,232901255
2024-08-20 09:32:18,24200.0,1000,Buy,232901254
2024-08-20 09:32:18,24200.0,100,Buy,232901253
2024-08-20 09:32:18,24200.0,300,Buy,232901252
2024-08-20 09:32:18,24200.0,300,Buy,232901251
2024-08-20 09:32:18,24200.0,30000,Buy,232901246
2024-08-20 09:32:18,24200.0,500,Buy,232901249
2024-08-20 09:32:18,24200.0,100,Buy,232901248
2024-08-20 09:32:18,24200.0,500,Buy,232901247
2024-08-20 09:32:18,24200.0,100,Buy,232901245
2024-08-20 09:32:18,24200.0,30000,Buy,232901244
2024-08-20 09:32:18,24200.0,15300,Buy,232901243
2024-08-20 09:32:18,24200.0,900,Buy,232901250
2024-08-20 09:32:25,24200.0,5000,Buy,232901455
2024-08-20 09:32:28,24200.0,500,Buy,232901590
2024-08-20 09:32:28,24200.0,3000,Buy,232901597
2024-08-20 09:32:28,24200.0,300,Buy,232901596
2024-08-20 09:32:28,24200.0,500,Buy,232901595
2024-08-20 09:32:28,24200.0,500,Buy,232901594
2024-08-20 09:32:28,24200.0,200,Buy,232901593
2024-08-20 09:32:28,24200.0,600,Buy,232901592
2024-08-20 09:32:28,24200.0,100,Buy,232901589
2024-08-20 09:32:28,24200.0,600,Buy,232901591
2024-08-20 09:32:28,24200.0,500,Buy,232901587
2024-08-20 09:32:28,24200.0,38300,Buy,232901580
2024-08-20 09:32:28,24200.0,100,Buy,232901581
2024-08-20 09:32:28,24200.0,500,Buy,232901582
2024-08-20 09:32:28,24200.0,2000,Buy,232901588
2024-08-20 09:32:28,24200.0,1000,Buy,232901584
2024-08-20 09:32:28,24200.0,100,Buy,232901585
2024-08-20 09:32:28,24200.0,1000,Buy,232901586
2024-08-20 09:32:28,24200.0,200,Buy,232901583
2024-08-20 09:32:31,24200.0,1000,Buy,232901655
2024-08-20 09:32:32,24200.0,5000,Buy,232901662
2024-08-20 09:32:33,24200.0,2000,Buy,232901704
2024-08-20 09:32:33,24200.0,7000,Buy,232901705
2024-08-20 09:32:33,24200.0,1000,Buy,232901703
2024-08-20 09:32:35,24200.0,5000,Buy,232901775
2024-08-20 09:32:35,24200.0,3000,Buy,232901781
2024-08-20 09:32:36,24200.0,5000,Buy,232901823
2024-08-20 09:32:37,24200.0,400,Buy,232901850
2024-08-20 09:32:37,24200.0,100,Buy,232901847
2024-08-20 09:32:37,24200.0,1000,Buy,232901848
2024-08-20 09:32:37,24200.0,500,Buy,232901849
2024-08-20 09:32:39,24200.0,1000,Buy,232901917
2024-08-20 09:32:39,24200.0,300,Buy,232901899
2024-08-20 09:32:39,24200.0,2000,Buy,232901900
2024-08-20 09:32:40,24200.0,7000,Buy,232901927
2024-08-20 09:32:40,24200.0,200,Buy,232901928
2024-08-20 09:32:40,24200.0,400,Buy,232901929
2024-08-20 09:32:40,24200.0,100,Buy,232901930
2024-08-20 09:32:40,24200.0,100,Buy,232901931
2024-08-20 09:32:40,24200.0,100,Buy,232901932
2024-08-20 09:32:40,24200.0,500,Buy,232901933
2024-08-20 09:32:40,24200.0,100,Buy,232901934
2024-08-20 09:32:40,24200.0,4600,Buy,232901935
2024-08-20 09:32:42,24200.0,500,Buy,232901975
2024-08-20 09:32:42,24200.0,2200,Buy,232901974
2024-08-20 09:32:44,24200.0,3300,Buy,232902053
2024-08-20 09:32:46,24200.0,4500,Buy,232902143
2024-08-20 09:32:47,24200.0,200,Buy,232902148
2024-08-20 09:32:48,24200.0,1500,Buy,232902162
2024-08-20 09:32:48,24200.0,1000,Buy,232902163
2024-08-20 09:32:48,24200.0,2000,Buy,232902164
2024-08-20 09:32:48,24200.0,1000,Buy,232902165
2024-08-20 09:32:49,24200.0,800,Buy,232902201
2024-08-20 09:32:49,24200.0,200,Buy,232902200
2024-08-20 09:32:49,24200.0,1300,Buy,232902199
2024-08-20 09:32:49,24200.0,700,Buy,232902198
2024-08-20 09:32:49,24200.0,100,Buy,232902195
2024-08-20 09:32:49,24200.0,100,Buy,232902196
2024-08-20 09:32:49,24200.0,5000,Buy,232902197
2024-08-20 09:32:49,24200.0,200,Buy,232902194
2024-08-20 09:32:49,24200.0,100,Buy,232902193
2024-08-20 09:32:50,24200.0,1000,Buy,232902223
2024-08-20 09:32:50,24200.0,200,Buy,232902220
2024-08-20 09:32:50,24200.0,10000,Buy,232902221
2024-08-20 09:32:50,24200.0,100,Buy,232902222
2024-08-20 09:32:51,24200.0,500,Buy,232902293
2024-08-20 09:32:51,24200.0,300,Buy,232902292
2024-08-20 09:32:51,24200.0,10000,Buy,232902291
2024-08-20 09:32:51,24200.0,2000,Buy,232902290
2024-08-20 09:32:51,24200.0,100,Buy,232902289
2024-08-20 09:32:51,24200.0,2000,Buy,232902288
2024-08-20 09:32:51,24200.0,2000,Buy,232902287
2024-08-20 09:32:51,24200.0,9200,Buy,232902286
2024-08-20 09:32:51,24200.0,4000,Buy,232902284
2024-08-20 09:32:51,24200.0,200,Buy,232902285
2024-08-20 09:32:51,24200.0,500,Buy,232902282
2024-08-20 09:32:51,24200.0,100,Buy,232902281
2024-08-20 09:32:51,24200.0,300,Buy,232902280
2024-08-20 09:32:51,24200.0,100,Buy,232902279
2024-08-20 09:32:51,24200.0,100,Buy,232902278
2024-08-20 09:32:51,24200.0,200,Buy,232902277
2024-08-20 09:32:51,24200.0,100,Buy,232902276
2024-08-20 09:32:51,24200.0,200,Buy,232902275
2024-08-20 09:32:51,24200.0,40000,Buy,232902274
2024-08-20 09:32:51,24200.0,10000,Buy,232902270
2024-08-20 09:32:51,24200.0,9000,Buy,232902283
2024-08-20 09:32:54,24250.0,100,Buy,232902334
2024-08-20 09:32:54,24250.0,200,Buy,232902335
2024-08-20 09:32:54,24250.0,700,Buy,232902336
2024-08-20 09:33:00,24250.0,6400,Buy,232902494
2024-08-20 09:33:00,24250.0,2000,Buy,232902493
2024-08-20 09:33:00,24250.0,1300,Buy,232902491
2024-08-20 09:33:00,24250.0,9300,Buy,232902490
2024-08-20 09:33:00,24250.0,1000,Buy,232902492
2024-08-20 09:33:03,24250.0,1000,Buy,232902547
2024-08-20 09:33:04,24250.0,200,Buy,232902570
2024-08-20 09:33:06,24250.0,100,Buy,232902626
2024-08-20 09:33:06,24250.0,2400,Buy,232902621
2024-08-20 09:33:06,24250.0,100,Buy,232902622
2024-08-20 09:33:06,24250.0,2000,Buy,232902623
2024-08-20 09:33:06,24250.0,400,Buy,232902624
2024-08-20 09:33:06,24250.0,200,Buy,232902625
2024-08-20 09:33:06,24250.0,4800,Buy,232902627
2024-08-20 09:33:06,24250.0,2000,Buy,232902628
2024-08-20 09:33:07,24250.0,500,Buy,232902695
2024-08-20 09:33:07,24250.0,200,Buy,232902694
2024-08-20 09:33:07,24250.0,200,Buy,232902691
2024-08-20 09:33:07,24250.0,1000,Buy,232902692
2024-08-20 09:33:07,24250.0,10000,Buy,232902696
2024-08-20 09:33:07,24250.0,100,Buy,232902693
2024-08-20 09:33:07,24250.0,100,Buy,232902697
2024-08-20 09:33:07,24250.0,100,Buy,232902704
2024-08-20 09:33:07,24250.0,3000,Buy,232902700
2024-08-20 09:33:07,24250.0,4500,Buy,232902701
2024-08-20 09:33:07,24250.0,500,Buy,232902702
2024-08-20 09:33:07,24250.0,5500,Buy,232902703
2024-08-20 09:33:07,24250.0,200,Buy,232902705
2024-08-20 09:33:07,24250.0,1600,Buy,232902706
2024-08-20 09:33:07,24250.0,500,Buy,232902699
2024-08-20 09:33:07,24250.0,200,Buy,232902690
2024-08-20 09:33:07,24250.0,500,Buy,232902676
2024-08-20 09:33:07,24250.0,300,Buy,232902688
2024-08-20 09:33:07,24250.0,500,Buy,232902689
2024-08-20 09:33:07,24250.0,100,Buy,232902675
2024-08-20 09:33:07,24250.0,500,Buy,232902677
2024-08-20 09:33:07,24250.0,500,Buy,232902678
2024-08-20 09:33:07,24250.0,1000,Buy,232902679
2024-08-20 09:33:07,24250.0,100,Buy,232902680
2024-08-20 09:33:07,24250.0,500,Buy,232902668
2024-08-20 09:33:07,24250.0,100,Buy,232902682
2024-08-20 09:33:07,24250.0,1000,Buy,232902681
2024-08-20 09:33:07,24250.0,100,Buy,232902687
2024-08-20 09:33:07,24250.0,10000,Buy,232902686
2024-08-20 09:33:07,24250.0,52700,Buy,232902674
2024-08-20 09:33:07,24250.0,100,Buy,232902684
2024-08-20 09:33:07,24250.0,4200,Buy,232902683
2024-08-20 09:33:07,24250.0,100,Buy,232902685
2024-08-20 09:33:08,24200.0,100,Sell,232902710
2024-08-20 09:33:08,24250.0,400,Buy,232902737
2024-08-20 09:33:08,24250.0,600,Buy,232902738
2024-08-20 09:33:10,24250.0,1000,Buy,232902802
2024-08-20 09:33:10,24250.0,400,Buy,232902801
2024-08-20 09:33:11,24250.0,800,Buy,232902806
2024-08-20 09:33:11,24250.0,1200,Buy,232902807
2024-08-20 09:33:11,24250.0,100,Buy,232902808
2024-08-20 09:33:12,24250.0,400,Buy,232902829
2024-08-20 09:33:12,24250.0,100,Buy,232902830
2024-08-20 09:33:13,24250.0,100,Sell,232902855
2024-08-20 09:33:18,24300.0,400,Buy,232902963
2024-08-20 09:33:18,24300.0,100,Buy,232902962
2024-08-20 09:33:21,24250.0,400,Sell,232903013
2024-08-20 09:33:21,24250.0,100,Sell,232903009
2024-08-20 09:33:25,24300.0,200,Buy,232903100
2024-08-20 09:33:31,24250.0,500,Sell,232903328
2024-08-20 09:33:32,24300.0,1200,Buy,232903338
2024-08-20 09:33:33,24300.0,1000,Buy,232903357
2024-08-20 09:33:34,24300.0,2600,Buy,232903363
2024-08-20 09:33:34,24300.0,200,Buy,232903364
2024-08-20 09:33:34,24300.0,7200,Buy,232903365
2024-08-20 09:33:34,24300.0,1200,Buy,232903369
2024-08-20 09:33:34,24250.0,100,Sell,232903374
2024-08-20 09:33:35,24250.0,100,Sell,232903385
2024-08-20 09:33:36,24300.0,1800,Buy,232903425
2024-08-20 09:33:36,24300.0,1000,Buy,232903424
2024-08-20 09:33:36,24300.0,100,Buy,232903422
2024-08-20 09:33:36,24300.0,1600,Buy,232903421
2024-08-20 09:33:36,24300.0,500,Buy,232903423
2024-08-20 09:33:39,24300.0,3200,Buy,232903491
2024-08-20 09:33:39,24300.0,1000,Buy,232903492
2024-08-20 09:33:39,24300.0,400,Buy,232903493
2024-08-20 09:33:39,24300.0,100,Buy,232903494
2024-08-20 09:33:39,24300.0,2000,Buy,232903495
2024-08-20 09:33:39,24300.0,100,Buy,232903496
2024-08-20 09:33:40,24250.0,100,Sell,232903519
2024-08-20 09:33:45,24300.0,200,Buy,232903621
2024-08-20 09:33:46,24300.0,100,Buy,232903641
2024-08-20 09:33:46,24300.0,5600,Buy,232903646
2024-08-20 09:33:46,24300.0,200,Buy,232903645
2024-08-20 09:33:46,24300.0,1800,Buy,232903640
2024-08-20 09:33:46,24300.0,2000,Buy,232903643
2024-08-20 09:33:46,24300.0,200,Buy,232903642
2024-08-20 09:33:46,24300.0,100,Buy,232903644
2024-08-20 09:33:51,24300.0,400,Buy,232903743
2024-08-20 09:33:51,24300.0,24700,Buy,232903744
2024-08-20 09:33:51,24300.0,500,Buy,232903741
2024-08-20 09:33:51,24300.0,44400,Buy,232903740
2024-08-20 09:33:51,24300.0,10000,Buy,232903742
2024-08-20 09:33:55,24300.0,800,Buy,232903871
2024-08-20 09:33:58,24300.0,5500,Buy,232903980
2024-08-20 09:33:58,24250.0,48100,Sell,232903981
2024-08-20 09:33:58,24250.0,1900,Sell,232903982
2024-08-20 09:33:58,24300.0,400,Buy,232903978
2024-08-20 09:33:59,24250.0,500,Sell,232904002
2024-08-20 09:34:05,24300.0,1000,Buy,232904149
2024-08-20 09:34:05,24300.0,100,Buy,232904150
2024-08-20 09:34:06,24300.0,1100,Buy,232904185
2024-08-20 09:34:07,24250.0,500,Sell,232904221
2024-08-20 09:34:08,24300.0,2000,Buy,232904254
2024-08-20 09:34:09,24250.0,200,Sell,232904288
2024-08-20 09:34:17,24300.0,200,Buy,232904495
2024-08-20 09:34:17,24250.0,500,Sell,232904496
2024-08-20 09:34:21,24250.0,100,Sell,232904631
2024-08-20 09:34:30,24300.0,100,Buy,232904886
2024-08-20 09:34:30,24250.0,1000,Sell,232904896
2024-08-20 09:34:33,24250.0,100,Sell,232904945
2024-08-20 09:34:37,24250.0,200,Sell,232905118
2024-08-20 09:34:37,24250.0,200,Sell,232905119
2024-08-20 09:34:37,24250.0,600,Sell,232905120
2024-08-20 09:34:43,24300.0,1000,Buy,232905308
2024-08-20 09:34:51,24250.0,800,Sell,232905523
2024-08-20 09:34:51,24250.0,100,Sell,232905522
2024-08-20 09:34:51,24250.0,100,Sell,232905521
2024-08-20 09:34:51,24250.0,100,Sell,232905517
2024-08-20 09:34:51,24250.0,2000,Sell,232905519
2024-08-20 09:34:51,24250.0,500,Sell,232905518
2024-08-20 09:34:51,24250.0,400,Sell,232905516
2024-08-20 09:34:51,24250.0,1000,Sell,232905520
2024-08-20 09:34:59,24250.0,9200,Sell,232905727
2024-08-20 09:34:59,24250.0,300,Sell,232905728
2024-08-20 09:34:59,24250.0,500,Sell,232905729
2024-08-20 09:35:02,24250.0,1000,Sell,232905786
2024-08-20 09:35:02,24250.0,1000,Sell,232905785
2024-08-20 09:35:02,24250.0,1500,Sell,232905782
2024-08-20 09:35:02,24250.0,800,Sell,232905783
2024-08-20 09:35:02,24250.0,2900,Sell,232905784
2024-08-20 09:35:04,24250.0,1000,Sell,232905872
2024-08-20 09:35:05,24250.0,1000,Sell,232905893
2024-08-20 09:35:05,24250.0,2000,Sell,232905897
2024-08-20 09:35:09,24250.0,1000,Buy,232905990
2024-08-20 09:35:09,24250.0,200,Sell,232905983
2024-08-20 09:35:09,24250.0,1000,Sell,232905981
2024-08-20 09:35:09,24250.0,2000,Sell,232905982
2024-08-20 09:35:09,24250.0,2000,Sell,232905979
2024-08-20 09:35:09,24250.0,100,Sell,232905978
2024-08-20 09:35:09,24250.0,4700,Sell,232905977
2024-08-20 09:35:09,24250.0,1000,Sell,232905980
2024-08-20 09:35:12,24250.0,300,Buy,232906040
2024-08-20 09:35:12,24250.0,1700,Buy,232906041
2024-08-20 09:35:21,24250.0,1000,Buy,232906307
2024-08-20 09:35:35,24250.0,300,Buy,232906642
2024-08-20 09:35:35,24250.0,700,Buy,232906643
2024-08-20 09:35:39,24200.0,1100,Sell,232906801
2024-08-20 09:35:39,24200.0,2700,Sell,232906802
2024-08-20 09:35:39,24200.0,200,Sell,232906800
2024-08-20 09:35:39,24200.0,1000,Sell,232906799
2024-08-20 09:35:45,24250.0,200,Buy,232906911
2024-08-20 09:35:45,24250.0,700,Buy,232906910
2024-08-20 09:35:45,24250.0,300,Buy,232906909
2024-08-20 09:35:51,24250.0,400,Buy,232907046
2024-08-20 09:35:51,24250.0,9100,Buy,232907044
2024-08-20 09:35:51,24250.0,500,Buy,232907045
2024-08-20 09:35:56,24250.0,1100,Buy,232907190
2024-08-20 09:35:56,24250.0,200,Buy,232907189
2024-08-20 09:35:56,24250.0,100,Buy,232907185
2024-08-20 09:35:56,24250.0,500,Buy,232907187
2024-08-20 09:35:56,24250.0,500,Buy,232907186
2024-08-20 09:35:56,24250.0,1000,Buy,232907188
2024-08-20 09:35:58,24250.0,900,Buy,232907219
2024-08-20 09:35:58,24250.0,200,Buy,232907220
2024-08-20 09:35:58,24250.0,100,Buy,232907222
2024-08-20 09:35:58,24250.0,100,Buy,232907221
2024-08-20 09:35:59,24250.0,2000,Buy,232907246
2024-08-20 09:36:04,24250.0,100,Buy,232907414
2024-08-20 09:36:06,24250.0,200,Buy,232907470
2024-08-20 09:36:12,24250.0,2000,Buy,232907711
2024-08-20 09:36:47,24250.0,300,Buy,232908684
2024-08-20 09:36:47,24250.0,300,Buy,232908660
2024-08-20 09:36:47,24250.0,300,Buy,232908683
2024-08-20 09:36:48,24250.0,400,Buy,232908702
2024-08-20 09:36:48,24250.0,200,Buy,232908700
2024-08-20 09:36:48,24250.0,400,Buy,232908701
2024-08-20 09:36:52,24250.0,1000,Buy,232908772
2024-08-20 09:37:01,24250.0,100,Buy,232909031
2024-08-20 09:37:01,24250.0,800,Buy,232909037
2024-08-20 09:37:20,24200.0,100,Sell,232909617
2024-08-20 09:37:20,24200.0,4000,Sell,232909616
2024-08-20 09:37:20,24200.0,1200,Sell,232909615
2024-08-20 09:37:20,24200.0,2000,Sell,232909614
2024-08-20 09:37:20,24200.0,4000,Sell,232909613
2024-08-20 09:37:20,24200.0,7100,Sell,232909612
2024-08-20 09:37:20,24200.0,14400,Sell,232909618
2024-08-20 09:37:20,24200.0,6400,Sell,232909610
2024-08-20 09:37:20,24200.0,5400,Sell,232909608
2024-08-20 09:37:20,24200.0,3700,Sell,232909607
2024-08-20 09:37:20,24200.0,3500,Sell,232909606
2024-08-20 09:37:20,24200.0,3300,Sell,232909605
2024-08-20 09:37:20,24200.0,2300,Sell,232909604
2024-08-20 09:37:20,24200.0,7000,Sell,232909611
2024-08-20 09:37:20,24200.0,5600,Sell,232909609
2024-08-20 09:37:36,24200.0,5000,Sell,232910112
2024-08-20 09:37:36,24250.0,6000,Buy,232910103
2024-08-20 09:37:44,24200.0,2000,Sell,232910359
2024-08-20 09:37:47,24200.0,700,Sell,232910520
2024-08-20 09:37:59,24200.0,300,Sell,232910913
2024-08-20 09:38:04,24250.0,1700,Buy,232911144
2024-08-20 09:38:04,24250.0,5800,Buy,232911145
2024-08-20 09:38:07,24250.0,500,Buy,232911242
2024-08-20 09:38:13,24200.0,100,Sell,232911457
2024-08-20 09:38:23,24250.0,200,Buy,232911763
2024-08-20 09:38:26,24250.0,200,Buy,232911875
2024-08-20 09:38:27,24250.0,200,Buy,232911888
2024-08-20 09:38:27,24200.0,100,Sell,232911890
2024-08-20 09:38:27,24250.0,200,Buy,232911900
2024-08-20 09:38:43,24200.0,2000,Sell,232912479
2024-08-20 09:38:49,24250.0,200,Buy,232912674
2024-08-20 09:39:06,24250.0,300,Buy,232913342
2024-08-20 09:39:10,24200.0,100,Sell,232913521
2024-08-20 09:39:14,24250.0,300,Buy,232913619
2024-08-20 09:39:14,24250.0,600,Buy,232913620
2024-08-20 09:39:14,24250.0,600,Buy,232913628
2024-08-20 09:39:14,24200.0,100,Sell,232913632
2024-08-20 09:39:14,24250.0,600,Buy,232913645
2024-08-20 09:39:32,24250.0,1000,Buy,232914103
2024-08-20 09:39:37,24250.0,500,Buy,232914214
2024-08-20 09:39:38,24200.0,100,Sell,232914249
2024-08-20 09:40:07,24200.0,1000,Sell,232915103
2024-08-20 09:40:07,24250.0,2000,Buy,232915114
2024-08-20 09:40:11,24200.0,100,Sell,232915191
2024-08-20 09:40:25,24250.0,300,Buy,232915551
2024-08-20 09:40:54,24250.0,1000,Buy,232916297
2024-08-20 09:41:00,24250.0,1000,Buy,232916454
2024-08-20 09:41:05,24250.0,200,Buy,232916581
2024-08-20 09:41:16,24250.0,400,Buy,232916859
2024-08-20 09:41:16,24250.0,20000,Buy,232916860
2024-08-20 09:41:16,24250.0,1000,Buy,232916861
2024-08-20 09:41:16,24250.0,500,Buy,232916862
2024-08-20 09:41:16,24250.0,100,Buy,232916863
2024-08-20 09:41:16,24250.0,1000,Buy,232916864
2024-08-20 09:41:16,24250.0,2000,Buy,232916858
2024-08-20 09:41:16,24250.0,5000,Buy,232916866
2024-08-20 09:41:16,24250.0,100,Buy,232916868
2024-08-20 09:41:16,24250.0,100,Buy,232916870
2024-08-20 09:41:16,24250.0,5000,Buy,232916871
2024-08-20 09:41:16,24250.0,100,Buy,232916872
2024-08-20 09:41:16,24250.0,100,Buy,232916865
2024-08-20 09:41:16,24250.0,3500,Buy,232916869
2024-08-20 09:41:16,24250.0,1000,Buy,232916857
2024-08-20 09:41:16,24250.0,100,Buy,232916855
2024-08-20 09:41:16,24250.0,34300,Buy,232916842
2024-08-20 09:41:16,24250.0,200,Buy,232916843
2024-08-20 09:41:16,24250.0,500,Buy,232916845
2024-08-20 09:41:16,24250.0,1000,Buy,232916846
2024-08-20 09:41:16,24250.0,5000,Buy,232916847
2024-08-20 09:41:16,24250.0,100,Buy,232916848
2024-08-20 09:41:16,24250.0,2000,Buy,232916844
2024-08-20 09:41:16,24250.0,5000,Buy,232916850
2024-08-20 09:41:16,24250.0,200,Buy,232916851
2024-08-20 09:41:16,24250.0,300,Buy,232916852
2024-08-20 09:41:16,24250.0,100,Buy,232916853
2024-08-20 09:41:16,24250.0,500,Buy,232916854
2024-08-20 09:41:16,24250.0,600,Buy,232916849
2024-08-20 09:41:16,24250.0,200,Buy,232916856
2024-08-20 09:41:19,24250.0,400,Buy,232916940
2024-08-20 09:41:19,24250.0,500,Buy,232916941
2024-08-20 09:41:19,24250.0,100,Buy,232916942
2024-08-20 09:41:19,24250.0,100,Buy,232916943
2024-08-20 09:41:19,24250.0,1900,Buy,232916944
2024-08-20 09:41:20,24250.0,100,Buy,232916978
2024-08-20 09:41:20,24250.0,300,Buy,232916980
2024-08-20 09:41:20,24250.0,1000,Buy,232916979
2024-08-20 09:41:20,24250.0,500,Buy,232916976
2024-08-20 09:41:20,24250.0,500,Buy,232916975
2024-08-20 09:41:20,24250.0,200,Buy,232916974
2024-08-20 09:41:20,24250.0,7100,Buy,232916973
2024-08-20 09:41:20,24250.0,300,Buy,232916977
2024-08-20 09:41:21,24250.0,1700,Buy,232917056
2024-08-20 09:41:21,24250.0,100,Buy,232917057
2024-08-20 09:41:23,24250.0,10000,Buy,232917098
2024-08-20 09:41:23,24250.0,800,Buy,232917096
2024-08-20 09:41:23,24250.0,900,Buy,232917095
2024-08-20 09:41:23,24250.0,400,Buy,232917094
2024-08-20 09:41:23,24250.0,2100,Buy,232917091
2024-08-20 09:41:23,24250.0,1800,Buy,232917090
2024-08-20 09:41:23,24250.0,1700,Buy,232917089
2024-08-20 09:41:23,24250.0,400,Buy,232917088
2024-08-20 09:41:23,24250.0,2900,Buy,232917093
2024-08-20 09:41:25,24250.0,2300,Buy,232917173
2024-08-20 09:41:27,24250.0,1900,Buy,232917227
2024-08-20 09:41:27,24250.0,2200,Buy,232917228
2024-08-20 09:41:27,24250.0,1000,Buy,232917229
2024-08-20 09:41:27,24250.0,500,Buy,232917230
2024-08-20 09:41:30,24250.0,4700,Sell,232917298
2024-08-20 09:41:30,24250.0,2700,Sell,232917299
2024-08-20 09:41:30,24250.0,11600,Sell,232917296
2024-08-20 09:41:30,24250.0,1000,Sell,232917297
2024-08-20 09:41:40,24250.0,1000,Sell,232917516
2024-08-20 09:41:40,24250.0,500,Sell,232917517
2024-08-20 09:41:40,24250.0,300,Sell,232917515
2024-08-20 09:41:42,24300.0,2200,Buy,232917552
2024-08-20 09:41:44,24300.0,16000,Buy,232917579
2024-08-20 09:41:48,24250.0,200,Sell,232917709
2024-08-20 09:41:48,24250.0,10000,Sell,232917708
2024-08-20 09:41:48,24250.0,5000,Sell,232917711
2024-08-20 09:41:48,24250.0,5000,Sell,232917706
2024-08-20 09:41:48,24250.0,500,Sell,232917705
2024-08-20 09:41:48,24250.0,6000,Sell,232917707
2024-08-20 09:41:48,24250.0,24000,Sell,232917710
2024-08-20 09:41:49,24250.0,2000,Buy,232917749
2024-08-20 09:41:50,24250.0,1000,Buy,232917790
2024-08-20 09:41:50,24250.0,200,Buy,232917791
2024-08-20 09:41:51,24250.0,2000,Buy,232917813
2024-08-20 09:41:56,24250.0,5000,Buy,232917916
2024-08-20 09:41:56,24250.0,20000,Buy,232917917
2024-08-20 09:42:00,24250.0,500,Buy,232918006
2024-08-20 09:42:01,24250.0,300,Buy,232918084
2024-08-20 09:42:02,24250.0,200,Buy,232918131
2024-08-20 09:42:02,24250.0,100,Buy,232918111
2024-08-20 09:42:02,24250.0,900,Buy,232918109
2024-08-20 09:42:02,24250.0,1000,Buy,232918110
2024-08-20 09:42:03,24250.0,100,Buy,232918146
2024-08-20 09:42:13,24250.0,1100,Sell,232918423
2024-08-20 09:42:13,24250.0,1000,Sell,232918424
2024-08-20 09:42:13,24250.0,300,Sell,232918425
2024-08-20 09:42:13,24250.0,2600,Sell,232918426
2024-08-20 09:42:15,24250.0,9400,Sell,232918455
2024-08-20 09:42:15,24250.0,400,Sell,232918456
2024-08-20 09:42:15,24250.0,1000,Sell,232918457
2024-08-20 09:42:16,24250.0,2000,Buy,232918481
2024-08-20 09:42:16,24250.0,500,Buy,232918494
2024-08-20 09:42:17,24250.0,1000,Buy,232918514
2024-08-20 09:42:19,24250.0,1000,Buy,232918548
2024-08-20 09:42:24,24250.0,1100,Buy,232918782
2024-08-20 09:42:24,24250.0,500,Buy,232918783
2024-08-20 09:42:24,24250.0,200,Buy,232918784
2024-08-20 09:42:24,24250.0,3000,Buy,232918785
2024-08-20 09:42:30,24250.0,5000,Sell,232918899
2024-08-20 09:42:37,24250.0,200,Sell,232919159
2024-08-20 09:42:37,24250.0,300,Sell,232919160
2024-08-20 09:42:44,24250.0,100,Sell,232919358
2024-08-20 09:42:57,24250.0,2000,Sell,232919751
2024-08-20 09:42:57,24250.0,1000,Sell,232919752
2024-08-20 09:43:04,24250.0,200,Sell,232919922
2024-08-20 09:43:10,24250.0,100,Sell,232920073
2024-08-20 09:43:10,24250.0,2000,Sell,232920072
2024-08-20 09:43:12,24300.0,900,Buy,232920185
2024-08-20 09:43:18,24300.0,500,Buy,232920429
2024-08-20 09:43:18,24300.0,4000,Buy,232920427
2024-08-20 09:43:18,24300.0,500,Buy,232920428
2024-08-20 09:43:20,24250.0,18300,Sell,232920488
2024-08-20 09:43:20,24250.0,400,Sell,232920487
2024-08-20 09:43:20,24250.0,4300,Sell,232920484
2024-08-20 09:43:20,24250.0,1000,Sell,232920485
2024-08-20 09:43:20,24250.0,1000,Sell,232920486
2024-08-20 09:43:28,24250.0,5000,Sell,232920866
2024-08-20 09:43:28,24250.0,1000,Sell,232920865
2024-08-20 09:43:28,24250.0,100,Sell,232920864
2024-08-20 09:43:28,24250.0,500,Sell,232920863
2024-08-20 09:43:28,24250.0,1000,Sell,232920862
2024-08-20 09:43:28,24250.0,5000,Sell,232920861
2024-08-20 09:43:28,24250.0,5000,Sell,232920860
2024-08-20 09:43:28,24250.0,1000,Sell,232920867
2024-08-20 09:43:28,24250.0,10000,Sell,232920857
2024-08-20 09:43:28,24250.0,400,Sell,232920856
2024-08-20 09:43:28,24250.0,1000,Sell,232920855
2024-08-20 09:43:28,24250.0,15000,Sell,232920854
2024-08-20 09:43:28,24250.0,1700,Sell,232920853
2024-08-20 09:43:28,24250.0,1000,Sell,232920859
2024-08-20 09:43:28,24250.0,2000,Sell,232920858
2024-08-20 09:43:29,24250.0,100,Buy,232920905
2024-08-20 09:43:29,24250.0,300,Buy,232920904
2024-08-20 09:43:35,24250.0,400,Buy,232921137
2024-08-20 09:43:42,24250.0,500,Buy,232921502
2024-08-20 09:43:43,24250.0,500,Buy,232921522
2024-08-20 09:43:48,24250.0,9500,Buy,232921864
2024-08-20 09:43:48,24250.0,500,Buy,232921865
2024-08-20 09:43:50,24250.0,100,Buy,232921945
2024-08-20 09:43:55,24250.0,15000,Buy,232922089
2024-08-20 09:44:05,24250.0,600,Buy,232922330
2024-08-20 09:44:05,24250.0,900,Buy,232922351
2024-08-20 09:44:06,24250.0,10000,Buy,232922370
2024-08-20 09:44:18,24250.0,3000,Buy,232922626
2024-08-20 09:44:20,24250.0,10000,Buy,232922694
2024-08-20 09:44:20,24250.0,300,Buy,232922695
2024-08-20 09:44:20,24250.0,12000,Buy,232922681
2024-08-20 09:44:25,24250.0,5000,Buy,232922768
2024-08-20 09:44:26,24200.0,100,Sell,232922799
2024-08-20 09:44:27,24200.0,2000,Sell,232922825
2024-08-20 09:44:29,24250.0,100,Buy,232922898
2024-08-20 09:44:29,24250.0,1000,Buy,232922897
2024-08-20 09:44:29,24250.0,5500,Buy,232922896
2024-08-20 09:44:29,24250.0,1200,Buy,232922894
2024-08-20 09:44:29,24250.0,200,Buy,232922895
2024-08-20 09:44:29,24250.0,3000,Buy,232922892
2024-08-20 09:44:29,24250.0,200,Buy,232922891
2024-08-20 09:44:29,24250.0,200,Buy,232922890
2024-08-20 09:44:29,24250.0,25800,Buy,232922889
2024-08-20 09:44:29,24250.0,8000,Buy,232922893
2024-08-20 09:44:31,24250.0,100,Sell,232922931
2024-08-20 09:44:32,24250.0,200,Sell,232922942
2024-08-20 09:44:32,24250.0,1000,Sell,232922951
2024-08-20 09:44:36,24250.0,2000,Sell,232923030
2024-08-20 09:44:49,24250.0,1300,Sell,232923452
2024-08-20 09:44:49,24250.0,200,Sell,232923451
2024-08-20 09:44:49,24250.0,1500,Sell,232923450
2024-08-20 09:45:07,24250.0,3700,Sell,232924008
2024-08-20 09:45:07,24250.0,6300,Sell,232924009
2024-08-20 09:45:12,24250.0,100,Sell,232924097
2024-08-20 09:45:16,24250.0,100,Sell,232924218
2024-08-20 09:45:31,24250.0,1000,Sell,232924583
2024-08-20 09:45:33,24300.0,100,Buy,232924606
2024-08-20 09:45:37,24300.0,3600,Buy,232924699
2024-08-20 09:45:51,24250.0,5000,Sell,232925028
2024-08-20 09:45:51,24250.0,2700,Sell,232925029
2024-08-20 09:45:51,24250.0,500,Sell,232925026
2024-08-20 09:45:51,24250.0,1700,Sell,232925025
2024-08-20 09:45:51,24250.0,100,Sell,232925027
2024-08-20 09:46:12,24250.0,100,Sell,232925567
2024-08-20 09:46:12,24250.0,200,Sell,232925571
2024-08-20 09:46:12,24250.0,100,Sell,232925572
2024-08-20 09:46:12,24250.0,5600,Sell,232925573
2024-08-20 09:46:12,24250.0,2500,Sell,232925574
2024-08-20 09:46:18,24250.0,100,Sell,232925713
2024-08-20 09:46:30,24250.0,2000,Sell,232926056
2024-08-20 09:46:47,24250.0,400,Sell,232926597
2024-08-20 09:46:47,24250.0,9600,Sell,232926598
2024-08-20 09:46:49,24300.0,200,Buy,232926667
2024-08-20 09:46:56,24250.0,100,Sell,232926826
2024-08-20 09:46:58,24250.0,200,Sell,232926880
2024-08-20 09:46:58,24250.0,400,Sell,232926881
2024-08-20 09:46:58,24250.0,100,Sell,232926882
2024-08-20 09:46:58,24250.0,300,Sell,232926879
2024-08-20 09:47:00,24250.0,500,Sell,232926910
2024-08-20 09:47:06,24250.0,400,Sell,232927076
2024-08-20 09:47:06,24250.0,3600,Sell,232927077
2024-08-20 09:47:31,24250.0,100,Sell,232927824
2024-08-20 09:47:40,24250.0,300,Sell,232928065
2024-08-20 09:47:45,24250.0,500,Sell,232928180
2024-08-20 09:47:49,24250.0,1000,Sell,232928314
2024-08-20 09:47:49,24250.0,400,Sell,232928315
2024-08-20 09:47:49,24250.0,100,Sell,232928313
2024-08-20 09:47:49,24250.0,500,Sell,232928312
2024-08-20 09:47:54,24250.0,200,Sell,232928536
2024-08-20 09:47:54,24250.0,400,Sell,232928537
2024-08-20 09:47:56,24300.0,2000,Buy,232928570
2024-08-20 09:48:02,24250.0,200,Sell,232928712
2024-08-20 09:48:05,24250.0,100,Sell,232928763
2024-08-20 09:48:10,24250.0,1000,Sell,232928887
2024-08-20 09:48:20,24250.0,700,Sell,232929107
2024-08-20 09:48:20,24250.0,500,Sell,232929108
2024-08-20 09:48:20,24250.0,100,Sell,232929109
2024-08-20 09:48:20,24250.0,100,Sell,232929110
2024-08-20 09:48:20,24250.0,1000,Sell,232929111
2024-08-20 09:48:20,24250.0,2600,Sell,232929112
2024-08-20 09:48:24,24250.0,1000,Sell,232929198
2024-08-20 09:48:49,24250.0,1000,Sell,232930028
2024-08-20 09:48:50,24300.0,100,Buy,232930040
2024-08-20 09:48:51,24250.0,6200,Sell,232930076
2024-08-20 09:48:51,24250.0,500,Sell,232930075
2024-08-20 09:48:51,24250.0,1100,Sell,232930074
2024-08-20 09:48:51,24250.0,100,Sell,232930073
2024-08-20 09:48:51,24250.0,10000,Sell,232930072
2024-08-20 09:48:51,24250.0,300,Sell,232930071
2024-08-20 09:48:51,24250.0,100,Sell,232930070
2024-08-20 09:48:51,24250.0,1000,Sell,232930069
2024-08-20 09:48:51,24250.0,2000,Sell,232930067
2024-08-20 09:48:51,24250.0,100,Sell,232930066
2024-08-20 09:48:51,24250.0,800,Sell,232930065
2024-08-20 09:48:51,24250.0,2000,Sell,232930064
2024-08-20 09:48:51,24250.0,200,Sell,232930063
2024-08-20 09:48:51,24250.0,100,Sell,232930062
2024-08-20 09:48:51,24250.0,20000,Sell,232930061
2024-08-20 09:48:51,24250.0,5400,Sell,232930060
2024-08-20 09:48:51,24250.0,100,Sell,232930068
2024-08-20 09:48:55,24250.0,2000,Sell,232930142
2024-08-20 09:48:55,24250.0,200,Sell,232930143
2024-08-20 09:48:55,24250.0,3800,Sell,232930140
2024-08-20 09:48:55,24250.0,14000,Sell,232930141
2024-08-20 09:49:01,24250.0,500,Sell,232930286
2024-08-20 09:49:03,24250.0,6800,Sell,232930367
2024-08-20 09:49:03,24250.0,100,Sell,232930368
2024-08-20 09:49:03,24250.0,100,Sell,232930369
2024-08-20 09:49:03,24250.0,3000,Sell,232930370
2024-08-20 09:49:06,24250.0,1500,Sell,232930403
2024-08-20 09:49:14,24250.0,500,Sell,232930596
2024-08-20 09:49:21,24250.0,100,Sell,232930816
2024-08-20 09:49:32,24250.0,200,Sell,232931081
2024-08-20 09:49:32,24250.0,300,Sell,232931082
2024-08-20 09:49:35,24250.0,500,Sell,232931352
2024-08-20 09:49:37,24250.0,200,Sell,232931445
2024-08-20 09:49:41,24250.0,4000,Sell,232931599
2024-08-20 09:49:41,24250.0,1000,Sell,232931600
2024-08-20 09:49:49,24250.0,300,Sell,232931801
2024-08-20 09:49:49,24250.0,9700,Sell,232931802
2024-08-20 09:49:51,24250.0,100,Sell,232931852
2024-08-20 09:50:00,24250.0,3200,Sell,232932118
2024-08-20 09:50:00,24250.0,100,Sell,232932117
2024-08-20 09:50:00,24250.0,100,Sell,232932116
2024-08-20 09:50:00,24250.0,100,Sell,232932115
2024-08-20 09:50:00,24250.0,100,Sell,232932112
2024-08-20 09:50:00,24250.0,10000,Sell,232932111
2024-08-20 09:50:00,24250.0,100,Sell,232932110
2024-08-20 09:50:00,24250.0,200,Sell,232932109
2024-08-20 09:50:00,24250.0,100,Sell,232932113
2024-08-20 09:50:00,24250.0,1000,Sell,232932114
2024-08-20 09:50:01,24250.0,10000,Sell,232932153
2024-08-20 09:50:03,24250.0,36000,Sell,232932204
2024-08-20 09:50:03,24250.0,500,Sell,232932227
2024-08-20 09:50:11,24250.0,3700,Sell,232932500
2024-08-20 09:50:11,24250.0,300,Sell,232932497
2024-08-20 09:50:11,24250.0,1000,Sell,232932499
2024-08-20 09:50:14,24250.0,200,Sell,232932733
2024-08-20 09:50:14,24250.0,1500,Sell,232932669
2024-08-20 09:50:14,24250.0,1000,Sell,232932731
2024-08-20 09:50:17,24250.0,800,Sell,232932834
2024-08-20 09:50:29,24250.0,2800,Sell,232933239
2024-08-20 09:50:29,24250.0,200,Sell,232933240
2024-08-20 09:50:30,24250.0,800,Sell,232933255
2024-08-20 09:50:30,24250.0,100,Sell,232933256
2024-08-20 09:50:30,24250.0,500,Sell,232933257
2024-08-20 09:50:30,24250.0,3600,Sell,232933258
2024-08-20 09:50:30,24250.0,200,Sell,232933261
2024-08-20 09:50:34,24250.0,3000,Sell,232933371
2024-08-20 09:50:34,24250.0,2800,Sell,232933370
2024-08-20 09:50:34,24250.0,2000,Sell,232933369
2024-08-20 09:50:34,24250.0,1200,Sell,232933367
2024-08-20 09:50:34,24250.0,1000,Sell,232933368
2024-08-20 09:50:35,24300.0,3500,Buy,232933407
2024-08-20 09:50:35,24300.0,500,Buy,232933408
2024-08-20 09:50:35,24300.0,300,Buy,232933409
2024-08-20 09:50:35,24300.0,3000,Buy,232933410
2024-08-20 09:50:35,24300.0,100,Buy,232933411
2024-08-20 09:50:35,24300.0,100,Buy,232933412
2024-08-20 09:50:35,24300.0,100,Buy,232933413
2024-08-20 09:50:35,24300.0,200,Buy,232933414
2024-08-20 09:50:35,24300.0,2200,Buy,232933415
2024-08-20 09:50:37,24250.0,5000,Sell,232933478
2024-08-20 09:50:46,24250.0,5000,Sell,232933781
2024-08-20 09:50:58,24250.0,500,Sell,232934169
2024-08-20 09:51:08,24250.0,100,Sell,232934634
2024-08-20 09:51:12,24250.0,100,Sell,232934802
2024-08-20 09:51:16,24250.0,300,Sell,232934927
2024-08-20 09:51:27,24250.0,1000,Sell,232935254
2024-08-20 09:51:30,24250.0,1400,Sell,232935310
2024-08-20 09:51:31,24250.0,2000,Sell,232935341
2024-08-20 09:51:43,24250.0,200,Sell,232935663
2024-08-20 09:51:44,24250.0,1400,Sell,232935688
2024-08-20 09:51:44,24250.0,100,Sell,232935689
2024-08-20 09:51:44,24250.0,100,Sell,232935696
2024-08-20 09:51:47,24250.0,300,Sell,232935810
2024-08-20 09:51:47,24250.0,100,Sell,232935809
2024-08-20 09:51:47,24250.0,500,Sell,232935808
2024-08-20 09:51:47,24250.0,1000,Sell,232935804
2024-08-20 09:51:47,24250.0,100,Sell,232935806
2024-08-20 09:51:47,24250.0,2000,Sell,232935805
2024-08-20 09:51:47,24250.0,200,Sell,232935807
2024-08-20 09:51:47,24250.0,800,Sell,232935803
2024-08-20 09:51:54,24250.0,700,Sell,232936000
2024-08-20 09:51:55,24250.0,500,Sell,232936063
2024-08-20 09:52:00,24250.0,1200,Sell,232936220
2024-08-20 09:52:00,24250.0,500,Sell,232936218
2024-08-20 09:52:00,24250.0,5700,Sell,232936219
2024-08-20 09:52:01,24250.0,1000,Sell,232936256
2024-08-20 09:52:06,24300.0,2800,Buy,232936420
2024-08-20 09:52:06,24300.0,1000,Buy,232936421
2024-08-20 09:52:06,24300.0,100,Buy,232936422
2024-08-20 09:52:06,24300.0,1100,Buy,232936423
2024-08-20 09:52:06,24250.0,100,Sell,232936425
2024-08-20 09:52:12,24250.0,5000,Sell,232936608
2024-08-20 09:52:13,24250.0,400,Sell,232936644
2024-08-20 09:52:13,24300.0,8000,Buy,232936645
2024-08-20 09:52:16,24250.0,100,Sell,232936731
2024-08-20 09:52:18,24250.0,100,Sell,232936752
2024-08-20 09:52:22,24250.0,100,Sell,232936900
2024-08-20 09:52:24,24250.0,500,Sell,232936959
2024-08-20 09:52:29,24300.0,100,Buy,232937123
2024-08-20 09:52:31,24250.0,100,Sell,232937194
2024-08-20 09:52:44,24300.0,100,Buy,232937605
2024-08-20 09:52:50,24250.0,1000,Sell,232937895
2024-08-20 09:52:59,24250.0,400,Sell,232938182
2024-08-20 09:52:59,24250.0,600,Sell,232938183
2024-08-20 09:52:59,24250.0,7100,Sell,232938208
2024-08-20 09:53:03,24250.0,2000,Sell,232938312
2024-08-20 09:53:08,24250.0,200,Sell,232938419
2024-08-20 09:53:08,24250.0,1000,Sell,232938420
2024-08-20 09:53:08,24250.0,200,Sell,232938421
2024-08-20 09:53:08,24250.0,300,Sell,232938422
2024-08-20 09:53:08,24250.0,300,Sell,232938418
2024-08-20 09:53:18,24250.0,700,Sell,232938791
2024-08-20 09:53:18,24250.0,1000,Sell,232938792
2024-08-20 09:53:18,24250.0,100,Sell,232938793
2024-08-20 09:53:18,24250.0,300,Sell,232938794
2024-08-20 09:53:18,24300.0,5000,Buy,232938796
2024-08-20 09:53:26,24250.0,100,Sell,232939022
2024-08-20 09:53:38,24250.0,2500,Sell,232939361
2024-08-20 09:53:46,24250.0,100,Sell,232939671
2024-08-20 09:53:48,24250.0,2300,Sell,232939726
2024-08-20 09:53:48,24250.0,6000,Sell,232939724
2024-08-20 09:53:48,24250.0,200,Sell,232939725
2024-08-20 09:53:54,24250.0,7700,Sell,232939910
2024-08-20 09:53:54,24250.0,2300,Sell,232939911
2024-08-20 09:54:00,24250.0,200,Sell,232940051
2024-08-20 09:54:02,24250.0,100,Sell,232940067
2024-08-20 09:54:17,24250.0,400,Sell,232940429
2024-08-20 09:54:17,24250.0,100,Sell,232940430
2024-08-20 09:54:24,24250.0,100,Sell,232940774
2024-08-20 09:54:24,24250.0,300,Sell,232940776
2024-08-20 09:54:24,24250.0,100,Sell,232940775
2024-08-20 09:54:24,24250.0,300,Sell,232940773
2024-08-20 09:54:24,24250.0,100,Sell,232940768
2024-08-20 09:54:24,24250.0,500,Sell,232940771
2024-08-20 09:54:24,24250.0,300,Sell,232940770
2024-08-20 09:54:24,24250.0,1000,Sell,232940769
2024-08-20 09:54:24,24250.0,300,Sell,232940772
2024-08-20 09:54:26,24250.0,100,Sell,232940828
2024-08-20 09:54:45,24250.0,1500,Sell,232941288
2024-08-20 09:54:49,24250.0,200,Sell,232941377
2024-08-20 09:54:59,24250.0,20000,Sell,232941601
2024-08-20 09:54:59,24250.0,500,Sell,232941608
2024-08-20 09:55:12,24250.0,1000,Sell,232941900
2024-08-20 09:55:30,24250.0,1500,Sell,232942377
2024-08-20 09:55:36,24250.0,200,Sell,232942510
2024-08-20 09:55:39,24250.0,5500,Sell,232942576
2024-08-20 09:55:39,24250.0,1000,Sell,232942578
2024-08-20 09:55:39,24250.0,200,Sell,232942577
2024-08-20 09:55:39,24250.0,1000,Sell,232942575
2024-08-20 09:55:39,24250.0,34700,Sell,232942579
2024-08-20 09:55:39,24250.0,600,Sell,232942573
2024-08-20 09:55:39,24250.0,4700,Sell,232942569
2024-08-20 09:55:39,24250.0,1000,Sell,232942570
2024-08-20 09:55:39,24250.0,1000,Sell,232942574
2024-08-20 09:55:39,24250.0,200,Sell,232942572
2024-08-20 09:55:39,24250.0,100,Sell,232942571
2024-08-20 09:55:41,24250.0,200,Sell,232942657
2024-08-20 09:55:42,24250.0,200,Sell,232942663
2024-08-20 09:55:44,24250.0,100,Sell,232942708
2024-08-20 09:55:44,24250.0,2000,Sell,232942712
2024-08-20 09:55:50,24250.0,100,Sell,232942902
2024-08-20 09:55:54,24250.0,100,Sell,232943076
2024-08-20 09:55:58,24250.0,200,Sell,232943176
2024-08-20 09:55:59,24250.0,2000,Sell,232943235
2024-08-20 09:56:04,24250.0,1000,Sell,232943399
2024-08-20 09:56:04,24250.0,5000,Sell,232943409
2024-08-20 09:56:07,24250.0,2000,Sell,232943463
2024-08-20 09:56:07,24250.0,100,Sell,232943465
2024-08-20 09:56:08,24250.0,200,Sell,232943503
2024-08-20 09:56:09,24250.0,500,Sell,232943537
2024-08-20 09:56:14,24250.0,100,Sell,232943690
2024-08-20 09:56:19,24250.0,200,Sell,232943770
2024-08-20 09:56:22,24250.0,200,Sell,232943867
2024-08-20 09:56:26,24250.0,1000,Sell,232944009
2024-08-20 09:56:31,24250.0,100,Sell,232944174
2024-08-20 09:56:33,24250.0,200,Sell,232944229
2024-08-20 09:56:37,24250.0,100,Sell,232944320
2024-08-20 09:56:37,24250.0,500,Sell,232944321
2024-08-20 09:56:39,24250.0,500,Sell,232944399
2024-08-20 09:56:40,24250.0,500,Sell,232944402
2024-08-20 09:56:40,24300.0,15000,Buy,232944403
2024-08-20 09:56:41,24300.0,500,Buy,232944438
2024-08-20 09:56:42,24250.0,2000,Sell,232944446
2024-08-20 09:56:48,24250.0,1000,Sell,232944592
2024-08-20 09:56:55,24300.0,200,Buy,232944802
2024-08-20 09:56:55,24300.0,800,Buy,232944803
2024-08-20 09:57:13,24300.0,2500,Buy,232945303
2024-08-20 09:57:13,24300.0,1000,Buy,232945310
2024-08-20 09:57:18,24300.0,500,Buy,232945460
2024-08-20 09:57:24,24300.0,100,Buy,232945580
2024-08-20 09:57:26,24300.0,400,Buy,232945647
2024-08-20 09:57:26,24300.0,1000,Buy,232945644
2024-08-20 09:57:26,24300.0,5000,Buy,232945645
2024-08-20 09:57:26,24300.0,5000,Buy,232945646
2024-08-20 09:57:26,24300.0,200,Buy,232945648
2024-08-20 09:57:26,24300.0,7000,Buy,232945654
2024-08-20 09:57:26,24300.0,100,Buy,232945650
2024-08-20 09:57:26,24300.0,100,Buy,232945651
2024-08-20 09:57:26,24300.0,1000,Buy,232945652
2024-08-20 09:57:26,24300.0,100,Buy,232945653
2024-08-20 09:57:26,24300.0,100,Buy,232945649
2024-08-20 09:57:26,24300.0,400,Buy,232945643
2024-08-20 09:57:26,24300.0,700,Buy,232945639
2024-08-20 09:57:26,24300.0,1000,Buy,232945641
2024-08-20 09:57:26,24300.0,100,Buy,232945642
2024-08-20 09:57:26,24300.0,1000,Buy,232945630
2024-08-20 09:57:26,24300.0,1000,Buy,232945631
2024-08-20 09:57:26,24300.0,3000,Buy,232945632
2024-08-20 09:57:26,24300.0,500,Buy,232945633
2024-08-20 09:57:26,24300.0,100,Buy,232945629
2024-08-20 09:57:26,24300.0,200,Buy,232945635
2024-08-20 09:57:26,24300.0,1000,Buy,232945636
2024-08-20 09:57:26,24300.0,500,Buy,232945637
2024-08-20 09:57:26,24300.0,300,Buy,232945638
2024-08-20 09:57:26,24300.0,600,Buy,232945640
2024-08-20 09:57:26,24300.0,200,Buy,232945634
2024-08-20 09:57:27,24250.0,100,Sell,232945665
2024-08-20 09:57:32,24250.0,1500,Sell,232945846
2024-08-20 09:57:39,24250.0,1400,Sell,232946158
2024-08-20 09:57:39,24250.0,8600,Sell,232946148
2024-08-20 09:57:46,24300.0,3000,Buy,232946322
2024-08-20 09:57:46,24300.0,100,Buy,232946323
2024-08-20 09:57:46,24300.0,200,Buy,232946324
2024-08-20 09:57:46,24300.0,700,Buy,232946325
2024-08-20 09:57:48,24300.0,200,Buy,232946359
2024-08-20 09:57:50,24250.0,2300,Sell,232946403
2024-08-20 09:57:50,24250.0,100,Sell,232946402
2024-08-20 09:57:50,24250.0,1000,Sell,232946399
2024-08-20 09:57:50,24250.0,5000,Sell,232946400
2024-08-20 09:57:50,24250.0,600,Sell,232946398
2024-08-20 09:57:50,24250.0,1000,Sell,232946401
2024-08-20 09:58:00,24250.0,100,Sell,232946752
2024-08-20 09:58:09,24250.0,100,Sell,232947058
2024-08-20 09:58:16,24250.0,500,Sell,232947369
2024-08-20 09:58:18,24250.0,2000,Sell,232947408
2024-08-20 09:58:18,24250.0,2200,Sell,232947409
2024-08-20 09:58:18,24250.0,800,Sell,232947410
2024-08-20 09:58:18,24300.0,200,Buy,232947412
2024-08-20 09:58:25,24250.0,10000,Sell,232947621
2024-08-20 09:58:25,24250.0,400,Sell,232947620
2024-08-20 09:58:25,24250.0,2000,Sell,232947622
2024-08-20 09:58:25,24250.0,100,Sell,232947623
2024-08-20 09:58:25,24250.0,3000,Sell,232947628
2024-08-20 09:58:25,24250.0,5000,Sell,232947625
2024-08-20 09:58:25,24250.0,5000,Sell,232947626
2024-08-20 09:58:25,24250.0,10000,Sell,232947627
2024-08-20 09:58:25,24250.0,19300,Sell,232947629
2024-08-20 09:58:25,24250.0,5000,Sell,232947624
2024-08-20 09:58:25,24250.0,200,Sell,232947619
2024-08-20 09:58:25,24250.0,700,Sell,232947615
2024-08-20 09:58:25,24250.0,10000,Sell,232947617
2024-08-20 09:58:25,24250.0,300,Sell,232947618
2024-08-20 09:58:25,24250.0,1200,Sell,232947607
2024-08-20 09:58:25,24250.0,5000,Sell,232947608
2024-08-20 09:58:25,24250.0,2000,Sell,232947609
2024-08-20 09:58:25,24250.0,4000,Sell,232947610
2024-08-20 09:58:25,24250.0,1000,Sell,232947614
2024-08-20 09:58:25,24250.0,10000,Sell,232947612
2024-08-20 09:58:25,24250.0,4700,Sell,232947611
2024-08-20 09:58:25,24250.0,1000,Sell,232947616
2024-08-20 09:58:25,24250.0,100,Sell,232947613
2024-08-20 09:58:27,24300.0,2000,Buy,232947677
2024-08-20 09:58:28,24250.0,500,Sell,232947737
2024-08-20 09:58:28,24250.0,4400,Sell,232947738
2024-08-20 09:58:28,24250.0,100,Sell,232947739
2024-08-20 09:58:28,24250.0,2600,Sell,232947740
2024-08-20 09:58:28,24250.0,500,Sell,232947741
2024-08-20 09:58:28,24250.0,500,Sell,232947742
2024-08-20 09:58:28,24250.0,100,Sell,232947743
2024-08-20 09:58:28,24250.0,600,Sell,232947744
2024-08-20 09:58:28,24250.0,5700,Sell,232947736
2024-08-20 09:58:35,24250.0,500,Sell,232947913
2024-08-20 09:58:53,24250.0,100,Sell,232948448
2024-08-20 09:58:56,24250.0,1500,Sell,232948552
2024-08-20 09:58:59,24250.0,300,Sell,232948705
2024-08-20 09:59:01,24300.0,100,Buy,232948743
2024-08-20 09:59:03,24250.0,100,Sell,232948815
2024-08-20 09:59:08,24250.0,2300,Sell,232948994
2024-08-20 09:59:08,24250.0,600,Sell,232948993
2024-08-20 09:59:08,24250.0,1000,Sell,232948991
2024-08-20 09:59:08,24250.0,100,Sell,232948990
2024-08-20 09:59:08,24250.0,1000,Sell,232948992
2024-08-20 09:59:08,24250.0,1800,Sell,232948988
2024-08-20 09:59:08,24250.0,200,Sell,232948987
2024-08-20 09:59:08,24250.0,100,Sell,232948986
2024-08-20 09:59:08,24250.0,900,Sell,232948985
2024-08-20 09:59:08,24250.0,100,Sell,232948989
2024-08-20 09:59:10,24250.0,1000,Sell,232949084
2024-08-20 09:59:10,24250.0,15000,Sell,232949089
2024-08-20 09:59:11,24250.0,700,Sell,232949090
2024-08-20 09:59:12,24250.0,100,Sell,232949135
2024-08-20 09:59:12,24300.0,500,Buy,232949136
2024-08-20 09:59:25,24300.0,1000,Buy,232949486
2024-08-20 09:59:37,24300.0,200,Buy,232949733
2024-08-20 09:59:42,24250.0,15600,Sell,232949865
2024-08-20 09:59:49,24250.0,500,Sell,232950039
2024-08-20 10:00:05,24250.0,100,Sell,232950440
2024-08-20 10:00:13,24300.0,100,Buy,232950697
2024-08-20 10:00:13,24300.0,400,Buy,232950698
2024-08-20 10:00:20,24300.0,100,Buy,232950930
2024-08-20 10:00:27,24300.0,900,Buy,232951217
2024-08-20 10:00:27,24300.0,100,Buy,232951216
2024-08-20 10:00:27,24300.0,300,Buy,232951215
2024-08-20 10:00:27,24300.0,1000,Buy,232951214
2024-08-20 10:00:27,24300.0,500,Buy,232951213
2024-08-20 10:00:27,24300.0,200,Buy,232951212
2024-08-20 10:00:27,24300.0,400,Buy,232951210
2024-08-20 10:00:27,24300.0,100,Buy,232951209
2024-08-20 10:00:27,24300.0,100,Buy,232951205
2024-08-20 10:00:27,24300.0,300,Buy,232951206
2024-08-20 10:00:27,24300.0,100,Buy,232951211
2024-08-20 10:00:27,24300.0,300,Buy,232951208
2024-08-20 10:00:27,24300.0,100,Buy,232951207
2024-08-20 10:00:31,24300.0,500,Buy,232951328
2024-08-20 10:00:34,24300.0,400,Buy,232951376
2024-08-20 10:00:35,24250.0,200,Sell,232951396
2024-08-20 10:00:44,24300.0,200,Buy,232951591
2024-08-20 10:00:45,24250.0,300,Sell,232951651
2024-08-20 10:00:45,24250.0,35200,Sell,232951652
2024-08-20 10:00:45,24250.0,14500,Sell,232951650
2024-08-20 10:00:46,24300.0,100,Buy,232951663
2024-08-20 10:00:46,24300.0,100,Buy,232951664
2024-08-20 10:00:51,24250.0,400,Sell,232951769
2024-08-20 10:01:15,24250.0,2000,Sell,232952409
2024-08-20 10:01:20,24250.0,700,Sell,232952500
2024-08-20 10:01:23,24250.0,500,Sell,232952558
2024-08-20 10:01:23,24250.0,500,Sell,232952557
2024-08-20 10:01:23,24250.0,11700,Sell,232952555
2024-08-20 10:01:23,24250.0,2300,Sell,232952556
2024-08-20 10:01:25,24250.0,29500,Sell,232952646
2024-08-20 10:01:25,24250.0,500,Sell,232952647
2024-08-20 10:01:33,24250.0,100,Sell,232952866
2024-08-20 10:01:36,24250.0,2000,Sell,232952962
2024-08-20 10:01:40,24250.0,300,Sell,232953063
2024-08-20 10:01:47,24250.0,1500,Sell,232953258
2024-08-20 10:01:47,24250.0,18500,Sell,232953259
2024-08-20 10:01:49,24250.0,3000,Sell,232953429
2024-08-20 10:01:49,24250.0,200,Sell,232953430
2024-08-20 10:01:49,24250.0,5000,Sell,232953431
2024-08-20 10:01:49,24250.0,2200,Sell,232953432
2024-08-20 10:01:49,24250.0,500,Sell,232953437
2024-08-20 10:01:49,24250.0,1700,Sell,232953434
2024-08-20 10:01:49,24250.0,500,Sell,232953435
2024-08-20 10:01:49,24250.0,300,Sell,232953436
2024-08-20 10:01:49,24250.0,1100,Sell,232953438
2024-08-20 10:01:49,24250.0,5000,Sell,232953433
2024-08-20 10:01:49,24250.0,5000,Sell,232953428
2024-08-20 10:01:49,24250.0,1000,Sell,232953427
2024-08-20 10:01:49,24250.0,300,Sell,232953425
2024-08-20 10:01:49,24250.0,5000,Sell,232953412
2024-08-20 10:01:49,24250.0,1500,Sell,232953415
2024-08-20 10:01:49,24250.0,1000,Sell,232953416
2024-08-20 10:01:49,24250.0,3200,Sell,232953417
2024-08-20 10:01:49,24250.0,5100,Sell,232953418
2024-08-20 10:01:49,24250.0,300,Sell,232953426
2024-08-20 10:01:49,24250.0,800,Sell,232953420
2024-08-20 10:01:49,24250.0,1000,Sell,232953424
2024-08-20 10:01:49,24250.0,10000,Sell,232953423
2024-08-20 10:01:49,24250.0,100,Sell,232953419
2024-08-20 10:01:49,24250.0,1000,Sell,232953421
2024-08-20 10:01:49,24250.0,200,Sell,232953422
2024-08-20 10:01:50,24250.0,2600,Sell,232953442
2024-08-20 10:01:50,24250.0,400,Sell,232953443
2024-08-20 10:01:50,24250.0,100,Sell,232953444
2024-08-20 10:02:03,24250.0,500,Buy,232953819
2024-08-20 10:02:10,24200.0,500,Sell,232954017
2024-08-20 10:02:14,24250.0,400,Buy,232954098
2024-08-20 10:02:14,24250.0,1600,Buy,232954099
2024-08-20 10:02:27,24250.0,100,Buy,232954461
2024-08-20 10:02:27,24250.0,20200,Buy,232954465
2024-08-20 10:02:27,24250.0,100,Buy,232954464
2024-08-20 10:02:27,24250.0,9000,Buy,232954463
2024-08-20 10:02:27,24250.0,300,Buy,232954462
2024-08-20 10:02:27,24250.0,100,Buy,232954460
2024-08-20 10:02:27,24250.0,300,Buy,232954458
2024-08-20 10:02:27,24250.0,20000,Buy,232954459
2024-08-20 10:02:27,24250.0,31400,Buy,232954454
2024-08-20 10:02:27,24250.0,1500,Buy,232954457
2024-08-20 10:02:27,24250.0,15000,Buy,232954456
2024-08-20 10:02:27,24250.0,2000,Buy,232954455
2024-08-20 10:02:37,24250.0,1000,Buy,232954709
2024-08-20 10:02:38,24250.0,2500,Buy,232954714
2024-08-20 10:02:50,24200.0,15000,Sell,232955088
2024-08-20 10:02:51,24250.0,3500,Buy,232955139
2024-08-20 10:02:54,24250.0,32600,Buy,232955288
2024-08-20 10:02:54,24250.0,1000,Buy,232955281
2024-08-20 10:02:54,24250.0,200,Buy,232955282
2024-08-20 10:02:54,24250.0,1000,Buy,232955283
2024-08-20 10:02:54,24250.0,100,Buy,232955284
2024-08-20 10:02:54,24250.0,33000,Buy,232955285
2024-08-20 10:02:54,24250.0,1000,Buy,232955286
2024-08-20 10:02:54,24250.0,2000,Buy,232955287
2024-08-20 10:02:54,24250.0,22800,Buy,232955280
2024-08-20 10:03:01,24250.0,11600,Buy,232955445
2024-08-20 10:03:02,24250.0,2000,Buy,232955474
2024-08-20 10:03:02,24250.0,500,Buy,232955462
2024-08-20 10:03:04,24250.0,1000,Buy,232955504
2024-08-20 10:03:07,24250.0,2300,Buy,232955552
2024-08-20 10:03:07,24250.0,2700,Buy,232955553
2024-08-20 10:03:10,24250.0,1800,Buy,232955624
2024-08-20 10:03:10,24250.0,1000,Buy,232955625
2024-08-20 10:03:10,24250.0,100,Buy,232955626
2024-08-20 10:03:10,24250.0,100,Buy,232955627
2024-08-20 10:03:12,24250.0,2500,Buy,232955684
2024-08-20 10:03:12,24250.0,200,Buy,232955679
2024-08-20 10:03:12,24250.0,100,Buy,232955682
2024-08-20 10:03:12,24250.0,200,Buy,232955683
2024-08-20 10:03:16,24250.0,2500,Buy,232955762
2024-08-20 10:03:16,24250.0,2000,Buy,232955763
2024-08-20 10:03:16,24250.0,400,Buy,232955764
2024-08-20 10:03:16,24250.0,3000,Buy,232955778
2024-08-20 10:03:17,24250.0,7000,Buy,232955824
2024-08-20 10:03:21,24250.0,200,Sell,232956041
2024-08-20 10:03:24,24250.0,100,Sell,232956109
2024-08-20 10:03:24,24250.0,400,Sell,232956116
2024-08-20 10:03:29,24250.0,5000,Sell,232956224
2024-08-20 10:03:32,24250.0,1000,Sell,232956314
2024-08-20 10:03:39,24250.0,200,Sell,232956469
2024-08-20 10:03:40,24250.0,2000,Sell,232956506
2024-08-20 10:03:48,24250.0,100,Sell,232956726
2024-08-20 10:03:54,24250.0,9000,Sell,232956856
2024-08-20 10:03:54,24250.0,1000,Sell,232956857
2024-08-20 10:04:04,24250.0,400,Sell,232957054
2024-08-20 10:04:05,24250.0,1000,Sell,232957065
2024-08-20 10:04:05,24250.0,1000,Sell,232957064
2024-08-20 10:04:05,24250.0,3000,Sell,232957063
2024-08-20 10:04:05,24250.0,2000,Sell,232957061
2024-08-20 10:04:05,24250.0,1000,Sell,232957060
2024-08-20 10:04:05,24250.0,600,Sell,232957059
2024-08-20 10:04:05,24250.0,2000,Sell,232957062
2024-08-20 10:04:09,24250.0,1500,Buy,232957206
2024-08-20 10:04:20,24200.0,5400,Sell,232957573
2024-08-20 10:04:20,24200.0,1000,Sell,232957574
2024-08-20 10:04:20,24200.0,1400,Sell,232957575
2024-08-20 10:04:20,24200.0,300,Sell,232957576
2024-08-20 10:04:20,24200.0,1900,Sell,232957577
2024-08-20 10:04:24,24250.0,5000,Buy,232957677
2024-08-20 10:04:26,24250.0,400,Buy,232957766
2024-08-20 10:04:42,24250.0,17000,Buy,232958313
2024-08-20 10:04:50,24250.0,2000,Buy,232958478
2024-08-20 10:04:53,24200.0,300,Sell,232958612
2024-08-20 10:05:00,24250.0,2000,Buy,232958870
2024-08-20 10:05:04,24200.0,100,Sell,232959002
2024-08-20 10:05:14,24200.0,2300,Sell,232959225
2024-08-20 10:05:14,24200.0,7700,Sell,232959224
2024-08-20 10:05:15,24200.0,100,Sell,232959262
2024-08-20 10:05:16,24250.0,11500,Buy,232959323
2024-08-20 10:05:16,24250.0,1000,Buy,232959324
2024-08-20 10:05:16,24250.0,30500,Buy,232959325
2024-08-20 10:05:20,24250.0,100,Buy,232959470
2024-08-20 10:05:43,24250.0,500,Buy,232960125
2024-08-20 10:05:58,24250.0,4400,Buy,232960479
2024-08-20 10:06:12,24250.0,1000,Buy,232960836
2024-08-20 10:06:21,24200.0,500,Sell,232961060
2024-08-20 10:06:23,24250.0,1000,Buy,232961105
2024-08-20 10:06:25,24200.0,100,Sell,232961133
2024-08-20 10:06:25,24200.0,4300,Sell,232961132
2024-08-20 10:06:25,24200.0,500,Sell,232961131
2024-08-20 10:06:25,24200.0,100,Sell,232961135
2024-08-20 10:06:25,24200.0,100,Sell,232961129
2024-08-20 10:06:25,24200.0,1000,Sell,232961130
2024-08-20 10:06:25,24200.0,7100,Sell,232961127
2024-08-20 10:06:25,24200.0,500,Sell,232961134
2024-08-20 10:06:25,24200.0,300,Sell,232961128
2024-08-20 10:06:26,24200.0,20000,Sell,232961153
2024-08-20 10:06:26,24200.0,2500,Sell,232961170
2024-08-20 10:06:26,24200.0,500,Sell,232961169
2024-08-20 10:06:26,24200.0,5000,Sell,232961168
2024-08-20 10:06:26,24200.0,1300,Sell,232961167
2024-08-20 10:06:26,24200.0,1000,Sell,232961166
2024-08-20 10:06:26,24200.0,2000,Sell,232961165
2024-08-20 10:06:26,24200.0,3000,Sell,232961164
2024-08-20 10:06:26,24200.0,900,Sell,232961163
2024-08-20 10:06:26,24200.0,1000,Sell,232961162
2024-08-20 10:06:26,24200.0,1500,Sell,232961161
2024-08-20 10:06:26,24200.0,600,Sell,232961159
2024-08-20 10:06:26,24200.0,100,Sell,232961158
2024-08-20 10:06:26,24200.0,500,Sell,232961157
2024-08-20 10:06:26,24200.0,700,Sell,232961156
2024-08-20 10:06:26,24200.0,3000,Sell,232961155
2024-08-20 10:06:26,24200.0,3000,Sell,232961154
2024-08-20 10:06:26,24200.0,1300,Sell,232961171
2024-08-20 10:06:26,24200.0,100,Sell,232961160
2024-08-20 10:06:41,24200.0,100,Sell,232961631
2024-08-20 10:06:45,24200.0,100,Sell,232961702
2024-08-20 10:07:04,24250.0,1000,Buy,232962183
2024-08-20 10:07:18,24250.0,100,Buy,232962517
2024-08-20 10:07:18,24200.0,200,Sell,232962503
2024-08-20 10:07:24,24200.0,100,Sell,232962598
2024-08-20 10:07:45,24200.0,2000,Sell,232963106
2024-08-20 10:07:47,24250.0,100,Buy,232963139
2024-08-20 10:07:48,24250.0,10000,Buy,232963148
2024-08-20 10:07:48,24200.0,1000,Sell,232963163
2024-08-20 10:07:57,24200.0,100,Sell,232963399
2024-08-20 10:07:59,24200.0,1000,Sell,232963428
2024-08-20 10:08:14,24200.0,100,Sell,232963815
2024-08-20 10:08:15,24250.0,41600,Buy,232963845
2024-08-20 10:08:18,24200.0,200,Sell,232963916
2024-08-20 10:08:40,24200.0,3800,Sell,232964369
2024-08-20 10:08:40,24200.0,1200,Sell,232964370
2024-08-20 10:08:55,24200.0,1000,Sell,232964717
2024-08-20 10:09:05,24250.0,4000,Buy,232965053
2024-08-20 10:09:11,24200.0,36000,Sell,232965205
2024-08-20 10:09:11,24200.0,500,Sell,232965204
2024-08-20 10:09:11,24200.0,8500,Sell,232965202
2024-08-20 10:09:11,24200.0,3000,Sell,232965200
2024-08-20 10:09:11,24200.0,5000,Sell,232965203
2024-08-20 10:09:24,24200.0,500,Sell,232965515
2024-08-20 10:09:27,24200.0,200,Sell,232965573
2024-08-20 10:09:31,24200.0,800,Sell,232965643
2024-08-20 10:09:35,24200.0,3500,Sell,232965710
2024-08-20 10:09:35,24200.0,100,Sell,232965714
2024-08-20 10:09:37,24200.0,500,Sell,232965750
2024-08-20 10:09:39,24200.0,100,Sell,232965799
2024-08-20 10:09:42,24200.0,2400,Sell,232965974
2024-08-20 10:09:42,24200.0,10000,Sell,232965975
2024-08-20 10:09:42,24200.0,200,Sell,232965976
2024-08-20 10:09:42,24200.0,500,Sell,232965973
2024-08-20 10:09:42,24200.0,10000,Sell,232965983
2024-08-20 10:09:42,24200.0,1000,Sell,232965980
2024-08-20 10:09:42,24200.0,2000,Sell,232965981
2024-08-20 10:09:42,24200.0,100,Sell,232965982
2024-08-20 10:09:42,24200.0,300,Sell,232965984
2024-08-20 10:09:42,24200.0,2000,Sell,232965979
2024-08-20 10:09:42,24200.0,1500,Sell,232965972
2024-08-20 10:09:42,24200.0,100,Sell,232965978
2024-08-20 10:09:42,24200.0,4000,Sell,232965970
2024-08-20 10:09:42,24200.0,100,Sell,232965971
2024-08-20 10:09:42,24200.0,400,Sell,232965960
2024-08-20 10:09:42,24200.0,500,Sell,232965961
2024-08-20 10:09:42,24200.0,1000,Sell,232965962
2024-08-20 10:09:42,24200.0,5000,Sell,232965963
2024-08-20 10:09:42,24200.0,200,Sell,232965964
2024-08-20 10:09:42,24200.0,200,Sell,232965977
2024-08-20 10:09:42,24200.0,400,Sell,232965966
2024-08-20 10:09:42,24200.0,2000,Sell,232965969
2024-08-20 10:09:42,24200.0,1000,Sell,232965967
2024-08-20 10:09:42,24200.0,5000,Sell,232965968
2024-08-20 10:09:42,24200.0,100,Sell,232965965
2024-08-20 10:09:51,24200.0,100,Sell,232966186
2024-08-20 10:09:51,24200.0,100,Sell,232966184
2024-08-20 10:09:51,24200.0,500,Sell,232966185
2024-08-20 10:09:51,24200.0,100,Sell,232966182
2024-08-20 10:09:51,24200.0,200,Sell,232966181
2024-08-20 10:09:51,24200.0,100,Sell,232966183
2024-08-20 10:09:58,24200.0,300,Sell,232966438
2024-08-20 10:09:58,24200.0,600,Sell,232966439
2024-08-20 10:09:58,24200.0,300,Sell,232966440
2024-08-20 10:09:58,24200.0,800,Sell,232966441
2024-08-20 10:09:59,24200.0,5000,Sell,232966454
2024-08-20 10:09:59,24200.0,14300,Sell,232966455
2024-08-20 10:09:59,24200.0,200,Sell,232966453
2024-08-20 10:09:59,24200.0,100,Sell,232966452
2024-08-20 10:09:59,24200.0,1000,Sell,232966451
2024-08-20 10:09:59,24200.0,200,Sell,232966450
2024-08-20 10:09:59,24200.0,2000,Sell,232966449
2024-08-20 10:09:59,24200.0,1200,Sell,232966448
2024-08-20 10:10:01,24200.0,500,Sell,232966513
2024-08-20 10:10:03,24200.0,1600,Sell,232966575
2024-08-20 10:10:03,24200.0,700,Sell,232966564
2024-08-20 10:10:03,24200.0,5000,Sell,232966565
2024-08-20 10:10:03,24200.0,200,Sell,232966566
2024-08-20 10:10:03,24200.0,1000,Sell,232966568
2024-08-20 10:10:03,24200.0,2000,Sell,232966570
2024-08-20 10:10:03,24200.0,200,Sell,232966562
2024-08-20 10:10:03,24200.0,5000,Sell,232966571
2024-08-20 10:10:03,24200.0,3000,Sell,232966572
2024-08-20 10:10:03,24200.0,400,Sell,232966573
2024-08-20 10:10:03,24200.0,1000,Sell,232966574
2024-08-20 10:10:03,24200.0,1000,Sell,232966569
2024-08-20 10:10:03,24200.0,1000,Sell,232966561
2024-08-20 10:10:03,24200.0,100,Sell,232966567
2024-08-20 10:10:03,24200.0,5000,Sell,232966559
2024-08-20 10:10:03,24200.0,200,Sell,232966560
2024-08-20 10:10:03,24200.0,200,Sell,232966546
2024-08-20 10:10:03,24200.0,1000,Sell,232966547
2024-08-20 10:10:03,24200.0,2000,Sell,232966548
2024-08-20 10:10:03,24200.0,900,Sell,232966549
2024-08-20 10:10:03,24200.0,500,Sell,232966550
2024-08-20 10:10:03,24200.0,100,Sell,232966551
2024-08-20 10:10:03,24200.0,1000,Sell,232966563
2024-08-20 10:10:03,24200.0,2000,Sell,232966553
2024-08-20 10:10:03,24200.0,300,Sell,232966554
2024-08-20 10:10:03,24200.0,2000,Sell,232966555
2024-08-20 10:10:03,24200.0,5000,Sell,232966556
2024-08-20 10:10:03,24200.0,2000,Sell,232966557
2024-08-20 10:10:03,24200.0,100,Sell,232966552
2024-08-20 10:10:03,24200.0,500,Sell,232966558
2024-08-20 10:10:04,24200.0,500,Sell,232966669
2024-08-20 10:10:07,24200.0,1300,Sell,232966756
2024-08-20 10:10:07,24200.0,200,Sell,232966757
2024-08-20 10:10:07,24200.0,200,Sell,232966758
2024-08-20 10:10:07,24200.0,1300,Sell,232966759
2024-08-20 10:10:10,24200.0,200,Sell,232966832
2024-08-20 10:10:10,24200.0,6000,Sell,232966833
2024-08-20 10:10:10,24200.0,5000,Sell,232966834
2024-08-20 10:10:10,24200.0,15000,Sell,232966835
2024-08-20 10:10:10,24200.0,1000,Sell,232966840
2024-08-20 10:10:10,24200.0,100,Sell,232966837
2024-08-20 10:10:10,24200.0,3600,Sell,232966838
2024-08-20 10:10:10,24200.0,500,Sell,232966839
2024-08-20 10:10:10,24200.0,600,Sell,232966831
2024-08-20 10:10:10,24200.0,500,Sell,232966844
2024-08-20 10:10:10,24200.0,5000,Sell,232966836
2024-08-20 10:10:10,24200.0,400,Sell,232966830
2024-08-20 10:10:10,24200.0,500,Sell,232966825
2024-08-20 10:10:10,24200.0,100,Sell,232966828
2024-08-20 10:10:10,24200.0,700,Sell,232966816
2024-08-20 10:10:10,24200.0,1000,Sell,232966817
2024-08-20 10:10:10,24200.0,100,Sell,232966829
2024-08-20 10:10:10,24200.0,1000,Sell,232966819
2024-08-20 10:10:10,24200.0,7600,Sell,232966820
2024-08-20 10:10:10,24200.0,500,Sell,232966818
2024-08-20 10:10:10,24200.0,900,Sell,232966823
2024-08-20 10:10:10,24200.0,500,Sell,232966824
2024-08-20 10:10:10,24200.0,500,Sell,232966826
2024-08-20 10:10:10,24200.0,1000,Sell,232966827
2024-08-20 10:10:10,24200.0,30000,Sell,232966822
2024-08-20 10:10:10,24200.0,10000,Sell,232966821
2024-08-20 10:10:11,24200.0,10000,Buy,232966861
2024-08-20 10:10:39,24200.0,5000,Buy,232967501
2024-08-20 10:10:52,24200.0,200,Buy,232967943
2024-08-20 10:10:52,24200.0,3400,Buy,232967944
2024-08-20 10:10:52,24200.0,300,Buy,232967942
2024-08-20 10:10:52,24200.0,2800,Buy,232967940
2024-08-20 10:10:52,24200.0,92700,Buy,232967938
2024-08-20 10:10:52,24200.0,100,Buy,232967941
2024-08-20 10:10:52,24200.0,500,Buy,232967939
2024-08-20 10:10:56,24200.0,100,Buy,232968065
2024-08-20 10:10:58,24200.0,10000,Buy,232968105
2024-08-20 10:11:01,24200.0,1000,Buy,232968155
2024-08-20 10:11:19,24200.0,2000,Buy,232968637
2024-08-20 10:11:36,24200.0,100,Buy,232969259
2024-08-20 10:11:36,24200.0,1300,Buy,232969258
2024-08-20 10:11:36,24200.0,1400,Buy,232969257
2024-08-20 10:11:36,24200.0,9500,Buy,232969261
2024-08-20 10:11:36,24200.0,200,Buy,232969255
2024-08-20 10:11:36,24200.0,2500,Buy,232969254
2024-08-20 10:11:36,24200.0,33500,Buy,232969253
2024-08-20 10:11:36,24200.0,500,Buy,232969256
2024-08-20 10:11:36,24200.0,1000,Buy,232969260
2024-08-20 10:11:39,24200.0,2000,Buy,232969349
2024-08-20 10:11:42,24200.0,500,Buy,232969421
2024-08-20 10:11:42,24200.0,200,Buy,232969455
2024-08-20 10:11:44,24200.0,600,Buy,232969504
2024-08-20 10:11:53,24150.0,100,Sell,232969784
2024-08-20 10:12:07,24200.0,3000,Buy,232970196
2024-08-20 10:12:08,24200.0,500,Buy,232970243
2024-08-20 10:12:08,24200.0,1700,Buy,232970245
2024-08-20 10:12:08,24200.0,500,Buy,232970244
2024-08-20 10:12:08,24200.0,500,Buy,232970242
2024-08-20 10:12:08,24200.0,700,Buy,232970240
2024-08-20 10:12:08,24200.0,1000,Buy,232970239
2024-08-20 10:12:08,24200.0,4600,Buy,232970238
2024-08-20 10:12:08,24200.0,500,Buy,232970241
2024-08-20 10:12:11,24150.0,1600,Sell,232970306
2024-08-20 10:12:11,24150.0,8400,Sell,232970307
2024-08-20 10:12:21,24150.0,200,Sell,232970681
2024-08-20 10:12:25,24150.0,6400,Sell,232970841
2024-08-20 10:12:25,24150.0,1000,Sell,232970842
2024-08-20 10:12:25,24150.0,42600,Sell,232970843
2024-08-20 10:12:29,24200.0,97400,Buy,232970987
2024-08-20 10:12:29,24200.0,300,Buy,232970985
2024-08-20 10:12:29,24200.0,1200,Buy,232970986
2024-08-20 10:12:30,24150.0,200,Sell,232970997
2024-08-20 10:12:58,24150.0,600,Sell,232971799
2024-08-20 10:13:04,24150.0,1000,Sell,232971931
2024-08-20 10:13:05,24150.0,2100,Sell,232971996
2024-08-20 10:13:05,24200.0,1000,Buy,232971997
2024-08-20 10:13:08,24150.0,900,Sell,232972074
2024-08-20 10:13:26,24200.0,500,Buy,232972636
2024-08-20 10:13:53,24200.0,1000,Buy,232973161
2024-08-20 10:13:56,24150.0,100,Sell,232973232
2024-08-20 10:14:01,24150.0,400,Sell,232973313
2024-08-20 10:14:13,24150.0,2000,Sell,232973538
2024-08-20 10:14:15,24200.0,100,Buy,232973572
2024-08-20 10:14:15,24200.0,100,Buy,232973573
2024-08-20 10:14:15,24200.0,100,Buy,232973571
2024-08-20 10:14:22,24150.0,100,Sell,232973712
2024-08-20 10:14:22,24150.0,900,Sell,232973713
2024-08-20 10:14:32,24150.0,5000,Sell,232973968
2024-08-20 10:14:32,24150.0,2000,Sell,232973970
2024-08-20 10:14:32,24150.0,100,Sell,232973971
2024-08-20 10:14:32,24150.0,100,Sell,232973972
2024-08-20 10:14:32,24150.0,100,Sell,232973973
2024-08-20 10:14:32,24150.0,300,Sell,232973974
2024-08-20 10:14:32,24150.0,3000,Sell,232973976
2024-08-20 10:14:32,24150.0,10000,Sell,232973967
2024-08-20 10:14:32,24150.0,200,Sell,232973977
2024-08-20 10:14:32,24150.0,3000,Sell,232973978
2024-08-20 10:14:32,24150.0,15000,Sell,232973979
2024-08-20 10:14:32,24150.0,300,Sell,232973980
2024-08-20 10:14:32,24150.0,16300,Sell,232973981
2024-08-20 10:14:32,24150.0,200,Sell,232973975
2024-08-20 10:14:32,24150.0,1000,Sell,232973966
2024-08-20 10:14:32,24150.0,2000,Sell,232973969
2024-08-20 10:14:32,24150.0,500,Sell,232973964
2024-08-20 10:14:32,24150.0,1100,Sell,232973947
2024-08-20 10:14:32,24150.0,500,Sell,232973965
2024-08-20 10:14:32,24150.0,2000,Sell,232973949
2024-08-20 10:14:32,24150.0,100,Sell,232973950
2024-08-20 10:14:32,24150.0,100,Sell,232973951
2024-08-20 10:14:32,24150.0,200,Sell,232973952
2024-08-20 10:14:32,24150.0,100,Sell,232973953
2024-08-20 10:14:32,24150.0,1000,Sell,232973948
2024-08-20 10:14:32,24150.0,400,Sell,232973955
2024-08-20 10:14:32,24150.0,100,Sell,232973956
2024-08-20 10:14:32,24150.0,200,Sell,232973957
2024-08-20 10:14:32,24150.0,8000,Sell,232973958
2024-08-20 10:14:32,24150.0,5000,Sell,232973959
2024-08-20 10:14:32,24150.0,100,Sell,232973963
2024-08-20 10:14:32,24150.0,22000,Sell,232973954
2024-08-20 10:14:33,24150.0,100,Sell,232974022
2024-08-20 10:14:44,24150.0,100,Sell,232974498
2024-08-20 10:14:44,24150.0,200,Sell,232974499
2024-08-20 10:14:44,24150.0,300,Sell,232974500
2024-08-20 10:14:44,24150.0,1000,Sell,232974501
2024-08-20 10:14:44,24150.0,5000,Sell,232974504
2024-08-20 10:14:44,24150.0,50000,Sell,232974502
2024-08-20 10:14:44,24150.0,5000,Sell,232974503
2024-08-20 10:14:44,24150.0,18100,Sell,232974505
2024-08-20 10:14:44,24150.0,1000,Sell,232974497
2024-08-20 10:14:44,24150.0,400,Sell,232974496
2024-08-20 10:14:44,24150.0,500,Sell,232974488
2024-08-20 10:14:44,24150.0,200,Sell,232974494
2024-08-20 10:14:44,24150.0,1700,Sell,232974484
2024-08-20 10:14:44,24150.0,10000,Sell,232974485
2024-08-20 10:14:44,24150.0,2100,Sell,232974486
2024-08-20 10:14:44,24150.0,300,Sell,232974487
2024-08-20 10:14:44,24150.0,1500,Sell,232974495
2024-08-20 10:14:44,24150.0,1000,Sell,232974490
2024-08-20 10:14:44,24150.0,200,Sell,232974491
2024-08-20 10:14:44,24150.0,1000,Sell,232974492
2024-08-20 10:14:44,24150.0,200,Sell,232974493
2024-08-20 10:14:44,24150.0,200,Sell,232974489
2024-08-20 10:14:56,24200.0,700,Buy,232974713
2024-08-20 10:14:56,24200.0,400,Buy,232974714
2024-08-20 10:15:02,24150.0,44800,Sell,232974854
2024-08-20 10:15:06,24150.0,1100,Sell,232974931
2024-08-20 10:15:10,24150.0,2000,Sell,232975220
2024-08-20 10:15:15,24150.0,5000,Sell,232975401
2024-08-20 10:15:21,24150.0,700,Sell,232975516
2024-08-20 10:15:32,24150.0,1000,Sell,232975778
2024-08-20 10:15:34,24150.0,5000,Sell,232975845
2024-08-20 10:15:35,24150.0,1300,Sell,232975860
2024-08-20 10:15:44,24150.0,100,Sell,232976007
2024-08-20 10:15:44,24150.0,2500,Sell,232976001
2024-08-20 10:15:59,24150.0,100,Sell,232976457
2024-08-20 10:16:00,24150.0,1000,Sell,232976463
2024-08-20 10:16:03,24150.0,500,Sell,232976522
2024-08-20 10:16:10,24150.0,500,Sell,232976760
2024-08-20 10:16:18,24150.0,600,Sell,232976936
2024-08-20 10:16:26,24150.0,2700,Sell,232977091
2024-08-20 10:16:26,24150.0,10000,Sell,232977090
2024-08-20 10:16:26,24150.0,200,Sell,232977089
2024-08-20 10:16:26,24150.0,200,Sell,232977088
2024-08-20 10:16:26,24150.0,200,Sell,232977087
2024-08-20 10:16:26,24150.0,100,Sell,232977086
2024-08-20 10:16:26,24150.0,200,Sell,232977085
2024-08-20 10:16:26,24150.0,1000,Sell,232977094
2024-08-20 10:16:26,24150.0,500,Sell,232977082
2024-08-20 10:16:26,24150.0,200,Sell,232977081
2024-08-20 10:16:26,24150.0,100,Sell,232977080
2024-08-20 10:16:26,24150.0,300,Sell,232977079
2024-08-20 10:16:26,24150.0,15700,Sell,232977078
2024-08-20 10:16:26,24150.0,500,Sell,232977084
2024-08-20 10:16:26,24150.0,1000,Sell,232977083
2024-08-20 10:16:48,24150.0,200,Buy,232977640
2024-08-20 10:17:03,24150.0,500,Buy,232977972
2024-08-20 10:17:08,24150.0,500,Buy,232978150
2024-08-20 10:17:15,24150.0,300,Buy,232978252
2024-08-20 10:17:19,24150.0,500,Buy,232978342
2024-08-20 10:17:30,24150.0,400,Buy,232978559
2024-08-20 10:17:30,24100.0,500,Sell,232978575
2024-08-20 10:17:30,24100.0,500,Sell,232978576
2024-08-20 10:17:38,24150.0,100,Buy,232978738
2024-08-20 10:17:38,24150.0,10000,Buy,232978749
2024-08-20 10:17:52,24100.0,500,Sell,232979105
2024-08-20 10:17:52,24100.0,700,Sell,232979104
2024-08-20 10:17:52,24100.0,500,Sell,232979102
2024-08-20 10:17:52,24100.0,600,Sell,232979103
2024-08-20 10:17:57,24150.0,1000,Buy,232979200
2024-08-20 10:18:11,24150.0,500,Buy,232979532
2024-08-20 10:18:30,24150.0,4400,Buy,232979947
2024-08-20 10:18:41,24150.0,700,Buy,232980192
2024-08-20 10:18:43,24150.0,600,Buy,232980243
2024-08-20 10:18:50,24150.0,500,Buy,232980423
2024-08-20 10:18:59,24100.0,700,Sell,232980630
2024-08-20 10:18:59,24100.0,200,Sell,232980628
2024-08-20 10:18:59,24100.0,1000,Sell,232980629
2024-08-20 10:19:03,24150.0,500,Buy,232980730
2024-08-20 10:19:11,24100.0,500,Sell,232980877
2024-08-20 10:19:37,24100.0,400,Sell,232981453
2024-08-20 10:19:39,24100.0,2000,Sell,232981475
2024-08-20 10:19:42,24100.0,1400,Sell,232981556
2024-08-20 10:19:42,24100.0,600,Sell,232981557
2024-08-20 10:19:58,24100.0,700,Sell,232981840
2024-08-20 10:19:58,24100.0,1300,Sell,232981839
2024-08-20 10:19:58,24100.0,1200,Sell,232981837
2024-08-20 10:19:58,24100.0,500,Sell,232981836
2024-08-20 10:19:58,24100.0,1300,Sell,232981838
2024-08-20 10:20:07,24150.0,200,Buy,232982056
2024-08-20 10:20:14,24100.0,800,Sell,232982190
2024-08-20 10:20:14,24100.0,300,Sell,232982191
2024-08-20 10:20:27,24150.0,500,Buy,232982603
2024-08-20 10:20:30,24150.0,200,Buy,232982806
2024-08-20 10:20:51,24150.0,500,Buy,232983302
2024-08-20 10:20:57,24100.0,500,Sell,232983392
2024-08-20 10:20:58,24150.0,1500,Buy,232983439
2024-08-20 10:20:58,24100.0,200,Sell,232983430
2024-08-20 10:20:58,24100.0,500,Sell,232983411
2024-08-20 10:21:05,24100.0,1000,Sell,232983622
2024-08-20 10:21:21,24100.0,2200,Sell,232983911
2024-08-20 10:21:21,24100.0,900,Sell,232983915
2024-08-20 10:21:21,24100.0,200,Sell,232983914
2024-08-20 10:21:21,24100.0,800,Sell,232983910
2024-08-20 10:21:21,24100.0,800,Sell,232983912
2024-08-20 10:21:21,24100.0,100,Sell,232983913
2024-08-20 10:21:22,24100.0,500,Sell,232983935
2024-08-20 10:21:42,24100.0,200,Sell,232984391
2024-08-20 10:21:59,24100.0,400,Sell,232984647
2024-08-20 10:22:03,24100.0,3000,Sell,232984761
2024-08-20 10:22:03,24100.0,5000,Sell,232984760
2024-08-20 10:22:03,24100.0,2000,Sell,232984759
2024-08-20 10:22:03,24100.0,100,Sell,232984758
2024-08-20 10:22:03,24100.0,100,Sell,232984757
2024-08-20 10:22:03,24100.0,500,Sell,232984755
2024-08-20 10:22:03,24100.0,500,Sell,232984754
2024-08-20 10:22:03,24100.0,100,Sell,232984752
2024-08-20 10:22:03,24100.0,200,Sell,232984751
2024-08-20 10:22:03,24100.0,1900,Sell,232984750
2024-08-20 10:22:03,24100.0,100,Sell,232984756
2024-08-20 10:22:03,24100.0,300,Sell,232984753
2024-08-20 10:22:09,24100.0,1000,Sell,232984932
2024-08-20 10:22:16,24150.0,800,Buy,232985086
2024-08-20 10:22:17,24100.0,100,Sell,232985104
2024-08-20 10:22:42,24100.0,100,Sell,232985558
2024-08-20 10:22:58,24100.0,100,Sell,232985907
2024-08-20 10:23:00,24100.0,200,Sell,232985944
2024-08-20 10:23:00,24100.0,5700,Sell,232985943
2024-08-20 10:23:12,24100.0,800,Sell,232986277
2024-08-20 10:23:13,24100.0,200,Sell,232986280
2024-08-20 10:23:15,24150.0,1000,Buy,232986326
2024-08-20 10:23:16,24100.0,800,Sell,232986347
2024-08-20 10:23:16,24100.0,200,Sell,232986348
2024-08-20 10:23:16,24100.0,300,Sell,232986356
2024-08-20 10:23:16,24100.0,100,Sell,232986357
2024-08-20 10:23:16,24100.0,100,Sell,232986358
2024-08-20 10:23:29,24100.0,200,Sell,232986572
2024-08-20 10:23:29,24100.0,1000,Sell,232986571
2024-08-20 10:23:29,24100.0,100,Sell,232986570
2024-08-20 10:23:29,24100.0,1000,Sell,232986569
2024-08-20 10:23:29,24100.0,500,Sell,232986564
2024-08-20 10:23:29,24100.0,100,Sell,232986567
2024-08-20 10:23:29,24100.0,1700,Sell,232986566
2024-08-20 10:23:29,24100.0,100,Sell,232986565
2024-08-20 10:23:29,24100.0,2800,Sell,232986573
2024-08-20 10:23:29,24100.0,100,Sell,232986568
2024-08-20 10:23:29,24100.0,400,Sell,232986563
2024-08-20 10:23:40,24150.0,200,Buy,232986697
2024-08-20 10:23:45,24100.0,1000,Sell,232986821
2024-08-20 10:24:01,24100.0,2100,Sell,232987074
2024-08-20 10:24:06,24100.0,500,Sell,232987148
2024-08-20 10:24:22,24150.0,1000,Buy,232987462
2024-08-20 10:24:24,24100.0,1200,Sell,232987486
2024-08-20 10:24:24,24150.0,1000,Buy,232987488
2024-08-20 10:24:34,24100.0,2400,Sell,232987666
2024-08-20 10:24:34,24100.0,2200,Sell,232987667
2024-08-20 10:24:40,24150.0,1000,Buy,232987806
2024-08-20 10:25:36,24150.0,1000,Buy,232988879
2024-08-20 10:25:38,24150.0,1300,Buy,232988990
2024-08-20 10:25:48,24100.0,2500,Sell,232989118
2024-08-20 10:25:48,24100.0,200,Sell,232989117
2024-08-20 10:25:48,24100.0,100,Sell,232989116
2024-08-20 10:25:48,24100.0,2000,Sell,232989119
2024-08-20 10:25:48,24100.0,2000,Sell,232989114
2024-08-20 10:25:48,24100.0,300,Sell,232989113
2024-08-20 10:25:48,24100.0,2800,Sell,232989112
2024-08-20 10:25:48,24100.0,100,Sell,232989115
2024-08-20 10:25:49,24150.0,1200,Buy,232989134
2024-08-20 10:25:51,24150.0,900,Buy,232989163
2024-08-20 10:26:06,24100.0,500,Sell,232989450
2024-08-20 10:26:17,24100.0,500,Sell,232989678
2024-08-20 10:26:19,24100.0,2000,Sell,232989698
2024-08-20 10:26:21,24150.0,1500,Buy,232989779
2024-08-20 10:26:21,24150.0,1100,Buy,232989778
2024-08-20 10:26:21,24150.0,100,Buy,232989777
2024-08-20 10:26:21,24150.0,500,Buy,232989776
2024-08-20 10:26:21,24150.0,4000,Buy,232989770
2024-08-20 10:26:21,24150.0,500,Buy,232989774
2024-08-20 10:26:21,24150.0,2000,Buy,232989773
2024-08-20 10:26:21,24150.0,15000,Buy,232989772
2024-08-20 10:26:21,24150.0,300,Buy,232989780
2024-08-20 10:26:21,24150.0,200,Buy,232989775
2024-08-20 10:26:21,24150.0,1000,Buy,232989781
2024-08-20 10:26:21,24150.0,1000,Buy,232989769
2024-08-20 10:26:21,24150.0,500,Buy,232989783
2024-08-20 10:26:21,24150.0,1000,Buy,232989784
2024-08-20 10:26:21,24150.0,100,Buy,232989785
2024-08-20 10:26:21,24150.0,100,Buy,232989786
2024-08-20 10:26:21,24150.0,100,Buy,232989787
2024-08-20 10:26:21,24150.0,6600,Buy,232989788
2024-08-20 10:26:21,24150.0,10000,Buy,232989789
2024-08-20 10:26:21,24150.0,100,Buy,232989790
2024-08-20 10:26:21,24150.0,1000,Buy,232989791
2024-08-20 10:26:21,24150.0,3600,Buy,232989792
2024-08-20 10:26:21,24150.0,200,Buy,232989782
2024-08-20 10:26:21,24150.0,100,Buy,232989768
2024-08-20 10:26:21,24150.0,1000,Buy,232989761
2024-08-20 10:26:21,24150.0,100,Buy,232989766
2024-08-20 10:26:21,24150.0,1000,Buy,232989744
2024-08-20 10:26:21,24150.0,200,Buy,232989745
2024-08-20 10:26:21,24150.0,100,Buy,232989747
2024-08-20 10:26:21,24150.0,1000,Buy,232989748
2024-08-20 10:26:21,24150.0,3000,Buy,232989749
2024-08-20 10:26:21,24150.0,100,Buy,232989750
2024-08-20 10:26:21,24150.0,10000,Buy,232989751
2024-08-20 10:26:21,24150.0,1500,Buy,232989752
2024-08-20 10:26:21,24150.0,500,Buy,232989753
2024-08-20 10:26:21,24150.0,2500,Buy,232989754
2024-08-20 10:26:21,24150.0,200,Buy,232989746
2024-08-20 10:26:21,24150.0,500,Buy,232989756
2024-08-20 10:26:21,24150.0,20000,Buy,232989755
2024-08-20 10:26:21,24150.0,1900,Buy,232989765
2024-08-20 10:26:21,24150.0,600,Buy,232989764
2024-08-20 10:26:21,24150.0,1000,Buy,232989763
2024-08-20 10:26:21,24150.0,1000,Buy,232989762
2024-08-20 10:26:21,24150.0,500,Buy,232989767
2024-08-20 10:26:21,24150.0,3000,Buy,232989760
2024-08-20 10:26:21,24150.0,34100,Buy,232989743
2024-08-20 10:26:21,24150.0,15000,Buy,232989759
2024-08-20 10:26:21,24150.0,500,Buy,232989758
2024-08-20 10:26:21,24150.0,100,Buy,232989757
2024-08-20 10:26:28,24150.0,1400,Buy,232989877
2024-08-20 10:26:28,24150.0,100,Buy,232989879
2024-08-20 10:26:29,24150.0,4000,Sell,232989911
2024-08-20 10:26:48,24150.0,2100,Sell,232990180
2024-08-20 10:26:59,24150.0,1000,Sell,232990412
2024-08-20 10:27:07,24150.0,2500,Sell,232990517
2024-08-20 10:27:09,24150.0,100,Sell,232990544
2024-08-20 10:27:13,24150.0,100,Sell,232990587
2024-08-20 10:27:25,24150.0,4700,Sell,232990857
2024-08-20 10:27:25,24150.0,8400,Sell,232990858
2024-08-20 10:27:30,24150.0,1600,Sell,232990932
2024-08-20 10:27:30,24150.0,1000,Sell,232990933
2024-08-20 10:27:30,24150.0,200,Sell,232990934
2024-08-20 10:27:30,24150.0,1900,Sell,232990935
2024-08-20 10:27:30,24150.0,5300,Sell,232990936
2024-08-20 10:27:42,24150.0,2000,Sell,232991143
2024-08-20 10:28:28,24150.0,1000,Sell,232992015
2024-08-20 10:28:28,24150.0,200,Sell,232992006
2024-08-20 10:28:49,24150.0,500,Sell,232992376
2024-08-20 10:28:53,24150.0,100,Sell,232992450
2024-08-20 10:29:06,24150.0,5000,Sell,232992903
2024-08-20 10:29:07,24150.0,1200,Sell,232992917
2024-08-20 10:29:14,24150.0,1000,Sell,232993086
2024-08-20 10:29:16,24150.0,100,Sell,232993120
2024-08-20 10:29:29,24150.0,500,Sell,232993459
2024-08-20 10:29:38,24200.0,1600,Buy,232993695
2024-08-20 10:29:38,24200.0,2000,Buy,232993696
2024-08-20 10:29:38,24200.0,400,Buy,232993697
2024-08-20 10:29:45,24200.0,200,Buy,232994037
2024-08-20 10:29:45,24200.0,100,Buy,232994036
2024-08-20 10:29:45,24200.0,500,Buy,232994035
2024-08-20 10:29:45,24200.0,100,Buy,232994034
2024-08-20 10:29:45,24200.0,1900,Buy,232994033
2024-08-20 10:29:45,24200.0,2000,Buy,232994032
2024-08-20 10:29:45,24200.0,100,Buy,232994028
2024-08-20 10:29:45,24200.0,300,Buy,232994030
2024-08-20 10:29:45,24200.0,1800,Buy,232994029
2024-08-20 10:29:45,24200.0,1000,Buy,232994038
2024-08-20 10:29:45,24200.0,1000,Buy,232994027
2024-08-20 10:29:45,24200.0,30000,Buy,232994026
2024-08-20 10:29:45,24200.0,800,Buy,232994025
2024-08-20 10:29:45,24200.0,100,Buy,232994031
2024-08-20 10:29:45,24200.0,1000,Buy,232994039
2024-08-20 10:29:45,24200.0,500,Buy,232994043
2024-08-20 10:29:45,24200.0,100,Buy,232994041
2024-08-20 10:29:45,24200.0,1000,Buy,232994042
2024-08-20 10:29:45,24200.0,1000,Buy,232994044
2024-08-20 10:29:45,24200.0,500,Buy,232994045
2024-08-20 10:29:45,24200.0,1100,Buy,232994046
2024-08-20 10:29:45,24200.0,1000,Buy,232994047
2024-08-20 10:29:45,24200.0,400,Buy,232994048
2024-08-20 10:29:45,24200.0,300,Buy,232994049
2024-08-20 10:29:45,24200.0,200,Buy,232994050
2024-08-20 10:29:45,24200.0,100,Buy,232994051
2024-08-20 10:29:45,24200.0,1000,Buy,232994052
2024-08-20 10:29:45,24200.0,500,Buy,232994053
2024-08-20 10:29:45,24200.0,200,Sell,232994145
2024-08-20 10:29:45,24200.0,1000,Buy,232994024
2024-08-20 10:29:45,24200.0,100,Buy,232994040
2024-08-20 10:29:45,24200.0,2000,Buy,232994023
2024-08-20 10:29:45,24200.0,10000,Buy,232994018
2024-08-20 10:29:45,24200.0,100,Buy,232994021
2024-08-20 10:29:45,24200.0,20000,Buy,232993990
2024-08-20 10:29:45,24200.0,2000,Buy,232993991
2024-08-20 10:29:45,24200.0,3000,Buy,232993992
2024-08-20 10:29:45,24200.0,100,Buy,232993993
2024-08-20 10:29:45,24200.0,1000,Buy,232993994
2024-08-20 10:29:45,24200.0,100,Buy,232993995
2024-08-20 10:29:45,24200.0,5000,Buy,232993996
2024-08-20 10:29:45,24200.0,1000,Buy,232993997
2024-08-20 10:29:45,24200.0,5000,Buy,232993998
2024-08-20 10:29:45,24200.0,100,Buy,232993999
2024-08-20 10:29:45,24200.0,1000,Buy,232994000
2024-08-20 10:29:45,24200.0,100,Buy,232994001
2024-08-20 10:29:45,24200.0,200,Buy,232994002
2024-08-20 10:29:45,24200.0,2000,Buy,232994003
2024-08-20 10:29:45,24200.0,30000,Buy,232994004
2024-08-20 10:29:45,24200.0,200,Buy,232994022
2024-08-20 10:29:45,24200.0,100,Buy,232994006
2024-08-20 10:29:45,24200.0,100,Buy,232994020
2024-08-20 10:29:45,24200.0,100,Buy,232994019
2024-08-20 10:29:45,24200.0,600,Buy,232993989
2024-08-20 10:29:45,24200.0,200,Buy,232994017
2024-08-20 10:29:45,24200.0,100,Buy,232994016
2024-08-20 10:29:45,24200.0,6000,Buy,232994015
2024-08-20 10:29:45,24200.0,500,Buy,232994014
2024-08-20 10:29:45,24200.0,100,Buy,232994005
2024-08-20 10:29:45,24200.0,100,Buy,232994012
2024-08-20 10:29:45,24200.0,500,Buy,232994011
2024-08-20 10:29:45,24200.0,1800,Buy,232994010
2024-08-20 10:29:45,24200.0,100,Buy,232994009
2024-08-20 10:29:45,24200.0,400,Buy,232994008
2024-08-20 10:29:45,24200.0,2000,Buy,232994007
2024-08-20 10:29:45,24200.0,4500,Buy,232994013
2024-08-20 10:29:54,24200.0,500,Buy,232994374
2024-08-20 10:29:54,24200.0,500,Buy,232994375
2024-08-20 10:29:56,24150.0,100,Sell,232994436
2024-08-20 10:30:04,24200.0,10000,Buy,232994643
2024-08-20 10:30:04,24200.0,200,Buy,232994641
2024-08-20 10:30:04,24200.0,1500,Buy,232994640
2024-08-20 10:30:04,24200.0,500,Buy,232994642
2024-08-20 10:30:06,24200.0,5000,Sell,232994704
2024-08-20 10:30:12,24200.0,300,Sell,232994890
2024-08-20 10:30:14,24200.0,1000,Sell,232994912
2024-08-20 10:30:30,24200.0,1000,Sell,232995313
2024-08-20 10:30:33,24200.0,200,Sell,232995361
2024-08-20 10:30:39,24200.0,1000,Sell,232995509
2024-08-20 10:30:42,24200.0,4000,Sell,232995633
2024-08-20 10:31:04,24200.0,50000,Sell,232996081
2024-08-20 10:31:08,24200.0,500,Sell,232996122
2024-08-20 10:31:17,24200.0,4500,Sell,232996288
2024-08-20 10:31:32,24200.0,100,Sell,232996559
2024-08-20 10:31:38,24200.0,3000,Sell,232996671
2024-08-20 10:31:59,24200.0,4000,Sell,232996936
2024-08-20 10:32:09,24200.0,100,Sell,232997124
2024-08-20 10:32:10,24200.0,400,Sell,232997212
2024-08-20 10:32:13,24200.0,2000,Sell,232997248
2024-08-20 10:32:21,24200.0,100,Sell,232997401
2024-08-20 10:32:31,24200.0,200,Sell,232997548
2024-08-20 10:32:32,24200.0,1700,Sell,232997586
2024-08-20 10:32:42,24200.0,300,Sell,232997835
2024-08-20 10:32:42,24200.0,5100,Sell,232997836
2024-08-20 10:32:42,24200.0,500,Sell,232997837
2024-08-20 10:32:42,24200.0,3000,Sell,232997838
2024-08-20 10:32:42,24200.0,5000,Sell,232997839
2024-08-20 10:32:42,24200.0,2000,Sell,232997840
2024-08-20 10:32:42,24200.0,5000,Sell,232997841
2024-08-20 10:32:42,24200.0,8700,Sell,232997834
2024-08-20 10:32:44,24200.0,100,Buy,232997877
2024-08-20 10:33:02,24150.0,2600,Sell,232998244
2024-08-20 10:33:40,24150.0,200,Sell,232998935
2024-08-20 10:34:13,24150.0,4000,Sell,232999436
2024-08-20 10:34:37,24150.0,1500,Sell,232999733
2024-08-20 10:34:56,24150.0,4000,Sell,233000022
2024-08-20 10:35:07,24150.0,100,Sell,233000200
2024-08-20 10:35:40,24200.0,2600,Buy,233000785
2024-08-20 10:35:53,24150.0,2000,Sell,233000996
2024-08-20 10:35:58,24200.0,100,Buy,233001123
2024-08-20 10:35:59,24150.0,200,Sell,233001128
2024-08-20 10:35:59,24150.0,5000,Sell,233001129
2024-08-20 10:35:59,24150.0,1300,Sell,233001130
2024-08-20 10:35:59,24150.0,2500,Sell,233001127
2024-08-20 10:36:17,24200.0,100,Buy,233001547
2024-08-20 10:36:33,24150.0,500,Sell,233001779
2024-08-20 10:36:51,24150.0,4400,Sell,233002054
2024-08-20 10:36:51,24150.0,1600,Sell,233002053
2024-08-20 10:36:51,24150.0,100,Sell,233002056
2024-08-20 10:36:51,24150.0,10000,Sell,233002057
2024-08-20 10:36:51,24150.0,9000,Sell,233002060
2024-08-20 10:36:51,24150.0,1000,Sell,233002059
2024-08-20 10:36:51,24150.0,1000,Sell,233002061
2024-08-20 10:36:51,24150.0,2600,Sell,233002062
2024-08-20 10:36:51,24150.0,7400,Sell,233002063
2024-08-20 10:36:51,24150.0,500,Sell,233002058
2024-08-20 10:36:51,24150.0,1000,Sell,233002052
2024-08-20 10:36:51,24150.0,500,Sell,233002055
2024-08-20 10:36:51,24150.0,500,Sell,233002050
2024-08-20 10:36:51,24150.0,1000,Sell,233002051
2024-08-20 10:36:51,24150.0,39200,Sell,233002039
2024-08-20 10:36:51,24150.0,1000,Sell,233002040
2024-08-20 10:36:51,24150.0,5000,Sell,233002041
2024-08-20 10:36:51,24150.0,1000,Sell,233002042
2024-08-20 10:36:51,24150.0,1000,Sell,233002043
2024-08-20 10:36:51,24150.0,1600,Sell,233002047
2024-08-20 10:36:51,24150.0,1000,Sell,233002045
2024-08-20 10:36:51,24150.0,100,Sell,233002048
2024-08-20 10:36:51,24150.0,1000,Sell,233002049
2024-08-20 10:36:51,24150.0,3500,Sell,233002046
2024-08-20 10:36:51,24150.0,5000,Sell,233002044
2024-08-20 10:37:32,24150.0,2000,Sell,233002734
2024-08-20 10:37:38,24150.0,300,Sell,233002795
2024-08-20 10:37:40,24150.0,300,Sell,233002815
2024-08-20 10:37:40,24150.0,2000,Sell,233002816
2024-08-20 10:37:40,24150.0,500,Sell,233002817
2024-08-20 10:38:01,24150.0,100,Sell,233003190
2024-08-20 10:38:14,24150.0,100,Sell,233003345
2024-08-20 10:38:17,24150.0,500,Sell,233003369
2024-08-20 10:38:30,24150.0,800,Sell,233003592
2024-08-20 10:38:30,24150.0,1700,Sell,233003593
2024-08-20 10:38:30,24150.0,1000,Sell,233003594
2024-08-20 10:38:30,24150.0,46500,Sell,233003595
2024-08-20 10:38:47,24150.0,400,Sell,233003813
2024-08-20 10:38:50,24150.0,100,Sell,233003844
2024-08-20 10:38:52,24150.0,200,Sell,233003869
2024-08-20 10:38:52,24150.0,1300,Sell,233003870
2024-08-20 10:38:52,24150.0,300,Sell,233003871
2024-08-20 10:38:52,24150.0,100,Sell,233003872
2024-08-20 10:38:52,24150.0,200,Sell,233003873
2024-08-20 10:38:52,24150.0,3000,Sell,233003874
2024-08-20 10:38:52,24150.0,15000,Sell,233003875
2024-08-20 10:38:52,24150.0,100,Sell,233003876
2024-08-20 10:38:52,24150.0,500,Sell,233003877
2024-08-20 10:38:52,24150.0,1000,Sell,233003878
2024-08-20 10:38:52,24150.0,100,Sell,233003879
2024-08-20 10:38:52,24150.0,400,Sell,233003880
2024-08-20 10:38:52,24150.0,3000,Sell,233003881
2024-08-20 10:38:52,24150.0,300,Sell,233003882
2024-08-20 10:38:52,24150.0,3000,Sell,233003868
2024-08-20 10:38:53,24150.0,1000,Sell,233003883
2024-08-20 10:39:06,24150.0,2100,Buy,233004308
2024-08-20 10:39:29,24150.0,200,Buy,233004601
2024-08-20 10:40:14,24100.0,700,Sell,233005150
2024-08-20 10:40:39,24100.0,1000,Sell,233005444
2024-08-20 10:40:41,24100.0,200,Sell,233005478
2024-08-20 10:40:58,24100.0,500,Sell,233005749
2024-08-20 10:41:25,24150.0,25000,Buy,233006004
2024-08-20 10:41:28,24100.0,100,Sell,233006034
2024-08-20 10:41:31,24150.0,10000,Buy,233006073
2024-08-20 10:41:44,24150.0,33200,Buy,233006183
2024-08-20 10:41:44,24150.0,16800,Buy,233006184
2024-08-20 10:41:49,24150.0,23200,Buy,233006260
2024-08-20 10:41:49,24150.0,1800,Buy,233006261
2024-08-20 10:41:54,24150.0,4200,Buy,233006336
2024-08-20 10:41:56,24150.0,200,Buy,233006426
2024-08-20 10:41:58,24100.0,100,Sell,233006474
2024-08-20 10:42:00,24150.0,15000,Buy,233006491
2024-08-20 10:42:02,24150.0,25000,Buy,233006534
2024-08-20 10:42:12,24150.0,4000,Buy,233006709
2024-08-20 10:42:12,24150.0,4100,Buy,233006727
2024-08-20 10:42:14,24150.0,900,Buy,233006752
2024-08-20 10:42:14,24150.0,5700,Buy,233006750
2024-08-20 10:42:14,24150.0,3400,Buy,233006751
2024-08-20 10:42:18,24150.0,5000,Buy,233006863
2024-08-20 10:42:21,24150.0,4100,Buy,233006915
2024-08-20 10:42:21,24150.0,1800,Buy,233006916
2024-08-20 10:42:21,24150.0,300,Buy,233006917
2024-08-20 10:42:21,24150.0,100,Buy,233006918
2024-08-20 10:42:21,24150.0,5500,Buy,233006919
2024-08-20 10:42:21,24150.0,300,Buy,233006920
2024-08-20 10:42:21,24150.0,100,Buy,233006921
2024-08-20 10:42:32,24150.0,100,Sell,233007098
2024-08-20 10:42:42,24150.0,100,Sell,233007263
2024-08-20 10:42:54,24150.0,400,Sell,233007426
2024-08-20 10:43:04,24150.0,100,Sell,233007586
2024-08-20 10:43:11,24150.0,100,Sell,233007707
2024-08-20 10:44:04,24200.0,1000,Buy,233008570
2024-08-20 10:44:04,24200.0,500,Buy,233008572
2024-08-20 10:44:38,24150.0,2000,Sell,233009011
2024-08-20 10:45:13,24150.0,1000,Sell,233009530
2024-08-20 10:45:35,24200.0,300,Buy,233009805
2024-08-20 10:46:09,24200.0,100,Buy,233010260
2024-08-20 10:46:53,24150.0,200,Sell,233010831
2024-08-20 10:47:04,24150.0,10000,Sell,233010942
2024-08-20 10:47:32,24150.0,500,Sell,233011228
2024-08-20 10:47:50,24150.0,4200,Sell,233011540
2024-08-20 10:47:50,24150.0,23300,Sell,233011538
2024-08-20 10:47:50,24150.0,2500,Sell,233011539
2024-08-20 10:48:05,24150.0,2300,Sell,233011800
2024-08-20 10:48:09,24150.0,1400,Sell,233011836
2024-08-20 10:48:10,24150.0,3100,Sell,233011849
2024-08-20 10:48:28,24150.0,500,Sell,233012046
2024-08-20 10:48:30,24150.0,14000,Sell,233012116
2024-08-20 10:48:49,24150.0,1000,Sell,233012391
2024-08-20 10:48:55,24150.0,14500,Sell,233012474
2024-08-20 10:48:55,24150.0,5500,Sell,233012475
2024-08-20 10:49:08,24150.0,4500,Sell,233012617
2024-08-20 10:49:08,24150.0,100,Sell,233012618
2024-08-20 10:49:08,24150.0,11800,Sell,233012619
2024-08-20 10:49:20,24200.0,500,Buy,233012725
2024-08-20 10:49:37,24150.0,500,Sell,233012912
2024-08-20 10:49:43,24200.0,200,Buy,233012990
2024-08-20 10:49:54,24150.0,100,Sell,233013174
2024-08-20 10:49:55,24150.0,100,Sell,233013188
2024-08-20 10:50:04,24200.0,500,Buy,233013392
2024-08-20 10:50:08,24150.0,3000,Sell,233013448
2024-08-20 10:50:16,24150.0,700,Sell,233013520
2024-08-20 10:50:41,24150.0,2000,Sell,233013997
2024-08-20 10:50:59,24150.0,100,Sell,233014336
2024-08-20 10:50:59,24150.0,100,Sell,233014339
2024-08-20 10:51:40,24150.0,4400,Sell,233014952
2024-08-20 10:51:40,24150.0,6600,Sell,233014950
2024-08-20 10:51:40,24150.0,5000,Sell,233014951
2024-08-20 10:51:45,24200.0,100,Buy,233015017
2024-08-20 10:52:04,24150.0,600,Sell,233015329
2024-08-20 10:52:04,24150.0,400,Sell,233015330
2024-08-20 10:52:23,24150.0,300,Sell,233015671
2024-08-20 10:52:31,24150.0,300,Sell,233015805
2024-08-20 10:52:31,24150.0,1000,Sell,233015806
2024-08-20 10:52:31,24150.0,3700,Sell,233015807
2024-08-20 10:52:50,24150.0,800,Sell,233016199
2024-08-20 10:52:57,24150.0,1000,Sell,233016355
2024-08-20 10:52:57,24150.0,5000,Sell,233016356
2024-08-20 10:52:57,24150.0,50000,Sell,233016357
2024-08-20 10:52:57,24150.0,10700,Sell,233016358
2024-08-20 10:52:57,24150.0,300,Sell,233016359
2024-08-20 10:52:57,24150.0,800,Sell,233016363
2024-08-20 10:52:57,24150.0,100,Sell,233016361
2024-08-20 10:52:57,24150.0,300,Sell,233016362
2024-08-20 10:52:57,24150.0,5000,Sell,233016364
2024-08-20 10:52:57,24150.0,6100,Sell,233016370
2024-08-20 10:52:57,24150.0,2800,Sell,233016360
