time,price,volume,match_type,id
2024-08-27 09:14:39,24350.0,154000,ATO/ATC,234885310
2024-08-27 09:15:26,24400.0,100,Buy,234886154
2024-08-27 09:15:26,24400.0,100,Buy,234886155
2024-08-27 09:15:42,24400.0,300,Buy,234886513
2024-08-27 09:15:42,24400.0,900,Buy,234886511
2024-08-27 09:15:42,24400.0,100,Buy,234886512
2024-08-27 09:15:50,24400.0,700,Sell,234886645
2024-08-27 09:15:57,24400.0,1300,Buy,234886748
2024-08-27 09:15:59,24400.0,300,Sell,234886799
2024-08-27 09:16:30,24400.0,400,Sell,234887380
2024-08-27 09:16:30,24400.0,1000,Sell,234887381
2024-08-27 09:16:30,24400.0,100,Sell,234887383
2024-08-27 09:16:30,24400.0,500,Sell,234887384
2024-08-27 09:16:30,24400.0,2900,Sell,234887385
2024-08-27 09:16:30,24400.0,100,Sell,234887382
2024-08-27 09:17:16,24450.0,100,Buy,234888356
2024-08-27 09:17:26,24400.0,100,Sell,234888537
2024-08-27 09:17:26,24400.0,100,Sell,234888535
2024-08-27 09:17:26,24400.0,300,Sell,234888536
2024-08-27 09:18:15,24400.0,100,Sell,234889665
2024-08-27 09:18:15,24400.0,200,Sell,234889664
2024-08-27 09:18:18,24400.0,200,Sell,234889729
2024-08-27 09:18:18,24400.0,3000,Sell,234889730
2024-08-27 09:18:18,24400.0,700,Sell,234889731
2024-08-27 09:18:18,24400.0,500,Sell,234889732
2024-08-27 09:18:18,24400.0,2000,Sell,234889733
2024-08-27 09:18:18,24400.0,100,Sell,234889734
2024-08-27 09:18:18,24400.0,8500,Sell,234889735
2024-08-27 09:18:22,24400.0,200,Sell,234889825
2024-08-27 09:18:33,24400.0,100,Sell,234890037
2024-08-27 09:18:40,24400.0,1000,Sell,234890219
2024-08-27 09:19:16,24450.0,200,Buy,234890899
2024-08-27 09:19:16,24450.0,100,Buy,234890904
2024-08-27 09:19:16,24450.0,15000,Buy,234890903
2024-08-27 09:19:16,24450.0,600,Buy,234890902
2024-08-27 09:19:16,24450.0,100,Buy,234890901
2024-08-27 09:19:16,24450.0,100,Buy,234890900
2024-08-27 09:19:16,24450.0,1000,Buy,234890898
2024-08-27 09:19:16,24450.0,100,Buy,234890890
2024-08-27 09:19:16,24450.0,400,Buy,234890896
2024-08-27 09:19:16,24450.0,100,Buy,234890895
2024-08-27 09:19:16,24450.0,100,Buy,234890894
2024-08-27 09:19:16,24450.0,100,Buy,234890893
2024-08-27 09:19:16,24450.0,500,Buy,234890892
2024-08-27 09:19:16,24450.0,1100,Buy,234890891
2024-08-27 09:19:16,24450.0,500,Buy,234890897
2024-08-27 09:19:21,24450.0,1400,Buy,234891095
2024-08-27 09:19:21,24450.0,100,Buy,234891094
2024-08-27 09:19:21,24450.0,7100,Buy,234891093
2024-08-27 09:19:21,24450.0,1000,Buy,234891092
2024-08-27 09:19:21,24450.0,400,Buy,234891091
2024-08-27 09:19:21,24450.0,500,Buy,234891088
2024-08-27 09:19:21,24450.0,300,Buy,234891089
2024-08-27 09:19:21,24450.0,100,Buy,234891087
2024-08-27 09:19:21,24450.0,300,Buy,234891086
2024-08-27 09:19:21,24450.0,4900,Buy,234891085
2024-08-27 09:19:21,24450.0,100,Buy,234891090
2024-08-27 09:19:33,24400.0,13300,Sell,234891391
2024-08-27 09:19:33,24400.0,1000,Sell,234891390
2024-08-27 09:19:33,24400.0,5200,Sell,234891387
2024-08-27 09:19:33,24400.0,100,Sell,234891388
2024-08-27 09:19:33,24400.0,400,Sell,234891389
2024-08-27 09:19:41,24400.0,5000,Sell,234891572
2024-08-27 09:19:41,24400.0,100,Sell,234891573
2024-08-27 09:19:41,24400.0,3000,Sell,234891574
2024-08-27 09:19:41,24400.0,200,Sell,234891575
2024-08-27 09:19:41,24400.0,1700,Sell,234891571
2024-08-27 09:19:46,24400.0,100,Sell,234891670
2024-08-27 09:19:47,24450.0,400,Buy,234891706
2024-08-27 09:19:51,24450.0,500,Buy,234891769
2024-08-27 09:20:03,24450.0,1000,Buy,234892058
2024-08-27 09:20:26,24400.0,100,Sell,234892600
2024-08-27 09:20:27,24450.0,200,Buy,234892601
2024-08-27 09:21:13,24450.0,2000,Buy,234893578
2024-08-27 09:21:57,24400.0,1000,Sell,234894729
2024-08-27 09:22:01,24400.0,100,Sell,234894822
2024-08-27 09:22:24,24400.0,400,Sell,234895375
2024-08-27 09:22:31,24450.0,4500,Buy,234895573
2024-08-27 09:22:31,24450.0,1000,Buy,234895574
2024-08-27 09:22:31,24450.0,24500,Buy,234895575
2024-08-27 09:22:32,24400.0,600,Sell,234895620
2024-08-27 09:22:40,24450.0,300,Buy,234895799
2024-08-27 09:22:47,24450.0,1000,Buy,234895928
2024-08-27 09:23:03,24400.0,4200,Sell,234896260
2024-08-27 09:23:03,24400.0,100,Sell,234896259
2024-08-27 09:23:03,24400.0,100,Sell,234896258
2024-08-27 09:23:03,24400.0,2500,Sell,234896257
2024-08-27 09:23:03,24400.0,600,Sell,234896255
2024-08-27 09:23:03,24400.0,12500,Sell,234896254
2024-08-27 09:23:03,24400.0,10000,Sell,234896256
2024-08-27 09:23:04,24450.0,100,Buy,234896274
2024-08-27 09:23:05,24450.0,100,Buy,234896322
2024-08-27 09:23:23,24450.0,1000,Buy,234896836
2024-08-27 09:23:35,24450.0,20000,Buy,234897158
2024-08-27 09:23:38,24450.0,100,Buy,234897235
2024-08-27 09:23:39,24450.0,2000,Buy,234897237
2024-08-27 09:23:44,24450.0,300,Buy,234897390
2024-08-27 09:23:47,24450.0,1000,Buy,234897450
2024-08-27 09:23:48,24450.0,700,Buy,234897476
2024-08-27 09:23:54,24450.0,3600,Buy,234897589
2024-08-27 09:23:54,24450.0,500,Buy,234897588
2024-08-27 09:23:54,24450.0,3800,Buy,234897585
2024-08-27 09:23:54,24450.0,100,Buy,234897586
2024-08-27 09:23:54,24450.0,2000,Buy,234897587
2024-08-27 09:24:08,24450.0,100,Buy,234897947
2024-08-27 09:24:27,24450.0,300,Buy,234898407
2024-08-27 09:24:56,24450.0,100,Buy,234899057
2024-08-27 09:25:01,24450.0,200,Buy,234899174
2024-08-27 09:25:06,24450.0,500,Buy,234899296
2024-08-27 09:25:28,24400.0,4000,Sell,234899729
2024-08-27 09:25:38,24450.0,800,Buy,234899937
2024-08-27 09:25:38,24450.0,2200,Buy,234899935
2024-08-27 09:25:38,24450.0,3000,Buy,234899921
2024-08-27 09:25:38,24450.0,2000,Buy,234899936
2024-08-27 09:25:54,24450.0,1000,Buy,234900238
2024-08-27 09:26:25,24450.0,400,Buy,234901045
2024-08-27 09:26:25,24450.0,200,Buy,234901039
2024-08-27 09:26:25,24450.0,500,Buy,234901040
2024-08-27 09:26:25,24450.0,300,Buy,234901041
2024-08-27 09:26:47,24450.0,400,Buy,234901507
2024-08-27 09:26:47,24450.0,600,Buy,234901508
2024-08-27 09:27:19,24450.0,200,Buy,234902242
2024-08-27 09:27:48,24400.0,100,Sell,234902984
2024-08-27 09:27:49,24450.0,100,Buy,234903006
2024-08-27 09:28:09,24450.0,100,Buy,234903544
2024-08-27 09:28:09,24450.0,400,Buy,234903545
2024-08-27 09:28:10,24450.0,300,Buy,234903561
2024-08-27 09:28:14,24400.0,1000,Sell,234903653
2024-08-27 09:28:22,24400.0,1000,Sell,234903819
2024-08-27 09:28:22,24400.0,300,Sell,234903820
2024-08-27 09:28:22,24400.0,400,Sell,234903821
2024-08-27 09:28:22,24400.0,1000,Sell,234903822
2024-08-27 09:28:22,24400.0,200,Sell,234903823
2024-08-27 09:28:22,24400.0,1400,Sell,234903824
2024-08-27 09:28:22,24400.0,10700,Sell,234903818
2024-08-27 09:28:27,24400.0,8600,Sell,234903947
2024-08-27 09:28:27,24400.0,6400,Sell,234903948
2024-08-27 09:28:28,24450.0,500,Buy,234904006
2024-08-27 09:28:33,24400.0,500,Sell,234904123
2024-08-27 09:28:52,24400.0,500,Sell,234904892
2024-08-27 09:28:54,24400.0,1000,Sell,234904943
2024-08-27 09:29:13,24400.0,100,Sell,234905618
2024-08-27 09:29:30,24400.0,700,Sell,234906236
2024-08-27 09:29:35,24400.0,500,Sell,234906383
2024-08-27 09:29:45,24400.0,300,Sell,234906637
2024-08-27 09:29:45,24400.0,500,Sell,234906638
2024-08-27 09:29:45,24400.0,1600,Sell,234906639
2024-08-27 09:29:46,24400.0,500,Sell,234906728
2024-08-27 09:29:54,24400.0,5000,Sell,234906995
2024-08-27 09:29:58,24400.0,200,Sell,234907109
2024-08-27 09:30:04,24400.0,10000,Sell,234907319
2024-08-27 09:30:05,24400.0,7000,Sell,234907326
2024-08-27 09:30:07,24400.0,1700,Sell,234907387
2024-08-27 09:30:07,24400.0,500,Sell,234907386
2024-08-27 09:30:07,24400.0,2000,Sell,234907384
2024-08-27 09:30:07,24400.0,100,Sell,234907385
2024-08-27 09:30:07,24400.0,700,Sell,234907383
2024-08-27 09:30:09,24400.0,900,Sell,234907432
2024-08-27 09:30:09,24400.0,8300,Sell,234907426
2024-08-27 09:30:09,24400.0,200,Sell,234907427
2024-08-27 09:30:09,24400.0,200,Sell,234907428
2024-08-27 09:30:09,24400.0,100,Sell,234907429
2024-08-27 09:30:09,24400.0,200,Sell,234907430
2024-08-27 09:30:09,24400.0,100,Sell,234907431
2024-08-27 09:30:10,24400.0,300,Sell,234907501
2024-08-27 09:30:19,24400.0,1000,Sell,234907851
2024-08-27 09:30:27,24400.0,500,Sell,234908220
2024-08-27 09:30:28,24400.0,100,Sell,234908235
2024-08-27 09:30:28,24400.0,2300,Sell,234908236
2024-08-27 09:30:28,24400.0,200,Sell,234908234
2024-08-27 09:30:36,24400.0,100,Sell,234908572
2024-08-27 09:30:39,24400.0,3000,Sell,234908612
2024-08-27 09:30:50,24400.0,1400,Sell,234909114
2024-08-27 09:30:57,24400.0,10000,Sell,234909368
2024-08-27 09:31:10,24400.0,200,Sell,234909837
2024-08-27 09:31:10,24400.0,100,Sell,234909838
2024-08-27 09:31:11,24400.0,2900,Sell,234909855
2024-08-27 09:31:11,24400.0,100,Sell,234909856
2024-08-27 09:31:17,24400.0,100,Sell,234909986
2024-08-27 09:31:17,24400.0,500,Sell,234909984
2024-08-27 09:31:17,24400.0,500,Sell,234909985
2024-08-27 09:31:17,24400.0,100,Sell,234909983
2024-08-27 09:31:21,24400.0,900,Sell,234910124
2024-08-27 09:31:21,24400.0,2000,Sell,234910125
2024-08-27 09:31:21,24400.0,300,Sell,234910126
2024-08-27 09:31:21,24400.0,1800,Sell,234910127
2024-08-27 09:31:26,24400.0,1000,Sell,234910291
2024-08-27 09:31:26,24400.0,8900,Sell,234910294
2024-08-27 09:31:26,24400.0,100,Sell,234910293
2024-08-27 09:31:26,24400.0,1000,Sell,234910292
2024-08-27 09:31:26,24400.0,100,Sell,234910290
2024-08-27 09:31:26,24400.0,300,Sell,234910288
2024-08-27 09:31:26,24400.0,6100,Sell,234910287
2024-08-27 09:31:26,24400.0,2700,Sell,234910286
2024-08-27 09:31:26,24400.0,200,Sell,234910285
2024-08-27 09:31:26,24400.0,100,Sell,234910289
2024-08-27 09:31:27,24400.0,500,Sell,234910363
2024-08-27 09:31:32,24400.0,500,Sell,234910534
2024-08-27 09:31:38,24400.0,4000,Sell,234910773
2024-08-27 09:31:40,24450.0,4000,Buy,234910882
2024-08-27 09:31:44,24400.0,300,Sell,234910980
2024-08-27 09:31:47,24400.0,500,Sell,234911095
2024-08-27 09:31:51,24400.0,3300,Sell,234911214
2024-08-27 09:31:51,24400.0,700,Sell,234911215
2024-08-27 09:31:57,24400.0,100,Sell,234911395
2024-08-27 09:31:58,24400.0,200,Sell,234911410
2024-08-27 09:31:58,24400.0,600,Sell,234911411
2024-08-27 09:31:58,24400.0,2200,Sell,234911409
2024-08-27 09:32:08,24400.0,1300,Buy,234911730
2024-08-27 09:32:08,24400.0,1000,Buy,234911731
2024-08-27 09:32:08,24400.0,200,Buy,234911732
2024-08-27 09:32:08,24450.0,2300,Buy,234911733
2024-08-27 09:32:18,24400.0,100,Buy,234912074
2024-08-27 09:32:44,24400.0,400,Sell,234912790
2024-08-27 09:32:44,24400.0,500,Sell,234912791
2024-08-27 09:32:44,24400.0,100,Sell,234912792
2024-08-27 09:32:48,24400.0,100,Sell,234912951
2024-08-27 09:32:48,24400.0,1000,Sell,234912952
2024-08-27 09:32:48,24400.0,1000,Sell,234912950
2024-08-27 09:32:48,24400.0,100,Sell,234912949
2024-08-27 09:32:48,24400.0,3400,Sell,234912948
2024-08-27 09:32:48,24400.0,400,Sell,234912946
2024-08-27 09:32:48,24400.0,1600,Sell,234912947
2024-08-27 09:32:52,24400.0,1500,Buy,234913065
2024-08-27 09:32:58,24400.0,2900,Buy,234913216
2024-08-27 09:33:04,24400.0,1000,Buy,234913398
2024-08-27 09:33:07,24400.0,200,Buy,234913462
2024-08-27 09:33:14,24400.0,600,Buy,234913678
2024-08-27 09:33:39,24400.0,300,Buy,234914262
2024-08-27 09:33:43,24400.0,200,Buy,234914379
2024-08-27 09:33:47,24400.0,100,Buy,234914537
2024-08-27 09:33:58,24400.0,1200,Sell,234914967
2024-08-27 09:33:58,24400.0,700,Buy,234914924
2024-08-27 09:33:58,24400.0,100,Buy,234914923
2024-08-27 09:33:58,24400.0,1900,Buy,234914921
2024-08-27 09:33:58,24400.0,1000,Buy,234914920
2024-08-27 09:33:58,24400.0,7600,Buy,234914919
2024-08-27 09:33:58,24400.0,10000,Buy,234914922
2024-08-27 09:34:05,24400.0,200,Sell,234915160
2024-08-27 09:34:41,24400.0,5000,Sell,234916200
2024-08-27 09:34:41,24400.0,100,Sell,234916211
2024-08-27 09:34:41,24400.0,800,Sell,234916212
2024-08-27 09:34:53,24400.0,700,Sell,234916486
2024-08-27 09:34:53,24400.0,1000,Sell,234916507
2024-08-27 09:35:02,24400.0,300,Sell,234916837
2024-08-27 09:35:08,24400.0,10000,Sell,234917058
2024-08-27 09:35:20,24400.0,1000,Sell,234917456
2024-08-27 09:35:22,24400.0,5000,Sell,234917491
2024-08-27 09:35:26,24400.0,1600,Sell,234917604
2024-08-27 09:35:26,24400.0,3400,Sell,234917603
2024-08-27 09:35:30,24400.0,1000,Sell,234917670
2024-08-27 09:35:31,24400.0,100,Sell,234917720
2024-08-27 09:35:36,24400.0,400,Sell,234917833
2024-08-27 09:35:37,24400.0,1900,Sell,234917853
2024-08-27 09:35:37,24400.0,3700,Sell,234917854
2024-08-27 09:35:37,24400.0,8000,Sell,234917855
2024-08-27 09:35:37,24400.0,400,Sell,234917856
2024-08-27 09:35:37,24400.0,200,Sell,234917857
2024-08-27 09:35:37,24400.0,400,Sell,234917858
2024-08-27 09:35:54,24400.0,1200,Buy,234918328
2024-08-27 09:36:17,24400.0,100,Buy,234918994
2024-08-27 09:36:47,24350.0,6000,Sell,234919783
2024-08-27 09:36:56,24350.0,3200,Sell,234920022
2024-08-27 09:36:56,24350.0,2900,Sell,234920021
2024-08-27 09:37:02,24350.0,100,Sell,234920147
2024-08-27 09:37:04,24400.0,5000,Buy,234920205
2024-08-27 09:37:19,24400.0,2000,Buy,234920717
2024-08-27 09:37:26,24400.0,200,Buy,234920905
2024-08-27 09:37:41,24400.0,4000,Buy,234921359
2024-08-27 09:37:41,24400.0,3800,Buy,234921363
2024-08-27 09:37:41,24400.0,100,Buy,234921362
2024-08-27 09:37:41,24400.0,500,Buy,234921361
2024-08-27 09:37:41,24400.0,1000,Buy,234921360
2024-08-27 09:37:41,24400.0,200,Buy,234921358
2024-08-27 09:37:41,24400.0,900,Buy,234921356
2024-08-27 09:37:41,24400.0,100,Buy,234921357
2024-08-27 09:37:41,24400.0,2000,Buy,234921355
2024-08-27 09:37:41,24400.0,500,Buy,234921354
2024-08-27 09:37:41,24400.0,1900,Buy,234921353
2024-08-27 09:37:41,24350.0,1100,Sell,234921326
2024-08-27 09:37:41,24350.0,1700,Sell,234921325
2024-08-27 09:37:53,24400.0,1000,Buy,234921780
2024-08-27 09:37:53,24400.0,300,Buy,234921779
2024-08-27 09:37:53,24400.0,1000,Buy,234921778
2024-08-27 09:37:53,24400.0,4100,Buy,234921781
2024-08-27 09:37:53,24400.0,400,Buy,234921776
2024-08-27 09:37:53,24400.0,3000,Buy,234921775
2024-08-27 09:37:53,24400.0,4200,Buy,234921774
2024-08-27 09:37:53,24400.0,1000,Buy,234921777
2024-08-27 09:37:55,24400.0,300,Buy,234921926
2024-08-27 09:38:03,24350.0,100,Sell,234922212
2024-08-27 09:38:30,24400.0,100,Buy,234923078
2024-08-27 09:38:32,24400.0,500,Buy,234923145
2024-08-27 09:38:36,24400.0,5000,Buy,234923244
2024-08-27 09:38:49,24400.0,500,Buy,234923639
2024-08-27 09:38:49,24350.0,800,Sell,234923646
2024-08-27 09:38:49,24350.0,100,Sell,234923647
2024-08-27 09:39:01,24350.0,200,Sell,234923915
2024-08-27 09:39:09,24350.0,1200,Sell,234924183
2024-08-27 09:39:09,24350.0,300,Sell,234924182
2024-08-27 09:39:11,24350.0,100,Sell,234924261
2024-08-27 09:39:22,24400.0,3000,Buy,234924557
2024-08-27 09:39:38,24350.0,100,Sell,234924979
2024-08-27 09:39:54,24350.0,3000,Sell,234925375
2024-08-27 09:39:56,24350.0,600,Sell,234925456
2024-08-27 09:39:56,24350.0,100,Sell,234925457
2024-08-27 09:39:56,24350.0,300,Sell,234925458
2024-08-27 09:40:04,24350.0,100,Sell,234925707
2024-08-27 09:40:15,24350.0,100,Sell,234926015
2024-08-27 09:40:15,24350.0,200,Sell,234926016
2024-08-27 09:40:16,24350.0,2000,Sell,234926037
2024-08-27 09:40:19,24400.0,11200,Buy,234926081
2024-08-27 09:40:27,24400.0,4300,Buy,234926363
2024-08-27 09:40:27,24400.0,300,Buy,234926364
2024-08-27 09:40:27,24400.0,3000,Buy,234926365
2024-08-27 09:40:27,24400.0,2300,Buy,234926366
2024-08-27 09:40:27,24400.0,1000,Buy,234926362
2024-08-27 09:40:28,24350.0,1000,Sell,234926370
2024-08-27 09:40:31,24400.0,400,Buy,234926421
2024-08-27 09:40:32,24400.0,2000,Buy,234926451
2024-08-27 09:40:32,24400.0,1000,Buy,234926452
2024-08-27 09:40:32,24400.0,600,Buy,234926450
2024-08-27 09:40:32,24400.0,5500,Buy,234926454
2024-08-27 09:40:32,24400.0,500,Buy,234926453
2024-08-27 09:40:32,24400.0,600,Buy,234926448
2024-08-27 09:40:32,24400.0,600,Buy,234926449
2024-08-27 09:40:32,24400.0,200,Buy,234926437
2024-08-27 09:40:32,24400.0,1000,Buy,234926432
2024-08-27 09:40:32,24400.0,1500,Buy,234926433
2024-08-27 09:40:32,24400.0,2100,Buy,234926434
2024-08-27 09:40:32,24400.0,1000,Buy,234926447
2024-08-27 09:40:32,24400.0,4700,Buy,234926436
2024-08-27 09:40:32,24400.0,2300,Buy,234926431
2024-08-27 09:40:32,24400.0,1000,Buy,234926435
2024-08-27 09:40:35,24400.0,6100,Buy,234926558
2024-08-27 09:40:35,24400.0,2000,Buy,234926559
2024-08-27 09:40:40,24400.0,100,Buy,234926661
2024-08-27 09:40:41,24400.0,1000,Buy,234926668
2024-08-27 09:40:46,24400.0,5300,Buy,234926807
2024-08-27 09:40:46,24400.0,3000,Buy,234926808
2024-08-27 09:40:46,24400.0,400,Buy,234926809
2024-08-27 09:40:46,24400.0,5000,Buy,234926810
2024-08-27 09:40:46,24400.0,10000,Buy,234926811
2024-08-27 09:40:46,24400.0,100,Buy,234926812
2024-08-27 09:40:54,24400.0,200,Sell,234926980
2024-08-27 09:41:02,24400.0,1000,Sell,234927264
2024-08-27 09:41:21,24400.0,200,Sell,234927720
2024-08-27 09:41:36,24450.0,300,Buy,234928168
2024-08-27 09:41:43,24400.0,10000,Sell,234928379
2024-08-27 09:41:43,24400.0,300,Sell,234928373
2024-08-27 09:41:47,24450.0,100,Buy,234928653
2024-08-27 09:41:52,24450.0,500,Buy,234928737
2024-08-27 09:42:01,24450.0,300,Buy,234929176
2024-08-27 09:42:02,24450.0,300,Buy,234929307
2024-08-27 09:42:02,24450.0,1000,Buy,234929308
2024-08-27 09:42:02,24450.0,100,Buy,234929309
2024-08-27 09:42:02,24450.0,200,Buy,234929310
2024-08-27 09:42:02,24450.0,5000,Buy,234929311
2024-08-27 09:42:02,24450.0,100,Buy,234929312
2024-08-27 09:42:02,24450.0,400,Buy,234929317
2024-08-27 09:42:02,24450.0,1700,Buy,234929318
2024-08-27 09:42:02,24450.0,5000,Buy,234929319
2024-08-27 09:42:02,24450.0,200,Buy,234929320
2024-08-27 09:42:02,24450.0,10000,Buy,234929306
2024-08-27 09:42:02,24450.0,17600,Buy,234929322
2024-08-27 09:42:02,24450.0,3000,Buy,234929313
2024-08-27 09:42:02,24450.0,1000,Buy,234929305
2024-08-27 09:42:02,24450.0,1000,Buy,234929321
2024-08-27 09:42:02,24450.0,600,Buy,234929303
2024-08-27 09:42:02,24450.0,1300,Buy,234929290
2024-08-27 09:42:02,24450.0,12300,Buy,234929291
2024-08-27 09:42:02,24450.0,500,Buy,234929292
2024-08-27 09:42:02,24450.0,3000,Buy,234929293
2024-08-27 09:42:02,24450.0,1000,Buy,234929294
2024-08-27 09:42:02,24450.0,500,Buy,234929295
2024-08-27 09:42:02,24450.0,300,Buy,234929304
2024-08-27 09:42:02,24450.0,100,Buy,234929297
2024-08-27 09:42:02,24450.0,10200,Buy,234929298
2024-08-27 09:42:02,24450.0,1200,Buy,234929299
2024-08-27 09:42:02,24450.0,300,Buy,234929300
2024-08-27 09:42:02,24450.0,100,Buy,234929301
2024-08-27 09:42:02,24450.0,2000,Buy,234929302
2024-08-27 09:42:02,24450.0,20000,Buy,234929296
2024-08-27 09:42:09,24450.0,400,Buy,234929493
2024-08-27 09:42:10,24450.0,500,Buy,234929585
2024-08-27 09:42:10,24450.0,500,Buy,234929584
2024-08-27 09:42:10,24450.0,1000,Buy,234929582
2024-08-27 09:42:10,24450.0,300,Buy,234929583
2024-08-27 09:42:10,24450.0,500,Buy,234929580
2024-08-27 09:42:10,24450.0,2000,Buy,234929578
2024-08-27 09:42:10,24450.0,5000,Buy,234929581
2024-08-27 09:42:10,24450.0,200,Buy,234929579
2024-08-27 09:42:19,24450.0,900,Buy,234929907
2024-08-27 09:42:19,24450.0,100,Buy,234929908
2024-08-27 09:42:21,24450.0,1900,Buy,234929958
2024-08-27 09:42:21,24450.0,500,Buy,234929959
2024-08-27 09:42:21,24450.0,100,Buy,234929960
2024-08-27 09:42:21,24450.0,900,Buy,234929961
2024-08-27 09:42:21,24450.0,3200,Buy,234929962
2024-08-27 09:42:21,24450.0,3400,Buy,234929963
2024-08-27 09:42:22,24450.0,500,Buy,234929989
2024-08-27 09:42:23,24450.0,1000,Buy,234930046
2024-08-27 09:42:26,24400.0,10000,Sell,234930121
2024-08-27 09:42:30,24450.0,500,Buy,234930204
2024-08-27 09:42:34,24450.0,7400,Buy,234930387
2024-08-27 09:42:34,24450.0,100,Buy,234930388
2024-08-27 09:42:34,24450.0,1900,Buy,234930389
2024-08-27 09:42:37,24450.0,100,Buy,234930459
2024-08-27 09:42:37,24450.0,200,Buy,234930460
2024-08-27 09:42:37,24450.0,3500,Buy,234930461
2024-08-27 09:42:37,24450.0,2500,Buy,234930462
2024-08-27 09:43:02,24450.0,1000,Sell,234931475
2024-08-27 09:43:02,24450.0,5000,Sell,234931476
2024-08-27 09:43:02,24450.0,500,Sell,234931477
2024-08-27 09:43:02,24450.0,500,Sell,234931478
2024-08-27 09:43:04,24450.0,100,Sell,234931614
2024-08-27 09:43:04,24450.0,2000,Sell,234931615
2024-08-27 09:43:06,24450.0,900,Buy,234931736
2024-08-27 09:43:09,24450.0,1800,Buy,234931899
2024-08-27 09:43:16,24450.0,500,Buy,234932079
2024-08-27 09:43:22,24450.0,200,Buy,234932207
2024-08-27 09:43:22,24450.0,200,Buy,234932199
2024-08-27 09:43:25,24450.0,4300,Buy,234932268
2024-08-27 09:43:25,24450.0,10000,Buy,234932269
2024-08-27 09:43:25,24450.0,500,Buy,234932270
2024-08-27 09:43:25,24450.0,100,Buy,234932271
2024-08-27 09:43:34,24500.0,300,Buy,234932546
2024-08-27 09:43:42,24450.0,500,Sell,234932736
2024-08-27 09:44:10,24450.0,400,Sell,234933451
2024-08-27 09:44:37,24450.0,100,Sell,234934084
2024-08-27 09:44:42,24450.0,4100,Sell,234934206
2024-08-27 09:44:42,24450.0,1400,Sell,234934207
2024-08-27 09:45:02,24450.0,200,Sell,234934645
2024-08-27 09:45:09,24450.0,900,Sell,234934826
2024-08-27 09:45:09,24450.0,100,Sell,234934825
2024-08-27 09:45:09,24450.0,100,Sell,234934823
2024-08-27 09:45:09,24450.0,2000,Sell,234934824
2024-08-27 09:45:09,24450.0,400,Sell,234934822
2024-08-27 09:45:37,24450.0,400,Sell,234935598
2024-08-27 09:45:50,24450.0,1700,Sell,234935928
2024-08-27 09:45:50,24450.0,9900,Sell,234935929
2024-08-27 09:45:53,24450.0,400,Sell,234935996
2024-08-27 09:45:56,24450.0,400,Sell,234936077
2024-08-27 09:46:02,24450.0,400,Sell,234936236
2024-08-27 09:46:12,24450.0,100,Sell,234936407
2024-08-27 09:46:30,24500.0,400,Buy,234936808
2024-08-27 09:46:30,24500.0,100,Buy,234936798
2024-08-27 09:46:30,24500.0,500,Buy,234936807
2024-08-27 09:46:41,24500.0,100,Buy,234937058
2024-08-27 09:46:41,24500.0,600,Buy,234937066
2024-08-27 09:46:41,24500.0,3000,Buy,234937065
2024-08-27 09:46:41,24500.0,300,Buy,234937064
2024-08-27 09:46:41,24500.0,100,Buy,234937063
2024-08-27 09:46:41,24500.0,1000,Buy,234937062
2024-08-27 09:46:41,24500.0,1000,Buy,234937061
2024-08-27 09:46:41,24500.0,5000,Buy,234937059
2024-08-27 09:46:41,24500.0,100,Buy,234937057
2024-08-27 09:46:41,24500.0,100,Buy,234937060
2024-08-27 09:46:41,24500.0,500,Buy,234937055
2024-08-27 09:46:41,24500.0,2000,Buy,234937054
2024-08-27 09:46:41,24500.0,2600,Buy,234937047
2024-08-27 09:46:41,24500.0,200,Buy,234937053
2024-08-27 09:46:41,24500.0,100,Buy,234937052
2024-08-27 09:46:41,24500.0,100,Buy,234937051
2024-08-27 09:46:41,24500.0,500,Buy,234937050
2024-08-27 09:46:41,24500.0,5000,Buy,234937049
2024-08-27 09:46:41,24500.0,100,Buy,234937048
2024-08-27 09:46:41,24500.0,100,Buy,234937056
2024-08-27 09:46:48,24500.0,300,Buy,234937240
2024-08-27 09:46:48,24500.0,500,Buy,234937241
2024-08-27 09:46:52,24450.0,5500,Sell,234937334
2024-08-27 09:47:19,24450.0,1000,Sell,234937901
2024-08-27 09:47:20,24450.0,1000,Sell,234937920
2024-08-27 09:47:39,24450.0,200,Sell,234938284
2024-08-27 09:47:47,24450.0,200,Sell,234938418
2024-08-27 09:47:58,24500.0,1200,Buy,234938693
2024-08-27 09:47:58,24500.0,2800,Buy,234938694
2024-08-27 09:48:00,24450.0,600,Sell,234938714
2024-08-27 09:48:53,24500.0,200,Buy,234939954
2024-08-27 09:49:02,24500.0,2000,Buy,234940084
2024-08-27 09:49:02,24500.0,700,Buy,234940085
2024-08-27 09:49:02,24500.0,2100,Buy,234940086
2024-08-27 09:49:02,24500.0,18200,Buy,234940087
2024-08-27 09:49:03,24450.0,100,Sell,234940110
2024-08-27 09:49:03,24450.0,1200,Sell,234940111
2024-08-27 09:49:03,24450.0,100,Sell,234940109
2024-08-27 09:49:03,24450.0,100,Sell,234940108
2024-08-27 09:49:03,24450.0,1700,Sell,234940107
2024-08-27 09:49:03,24450.0,1000,Sell,234940105
2024-08-27 09:49:03,24450.0,300,Sell,234940104
2024-08-27 09:49:03,24450.0,500,Sell,234940106
2024-08-27 09:49:12,24450.0,500,Sell,234940334
2024-08-27 09:49:14,24500.0,500,Buy,234940365
2024-08-27 09:50:09,24450.0,100,Sell,234941336
2024-08-27 09:50:18,24500.0,300,Buy,234941518
2024-08-27 09:50:24,24450.0,800,Sell,234941617
2024-08-27 09:50:25,24500.0,1000,Buy,234941625
2024-08-27 09:50:25,24500.0,1400,Buy,234941626
2024-08-27 09:50:41,24500.0,2000,Buy,234941962
2024-08-27 09:50:51,24500.0,100,Buy,234942208
2024-08-27 09:50:57,24450.0,1000,Sell,234942311
2024-08-27 09:51:36,24450.0,2000,Sell,234943128
2024-08-27 09:51:37,24500.0,200,Buy,234943152
2024-08-27 09:52:22,24500.0,500,Buy,234943932
2024-08-27 09:52:25,24450.0,100,Sell,234943997
2024-08-27 09:52:26,24500.0,2000,Buy,234944022
2024-08-27 09:52:28,24450.0,200,Sell,234944056
2024-08-27 09:52:59,24450.0,1800,Sell,234944687
2024-08-27 09:53:05,24450.0,100,Sell,234944869
2024-08-27 09:53:07,24450.0,900,Sell,234944914
2024-08-27 09:53:27,24450.0,300,Sell,234945369
2024-08-27 09:53:31,24450.0,2000,Sell,234945470
2024-08-27 09:53:42,24450.0,10000,Sell,234945650
2024-08-27 09:53:47,24450.0,2200,Sell,234945759
2024-08-27 09:53:55,24450.0,300,Sell,234945888
2024-08-27 09:53:58,24450.0,1000,Sell,234945958
2024-08-27 09:54:10,24450.0,5000,Sell,234946206
2024-08-27 09:54:11,24450.0,100,Sell,234946228
2024-08-27 09:54:18,24450.0,400,Sell,234946409
2024-08-27 09:54:18,24450.0,300,Sell,234946410
2024-08-27 09:54:18,24450.0,8000,Sell,234946411
2024-08-27 09:54:18,24450.0,1300,Sell,234946412
2024-08-27 09:54:26,24450.0,200,Sell,234946499
2024-08-27 09:54:34,24450.0,1500,Sell,234946641
2024-08-27 09:54:40,24450.0,2300,Sell,234946732
2024-08-27 09:54:40,24450.0,700,Sell,234946731
2024-08-27 09:54:40,24450.0,2000,Sell,234946730
2024-08-27 09:54:44,24450.0,100,Sell,234946821
2024-08-27 09:55:06,24450.0,500,Sell,234947199
2024-08-27 09:55:06,24450.0,100,Sell,234947207
2024-08-27 09:55:06,24450.0,13600,Sell,234947206
2024-08-27 09:55:06,24450.0,20000,Sell,234947205
2024-08-27 09:55:06,24450.0,1000,Sell,234947204
2024-08-27 09:55:06,24450.0,200,Sell,234947202
2024-08-27 09:55:06,24450.0,100,Sell,234947201
2024-08-27 09:55:06,24450.0,1000,Sell,234947200
2024-08-27 09:55:06,24450.0,500,Sell,234947198
2024-08-27 09:55:06,24450.0,200,Sell,234947203
2024-08-27 09:55:06,24450.0,1300,Sell,234947196
2024-08-27 09:55:06,24450.0,100,Sell,234947188
2024-08-27 09:55:06,24450.0,500,Sell,234947189
2024-08-27 09:55:06,24450.0,100,Sell,234947190
2024-08-27 09:55:06,24450.0,500,Sell,234947191
2024-08-27 09:55:06,24450.0,200,Sell,234947197
2024-08-27 09:55:06,24450.0,5000,Sell,234947192
2024-08-27 09:55:06,24450.0,300,Sell,234947193
2024-08-27 09:55:06,24450.0,1000,Sell,234947194
2024-08-27 09:55:06,24450.0,6100,Sell,234947195
2024-08-27 09:55:06,24450.0,7600,Sell,234947187
2024-08-27 09:55:36,24450.0,3500,Buy,234947765
2024-08-27 09:55:43,24450.0,200,Buy,234947917
2024-08-27 09:55:44,24450.0,1000,Buy,234947950
2024-08-27 09:56:49,24450.0,11300,Buy,234949215
2024-08-27 09:56:49,24450.0,100,Buy,234949214
2024-08-27 09:56:49,24450.0,5000,Buy,234949212
2024-08-27 09:56:49,24450.0,200,Buy,234949213
2024-08-27 09:56:49,24450.0,400,Buy,234949211
2024-08-27 09:56:55,24450.0,2000,Buy,234949306
2024-08-27 09:56:58,24400.0,400,Sell,234949402
2024-08-27 09:57:09,24450.0,1000,Buy,234949584
2024-08-27 09:57:12,24400.0,200,Sell,234949621
2024-08-27 09:57:52,24450.0,5000,Buy,234950346
2024-08-27 09:58:00,24450.0,1000,Buy,234950474
2024-08-27 09:58:26,24450.0,300,Buy,234950866
2024-08-27 09:58:27,24450.0,10000,Buy,234950886
2024-08-27 09:58:43,24450.0,300,Buy,234951114
2024-08-27 09:58:45,24450.0,500,Buy,234951134
2024-08-27 09:58:45,24450.0,400,Buy,234951135
2024-08-27 09:58:45,24450.0,19100,Buy,234951133
2024-08-27 09:58:46,24450.0,600,Buy,234951144
2024-08-27 09:58:58,24450.0,1000,Buy,234951297
2024-08-27 09:59:05,24450.0,200,Buy,234951380
2024-08-27 09:59:05,24450.0,800,Buy,234951381
2024-08-27 09:59:05,24450.0,200,Buy,234951386
2024-08-27 09:59:05,24450.0,100,Buy,234951387
2024-08-27 09:59:05,24450.0,100,Buy,234951388
2024-08-27 09:59:05,24450.0,600,Buy,234951389
2024-08-27 09:59:17,24450.0,500,Buy,234951614
2024-08-27 09:59:23,24450.0,500,Buy,234951695
2024-08-27 09:59:25,24400.0,100,Sell,234951722
2024-08-27 09:59:47,24450.0,200,Buy,234952036
2024-08-27 10:00:01,24450.0,1900,Buy,234952380
2024-08-27 10:00:40,24400.0,1000,Sell,234953014
2024-08-27 10:00:48,24450.0,6300,Buy,234953133
2024-08-27 10:00:48,24450.0,3600,Buy,234953134
2024-08-27 10:00:54,24450.0,6400,Buy,234953237
2024-08-27 10:00:54,24450.0,4800,Buy,234953238
2024-08-27 10:00:54,24400.0,600,Sell,234953247
2024-08-27 10:01:00,24450.0,2300,Buy,234953317
2024-08-27 10:01:00,24450.0,500,Buy,234953316
2024-08-27 10:01:00,24450.0,100,Buy,234953314
2024-08-27 10:01:00,24450.0,100,Buy,234953313
2024-08-27 10:01:00,24450.0,2000,Buy,234953315
2024-08-27 10:01:00,24450.0,200,Buy,234953311
2024-08-27 10:01:00,24450.0,2000,Buy,234953307
2024-08-27 10:01:00,24450.0,100,Buy,234953312
2024-08-27 10:01:00,24450.0,1100,Buy,234953310
2024-08-27 10:01:00,24450.0,18200,Buy,234953309
2024-08-27 10:01:06,24400.0,5000,Sell,234953395
2024-08-27 10:01:15,24450.0,900,Buy,234953503
2024-08-27 10:01:20,24450.0,1800,Buy,234953631
2024-08-27 10:01:20,24450.0,3000,Buy,234953632
2024-08-27 10:01:20,24450.0,1300,Buy,234953633
2024-08-27 10:01:32,24450.0,20000,Buy,234953836
2024-08-27 10:01:35,24450.0,100,Buy,234953890
2024-08-27 10:01:35,24450.0,2300,Buy,234953895
2024-08-27 10:01:40,24400.0,500,Sell,234953992
2024-08-27 10:01:53,24450.0,300,Buy,234954187
2024-08-27 10:02:13,24450.0,3000,Buy,234954539
2024-08-27 10:02:13,24450.0,1000,Buy,234954538
2024-08-27 10:02:17,24450.0,2200,Buy,234954581
2024-08-27 10:02:45,24450.0,1000,Buy,234955063
2024-08-27 10:02:58,24450.0,1000,Buy,234955277
2024-08-27 10:03:05,24450.0,1000,Buy,234955375
2024-08-27 10:03:18,24450.0,8000,Buy,234955588
2024-08-27 10:03:18,24450.0,100,Buy,234955587
2024-08-27 10:03:18,24450.0,2600,Buy,234955586
2024-08-27 10:03:18,24450.0,2900,Buy,234955585
2024-08-27 10:03:18,24450.0,5000,Buy,234955584
2024-08-27 10:03:18,24450.0,25000,Buy,234955583
2024-08-27 10:03:18,24450.0,1000,Buy,234955582
2024-08-27 10:03:18,24450.0,200,Buy,234955580
2024-08-27 10:03:18,24450.0,500,Buy,234955579
2024-08-27 10:03:18,24450.0,100,Buy,234955578
2024-08-27 10:03:18,24450.0,300,Buy,234955577
2024-08-27 10:03:18,24450.0,9200,Buy,234955576
2024-08-27 10:03:18,24450.0,7800,Buy,234955575
2024-08-27 10:03:18,24450.0,1800,Buy,234955574
2024-08-27 10:03:18,24450.0,2000,Buy,234955581
2024-08-27 10:03:34,24450.0,1000,Sell,234955796
2024-08-27 10:03:43,24450.0,500,Sell,234955935
2024-08-27 10:03:51,24450.0,300,Sell,234956059
2024-08-27 10:03:59,24450.0,1000,Sell,234956196
2024-08-27 10:04:04,24450.0,700,Sell,234956257
2024-08-27 10:04:30,24450.0,5000,Sell,234956766
2024-08-27 10:04:43,24450.0,3400,Sell,234956942
2024-08-27 10:04:43,24450.0,7500,Sell,234956941
2024-08-27 10:04:43,24450.0,3000,Sell,234956938
2024-08-27 10:04:43,24450.0,500,Sell,234956939
2024-08-27 10:04:43,24450.0,5000,Sell,234956937
2024-08-27 10:04:43,24450.0,600,Sell,234956940
2024-08-27 10:04:46,24450.0,1500,Sell,234956969
2024-08-27 10:04:56,24450.0,300,Sell,234957181
2024-08-27 10:05:19,24500.0,100,Buy,234957509
2024-08-27 10:05:23,24450.0,200,Sell,234957567
2024-08-27 10:05:56,24450.0,5000,Sell,234958169
2024-08-27 10:06:00,24450.0,5000,Sell,234958266
2024-08-27 10:06:01,24450.0,200,Sell,234958279
2024-08-27 10:06:01,24450.0,200,Sell,234958277
2024-08-27 10:06:01,24450.0,100,Sell,234958278
2024-08-27 10:06:01,24450.0,1000,Sell,234958276
2024-08-27 10:06:20,24400.0,100,Sell,234958520
2024-08-27 10:06:36,24400.0,100,Sell,234958971
2024-08-27 10:06:51,24400.0,100,Sell,234959588
2024-08-27 10:07:10,24450.0,2500,Buy,234959904
2024-08-27 10:07:10,24450.0,500,Buy,234959903
2024-08-27 10:07:27,24450.0,400,Buy,234960226
2024-08-27 10:07:29,24450.0,100,Buy,234960263
2024-08-27 10:07:34,24450.0,1000,Buy,234960340
2024-08-27 10:07:49,24400.0,500,Sell,234960616
2024-08-27 10:08:21,24400.0,700,Sell,234961360
2024-08-27 10:08:21,24400.0,200,Sell,234961361
2024-08-27 10:08:42,24450.0,300,Buy,234961776
2024-08-27 10:08:43,24450.0,100,Buy,234961825
2024-08-27 10:08:50,24400.0,100,Sell,234961925
2024-08-27 10:08:50,24450.0,600,Buy,234961936
2024-08-27 10:08:53,24450.0,100,Buy,234962060
2024-08-27 10:09:04,24450.0,100,Buy,234962253
2024-08-27 10:09:24,24450.0,2000,Buy,234962544
2024-08-27 10:09:27,24400.0,200,Sell,234962642
2024-08-27 10:09:35,24400.0,100,Sell,234962921
2024-08-27 10:09:39,24450.0,2800,Buy,234962975
2024-08-27 10:09:39,24450.0,2000,Buy,234962976
2024-08-27 10:09:39,24450.0,100,Buy,234962977
2024-08-27 10:09:39,24450.0,2000,Buy,234962978
2024-08-27 10:09:39,24450.0,1700,Buy,234962979
2024-08-27 10:09:39,24450.0,21400,Buy,234962980
2024-08-27 10:09:55,24450.0,100,Buy,234963459
2024-08-27 10:09:58,24450.0,1000,Buy,234963533
2024-08-27 10:10:11,24450.0,2000,Buy,234963905
2024-08-27 10:10:28,24450.0,500,Buy,234964224
2024-08-27 10:10:31,24450.0,100,Buy,234964278
2024-08-27 10:10:40,24450.0,5700,Buy,234964500
2024-08-27 10:10:56,24450.0,500,Buy,234964966
2024-08-27 10:10:57,24450.0,700,Buy,234965005
2024-08-27 10:11:16,24450.0,200,Buy,234965517
2024-08-27 10:11:24,24450.0,57800,Buy,234965769
2024-08-27 10:11:24,24450.0,400,Buy,234965770
2024-08-27 10:11:24,24450.0,25000,Buy,234965771
2024-08-27 10:11:24,24450.0,1000,Buy,234965772
2024-08-27 10:11:24,24450.0,1000,Buy,234965773
2024-08-27 10:11:24,24450.0,100,Buy,234965774
2024-08-27 10:11:26,24450.0,1100,Sell,234965836
2024-08-27 10:11:45,24450.0,100,Sell,234966414
2024-08-27 10:12:04,24450.0,100,Sell,234967120
2024-08-27 10:12:21,24450.0,13400,Sell,234967555
2024-08-27 10:12:21,24450.0,1600,Sell,234967556
2024-08-27 10:12:25,24450.0,2400,Sell,234967639
2024-08-27 10:12:25,24450.0,1900,Sell,234967640
2024-08-27 10:12:25,24450.0,100,Sell,234967641
2024-08-27 10:12:25,24450.0,2000,Sell,234967642
2024-08-27 10:12:25,24400.0,2600,Sell,234967643
2024-08-27 10:12:44,24450.0,100,Buy,234968214
2024-08-27 10:12:50,24450.0,1000,Buy,234968331
2024-08-27 10:13:18,24450.0,100,Buy,234969228
2024-08-27 10:13:24,24450.0,500,Buy,234969478
2024-08-27 10:13:34,24450.0,500,Buy,234969773
2024-08-27 10:13:43,24450.0,100,Buy,234970241
2024-08-27 10:13:54,24450.0,100,Buy,234970564
2024-08-27 10:13:54,24450.0,1000,Buy,234970563
2024-08-27 10:13:54,24450.0,100,Buy,234970562
2024-08-27 10:13:54,24450.0,1000,Buy,234970561
2024-08-27 10:13:54,24450.0,700,Buy,234970556
2024-08-27 10:13:54,24450.0,5000,Buy,234970559
2024-08-27 10:13:54,24450.0,100,Buy,234970558
2024-08-27 10:13:54,24450.0,100,Buy,234970557
2024-08-27 10:13:54,24450.0,5000,Buy,234970560
2024-08-27 10:13:56,24450.0,3700,Sell,234970632
2024-08-27 10:14:13,24450.0,100,Sell,234971152
2024-08-27 10:14:55,24450.0,100,Sell,234972556
2024-08-27 10:15:02,24450.0,1500,Sell,234972683
2024-08-27 10:15:30,24450.0,1000,Sell,234973814
2024-08-27 10:15:35,24500.0,1000,Buy,234974103
2024-08-27 10:15:41,24450.0,2000,Sell,234974258
2024-08-27 10:15:58,24450.0,100,Sell,234975141
2024-08-27 10:16:00,24500.0,1700,Buy,234975234
2024-08-27 10:16:03,24500.0,2000,Buy,234975301
2024-08-27 10:16:03,24450.0,800,Sell,234975303
2024-08-27 10:16:06,24500.0,2000,Buy,234975366
2024-08-27 10:16:07,24450.0,200,Sell,234975420
2024-08-27 10:16:35,24500.0,100,Buy,234976168
2024-08-27 10:16:43,24450.0,100,Sell,234976413
2024-08-27 10:16:46,24450.0,100,Sell,234976460
2024-08-27 10:16:56,24500.0,1500,Buy,234976697
2024-08-27 10:17:01,24450.0,10000,Sell,234976818
2024-08-27 10:17:28,24450.0,5000,Sell,234977713
2024-08-27 10:17:32,24500.0,2000,Buy,234977855
2024-08-27 10:17:40,24450.0,2200,Sell,234978093
2024-08-27 10:17:40,24450.0,800,Sell,234978094
2024-08-27 10:17:47,24500.0,500,Buy,234978325
2024-08-27 10:17:47,24450.0,100,Sell,234978354
2024-08-27 10:17:49,24450.0,1400,Sell,234978400
2024-08-27 10:17:52,24450.0,5500,Sell,234978510
2024-08-27 10:17:52,24450.0,1000,Sell,234978511
2024-08-27 10:17:52,24450.0,1000,Sell,234978512
2024-08-27 10:17:52,24450.0,3700,Sell,234978513
2024-08-27 10:17:52,24450.0,1500,Sell,234978514
2024-08-27 10:17:52,24450.0,1000,Sell,234978519
2024-08-27 10:17:52,24450.0,200,Sell,234978516
2024-08-27 10:17:52,24450.0,200,Sell,234978517
2024-08-27 10:17:52,24450.0,500,Sell,234978518
2024-08-27 10:17:52,24450.0,1300,Sell,234978509
2024-08-27 10:17:52,24400.0,74300,Sell,234978521
2024-08-27 10:17:52,24450.0,1300,Sell,234978515
2024-08-27 10:17:52,24450.0,100,Sell,234978520
2024-08-27 10:17:52,24450.0,4000,Sell,234978508
2024-08-27 10:17:52,24450.0,2000,Sell,234978505
2024-08-27 10:17:52,24450.0,17700,Sell,234978494
2024-08-27 10:17:52,24450.0,2000,Sell,234978495
2024-08-27 10:17:52,24450.0,100,Sell,234978496
2024-08-27 10:17:52,24450.0,200,Sell,234978497
2024-08-27 10:17:52,24450.0,4000,Sell,234978498
2024-08-27 10:17:52,24450.0,100,Sell,234978507
2024-08-27 10:17:52,24450.0,5000,Sell,234978500
2024-08-27 10:17:52,24450.0,700,Sell,234978504
2024-08-27 10:17:52,24450.0,500,Sell,234978503
2024-08-27 10:17:52,24450.0,10000,Sell,234978499
2024-08-27 10:17:52,24450.0,3000,Sell,234978501
2024-08-27 10:17:52,24450.0,100,Sell,234978502
2024-08-27 10:17:54,24450.0,9000,Buy,234978641
2024-08-27 10:17:58,24400.0,17700,Sell,234978810
2024-08-27 10:17:58,24400.0,1000,Sell,234978811
2024-08-27 10:17:58,24400.0,6700,Sell,234978812
2024-08-27 10:18:05,24400.0,500,Sell,234979075
2024-08-27 10:18:07,24400.0,100,Sell,234979109
2024-08-27 10:18:39,24450.0,1200,Buy,234980121
2024-08-27 10:18:45,24450.0,20000,Buy,234980341
2024-08-27 10:18:51,24450.0,1000,Buy,234980504
2024-08-27 10:18:54,24400.0,200,Sell,234980556
2024-08-27 10:18:54,24400.0,1800,Sell,234980557
2024-08-27 10:18:58,24450.0,1000,Buy,234980628
2024-08-27 10:19:02,24450.0,5000,Buy,234980740
2024-08-27 10:19:11,24450.0,1000,Buy,234981034
2024-08-27 10:19:15,24400.0,3000,Sell,234981226
2024-08-27 10:19:30,24400.0,100,Sell,234981537
2024-08-27 10:19:30,24400.0,200,Sell,234981535
2024-08-27 10:19:30,24400.0,200,Sell,234981536
2024-08-27 10:19:38,24450.0,600,Buy,234981752
2024-08-27 10:19:42,24400.0,400,Sell,234981851
2024-08-27 10:19:42,24400.0,100,Sell,234981852
2024-08-27 10:19:43,24450.0,500,Buy,234981883
2024-08-27 10:20:15,24450.0,2000,Buy,234982993
2024-08-27 10:20:47,24400.0,100,Sell,234983925
2024-08-27 10:20:57,24400.0,100,Sell,234984168
2024-08-27 10:21:04,24450.0,1000,Buy,234984335
2024-08-27 10:21:19,24450.0,20000,Buy,234984735
2024-08-27 10:21:25,24450.0,1000,Buy,234984918
2024-08-27 10:21:39,24450.0,2000,Buy,234985336
2024-08-27 10:21:41,24450.0,500,Buy,234985420
2024-08-27 10:21:52,24450.0,1000,Buy,234985753
2024-08-27 10:21:52,24400.0,200,Sell,234985754
2024-08-27 10:21:52,24400.0,800,Sell,234985755
2024-08-27 10:21:52,24450.0,1000,Buy,234985770
2024-08-27 10:22:04,24400.0,1000,Sell,234986022
2024-08-27 10:22:04,24400.0,200,Sell,234986023
2024-08-27 10:22:04,24400.0,100,Sell,234986021
2024-08-27 10:22:04,24400.0,500,Sell,234986019
2024-08-27 10:22:04,24400.0,1000,Sell,234986018
2024-08-27 10:22:04,24400.0,2200,Sell,234986017
2024-08-27 10:22:04,24400.0,5000,Sell,234986020
2024-08-27 10:22:09,24400.0,4800,Sell,234986169
2024-08-27 10:22:09,24400.0,5200,Sell,234986170
2024-08-27 10:22:45,24400.0,100,Sell,234986965
2024-08-27 10:22:55,24400.0,100,Sell,234987261
2024-08-27 10:22:55,24400.0,900,Sell,234987262
2024-08-27 10:23:13,24400.0,300,Sell,234987684
2024-08-27 10:23:13,24400.0,100,Sell,234987682
2024-08-27 10:23:13,24400.0,100,Sell,234987681
2024-08-27 10:23:13,24400.0,500,Sell,234987683
2024-08-27 10:23:35,24400.0,100,Sell,234988246
2024-08-27 10:23:35,24400.0,28300,Sell,234988251
2024-08-27 10:23:35,24400.0,1700,Sell,234988249
2024-08-27 10:23:35,24400.0,100,Sell,234988248
2024-08-27 10:23:35,24400.0,2000,Sell,234988247
2024-08-27 10:23:35,24400.0,1000,Sell,234988245
2024-08-27 10:23:35,24400.0,500,Sell,234988250
2024-08-27 10:23:35,24400.0,2000,Sell,234988243
2024-08-27 10:23:35,24400.0,2000,Sell,234988242
2024-08-27 10:23:35,24400.0,1500,Sell,234988241
2024-08-27 10:23:35,24400.0,1000,Sell,234988240
2024-08-27 10:23:35,24400.0,20000,Sell,234988239
2024-08-27 10:23:35,24400.0,1600,Sell,234988238
2024-08-27 10:23:35,24400.0,2200,Sell,234988237
2024-08-27 10:23:35,24400.0,1000,Sell,234988244
2024-08-27 10:23:39,24450.0,300,Buy,234988322
2024-08-27 10:23:44,24400.0,1000,Sell,234988408
2024-08-27 10:23:49,24400.0,4200,Sell,234988524
2024-08-27 10:24:09,24400.0,2500,Sell,234988978
2024-08-27 10:24:14,24400.0,500,Sell,234989056
2024-08-27 10:24:28,24400.0,1700,Sell,234989385
2024-08-27 10:24:31,24450.0,2000,Buy,234989447
2024-08-27 10:25:00,24400.0,9000,Sell,234990069
2024-08-27 10:25:01,24450.0,3000,Buy,234990080
2024-08-27 10:26:16,24400.0,200,Sell,234991697
2024-08-27 10:26:32,24400.0,10000,Sell,234991957
2024-08-27 10:27:10,24400.0,6700,Sell,234992701
2024-08-27 10:27:15,24400.0,15900,Sell,234992825
2024-08-27 10:27:15,24400.0,100,Sell,234992826
2024-08-27 10:27:15,24400.0,200,Sell,234992827
2024-08-27 10:27:15,24400.0,4300,Sell,234992828
2024-08-27 10:27:15,24400.0,100,Sell,234992829
2024-08-27 10:27:15,24400.0,300,Sell,234992830
2024-08-27 10:27:16,24400.0,200,Sell,234992869
2024-08-27 10:27:16,24400.0,200,Sell,234992870
2024-08-27 10:27:16,24400.0,100,Sell,234992871
2024-08-27 10:27:16,24400.0,1000,Sell,234992873
2024-08-27 10:27:16,24400.0,1000,Sell,234992872
2024-08-27 10:27:16,24400.0,1000,Sell,234992874
2024-08-27 10:27:16,24400.0,1000,Sell,234992868
2024-08-27 10:27:16,24400.0,300,Sell,234992878
2024-08-27 10:27:16,24400.0,200,Sell,234992879
2024-08-27 10:27:16,24400.0,100,Sell,234992880
2024-08-27 10:27:16,24400.0,200,Sell,234992881
2024-08-27 10:27:16,24400.0,4800,Sell,234992882
2024-08-27 10:27:16,24400.0,200,Sell,234992875
2024-08-27 10:27:16,24400.0,100,Sell,234992867
2024-08-27 10:27:16,24400.0,200,Sell,234992854
2024-08-27 10:27:16,24400.0,100,Sell,234992865
2024-08-27 10:27:16,24400.0,100,Sell,234992866
2024-08-27 10:27:16,24400.0,700,Sell,234992851
2024-08-27 10:27:16,24400.0,200,Sell,234992852
2024-08-27 10:27:16,24400.0,5000,Sell,234992855
2024-08-27 10:27:16,24400.0,500,Sell,234992856
2024-08-27 10:27:16,24400.0,100,Sell,234992857
2024-08-27 10:27:16,24400.0,500,Sell,234992853
2024-08-27 10:27:16,24400.0,300,Sell,234992859
2024-08-27 10:27:16,24400.0,1000,Sell,234992863
2024-08-27 10:27:16,24400.0,100,Sell,234992862
2024-08-27 10:27:16,24400.0,100,Sell,234992864
2024-08-27 10:27:16,24400.0,100,Sell,234992861
2024-08-27 10:27:16,24400.0,100,Sell,234992860
2024-08-27 10:27:16,24400.0,500,Sell,234992858
2024-08-27 10:27:28,24400.0,8600,Sell,234993120
2024-08-27 10:27:28,24450.0,1000,Buy,234993121
2024-08-27 10:27:36,24400.0,3000,Sell,234993228
2024-08-27 10:27:44,24400.0,3000,Sell,234993415
2024-08-27 10:27:44,24400.0,10000,Sell,234993413
2024-08-27 10:27:44,24400.0,100,Sell,234993412
2024-08-27 10:27:44,24400.0,500,Sell,234993411
2024-08-27 10:27:44,24400.0,3000,Sell,234993410
2024-08-27 10:27:44,24400.0,1000,Sell,234993407
2024-08-27 10:27:44,24400.0,200,Sell,234993408
2024-08-27 10:27:44,24400.0,1000,Sell,234993406
2024-08-27 10:27:44,24400.0,100,Sell,234993405
2024-08-27 10:27:44,24400.0,1000,Sell,234993404
2024-08-27 10:27:44,24400.0,500,Sell,234993409
2024-08-27 10:27:44,24400.0,1000,Sell,234993417
2024-08-27 10:27:44,24400.0,100,Sell,234993419
2024-08-27 10:27:44,24400.0,2000,Sell,234993403
2024-08-27 10:27:44,24400.0,1000,Sell,234993420
2024-08-27 10:27:44,24400.0,100,Sell,234993421
2024-08-27 10:27:44,24400.0,100,Sell,234993422
2024-08-27 10:27:44,24400.0,200,Sell,234993432
2024-08-27 10:27:44,24400.0,100,Sell,234993433
2024-08-27 10:27:44,24400.0,1000,Sell,234993434
2024-08-27 10:27:44,24400.0,200,Sell,234993435
2024-08-27 10:27:44,24400.0,3000,Sell,234993436
2024-08-27 10:27:44,24400.0,100,Sell,234993437
2024-08-27 10:27:44,24400.0,300,Sell,234993438
2024-08-27 10:27:44,24400.0,200,Sell,234993439
2024-08-27 10:27:44,24400.0,300,Sell,234993418
2024-08-27 10:27:44,24400.0,100,Sell,234993402
2024-08-27 10:27:44,24400.0,100,Sell,234993416
2024-08-27 10:27:44,24400.0,1000,Sell,234993400
2024-08-27 10:27:44,24400.0,2000,Sell,234993401
2024-08-27 10:27:44,24400.0,19600,Sell,234993373
2024-08-27 10:27:44,24400.0,100,Sell,234993374
2024-08-27 10:27:44,24400.0,100,Sell,234993375
2024-08-27 10:27:44,24400.0,100,Sell,234993376
2024-08-27 10:27:44,24400.0,400,Sell,234993377
2024-08-27 10:27:44,24400.0,1000,Sell,234993378
2024-08-27 10:27:44,24400.0,500,Sell,234993379
2024-08-27 10:27:44,24400.0,100,Sell,234993380
2024-08-27 10:27:44,24400.0,10000,Sell,234993381
2024-08-27 10:27:44,24400.0,100,Sell,234993382
2024-08-27 10:27:44,24400.0,300,Sell,234993383
2024-08-27 10:27:44,24400.0,1000,Sell,234993384
2024-08-27 10:27:44,24400.0,500,Sell,234993385
2024-08-27 10:27:44,24400.0,1500,Sell,234993414
2024-08-27 10:27:44,24400.0,100,Sell,234993387
2024-08-27 10:27:44,24400.0,800,Sell,234993388
2024-08-27 10:27:44,24400.0,100,Sell,234993386
2024-08-27 10:27:44,24400.0,200,Sell,234993389
2024-08-27 10:27:44,24400.0,300,Sell,234993390
2024-08-27 10:27:44,24400.0,2000,Sell,234993391
2024-08-27 10:27:44,24400.0,2800,Sell,234993392
2024-08-27 10:27:44,24400.0,600,Sell,234993393
2024-08-27 10:27:44,24400.0,20000,Sell,234993394
2024-08-27 10:27:44,24400.0,100,Sell,234993395
2024-08-27 10:27:44,24400.0,100,Sell,234993396
2024-08-27 10:27:44,24400.0,100,Sell,234993397
2024-08-27 10:27:44,24400.0,600,Sell,234993398
2024-08-27 10:27:44,24400.0,300,Sell,234993399
2024-08-27 10:27:49,24400.0,1500,Buy,234993594
2024-08-27 10:27:53,24400.0,500,Buy,234993670
2024-08-27 10:28:04,24400.0,100,Buy,234993866
2024-08-27 10:28:12,24400.0,100,Buy,234994020
2024-08-27 10:28:21,24400.0,1000,Buy,234994128
2024-08-27 10:28:29,24400.0,100,Buy,234994238
2024-08-27 10:28:29,24400.0,100,Buy,234994239
2024-08-27 10:28:34,24400.0,100,Buy,234994308
2024-08-27 10:28:42,24400.0,300,Sell,234994423
2024-08-27 10:28:42,24350.0,600,Sell,234994424
2024-08-27 10:29:19,24400.0,1000,Buy,234995264
2024-08-27 10:29:19,24400.0,500,Buy,234995265
2024-08-27 10:29:23,24400.0,5000,Sell,234995316
2024-08-27 10:29:38,24400.0,300,Sell,234995611
2024-08-27 10:29:49,24400.0,1000,Sell,234995806
2024-08-27 10:29:49,24400.0,2200,Sell,234995815
2024-08-27 10:29:49,24400.0,1000,Sell,234995816
2024-08-27 10:29:56,24400.0,200,Buy,234995949
2024-08-27 10:29:58,24400.0,2600,Buy,234996014
2024-08-27 10:30:05,24450.0,200,Buy,234996205
2024-08-27 10:30:05,24450.0,100,Buy,234996206
2024-08-27 10:30:07,24400.0,47400,Sell,234996229
2024-08-27 10:30:12,24400.0,100,Buy,234996359
2024-08-27 10:30:17,24400.0,500,Buy,234996486
2024-08-27 10:30:23,24400.0,600,Buy,234996644
2024-08-27 10:30:33,24400.0,1400,Buy,234996809
2024-08-27 10:30:33,24400.0,10000,Buy,234996810
2024-08-27 10:30:33,24400.0,10000,Buy,234996811
2024-08-27 10:30:33,24400.0,100,Buy,234996812
2024-08-27 10:30:33,24400.0,200,Buy,234996813
2024-08-27 10:30:35,24400.0,15000,Sell,234996878
2024-08-27 10:30:38,24400.0,13300,Sell,234997003
2024-08-27 10:30:38,24400.0,14800,Sell,234997004
2024-08-27 10:30:50,24400.0,71900,Buy,234997229
2024-08-27 10:30:59,24400.0,2000,Sell,234997350
2024-08-27 10:30:59,24400.0,78100,Sell,234997349
2024-08-27 10:31:16,24400.0,100,Buy,234997645
2024-08-27 10:31:19,24400.0,100,Buy,234997723
2024-08-27 10:31:21,24400.0,100,Buy,234997745
2024-08-27 10:31:22,24400.0,19600,Buy,234997760
2024-08-27 10:31:22,24400.0,5000,Buy,234997761
2024-08-27 10:31:22,24400.0,1700,Buy,234997762
2024-08-27 10:31:22,24400.0,700,Buy,234997763
2024-08-27 10:31:43,24400.0,2000,Sell,234998123
2024-08-27 10:31:44,24400.0,100,Sell,234998185
2024-08-27 10:31:47,24400.0,2000,Sell,234998240
2024-08-27 10:31:51,24400.0,50000,Sell,234998296
2024-08-27 10:31:52,24400.0,1000,Sell,234998319
2024-08-27 10:32:07,24400.0,300,Sell,234998518
2024-08-27 10:32:15,24400.0,700,Sell,234998744
2024-08-27 10:32:25,24400.0,1000,Sell,234998921
2024-08-27 10:32:25,24400.0,5000,Sell,234998922
2024-08-27 10:32:25,24400.0,100,Sell,234998923
2024-08-27 10:32:25,24400.0,66900,Sell,234998920
2024-08-27 10:32:32,24400.0,700,Buy,234999044
2024-08-27 10:32:49,24400.0,1200,Buy,234999618
2024-08-27 10:32:51,24400.0,15100,Buy,234999662
2024-08-27 10:32:51,24400.0,10000,Buy,234999663
2024-08-27 10:32:51,24400.0,200,Buy,234999664
2024-08-27 10:32:51,24400.0,1000,Buy,234999665
2024-08-27 10:32:51,24400.0,500,Buy,234999666
2024-08-27 10:32:53,24400.0,1000,Sell,234999700
2024-08-27 10:33:40,24400.0,200,Sell,235000515
2024-08-27 10:33:48,24400.0,100,Sell,235000641
2024-08-27 10:34:31,24400.0,100,Sell,235001208
2024-08-27 10:34:37,24400.0,200,Sell,235001283
2024-08-27 10:34:44,24400.0,500,Sell,235001470
2024-08-27 10:34:44,24450.0,12800,Buy,235001468
2024-08-27 10:34:44,24450.0,100,Buy,235001467
2024-08-27 10:34:44,24450.0,1200,Buy,235001466
2024-08-27 10:34:44,24450.0,500,Buy,235001464
2024-08-27 10:34:44,24450.0,2000,Buy,235001463
2024-08-27 10:34:44,24450.0,10000,Buy,235001462
2024-08-27 10:34:44,24450.0,8100,Buy,235001465
2024-08-27 10:34:44,24450.0,300,Buy,235001460
2024-08-27 10:34:44,24450.0,2000,Buy,235001459
2024-08-27 10:34:44,24450.0,100,Buy,235001458
2024-08-27 10:34:44,24450.0,100,Buy,235001457
2024-08-27 10:34:44,24450.0,200,Buy,235001456
2024-08-27 10:34:44,24450.0,100,Buy,235001455
2024-08-27 10:34:44,24450.0,500,Buy,235001454
2024-08-27 10:34:44,24450.0,1900,Buy,235001453
2024-08-27 10:34:44,24450.0,100,Buy,235001461
2024-08-27 10:34:47,24400.0,2000,Sell,235001587
2024-08-27 10:35:15,24400.0,100,Sell,235002202
2024-08-27 10:35:29,24450.0,100,Buy,235002409
2024-08-27 10:35:29,24450.0,12600,Buy,235002413
2024-08-27 10:35:29,24450.0,100,Buy,235002412
2024-08-27 10:35:29,24450.0,800,Buy,235002411
2024-08-27 10:35:29,24450.0,15000,Buy,235002410
2024-08-27 10:35:29,24450.0,200,Buy,235002408
2024-08-27 10:35:29,24450.0,100,Buy,235002401
2024-08-27 10:35:29,24450.0,2000,Buy,235002406
2024-08-27 10:35:29,24450.0,1000,Buy,235002405
2024-08-27 10:35:29,24450.0,1000,Buy,235002404
2024-08-27 10:35:29,24450.0,5000,Buy,235002403
2024-08-27 10:35:29,24450.0,100,Buy,235002402
2024-08-27 10:35:29,24450.0,17200,Buy,235002400
2024-08-27 10:35:29,24450.0,4800,Buy,235002407
2024-08-27 10:35:49,24450.0,9000,Buy,235002872
2024-08-27 10:35:49,24450.0,500,Buy,235002871
2024-08-27 10:35:49,24450.0,1000,Buy,235002870
2024-08-27 10:35:49,24450.0,10000,Buy,235002867
2024-08-27 10:35:49,24450.0,5000,Buy,235002868
2024-08-27 10:35:49,24450.0,2000,Buy,235002866
2024-08-27 10:35:49,24450.0,21500,Buy,235002865
2024-08-27 10:35:49,24450.0,1000,Buy,235002869
2024-08-27 10:36:03,24450.0,500,Buy,235003325
2024-08-27 10:36:03,24450.0,300,Buy,235003326
2024-08-27 10:36:03,24450.0,5000,Buy,235003324
2024-08-27 10:36:03,24450.0,4900,Buy,235003327
2024-08-27 10:36:03,24450.0,5000,Buy,235003322
2024-08-27 10:36:03,24450.0,100,Buy,235003321
2024-08-27 10:36:03,24450.0,2500,Buy,235003320
2024-08-27 10:36:03,24450.0,700,Buy,235003319
2024-08-27 10:36:03,24450.0,1000,Buy,235003323
2024-08-27 10:36:07,24450.0,3100,Buy,235003411
2024-08-27 10:36:07,24450.0,2000,Buy,235003412
2024-08-27 10:36:07,24450.0,500,Buy,235003413
2024-08-27 10:36:35,24450.0,100,Sell,235003704
2024-08-27 10:36:37,24450.0,4000,Sell,235003739
2024-08-27 10:36:48,24450.0,10000,Sell,235003901
2024-08-27 10:36:49,24450.0,300,Sell,235003934
2024-08-27 10:36:49,24450.0,6700,Sell,235003935
2024-08-27 10:37:10,24400.0,2000,Sell,235004218
2024-08-27 10:37:12,24450.0,34000,Buy,235004293
2024-08-27 10:37:28,24400.0,300,Sell,235004513
2024-08-27 10:37:43,24450.0,1000,Buy,235004745
2024-08-27 10:37:43,24450.0,10000,Buy,235004746
2024-08-27 10:37:43,24450.0,2000,Buy,235004747
2024-08-27 10:37:43,24450.0,100,Buy,235004748
2024-08-27 10:37:43,24450.0,1900,Buy,235004749
2024-08-27 10:37:46,24400.0,100,Sell,235004831
2024-08-27 10:38:32,24400.0,500,Sell,235005563
2024-08-27 10:38:48,24450.0,2000,Buy,235005832
2024-08-27 10:38:48,24450.0,9000,Buy,235005833
2024-08-27 10:38:48,24450.0,1000,Buy,235005831
2024-08-27 10:38:48,24450.0,10000,Buy,235005834
2024-08-27 10:38:48,24450.0,400,Buy,235005829
2024-08-27 10:38:48,24450.0,100,Buy,235005826
2024-08-27 10:38:48,24450.0,900,Buy,235005830
2024-08-27 10:38:48,24450.0,100,Buy,235005828
2024-08-27 10:38:48,24450.0,5000,Buy,235005827
2024-08-27 10:38:50,24450.0,10000,Sell,235005873
2024-08-27 10:39:07,24450.0,100,Sell,235006105
2024-08-27 10:39:16,24450.0,5000,Sell,235006230
2024-08-27 10:39:22,24450.0,100,Sell,235006347
2024-08-27 10:39:25,24450.0,200,Sell,235006388
2024-08-27 10:39:34,24450.0,2800,Sell,235006511
2024-08-27 10:39:48,24450.0,2000,Sell,235006815
2024-08-27 10:39:48,24450.0,1300,Sell,235006821
2024-08-27 10:39:48,24450.0,1000,Sell,235006822
2024-08-27 10:39:57,24450.0,700,Buy,235006983
2024-08-27 10:39:57,24450.0,1300,Buy,235006984
2024-08-27 10:40:29,24450.0,3000,Buy,235007499
2024-08-27 10:40:29,24450.0,1500,Buy,235007498
2024-08-27 10:40:29,24450.0,3700,Buy,235007496
2024-08-27 10:40:29,24450.0,5000,Buy,235007497
2024-08-27 10:40:44,24450.0,400,Sell,235007722
2024-08-27 10:41:05,24450.0,11200,Sell,235008411
2024-08-27 10:41:16,24450.0,2900,Sell,235008517
2024-08-27 10:41:22,24450.0,10000,Sell,235008666
2024-08-27 10:41:29,24450.0,12300,Sell,235008784
2024-08-27 10:41:29,24450.0,500,Sell,235008785
2024-08-27 10:41:29,24450.0,900,Sell,235008786
2024-08-27 10:41:29,24450.0,800,Sell,235008787
2024-08-27 10:41:37,24450.0,500,Buy,235008882
2024-08-27 10:42:21,24450.0,600,Buy,235009740
2024-08-27 10:42:35,24450.0,5500,Buy,235009960
2024-08-27 10:42:35,24450.0,100,Buy,235009959
2024-08-27 10:42:35,24450.0,4400,Buy,235009955
2024-08-27 10:42:35,24450.0,1000,Buy,235009957
2024-08-27 10:42:35,24450.0,10000,Buy,235009956
2024-08-27 10:42:35,24450.0,1700,Buy,235009958
2024-08-27 10:42:39,24450.0,100,Buy,235010075
2024-08-27 10:42:52,24450.0,200,Buy,235010436
2024-08-27 10:42:59,24450.0,500,Buy,235010528
2024-08-27 10:43:12,24450.0,2000,Buy,235010758
2024-08-27 10:43:12,24450.0,200,Buy,235010770
2024-08-27 10:44:42,24400.0,1200,Sell,235013326
2024-08-27 10:44:46,24400.0,100,Sell,235013444
2024-08-27 10:45:08,24400.0,500,Sell,235014262
2024-08-27 10:45:08,24400.0,200,Sell,235014263
2024-08-27 10:45:08,24400.0,100,Sell,235014264
2024-08-27 10:45:08,24400.0,2200,Sell,235014265
2024-08-27 10:45:08,24400.0,500,Sell,235014261
2024-08-27 10:45:32,24400.0,300,Sell,235014931
2024-08-27 10:45:43,24400.0,200,Sell,235015221
2024-08-27 10:45:47,24400.0,200,Sell,235015325
2024-08-27 10:46:10,24400.0,1000,Sell,235016245
2024-08-27 10:46:21,24400.0,100,Sell,235016579
2024-08-27 10:46:25,24400.0,100,Sell,235016655
2024-08-27 10:46:58,24400.0,100,Sell,235017782
2024-08-27 10:46:58,24400.0,30000,Sell,235017794
2024-08-27 10:46:58,24400.0,89900,Sell,235017788
2024-08-27 10:46:58,24400.0,2500,Sell,235017787
2024-08-27 10:46:58,24400.0,1700,Sell,235017781
2024-08-27 10:46:58,24400.0,100,Sell,235017785
2024-08-27 10:46:58,24400.0,5000,Sell,235017784
2024-08-27 10:46:58,24400.0,200,Sell,235017783
2024-08-27 10:46:58,24400.0,500,Sell,235017786
2024-08-27 10:47:07,24400.0,2200,Sell,235018131
2024-08-27 10:47:07,24400.0,1000,Sell,235018135
2024-08-27 10:47:11,24400.0,3000,Sell,235018239
2024-08-27 10:47:14,24400.0,23900,Sell,235018396
2024-08-27 10:47:14,24400.0,4600,Sell,235018397
2024-08-27 10:47:14,24400.0,1500,Sell,235018398
2024-08-27 10:47:20,24400.0,500,Sell,235018718
2024-08-27 10:47:20,24400.0,9500,Sell,235018719
2024-08-27 10:47:35,24400.0,500,Sell,235019280
2024-08-27 10:47:35,24400.0,11200,Sell,235019279
2024-08-27 10:47:35,24400.0,100,Sell,235019278
2024-08-27 10:47:35,24400.0,500,Sell,235019277
2024-08-27 10:47:35,24400.0,6600,Sell,235019281
2024-08-27 10:47:35,24400.0,400,Sell,235019275
2024-08-27 10:47:35,24400.0,100,Sell,235019274
2024-08-27 10:47:35,24400.0,100,Sell,235019273
2024-08-27 10:47:35,24400.0,5000,Sell,235019276
2024-08-27 10:47:35,24400.0,44500,Sell,235019272
2024-08-27 10:47:39,24400.0,500,Sell,235019461
2024-08-27 10:47:48,24400.0,7000,Sell,235019761
2024-08-27 10:47:55,24400.0,10000,Sell,235019915
2024-08-27 10:47:59,24400.0,500,Sell,235020004
2024-08-27 10:48:03,24400.0,1000,Sell,235020129
2024-08-27 10:48:06,24400.0,5100,Sell,235020185
2024-08-27 10:48:06,24400.0,9900,Sell,235020186
2024-08-27 10:48:06,24400.0,5000,Sell,235020187
2024-08-27 10:48:06,24400.0,3200,Sell,235020188
2024-08-27 10:48:07,24400.0,31800,Sell,235020250
2024-08-27 10:48:07,24400.0,7500,Sell,235020249
2024-08-27 10:48:07,24400.0,5400,Sell,235020248
2024-08-27 10:48:07,24400.0,1000,Sell,235020247
2024-08-27 10:48:07,24400.0,2000,Sell,235020245
2024-08-27 10:48:07,24400.0,1800,Sell,235020243
2024-08-27 10:48:07,24400.0,300,Sell,235020246
2024-08-27 10:48:07,24400.0,200,Sell,235020244
2024-08-27 10:48:17,24400.0,48200,Sell,235020822
2024-08-27 10:48:17,24400.0,800,Sell,235020823
2024-08-27 10:48:17,24400.0,100,Sell,235020824
2024-08-27 10:48:17,24400.0,900,Sell,235020825
2024-08-27 10:48:18,24400.0,10000,Sell,235020852
2024-08-27 10:48:23,24400.0,3400,Sell,235021024
2024-08-27 10:48:23,24400.0,4100,Sell,235021023
2024-08-27 10:48:28,24400.0,32400,Sell,235021197
2024-08-27 10:48:28,24400.0,11600,Sell,235021195
2024-08-27 10:48:28,24400.0,1000,Sell,235021196
2024-08-27 10:48:31,24400.0,1000,Sell,235021269
2024-08-27 10:48:34,24400.0,50000,Sell,235021319
2024-08-27 10:48:36,24400.0,10000,Sell,235021403
2024-08-27 10:48:38,24400.0,30000,Sell,235021462
2024-08-27 10:48:42,24400.0,16900,Sell,235021618
2024-08-27 10:48:42,24400.0,3000,Sell,235021621
2024-08-27 10:48:46,24400.0,6700,Sell,235021789
2024-08-27 10:48:46,24400.0,15000,Sell,235021790
2024-08-27 10:48:46,24400.0,100,Sell,235021791
2024-08-27 10:48:46,24400.0,15000,Sell,235021792
2024-08-27 10:49:02,24400.0,2000,Buy,235022244
2024-08-27 10:49:30,24400.0,2000,Buy,235023291
2024-08-27 10:49:31,24400.0,50000,Buy,235023333
2024-08-27 10:49:35,24400.0,15000,Buy,235023393
2024-08-27 10:49:58,24400.0,200,Buy,235024138
2024-08-27 10:50:00,24350.0,500,Sell,235024185
2024-08-27 10:50:06,24400.0,15000,Buy,235024362
2024-08-27 10:50:07,24350.0,700,Sell,235024370
2024-08-27 10:50:07,24350.0,200,Sell,235024371
2024-08-27 10:50:07,24350.0,5000,Sell,235024372
2024-08-27 10:50:07,24350.0,100,Sell,235024373
2024-08-27 10:50:07,24350.0,100,Sell,235024374
2024-08-27 10:50:07,24350.0,100,Sell,235024375
2024-08-27 10:50:07,24350.0,2000,Sell,235024376
2024-08-27 10:50:07,24350.0,700,Sell,235024377
2024-08-27 10:50:07,24350.0,100,Sell,235024378
2024-08-27 10:50:09,24350.0,500,Sell,235024427
2024-08-27 10:50:18,24350.0,700,Sell,235024628
2024-08-27 10:50:21,24400.0,100,Buy,235024861
2024-08-27 10:50:25,24350.0,300,Sell,235024957
2024-08-27 10:50:26,24400.0,16200,Buy,235024961
2024-08-27 10:50:26,24350.0,18400,Sell,235024981
2024-08-27 10:50:26,24350.0,100,Sell,235024982
2024-08-27 10:50:26,24350.0,100,Sell,235024983
2024-08-27 10:50:26,24350.0,11400,Sell,235024984
2024-08-27 10:50:53,24350.0,17000,Sell,235025726
2024-08-27 10:51:04,24350.0,4900,Sell,235026058
2024-08-27 10:51:20,24400.0,49200,Buy,235026419
2024-08-27 10:51:20,24400.0,5000,Buy,235026417
2024-08-27 10:51:20,24400.0,500,Buy,235026418
2024-08-27 10:51:20,24400.0,200,Buy,235026415
2024-08-27 10:51:20,24400.0,2000,Buy,235026414
2024-08-27 10:51:20,24400.0,62700,Buy,235026413
2024-08-27 10:51:20,24400.0,3000,Buy,235026416
2024-08-27 10:51:29,24350.0,2000,Sell,235026783
2024-08-27 10:51:37,24350.0,500,Sell,235027054
2024-08-27 10:51:38,24400.0,600,Buy,235027100
2024-08-27 10:51:44,24400.0,15000,Buy,235027247
2024-08-27 10:51:50,24400.0,300,Buy,235027449
2024-08-27 10:52:09,24400.0,300,Buy,235027875
2024-08-27 10:52:23,24400.0,800,Buy,235028129
2024-08-27 10:52:24,24400.0,100,Buy,235028147
2024-08-27 10:52:29,24400.0,700,Buy,235028279
2024-08-27 10:52:29,24400.0,65900,Buy,235028281
2024-08-27 10:52:29,24400.0,2000,Buy,235028280
2024-08-27 10:52:29,24400.0,200,Buy,235028278
2024-08-27 10:52:29,24400.0,58700,Buy,235028272
2024-08-27 10:52:29,24400.0,200,Buy,235028276
2024-08-27 10:52:29,24400.0,1300,Buy,235028273
2024-08-27 10:52:29,24400.0,20000,Buy,235028277
2024-08-27 10:52:29,24400.0,500,Buy,235028275
2024-08-27 10:52:29,24400.0,500,Buy,235028274
2024-08-27 10:52:33,24400.0,1000,Buy,235028398
2024-08-27 10:52:36,24400.0,500,Buy,235028416
2024-08-27 10:52:37,24400.0,400,Buy,235028442
2024-08-27 10:52:48,24350.0,1000,Sell,235028677
2024-08-27 10:52:50,24400.0,200,Buy,235028731
2024-08-27 10:52:51,24400.0,5000,Buy,235028744
2024-08-27 10:52:56,24400.0,2000,Buy,235028817
2024-08-27 10:53:01,24400.0,200,Buy,235028923
2024-08-27 10:53:07,24350.0,200,Sell,235029028
2024-08-27 10:53:08,24400.0,800,Buy,235029080
2024-08-27 10:53:14,24350.0,1000,Sell,235029220
2024-08-27 10:53:23,24400.0,2800,Buy,235029413
2024-08-27 10:53:35,24400.0,200,Buy,235029611
2024-08-27 10:53:46,24350.0,3500,Sell,235029874
2024-08-27 10:53:49,24350.0,500,Sell,235029922
2024-08-27 10:54:14,24350.0,1000,Sell,235030343
2024-08-27 10:54:41,24350.0,7000,Sell,235030743
2024-08-27 10:54:42,24350.0,50000,Sell,235030753
2024-08-27 10:54:49,24350.0,100,Sell,235030891
2024-08-27 10:54:49,24350.0,100,Sell,235030890
2024-08-27 10:54:58,24350.0,400,Sell,235031050
2024-08-27 10:54:58,24350.0,400,Sell,235031051
2024-08-27 10:55:11,24350.0,200,Sell,235031267
2024-08-27 10:55:22,24350.0,1000,Sell,235031444
2024-08-27 10:55:25,24350.0,200,Sell,235031508
2024-08-27 10:55:28,24400.0,500,Buy,235031543
2024-08-27 10:55:34,24350.0,1200,Sell,235031600
2024-08-27 10:55:34,24350.0,600,Sell,235031601
2024-08-27 10:55:36,24350.0,200,Sell,235031656
2024-08-27 10:55:38,24400.0,500,Buy,235031676
2024-08-27 10:55:40,24400.0,100,Buy,235031715
2024-08-27 10:55:42,24350.0,100,Sell,235031744
2024-08-27 10:55:48,24350.0,100,Sell,235031846
2024-08-27 10:55:50,24350.0,500,Sell,235031871
2024-08-27 10:56:02,24350.0,200,Sell,235032044
2024-08-27 10:56:09,24400.0,2500,Buy,235032152
2024-08-27 10:56:14,24400.0,10000,Buy,235032215
2024-08-27 10:56:19,24350.0,100,Sell,235032293
2024-08-27 10:56:19,24350.0,2000,Sell,235032296
2024-08-27 10:56:19,24350.0,100,Sell,235032295
2024-08-27 10:56:19,24350.0,2000,Sell,235032294
2024-08-27 10:56:19,24350.0,200,Sell,235032297
2024-08-27 10:56:19,24350.0,3300,Sell,235032292
2024-08-27 10:56:19,24350.0,300,Sell,235032288
2024-08-27 10:56:19,24350.0,200,Sell,235032290
2024-08-27 10:56:19,24350.0,200,Sell,235032291
2024-08-27 10:56:19,24350.0,100,Sell,235032285
2024-08-27 10:56:19,24350.0,300,Sell,235032284
2024-08-27 10:56:19,24350.0,1000,Sell,235032287
2024-08-27 10:56:19,24350.0,100,Sell,235032289
2024-08-27 10:56:19,24350.0,100,Sell,235032286
2024-08-27 10:56:50,24350.0,1000,Sell,235032704
2024-08-27 10:56:50,24350.0,9700,Sell,235032697
2024-08-27 10:56:50,24350.0,5300,Sell,235032698
2024-08-27 10:56:54,24350.0,3000,Sell,235032747
2024-08-27 10:57:06,24350.0,500,Sell,235032931
2024-08-27 10:57:26,24350.0,1100,Sell,235033223
2024-08-27 10:57:27,24400.0,2000,Buy,235033248
2024-08-27 10:57:27,24400.0,1500,Buy,235033247
2024-08-27 10:57:27,24400.0,1000,Buy,235033246
2024-08-27 10:57:27,24400.0,300,Buy,235033245
2024-08-27 10:57:27,24400.0,300,Buy,235033244
2024-08-27 10:57:27,24400.0,500,Buy,235033243
2024-08-27 10:57:27,24400.0,1000,Buy,235033242
2024-08-27 10:57:27,24400.0,10000,Buy,235033241
2024-08-27 10:57:27,24400.0,500,Buy,235033239
2024-08-27 10:57:27,24400.0,1000,Buy,235033238
2024-08-27 10:57:27,24400.0,90400,Buy,235033249
2024-08-27 10:57:27,24400.0,500,Buy,235033236
2024-08-27 10:57:27,24400.0,4000,Buy,235033235
2024-08-27 10:57:27,24400.0,500,Buy,235033234
2024-08-27 10:57:27,24400.0,1000,Buy,235033233
2024-08-27 10:57:27,24400.0,300,Buy,235033232
2024-08-27 10:57:27,24400.0,7400,Buy,235033231
2024-08-27 10:57:27,24400.0,300,Buy,235033240
2024-08-27 10:57:27,24400.0,500,Buy,235033237
2024-08-27 10:57:42,24400.0,9000,Buy,235033453
2024-08-27 10:57:46,24400.0,500,Buy,235033529
2024-08-27 10:57:55,24400.0,200,Buy,235033655
2024-08-27 10:58:00,24400.0,500,Buy,235033752
2024-08-27 10:58:07,24400.0,500,Buy,235033865
2024-08-27 10:58:08,24400.0,500,Buy,235033870
2024-08-27 10:58:09,24400.0,300,Buy,235033877
2024-08-27 10:58:13,24400.0,200,Buy,235033937
2024-08-27 10:58:19,24400.0,400,Buy,235034029
2024-08-27 10:58:51,24400.0,100,Buy,235034472
2024-08-27 10:59:07,24350.0,2800,Sell,235034664
2024-08-27 10:59:08,24400.0,500,Buy,235034680
2024-08-27 10:59:22,24350.0,100,Sell,235034890
2024-08-27 10:59:41,24400.0,100,Buy,235035126
2024-08-27 10:59:42,24400.0,5000,Buy,235035136
2024-08-27 10:59:48,24350.0,2000,Sell,235035196
2024-08-27 10:59:54,24400.0,900,Buy,235035260
2024-08-27 11:00:03,24400.0,90900,Buy,235035424
2024-08-27 11:00:03,24400.0,10000,Buy,235035425
2024-08-27 11:00:03,24400.0,100,Buy,235035426
2024-08-27 11:00:03,24400.0,500,Buy,235035427
2024-08-27 11:00:03,24400.0,1000,Buy,235035428
2024-08-27 11:00:03,24400.0,1000,Buy,235035429
2024-08-27 11:00:03,24400.0,5000,Buy,235035430
2024-08-27 11:00:03,24400.0,1000,Buy,235035431
2024-08-27 11:00:03,24400.0,500,Buy,235035432
2024-08-27 11:00:03,24400.0,1500,Buy,235035433
2024-08-27 11:00:03,24400.0,38500,Buy,235035434
2024-08-27 11:00:13,24400.0,500,Buy,235035546
2024-08-27 11:00:21,24400.0,200,Buy,235035647
2024-08-27 11:00:21,24400.0,200,Buy,235035657
2024-08-27 11:00:21,24400.0,5000,Buy,235035656
2024-08-27 11:00:21,24400.0,600,Buy,235035655
2024-08-27 11:00:21,24400.0,100,Buy,235035654
2024-08-27 11:00:21,24400.0,600,Buy,235035653
2024-08-27 11:00:21,24400.0,11000,Buy,235035646
2024-08-27 11:00:21,24400.0,500,Buy,235035651
2024-08-27 11:00:21,24400.0,4000,Buy,235035650
2024-08-27 11:00:21,24400.0,4000,Buy,235035649
2024-08-27 11:00:21,24400.0,100,Buy,235035648
2024-08-27 11:00:21,24400.0,200,Buy,235035652
2024-08-27 11:00:22,24400.0,400,Sell,235035680
2024-08-27 11:00:42,24400.0,800,Sell,235035951
2024-08-27 11:00:54,24450.0,400,Buy,235036092
2024-08-27 11:01:10,24400.0,300,Sell,235036280
2024-08-27 11:01:50,24400.0,1000,Sell,235036970
2024-08-27 11:02:04,24400.0,1500,Sell,235037109
2024-08-27 11:02:11,24400.0,1000,Sell,235037244
2024-08-27 11:02:24,24400.0,1000,Sell,235037423
2024-08-27 11:02:33,24400.0,300,Sell,235037582
2024-08-27 11:02:44,24400.0,300,Sell,235037805
2024-08-27 11:03:04,24400.0,100,Sell,235038051
2024-08-27 11:03:41,24450.0,1000,Buy,235038598
2024-08-27 11:03:46,24400.0,100,Sell,235038649
2024-08-27 11:03:55,24400.0,100,Sell,235038771
2024-08-27 11:04:02,24400.0,10000,Sell,235038879
2024-08-27 11:04:31,24400.0,100,Sell,235039313
2024-08-27 11:04:33,24400.0,700,Sell,235039345
2024-08-27 11:04:42,24400.0,200,Sell,235039562
2024-08-27 11:05:00,24400.0,500,Sell,235039824
2024-08-27 11:05:08,24400.0,200,Sell,235039942
2024-08-27 11:05:29,24400.0,800,Sell,235040399
2024-08-27 11:05:54,24400.0,1000,Sell,235040968
2024-08-27 11:05:58,24400.0,7000,Sell,235041030
2024-08-27 11:06:03,24400.0,400,Sell,235041110
2024-08-27 11:06:10,24400.0,5000,Sell,235041227
2024-08-27 11:06:19,24400.0,81800,Sell,235041440
2024-08-27 11:06:21,24400.0,400,Sell,235041522
2024-08-27 11:06:32,24400.0,3000,Sell,235041696
2024-08-27 11:06:38,24400.0,1000,Sell,235041808
2024-08-27 11:06:43,24400.0,1000,Sell,235041901
2024-08-27 11:06:43,24400.0,1700,Sell,235041904
2024-08-27 11:06:43,24400.0,100,Sell,235041903
2024-08-27 11:06:43,24400.0,1000,Sell,235041902
2024-08-27 11:06:43,24400.0,500,Sell,235041900
2024-08-27 11:06:43,24400.0,4500,Sell,235041893
2024-08-27 11:06:43,24400.0,500,Sell,235041898
2024-08-27 11:06:43,24400.0,100,Sell,235041897
2024-08-27 11:06:43,24400.0,500,Sell,235041896
2024-08-27 11:06:43,24400.0,100,Sell,235041895
2024-08-27 11:06:43,24400.0,5000,Sell,235041894
2024-08-27 11:06:43,24400.0,5000,Sell,235041899
2024-08-27 11:06:46,24400.0,200,Sell,235041958
2024-08-27 11:06:46,24400.0,1300,Sell,235041956
2024-08-27 11:06:46,24400.0,500,Sell,235041957
2024-08-27 11:06:54,24400.0,1000,Sell,235042109
2024-08-27 11:06:55,24400.0,300,Sell,235042128
2024-08-27 11:06:56,24400.0,3500,Sell,235042132
2024-08-27 11:06:56,24400.0,100,Sell,235042133
2024-08-27 11:06:56,24350.0,8800,Sell,235042134
2024-08-27 11:06:56,24350.0,11200,Sell,235042135
2024-08-27 11:06:56,24350.0,6100,Sell,235042136
2024-08-27 11:06:56,24350.0,1000,Sell,235042137
2024-08-27 11:06:56,24350.0,19200,Sell,235042139
2024-08-27 11:06:56,24350.0,100,Sell,235042138
2024-08-27 11:07:22,24350.0,500,Sell,235042691
2024-08-27 11:07:46,24350.0,300,Sell,235043202
2024-08-27 11:07:47,24400.0,1000,Buy,235043224
2024-08-27 11:08:00,24400.0,400,Buy,235043451
2024-08-27 11:08:47,24400.0,2000,Buy,235044271
2024-08-27 11:08:58,24350.0,1000,Sell,235044514
2024-08-27 11:09:23,24400.0,500,Buy,235044909
2024-08-27 11:09:47,24350.0,500,Sell,235045474
2024-08-27 11:09:59,24400.0,100,Buy,235045684
2024-08-27 11:10:00,24350.0,1000,Sell,235045693
2024-08-27 11:10:02,24350.0,1000,Sell,235045770
2024-08-27 11:10:03,24350.0,500,Sell,235045817
2024-08-27 11:10:09,24350.0,600,Sell,235045929
2024-08-27 11:10:24,24350.0,14300,Sell,235046314
2024-08-27 11:10:28,24350.0,40000,Sell,235046504
2024-08-27 11:11:06,24350.0,1100,Sell,235047654
2024-08-27 11:11:06,24350.0,3900,Sell,235047655
2024-08-27 11:11:14,24350.0,7900,Sell,235047851
2024-08-27 11:11:14,24350.0,7100,Sell,235047854
2024-08-27 11:11:14,24350.0,200,Sell,235047853
2024-08-27 11:11:14,24350.0,500,Sell,235047852
2024-08-27 11:11:14,24350.0,1000,Sell,235047850
2024-08-27 11:11:14,24350.0,3000,Sell,235047849
2024-08-27 11:11:14,24350.0,100,Sell,235047848
2024-08-27 11:11:14,24350.0,200,Sell,235047845
2024-08-27 11:11:14,24350.0,3600,Sell,235047844
2024-08-27 11:11:14,24350.0,1000,Sell,235047847
2024-08-27 11:11:14,24350.0,5400,Sell,235047846
2024-08-27 11:11:17,24350.0,500,Sell,235047934
2024-08-27 11:11:23,24350.0,500,Sell,235048086
2024-08-27 11:11:33,24350.0,200,Sell,235048344
2024-08-27 11:11:33,24350.0,1000,Sell,235048357
2024-08-27 11:11:38,24350.0,2000,Sell,235048479
2024-08-27 11:11:42,24350.0,1000,Sell,235048572
2024-08-27 11:11:46,24350.0,200,Sell,235048661
2024-08-27 11:11:46,24350.0,200,Sell,235048655
2024-08-27 11:11:46,24350.0,200,Sell,235048656
2024-08-27 11:11:46,24350.0,300,Sell,235048657
2024-08-27 11:11:46,24350.0,100,Sell,235048658
2024-08-27 11:11:46,24350.0,100,Sell,235048659
2024-08-27 11:11:46,24350.0,400,Sell,235048660
2024-08-27 11:11:46,24350.0,5000,Sell,235048653
2024-08-27 11:11:46,24350.0,100,Sell,235048654
2024-08-27 11:11:46,24350.0,100,Sell,235048666
2024-08-27 11:11:46,24350.0,2000,Sell,235048663
2024-08-27 11:11:46,24350.0,1000,Sell,235048664
2024-08-27 11:11:46,24350.0,100,Sell,235048665
2024-08-27 11:11:46,24350.0,500,Sell,235048652
2024-08-27 11:11:46,24350.0,200,Sell,235048667
2024-08-27 11:11:46,24350.0,100,Sell,235048668
2024-08-27 11:11:46,24350.0,2000,Sell,235048669
2024-08-27 11:11:46,24350.0,200,Sell,235048670
2024-08-27 11:11:46,24350.0,7700,Sell,235048671
2024-08-27 11:11:46,24350.0,1000,Sell,235048662
2024-08-27 11:11:46,24350.0,200,Sell,235048651
2024-08-27 11:11:46,24350.0,500,Sell,235048638
2024-08-27 11:11:46,24350.0,100,Sell,235048649
2024-08-27 11:11:46,24350.0,15000,Sell,235048630
2024-08-27 11:11:46,24350.0,500,Sell,235048631
2024-08-27 11:11:46,24350.0,300,Sell,235048632
2024-08-27 11:11:46,24350.0,100,Sell,235048633
2024-08-27 11:11:46,24350.0,1000,Sell,235048634
2024-08-27 11:11:46,24350.0,100,Sell,235048635
2024-08-27 11:11:46,24350.0,1000,Sell,235048636
2024-08-27 11:11:46,24350.0,100,Sell,235048637
2024-08-27 11:11:46,24350.0,2700,Sell,235048629
2024-08-27 11:11:46,24350.0,1000,Sell,235048639
2024-08-27 11:11:46,24350.0,1500,Sell,235048641
2024-08-27 11:11:46,24350.0,100,Sell,235048642
2024-08-27 11:11:46,24350.0,500,Sell,235048643
2024-08-27 11:11:46,24350.0,2000,Sell,235048644
2024-08-27 11:11:46,24350.0,1000,Sell,235048645
2024-08-27 11:11:46,24350.0,200,Sell,235048646
2024-08-27 11:11:46,24350.0,100,Sell,235048647
2024-08-27 11:11:46,24350.0,100,Sell,235048648
2024-08-27 11:11:46,24350.0,100,Sell,235048640
2024-08-27 11:11:46,24350.0,300,Sell,235048650
2024-08-27 11:11:51,24350.0,3000,Sell,235048862
2024-08-27 11:12:06,24350.0,100,Sell,235049174
2024-08-27 11:12:06,24350.0,100,Sell,235049160
2024-08-27 11:12:06,24350.0,500,Sell,235049161
2024-08-27 11:12:06,24350.0,200,Sell,235049162
2024-08-27 11:12:06,24350.0,500,Sell,235049163
2024-08-27 11:12:06,24350.0,15000,Sell,235049164
2024-08-27 11:12:06,24350.0,100,Sell,235049165
2024-08-27 11:12:06,24350.0,200,Sell,235049166
2024-08-27 11:12:06,24350.0,10000,Sell,235049175
2024-08-27 11:12:06,24350.0,100,Sell,235049167
2024-08-27 11:12:06,24350.0,5000,Sell,235049169
2024-08-27 11:12:06,24350.0,2500,Sell,235049170
2024-08-27 11:12:06,24350.0,1000,Sell,235049171
2024-08-27 11:12:06,24350.0,100,Sell,235049172
2024-08-27 11:12:06,24350.0,124900,Sell,235049176
2024-08-27 11:12:06,24350.0,1000,Sell,235049173
2024-08-27 11:12:06,24350.0,100,Sell,235049159
2024-08-27 11:12:06,24350.0,2000,Sell,235049168
2024-08-27 11:12:06,24350.0,100,Sell,235049158
2024-08-27 11:12:06,24350.0,100,Sell,235049136
2024-08-27 11:12:06,24350.0,100,Sell,235049150
2024-08-27 11:12:06,24350.0,100,Sell,235049151
2024-08-27 11:12:06,24350.0,15300,Sell,235049132
2024-08-27 11:12:06,24350.0,100,Sell,235049133
2024-08-27 11:12:06,24350.0,500,Sell,235049135
2024-08-27 11:12:06,24350.0,100,Sell,235049137
2024-08-27 11:12:06,24350.0,100,Sell,235049138
2024-08-27 11:12:06,24350.0,400,Sell,235049139
2024-08-27 11:12:06,24350.0,300,Sell,235049140
2024-08-27 11:12:06,24350.0,2000,Sell,235049134
2024-08-27 11:12:06,24350.0,100,Sell,235049142
2024-08-27 11:12:06,24350.0,5500,Sell,235049141
2024-08-27 11:12:06,24350.0,2000,Sell,235049148
2024-08-27 11:12:06,24350.0,1000,Sell,235049147
2024-08-27 11:12:06,24350.0,500,Sell,235049149
2024-08-27 11:12:06,24350.0,5700,Sell,235049145
2024-08-27 11:12:06,24350.0,1000,Sell,235049144
2024-08-27 11:12:06,24350.0,100,Sell,235049143
2024-08-27 11:12:06,24350.0,500,Sell,235049146
2024-08-27 11:12:11,24350.0,3000,Sell,235049246
2024-08-27 11:12:12,24350.0,5000,Sell,235049267
2024-08-27 11:12:16,24350.0,3000,Sell,235049388
2024-08-27 11:12:20,24350.0,100,Sell,235049534
2024-08-27 11:12:20,24350.0,2000,Sell,235049535
2024-08-27 11:12:20,24350.0,3000,Sell,235049536
2024-08-27 11:12:20,24350.0,1000,Sell,235049537
2024-08-27 11:12:20,24350.0,1000,Sell,235049538
2024-08-27 11:12:20,24350.0,200,Sell,235049539
2024-08-27 11:12:20,24350.0,1000,Sell,235049545
2024-08-27 11:12:20,24350.0,100,Sell,235049543
2024-08-27 11:12:20,24350.0,1000,Sell,235049544
2024-08-27 11:12:20,24350.0,100,Sell,235049533
2024-08-27 11:12:20,24350.0,100,Sell,235049546
2024-08-27 11:12:20,24350.0,1000,Sell,235049547
2024-08-27 11:12:20,24350.0,200,Sell,235049549
2024-08-27 11:12:20,24350.0,500,Sell,235049540
2024-08-27 11:12:20,24350.0,100,Sell,235049532
2024-08-27 11:12:20,24350.0,10300,Sell,235049550
2024-08-27 11:12:20,24350.0,200,Sell,235049530
2024-08-27 11:12:20,24350.0,500,Sell,235049531
2024-08-27 11:12:20,24350.0,14100,Sell,235049516
2024-08-27 11:12:20,24350.0,500,Sell,235049517
2024-08-27 11:12:20,24350.0,300,Sell,235049518
2024-08-27 11:12:20,24350.0,1000,Sell,235049519
2024-08-27 11:12:20,24350.0,2000,Sell,235049520
2024-08-27 11:12:20,24350.0,1000,Sell,235049521
2024-08-27 11:12:20,24350.0,100,Sell,235049548
2024-08-27 11:12:20,24350.0,500,Sell,235049523
2024-08-27 11:12:20,24350.0,100,Sell,235049524
2024-08-27 11:12:20,24350.0,200,Sell,235049525
2024-08-27 11:12:20,24350.0,200,Sell,235049526
2024-08-27 11:12:20,24350.0,5000,Sell,235049522
2024-08-27 11:12:20,24350.0,400,Sell,235049527
2024-08-27 11:12:20,24350.0,2000,Sell,235049528
2024-08-27 11:12:20,24350.0,200,Sell,235049529
2024-08-27 11:12:22,24350.0,50000,Sell,235049568
2024-08-27 11:12:25,24350.0,100,Sell,235049637
2024-08-27 11:12:25,24350.0,100,Sell,235049636
2024-08-27 11:12:25,24350.0,15000,Sell,235049635
2024-08-27 11:12:25,24350.0,600,Sell,235049634
2024-08-27 11:12:25,24350.0,13000,Sell,235049638
2024-08-27 11:12:25,24350.0,300,Sell,235049632
2024-08-27 11:12:25,24350.0,100,Sell,235049631
2024-08-27 11:12:25,24350.0,700,Sell,235049630
2024-08-27 11:12:25,24350.0,200,Sell,235049629
2024-08-27 11:12:25,24350.0,89700,Sell,235049628
2024-08-27 11:12:25,24350.0,200,Sell,235049633
2024-08-27 11:12:27,24350.0,2600,Sell,235049685
2024-08-27 11:12:27,24350.0,15000,Sell,235049684
2024-08-27 11:12:27,24350.0,600,Sell,235049683
2024-08-27 11:12:27,24350.0,4600,Sell,235049682
2024-08-27 11:12:27,24350.0,100,Sell,235049681
2024-08-27 11:12:27,24350.0,100,Sell,235049680
2024-08-27 11:12:27,24350.0,2000,Sell,235049679
2024-08-27 11:12:29,24350.0,200,Sell,235049709
2024-08-27 11:12:31,24350.0,100,Sell,235049785
2024-08-27 11:12:31,24350.0,900,Sell,235049786
2024-08-27 11:12:32,24350.0,6000,Sell,235049787
2024-08-27 11:12:37,24350.0,3000,Sell,235049907
2024-08-27 11:12:37,24350.0,100,Sell,235049908
2024-08-27 11:12:37,24350.0,500,Sell,235049909
2024-08-27 11:12:37,24350.0,8100,Sell,235049906
2024-08-27 11:12:42,24350.0,8100,Buy,235050069
2024-08-27 11:12:45,24350.0,3000,Buy,235050117
2024-08-27 11:12:58,24350.0,8100,Buy,235050445
2024-08-27 11:13:04,24350.0,5100,Buy,235050561
2024-08-27 11:13:04,24350.0,200,Buy,235050562
2024-08-27 11:13:04,24350.0,9700,Buy,235050563
2024-08-27 11:13:07,24350.0,100,Buy,235050602
2024-08-27 11:13:09,24350.0,10000,Buy,235050697
2024-08-27 11:13:12,24350.0,200,Buy,235050739
2024-08-27 11:13:12,24350.0,700,Buy,235050740
2024-08-27 11:13:26,24350.0,500,Sell,235050982
2024-08-27 11:13:29,24350.0,22400,Sell,235051146
2024-08-27 11:13:29,24350.0,2600,Sell,235051145
2024-08-27 11:13:38,24350.0,20000,Sell,235051276
2024-08-27 11:13:42,24350.0,200,Sell,235051401
2024-08-27 11:13:43,24350.0,10000,Sell,235051407
2024-08-27 11:13:49,24350.0,200,Sell,235051603
2024-08-27 11:13:51,24350.0,2500,Sell,235051639
2024-08-27 11:13:51,24350.0,7200,Sell,235051636
2024-08-27 11:13:51,24350.0,100,Sell,235051637
2024-08-27 11:13:51,24350.0,200,Sell,235051638
2024-08-27 11:13:54,24350.0,500,Sell,235051667
2024-08-27 11:13:54,24350.0,2500,Sell,235051666
2024-08-27 11:13:57,24350.0,1000,Sell,235051714
2024-08-27 11:13:57,24300.0,2900,Sell,235051723
2024-08-27 11:13:57,24350.0,100,Sell,235051701
2024-08-27 11:13:57,24300.0,7500,Sell,235051720
2024-08-27 11:13:57,24350.0,100,Sell,235051719
2024-08-27 11:13:57,24300.0,1000,Sell,235051722
2024-08-27 11:13:57,24350.0,1000,Sell,235051717
2024-08-27 11:13:57,24350.0,1000,Sell,235051716
2024-08-27 11:13:57,24350.0,300,Sell,235051715
2024-08-27 11:13:57,24350.0,100,Sell,235051718
2024-08-27 11:13:57,24300.0,5000,Sell,235051721
2024-08-27 11:14:37,24300.0,500,Sell,235052522
2024-08-27 11:14:45,24300.0,6500,Sell,235052652
2024-08-27 11:14:45,24300.0,3500,Sell,235052653
2024-08-27 11:14:51,24350.0,200,Buy,235052813
2024-08-27 11:14:51,24350.0,2000,Sell,235052834
2024-08-27 11:14:51,24350.0,2000,Buy,235052814
2024-08-27 11:14:51,24350.0,1000,Buy,235052812
2024-08-27 11:14:51,24350.0,1500,Buy,235052810
2024-08-27 11:14:51,24350.0,3500,Buy,235052811
2024-08-27 11:14:51,24350.0,1000,Buy,235052809
2024-08-27 11:15:28,24350.0,1000,Sell,235053558
2024-08-27 11:15:40,24350.0,2500,Sell,235053827
2024-08-27 11:15:52,24350.0,3000,Sell,235054123
2024-08-27 11:16:06,24350.0,2000,Sell,235054379
2024-08-27 11:16:07,24400.0,100,Buy,235054407
2024-08-27 11:16:39,24400.0,1000,Buy,235055222
2024-08-27 11:16:54,24350.0,400,Sell,235055426
2024-08-27 11:17:22,24350.0,400,Sell,235055991
2024-08-27 11:17:29,24350.0,1000,Sell,235056128
2024-08-27 11:17:46,24350.0,100,Sell,235056359
2024-08-27 11:17:56,24350.0,800,Sell,235056514
2024-08-27 11:18:02,24350.0,100,Sell,235056676
2024-08-27 11:18:15,24350.0,500,Sell,235056891
2024-08-27 11:19:19,24350.0,1400,Sell,235057966
2024-08-27 11:19:29,24350.0,300,Sell,235058212
2024-08-27 11:19:41,24350.0,200,Sell,235058370
2024-08-27 11:19:47,24350.0,200,Sell,235058458
2024-08-27 11:19:54,24350.0,16300,Sell,235058526
2024-08-27 11:20:12,24350.0,1000,Sell,235058809
2024-08-27 11:20:14,24350.0,300,Sell,235058833
2024-08-27 11:20:18,24350.0,2100,Sell,235058861
2024-08-27 11:20:28,24350.0,1200,Sell,235059003
2024-08-27 11:20:36,24350.0,3000,Sell,235059117
2024-08-27 11:20:40,24350.0,2000,Sell,235059158
2024-08-27 11:20:47,24350.0,3000,Sell,235059250
2024-08-27 11:20:50,24350.0,1000,Sell,235059310
2024-08-27 11:20:52,24350.0,2300,Sell,235059345
2024-08-27 11:21:21,24350.0,200,Sell,235059854
2024-08-27 11:21:39,24350.0,300,Sell,235060107
2024-08-27 11:21:45,24350.0,22000,Sell,235060200
2024-08-27 11:22:15,24350.0,500,Sell,235060665
2024-08-27 11:22:32,24350.0,200,Sell,235060887
2024-08-27 11:22:36,24350.0,10000,Sell,235060954
2024-08-27 11:23:10,24350.0,1000,Sell,235061363
2024-08-27 11:23:35,24350.0,11000,Sell,235061664
2024-08-27 11:23:35,24350.0,500,Sell,235061665
2024-08-27 11:23:35,24350.0,500,Sell,235061666
2024-08-27 11:23:35,24350.0,8000,Sell,235061667
2024-08-27 11:24:54,24350.0,600,Sell,235062690
2024-08-27 11:24:59,24350.0,100,Sell,235062742
2024-08-27 11:25:03,24350.0,200,Sell,235062778
2024-08-27 11:25:07,24350.0,2000,Sell,235062843
2024-08-27 11:25:16,24350.0,1000,Sell,235062967
2024-08-27 11:25:23,24350.0,1000,Sell,235063075
2024-08-27 11:25:31,24350.0,2100,Sell,235063163
2024-08-27 11:25:31,24350.0,100,Sell,235063164
2024-08-27 11:25:31,24350.0,200,Sell,235063165
2024-08-27 11:25:31,24350.0,17600,Sell,235063166
2024-08-27 11:25:33,24350.0,500,Sell,235063206
2024-08-27 11:25:36,24400.0,100,Buy,235063246
2024-08-27 11:25:38,24350.0,35000,Sell,235063263
2024-08-27 11:25:47,24350.0,2000,Sell,235063373
2024-08-27 11:25:52,24350.0,300,Sell,235063444
2024-08-27 11:26:07,24350.0,100,Sell,235063637
2024-08-27 11:26:19,24350.0,94500,Sell,235063941
2024-08-27 11:26:19,24350.0,100,Sell,235063942
2024-08-27 11:26:19,24350.0,400,Sell,235063943
2024-08-27 11:26:19,24350.0,1000,Sell,235063944
2024-08-27 11:26:19,24350.0,200,Sell,235063945
2024-08-27 11:26:19,24350.0,200,Sell,235063946
2024-08-27 11:26:19,24350.0,3600,Sell,235063947
2024-08-27 11:26:25,24350.0,3000,Sell,235064024
2024-08-27 11:26:30,24350.0,500,Sell,235064086
2024-08-27 11:26:51,24350.0,7400,Sell,235064341
2024-08-27 11:26:51,24350.0,8400,Sell,235064347
2024-08-27 11:26:51,24350.0,1000,Sell,235064346
2024-08-27 11:26:51,24350.0,100,Sell,235064345
2024-08-27 11:26:51,24350.0,500,Sell,235064340
2024-08-27 11:26:51,24350.0,100,Sell,235064343
2024-08-27 11:26:51,24350.0,1000,Sell,235064344
2024-08-27 11:26:51,24350.0,2000,Sell,235064342
2024-08-27 11:26:52,24350.0,600,Sell,235064358
2024-08-27 11:27:23,24350.0,5500,Sell,235064823
2024-08-27 11:27:23,24350.0,1900,Sell,235064835
2024-08-27 11:27:23,24350.0,100,Sell,235064834
2024-08-27 11:27:23,24350.0,100,Sell,235064833
2024-08-27 11:27:23,24350.0,500,Sell,235064832
2024-08-27 11:27:23,24350.0,200,Sell,235064831
2024-08-27 11:27:23,24350.0,5000,Sell,235064830
2024-08-27 11:27:23,24350.0,500,Sell,235064808
2024-08-27 11:27:23,24350.0,5000,Sell,235064828
2024-08-27 11:27:23,24350.0,400,Sell,235064827
2024-08-27 11:27:23,24350.0,100,Sell,235064826
2024-08-27 11:27:23,24350.0,300,Sell,235064825
2024-08-27 11:27:23,24350.0,400,Sell,235064824
2024-08-27 11:27:23,24350.0,500,Sell,235064829
2024-08-27 11:27:31,24350.0,500,Sell,235064926
2024-08-27 11:27:45,24350.0,2600,Sell,235065220
2024-08-27 11:27:45,24350.0,100,Sell,235065221
2024-08-27 11:27:45,24350.0,300,Sell,235065222
2024-08-27 11:27:52,24350.0,100,Sell,235065339
2024-08-27 11:27:57,24350.0,400,Sell,235065391
2024-08-27 11:27:57,24350.0,100,Sell,235065388
2024-08-27 11:27:57,24350.0,300,Sell,235065389
2024-08-27 11:27:57,24350.0,200,Sell,235065390
2024-08-27 11:28:11,24350.0,1900,Sell,235065698
2024-08-27 11:28:11,24350.0,5000,Sell,235065697
2024-08-27 11:28:11,24350.0,500,Sell,235065696
2024-08-27 11:28:11,24350.0,2000,Sell,235065695
2024-08-27 11:28:11,24350.0,600,Sell,235065694
2024-08-27 11:28:11,24350.0,2000,Sell,235065692
2024-08-27 11:28:11,24350.0,13000,Sell,235065693
2024-08-27 11:28:11,24350.0,1100,Sell,235065690
2024-08-27 11:28:11,24350.0,1000,Sell,235065691
2024-08-27 11:28:11,24350.0,1600,Sell,235065685
2024-08-27 11:28:11,24350.0,200,Sell,235065686
2024-08-27 11:28:11,24350.0,200,Sell,235065689
2024-08-27 11:28:11,24350.0,700,Sell,235065688
2024-08-27 11:28:11,24350.0,200,Sell,235065687
2024-08-27 11:28:24,24350.0,12700,Sell,235066005
2024-08-27 11:28:24,24350.0,3500,Sell,235066003
2024-08-27 11:28:24,24350.0,200,Sell,235066004
2024-08-27 11:28:24,24350.0,200,Sell,235066001
2024-08-27 11:28:24,24350.0,300,Sell,235066000
2024-08-27 11:28:24,24350.0,3100,Sell,235065999
2024-08-27 11:28:24,24350.0,20000,Sell,235066002
2024-08-27 11:28:27,24350.0,100,Sell,235066059
2024-08-27 11:28:30,24350.0,7000,Sell,235066081
2024-08-27 11:28:33,24350.0,200,Sell,235066158
2024-08-27 11:28:33,24350.0,9800,Sell,235066159
2024-08-27 11:28:40,24350.0,200,Sell,235066345
2024-08-27 11:28:40,24350.0,100,Sell,235066346
2024-08-27 11:28:44,24400.0,1200,Buy,235066384
2024-08-27 11:28:46,24350.0,500,Sell,235066437
2024-08-27 11:28:46,24350.0,100,Sell,235066436
2024-08-27 11:29:11,24350.0,2400,Buy,235066869
2024-08-27 11:29:11,24350.0,1600,Buy,235066870
2024-08-27 11:29:29,24350.0,20000,Buy,235067102
2024-08-27 11:29:33,24350.0,500,Buy,235067182
2024-08-27 11:29:34,24350.0,1000,Buy,235067188
2024-08-27 11:29:34,24350.0,100,Buy,235067189
2024-08-27 11:29:35,24350.0,400,Buy,235067205
2024-08-27 11:29:35,24350.0,500,Buy,235067206
2024-08-27 11:29:35,24350.0,100,Buy,235067207
2024-08-27 11:29:35,24350.0,900,Buy,235067208
2024-08-27 12:59:38,24300.0,200,Sell,235067428
2024-08-27 12:59:38,24300.0,100,Sell,235067429
2024-08-27 12:59:38,24350.0,100,Buy,235067430
2024-08-27 12:59:38,24350.0,500,Buy,235067615
2024-08-27 12:59:39,24350.0,200,Buy,235068156
2024-08-27 12:59:39,24350.0,200,Buy,235068155
2024-08-27 12:59:39,24350.0,300,Buy,235068154
2024-08-27 12:59:39,24350.0,200,Buy,235067827
2024-08-27 12:59:39,24350.0,500,Buy,235068149
2024-08-27 12:59:39,24350.0,1300,Buy,235068148
2024-08-27 12:59:39,24350.0,200,Buy,235068150
2024-08-27 12:59:39,24350.0,1000,Buy,235067727
2024-08-27 12:59:40,24350.0,100,Buy,235068702
2024-08-27 12:59:40,24350.0,100,Buy,235068705
2024-08-27 12:59:40,24350.0,100,Buy,235068704
2024-08-27 12:59:40,24350.0,100,Buy,235068703
2024-08-27 12:59:40,24350.0,300,Buy,235068423
2024-08-27 12:59:40,24350.0,200,Buy,235068394
2024-08-27 12:59:40,24350.0,500,Buy,235068393
2024-08-27 12:59:40,24350.0,300,Buy,235068392
2024-08-27 12:59:40,24350.0,1000,Buy,235068391
2024-08-27 12:59:40,24350.0,100,Buy,235068422
2024-08-27 12:59:41,24350.0,100,Sell,235069127
2024-08-27 12:59:41,24350.0,100,Sell,235069126
2024-08-27 12:59:41,24350.0,400,Sell,235069123
2024-08-27 12:59:41,24350.0,700,Buy,235069017
2024-08-27 12:59:41,24350.0,8000,Buy,235069015
2024-08-27 12:59:41,24350.0,4600,Buy,235069016
2024-08-27 12:59:41,24350.0,200,Buy,235069013
2024-08-27 12:59:41,24350.0,500,Buy,235069012
2024-08-27 12:59:41,24350.0,100,Buy,235069011
2024-08-27 12:59:41,24350.0,100,Buy,235069010
2024-08-27 12:59:41,24350.0,900,Buy,235069009
2024-08-27 12:59:41,24350.0,100,Buy,235068925
2024-08-27 12:59:41,24350.0,1000,Buy,235069014
2024-08-27 12:59:42,24350.0,100,Sell,235069292
2024-08-27 12:59:42,24400.0,100,Buy,235069293
2024-08-27 12:59:42,24400.0,100,Buy,235069294
2024-08-27 12:59:42,24400.0,800,Buy,235069295
2024-08-27 12:59:42,24350.0,1100,Sell,235069469
2024-08-27 12:59:43,24350.0,1000,Sell,235069909
2024-08-27 12:59:43,24350.0,600,Sell,235069672
2024-08-27 12:59:43,24350.0,1600,Sell,235069670
2024-08-27 12:59:43,24350.0,500,Sell,235069664
2024-08-27 12:59:43,24350.0,900,Sell,235069671
2024-08-27 12:59:44,24350.0,500,Sell,235069964
2024-08-27 12:59:46,24350.0,900,Sell,235070240
2024-08-27 12:59:46,24350.0,1100,Sell,235070241
2024-08-27 12:59:46,24350.0,500,Sell,235070263
2024-08-27 12:59:49,24350.0,100,Sell,235070701
2024-08-27 12:59:49,24350.0,800,Sell,235070700
2024-08-27 12:59:49,24350.0,3000,Sell,235070699
2024-08-27 12:59:49,24350.0,600,Sell,235070722
2024-08-27 12:59:49,24350.0,100,Sell,235070697
2024-08-27 12:59:49,24350.0,200,Sell,235070696
2024-08-27 12:59:49,24350.0,400,Sell,235070695
2024-08-27 12:59:49,24350.0,400,Sell,235070698
2024-08-27 12:59:51,24350.0,300,Sell,235070946
2024-08-27 12:59:51,24350.0,200,Sell,235070947
2024-08-27 12:59:55,24350.0,100,Sell,235071292
2024-08-27 12:59:56,24350.0,2000,Sell,235071464
2024-08-27 12:59:56,24350.0,2000,Sell,235071465
2024-08-27 12:59:56,24350.0,2000,Sell,235071470
2024-08-27 12:59:56,24350.0,1000,Sell,235071471
2024-08-27 12:59:56,24350.0,500,Sell,235071472
2024-08-27 12:59:56,24350.0,100,Sell,235071473
2024-08-27 12:59:56,24350.0,100,Sell,235071474
2024-08-27 12:59:57,24300.0,800,Sell,235071576
2024-08-27 12:59:57,24300.0,100,Sell,235071575
2024-08-27 12:59:57,24350.0,100,Buy,235071506
2024-08-27 12:59:57,24300.0,500,Sell,235071511
2024-08-27 12:59:57,24350.0,100,Buy,235071508
2024-08-27 12:59:57,24300.0,1100,Sell,235071574
2024-08-27 12:59:59,24350.0,100,Buy,235071668
2024-08-27 12:59:59,24350.0,1000,Buy,235071669
2024-08-27 12:59:59,24350.0,200,Buy,235071670
2024-08-27 12:59:59,24350.0,100,Buy,235071671
2024-08-27 13:00:00,24350.0,600,Sell,235071720
2024-08-27 13:00:04,24350.0,300,Buy,235071989
2024-08-27 13:00:30,24350.0,100,Buy,235072782
2024-08-27 13:00:30,24350.0,1000,Buy,235072783
2024-08-27 13:00:51,24350.0,1000,Buy,235073299
2024-08-27 13:01:04,24350.0,200,Buy,235073649
2024-08-27 13:01:18,24300.0,4000,Sell,235074003
2024-08-27 13:01:49,24300.0,200,Sell,235074808
2024-08-27 13:01:51,24300.0,5000,Sell,235074852
2024-08-27 13:01:59,24350.0,1000,Buy,235075032
2024-08-27 13:02:08,24350.0,1200,Buy,235075255
2024-08-27 13:02:17,24350.0,1000,Buy,235075471
2024-08-27 13:02:18,24350.0,1100,Buy,235075518
2024-08-27 13:02:18,24350.0,600,Buy,235075516
2024-08-27 13:02:18,24350.0,300,Buy,235075517
2024-08-27 13:02:18,24350.0,400,Buy,235075514
2024-08-27 13:02:18,24350.0,3600,Buy,235075512
2024-08-27 13:02:18,24350.0,8000,Buy,235075515
2024-08-27 13:02:18,24350.0,1000,Buy,235075513
2024-08-27 13:02:28,24350.0,500,Buy,235075783
2024-08-27 13:02:37,24350.0,3000,Buy,235076018
2024-08-27 13:02:48,24300.0,100,Sell,235076334
2024-08-27 13:02:54,24350.0,400,Buy,235076527
2024-08-27 13:02:54,24350.0,500,Buy,235076528
2024-08-27 13:02:54,24350.0,100,Buy,235076529
2024-08-27 13:02:58,24350.0,400,Buy,235076620
2024-08-27 13:02:58,24350.0,200,Buy,235076621
2024-08-27 13:02:58,24350.0,2400,Buy,235076622
2024-08-27 13:02:59,24350.0,900,Buy,235076659
2024-08-27 13:02:59,24350.0,1100,Buy,235076658
2024-08-27 13:02:59,24300.0,100,Sell,235076633
2024-08-27 13:02:59,24300.0,200,Sell,235076634
2024-08-27 13:02:59,24300.0,2600,Sell,235076635
2024-08-27 13:02:59,24300.0,1100,Sell,235076632
2024-08-27 13:03:09,24350.0,1000,Buy,235076868
2024-08-27 13:03:10,24350.0,1000,Buy,235076882
2024-08-27 13:03:11,24350.0,100,Buy,235076989
2024-08-27 13:03:16,24350.0,1700,Buy,235077163
2024-08-27 13:03:16,24350.0,3300,Buy,235077165
2024-08-27 13:03:16,24350.0,300,Buy,235077164
2024-08-27 13:03:16,24350.0,300,Buy,235077162
2024-08-27 13:03:16,24350.0,300,Buy,235077160
2024-08-27 13:03:16,24350.0,100,Buy,235077159
2024-08-27 13:03:16,24350.0,27000,Buy,235077158
2024-08-27 13:03:16,24350.0,1000,Buy,235077161
2024-08-27 13:03:17,24350.0,5000,Sell,235077208
2024-08-27 13:03:43,24350.0,100,Sell,235077887
2024-08-27 13:03:47,24400.0,200,Buy,235077965
2024-08-27 13:03:56,24350.0,1500,Sell,235078211
2024-08-27 13:04:04,24350.0,500,Sell,235078456
2024-08-27 13:04:05,24350.0,50400,Sell,235078475
2024-08-27 13:04:16,24350.0,1000,Sell,235078678
2024-08-27 13:04:27,24350.0,3000,Sell,235078906
2024-08-27 13:04:27,24350.0,100,Sell,235078905
2024-08-27 13:04:27,24350.0,1000,Sell,235078904
2024-08-27 13:04:27,24350.0,200,Sell,235078901
2024-08-27 13:04:27,24350.0,3800,Sell,235078902
2024-08-27 13:04:27,24350.0,2000,Sell,235078900
2024-08-27 13:04:27,24350.0,7500,Sell,235078899
2024-08-27 13:04:27,24350.0,500,Sell,235078903
2024-08-27 13:04:38,24350.0,1000,Buy,235079192
2024-08-27 13:04:45,24350.0,200,Buy,235079311
2024-08-27 13:04:57,24350.0,1000,Buy,235079678
2024-08-27 13:05:04,24350.0,500,Buy,235079872
2024-08-27 13:05:06,24350.0,300,Buy,235079908
2024-08-27 13:05:19,24350.0,15000,Buy,235080282
2024-08-27 13:05:19,24350.0,1000,Buy,235080283
2024-08-27 13:05:22,24350.0,200,Buy,235080384
2024-08-27 13:05:25,24350.0,3000,Buy,235080451
2024-08-27 13:05:26,24350.0,1000,Buy,235080503
2024-08-27 13:05:28,24350.0,100,Buy,235080554
2024-08-27 13:05:30,24350.0,500,Buy,235080597
2024-08-27 13:05:38,24350.0,1900,Buy,235080828
2024-08-27 13:05:38,24350.0,8100,Buy,235080827
2024-08-27 13:05:41,24300.0,700,Sell,235080913
2024-08-27 13:05:48,24300.0,4000,Sell,235081086
2024-08-27 13:05:52,24300.0,800,Sell,235081211
2024-08-27 13:06:04,24300.0,1900,Sell,235081566
2024-08-27 13:06:04,24300.0,14100,Sell,235081567
2024-08-27 13:06:05,24300.0,2000,Sell,235081581
2024-08-27 13:06:06,24350.0,1800,Buy,235081626
2024-08-27 13:06:06,24350.0,200,Buy,235081625
2024-08-27 13:06:06,24350.0,9800,Buy,235081614
2024-08-27 13:06:06,24350.0,200,Buy,235081613
2024-08-27 13:06:10,24300.0,100,Sell,235081715
2024-08-27 13:06:10,24300.0,200,Sell,235081716
2024-08-27 13:06:10,24300.0,5000,Sell,235081717
2024-08-27 13:06:10,24300.0,3000,Sell,235081718
2024-08-27 13:06:10,24300.0,100,Sell,235081719
2024-08-27 13:06:10,24300.0,2000,Sell,235081720
2024-08-27 13:06:10,24300.0,1000,Sell,235081721
2024-08-27 13:06:10,24300.0,100,Sell,235081723
2024-08-27 13:06:10,24300.0,1000,Sell,235081729
2024-08-27 13:06:10,24300.0,500,Sell,235081725
2024-08-27 13:06:10,24300.0,500,Sell,235081726
2024-08-27 13:06:10,24300.0,300,Sell,235081727
2024-08-27 13:06:10,24300.0,100,Sell,235081728
2024-08-27 13:06:10,24300.0,200,Sell,235081714
2024-08-27 13:06:10,24300.0,3000,Sell,235081730
2024-08-27 13:06:10,24300.0,2000,Sell,235081733
2024-08-27 13:06:10,24300.0,58200,Sell,235081734
2024-08-27 13:06:10,24300.0,10000,Sell,235081724
2024-08-27 13:06:10,24300.0,200,Sell,235081713
2024-08-27 13:06:10,24300.0,100000,Sell,235081732
2024-08-27 13:06:10,24300.0,200,Sell,235081711
2024-08-27 13:06:10,24300.0,5000,Sell,235081712
2024-08-27 13:06:10,24300.0,8500,Sell,235081692
2024-08-27 13:06:10,24300.0,80000,Sell,235081693
2024-08-27 13:06:10,24300.0,6200,Sell,235081694
2024-08-27 13:06:10,24300.0,500,Sell,235081695
2024-08-27 13:06:10,24300.0,500,Sell,235081696
2024-08-27 13:06:10,24300.0,500,Sell,235081697
2024-08-27 13:06:10,24300.0,100,Sell,235081698
2024-08-27 13:06:10,24300.0,100,Sell,235081699
2024-08-27 13:06:10,24300.0,200,Sell,235081700
2024-08-27 13:06:10,24300.0,3000,Sell,235081731
2024-08-27 13:06:10,24300.0,100,Sell,235081702
2024-08-27 13:06:10,24300.0,400,Sell,235081710
2024-08-27 13:06:10,24300.0,5000,Sell,235081709
2024-08-27 13:06:10,24300.0,100,Sell,235081708
2024-08-27 13:06:10,24300.0,100,Sell,235081707
2024-08-27 13:06:10,24300.0,200,Sell,235081701
2024-08-27 13:06:10,24300.0,100,Sell,235081706
2024-08-27 13:06:10,24300.0,1000,Sell,235081705
2024-08-27 13:06:10,24300.0,500,Sell,235081704
2024-08-27 13:06:10,24300.0,200,Sell,235081703
2024-08-27 13:06:12,24300.0,500,Sell,235081829
2024-08-27 13:06:12,24300.0,1000,Sell,235081830
2024-08-27 13:06:12,24300.0,10000,Sell,235081831
2024-08-27 13:06:12,24300.0,500,Sell,235081832
2024-08-27 13:06:12,24300.0,700,Sell,235081833
2024-08-27 13:06:12,24300.0,100,Sell,235081834
2024-08-27 13:06:12,24300.0,5000,Sell,235081835
2024-08-27 13:06:12,24300.0,100,Sell,235081836
2024-08-27 13:06:12,24300.0,200,Sell,235081837
2024-08-27 13:06:12,24300.0,300,Sell,235081838
2024-08-27 13:06:12,24300.0,500,Sell,235081839
2024-08-27 13:06:12,24300.0,100,Sell,235081828
2024-08-27 13:06:12,24300.0,100,Sell,235081841
2024-08-27 13:06:12,24300.0,1000,Sell,235081842
2024-08-27 13:06:12,24300.0,200,Sell,235081843
2024-08-27 13:06:12,24300.0,100,Sell,235081844
2024-08-27 13:06:12,24300.0,100,Sell,235081845
2024-08-27 13:06:12,24300.0,11600,Sell,235081846
2024-08-27 13:06:12,24300.0,3000,Sell,235081840
2024-08-27 13:06:12,24300.0,100,Sell,235081826
2024-08-27 13:06:12,24300.0,100,Sell,235081825
2024-08-27 13:06:12,24300.0,41800,Sell,235081807
2024-08-27 13:06:12,24300.0,200,Sell,235081808
2024-08-27 13:06:12,24300.0,100,Sell,235081809
2024-08-27 13:06:12,24300.0,1000,Sell,235081810
2024-08-27 13:06:12,24300.0,100,Sell,235081827
2024-08-27 13:06:12,24300.0,500,Sell,235081812
2024-08-27 13:06:12,24300.0,400,Sell,235081813
2024-08-27 13:06:12,24300.0,100,Sell,235081814
2024-08-27 13:06:12,24300.0,500,Sell,235081811
2024-08-27 13:06:12,24300.0,1000,Sell,235081816
2024-08-27 13:06:12,24300.0,5000,Sell,235081815
2024-08-27 13:06:12,24300.0,200,Sell,235081824
2024-08-27 13:06:12,24300.0,500,Sell,235081823
2024-08-27 13:06:12,24300.0,5000,Sell,235081822
2024-08-27 13:06:12,24300.0,100,Sell,235081820
2024-08-27 13:06:12,24300.0,800,Sell,235081819
2024-08-27 13:06:12,24300.0,2000,Sell,235081818
2024-08-27 13:06:12,24300.0,200,Sell,235081817
2024-08-27 13:06:12,24300.0,2000,Sell,235081821
2024-08-27 13:06:16,24350.0,5000,Buy,235081981
2024-08-27 13:06:19,24300.0,2300,Sell,235082045
2024-08-27 13:06:19,24300.0,1000,Sell,235082044
2024-08-27 13:06:19,24300.0,100,Sell,235082043
2024-08-27 13:06:19,24300.0,100,Sell,235082042
2024-08-27 13:06:19,24300.0,2000,Sell,235082041
2024-08-27 13:06:19,24300.0,500,Sell,235082040
2024-08-27 13:06:19,24300.0,10000,Sell,235082039
2024-08-27 13:06:19,24300.0,1000,Sell,235082037
2024-08-27 13:06:19,24300.0,5400,Sell,235082031
2024-08-27 13:06:19,24300.0,1000,Sell,235082033
2024-08-27 13:06:19,24300.0,200,Sell,235082038
2024-08-27 13:06:19,24300.0,100,Sell,235082035
2024-08-27 13:06:19,24300.0,300,Sell,235082034
2024-08-27 13:06:19,24300.0,1000,Sell,235082036
2024-08-27 13:06:21,24300.0,5300,Sell,235082098
2024-08-27 13:06:27,24300.0,13000,Sell,235082276
2024-08-27 13:06:40,24300.0,4000,Sell,235082612
2024-08-27 13:06:40,24300.0,500,Sell,235082617
2024-08-27 13:06:40,24300.0,1000,Sell,235082625
2024-08-27 13:06:43,24300.0,11200,Sell,235082669
2024-08-27 13:06:43,24300.0,1000,Sell,235082666
2024-08-27 13:06:43,24300.0,100,Sell,235082665
2024-08-27 13:06:43,24300.0,200,Sell,235082668
2024-08-27 13:06:43,24300.0,500,Sell,235082663
2024-08-27 13:06:43,24300.0,100,Sell,235082662
2024-08-27 13:06:43,24300.0,9900,Sell,235082661
2024-08-27 13:06:43,24300.0,100,Sell,235082664
2024-08-27 13:06:43,24300.0,100,Sell,235082667
2024-08-27 13:06:47,24300.0,1000,Sell,235082793
2024-08-27 13:06:51,24300.0,2000,Sell,235082884
2024-08-27 13:06:52,24300.0,1000,Sell,235082907
2024-08-27 13:06:53,24300.0,100,Sell,235082935
2024-08-27 13:06:56,24300.0,400,Sell,235083022
2024-08-27 13:06:59,24300.0,100,Sell,235083097
2024-08-27 13:07:01,24300.0,200,Sell,235083128
2024-08-27 13:07:11,24300.0,500,Sell,235083359
2024-08-27 13:07:13,24350.0,5000,Buy,235083405
2024-08-27 13:07:15,24300.0,1000,Sell,235083452
2024-08-27 13:07:17,24350.0,200,Buy,235083524
2024-08-27 13:07:22,24350.0,3000,Buy,235083626
2024-08-27 13:07:25,24350.0,5000,Buy,235083715
2024-08-27 13:07:30,24350.0,15000,Buy,235083826
2024-08-27 13:07:34,24350.0,100,Buy,235083931
2024-08-27 13:07:35,24350.0,500,Buy,235083968
2024-08-27 13:07:37,24350.0,1000,Buy,235084029
2024-08-27 13:07:49,24350.0,500,Buy,235084351
2024-08-27 13:08:11,24350.0,1500,Buy,235085154
2024-08-27 13:08:14,24350.0,100,Buy,235085236
2024-08-27 13:08:20,24350.0,1000,Buy,235085402
2024-08-27 13:08:30,24350.0,1000,Buy,235085844
2024-08-27 13:08:33,24350.0,1800,Buy,235085946
2024-08-27 13:08:37,24350.0,100,Buy,235086039
2024-08-27 13:08:42,24300.0,1000,Sell,235086184
2024-08-27 13:08:42,24300.0,200,Sell,235086182
2024-08-27 13:08:42,24300.0,100,Sell,235086181
2024-08-27 13:08:42,24300.0,400,Sell,235086183
2024-08-27 13:08:42,24300.0,100,Sell,235086185
2024-08-27 13:08:42,24300.0,51500,Sell,235086191
2024-08-27 13:08:42,24300.0,400,Sell,235086187
2024-08-27 13:08:42,24300.0,100,Sell,235086188
2024-08-27 13:08:42,24300.0,200,Sell,235086189
2024-08-27 13:08:42,24300.0,1000,Sell,235086190
2024-08-27 13:08:42,24300.0,200,Sell,235086186
2024-08-27 13:08:42,24300.0,3000,Sell,235086180
2024-08-27 13:08:42,24300.0,200,Sell,235086176
2024-08-27 13:08:42,24300.0,100,Sell,235086178
2024-08-27 13:08:42,24300.0,100,Sell,235086179
2024-08-27 13:08:42,24300.0,82500,Sell,235086167
2024-08-27 13:08:42,24300.0,100,Sell,235086168
2024-08-27 13:08:42,24300.0,100,Sell,235086169
2024-08-27 13:08:42,24300.0,5000,Sell,235086170
2024-08-27 13:08:42,24300.0,200,Sell,235086174
2024-08-27 13:08:42,24300.0,200,Sell,235086172
2024-08-27 13:08:42,24300.0,5000,Sell,235086173
2024-08-27 13:08:42,24300.0,100,Sell,235086171
2024-08-27 13:08:42,24300.0,100,Sell,235086175
2024-08-27 13:08:42,24300.0,100,Sell,235086177
2024-08-27 13:08:43,24350.0,100,Buy,235086236
2024-08-27 13:09:02,24300.0,1000,Sell,235087235
2024-08-27 13:09:02,24300.0,100,Sell,235087234
2024-08-27 13:09:02,24300.0,500,Sell,235087233
2024-08-27 13:09:02,24300.0,1000,Sell,235087231
2024-08-27 13:09:02,24300.0,100,Sell,235087230
2024-08-27 13:09:02,24300.0,100,Sell,235087229
2024-08-27 13:09:02,24300.0,40000,Sell,235087236
2024-08-27 13:09:02,24300.0,1000,Sell,235087227
2024-08-27 13:09:02,24300.0,100,Sell,235087228
2024-08-27 13:09:02,24300.0,2400,Sell,235087222
2024-08-27 13:09:02,24300.0,2000,Sell,235087223
2024-08-27 13:09:02,24300.0,1000,Sell,235087232
2024-08-27 13:09:02,24300.0,100,Sell,235087225
2024-08-27 13:09:02,24300.0,300,Sell,235087224
2024-08-27 13:09:02,24300.0,300,Sell,235087226
2024-08-27 13:09:10,24350.0,100,Buy,235087471
