time,price,volume,match_type,id
2024-08-30 09:14:58,24850.0,131800,ATO/ATC,235893553
2024-08-30 09:15:40,24850.0,1500,Sell,235894133
2024-08-30 09:15:44,24850.0,5000,Sell,235894202
2024-08-30 09:16:04,24900.0,200,Buy,235894484
2024-08-30 09:16:32,24900.0,900,Buy,235895102
2024-08-30 09:16:32,24900.0,100,Buy,235895101
2024-08-30 09:16:42,24900.0,500,Buy,235895260
2024-08-30 09:17:10,24900.0,100,Buy,235895635
2024-08-30 09:17:11,24900.0,400,Buy,235895646
2024-08-30 09:17:31,24900.0,100,Buy,235895896
2024-08-30 09:17:31,24900.0,100,Buy,235895903
2024-08-30 09:17:31,24900.0,100,Buy,235895904
2024-08-30 09:17:31,24900.0,500,Buy,235895909
2024-08-30 09:17:31,24900.0,200,Buy,235895910
2024-08-30 09:17:31,24900.0,100,Buy,235895911
2024-08-30 09:17:31,24900.0,4200,Buy,235895912
2024-08-30 09:17:36,24900.0,200,Buy,235895999
2024-08-30 09:18:12,24850.0,1500,Sell,235896500
2024-08-30 09:18:26,24900.0,50000,Buy,235896661
2024-08-30 09:18:30,24850.0,2000,Sell,235896724
2024-08-30 09:18:38,24900.0,45600,Buy,235896857
2024-08-30 09:18:38,24900.0,1700,Buy,235896858
2024-08-30 09:18:38,24900.0,100,Buy,235896859
2024-08-30 09:18:38,24900.0,1000,Buy,235896860
2024-08-30 09:18:38,24900.0,1000,Buy,235896861
2024-08-30 09:18:38,24900.0,300,Buy,235896862
2024-08-30 09:18:38,24900.0,300,Buy,235896863
2024-08-30 09:18:43,24900.0,4700,Buy,235896935
2024-08-30 09:18:43,24900.0,300,Buy,235896936
2024-08-30 09:18:46,24900.0,1700,Buy,235896967
2024-08-30 09:18:46,24900.0,1000,Buy,235896968
2024-08-30 09:18:46,24900.0,3000,Buy,235896969
2024-08-30 09:18:46,24900.0,500,Buy,235896970
2024-08-30 09:18:46,24900.0,2000,Buy,235896971
2024-08-30 09:18:46,24900.0,1000,Buy,235896972
2024-08-30 09:18:46,24900.0,5800,Buy,235896973
2024-08-30 09:18:47,24900.0,1200,Buy,235897001
2024-08-30 09:18:47,24900.0,100,Buy,235897002
2024-08-30 09:18:54,24900.0,100,Sell,235897095
2024-08-30 09:18:54,24900.0,8700,Sell,235897094
2024-08-30 09:18:59,24900.0,21200,Buy,235897168
2024-08-30 09:19:03,24900.0,300,Sell,235897228
2024-08-30 09:19:11,24900.0,28500,Sell,235897359
2024-08-30 09:19:11,24900.0,1500,Sell,235897360
2024-08-30 09:19:13,24900.0,1000,Sell,235897394
2024-08-30 09:19:17,24900.0,500,Sell,235897470
2024-08-30 09:19:23,24900.0,500,Buy,235897523
2024-08-30 09:19:31,24850.0,1200,Sell,235897637
2024-08-30 09:19:44,24850.0,100,Sell,235897931
2024-08-30 09:19:57,24900.0,300,Buy,235898143
2024-08-30 09:19:57,24900.0,1000,Buy,235898140
2024-08-30 09:19:57,24900.0,100,Buy,235898141
2024-08-30 09:19:57,24900.0,100,Buy,235898142
2024-08-30 09:20:00,24900.0,400,Buy,235898199
2024-08-30 09:20:00,24850.0,1500,Sell,235898207
2024-08-30 09:20:17,24900.0,300,Buy,235898517
2024-08-30 09:20:23,24900.0,200,Buy,235898589
2024-08-30 09:20:29,24900.0,500,Buy,235898703
2024-08-30 09:20:29,24900.0,2000,Buy,235898702
2024-08-30 09:20:29,24900.0,1100,Buy,235898704
2024-08-30 09:20:29,24900.0,1900,Buy,235898700
2024-08-30 09:20:29,24900.0,4000,Buy,235898699
2024-08-30 09:20:29,24900.0,100,Buy,235898701
2024-08-30 09:20:35,24900.0,2000,Buy,235898781
2024-08-30 09:21:13,24900.0,2000,Buy,235899235
2024-08-30 09:21:15,24850.0,200,Sell,235899261
2024-08-30 09:22:31,24850.0,2000,Sell,235900704
2024-08-30 09:22:32,24850.0,100,Sell,235900716
2024-08-30 09:22:41,24850.0,100,Sell,235900857
2024-08-30 09:22:57,24900.0,100,Buy,235901151
2024-08-30 09:23:16,24900.0,100,Buy,235901517
2024-08-30 09:23:38,24900.0,6600,Buy,235901991
2024-08-30 09:23:38,24900.0,500,Buy,235901990
2024-08-30 09:23:38,24900.0,5000,Buy,235901988
2024-08-30 09:23:38,24900.0,6900,Buy,235901987
2024-08-30 09:23:38,24900.0,1000,Buy,235901989
2024-08-30 09:23:39,24900.0,200,Buy,235902014
2024-08-30 09:23:50,24900.0,100,Buy,235902209
2024-08-30 09:23:51,24850.0,1100,Sell,235902221
2024-08-30 09:24:22,24900.0,1900,Buy,235902887
2024-08-30 09:24:44,24900.0,9600,Buy,235903358
2024-08-30 09:24:44,24900.0,700,Buy,235903357
2024-08-30 09:24:44,24900.0,2000,Buy,235903356
2024-08-30 09:24:44,24900.0,100,Buy,235903355
2024-08-30 09:24:44,24900.0,400,Buy,235903354
2024-08-30 09:24:44,24900.0,100,Buy,235903352
2024-08-30 09:24:44,24900.0,3300,Buy,235903351
2024-08-30 09:24:44,24900.0,2000,Buy,235903350
2024-08-30 09:24:44,24900.0,1000,Buy,235903349
2024-08-30 09:24:44,24900.0,500,Buy,235903348
2024-08-30 09:24:44,24900.0,10300,Buy,235903353
2024-08-30 09:24:55,24900.0,7100,Buy,235903596
2024-08-30 09:24:55,24900.0,1000,Buy,235903593
2024-08-30 09:24:55,24900.0,200,Buy,235903595
2024-08-30 09:24:55,24900.0,100,Buy,235903591
2024-08-30 09:24:55,24900.0,1000,Buy,235903592
2024-08-30 09:24:55,24900.0,400,Buy,235903589
2024-08-30 09:24:55,24900.0,100,Buy,235903594
2024-08-30 09:24:55,24900.0,100,Buy,235903590
2024-08-30 09:25:10,24900.0,1900,Buy,235903884
2024-08-30 09:25:17,24900.0,1500,Buy,235904022
2024-08-30 09:25:17,24900.0,3500,Buy,235904021
2024-08-30 09:25:43,24900.0,500,Buy,235904522
2024-08-30 09:25:43,24900.0,100,Buy,235904523
2024-08-30 09:25:43,24900.0,1000,Buy,235904524
2024-08-30 09:25:43,24900.0,1000,Buy,235904525
2024-08-30 09:25:43,24900.0,5000,Buy,235904526
2024-08-30 09:25:43,24900.0,8200,Buy,235904527
2024-08-30 09:25:52,24900.0,11800,Buy,235904713
2024-08-30 09:25:52,24900.0,500,Buy,235904714
2024-08-30 09:25:52,24900.0,7700,Buy,235904715
2024-08-30 09:25:53,24900.0,400,Buy,235904722
2024-08-30 09:26:00,24900.0,1900,Buy,235904861
2024-08-30 09:26:08,24900.0,1900,Buy,235905001
2024-08-30 09:26:15,24900.0,1900,Buy,235905095
2024-08-30 09:26:19,24900.0,6200,Buy,235905141
2024-08-30 09:26:19,24900.0,700,Buy,235905142
2024-08-30 09:26:27,24900.0,300,Buy,235905267
2024-08-30 09:26:27,24900.0,1600,Buy,235905268
2024-08-30 09:26:44,24900.0,400,Buy,235905494
2024-08-30 09:26:44,24900.0,1500,Buy,235905495
2024-08-30 09:26:44,24900.0,200,Buy,235905503
2024-08-30 09:26:51,24900.0,300,Buy,235905607
2024-08-30 09:26:51,24900.0,1900,Buy,235905608
2024-08-30 09:26:59,24900.0,1900,Buy,235905760
2024-08-30 09:27:06,24850.0,100,Sell,235905840
2024-08-30 09:27:20,24900.0,100,Buy,235906084
2024-08-30 09:27:29,24850.0,4000,Sell,235906247
2024-08-30 09:27:40,24900.0,1900,Buy,235906425
2024-08-30 09:27:45,24900.0,1900,Buy,235906504
2024-08-30 09:27:47,24900.0,300,Buy,235906530
2024-08-30 09:27:47,24900.0,200,Buy,235906531
2024-08-30 09:27:51,24900.0,800,Buy,235906639
2024-08-30 09:27:51,24900.0,1100,Buy,235906640
2024-08-30 09:27:56,24900.0,400,Buy,235906787
2024-08-30 09:27:59,24900.0,1900,Buy,235906838
2024-08-30 09:28:05,24900.0,1000,Buy,235907011
2024-08-30 09:28:10,24900.0,400,Buy,235907076
2024-08-30 09:28:32,24900.0,10000,Buy,235907418
2024-08-30 09:28:34,24900.0,200,Buy,235907448
2024-08-30 09:28:35,24900.0,100,Buy,235907456
2024-08-30 09:28:45,24900.0,1000,Buy,235907603
2024-08-30 09:28:46,24900.0,17900,Buy,235907649
2024-08-30 09:28:46,24900.0,1900,Buy,235907648
2024-08-30 09:28:46,24900.0,100,Buy,235907643
2024-08-30 09:28:46,24900.0,10000,Buy,235907647
2024-08-30 09:28:46,24900.0,800,Buy,235907646
2024-08-30 09:28:46,24900.0,20000,Buy,235907645
2024-08-30 09:28:46,24900.0,500,Buy,235907644
2024-08-30 09:28:46,24900.0,300,Buy,235907642
2024-08-30 09:28:46,24900.0,25600,Buy,235907635
2024-08-30 09:28:46,24900.0,20000,Buy,235907640
2024-08-30 09:28:46,24900.0,500,Buy,235907641
2024-08-30 09:28:46,24900.0,200,Buy,235907630
2024-08-30 09:28:46,24900.0,300,Buy,235907636
2024-08-30 09:28:46,24900.0,100,Buy,235907628
2024-08-30 09:28:46,24900.0,100,Buy,235907638
2024-08-30 09:28:46,24900.0,1000,Buy,235907639
2024-08-30 09:28:46,24900.0,1000,Buy,235907637
2024-08-30 09:28:53,24900.0,10000,Buy,235907802
2024-08-30 09:28:53,24900.0,100,Buy,235907803
2024-08-30 09:28:53,24900.0,100,Buy,235907804
2024-08-30 09:28:53,24900.0,8500,Buy,235907805
2024-08-30 09:28:53,24900.0,12000,Buy,235907806
2024-08-30 09:28:53,24900.0,2100,Buy,235907801
2024-08-30 09:28:53,24900.0,500,Buy,235907807
2024-08-30 09:28:54,24900.0,20000,Sell,235907825
2024-08-30 09:28:57,24950.0,100,Buy,235907854
2024-08-30 09:28:57,24950.0,1800,Buy,235907855
2024-08-30 09:29:15,24950.0,100,Buy,235908130
2024-08-30 09:30:06,24950.0,300,Buy,235909154
2024-08-30 09:30:06,24950.0,1000,Buy,235909156
2024-08-30 09:30:06,24950.0,900,Buy,235909155
2024-08-30 09:30:06,24950.0,400,Buy,235909153
2024-08-30 09:30:06,24950.0,5000,Buy,235909151
2024-08-30 09:30:06,24950.0,300,Buy,235909152
2024-08-30 09:30:06,24950.0,100,Buy,235909150
2024-08-30 09:30:30,24900.0,46700,Sell,235909563
2024-08-30 09:30:30,24900.0,20000,Sell,235909564
2024-08-30 09:30:30,24900.0,5000,Sell,235909565
2024-08-30 09:30:30,24900.0,500,Sell,235909566
2024-08-30 09:30:30,24900.0,100,Sell,235909567
2024-08-30 09:30:30,24900.0,4500,Sell,235909568
2024-08-30 09:30:30,24900.0,10000,Sell,235909569
2024-08-30 09:30:30,24900.0,10000,Sell,235909570
2024-08-30 09:30:30,24900.0,3200,Sell,235909571
2024-08-30 09:30:48,24900.0,100,Sell,235909894
2024-08-30 09:30:48,24900.0,1800,Sell,235909892
2024-08-30 09:30:48,24900.0,5000,Sell,235909893
2024-08-30 09:30:50,24900.0,500,Buy,235909954
2024-08-30 09:31:09,24900.0,1900,Buy,235910269
2024-08-30 09:31:11,24900.0,700,Buy,235910311
2024-08-30 09:31:11,24900.0,100,Buy,235910312
2024-08-30 09:31:11,24900.0,100,Buy,235910313
2024-08-30 09:31:18,24950.0,1900,Buy,235910401
2024-08-30 09:31:26,24950.0,1900,Buy,235910512
2024-08-30 09:31:29,24900.0,100,Sell,235910563
2024-08-30 09:31:35,24950.0,1900,Buy,235910643
2024-08-30 09:31:44,24950.0,1900,Buy,235910879
2024-08-30 09:31:54,24950.0,1900,Buy,235911133
2024-08-30 09:32:05,24950.0,10000,Buy,235911420
2024-08-30 09:32:28,24900.0,1200,Sell,235911947
2024-08-30 09:32:28,24950.0,18000,Buy,235911948
2024-08-30 09:32:50,24950.0,500,Buy,235912396
2024-08-30 09:32:50,24950.0,1000,Buy,235912389
2024-08-30 09:32:50,24950.0,200,Buy,235912390
2024-08-30 09:32:50,24950.0,1000,Buy,235912391
2024-08-30 09:32:50,24950.0,100,Buy,235912392
2024-08-30 09:32:50,24950.0,100,Buy,235912393
2024-08-30 09:32:50,24950.0,500,Buy,235912394
2024-08-30 09:32:50,24950.0,2000,Buy,235912395
2024-08-30 09:32:50,24950.0,4400,Buy,235912397
2024-08-30 09:32:50,24950.0,500,Buy,235912403
2024-08-30 09:32:50,24950.0,4500,Buy,235912399
2024-08-30 09:32:50,24950.0,100,Buy,235912400
2024-08-30 09:32:50,24950.0,500,Buy,235912401
2024-08-30 09:32:50,24950.0,500,Buy,235912402
2024-08-30 09:32:50,24950.0,1000,Buy,235912388
2024-08-30 09:32:50,24950.0,700,Buy,235912404
2024-08-30 09:32:50,24950.0,700,Buy,235912405
2024-08-30 09:32:50,24950.0,10000,Buy,235912406
2024-08-30 09:32:50,24950.0,300,Buy,235912398
2024-08-30 09:32:50,24950.0,100,Buy,235912387
2024-08-30 09:32:50,24950.0,1000,Buy,235912382
2024-08-30 09:32:50,24950.0,20000,Buy,235912385
2024-08-30 09:32:50,24950.0,61500,Buy,235912362
2024-08-30 09:32:50,24950.0,1100,Buy,235912363
2024-08-30 09:32:50,24950.0,100,Buy,235912364
2024-08-30 09:32:50,24950.0,3000,Buy,235912365
2024-08-30 09:32:50,24950.0,500,Buy,235912366
2024-08-30 09:32:50,24950.0,5000,Buy,235912367
2024-08-30 09:32:50,24950.0,200,Buy,235912368
2024-08-30 09:32:50,24950.0,100,Buy,235912369
2024-08-30 09:32:50,24950.0,1000,Buy,235912386
2024-08-30 09:32:50,24950.0,400,Buy,235912370
2024-08-30 09:32:50,24950.0,100,Buy,235912372
2024-08-30 09:32:50,24950.0,1000,Buy,235912373
2024-08-30 09:32:50,24950.0,300,Buy,235912374
2024-08-30 09:32:50,24950.0,1000,Buy,235912375
2024-08-30 09:32:50,24950.0,500,Buy,235912380
2024-08-30 09:32:50,24950.0,1000,Buy,235912381
2024-08-30 09:32:50,24950.0,500,Buy,235912383
2024-08-30 09:32:50,24950.0,100,Buy,235912384
2024-08-30 09:32:50,24950.0,20000,Buy,235912371
2024-08-30 09:33:01,24950.0,5500,Sell,235912598
2024-08-30 09:33:08,25000.0,3000,Buy,235912874
2024-08-30 09:33:08,25000.0,5100,Buy,235912875
2024-08-30 09:33:08,25000.0,1000,Buy,235912873
2024-08-30 09:33:08,25000.0,100,Buy,235912870
2024-08-30 09:33:08,25000.0,100,Buy,235912871
2024-08-30 09:33:08,25000.0,500,Buy,235912869
2024-08-30 09:33:08,25000.0,200,Buy,235912872
2024-08-30 09:33:11,24950.0,100,Sell,235912955
2024-08-30 09:33:21,24950.0,17500,Sell,235913212
2024-08-30 09:33:24,25000.0,200,Buy,235913269
2024-08-30 09:33:29,24950.0,1000,Sell,235913382
2024-08-30 09:33:51,24950.0,100,Sell,235913809
2024-08-30 09:34:08,24950.0,16000,Sell,235914186
2024-08-30 09:34:12,25000.0,1000,Buy,235914341
2024-08-30 09:34:12,25000.0,1000,Buy,235914346
2024-08-30 09:34:12,25000.0,100,Buy,235914347
2024-08-30 09:34:12,25000.0,5000,Buy,235914345
2024-08-30 09:34:12,25000.0,100,Buy,235914344
2024-08-30 09:34:12,25000.0,3500,Buy,235914343
2024-08-30 09:34:12,25000.0,1000,Buy,235914342
2024-08-30 09:34:12,25000.0,400,Buy,235914340
2024-08-30 09:34:12,25000.0,400,Buy,235914337
2024-08-30 09:34:12,25000.0,100,Buy,235914338
2024-08-30 09:34:12,25000.0,200,Buy,235914348
2024-08-30 09:34:12,25000.0,1000,Buy,235914336
2024-08-30 09:34:12,25000.0,500,Buy,235914335
2024-08-30 09:34:12,25000.0,100,Buy,235914334
2024-08-30 09:34:12,25000.0,500,Buy,235914333
2024-08-30 09:34:12,25000.0,200,Buy,235914332
2024-08-30 09:34:12,25000.0,300,Buy,235914331
2024-08-30 09:34:12,25000.0,2000,Buy,235914330
2024-08-30 09:34:12,25000.0,1000,Buy,235914339
2024-08-30 09:34:12,25000.0,2000,Buy,235914349
2024-08-30 09:34:12,25000.0,25000,Buy,235914353
2024-08-30 09:34:12,25000.0,1000,Buy,235914351
2024-08-30 09:34:12,25000.0,2000,Buy,235914329
2024-08-30 09:34:12,25000.0,13000,Buy,235914370
2024-08-30 09:34:12,25000.0,2700,Buy,235914369
2024-08-30 09:34:12,25000.0,100,Buy,235914368
2024-08-30 09:34:12,25000.0,200,Buy,235914367
2024-08-30 09:34:12,25000.0,100,Buy,235914366
2024-08-30 09:34:12,25000.0,2000,Buy,235914365
2024-08-30 09:34:12,25000.0,1000,Buy,235914364
2024-08-30 09:34:12,25000.0,100,Buy,235914363
2024-08-30 09:34:12,25000.0,5000,Buy,235914362
2024-08-30 09:34:12,25000.0,20000,Buy,235914361
2024-08-30 09:34:12,25000.0,100,Buy,235914360
2024-08-30 09:34:12,25000.0,1000,Buy,235914359
2024-08-30 09:34:12,25000.0,400,Buy,235914358
2024-08-30 09:34:12,25000.0,1700,Buy,235914357
2024-08-30 09:34:12,25000.0,1000,Buy,235914356
2024-08-30 09:34:12,25000.0,1000,Buy,235914355
2024-08-30 09:34:12,25000.0,100,Buy,235914354
2024-08-30 09:34:12,25000.0,300,Buy,235914352
2024-08-30 09:34:12,25000.0,2000,Buy,235914350
2024-08-30 09:34:12,25000.0,1100,Buy,235914328
2024-08-30 09:34:12,25000.0,100,Buy,235914307
2024-08-30 09:34:12,25000.0,200,Buy,235914326
2024-08-30 09:34:12,25000.0,100,Buy,235914300
2024-08-30 09:34:12,25000.0,200,Buy,235914299
2024-08-30 09:34:12,25000.0,100,Buy,235914298
2024-08-30 09:34:12,25000.0,1000,Buy,235914297
2024-08-30 09:34:12,25000.0,2000,Buy,235914296
2024-08-30 09:34:12,25000.0,500,Buy,235914295
2024-08-30 09:34:12,25000.0,100,Buy,235914294
2024-08-30 09:34:12,25000.0,1000,Buy,235914293
2024-08-30 09:34:12,25000.0,100,Buy,235914292
2024-08-30 09:34:12,25000.0,5000,Buy,235914291
2024-08-30 09:34:12,25000.0,200,Buy,235914290
2024-08-30 09:34:12,25000.0,1500,Buy,235914289
2024-08-30 09:34:12,25000.0,100,Buy,235914327
2024-08-30 09:34:12,25000.0,500,Buy,235914287
2024-08-30 09:34:12,25000.0,500,Buy,235914286
2024-08-30 09:34:12,25000.0,500,Buy,235914285
2024-08-30 09:34:12,25000.0,1400,Buy,235914284
2024-08-30 09:34:12,25000.0,300,Buy,235914283
2024-08-30 09:34:12,25000.0,2700,Buy,235914282
2024-08-30 09:34:12,25000.0,200,Buy,235914301
2024-08-30 09:34:12,25000.0,2000,Buy,235914302
2024-08-30 09:34:12,25000.0,200,Buy,235914288
2024-08-30 09:34:12,25000.0,100,Buy,235914304
2024-08-30 09:34:12,25000.0,200,Buy,235914303
2024-08-30 09:34:12,25000.0,1500,Buy,235914325
2024-08-30 09:34:12,25000.0,7000,Buy,235914324
2024-08-30 09:34:12,25000.0,100,Buy,235914322
2024-08-30 09:34:12,25000.0,2000,Buy,235914321
2024-08-30 09:34:12,25000.0,1000,Buy,235914320
2024-08-30 09:34:12,25000.0,100,Buy,235914319
2024-08-30 09:34:12,25000.0,100,Buy,235914318
2024-08-30 09:34:12,25000.0,100,Buy,235914317
2024-08-30 09:34:12,25000.0,100,Buy,235914323
2024-08-30 09:34:12,25000.0,2200,Buy,235914315
2024-08-30 09:34:12,25000.0,20000,Buy,235914314
2024-08-30 09:34:12,25000.0,100,Buy,235914313
2024-08-30 09:34:12,25000.0,100,Buy,235914312
2024-08-30 09:34:12,25000.0,200,Buy,235914311
2024-08-30 09:34:12,25000.0,200,Buy,235914310
2024-08-30 09:34:12,25000.0,2000,Buy,235914309
2024-08-30 09:34:12,25000.0,1000,Buy,235914306
2024-08-30 09:34:12,25000.0,200000,Buy,235914316
2024-08-30 09:34:12,25000.0,100,Buy,235914305
2024-08-30 09:34:18,25000.0,100,Buy,235914496
2024-08-30 09:34:21,25000.0,100,Buy,235914586
2024-08-30 09:34:21,25000.0,500,Buy,235914575
2024-08-30 09:34:21,25000.0,100,Buy,235914584
2024-08-30 09:34:21,25000.0,10000,Buy,235914583
2024-08-30 09:34:21,25000.0,100,Buy,235914582
2024-08-30 09:34:21,25000.0,100,Buy,235914577
2024-08-30 09:34:21,25000.0,2000,Buy,235914580
2024-08-30 09:34:21,25000.0,100,Buy,235914579
2024-08-30 09:34:21,25000.0,900,Buy,235914578
2024-08-30 09:34:21,25000.0,100,Buy,235914576
2024-08-30 09:34:21,25000.0,100,Buy,235914587
2024-08-30 09:34:21,25000.0,500,Buy,235914581
2024-08-30 09:34:21,25000.0,1800,Buy,235914588
2024-08-30 09:34:21,25000.0,1000,Buy,235914601
2024-08-30 09:34:21,25000.0,7000,Buy,235914590
2024-08-30 09:34:21,25000.0,25000,Buy,235914591
2024-08-30 09:34:21,25000.0,100,Buy,235914592
2024-08-30 09:34:21,25000.0,200,Buy,235914593
2024-08-30 09:34:21,25000.0,5000,Buy,235914594
2024-08-30 09:34:21,25000.0,200,Buy,235914595
2024-08-30 09:34:21,25000.0,300,Buy,235914598
2024-08-30 09:34:21,25000.0,1000,Buy,235914599
2024-08-30 09:34:21,25000.0,200,Buy,235914600
2024-08-30 09:34:21,25000.0,100,Buy,235914602
2024-08-30 09:34:21,25000.0,1000,Buy,235914603
2024-08-30 09:34:21,25000.0,2000,Buy,235914604
2024-08-30 09:34:21,25000.0,100,Buy,235914589
2024-08-30 09:34:21,25000.0,1000,Buy,235914574
2024-08-30 09:34:21,25000.0,2000,Buy,235914585
2024-08-30 09:34:21,25000.0,400,Buy,235914572
2024-08-30 09:34:21,25000.0,9400,Buy,235914544
2024-08-30 09:34:21,25000.0,800,Buy,235914545
2024-08-30 09:34:21,25000.0,500,Buy,235914546
2024-08-30 09:34:21,25000.0,100,Buy,235914548
2024-08-30 09:34:21,25000.0,300,Buy,235914549
2024-08-30 09:34:21,25000.0,800,Buy,235914550
2024-08-30 09:34:21,25000.0,2000,Buy,235914551
2024-08-30 09:34:21,25000.0,300,Buy,235914552
2024-08-30 09:34:21,25000.0,500,Buy,235914553
2024-08-30 09:34:21,25000.0,100,Buy,235914554
2024-08-30 09:34:21,25000.0,5000,Buy,235914555
2024-08-30 09:34:21,25000.0,1100,Buy,235914556
2024-08-30 09:34:21,25000.0,100,Buy,235914557
2024-08-30 09:34:21,25000.0,100,Buy,235914547
2024-08-30 09:34:21,25000.0,400,Buy,235914559
2024-08-30 09:34:21,25000.0,500,Buy,235914558
2024-08-30 09:34:21,25000.0,200,Buy,235914571
2024-08-30 09:34:21,25000.0,1000,Buy,235914570
2024-08-30 09:34:21,25000.0,1000,Buy,235914569
2024-08-30 09:34:21,25000.0,500,Buy,235914568
2024-08-30 09:34:21,25000.0,1000,Buy,235914567
2024-08-30 09:34:21,25000.0,400,Buy,235914573
2024-08-30 09:34:21,25000.0,10000,Buy,235914565
2024-08-30 09:34:21,25000.0,100,Buy,235914564
2024-08-30 09:34:21,25000.0,1000,Buy,235914563
2024-08-30 09:34:21,25000.0,10000,Buy,235914562
2024-08-30 09:34:21,25000.0,1500,Buy,235914561
2024-08-30 09:34:21,25000.0,500,Buy,235914566
2024-08-30 09:34:21,25000.0,500,Buy,235914560
2024-08-30 09:34:23,25000.0,1000,Buy,235914650
2024-08-30 09:34:23,25000.0,1000,Buy,235914649
2024-08-30 09:34:23,25000.0,1000,Buy,235914647
2024-08-30 09:34:23,25000.0,200,Buy,235914646
2024-08-30 09:34:23,25000.0,1000,Buy,235914648
2024-08-30 09:34:23,25000.0,2000,Buy,235914643
2024-08-30 09:34:23,25000.0,100,Buy,235914642
2024-08-30 09:34:23,25000.0,100,Buy,235914641
2024-08-30 09:34:23,25000.0,100,Buy,235914645
2024-08-30 09:34:23,25000.0,5000,Buy,235914644
2024-08-30 09:34:43,25000.0,200,Sell,235915071
2024-08-30 09:34:47,25000.0,1000,Sell,235915149
2024-08-30 09:34:47,25000.0,5000,Sell,235915153
2024-08-30 09:34:59,25000.0,400,Sell,235915403
2024-08-30 09:34:59,25000.0,3200,Sell,235915405
2024-08-30 09:35:02,25000.0,100,Sell,235915518
2024-08-30 09:35:05,25000.0,500,Sell,235915563
2024-08-30 09:35:06,25000.0,100,Sell,235915597
2024-08-30 09:35:08,25000.0,1000,Sell,235915674
2024-08-30 09:35:08,25000.0,13000,Sell,235915672
2024-08-30 09:35:08,25000.0,100,Sell,235915673
2024-08-30 09:35:22,25000.0,200,Buy,235915984
2024-08-30 09:35:29,25000.0,2500,Buy,235916109
2024-08-30 09:35:37,25000.0,6200,Buy,235916260
2024-08-30 09:35:44,25000.0,200,Buy,235916496
2024-08-30 09:35:58,25000.0,100,Buy,235916744
2024-08-30 09:36:10,25000.0,100,Buy,235917036
2024-08-30 09:36:10,25000.0,1600,Buy,235917044
2024-08-30 09:36:10,25000.0,1000,Buy,235917045
2024-08-30 09:36:10,25000.0,400,Buy,235917046
2024-08-30 09:36:15,24950.0,1000,Sell,235917168
2024-08-30 09:36:17,25000.0,5000,Buy,235917212
2024-08-30 09:36:22,25000.0,600,Buy,235917297
2024-08-30 09:36:24,24950.0,2000,Sell,235917322
2024-08-30 09:36:35,25000.0,900,Buy,235917522
2024-08-30 09:36:38,25000.0,900,Buy,235917558
2024-08-30 09:36:47,24950.0,100,Sell,235917749
2024-08-30 09:36:49,25000.0,200,Buy,235917776
2024-08-30 09:36:58,25000.0,1000,Buy,235917944
2024-08-30 09:37:30,25000.0,2900,Buy,235918519
2024-08-30 09:37:30,25000.0,100,Buy,235918518
2024-08-30 09:37:30,25000.0,1000,Buy,235918517
2024-08-30 09:37:30,25000.0,200,Buy,235918516
2024-08-30 09:37:30,25000.0,1000,Buy,235918515
2024-08-30 09:37:30,25000.0,100,Buy,235918513
2024-08-30 09:37:30,25000.0,700,Buy,235918514
2024-08-30 09:37:30,25000.0,100,Buy,235918511
2024-08-30 09:37:30,25000.0,300,Buy,235918510
2024-08-30 09:37:30,25000.0,1000,Buy,235918509
2024-08-30 09:37:30,25000.0,500,Buy,235918508
2024-08-30 09:37:30,25000.0,100,Buy,235918507
2024-08-30 09:37:30,25000.0,1000,Buy,235918506
2024-08-30 09:37:30,25000.0,1000,Buy,235918512
2024-08-30 09:37:43,24950.0,100,Sell,235918763
2024-08-30 09:37:54,24950.0,6100,Sell,235918961
2024-08-30 09:37:54,24950.0,10000,Sell,235918960
2024-08-30 09:37:54,24950.0,7000,Sell,235918959
2024-08-30 09:37:54,24950.0,4900,Sell,235918958
2024-08-30 09:37:54,24950.0,4000,Sell,235918957
2024-08-30 09:37:54,24950.0,1000,Sell,235918956
2024-08-30 09:37:54,24950.0,5000,Sell,235918953
2024-08-30 09:37:54,24950.0,4000,Sell,235918954
2024-08-30 09:37:54,24950.0,1000,Sell,235918952
2024-08-30 09:37:54,24950.0,3000,Sell,235918951
2024-08-30 09:37:54,24950.0,2000,Sell,235918950
2024-08-30 09:37:54,24950.0,100,Sell,235918949
2024-08-30 09:37:54,24950.0,1800,Sell,235918948
2024-08-30 09:37:54,24950.0,100,Sell,235918955
2024-08-30 09:37:57,24950.0,900,Sell,235918993
2024-08-30 09:38:07,24950.0,1000,Sell,235919170
2024-08-30 09:38:13,24950.0,200,Sell,235919297
2024-08-30 09:38:13,24950.0,13000,Sell,235919296
2024-08-30 09:38:13,24950.0,6900,Sell,235919293
2024-08-30 09:38:13,24950.0,2000,Sell,235919294
2024-08-30 09:38:13,24950.0,500,Sell,235919295
2024-08-30 09:38:20,24900.0,2000,Sell,235919412
2024-08-30 09:38:20,24900.0,4000,Sell,235919411
2024-08-30 09:38:51,24950.0,2900,Buy,235919968
2024-08-30 09:38:54,24950.0,100,Buy,235920010
2024-08-30 09:39:34,24950.0,200,Buy,235920850
2024-08-30 09:39:35,24900.0,800,Sell,235920855
2024-08-30 09:40:18,24900.0,2000,Sell,235921580
2024-08-30 09:40:28,24900.0,100,Sell,235921728
2024-08-30 09:40:41,24900.0,100,Sell,235921894
2024-08-30 09:40:55,24950.0,1000,Buy,235922132
2024-08-30 09:41:34,24950.0,800,Buy,235922730
2024-08-30 09:41:35,24950.0,100,Buy,235922879
2024-08-30 09:41:55,24950.0,1000,Buy,235923299
2024-08-30 09:42:03,24900.0,1500,Sell,235923501
2024-08-30 09:42:03,24900.0,200,Sell,235923505
2024-08-30 09:42:03,24900.0,1100,Sell,235923502
2024-08-30 09:42:03,24900.0,5000,Sell,235923503
2024-08-30 09:42:03,24900.0,10000,Sell,235923504
2024-08-30 09:42:03,24900.0,100,Sell,235923506
2024-08-30 09:42:03,24900.0,6200,Sell,235923512
2024-08-30 09:42:03,24900.0,2400,Sell,235923508
2024-08-30 09:42:03,24900.0,100,Sell,235923509
2024-08-30 09:42:03,24900.0,200,Sell,235923510
2024-08-30 09:42:03,24900.0,200,Sell,235923511
2024-08-30 09:42:03,24900.0,5000,Sell,235923500
2024-08-30 09:42:03,24900.0,5000,Sell,235923507
2024-08-30 09:42:03,24900.0,3000,Sell,235923499
2024-08-30 09:42:03,24900.0,3000,Sell,235923490
2024-08-30 09:42:03,24900.0,2000,Sell,235923497
2024-08-30 09:42:03,24900.0,5000,Sell,235923479
2024-08-30 09:42:03,24900.0,36000,Sell,235923480
2024-08-30 09:42:03,24900.0,200,Sell,235923481
2024-08-30 09:42:03,24900.0,500,Sell,235923498
2024-08-30 09:42:03,24900.0,200,Sell,235923483
2024-08-30 09:42:03,24900.0,5000,Sell,235923484
2024-08-30 09:42:03,24900.0,200,Sell,235923482
2024-08-30 09:42:03,24900.0,1000,Sell,235923486
2024-08-30 09:42:03,24900.0,5000,Sell,235923487
2024-08-30 09:42:03,24900.0,200,Sell,235923488
2024-08-30 09:42:03,24900.0,1000,Sell,235923489
2024-08-30 09:42:03,24900.0,300,Sell,235923491
2024-08-30 09:42:03,24900.0,400,Sell,235923485
2024-08-30 09:42:08,24950.0,1000,Buy,235923632
2024-08-30 09:42:16,24900.0,500,Sell,235923784
2024-08-30 09:42:18,24900.0,15000,Sell,235923823
2024-08-30 09:42:22,24950.0,1000,Buy,235923915
2024-08-30 09:42:25,24900.0,500,Sell,235923999
2024-08-30 09:42:25,24900.0,2000,Sell,235924000
2024-08-30 09:42:25,24900.0,8000,Sell,235923998
2024-08-30 09:42:25,24900.0,1000,Sell,235923995
2024-08-30 09:42:25,24900.0,500,Sell,235923996
2024-08-30 09:42:25,24900.0,1000,Sell,235923997
2024-08-30 09:42:25,24900.0,28300,Sell,235923994
2024-08-30 09:42:34,24900.0,1000,Buy,235924168
2024-08-30 09:42:51,24850.0,100,Sell,235924477
2024-08-30 09:42:52,24900.0,4500,Buy,235924519
2024-08-30 09:42:59,24850.0,100,Sell,235924672
2024-08-30 09:43:44,24850.0,900,Sell,235925666
2024-08-30 09:43:44,24850.0,200,Sell,235925663
2024-08-30 09:43:44,24850.0,200,Sell,235925665
2024-08-30 09:43:44,24850.0,2000,Sell,235925661
2024-08-30 09:43:44,24850.0,100,Sell,235925660
2024-08-30 09:43:44,24850.0,6500,Sell,235925659
2024-08-30 09:43:44,24850.0,100,Sell,235925662
2024-08-30 09:43:44,24850.0,10000,Sell,235925664
2024-08-30 09:43:56,24850.0,100,Sell,235925944
2024-08-30 09:43:56,24850.0,1900,Sell,235925945
2024-08-30 09:44:11,24850.0,2000,Sell,235926244
2024-08-30 09:44:14,24900.0,200,Buy,235926394
2024-08-30 09:44:14,24900.0,3200,Buy,235926390
2024-08-30 09:44:14,24900.0,5000,Buy,235926391
2024-08-30 09:44:14,24900.0,500,Buy,235926392
2024-08-30 09:44:14,24900.0,3000,Buy,235926393
2024-08-30 09:44:30,24950.0,500,Buy,235926842
2024-08-30 09:44:32,24950.0,1000,Buy,235926894
2024-08-30 09:44:33,24900.0,300,Sell,235926910
2024-08-30 09:44:33,24900.0,2000,Sell,235926936
2024-08-30 09:44:35,24900.0,100,Sell,235927004
2024-08-30 09:45:01,24900.0,700,Sell,235927534
2024-08-30 09:45:01,24900.0,9300,Sell,235927535
2024-08-30 09:45:01,24900.0,500,Sell,235927537
2024-08-30 09:45:31,24950.0,20000,Buy,235928258
2024-08-30 09:45:36,24950.0,2000,Buy,235928354
2024-08-30 09:45:39,24950.0,15000,Buy,235928415
2024-08-30 09:45:46,24900.0,100,Sell,235928576
2024-08-30 09:46:22,24900.0,600,Sell,235929456
2024-08-30 09:46:24,24950.0,20000,Buy,235929513
2024-08-30 09:46:33,24950.0,10800,Buy,235929715
2024-08-30 09:46:33,24950.0,2500,Buy,235929716
2024-08-30 09:46:33,24950.0,500,Buy,235929717
2024-08-30 09:46:33,24950.0,1200,Buy,235929718
2024-08-30 09:46:48,24900.0,2400,Sell,235930042
2024-08-30 09:47:02,24950.0,500,Buy,235930300
2024-08-30 09:47:20,24950.0,100,Buy,235930867
2024-08-30 09:47:42,24900.0,2900,Sell,235931328
2024-08-30 09:47:42,24900.0,2100,Sell,235931326
2024-08-30 09:47:42,24900.0,5000,Sell,235931327
2024-08-30 09:47:46,24900.0,5000,Sell,235931408
2024-08-30 09:48:02,24900.0,1000,Sell,235931812
2024-08-30 09:48:02,24900.0,1000,Sell,235931802
2024-08-30 09:48:25,24900.0,1500,Sell,235932348
2024-08-30 09:48:26,24900.0,3600,Sell,235932374
2024-08-30 09:48:26,24900.0,15000,Sell,235932382
2024-08-30 09:48:26,24900.0,200,Sell,235932381
2024-08-30 09:48:26,24900.0,8000,Sell,235932380
2024-08-30 09:48:26,24900.0,300,Sell,235932384
2024-08-30 09:48:26,24900.0,1900,Sell,235932378
2024-08-30 09:48:26,24900.0,2000,Sell,235932377
2024-08-30 09:48:26,24900.0,500,Sell,235932376
2024-08-30 09:48:26,24900.0,3000,Sell,235932375
2024-08-30 09:48:26,24900.0,500,Sell,235932379
2024-08-30 09:48:26,24900.0,5000,Sell,235932383
2024-08-30 09:48:48,24900.0,100,Buy,235932911
2024-08-30 09:48:59,24900.0,200,Buy,235933113
2024-08-30 09:49:16,24900.0,9700,Buy,235933720
2024-08-30 09:49:16,24900.0,1300,Buy,235933721
2024-08-30 09:49:16,24900.0,100,Buy,235933722
2024-08-30 09:49:16,24900.0,3900,Buy,235933723
2024-08-30 09:49:43,24900.0,100,Buy,235934485
2024-08-30 09:50:05,24900.0,100,Buy,235935254
2024-08-30 09:51:11,24900.0,200,Buy,235937296
2024-08-30 09:51:15,24850.0,500,Sell,235937400
2024-08-30 09:51:37,24900.0,200,Buy,235938146
2024-08-30 09:51:40,24850.0,500,Sell,235938224
2024-08-30 09:52:12,24850.0,100,Sell,235939387
2024-08-30 09:52:38,24850.0,100,Sell,235940014
2024-08-30 09:52:53,24850.0,100,Sell,235940416
2024-08-30 09:53:27,24900.0,1000,Buy,235941305
2024-08-30 09:53:35,24850.0,100,Sell,235941478
2024-08-30 09:53:37,24900.0,400,Buy,235941551
2024-08-30 09:53:59,24900.0,100,Buy,235942167
2024-08-30 09:54:00,24900.0,100,Buy,235942180
2024-08-30 09:54:45,24900.0,13700,Buy,235943098
2024-08-30 09:54:45,24900.0,100,Buy,235943097
2024-08-30 09:54:45,24900.0,200,Buy,235943095
2024-08-30 09:54:45,24900.0,900,Buy,235943094
2024-08-30 09:54:45,24900.0,100,Buy,235943096
2024-08-30 09:54:55,24900.0,1000,Buy,235943311
2024-08-30 09:55:17,24900.0,200,Buy,235943802
2024-08-30 09:55:28,24900.0,200,Buy,235944065
2024-08-30 09:55:37,24900.0,200,Buy,235944254
2024-08-30 09:55:38,24900.0,100,Buy,235944276
2024-08-30 09:55:44,24900.0,100,Buy,235944420
2024-08-30 09:55:44,24900.0,5000,Buy,235944421
2024-08-30 09:55:44,24900.0,4600,Buy,235944418
2024-08-30 09:55:44,24900.0,300,Buy,235944419
2024-08-30 09:55:48,24900.0,400,Buy,235944467
2024-08-30 09:55:48,24900.0,100,Buy,235944473
2024-08-30 09:55:48,24900.0,100,Buy,235944472
2024-08-30 09:55:48,24900.0,7700,Buy,235944474
2024-08-30 09:55:48,24900.0,400,Buy,235944470
2024-08-30 09:55:48,24900.0,6200,Buy,235944469
2024-08-30 09:55:48,24900.0,100,Buy,235944468
2024-08-30 09:55:48,24900.0,5000,Buy,235944471
2024-08-30 09:56:11,24900.0,100,Buy,235944932
2024-08-30 09:56:13,24900.0,200,Buy,235944980
2024-08-30 09:56:24,24850.0,400,Sell,235945287
2024-08-30 09:56:24,24850.0,100,Sell,235945283
2024-08-30 09:56:24,24850.0,2500,Sell,235945284
2024-08-30 09:56:24,24850.0,100,Sell,235945285
2024-08-30 09:56:24,24850.0,300,Sell,235945286
2024-08-30 09:56:24,24850.0,6200,Sell,235945288
2024-08-30 09:56:24,24850.0,100,Sell,235945294
2024-08-30 09:56:24,24850.0,500,Sell,235945290
2024-08-30 09:56:24,24850.0,100,Sell,235945291
2024-08-30 09:56:24,24850.0,100,Sell,235945292
2024-08-30 09:56:24,24850.0,200,Sell,235945293
2024-08-30 09:56:24,24850.0,500,Sell,235945282
2024-08-30 09:56:24,24850.0,2000,Sell,235945295
2024-08-30 09:56:24,24850.0,2300,Sell,235945296
2024-08-30 09:56:24,24850.0,200,Sell,235945289
2024-08-30 09:56:24,24850.0,400,Sell,235945281
2024-08-30 09:56:24,24850.0,5000,Sell,235945276
2024-08-30 09:56:24,24850.0,5000,Sell,235945279
2024-08-30 09:56:24,24850.0,4700,Sell,235945263
2024-08-30 09:56:24,24850.0,100,Sell,235945264
2024-08-30 09:56:24,24850.0,4800,Sell,235945265
2024-08-30 09:56:24,24850.0,5000,Sell,235945266
2024-08-30 09:56:24,24850.0,100,Sell,235945267
2024-08-30 09:56:24,24850.0,2000,Sell,235945280
2024-08-30 09:56:24,24850.0,100,Sell,235945269
2024-08-30 09:56:24,24850.0,100,Sell,235945268
2024-08-30 09:56:24,24850.0,500,Sell,235945271
2024-08-30 09:56:24,24850.0,3000,Sell,235945272
2024-08-30 09:56:24,24850.0,100,Sell,235945273
2024-08-30 09:56:24,24850.0,2000,Sell,235945274
2024-08-30 09:56:24,24850.0,500,Sell,235945275
2024-08-30 09:56:24,24850.0,500,Sell,235945277
2024-08-30 09:56:24,24850.0,100,Sell,235945278
2024-08-30 09:56:24,24850.0,400,Sell,235945270
2024-08-30 09:56:49,24850.0,100,Sell,235945756
2024-08-30 09:57:02,24850.0,8100,Sell,235945978
2024-08-30 09:57:39,24850.0,300,Sell,235946692
2024-08-30 09:57:41,24850.0,2000,Sell,235946721
2024-08-30 09:57:52,24850.0,1800,Sell,235946950
2024-08-30 09:57:56,24900.0,5700,Buy,235947043
2024-08-30 09:58:28,24900.0,3300,Buy,235947605
2024-08-30 09:58:39,24900.0,200,Buy,235947858
2024-08-30 09:59:13,24900.0,100,Buy,235948491
2024-08-30 09:59:36,24900.0,13400,Buy,235948877
2024-08-30 09:59:36,24900.0,600,Buy,235948876
2024-08-30 09:59:36,24900.0,100,Buy,235948874
2024-08-30 09:59:36,24900.0,1000,Buy,235948873
2024-08-30 09:59:36,24900.0,100,Buy,235948875
2024-08-30 09:59:36,24900.0,100,Buy,235948871
2024-08-30 09:59:36,24900.0,500,Buy,235948870
2024-08-30 09:59:36,24900.0,500,Buy,235948869
2024-08-30 09:59:36,24900.0,500,Buy,235948868
2024-08-30 09:59:36,24900.0,32700,Buy,235948867
2024-08-30 09:59:36,24900.0,500,Buy,235948872
2024-08-30 09:59:37,24900.0,20000,Buy,235948914
2024-08-30 09:59:59,24900.0,500,Buy,235949291
2024-08-30 10:00:01,24850.0,1100,Sell,235949363
2024-08-30 10:00:01,24850.0,500,Sell,235949358
2024-08-30 10:00:01,24850.0,100,Sell,235949359
2024-08-30 10:00:01,24850.0,1200,Sell,235949360
2024-08-30 10:00:01,24850.0,5000,Sell,235949361
2024-08-30 10:00:01,24850.0,2000,Sell,235949362
2024-08-30 10:00:01,24850.0,800,Sell,235949364
2024-08-30 10:00:01,24850.0,400,Sell,235949372
2024-08-30 10:00:01,24850.0,30000,Sell,235949366
2024-08-30 10:00:01,24850.0,600,Sell,235949367
2024-08-30 10:00:01,24850.0,1000,Sell,235949368
2024-08-30 10:00:01,24850.0,700,Sell,235949369
2024-08-30 10:00:01,24850.0,100,Sell,235949371
2024-08-30 10:00:01,24850.0,1500,Sell,235949357
2024-08-30 10:00:01,24850.0,200,Sell,235949365
2024-08-30 10:00:01,24850.0,1000,Sell,235949356
2024-08-30 10:00:01,24850.0,10000,Sell,235949370
2024-08-30 10:00:01,24850.0,5000,Sell,235949354
2024-08-30 10:00:01,24850.0,400,Sell,235949335
2024-08-30 10:00:01,24850.0,100,Sell,235949337
2024-08-30 10:00:01,24850.0,300,Sell,235949338
2024-08-30 10:00:01,24850.0,300,Sell,235949339
2024-08-30 10:00:01,24850.0,20000,Sell,235949340
2024-08-30 10:00:01,24850.0,500,Sell,235949341
2024-08-30 10:00:01,24850.0,1000,Sell,235949342
2024-08-30 10:00:01,24850.0,500,Sell,235949336
2024-08-30 10:00:01,24850.0,1000,Sell,235949344
2024-08-30 10:00:01,24850.0,700,Sell,235949343
2024-08-30 10:00:01,24850.0,2000,Sell,235949353
2024-08-30 10:00:01,24850.0,200,Sell,235949352
2024-08-30 10:00:01,24850.0,100,Sell,235949355
2024-08-30 10:00:01,24850.0,200,Sell,235949350
2024-08-30 10:00:01,24850.0,200,Sell,235949351
2024-08-30 10:00:01,24850.0,1000,Sell,235949346
2024-08-30 10:00:01,24850.0,300,Sell,235949345
2024-08-30 10:00:04,24900.0,200,Buy,235949508
2024-08-30 10:00:24,24900.0,1000,Buy,235949854
2024-08-30 10:00:34,24850.0,500,Sell,235950141
2024-08-30 10:00:37,24850.0,100,Sell,235950192
2024-08-30 10:00:37,24850.0,39600,Sell,235950200
2024-08-30 10:00:37,24850.0,100,Sell,235950194
2024-08-30 10:00:37,24850.0,5000,Sell,235950195
2024-08-30 10:00:37,24850.0,100,Sell,235950196
2024-08-30 10:00:37,24850.0,2000,Sell,235950197
2024-08-30 10:00:37,24850.0,1000,Sell,235950198
2024-08-30 10:00:37,24850.0,700,Sell,235950199
2024-08-30 10:00:37,24850.0,900,Sell,235950191
2024-08-30 10:00:37,24850.0,500,Sell,235950193
2024-08-30 10:00:38,24900.0,400,Buy,235950222
2024-08-30 10:00:38,24900.0,1000,Buy,235950221
2024-08-30 10:00:41,24850.0,500,Sell,235950261
2024-08-30 10:00:41,24850.0,100,Sell,235950282
2024-08-30 10:00:41,24850.0,100,Sell,235950281
2024-08-30 10:00:41,24850.0,200,Sell,235950280
2024-08-30 10:00:41,24850.0,1000,Sell,235950279
2024-08-30 10:00:41,24850.0,100,Sell,235950278
2024-08-30 10:00:41,24850.0,1000,Sell,235950277
2024-08-30 10:00:41,24850.0,100,Sell,235950275
2024-08-30 10:00:41,24850.0,100,Sell,235950274
2024-08-30 10:00:41,24850.0,15000,Sell,235950273
2024-08-30 10:00:41,24850.0,100,Sell,235950276
2024-08-30 10:00:41,24850.0,100,Sell,235950271
2024-08-30 10:00:41,24850.0,300,Sell,235950272
2024-08-30 10:00:41,24850.0,400,Sell,235950263
2024-08-30 10:00:41,24850.0,3000,Sell,235950264
2024-08-30 10:00:41,24850.0,2000,Sell,235950265
2024-08-30 10:00:41,24850.0,2000,Sell,235950262
2024-08-30 10:00:41,24850.0,5000,Sell,235950267
2024-08-30 10:00:41,24850.0,2000,Sell,235950268
2024-08-30 10:00:41,24850.0,15000,Sell,235950269
2024-08-30 10:00:41,24850.0,1000,Sell,235950270
2024-08-30 10:00:41,24850.0,400,Sell,235950266
2024-08-30 10:00:52,24850.0,900,Buy,235950483
2024-08-30 10:00:55,24850.0,500,Buy,235950518
2024-08-30 10:01:02,24850.0,1300,Buy,235950673
2024-08-30 10:01:07,24850.0,1800,Buy,235950732
2024-08-30 10:01:10,24850.0,100,Buy,235950775
2024-08-30 10:01:32,24850.0,500,Buy,235951210
2024-08-30 10:01:38,24850.0,600,Buy,235951329
2024-08-30 10:01:38,24850.0,6000,Buy,235951328
2024-08-30 10:01:38,24850.0,1000,Buy,235951326
2024-08-30 10:01:38,24850.0,5400,Buy,235951325
2024-08-30 10:01:38,24850.0,2000,Buy,235951327
2024-08-30 10:01:41,24850.0,100,Buy,235951384
2024-08-30 10:01:48,24850.0,300,Buy,235951582
2024-08-30 10:01:48,24850.0,2300,Buy,235951577
2024-08-30 10:01:48,24850.0,2000,Buy,235951578
2024-08-30 10:01:48,24850.0,700,Buy,235951579
2024-08-30 10:02:11,24850.0,2000,Sell,235952119
2024-08-30 10:02:17,24850.0,600,Sell,235952255
2024-08-30 10:02:22,24850.0,600,Sell,235952385
2024-08-30 10:02:22,24850.0,15000,Sell,235952384
2024-08-30 10:02:22,24850.0,100,Sell,235952383
2024-08-30 10:02:22,24850.0,1000,Sell,235952386
2024-08-30 10:02:22,24850.0,300,Sell,235952381
2024-08-30 10:02:22,24850.0,500,Sell,235952380
2024-08-30 10:02:22,24850.0,2100,Sell,235952379
2024-08-30 10:02:22,24850.0,1000,Sell,235952382
2024-08-30 10:02:26,24850.0,1000,Buy,235952429
2024-08-30 10:02:31,24850.0,500,Buy,235952495
2024-08-30 10:03:00,24800.0,100,Sell,235953162
2024-08-30 10:03:00,24800.0,1900,Sell,235953163
2024-08-30 10:03:14,24800.0,3000,Sell,235953334
2024-08-30 10:03:33,24800.0,200,Sell,235953742
2024-08-30 10:03:33,24800.0,500,Sell,235953741
2024-08-30 10:03:33,24800.0,100,Sell,235953743
2024-08-30 10:03:33,24800.0,1000,Sell,235953739
2024-08-30 10:03:33,24800.0,100,Sell,235953740
2024-08-30 10:03:33,24800.0,100,Sell,235953738
2024-08-30 10:04:07,24850.0,200,Buy,235954452
2024-08-30 10:04:11,24850.0,100,Buy,235954548
2024-08-30 10:04:52,24850.0,100,Buy,235955414
2024-08-30 10:04:58,24850.0,100,Buy,235955518
2024-08-30 10:05:09,24850.0,2400,Buy,235955694
2024-08-30 10:05:09,24850.0,5700,Buy,235955695
2024-08-30 10:05:19,24850.0,1000,Buy,235955864
2024-08-30 10:05:36,24850.0,800,Buy,235956121
2024-08-30 10:05:52,24800.0,200,Sell,235956482
2024-08-30 10:05:52,24800.0,100,Sell,235956481
2024-08-30 10:06:05,24800.0,800,Sell,235956694
2024-08-30 10:06:05,24800.0,100,Sell,235956696
2024-08-30 10:06:05,24800.0,200,Sell,235956697
2024-08-30 10:06:05,24800.0,200,Sell,235956695
2024-08-30 10:06:14,24800.0,300,Sell,235956882
2024-08-30 10:06:14,24800.0,100,Sell,235956883
2024-08-30 10:06:14,24800.0,100,Sell,235956884
2024-08-30 10:06:14,24800.0,1000,Sell,235956885
2024-08-30 10:06:14,24800.0,200,Sell,235956886
2024-08-30 10:06:14,24800.0,18300,Sell,235956887
2024-08-30 10:06:52,24800.0,400,Sell,235957449
2024-08-30 10:07:33,24800.0,700,Sell,235958261
2024-08-30 10:07:33,24800.0,200,Sell,235958245
2024-08-30 10:07:36,24800.0,1900,Sell,235958290
2024-08-30 10:08:05,24800.0,1000,Sell,235958749
2024-08-30 10:08:23,24800.0,200,Sell,235959008
2024-08-30 10:08:37,24850.0,600,Buy,235959194
2024-08-30 10:08:38,24800.0,200,Sell,235959230
2024-08-30 10:09:19,24800.0,1000,Sell,235959893
2024-08-30 10:09:23,24800.0,200,Sell,235959936
2024-08-30 10:09:44,24800.0,300,Sell,235960260
2024-08-30 10:09:50,24800.0,200,Sell,235960342
2024-08-30 10:09:50,24800.0,300,Sell,235960341
2024-08-30 10:09:50,24800.0,200,Sell,235960340
2024-08-30 10:09:50,24800.0,100,Sell,235960339
2024-08-30 10:09:50,24800.0,300,Sell,235960337
2024-08-30 10:09:50,24800.0,600,Sell,235960336
2024-08-30 10:09:50,24800.0,300,Sell,235960338
2024-08-30 10:10:05,24800.0,1100,Sell,235960548
2024-08-30 10:10:05,24850.0,1000,Buy,235960554
2024-08-30 10:10:19,24800.0,300,Sell,235960801
2024-08-30 10:10:29,24850.0,100,Buy,235960955
2024-08-30 10:10:48,24850.0,100,Buy,235961242
2024-08-30 10:10:51,24850.0,15000,Buy,235961346
2024-08-30 10:11:20,24850.0,1000,Buy,235961759
2024-08-30 10:11:33,24850.0,500,Buy,235961949
2024-08-30 10:11:38,24800.0,200,Sell,235962000
2024-08-30 10:12:21,24800.0,400,Sell,235962754
2024-08-30 10:12:21,24800.0,300,Sell,235962755
2024-08-30 10:12:21,24800.0,2000,Sell,235962756
2024-08-30 10:12:21,24800.0,500,Sell,235962757
2024-08-30 10:12:21,24800.0,100,Sell,235962758
2024-08-30 10:12:21,24800.0,200,Sell,235962759
2024-08-30 10:12:21,24800.0,200,Sell,235962760
2024-08-30 10:12:21,24800.0,300,Sell,235962761
2024-08-30 10:13:03,24800.0,100,Sell,235963496
2024-08-30 10:13:14,24800.0,200,Sell,235963639
2024-08-30 10:13:18,24800.0,400,Sell,235963720
2024-08-30 10:13:18,24800.0,1000,Sell,235963719
2024-08-30 10:13:18,24800.0,1800,Sell,235963718
2024-08-30 10:13:18,24800.0,1100,Sell,235963717
2024-08-30 10:13:18,24800.0,10000,Sell,235963716
2024-08-30 10:13:18,24800.0,1200,Sell,235963715
2024-08-30 10:13:18,24800.0,200,Sell,235963713
2024-08-30 10:13:18,24800.0,300,Sell,235963721
2024-08-30 10:13:18,24800.0,20000,Sell,235963711
2024-08-30 10:13:18,24800.0,200,Sell,235963714
2024-08-30 10:13:18,24800.0,1100,Sell,235963709
2024-08-30 10:13:18,24800.0,300,Sell,235963710
2024-08-30 10:13:18,24800.0,9400,Sell,235963700
2024-08-30 10:13:18,24800.0,300,Sell,235963701
2024-08-30 10:13:18,24800.0,300,Sell,235963702
2024-08-30 10:13:18,24800.0,300,Sell,235963703
2024-08-30 10:13:18,24800.0,100,Sell,235963712
2024-08-30 10:13:18,24800.0,300,Sell,235963705
2024-08-30 10:13:18,24800.0,300,Sell,235963706
2024-08-30 10:13:18,24800.0,100,Sell,235963707
2024-08-30 10:13:18,24800.0,2000,Sell,235963708
2024-08-30 10:13:18,24800.0,300,Sell,235963704
2024-08-30 10:13:25,24850.0,1100,Buy,235963821
2024-08-30 10:13:26,24800.0,200,Sell,235963850
2024-08-30 10:13:26,24800.0,2000,Sell,235963849
2024-08-30 10:13:26,24800.0,2000,Sell,235963848
2024-08-30 10:13:26,24800.0,1000,Sell,235963847
2024-08-30 10:13:26,24800.0,2000,Sell,235963845
2024-08-30 10:13:26,24800.0,2000,Sell,235963844
2024-08-30 10:13:26,24800.0,5000,Sell,235963843
2024-08-30 10:13:26,24800.0,700,Sell,235963842
2024-08-30 10:13:26,24800.0,100,Sell,235963846
2024-08-30 10:13:36,24850.0,200,Buy,235964055
2024-08-30 10:13:50,24800.0,800,Sell,235964304
2024-08-30 10:13:50,24800.0,400,Sell,235964303
2024-08-30 10:13:50,24800.0,800,Sell,235964302
2024-08-30 10:14:12,24800.0,1500,Sell,235964754
2024-08-30 10:14:12,24800.0,5000,Sell,235964752
2024-08-30 10:14:12,24800.0,1000,Sell,235964751
2024-08-30 10:14:12,24800.0,100,Sell,235964750
2024-08-30 10:14:12,24800.0,1100,Sell,235964749
2024-08-30 10:14:12,24800.0,1000,Sell,235964748
2024-08-30 10:14:12,24800.0,100,Sell,235964747
2024-08-30 10:14:12,24800.0,1000,Sell,235964745
2024-08-30 10:14:12,24800.0,100,Sell,235964744
2024-08-30 10:14:12,24800.0,500,Sell,235964742
2024-08-30 10:14:12,24800.0,500,Sell,235964741
2024-08-30 10:14:12,24800.0,100,Sell,235964740
2024-08-30 10:14:12,24800.0,6200,Sell,235964739
2024-08-30 10:14:12,24800.0,500,Sell,235964738
2024-08-30 10:14:12,24800.0,400,Sell,235964737
2024-08-30 10:14:12,24800.0,700,Sell,235964746
2024-08-30 10:14:12,24800.0,2000,Sell,235964735
2024-08-30 10:14:12,24800.0,700,Sell,235964736
2024-08-30 10:14:12,24800.0,1200,Sell,235964720
2024-08-30 10:14:12,24800.0,100,Sell,235964721
2024-08-30 10:14:12,24800.0,100,Sell,235964722
2024-08-30 10:14:12,24800.0,200,Sell,235964723
2024-08-30 10:14:12,24800.0,1000,Sell,235964724
2024-08-30 10:14:12,24800.0,500,Sell,235964725
2024-08-30 10:14:12,24800.0,400,Sell,235964726
2024-08-30 10:14:12,24800.0,100,Sell,235964743
2024-08-30 10:14:12,24800.0,6200,Sell,235964728
2024-08-30 10:14:12,24800.0,200,Sell,235964733
2024-08-30 10:14:12,24800.0,800,Sell,235964732
2024-08-30 10:14:12,24800.0,100,Sell,235964731
2024-08-30 10:14:12,24800.0,1400,Sell,235964734
2024-08-30 10:14:12,24800.0,15000,Sell,235964727
2024-08-30 10:14:12,24800.0,100,Sell,235964729
2024-08-30 10:14:12,24800.0,100,Sell,235964730
2024-08-30 10:14:15,24800.0,500,Sell,235964792
2024-08-30 10:14:15,24800.0,100,Sell,235964794
2024-08-30 10:14:15,24800.0,700,Sell,235964795
2024-08-30 10:14:15,24800.0,1000,Sell,235964793
2024-08-30 10:14:16,24800.0,500,Sell,235964798
2024-08-30 10:14:16,24800.0,3800,Sell,235964805
2024-08-30 10:14:16,24800.0,1400,Sell,235964806
2024-08-30 10:14:37,24800.0,100,Sell,235965121
2024-08-30 10:14:44,24800.0,700,Sell,235965214
2024-08-30 10:14:59,24800.0,300,Sell,235965393
2024-08-30 10:15:00,24800.0,1000,Sell,235965404
2024-08-30 10:15:05,24800.0,1000,Sell,235965455
2024-08-30 10:16:27,24800.0,500,Sell,235966759
2024-08-30 10:16:27,24800.0,1500,Sell,235966760
2024-08-30 10:17:07,24800.0,500,Sell,235967323
2024-08-30 10:17:14,24800.0,100,Sell,235967449
2024-08-30 10:17:29,24800.0,100,Sell,235967696
2024-08-30 10:17:36,24850.0,100,Buy,235967823
2024-08-30 10:17:38,24800.0,500,Sell,235967843
2024-08-30 10:18:25,24800.0,600,Sell,235968459
2024-08-30 10:18:31,24850.0,100,Buy,235968557
2024-08-30 10:18:41,24850.0,100,Buy,235968753
2024-08-30 10:18:51,24850.0,15000,Buy,235968915
2024-08-30 10:18:52,24800.0,7500,Sell,235968968
2024-08-30 10:18:52,24800.0,100,Sell,235968967
2024-08-30 10:18:52,24800.0,2000,Sell,235968966
2024-08-30 10:18:52,24800.0,200,Sell,235968965
2024-08-30 10:18:52,24800.0,2000,Sell,235968964
2024-08-30 10:18:52,24800.0,500,Sell,235968962
2024-08-30 10:18:52,24800.0,6700,Sell,235968960
2024-08-30 10:18:52,24800.0,500,Sell,235968963
2024-08-30 10:18:52,24800.0,500,Sell,235968961
2024-08-30 10:18:55,24800.0,1300,Sell,235969048
2024-08-30 10:19:12,24800.0,500,Sell,235969317
2024-08-30 10:19:12,24800.0,400,Sell,235969320
2024-08-30 10:19:12,24800.0,5000,Sell,235969319
2024-08-30 10:19:12,24800.0,6200,Sell,235969318
2024-08-30 10:19:12,24800.0,500,Sell,235969316
2024-08-30 10:19:12,24800.0,2000,Sell,235969314
2024-08-30 10:19:12,24800.0,3200,Sell,235969311
2024-08-30 10:19:12,24800.0,2000,Sell,235969315
2024-08-30 10:19:12,24800.0,100,Sell,235969313
2024-08-30 10:19:12,24800.0,100,Sell,235969312
2024-08-30 10:19:21,24800.0,100,Sell,235969417
2024-08-30 10:19:21,24800.0,800,Sell,235969425
2024-08-30 10:19:21,24800.0,1000,Sell,235969424
2024-08-30 10:19:21,24800.0,500,Sell,235969423
2024-08-30 10:19:21,24800.0,300,Sell,235969422
2024-08-30 10:19:21,24800.0,1600,Sell,235969416
2024-08-30 10:19:21,24800.0,2000,Sell,235969420
2024-08-30 10:19:21,24800.0,2000,Sell,235969418
2024-08-30 10:19:21,24800.0,200,Sell,235969421
2024-08-30 10:19:21,24800.0,10000,Sell,235969419
2024-08-30 10:19:43,24800.0,200,Sell,235969694
2024-08-30 10:19:57,24800.0,1000,Sell,235969886
2024-08-30 10:19:57,24800.0,500,Sell,235969887
2024-08-30 10:19:57,24800.0,800,Sell,235969888
2024-08-30 10:19:57,24800.0,900,Sell,235969889
2024-08-30 10:19:57,24800.0,500,Sell,235969891
2024-08-30 10:19:57,24800.0,100,Sell,235969892
2024-08-30 10:19:57,24800.0,800,Sell,235969893
2024-08-30 10:19:57,24800.0,400,Sell,235969890
2024-08-30 10:21:15,24800.0,500,Sell,235971148
2024-08-30 10:21:15,24800.0,200,Sell,235971145
2024-08-30 10:21:15,24800.0,200,Sell,235971146
2024-08-30 10:21:15,24800.0,100,Sell,235971147
2024-08-30 10:21:39,24850.0,100,Buy,235971543
2024-08-30 10:22:28,24850.0,1000,Buy,235972238
2024-08-30 10:22:57,24850.0,100,Buy,235972547
2024-08-30 10:23:35,24850.0,3400,Buy,235973227
2024-08-30 10:23:35,24850.0,200,Buy,235973226
2024-08-30 10:23:35,24850.0,6400,Buy,235973223
2024-08-30 10:23:35,24850.0,2000,Buy,235973224
2024-08-30 10:23:35,24850.0,3000,Buy,235973225
2024-08-30 10:24:28,24800.0,1000,Sell,235973962
2024-08-30 10:24:54,24800.0,300,Sell,235974326
2024-08-30 10:25:06,24850.0,200,Buy,235974469
2024-08-30 10:25:18,24850.0,6400,Buy,235974594
2024-08-30 10:25:18,24850.0,8400,Buy,235974596
2024-08-30 10:25:18,24850.0,200,Buy,235974595
2024-08-30 10:25:29,24850.0,200,Buy,235974754
2024-08-30 10:25:43,24850.0,400,Buy,235974939
2024-08-30 10:25:43,24850.0,1400,Buy,235974933
2024-08-30 10:25:43,24850.0,5000,Buy,235974934
2024-08-30 10:25:43,24850.0,1000,Buy,235974935
2024-08-30 10:25:43,24850.0,200,Buy,235974936
2024-08-30 10:25:43,24850.0,2000,Buy,235974937
2024-08-30 10:25:43,24850.0,5000,Buy,235974938
2024-08-30 10:25:50,24850.0,100,Buy,235975055
2024-08-30 10:25:51,24850.0,500,Buy,235975068
2024-08-30 10:25:56,24850.0,400,Buy,235975197
2024-08-30 10:25:59,24850.0,1000,Buy,235975278
2024-08-30 10:25:59,24850.0,1600,Buy,235975277
2024-08-30 10:25:59,24850.0,1000,Buy,235975303
2024-08-30 10:25:59,24850.0,900,Buy,235975302
2024-08-30 10:25:59,24850.0,100,Buy,235975301
2024-08-30 10:25:59,24850.0,8100,Buy,235975304
2024-08-30 10:25:59,24850.0,600,Buy,235975299
2024-08-30 10:25:59,24850.0,100,Buy,235975280
2024-08-30 10:25:59,24850.0,800,Buy,235975279
2024-08-30 10:25:59,24850.0,800,Buy,235975300
2024-08-30 10:26:05,24850.0,500,Buy,235975391
2024-08-30 10:26:08,24800.0,100,Sell,235975425
2024-08-30 10:26:10,24850.0,500,Buy,235975444
2024-08-30 10:26:17,24850.0,1000,Buy,235975549
2024-08-30 10:26:17,24850.0,1100,Buy,235975554
2024-08-30 10:26:17,24850.0,1700,Buy,235975553
2024-08-30 10:26:17,24850.0,200,Buy,235975552
2024-08-30 10:26:17,24850.0,300,Buy,235975545
2024-08-30 10:26:17,24850.0,400,Buy,235975551
2024-08-30 10:26:17,24850.0,1000,Buy,235975543
2024-08-30 10:26:17,24850.0,200,Buy,235975544
2024-08-30 10:26:17,24850.0,4900,Buy,235975539
2024-08-30 10:26:17,24850.0,3200,Buy,235975540
2024-08-30 10:26:17,24850.0,200,Buy,235975550
2024-08-30 10:26:17,24850.0,200,Buy,235975542
2024-08-30 10:26:17,24850.0,600,Buy,235975541
2024-08-30 10:26:21,24850.0,400,Buy,235975636
2024-08-30 10:26:21,24850.0,100,Buy,235975637
2024-08-30 10:26:21,24850.0,500,Buy,235975638
2024-08-30 10:26:29,24850.0,800,Buy,235975782
2024-08-30 10:26:29,24850.0,300,Buy,235975781
2024-08-30 10:26:29,24850.0,1000,Buy,235975783
2024-08-30 10:26:29,24850.0,100,Buy,235975779
2024-08-30 10:26:29,24850.0,600,Buy,235975778
2024-08-30 10:26:29,24850.0,300,Buy,235975780
2024-08-30 10:26:45,24850.0,300,Sell,235976107
2024-08-30 10:27:18,24850.0,600,Sell,235976519
2024-08-30 10:27:40,24850.0,1000,Sell,235976855
2024-08-30 10:28:02,24850.0,500,Sell,235977126
2024-08-30 10:28:32,24850.0,100,Sell,235977490
2024-08-30 10:28:38,24850.0,200,Sell,235977573
2024-08-30 10:29:02,24850.0,5600,Sell,235977880
2024-08-30 10:29:04,24850.0,400,Sell,235977901
2024-08-30 10:29:19,24850.0,300,Sell,235978093
2024-08-30 10:29:22,24850.0,300,Sell,235978159
2024-08-30 10:29:22,24850.0,400,Sell,235978158
2024-08-30 10:29:24,24850.0,2000,Sell,235978191
2024-08-30 10:29:43,24850.0,100,Sell,235978516
2024-08-30 10:29:43,24850.0,400,Sell,235978513
2024-08-30 10:29:43,24850.0,200,Sell,235978509
2024-08-30 10:29:43,24850.0,200,Sell,235978511
2024-08-30 10:29:43,24850.0,300,Sell,235978512
2024-08-30 10:29:43,24850.0,300,Sell,235978510
2024-08-30 10:29:47,24850.0,900,Sell,235978556
2024-08-30 10:29:47,24850.0,1000,Sell,235978557
2024-08-30 10:29:50,24850.0,100,Sell,235978595
2024-08-30 10:29:52,24850.0,100,Sell,235978629
2024-08-30 10:29:52,24850.0,200,Sell,235978630
2024-08-30 10:29:52,24850.0,100,Sell,235978631
2024-08-30 10:29:58,24850.0,300,Buy,235978691
2024-08-30 10:30:02,24850.0,100,Buy,235978751
2024-08-30 10:30:41,24800.0,300,Sell,235979361
2024-08-30 10:30:55,24850.0,300,Buy,235979574
2024-08-30 10:30:55,24850.0,400,Buy,235979575
2024-08-30 10:30:55,24850.0,2300,Buy,235979576
2024-08-30 10:31:06,24850.0,5000,Buy,235979736
2024-08-30 10:31:25,24800.0,200,Sell,235980044
2024-08-30 10:31:56,24800.0,2000,Sell,235980682
2024-08-30 10:32:43,24800.0,200,Sell,235981514
2024-08-30 10:32:46,24800.0,1500,Sell,235981555
2024-08-30 10:32:46,24800.0,400,Sell,235981553
2024-08-30 10:32:46,24800.0,100,Sell,235981554
2024-08-30 10:33:26,24800.0,100,Sell,235982304
2024-08-30 10:33:53,24800.0,2200,Sell,235982856
2024-08-30 10:33:53,24800.0,3000,Sell,235982855
2024-08-30 10:33:53,24800.0,300,Sell,235982854
2024-08-30 10:33:53,24800.0,2000,Sell,235982853
2024-08-30 10:33:53,24800.0,100,Sell,235982852
2024-08-30 10:33:53,24800.0,2800,Sell,235982851
2024-08-30 10:33:53,24800.0,500,Sell,235982850
2024-08-30 10:33:53,24800.0,200,Sell,235982849
2024-08-30 10:33:53,24800.0,100,Sell,235982847
2024-08-30 10:33:53,24800.0,100,Sell,235982846
2024-08-30 10:33:53,24800.0,200,Sell,235982845
2024-08-30 10:33:53,24800.0,100,Sell,235982844
2024-08-30 10:33:53,24800.0,500,Sell,235982843
2024-08-30 10:33:53,24800.0,800,Sell,235982842
2024-08-30 10:33:53,24800.0,100,Sell,235982841
2024-08-30 10:33:53,24800.0,2000,Sell,235982848
2024-08-30 10:34:20,24850.0,100,Buy,235983255
2024-08-30 10:34:22,24850.0,23600,Buy,235983275
2024-08-30 10:34:37,24800.0,1600,Sell,235983715
2024-08-30 10:34:37,24850.0,100,Buy,235983710
2024-08-30 10:34:53,24850.0,200,Buy,235984001
2024-08-30 10:35:01,24850.0,300,Buy,235984205
2024-08-30 10:35:08,24800.0,100,Sell,235984413
2024-08-30 10:35:14,24800.0,100,Sell,235984494
2024-08-30 10:35:15,24850.0,9000,Buy,235984501
2024-08-30 10:35:20,24850.0,500,Buy,235984614
2024-08-30 10:35:20,24850.0,1000,Buy,235984613
2024-08-30 10:35:20,24850.0,2000,Buy,235984612
2024-08-30 10:35:20,24850.0,1900,Buy,235984615
2024-08-30 10:35:20,24850.0,300,Buy,235984610
2024-08-30 10:35:20,24850.0,1300,Buy,235984609
2024-08-30 10:35:20,24850.0,9400,Buy,235984608
2024-08-30 10:35:20,24850.0,900,Buy,235984611
2024-08-30 10:35:27,24850.0,500,Sell,235984708
2024-08-30 10:35:34,24850.0,100,Sell,235984780
2024-08-30 10:35:35,24850.0,100,Sell,235984789
2024-08-30 10:35:47,24850.0,27300,Sell,235985124
2024-08-30 10:36:03,24850.0,100,Sell,235985403
2024-08-30 10:36:08,24850.0,9900,Sell,235985459
2024-08-30 10:36:08,24850.0,29600,Sell,235985456
2024-08-30 10:36:08,24850.0,100,Sell,235985457
2024-08-30 10:36:08,24850.0,7500,Sell,235985458
2024-08-30 10:36:18,24850.0,100,Sell,235985572
2024-08-30 10:36:52,24850.0,1000,Sell,235986155
2024-08-30 10:36:52,24850.0,600,Sell,235986154
2024-08-30 10:37:02,24850.0,2000,Sell,235986347
2024-08-30 10:37:02,24850.0,1000,Sell,235986346
2024-08-30 10:37:41,24850.0,3000,Sell,235987011
2024-08-30 10:37:57,24850.0,900,Sell,235987377
2024-08-30 10:37:57,24850.0,100,Sell,235987378
2024-08-30 10:37:57,24850.0,400,Sell,235987379
2024-08-30 10:37:57,24850.0,200,Sell,235987380
2024-08-30 10:37:57,24850.0,400,Sell,235987381
2024-08-30 10:38:01,24850.0,1000,Sell,235987417
2024-08-30 10:38:03,24850.0,100,Sell,235987467
2024-08-30 10:38:23,24850.0,5000,Sell,235987774
2024-08-30 10:38:23,24850.0,200,Sell,235987775
2024-08-30 10:38:23,24850.0,800,Sell,235987776
2024-08-30 10:38:23,24850.0,500,Sell,235987777
2024-08-30 10:38:23,24850.0,3500,Sell,235987773
2024-08-30 10:38:34,24850.0,9500,Sell,235987991
2024-08-30 10:39:02,24850.0,10000,Buy,235988570
2024-08-30 10:39:39,24850.0,500,Buy,235989071
2024-08-30 10:39:39,24850.0,500,Buy,235989072
2024-08-30 10:39:55,24850.0,500,Buy,235989272
2024-08-30 10:40:27,24850.0,1000,Buy,235989841
2024-08-30 10:40:54,24800.0,1000,Sell,235990259
2024-08-30 10:40:54,24800.0,400,Sell,235990265
2024-08-30 10:40:54,24800.0,500,Sell,235990264
2024-08-30 10:40:54,24800.0,1000,Sell,235990263
2024-08-30 10:40:54,24800.0,1000,Sell,235990258
2024-08-30 10:40:54,24800.0,100,Sell,235990261
2024-08-30 10:40:54,24800.0,5000,Sell,235990262
2024-08-30 10:40:54,24800.0,1000,Sell,235990260
2024-08-30 10:40:56,24850.0,11800,Buy,235990324
2024-08-30 10:40:56,24850.0,100,Buy,235990323
2024-08-30 10:40:56,24850.0,1600,Buy,235990320
2024-08-30 10:40:56,24850.0,1000,Buy,235990321
2024-08-30 10:40:56,24850.0,500,Buy,235990322
2024-08-30 10:41:16,24850.0,1000,Buy,235990617
2024-08-30 10:41:17,24850.0,7100,Buy,235990622
2024-08-30 10:41:19,24850.0,500,Buy,235990643
2024-08-30 10:41:21,24800.0,1000,Sell,235990683
2024-08-30 10:41:27,24850.0,20000,Buy,235990736
2024-08-30 10:41:41,24850.0,200,Buy,235990927
2024-08-30 10:41:53,24850.0,100,Buy,235991076
2024-08-30 10:42:02,24850.0,2000,Buy,235991232
2024-08-30 10:42:18,24850.0,500,Buy,235991451
2024-08-30 10:42:43,24850.0,5000,Buy,235991831
2024-08-30 10:43:04,24800.0,400,Sell,235992233
2024-08-30 10:43:56,24800.0,8400,Sell,235993116
2024-08-30 10:43:56,24800.0,3200,Sell,235993109
2024-08-30 10:43:56,24800.0,200,Sell,235993110
2024-08-30 10:43:56,24800.0,500,Sell,235993111
2024-08-30 10:43:56,24800.0,200,Sell,235993112
2024-08-30 10:43:56,24800.0,200,Sell,235993113
2024-08-30 10:43:56,24800.0,300,Sell,235993114
2024-08-30 10:43:56,24800.0,500,Sell,235993115
2024-08-30 10:44:13,24850.0,700,Buy,235993607
2024-08-30 10:44:13,24850.0,1800,Buy,235993606
2024-08-30 10:45:03,24850.0,100,Buy,235994432
2024-08-30 10:45:09,24850.0,40000,Buy,235994511
2024-08-30 10:45:09,24850.0,500,Buy,235994512
2024-08-30 10:45:09,24850.0,500,Buy,235994513
2024-08-30 10:45:09,24850.0,2000,Buy,235994514
2024-08-30 10:45:09,24850.0,800,Buy,235994515
2024-08-30 10:45:09,24850.0,200,Buy,235994516
2024-08-30 10:45:09,24850.0,1000,Buy,235994517
2024-08-30 10:45:09,24850.0,1000,Buy,235994510
2024-08-30 10:45:25,24850.0,100,Sell,235994771
2024-08-30 10:45:50,24850.0,200,Sell,235995165
2024-08-30 10:45:57,24850.0,3000,Sell,235995253
2024-08-30 10:46:00,24850.0,10000,Sell,235995283
2024-08-30 10:46:34,24900.0,100,Buy,235995848
2024-08-30 10:46:37,24850.0,100,Sell,235995896
2024-08-30 10:46:54,24850.0,40600,Sell,235996175
2024-08-30 10:46:54,24850.0,5400,Sell,235996176
2024-08-30 10:46:54,24850.0,100,Sell,235996177
2024-08-30 10:46:54,24850.0,200,Sell,235996178
2024-08-30 10:46:54,24850.0,500,Sell,235996179
2024-08-30 10:47:02,24850.0,100,Buy,235996302
2024-08-30 10:47:37,24850.0,500,Buy,235996854
2024-08-30 10:47:38,24850.0,2600,Buy,235996868
2024-08-30 10:47:38,24850.0,200,Buy,235996869
2024-08-30 10:47:38,24850.0,1000,Buy,235996870
2024-08-30 10:47:51,24850.0,100,Sell,235997036
2024-08-30 10:49:03,24850.0,2000,Sell,235998126
2024-08-30 10:49:03,24850.0,100,Sell,235998124
2024-08-30 10:49:09,24850.0,4000,Sell,235998189
2024-08-30 10:49:09,24850.0,4000,Sell,235998190
2024-08-30 10:49:33,24850.0,5800,Sell,235998599
2024-08-30 10:49:33,24850.0,500,Sell,235998598
2024-08-30 10:49:33,24850.0,400,Sell,235998597
2024-08-30 10:49:33,24850.0,6000,Sell,235998593
2024-08-30 10:49:33,24850.0,100,Sell,235998595
2024-08-30 10:49:33,24850.0,400,Sell,235998594
2024-08-30 10:49:33,24850.0,300,Sell,235998596
2024-08-30 10:51:15,24850.0,100,Sell,235999878
2024-08-30 10:51:29,24850.0,200,Sell,236000091
2024-08-30 10:51:41,24850.0,100,Sell,236000228
2024-08-30 10:51:55,24850.0,5300,Sell,236000397
2024-08-30 10:51:55,24850.0,200,Sell,236000395
2024-08-30 10:51:55,24850.0,2500,Sell,236000396
2024-08-30 10:52:28,24850.0,400,Sell,236000833
2024-08-30 10:52:35,24850.0,500,Sell,236000918
2024-08-30 10:52:44,24850.0,100,Sell,236001027
2024-08-30 10:52:44,24850.0,200,Sell,236001028
2024-08-30 10:52:44,24850.0,10000,Sell,236001029
2024-08-30 10:52:44,24850.0,4600,Sell,236001030
2024-08-30 10:52:44,24850.0,400,Sell,236001031
2024-08-30 10:52:44,24850.0,600,Sell,236001032
2024-08-30 10:52:44,24850.0,2000,Sell,236001033
2024-08-30 10:52:44,24850.0,2000,Sell,236001034
2024-08-30 10:52:44,24850.0,3800,Sell,236001026
2024-08-30 10:52:49,24850.0,200,Buy,236001097
2024-08-30 10:52:53,24850.0,300,Buy,236001130
2024-08-30 10:53:14,24850.0,5000,Buy,236001347
2024-08-30 10:53:23,24850.0,200,Buy,236001496
2024-08-30 10:53:36,24850.0,100,Buy,236001658
2024-08-30 10:53:43,24850.0,200,Buy,236001731
2024-08-30 10:53:58,24850.0,300,Buy,236001952
2024-08-30 10:53:58,24850.0,1700,Buy,236001953
2024-08-30 10:53:59,24850.0,400,Buy,236002013
2024-08-30 10:54:04,24850.0,5000,Buy,236002074
2024-08-30 10:54:31,24850.0,1000,Buy,236002443
2024-08-30 10:54:39,24850.0,100,Buy,236002552
2024-08-30 10:54:58,24850.0,100,Buy,236002782
2024-08-30 10:55:06,24800.0,2100,Sell,236002897
2024-08-30 10:55:19,24850.0,400,Buy,236003144
2024-08-30 10:55:46,24850.0,1000,Buy,236003547
2024-08-30 10:55:48,24850.0,300,Buy,236003599
2024-08-30 10:55:48,24850.0,200,Buy,236003600
2024-08-30 10:55:56,24850.0,100,Buy,236003704
2024-08-30 10:55:56,24850.0,1900,Buy,236003705
2024-08-30 10:55:59,24850.0,300,Buy,236003754
2024-08-30 10:56:51,24850.0,100,Buy,236004325
2024-08-30 10:57:34,24850.0,2000,Buy,236004907
2024-08-30 10:58:15,24850.0,200,Buy,236005332
2024-08-30 10:58:52,24800.0,2900,Sell,236005806
2024-08-30 10:59:11,24850.0,100,Buy,236006040
2024-08-30 10:59:11,24800.0,30000,Sell,236006041
2024-08-30 10:59:13,24800.0,200,Sell,236006051
2024-08-30 10:59:39,24800.0,100,Sell,236006280
2024-08-30 11:00:04,24800.0,2900,Sell,236006637
2024-08-30 11:00:27,24800.0,100,Sell,236006860
2024-08-30 11:00:46,24800.0,4400,Sell,236007038
2024-08-30 11:01:48,24800.0,2000,Sell,236007777
2024-08-30 11:02:00,24800.0,1000,Sell,236007927
2024-08-30 11:02:26,24850.0,1000,Buy,236008254
2024-08-30 11:02:37,24850.0,100,Buy,236008398
2024-08-30 11:03:13,24800.0,45900,Sell,236008808
2024-08-30 11:03:13,24800.0,300,Sell,236008809
2024-08-30 11:03:13,24800.0,7200,Sell,236008810
2024-08-30 11:03:42,24800.0,1000,Sell,236009170
2024-08-30 11:04:08,24800.0,200,Sell,236009522
2024-08-30 11:04:43,24850.0,10000,Buy,236009978
2024-08-30 11:04:47,24800.0,100,Sell,236010017
2024-08-30 11:05:50,24800.0,1500,Sell,236010848
2024-08-30 11:05:50,24800.0,300,Sell,236010849
2024-08-30 11:05:52,24850.0,4000,Buy,236010868
2024-08-30 11:06:23,24850.0,1000,Buy,236011302
2024-08-30 11:06:35,24800.0,200,Sell,236011528
2024-08-30 11:06:35,24800.0,100,Sell,236011527
2024-08-30 11:08:58,24800.0,300,Sell,236013157
2024-08-30 11:09:20,24800.0,5700,Sell,236013465
2024-08-30 11:09:20,24800.0,100,Sell,236013466
2024-08-30 11:09:20,24800.0,2000,Sell,236013467
2024-08-30 11:09:20,24800.0,300,Sell,236013468
2024-08-30 11:09:20,24800.0,200,Sell,236013469
2024-08-30 11:09:20,24800.0,100,Sell,236013470
2024-08-30 11:09:20,24800.0,100,Sell,236013471
2024-08-30 11:09:20,24800.0,2000,Sell,236013472
2024-08-30 11:09:20,24800.0,2900,Sell,236013473
2024-08-30 11:09:34,24800.0,600,Sell,236013691
2024-08-30 11:10:07,24800.0,200,Sell,236014195
2024-08-30 11:11:35,24850.0,4600,Buy,236015440
2024-08-30 11:11:40,24850.0,100,Buy,236015508
2024-08-30 11:11:42,24800.0,500,Sell,236015518
2024-08-30 11:12:54,24800.0,2900,Sell,236016499
2024-08-30 11:13:31,24800.0,5000,Sell,236016918
2024-08-30 11:14:19,24800.0,1500,Sell,236017446
2024-08-30 11:15:21,24800.0,300,Sell,236018223
2024-08-30 11:15:32,24850.0,300,Buy,236018358
2024-08-30 11:15:46,24850.0,6000,Buy,236018545
2024-08-30 11:16:28,24800.0,2900,Sell,236019098
2024-08-30 11:16:59,24850.0,3000,Buy,236019436
2024-08-30 11:17:03,24800.0,3600,Sell,236019485
2024-08-30 11:17:05,24850.0,100,Buy,236019530
2024-08-30 11:17:26,24850.0,400,Buy,236019697
2024-08-30 11:17:32,24850.0,5000,Buy,236019754
2024-08-30 11:17:36,24800.0,600,Sell,236019801
2024-08-30 11:18:00,24800.0,100,Sell,236020128
2024-08-30 11:18:00,24800.0,200,Sell,236020129
2024-08-30 11:18:00,24800.0,2600,Sell,236020127
2024-08-30 11:18:27,24850.0,100,Buy,236020418
2024-08-30 11:19:03,24850.0,100,Buy,236020887
2024-08-30 11:19:19,24800.0,1600,Sell,236021085
2024-08-30 11:20:02,24800.0,300,Sell,236021573
2024-08-30 11:20:37,24800.0,2900,Sell,236021982
2024-08-30 11:21:11,24800.0,100,Sell,236022334
2024-08-30 11:21:38,24800.0,1000,Sell,236022693
2024-08-30 11:21:48,24850.0,5000,Buy,236022820
2024-08-30 11:22:03,24800.0,800,Sell,236022988
2024-08-30 11:22:23,24800.0,500,Sell,236023213
2024-08-30 11:22:34,24800.0,2900,Sell,236023316
2024-08-30 11:23:57,24800.0,13900,Sell,236024213
2024-08-30 11:24:03,24850.0,200,Buy,236024253
2024-08-30 11:24:35,24800.0,100,Sell,236024590
2024-08-30 11:24:44,24800.0,2900,Sell,236024666
2024-08-30 11:25:35,24850.0,1000,Buy,236025288
2024-08-30 11:25:44,24800.0,2900,Sell,236025393
2024-08-30 11:26:07,24800.0,2900,Sell,236025608
2024-08-30 11:26:20,24800.0,900,Sell,236025802
2024-08-30 11:27:13,24800.0,5000,Sell,236026345
2024-08-30 11:27:23,24800.0,100,Sell,236026527
2024-08-30 11:27:23,24800.0,1800,Sell,236026528
2024-08-30 11:27:23,24800.0,25000,Sell,236026529
2024-08-30 11:27:23,24800.0,100,Sell,236026530
2024-08-30 11:27:23,24800.0,300,Sell,236026533
2024-08-30 11:27:23,24800.0,2000,Sell,236026532
2024-08-30 11:27:23,24800.0,100,Sell,236026526
2024-08-30 11:27:23,24800.0,10000,Sell,236026534
2024-08-30 11:27:23,24800.0,300,Sell,236026531
2024-08-30 11:27:23,24800.0,300,Sell,236026525
2024-08-30 11:27:23,24800.0,1000,Sell,236026521
2024-08-30 11:27:23,24800.0,1400,Sell,236026523
2024-08-30 11:27:23,24800.0,1700,Sell,236026522
2024-08-30 11:27:23,24800.0,2000,Sell,236026535
2024-08-30 11:27:23,24800.0,4600,Sell,236026520
2024-08-30 11:27:23,24800.0,300,Sell,236026519
2024-08-30 11:27:23,24800.0,300,Sell,236026518
2024-08-30 11:27:23,24800.0,800,Sell,236026517
2024-08-30 11:27:23,24800.0,2000,Sell,236026516
2024-08-30 11:27:23,24800.0,100,Sell,236026515
2024-08-30 11:27:23,24800.0,500,Sell,236026514
2024-08-30 11:27:23,24800.0,1000,Sell,236026524
2024-08-30 11:27:23,24800.0,100,Sell,236026536
2024-08-30 11:27:23,24800.0,1000,Sell,236026540
2024-08-30 11:27:23,24800.0,500,Sell,236026538
2024-08-30 11:27:23,24800.0,500,Sell,236026559
2024-08-30 11:27:23,24800.0,100,Sell,236026558
2024-08-30 11:27:23,24800.0,300,Sell,236026557
2024-08-30 11:27:23,24800.0,1000,Sell,236026556
2024-08-30 11:27:23,24800.0,100,Sell,236026513
2024-08-30 11:27:23,24800.0,200,Sell,236026555
2024-08-30 11:27:23,24800.0,1000,Sell,236026554
2024-08-30 11:27:23,24800.0,100,Sell,236026553
2024-08-30 11:27:23,24800.0,100,Sell,236026552
2024-08-30 11:27:23,24800.0,100,Sell,236026551
2024-08-30 11:27:23,24800.0,2000,Sell,236026550
2024-08-30 11:27:23,24800.0,15000,Sell,236026549
2024-08-30 11:27:23,24800.0,15000,Sell,236026548
2024-08-30 11:27:23,24800.0,1000,Sell,236026547
2024-08-30 11:27:23,24800.0,600,Sell,236026546
2024-08-30 11:27:23,24800.0,100,Sell,236026545
2024-08-30 11:27:23,24800.0,1000,Sell,236026544
2024-08-30 11:27:23,24800.0,23400,Sell,236026543
2024-08-30 11:27:23,24800.0,20200,Sell,236026542
2024-08-30 11:27:23,24800.0,600,Sell,236026541
2024-08-30 11:27:23,24800.0,1000,Sell,236026539
2024-08-30 11:27:23,24800.0,100,Sell,236026537
2024-08-30 11:27:23,24800.0,100,Sell,236026512
2024-08-30 11:27:23,24800.0,10600,Sell,236026466
2024-08-30 11:27:23,24800.0,5000,Sell,236026510
2024-08-30 11:27:23,24800.0,25000,Sell,236026483
2024-08-30 11:27:23,24800.0,6000,Sell,236026482
2024-08-30 11:27:23,24800.0,2200,Sell,236026481
2024-08-30 11:27:23,24800.0,14000,Sell,236026480
2024-08-30 11:27:23,24800.0,2000,Sell,236026479
2024-08-30 11:27:23,24800.0,500,Sell,236026478
2024-08-30 11:27:23,24800.0,100,Sell,236026477
2024-08-30 11:27:23,24800.0,2800,Sell,236026476
2024-08-30 11:27:23,24800.0,200,Sell,236026475
2024-08-30 11:27:23,24800.0,100,Sell,236026474
2024-08-30 11:27:23,24800.0,1000,Sell,236026472
2024-08-30 11:27:23,24800.0,200,Sell,236026471
2024-08-30 11:27:23,24800.0,13000,Sell,236026470
2024-08-30 11:27:23,24800.0,200,Sell,236026469
2024-08-30 11:27:23,24800.0,5900,Sell,236026468
2024-08-30 11:27:23,24800.0,100,Sell,236026467
2024-08-30 11:27:23,24800.0,100000,Sell,236026465
2024-08-30 11:27:23,24800.0,7500,Sell,236026464
2024-08-30 11:27:23,24800.0,9000,Sell,236026463
2024-08-30 11:27:23,24800.0,36100,Sell,236026462
2024-08-30 11:27:23,24800.0,100,Sell,236026511
2024-08-30 11:27:23,24800.0,5400,Sell,236026484
2024-08-30 11:27:23,24800.0,300,Sell,236026485
2024-08-30 11:27:23,24800.0,9400,Sell,236026473
2024-08-30 11:27:23,24800.0,300,Sell,236026487
2024-08-30 11:27:23,24800.0,1000,Sell,236026508
2024-08-30 11:27:23,24800.0,6200,Sell,236026507
2024-08-30 11:27:23,24800.0,20000,Sell,236026506
2024-08-30 11:27:23,24800.0,200,Sell,236026505
2024-08-30 11:27:23,24800.0,100,Sell,236026504
2024-08-30 11:27:23,24800.0,200,Sell,236026503
2024-08-30 11:27:23,24800.0,200,Sell,236026502
2024-08-30 11:27:23,24800.0,5000,Sell,236026501
2024-08-30 11:27:23,24800.0,500,Sell,236026500
2024-08-30 11:27:23,24800.0,1000,Sell,236026499
2024-08-30 11:27:23,24800.0,100,Sell,236026509
2024-08-30 11:27:23,24800.0,1000,Sell,236026497
2024-08-30 11:27:23,24800.0,6200,Sell,236026496
2024-08-30 11:27:23,24800.0,200,Sell,236026495
2024-08-30 11:27:23,24800.0,50000,Sell,236026494
2024-08-30 11:27:23,24800.0,200,Sell,236026493
2024-08-30 11:27:23,24800.0,500,Sell,236026492
2024-08-30 11:27:23,24800.0,400,Sell,236026491
2024-08-30 11:27:23,24800.0,600,Sell,236026490
2024-08-30 11:27:23,24800.0,200,Sell,236026489
2024-08-30 11:27:23,24800.0,1000,Sell,236026488
2024-08-30 11:27:23,24800.0,400,Sell,236026498
2024-08-30 11:27:23,24800.0,500,Sell,236026486
2024-08-30 11:27:49,24800.0,1000,Buy,236026976
2024-08-30 11:27:49,24800.0,900,Buy,236026975
2024-08-30 11:27:49,24800.0,6400,Buy,236026974
2024-08-30 11:27:52,24800.0,5000,Sell,236027030
2024-08-30 11:28:32,24800.0,6700,Sell,236027623
2024-08-30 11:28:32,24800.0,100,Sell,236027624
2024-08-30 11:28:32,24800.0,100,Sell,236027625
2024-08-30 11:28:32,24800.0,100,Sell,236027626
2024-08-30 11:28:33,24800.0,3000,Buy,236027637
2024-08-30 11:29:05,24800.0,100,Sell,236027963
2024-08-30 11:29:45,24800.0,1700,Sell,236028356
2024-08-30 12:59:55,24800.0,200,Sell,236028741
2024-08-30 12:59:55,24800.0,100,Sell,236028740
2024-08-30 12:59:55,24800.0,200,Sell,236028589
2024-08-30 12:59:55,24800.0,100,Sell,236028588
2024-08-30 12:59:55,24800.0,700,Sell,236028590
2024-08-30 12:59:56,24800.0,200,Buy,236029269
2024-08-30 12:59:56,24800.0,100,Buy,236029268
2024-08-30 12:59:56,24800.0,400,Buy,236029267
2024-08-30 12:59:56,24800.0,13600,Buy,236029266
2024-08-30 12:59:56,24800.0,1600,Buy,236029264
2024-08-30 12:59:56,24800.0,200,Sell,236029263
2024-08-30 12:59:56,24800.0,100,Sell,236029262
2024-08-30 12:59:56,24800.0,200,Sell,236029261
2024-08-30 12:59:56,24800.0,300,Sell,236029260
2024-08-30 12:59:56,24800.0,700,Sell,236029193
2024-08-30 12:59:56,24800.0,500,Sell,236029190
2024-08-30 12:59:56,24800.0,100,Sell,236029191
2024-08-30 12:59:56,24800.0,700,Sell,236028917
2024-08-30 12:59:56,24800.0,500,Sell,236028918
2024-08-30 12:59:56,24800.0,900,Sell,236029039
2024-08-30 12:59:56,24800.0,600,Sell,236029040
2024-08-30 12:59:56,24800.0,400,Sell,236029192
2024-08-30 12:59:56,24800.0,1200,Sell,236029042
2024-08-30 12:59:56,24800.0,300,Sell,236029188
2024-08-30 12:59:56,24800.0,1000,Sell,236029189
2024-08-30 12:59:56,24800.0,100,Sell,236029041
2024-08-30 12:59:57,24800.0,1400,Sell,236029349
2024-08-30 12:59:57,24800.0,2000,Sell,236029441
2024-08-30 12:59:57,24800.0,16100,Sell,236029442
2024-08-30 12:59:58,24800.0,17000,Sell,236029591
2024-08-30 12:59:58,24800.0,1000,Sell,236029647
2024-08-30 12:59:59,24800.0,200,Sell,236030036
2024-08-30 12:59:59,24800.0,100,Sell,236030035
2024-08-30 12:59:59,24800.0,100,Sell,236030034
2024-08-30 12:59:59,24800.0,1000,Sell,236030033
2024-08-30 12:59:59,24800.0,2000,Sell,236030032
2024-08-30 12:59:59,24800.0,200,Sell,236030031
2024-08-30 13:00:00,24800.0,200,Sell,236030179
2024-08-30 13:00:00,24800.0,100,Sell,236030178
2024-08-30 13:00:00,24800.0,4600,Sell,236030175
2024-08-30 13:00:00,24800.0,100,Sell,236030176
2024-08-30 13:00:00,24800.0,200,Sell,236030177
2024-08-30 13:00:01,24800.0,200,Buy,236030297
2024-08-30 13:00:02,24800.0,500,Buy,236030451
2024-08-30 13:00:03,24800.0,4300,Buy,236030591
2024-08-30 13:00:03,24800.0,500,Buy,236030592
2024-08-30 13:00:04,24800.0,700,Sell,236030627
2024-08-30 13:00:04,24800.0,700,Sell,236030644
2024-08-30 13:00:04,24800.0,11200,Sell,236030674
2024-08-30 13:00:08,24800.0,100,Sell,236031024
2024-08-30 13:00:10,24800.0,1000,Sell,236031182
2024-08-30 13:00:11,24800.0,1000,Sell,236031245
2024-08-30 13:00:12,24850.0,300,Buy,236031292
2024-08-30 13:00:14,24800.0,100,Sell,236031442
2024-08-30 13:00:14,24800.0,4600,Sell,236031443
2024-08-30 13:00:16,24800.0,100,Sell,236031619
2024-08-30 13:00:17,24800.0,2000,Sell,236031667
2024-08-30 13:00:18,24800.0,2100,Sell,236031699
2024-08-30 13:00:18,24800.0,100,Sell,236031737
2024-08-30 13:00:24,24800.0,1800,Sell,236031813
2024-08-30 13:00:28,24800.0,200,Sell,236031895
2024-08-30 13:00:43,24850.0,15000,Buy,236032162
2024-08-30 13:00:48,24800.0,2000,Sell,236032251
2024-08-30 13:01:09,24850.0,15000,Buy,236032698
2024-08-30 13:01:12,24800.0,500,Sell,236032842
2024-08-30 13:01:12,24800.0,3800,Sell,236032838
2024-08-30 13:01:12,24800.0,200,Sell,236032839
2024-08-30 13:01:12,24800.0,400,Sell,236032840
2024-08-30 13:01:12,24800.0,100,Sell,236032841
2024-08-30 13:01:21,24800.0,300,Sell,236033032
2024-08-30 13:01:37,24850.0,15000,Buy,236033393
2024-08-30 13:01:53,24850.0,8100,Buy,236033642
2024-08-30 13:01:53,24850.0,1000,Buy,236033643
2024-08-30 13:01:53,24850.0,500,Buy,236033644
2024-08-30 13:01:53,24850.0,5000,Buy,236033645
2024-08-30 13:01:53,24850.0,400,Buy,236033646
2024-08-30 13:02:04,24800.0,1200,Sell,236033826
2024-08-30 13:02:04,24800.0,800,Sell,236033827
2024-08-30 13:02:07,24800.0,100,Sell,236033885
2024-08-30 13:02:11,24800.0,600,Sell,236033949
2024-08-30 13:02:37,24850.0,15000,Buy,236034474
2024-08-30 13:02:45,24850.0,1500,Buy,236034640
2024-08-30 13:03:16,24800.0,2500,Sell,236035227
2024-08-30 13:03:41,24800.0,6700,Sell,236035684
2024-08-30 13:03:45,24850.0,1300,Buy,236035748
2024-08-30 13:04:06,24800.0,1500,Sell,236036087
2024-08-30 13:04:25,24800.0,800,Sell,236036461
2024-08-30 13:04:50,24800.0,1000,Sell,236036905
2024-08-30 13:04:54,24800.0,1000,Sell,236036964
2024-08-30 13:05:02,24800.0,500,Sell,236037094
2024-08-30 13:05:06,24800.0,100,Sell,236037163
2024-08-30 13:05:33,24800.0,100,Sell,236037628
2024-08-30 13:05:54,24800.0,100,Sell,236038092
2024-08-30 13:06:30,24800.0,500,Sell,236038706
2024-08-30 13:06:46,24800.0,100,Sell,236039057
2024-08-30 13:07:12,24800.0,1200,Sell,236039516
2024-08-30 13:07:13,24800.0,2400,Sell,236039535
2024-08-30 13:07:16,24800.0,500,Sell,236039580
2024-08-30 13:07:24,24800.0,500,Sell,236039822
2024-08-30 13:07:24,24800.0,2600,Sell,236039823
2024-08-30 13:07:24,24800.0,1900,Sell,236039824
2024-08-30 13:07:36,24850.0,14000,Buy,236040038
2024-08-30 13:07:40,24800.0,1900,Sell,236040161
2024-08-30 13:07:40,24800.0,3100,Sell,236040160
2024-08-30 13:07:42,24800.0,100,Sell,236040238
2024-08-30 13:07:49,24800.0,1000,Sell,236040346
2024-08-30 13:08:03,24800.0,6000,Sell,236040591
2024-08-30 13:08:19,24800.0,100,Sell,236040915
2024-08-30 13:09:07,24800.0,200,Sell,236042071
2024-08-30 13:09:08,24800.0,500,Sell,236042090
2024-08-30 13:09:09,24800.0,500,Sell,236042108
2024-08-30 13:09:19,24800.0,8900,Sell,236042317
2024-08-30 13:09:22,24800.0,100,Sell,236042363
2024-08-30 13:09:26,24850.0,3100,Buy,236042449
2024-08-30 13:09:42,24850.0,5800,Buy,236042835
2024-08-30 13:10:34,24850.0,5000,Buy,236044247
2024-08-30 13:10:48,24850.0,1000,Buy,236044554
2024-08-30 13:11:00,24800.0,500,Sell,236044867
2024-08-30 13:12:33,24800.0,200,Sell,236046952
2024-08-30 13:12:33,24800.0,800,Sell,236046953
2024-08-30 13:12:34,24800.0,100,Sell,236046989
2024-08-30 13:12:40,24800.0,200,Sell,236047121
2024-08-30 13:13:01,24800.0,5000,Sell,236047588
2024-08-30 13:13:53,24850.0,2000,Buy,236048896
2024-08-30 13:13:53,24850.0,17500,Buy,236048897
2024-08-30 13:13:53,24850.0,500,Buy,236048895
2024-08-30 13:14:04,24850.0,1700,Buy,236049200
2024-08-30 13:14:10,24800.0,200,Sell,236049361
2024-08-30 13:14:19,24850.0,100,Buy,236049568
2024-08-30 13:14:43,24850.0,1500,Buy,236050079
2024-08-30 13:14:43,24850.0,100,Buy,236050078
2024-08-30 13:14:43,24850.0,100,Buy,236050080
2024-08-30 13:14:43,24850.0,100,Buy,236050073
2024-08-30 13:14:43,24850.0,400,Buy,236050077
2024-08-30 13:14:43,24850.0,200,Buy,236050072
2024-08-30 13:14:44,24850.0,100,Buy,236050095
2024-08-30 13:14:44,24850.0,100,Buy,236050096
2024-08-30 13:14:58,24850.0,900,Buy,236050416
2024-08-30 13:14:58,24850.0,200,Buy,236050417
2024-08-30 13:14:58,24850.0,500,Buy,236050418
2024-08-30 13:14:58,24850.0,3400,Buy,236050419
2024-08-30 13:15:18,24850.0,400,Buy,236051014
2024-08-30 13:15:18,24850.0,1000,Buy,236051013
2024-08-30 13:15:18,24850.0,1000,Buy,236051012
2024-08-30 13:15:18,24850.0,100,Buy,236051011
2024-08-30 13:15:18,24850.0,2000,Buy,236051009
2024-08-30 13:15:18,24850.0,6600,Buy,236051008
2024-08-30 13:15:18,24850.0,200,Buy,236051010
2024-08-30 13:15:19,24850.0,2300,Buy,236051055
2024-08-30 13:15:19,24850.0,500,Buy,236051056
2024-08-30 13:15:19,24850.0,400,Buy,236051057
2024-08-30 13:15:19,24850.0,1800,Buy,236051058
2024-08-30 13:15:21,24850.0,2000,Buy,236051144
2024-08-30 13:15:21,24850.0,100,Buy,236051156
2024-08-30 13:15:27,24800.0,8700,Sell,236051324
2024-08-30 13:15:27,24800.0,1300,Sell,236051325
2024-08-30 13:15:31,24800.0,100,Sell,236051408
2024-08-30 13:15:31,24800.0,1900,Sell,236051409
2024-08-30 13:15:34,24850.0,2100,Buy,236051510
2024-08-30 13:15:34,24850.0,5000,Buy,236051511
2024-08-30 13:15:34,24850.0,1400,Buy,236051512
2024-08-30 13:15:34,24850.0,500,Buy,236051513
2024-08-30 13:15:49,24850.0,500,Buy,236052112
2024-08-30 13:15:49,24850.0,8700,Buy,236052113
2024-08-30 13:15:49,24850.0,1300,Buy,236052114
2024-08-30 13:16:08,24850.0,300,Buy,236052666
2024-08-30 13:16:12,24850.0,500,Buy,236052781
2024-08-30 13:16:30,24850.0,2100,Buy,236053262
2024-08-30 13:16:30,24850.0,200,Buy,236053268
2024-08-30 13:16:30,24850.0,3300,Buy,236053267
2024-08-30 13:16:30,24850.0,2000,Buy,236053266
2024-08-30 13:16:30,24850.0,500,Buy,236053265
2024-08-30 13:16:30,24850.0,100,Buy,236053264
2024-08-30 13:16:30,24850.0,100,Buy,236053263
2024-08-30 13:16:30,24850.0,500,Buy,236053261
2024-08-30 13:16:30,24850.0,52600,Buy,236053280
2024-08-30 13:16:30,24850.0,500,Buy,236053259
2024-08-30 13:16:30,24850.0,700,Buy,236053260
2024-08-30 13:16:30,24850.0,7900,Buy,236053251
2024-08-30 13:16:30,24850.0,25000,Buy,236053252
2024-08-30 13:16:30,24850.0,500,Buy,236053253
2024-08-30 13:16:30,24850.0,700,Buy,236053269
2024-08-30 13:16:30,24850.0,300,Buy,236053255
2024-08-30 13:16:30,24850.0,100,Buy,236053257
2024-08-30 13:16:30,24850.0,1000,Buy,236053258
2024-08-30 13:16:30,24850.0,600,Buy,236053256
2024-08-30 13:16:30,24850.0,1300,Buy,236053254
2024-08-30 13:16:34,24850.0,4000,Buy,236053369
2024-08-30 13:16:37,24850.0,100,Buy,236053442
2024-08-30 13:16:37,24850.0,4000,Buy,236053441
2024-08-30 13:16:37,24850.0,100,Buy,236053440
2024-08-30 13:16:37,24850.0,2500,Buy,236053439
2024-08-30 13:16:37,24850.0,1000,Buy,236053438
2024-08-30 13:16:37,24850.0,2000,Buy,236053437
2024-08-30 13:16:37,24850.0,1200,Buy,236053436
2024-08-30 13:16:37,24850.0,5000,Buy,236053435
2024-08-30 13:16:37,24850.0,100,Buy,236053434
2024-08-30 13:16:37,24850.0,500,Buy,236053433
2024-08-30 13:16:37,24850.0,100,Buy,236053432
2024-08-30 13:16:37,24850.0,33400,Buy,236053431
2024-08-30 13:16:38,24850.0,300,Buy,236053483
2024-08-30 13:16:38,24850.0,2000,Buy,236053481
2024-08-30 13:16:38,24850.0,500,Buy,236053479
2024-08-30 13:16:38,24850.0,500,Buy,236053482
2024-08-30 13:16:38,24850.0,200,Buy,236053480
2024-08-30 13:16:38,24850.0,200,Buy,236053477
2024-08-30 13:16:38,24850.0,600,Buy,236053476
2024-08-30 13:16:38,24850.0,500,Buy,236053475
2024-08-30 13:16:38,24850.0,200,Buy,236053478
2024-08-30 13:16:42,24850.0,100,Buy,236053563
2024-08-30 13:16:45,24850.0,200,Buy,236053620
2024-08-30 13:16:46,24850.0,1000,Buy,236053643
2024-08-30 13:16:48,24850.0,1600,Buy,236053681
2024-08-30 13:16:48,24850.0,400,Buy,236053682
2024-08-30 13:16:48,24850.0,500,Buy,236053675
2024-08-30 13:16:48,24850.0,1100,Buy,236053674
2024-08-30 13:16:48,24850.0,400,Buy,236053676
2024-08-30 13:16:49,24850.0,200,Buy,236053754
2024-08-30 13:16:51,24850.0,200,Buy,236053799
2024-08-30 13:16:54,24850.0,100,Buy,236053852
2024-08-30 13:16:54,24850.0,2000,Buy,236053858
2024-08-30 13:16:56,24850.0,1700,Buy,236053928
2024-08-30 13:16:56,24850.0,500,Buy,236053929
2024-08-30 13:17:04,24850.0,200,Sell,236054064
2024-08-30 13:17:18,24850.0,100,Sell,236054501
2024-08-30 13:17:29,24900.0,100,Buy,236054892
2024-08-30 13:17:37,24850.0,400,Sell,236055071
2024-08-30 13:17:44,24900.0,500,Buy,236055246
2024-08-30 13:17:45,24900.0,200,Buy,236055266
2024-08-30 13:17:46,24850.0,2000,Sell,236055287
2024-08-30 13:17:50,24850.0,700,Sell,236055366
2024-08-30 13:17:51,24850.0,400,Sell,236055401
2024-08-30 13:17:51,24850.0,4000,Sell,236055400
2024-08-30 13:17:51,24850.0,4400,Sell,236055396
2024-08-30 13:17:51,24850.0,5000,Sell,236055398
2024-08-30 13:17:51,24850.0,1200,Sell,236055397
2024-08-30 13:17:51,24850.0,1000,Sell,236055399
2024-08-30 13:18:00,24850.0,3700,Sell,236055585
2024-08-30 13:18:01,24850.0,900,Sell,236055618
2024-08-30 13:18:01,24850.0,100,Sell,236055619
2024-08-30 13:18:11,24900.0,600,Buy,236055924
2024-08-30 13:18:15,24850.0,400,Sell,236056028
2024-08-30 13:18:15,24850.0,100,Sell,236056029
2024-08-30 13:18:36,24850.0,300,Sell,236056590
2024-08-30 13:18:36,24850.0,400,Sell,236056591
2024-08-30 13:18:49,24850.0,500,Sell,236056896
2024-08-30 13:18:50,24850.0,100,Sell,236056942
2024-08-30 13:19:11,24850.0,300,Sell,236057463
2024-08-30 13:19:14,24850.0,100,Sell,236057529
2024-08-30 13:19:23,24850.0,500,Sell,236057807
2024-08-30 13:19:32,24900.0,100,Buy,236058011
2024-08-30 13:19:43,24900.0,200,Buy,236058328
2024-08-30 13:19:53,24900.0,100,Buy,236058577
2024-08-30 13:20:01,24900.0,100,Buy,236058724
2024-08-30 13:20:16,24900.0,100,Buy,236059066
2024-08-30 13:20:16,24900.0,1000,Buy,236059067
2024-08-30 13:20:16,24900.0,100,Buy,236059064
2024-08-30 13:20:16,24900.0,100,Buy,236059065
2024-08-30 13:20:26,24900.0,14000,Buy,236059262
2024-08-30 13:20:26,24900.0,1000,Buy,236059263
2024-08-30 13:20:38,24900.0,100,Buy,236059702
2024-08-30 13:20:38,24900.0,200,Buy,236059703
2024-08-30 13:20:42,24900.0,100,Buy,236059805
2024-08-30 13:20:42,24900.0,200,Buy,236059806
2024-08-30 13:20:42,24900.0,100,Buy,236059807
2024-08-30 13:20:42,24900.0,4600,Buy,236059808
2024-08-30 13:20:45,24900.0,15000,Buy,236059885
2024-08-30 13:20:52,24850.0,10000,Sell,236060218
2024-08-30 13:21:02,24850.0,1000,Sell,236060477
2024-08-30 13:21:08,24850.0,1000,Sell,236060628
2024-08-30 13:21:14,24850.0,100,Sell,236060878
2024-08-30 13:21:15,24900.0,200,Buy,236060926
2024-08-30 13:21:27,24900.0,1000,Buy,236061205
2024-08-30 13:21:30,24850.0,1600,Sell,236061327
2024-08-30 13:22:13,24850.0,900,Sell,236062387
2024-08-30 13:22:58,24850.0,1000,Sell,236063599
2024-08-30 13:23:19,24850.0,500,Sell,236064267
2024-08-30 13:23:34,24850.0,2500,Sell,236064554
2024-08-30 13:23:37,24850.0,8100,Sell,236064620
2024-08-30 13:23:41,24850.0,4400,Sell,236064730
2024-08-30 13:23:41,24850.0,300,Sell,236064729
2024-08-30 13:23:41,24850.0,100,Sell,236064728
2024-08-30 13:23:41,24850.0,21400,Sell,236064727
2024-08-30 13:23:43,24900.0,1800,Buy,236064773
2024-08-30 13:23:56,24850.0,300,Sell,236065070
2024-08-30 13:24:03,24900.0,3000,Buy,236065212
2024-08-30 13:24:13,24900.0,100,Buy,236065438
2024-08-30 13:24:22,24850.0,300,Sell,236065634
2024-08-30 13:24:22,24850.0,2200,Sell,236065635
2024-08-30 13:24:47,24850.0,12300,Sell,236066146
2024-08-30 13:24:47,24850.0,2000,Sell,236066147
2024-08-30 13:24:47,24850.0,200,Sell,236066148
2024-08-30 13:24:47,24850.0,5000,Sell,236066149
2024-08-30 13:24:47,24850.0,200,Sell,236066150
2024-08-30 13:24:47,24850.0,300,Sell,236066151
2024-08-30 13:24:50,24850.0,4600,Sell,236066247
2024-08-30 13:24:50,24850.0,500,Sell,236066246
2024-08-30 13:24:50,24850.0,500,Sell,236066243
2024-08-30 13:24:50,24850.0,200,Sell,236066244
2024-08-30 13:24:50,24850.0,500,Sell,236066245
2024-08-30 13:24:50,24850.0,1700,Sell,236066242
2024-08-30 13:24:57,24850.0,1300,Sell,236066401
2024-08-30 13:24:57,24850.0,700,Sell,236066402
2024-08-30 13:24:59,24850.0,60000,Sell,236066436
2024-08-30 13:25:10,24850.0,1000,Sell,236066707
2024-08-30 13:25:13,24850.0,500,Sell,236066798
2024-08-30 13:25:15,24850.0,2000,Sell,236066833
2024-08-30 13:25:17,24850.0,1000,Sell,236066888
2024-08-30 13:25:22,24850.0,200,Sell,236066988
2024-08-30 13:25:22,24850.0,9800,Sell,236066987
2024-08-30 13:25:27,24850.0,200,Sell,236067124
2024-08-30 13:25:34,24850.0,5000,Sell,236067222
2024-08-30 13:25:37,24850.0,4900,Sell,236067275
2024-08-30 13:25:38,24850.0,500,Sell,236067291
2024-08-30 13:25:59,24850.0,2000,Sell,236067756
2024-08-30 13:26:11,24850.0,2000,Sell,236068005
2024-08-30 13:26:11,24850.0,13000,Sell,236068004
2024-08-30 13:26:11,24850.0,100,Sell,236068001
2024-08-30 13:26:11,24850.0,2000,Sell,236068000
2024-08-30 13:26:11,24850.0,100,Sell,236067998
2024-08-30 13:26:11,24850.0,10600,Sell,236067997
2024-08-30 13:26:11,24850.0,500,Sell,236067996
2024-08-30 13:26:11,24850.0,10800,Sell,236067995
2024-08-30 13:26:11,24850.0,700,Sell,236067999
2024-08-30 13:26:16,24850.0,1000,Sell,236068108
2024-08-30 13:26:17,24850.0,600,Sell,236068126
2024-08-30 13:26:19,24850.0,10000,Sell,236068166
2024-08-30 13:26:19,24850.0,10000,Sell,236068165
2024-08-30 13:26:19,24850.0,200,Sell,236068164
2024-08-30 13:26:19,24850.0,300,Sell,236068163
2024-08-30 13:26:19,24850.0,1000,Sell,236068162
2024-08-30 13:26:19,24850.0,100,Sell,236068158
2024-08-30 13:26:19,24850.0,500,Sell,236068160
2024-08-30 13:26:19,24850.0,7500,Sell,236068161
2024-08-30 13:26:19,24850.0,6400,Sell,236068155
2024-08-30 13:26:19,24850.0,5400,Sell,236068157
2024-08-30 13:26:19,24850.0,9000,Sell,236068156
2024-08-30 13:26:19,24850.0,15000,Sell,236068159
2024-08-30 13:26:21,24850.0,400,Sell,236068219
2024-08-30 13:26:21,24850.0,100,Sell,236068220
2024-08-30 13:26:22,24850.0,300,Sell,236068239
2024-08-30 13:26:31,24850.0,100,Sell,236068506
2024-08-30 13:26:31,24850.0,100,Sell,236068507
2024-08-30 13:26:31,24850.0,200,Sell,236068508
2024-08-30 13:26:35,24850.0,100,Sell,236068597
2024-08-30 13:26:36,24850.0,600,Sell,236068611
2024-08-30 13:26:36,24850.0,500,Sell,236068610
2024-08-30 13:26:36,24850.0,500,Sell,236068608
2024-08-30 13:26:36,24850.0,7000,Sell,236068607
2024-08-30 13:26:36,24850.0,200,Sell,236068609
2024-08-30 13:26:44,24850.0,500,Sell,236068742
2024-08-30 13:26:45,24850.0,2000,Sell,236068770
2024-08-30 13:26:45,24850.0,200,Sell,236068769
2024-08-30 13:26:45,24850.0,100,Sell,236068768
2024-08-30 13:26:45,24850.0,500,Sell,236068767
2024-08-30 13:26:45,24850.0,400,Sell,236068765
2024-08-30 13:26:45,24850.0,8000,Sell,236068764
2024-08-30 13:26:45,24850.0,400,Sell,236068763
2024-08-30 13:26:45,24850.0,2900,Sell,236068762
2024-08-30 13:26:45,24850.0,1400,Sell,236068766
2024-08-30 13:26:57,24850.0,15000,Buy,236069027
2024-08-30 13:27:02,24850.0,500,Buy,236069159
2024-08-30 13:27:05,24850.0,100,Buy,236069229
2024-08-30 13:27:15,24850.0,15000,Buy,236069457
2024-08-30 13:27:33,24850.0,400,Buy,236069841
2024-08-30 13:27:40,24850.0,12200,Buy,236069970
2024-08-30 13:27:40,24850.0,1600,Buy,236069968
2024-08-30 13:27:40,24850.0,900,Buy,236069964
2024-08-30 13:27:40,24850.0,300,Buy,236069969
2024-08-30 13:27:44,24850.0,100,Buy,236070074
2024-08-30 13:27:48,24850.0,20000,Buy,236070131
2024-08-30 13:28:15,24800.0,500,Sell,236070717
2024-08-30 13:28:23,24850.0,100,Buy,236070928
2024-08-30 13:28:31,24800.0,3000,Sell,236071092
2024-08-30 13:28:41,24850.0,1000,Buy,236071295
2024-08-30 13:28:48,24850.0,16100,Buy,236071453
2024-08-30 13:28:59,24850.0,200,Buy,236071758
2024-08-30 13:29:07,24850.0,400,Buy,236072184
2024-08-30 13:29:18,24850.0,1200,Buy,236072431
2024-08-30 13:29:18,24850.0,300,Buy,236072430
2024-08-30 13:29:18,24850.0,2800,Buy,236072427
2024-08-30 13:29:18,24850.0,9700,Buy,236072428
2024-08-30 13:29:18,24850.0,1000,Buy,236072429
2024-08-30 13:29:25,24850.0,700,Buy,236072566
2024-08-30 13:29:25,24850.0,200,Buy,236072567
2024-08-30 13:29:25,24850.0,1500,Buy,236072568
2024-08-30 13:29:25,24850.0,1000,Buy,236072569
2024-08-30 13:29:25,24850.0,2500,Buy,236072570
2024-08-30 13:29:25,24850.0,500,Buy,236072571
2024-08-30 13:29:25,24850.0,2100,Buy,236072572
2024-08-30 13:29:25,24850.0,1500,Buy,236072573
2024-08-30 13:29:42,24850.0,2800,Buy,236072854
2024-08-30 13:29:44,24850.0,1300,Buy,236072900
2024-08-30 13:29:44,24850.0,500,Buy,236072899
2024-08-30 13:29:44,24850.0,2200,Buy,236072892
2024-08-30 13:29:50,24850.0,100,Buy,236073029
2024-08-30 13:29:50,24850.0,900,Buy,236073031
2024-08-30 13:29:56,24850.0,100,Buy,236073168
2024-08-30 13:30:00,24850.0,300,Buy,236073238
2024-08-30 13:30:00,24850.0,400,Buy,236073239
2024-08-30 13:30:09,24850.0,100,Buy,236073510
2024-08-30 13:30:09,24850.0,600,Buy,236073509
2024-08-30 13:30:09,24850.0,400,Buy,236073508
2024-08-30 13:30:09,24850.0,2000,Buy,236073507
2024-08-30 13:30:09,24850.0,500,Buy,236073505
2024-08-30 13:30:09,24850.0,2000,Buy,236073504
2024-08-30 13:30:09,24850.0,100,Buy,236073506
2024-08-30 13:30:09,24850.0,2000,Buy,236073503
2024-08-30 13:30:09,24850.0,200,Buy,236073502
2024-08-30 13:30:15,24850.0,1300,Buy,236073599
2024-08-30 13:30:19,24850.0,600,Sell,236073701
2024-08-30 13:30:22,24900.0,600,Buy,236073747
2024-08-30 13:30:30,24850.0,100,Sell,236074004
2024-08-30 13:30:30,24850.0,200,Sell,236074005
2024-08-30 13:30:30,24850.0,700,Sell,236074006
2024-08-30 13:30:44,24850.0,200,Sell,236074300
2024-08-30 13:30:47,24850.0,100,Sell,236074366
2024-08-30 13:30:55,24850.0,8000,Sell,236074603
2024-08-30 13:31:09,24850.0,1500,Sell,236074894
2024-08-30 13:31:11,24850.0,200,Sell,236074921
2024-08-30 13:31:14,24850.0,300,Sell,236075008
2024-08-30 13:31:21,24850.0,1000,Sell,236075255
2024-08-30 13:31:23,24850.0,3000,Sell,236075313
2024-08-30 13:31:36,24850.0,3000,Sell,236075551
2024-08-30 13:31:45,24850.0,2000,Sell,236075820
2024-08-30 13:31:52,24850.0,100,Sell,236076012
2024-08-30 13:31:55,24850.0,500,Sell,236076127
2024-08-30 13:32:12,24850.0,100,Sell,236076447
2024-08-30 13:32:17,24850.0,5000,Sell,236076528
2024-08-30 13:32:18,24900.0,3500,Buy,236076553
2024-08-30 13:32:19,24850.0,200,Sell,236076580
2024-08-30 13:32:29,24850.0,1000,Sell,236076767
2024-08-30 13:32:31,24900.0,3500,Buy,236076857
2024-08-30 13:32:32,24900.0,10100,Buy,236076883
2024-08-30 13:32:42,24900.0,3500,Buy,236077135
2024-08-30 13:32:52,24900.0,3100,Buy,236077363
2024-08-30 13:32:52,24900.0,400,Buy,236077364
2024-08-30 13:33:23,24850.0,200,Sell,236078006
2024-08-30 13:33:23,24850.0,400,Sell,236078007
2024-08-30 13:33:23,24850.0,2000,Sell,236078008
2024-08-30 13:33:23,24800.0,3600,Sell,236078009
2024-08-30 13:33:23,24800.0,5900,Sell,236078014
2024-08-30 13:33:23,24800.0,100,Sell,236078011
2024-08-30 13:33:23,24800.0,5000,Sell,236078012
2024-08-30 13:33:23,24800.0,200,Sell,236078013
2024-08-30 13:33:23,24800.0,500,Sell,236078010
2024-08-30 13:33:23,24850.0,300,Sell,236078004
2024-08-30 13:33:23,24850.0,500,Sell,236078005
2024-08-30 13:33:23,24850.0,1000,Sell,236078002
2024-08-30 13:33:23,24850.0,7900,Sell,236078001
2024-08-30 13:33:23,24850.0,100,Sell,236078000
2024-08-30 13:33:23,24850.0,1000,Sell,236077999
2024-08-30 13:33:23,24850.0,300,Sell,236077998
2024-08-30 13:33:23,24850.0,15000,Sell,236077997
2024-08-30 13:33:23,24850.0,15000,Sell,236077996
2024-08-30 13:33:23,24850.0,100,Sell,236077995
2024-08-30 13:33:23,24850.0,10000,Sell,236077994
2024-08-30 13:33:23,24850.0,18100,Sell,236077993
2024-08-30 13:33:23,24850.0,12800,Sell,236078003
2024-08-30 13:33:31,24900.0,500,Buy,236078340
2024-08-30 13:33:31,24900.0,100,Buy,236078339
2024-08-30 13:33:31,24900.0,600,Buy,236078336
2024-08-30 13:33:31,24900.0,5000,Buy,236078337
2024-08-30 13:33:31,24900.0,100,Buy,236078335
2024-08-30 13:33:31,24900.0,5000,Buy,236078338
2024-08-30 13:33:45,24900.0,100,Buy,236078682
2024-08-30 13:33:45,24900.0,1500,Buy,236078683
2024-08-30 13:33:45,24900.0,200,Buy,236078684
2024-08-30 13:33:45,24900.0,5000,Buy,236078685
2024-08-30 13:33:45,24900.0,4500,Buy,236078686
2024-08-30 13:34:11,24850.0,1000,Sell,236079215
2024-08-30 13:34:11,24900.0,1000,Buy,236079220
2024-08-30 13:34:35,24900.0,1700,Buy,236079648
2024-08-30 13:34:35,24900.0,8800,Buy,236079646
2024-08-30 13:34:35,24900.0,800,Buy,236079647
2024-08-30 13:34:59,24850.0,10000,Sell,236080133
2024-08-30 13:35:06,24850.0,100,Sell,236080247
2024-08-30 13:35:19,24850.0,1300,Sell,236080521
2024-08-30 13:35:22,24850.0,200,Sell,236080567
2024-08-30 13:35:41,24900.0,300,Buy,236080959
2024-08-30 13:35:41,24900.0,500,Buy,236080960
2024-08-30 13:35:41,24900.0,100,Buy,236080961
2024-08-30 13:35:41,24900.0,300,Buy,236080962
2024-08-30 13:37:02,24900.0,100,Buy,236082722
2024-08-30 13:37:02,24900.0,100,Buy,236082723
2024-08-30 13:37:02,24900.0,500,Buy,236082724
2024-08-30 13:37:02,24900.0,100,Buy,236082725
2024-08-30 13:37:02,24900.0,200,Buy,236082726
2024-08-30 13:37:42,24850.0,5000,Sell,236083491
2024-08-30 13:37:55,24850.0,2000,Sell,236083726
2024-08-30 13:38:01,24850.0,2000,Sell,236083848
2024-08-30 13:38:04,24850.0,200,Sell,236083894
2024-08-30 13:38:15,24850.0,200,Sell,236084137
2024-08-30 13:38:19,24850.0,5000,Sell,236084247
2024-08-30 13:38:21,24850.0,1000,Sell,236084325
2024-08-30 13:38:21,24850.0,300,Sell,236084328
2024-08-30 13:38:21,24850.0,2500,Sell,236084327
2024-08-30 13:38:21,24850.0,20000,Sell,236084326
2024-08-30 13:38:21,24850.0,600,Sell,236084324
2024-08-30 13:38:21,24850.0,500,Sell,236084321
2024-08-30 13:38:21,24850.0,200,Sell,236084322
2024-08-30 13:38:21,24850.0,23000,Sell,236084317
2024-08-30 13:38:21,24850.0,100,Sell,236084320
2024-08-30 13:38:21,24850.0,700,Sell,236084319
2024-08-30 13:38:21,24850.0,800,Sell,236084318
2024-08-30 13:38:21,24850.0,300,Sell,236084323
2024-08-30 13:38:23,24850.0,100,Sell,236084369
2024-08-30 13:38:23,24850.0,3500,Sell,236084370
2024-08-30 13:38:28,24850.0,1000,Sell,236084442
2024-08-30 13:38:31,24850.0,500,Sell,236084493
2024-08-30 13:38:31,24850.0,100,Sell,236084494
2024-08-30 13:38:35,24850.0,500,Buy,236084572
2024-08-30 13:38:36,24800.0,200,Sell,236084589
2024-08-30 13:38:44,24850.0,3300,Buy,236084720
2024-08-30 13:38:44,24850.0,400,Buy,236084721
2024-08-30 13:38:53,24900.0,100,Buy,236084919
2024-08-30 13:38:53,24900.0,1600,Buy,236084920
2024-08-30 13:38:53,24900.0,100,Buy,236084918
2024-08-30 13:38:53,24900.0,2800,Buy,236084914
2024-08-30 13:38:53,24900.0,100,Buy,236084916
2024-08-30 13:38:53,24900.0,900,Buy,236084915
2024-08-30 13:38:53,24900.0,5000,Buy,236084917
2024-08-30 13:38:54,24850.0,3200,Sell,236084941
2024-08-30 13:38:56,24900.0,4100,Buy,236084986
2024-08-30 13:38:56,24900.0,1100,Buy,236084985
2024-08-30 13:38:56,24900.0,2000,Buy,236084984
2024-08-30 13:38:56,24900.0,4700,Buy,236084982
2024-08-30 13:38:56,24900.0,400,Buy,236084981
2024-08-30 13:38:56,24900.0,800,Buy,236084983
2024-08-30 13:38:56,24900.0,6100,Buy,236084979
2024-08-30 13:38:56,24900.0,3500,Buy,236084978
2024-08-30 13:38:56,24900.0,200,Buy,236084977
2024-08-30 13:38:56,24900.0,100,Buy,236084976
2024-08-30 13:38:56,24900.0,400,Buy,236084975
2024-08-30 13:38:56,24900.0,200,Buy,236084980
2024-08-30 13:38:57,24900.0,100,Buy,236084993
2024-08-30 13:39:02,24900.0,100,Buy,236085135
2024-08-30 13:39:02,24900.0,200,Buy,236085130
2024-08-30 13:39:02,24900.0,100,Buy,236085131
2024-08-30 13:39:02,24900.0,200,Buy,236085132
2024-08-30 13:39:02,24900.0,5000,Buy,236085133
2024-08-30 13:39:02,24900.0,500,Buy,236085134
2024-08-30 13:39:02,24900.0,2000,Buy,236085136
2024-08-30 13:39:02,24900.0,100,Buy,236085129
2024-08-30 13:39:02,24900.0,100,Buy,236085138
2024-08-30 13:39:02,24900.0,1500,Buy,236085139
2024-08-30 13:39:02,24900.0,3000,Buy,236085140
2024-08-30 13:39:02,24900.0,1000,Buy,236085141
2024-08-30 13:39:02,24900.0,500,Buy,236085142
2024-08-30 13:39:02,24900.0,2000,Buy,236085143
2024-08-30 13:39:02,24900.0,200,Buy,236085144
2024-08-30 13:39:02,24900.0,100,Buy,236085137
2024-08-30 13:39:02,24900.0,300,Buy,236085128
2024-08-30 13:39:02,24900.0,3100,Buy,236085146
2024-08-30 13:39:02,24900.0,10200,Buy,236085126
2024-08-30 13:39:02,24900.0,2500,Buy,236085127
2024-08-30 13:39:02,24900.0,15800,Buy,236085108
2024-08-30 13:39:02,24900.0,300,Buy,236085109
2024-08-30 13:39:02,24900.0,300,Buy,236085110
2024-08-30 13:39:02,24900.0,100,Buy,236085111
2024-08-30 13:39:02,24900.0,3000,Buy,236085112
2024-08-30 13:39:02,24900.0,100,Buy,236085113
2024-08-30 13:39:02,24900.0,100,Buy,236085114
2024-08-30 13:39:02,24900.0,1000,Buy,236085145
2024-08-30 13:39:02,24900.0,1000,Buy,236085116
2024-08-30 13:39:02,24900.0,100,Buy,236085124
2024-08-30 13:39:02,24900.0,100,Buy,236085115
2024-08-30 13:39:02,24900.0,100,Buy,236085123
2024-08-30 13:39:02,24900.0,100,Buy,236085125
2024-08-30 13:39:02,24900.0,1000,Buy,236085119
2024-08-30 13:39:02,24900.0,2000,Buy,236085118
2024-08-30 13:39:02,24900.0,200,Buy,236085117
2024-08-30 13:39:02,24900.0,17000,Buy,236085120
2024-08-30 13:39:07,24900.0,1900,Buy,236085254
2024-08-30 13:39:07,24900.0,7100,Buy,236085255
2024-08-30 13:39:12,24900.0,7500,Buy,236085342
2024-08-30 13:39:13,24850.0,72700,Sell,236085363
2024-08-30 13:39:13,24850.0,3700,Sell,236085361
2024-08-30 13:39:13,24850.0,23600,Sell,236085362
2024-08-30 13:39:14,24900.0,5400,Buy,236085376
2024-08-30 13:39:20,24900.0,2200,Buy,236085496
2024-08-30 13:39:20,24900.0,200,Buy,236085489
2024-08-30 13:39:20,24900.0,300,Buy,236085490
2024-08-30 13:39:20,24900.0,1500,Buy,236085491
2024-08-30 13:39:20,24900.0,1000,Buy,236085492
2024-08-30 13:39:20,24900.0,500,Buy,236085493
2024-08-30 13:39:20,24900.0,100,Buy,236085494
2024-08-30 13:39:20,24900.0,100,Buy,236085495
2024-08-30 13:39:45,24900.0,3500,Buy,236085998
2024-08-30 13:39:51,24900.0,100,Buy,236086146
2024-08-30 13:40:10,24900.0,2900,Buy,236086460
2024-08-30 13:40:10,24900.0,200,Buy,236086461
2024-08-30 13:40:10,24900.0,100,Buy,236086462
2024-08-30 13:40:10,24900.0,2000,Buy,236086463
2024-08-30 13:40:10,24900.0,200,Buy,236086464
2024-08-30 13:40:10,24900.0,100,Buy,236086465
2024-08-30 13:40:10,24900.0,100,Buy,236086466
2024-08-30 13:40:10,24900.0,100,Buy,236086467
2024-08-30 13:40:10,24900.0,1000,Buy,236086468
2024-08-30 13:40:10,24900.0,4400,Buy,236086469
2024-08-30 13:40:23,24850.0,7700,Sell,236086830
2024-08-30 13:40:23,24850.0,2300,Sell,236086829
2024-08-30 13:40:24,24900.0,600,Buy,236086854
2024-08-30 13:40:24,24900.0,1000,Buy,236086855
2024-08-30 13:40:24,24900.0,5500,Buy,236086856
2024-08-30 13:40:24,24900.0,2400,Buy,236086857
2024-08-30 13:40:28,24850.0,1300,Sell,236087016
2024-08-30 13:40:28,24850.0,5400,Sell,236087017
2024-08-30 13:40:28,24850.0,5900,Sell,236087018
2024-08-30 13:40:38,24900.0,1500,Buy,236087330
2024-08-30 13:40:59,24850.0,1900,Sell,236087809
2024-08-30 13:40:59,24850.0,5900,Sell,236087808
2024-08-30 13:40:59,24850.0,1300,Sell,236087806
2024-08-30 13:40:59,24850.0,300,Sell,236087805
2024-08-30 13:40:59,24850.0,2800,Sell,236087807
2024-08-30 13:41:09,24850.0,100,Sell,236088032
2024-08-30 13:41:18,24850.0,5000,Sell,236088240
2024-08-30 13:41:22,24850.0,100,Sell,236088314
2024-08-30 13:41:33,24850.0,1000,Sell,236088549
2024-08-30 13:41:52,24850.0,12500,Sell,236088968
2024-08-30 13:41:52,24850.0,300,Sell,236088956
2024-08-30 13:42:04,24850.0,9100,Sell,236089348
2024-08-30 13:42:04,24850.0,900,Sell,236089349
2024-08-30 13:42:26,24850.0,100,Sell,236089828
2024-08-30 13:42:28,24850.0,100,Sell,236089870
2024-08-30 13:42:28,24850.0,400,Sell,236089869
2024-08-30 13:42:28,24850.0,10000,Sell,236089866
2024-08-30 13:42:28,24850.0,1000,Sell,236089868
2024-08-30 13:42:28,24850.0,10000,Sell,236089864
2024-08-30 13:42:28,24850.0,100,Sell,236089863
2024-08-30 13:42:28,24850.0,2100,Sell,236089862
2024-08-30 13:42:28,24850.0,5000,Sell,236089865
2024-08-30 13:42:28,24850.0,1000,Sell,236089867
2024-08-30 13:42:37,24850.0,300,Buy,236090060
2024-08-30 13:42:37,24850.0,200,Buy,236090061
2024-08-30 13:42:43,24800.0,3000,Sell,236090193
2024-08-30 13:43:26,24800.0,300,Sell,236091193
2024-08-30 13:43:45,24850.0,1800,Buy,236091586
2024-08-30 13:43:45,24850.0,3100,Buy,236091587
2024-08-30 13:43:51,24850.0,900,Buy,236091706
2024-08-30 13:43:57,24850.0,11300,Buy,236091889
2024-08-30 13:43:58,24800.0,1800,Sell,236091918
2024-08-30 13:44:03,24800.0,1000,Sell,236092052
2024-08-30 13:44:08,24850.0,100,Buy,236092153
2024-08-30 13:44:10,24850.0,300,Buy,236092199
2024-08-30 13:44:11,24800.0,2600,Sell,236092242
2024-08-30 13:44:25,24850.0,10200,Buy,236092517
2024-08-30 13:44:30,24800.0,200,Sell,236092631
2024-08-30 13:44:30,24800.0,300,Sell,236092632
2024-08-30 13:44:30,24800.0,600,Sell,236092633
2024-08-30 13:44:38,24850.0,8900,Buy,236092797
2024-08-30 13:44:49,24800.0,4600,Sell,236093033
2024-08-30 13:44:49,24800.0,400,Sell,236093032
2024-08-30 13:44:52,24850.0,600,Buy,236093149
2024-08-30 13:45:04,24800.0,3000,Sell,236093400
2024-08-30 13:45:04,24800.0,500,Sell,236093397
2024-08-30 13:45:04,24800.0,1000,Sell,236093398
2024-08-30 13:45:04,24800.0,500,Sell,236093399
2024-08-30 13:45:04,24800.0,200,Sell,236093401
2024-08-30 13:45:04,24800.0,20000,Sell,236093396
2024-08-30 13:45:04,24800.0,2000,Sell,236093403
2024-08-30 13:45:04,24800.0,100,Sell,236093404
2024-08-30 13:45:04,24800.0,500,Sell,236093405
2024-08-30 13:45:04,24800.0,100,Sell,236093406
2024-08-30 13:45:04,24800.0,800,Sell,236093408
2024-08-30 13:45:04,24800.0,1000,Sell,236093402
2024-08-30 13:45:04,24850.0,100,Buy,236093459
2024-08-30 13:45:04,24800.0,800,Sell,236093395
2024-08-30 13:45:04,24800.0,200,Sell,236093393
