time,price,volume,match_type,id
2024-08-16 09:14:38,23400.0,47100,ATO/ATC,231987810
2024-08-16 09:14:46,23350.0,100,Sell,231987983
2024-08-16 09:14:46,23350.0,100,Sell,231987982
2024-08-16 09:14:46,23350.0,400,Sell,231987976
2024-08-16 09:14:46,23350.0,100,Sell,231987978
2024-08-16 09:14:46,23350.0,100,Sell,231987979
2024-08-16 09:14:46,23350.0,100,Sell,231987977
2024-08-16 09:14:47,23350.0,100,Sell,231988000
2024-08-16 09:15:04,23350.0,500,Sell,231988229
2024-08-16 09:15:13,23350.0,1300,Sell,231988343
2024-08-16 09:15:13,23350.0,500,Sell,231988341
2024-08-16 09:15:13,23350.0,200,Sell,231988342
2024-08-16 09:15:30,23350.0,500,Sell,231988624
2024-08-16 09:15:48,23400.0,600,Buy,231988934
2024-08-16 09:15:49,23350.0,3200,Sell,231988948
2024-08-16 09:15:49,23350.0,300,Sell,231988949
2024-08-16 09:15:49,23350.0,200,Sell,231988950
2024-08-16 09:15:49,23350.0,100,Sell,231988951
2024-08-16 09:15:49,23350.0,200,Sell,231988952
2024-08-16 09:15:53,23350.0,2000,Sell,231989042
2024-08-16 09:15:53,23350.0,2000,Sell,231989043
2024-08-16 09:15:53,23350.0,200,Sell,231989040
2024-08-16 09:15:53,23350.0,100,Sell,231989041
2024-08-16 09:15:53,23350.0,5000,Sell,231989039
2024-08-16 09:15:58,23350.0,200,Sell,231989130
2024-08-16 09:15:58,23350.0,700,Buy,231989124
2024-08-16 09:16:08,23350.0,500,Sell,231989352
2024-08-16 09:16:09,23350.0,200,Sell,231989373
2024-08-16 09:16:09,23350.0,2500,Sell,231989374
2024-08-16 09:16:26,23350.0,500,Sell,231989696
2024-08-16 09:16:28,23400.0,100,Buy,231989746
2024-08-16 09:16:32,23350.0,600,Sell,231989835
2024-08-16 09:16:36,23350.0,500,Sell,231989939
2024-08-16 09:16:37,23400.0,800,Buy,231989993
2024-08-16 09:16:37,23400.0,200,Buy,231989997
2024-08-16 09:16:37,23400.0,300,Buy,231989998
2024-08-16 09:16:59,23350.0,1400,Sell,231990486
2024-08-16 09:17:01,23350.0,200,Sell,231990570
2024-08-16 09:17:02,23350.0,300,Sell,231990578
2024-08-16 09:17:07,23400.0,500,Buy,231990672
2024-08-16 09:17:08,23350.0,600,Sell,231990689
2024-08-16 09:17:23,23350.0,1000,Sell,231990973
2024-08-16 09:17:27,23400.0,500,Buy,231991051
2024-08-16 09:17:34,23400.0,1300,Buy,231991225
2024-08-16 09:17:34,23400.0,5000,Buy,231991227
2024-08-16 09:17:34,23400.0,20000,Buy,231991228
2024-08-16 09:17:34,23400.0,5000,Buy,231991229
2024-08-16 09:17:34,23400.0,17800,Buy,231991230
2024-08-16 09:17:34,23400.0,8000,Buy,231991231
2024-08-16 09:17:34,23400.0,10000,Buy,231991232
2024-08-16 09:17:34,23400.0,400,Buy,231991233
2024-08-16 09:17:34,23400.0,7500,Buy,231991234
2024-08-16 09:17:34,23400.0,500,Buy,231991235
2024-08-16 09:17:34,23400.0,300,Buy,231991236
2024-08-16 09:17:34,23400.0,24200,Buy,231991237
2024-08-16 09:17:36,23400.0,4000,Buy,231991283
2024-08-16 09:17:44,23400.0,300,Buy,231991526
2024-08-16 09:17:44,23400.0,400,Buy,231991527
2024-08-16 09:17:44,23400.0,900,Buy,231991528
2024-08-16 09:17:44,23400.0,600,Sell,231991552
2024-08-16 09:17:44,23400.0,400,Sell,231991553
2024-08-16 09:17:44,23400.0,1800,Buy,231991525
2024-08-16 09:17:55,23400.0,300,Sell,231991830
2024-08-16 09:18:10,23400.0,100,Sell,231992187
2024-08-16 09:18:11,23400.0,500,Sell,231992202
2024-08-16 09:18:34,23450.0,100,Buy,231992688
2024-08-16 09:18:34,23450.0,100,Buy,231992689
2024-08-16 09:18:44,23450.0,100,Buy,231992893
2024-08-16 09:18:44,23450.0,1900,Buy,231992894
2024-08-16 09:18:50,23450.0,100,Buy,231993023
2024-08-16 09:18:53,23400.0,500,Sell,231993055
2024-08-16 09:19:16,23450.0,300,Buy,231993424
2024-08-16 09:19:33,23400.0,200,Sell,231993747
2024-08-16 09:19:43,23450.0,1200,Buy,231993931
2024-08-16 09:19:43,23450.0,900,Buy,231993935
2024-08-16 09:19:43,23450.0,500,Buy,231993934
2024-08-16 09:19:43,23450.0,4700,Buy,231993930
2024-08-16 09:19:43,23450.0,700,Buy,231993932
2024-08-16 09:19:43,23450.0,2000,Buy,231993933
2024-08-16 09:19:50,23450.0,100,Buy,231994091
2024-08-16 09:19:54,23400.0,1000,Sell,231994170
2024-08-16 09:19:58,23450.0,1000,Buy,231994314
2024-08-16 09:20:07,23450.0,100,Buy,231994522
2024-08-16 09:20:17,23450.0,100,Buy,231994764
2024-08-16 09:20:31,23400.0,2000,Sell,231995050
2024-08-16 09:20:31,23400.0,100,Sell,231995051
2024-08-16 09:20:53,23400.0,500,Sell,231995506
2024-08-16 09:20:54,23400.0,3600,Sell,231995530
2024-08-16 09:21:11,23400.0,500,Sell,231995847
2024-08-16 09:21:17,23400.0,1000,Sell,231995976
2024-08-16 09:21:17,23400.0,100,Sell,231995975
2024-08-16 09:21:17,23400.0,400,Sell,231995972
2024-08-16 09:21:17,23400.0,100,Sell,231995974
2024-08-16 09:21:17,23400.0,200,Sell,231995973
2024-08-16 09:21:17,23400.0,400,Sell,231995971
2024-08-16 09:21:17,23400.0,100,Sell,231995966
2024-08-16 09:21:17,23400.0,100,Sell,231995969
2024-08-16 09:21:17,23400.0,100,Sell,231995968
2024-08-16 09:21:17,23400.0,2000,Sell,231995967
2024-08-16 09:21:17,23400.0,100,Sell,231995965
2024-08-16 09:21:17,23400.0,100,Sell,231995970
2024-08-16 09:21:17,23400.0,5300,Sell,231995964
2024-08-16 09:21:40,23400.0,1000,Sell,231996355
2024-08-16 09:21:40,23400.0,4700,Sell,231996357
2024-08-16 09:21:40,23400.0,100,Sell,231996356
2024-08-16 09:21:40,23400.0,200,Sell,231996353
2024-08-16 09:21:40,23400.0,1000,Sell,231996352
2024-08-16 09:21:40,23400.0,1000,Sell,231996351
2024-08-16 09:21:40,23400.0,2000,Sell,231996350
2024-08-16 09:21:40,23400.0,10000,Sell,231996354
2024-08-16 09:21:47,23400.0,100,Sell,231996494
2024-08-16 09:21:49,23400.0,10200,Sell,231996528
2024-08-16 09:21:49,23400.0,2000,Sell,231996529
2024-08-16 09:21:49,23400.0,100,Sell,231996530
2024-08-16 09:21:49,23400.0,100,Sell,231996531
2024-08-16 09:21:49,23400.0,200,Sell,231996532
2024-08-16 09:21:49,23400.0,500,Sell,231996533
2024-08-16 09:21:49,23400.0,500,Sell,231996534
2024-08-16 09:21:49,23400.0,10000,Sell,231996535
2024-08-16 09:21:49,23400.0,100,Sell,231996536
2024-08-16 09:22:15,23400.0,400,Buy,231997033
2024-08-16 09:22:21,23400.0,900,Buy,231997104
2024-08-16 09:22:21,23400.0,100,Buy,231997105
2024-08-16 09:22:23,23400.0,100,Buy,231997136
2024-08-16 09:22:25,23400.0,1500,Buy,231997169
2024-08-16 09:22:39,23400.0,300,Buy,231997382
2024-08-16 09:22:39,23400.0,200,Buy,231997383
2024-08-16 09:23:15,23400.0,1000,Buy,231997898
2024-08-16 09:23:19,23400.0,100,Buy,231997960
2024-08-16 09:23:19,23400.0,200,Buy,231997970
2024-08-16 09:23:23,23400.0,2000,Buy,231998030
2024-08-16 09:23:51,23400.0,2100,Buy,231998585
2024-08-16 09:24:32,23400.0,500,Buy,231999376
2024-08-16 09:24:38,23400.0,100,Buy,231999485
2024-08-16 09:24:55,23400.0,100,Buy,231999819
2024-08-16 09:25:04,23400.0,3000,Buy,231999966
2024-08-16 09:25:15,23400.0,100,Buy,232000148
2024-08-16 09:25:17,23350.0,200,Sell,232000202
2024-08-16 09:25:31,23350.0,2300,Sell,232000440
2024-08-16 09:26:38,23350.0,400,Sell,232001570
2024-08-16 09:26:40,23350.0,200,Sell,232001595
2024-08-16 09:26:42,23350.0,100,Sell,232001629
2024-08-16 09:27:29,23350.0,100,Sell,232002488
2024-08-16 09:27:48,23400.0,1800,Buy,232002743
2024-08-16 09:27:48,23400.0,500,Buy,232002742
2024-08-16 09:27:48,23400.0,100,Buy,232002741
2024-08-16 09:27:48,23400.0,300,Buy,232002740
2024-08-16 09:27:48,23400.0,10000,Buy,232002739
2024-08-16 09:27:48,23400.0,300,Buy,232002737
2024-08-16 09:27:48,23400.0,3000,Buy,232002736
2024-08-16 09:27:48,23400.0,200,Buy,232002735
2024-08-16 09:27:48,23400.0,20000,Buy,232002734
2024-08-16 09:27:48,23400.0,10800,Buy,232002733
2024-08-16 09:27:48,23400.0,3000,Buy,232002738
2024-08-16 09:28:24,23400.0,2000,Buy,232003359
2024-08-16 09:28:24,23400.0,100,Buy,232003360
2024-08-16 09:28:24,23400.0,500,Buy,232003358
2024-08-16 09:28:24,23400.0,300,Buy,232003354
2024-08-16 09:28:24,23400.0,1000,Buy,232003356
2024-08-16 09:28:24,23400.0,20000,Buy,232003355
2024-08-16 09:28:24,23400.0,8200,Buy,232003353
2024-08-16 09:28:24,23400.0,5000,Buy,232003357
2024-08-16 09:28:29,23400.0,1000,Sell,232003510
2024-08-16 09:28:35,23400.0,200,Sell,232003583
2024-08-16 09:28:36,23400.0,10000,Sell,232003601
2024-08-16 09:28:50,23400.0,1700,Sell,232003825
2024-08-16 09:28:50,23400.0,100,Sell,232003826
2024-08-16 09:28:58,23400.0,200,Buy,232004026
2024-08-16 09:28:58,23400.0,100,Buy,232004027
2024-08-16 09:29:02,23450.0,1400,Buy,232004065
2024-08-16 09:29:26,23400.0,1000,Sell,232004495
2024-08-16 09:29:45,23400.0,200,Sell,232004840
2024-08-16 09:29:45,23400.0,3700,Sell,232004837
2024-08-16 09:29:45,23400.0,25000,Sell,232004838
2024-08-16 09:29:45,23400.0,50000,Sell,232004839
2024-08-16 09:29:55,23400.0,100,Buy,232004984
2024-08-16 09:30:01,23400.0,3000,Buy,232005130
2024-08-16 09:30:19,23400.0,18000,Buy,232005351
2024-08-16 09:30:19,23400.0,100,Buy,232005352
2024-08-16 09:30:19,23400.0,500,Buy,232005353
2024-08-16 09:30:40,23400.0,2000,Sell,232005703
2024-08-16 09:30:51,23400.0,100,Sell,232005855
2024-08-16 09:31:04,23400.0,100,Sell,232006059
2024-08-16 09:32:20,23400.0,100,Sell,232007229
2024-08-16 09:32:28,23400.0,100,Sell,232007422
2024-08-16 09:32:44,23400.0,9000,Sell,232007673
2024-08-16 09:32:44,23400.0,1000,Sell,232007674
2024-08-16 09:33:37,23400.0,100,Sell,232008837
2024-08-16 09:34:12,23400.0,500,Sell,232009535
2024-08-16 09:34:25,23400.0,1000,Sell,232009797
2024-08-16 09:34:29,23450.0,700,Buy,232009866
2024-08-16 09:34:32,23400.0,5000,Sell,232009935
2024-08-16 09:34:36,23400.0,2400,Sell,232010016
2024-08-16 09:34:36,23400.0,500,Sell,232010017
2024-08-16 09:34:36,23400.0,2100,Sell,232010018
2024-08-16 09:34:43,23400.0,11100,Sell,232010236
2024-08-16 09:35:00,23450.0,700,Buy,232010615
2024-08-16 09:35:12,23400.0,1800,Sell,232010846
2024-08-16 09:35:12,23400.0,500,Sell,232010847
2024-08-16 09:35:12,23400.0,300,Sell,232010848
2024-08-16 09:35:12,23400.0,17400,Sell,232010849
2024-08-16 09:35:19,23400.0,1000,Sell,232010969
2024-08-16 09:35:28,23400.0,100,Sell,232011185
2024-08-16 09:35:28,23400.0,300,Sell,232011184
2024-08-16 09:35:28,23400.0,200,Sell,232011183
2024-08-16 09:35:28,23400.0,300,Sell,232011179
2024-08-16 09:35:28,23400.0,300,Sell,232011181
2024-08-16 09:35:28,23400.0,500,Sell,232011180
2024-08-16 09:35:28,23400.0,6600,Sell,232011178
2024-08-16 09:35:28,23400.0,300,Sell,232011182
2024-08-16 09:35:31,23450.0,800,Buy,232011369
2024-08-16 09:35:32,23400.0,300,Sell,232011383
2024-08-16 09:35:32,23400.0,800,Sell,232011384
2024-08-16 09:36:03,23450.0,800,Buy,232012172
2024-08-16 09:36:33,23450.0,800,Buy,232012893
2024-08-16 09:36:35,23450.0,700,Buy,232012972
2024-08-16 09:36:42,23450.0,10000,Buy,232013092
2024-08-16 09:36:44,23450.0,200,Buy,232013142
2024-08-16 09:36:44,23450.0,100,Buy,232013141
2024-08-16 09:36:44,23450.0,1000,Buy,232013140
2024-08-16 09:36:44,23450.0,22000,Buy,232013139
2024-08-16 09:36:44,23450.0,2000,Buy,232013136
2024-08-16 09:36:44,23450.0,2000,Buy,232013138
2024-08-16 09:36:44,23450.0,500,Buy,232013137
2024-08-16 09:36:44,23450.0,100,Buy,232013143
2024-08-16 09:36:44,23450.0,2000,Buy,232013135
2024-08-16 09:36:44,23450.0,15000,Buy,232013129
2024-08-16 09:36:44,23450.0,200,Buy,232013133
2024-08-16 09:36:44,23450.0,500,Buy,232013132
2024-08-16 09:36:44,23450.0,300,Buy,232013131
2024-08-16 09:36:44,23450.0,1000,Buy,232013130
2024-08-16 09:36:44,23450.0,100,Buy,232013128
2024-08-16 09:36:44,23450.0,500,Buy,232013127
2024-08-16 09:36:44,23450.0,300,Buy,232013126
2024-08-16 09:36:44,23450.0,200,Buy,232013125
2024-08-16 09:36:44,23450.0,1900,Buy,232013124
2024-08-16 09:36:44,23450.0,100,Buy,232013134
2024-08-16 09:36:50,23400.0,200,Sell,232013299
2024-08-16 09:36:50,23400.0,300,Sell,232013297
2024-08-16 09:36:50,23400.0,500,Sell,232013298
2024-08-16 09:36:58,23400.0,300,Sell,232013513
2024-08-16 09:37:01,23450.0,100,Buy,232013604
2024-08-16 09:37:01,23450.0,900,Buy,232013605
2024-08-16 09:37:07,23450.0,100,Buy,232013779
2024-08-16 09:37:07,23450.0,500,Buy,232013780
2024-08-16 09:37:07,23450.0,100,Buy,232013781
2024-08-16 09:37:09,23400.0,100,Sell,232013864
2024-08-16 09:37:09,23400.0,100,Sell,232013865
2024-08-16 09:37:29,23450.0,100,Buy,232014459
2024-08-16 09:37:29,23450.0,100,Buy,232014460
2024-08-16 09:37:35,23400.0,400,Sell,232014603
2024-08-16 09:37:35,23400.0,2600,Sell,232014604
2024-08-16 09:37:38,23450.0,700,Buy,232014718
2024-08-16 09:37:47,23450.0,300,Buy,232014941
2024-08-16 09:37:47,23400.0,100,Sell,232014922
2024-08-16 09:37:50,23450.0,8000,Buy,232015075
2024-08-16 09:37:50,23450.0,100,Buy,232015094
2024-08-16 09:37:50,23450.0,300,Buy,232015093
2024-08-16 09:37:50,23450.0,10000,Buy,232015092
2024-08-16 09:37:50,23450.0,400,Buy,232015091
2024-08-16 09:37:50,23450.0,1000,Buy,232015090
2024-08-16 09:37:50,23450.0,500,Buy,232015082
2024-08-16 09:37:50,23450.0,300,Buy,232015081
2024-08-16 09:37:50,23450.0,300,Buy,232015080
2024-08-16 09:37:50,23450.0,1000,Buy,232015078
2024-08-16 09:37:50,23450.0,2000,Buy,232015077
2024-08-16 09:37:50,23450.0,20000,Buy,232015076
2024-08-16 09:37:50,23450.0,900,Buy,232015074
2024-08-16 09:37:50,23450.0,100,Buy,232015079
2024-08-16 09:37:50,23450.0,200,Buy,232015072
2024-08-16 09:37:50,23450.0,5000,Buy,232015060
2024-08-16 09:37:50,23450.0,5000,Buy,232015061
2024-08-16 09:37:50,23450.0,500,Buy,232015062
2024-08-16 09:37:50,23450.0,500,Buy,232015063
2024-08-16 09:37:50,23450.0,2000,Buy,232015064
2024-08-16 09:37:50,23450.0,100,Buy,232015065
2024-08-16 09:37:50,23450.0,500,Buy,232015073
2024-08-16 09:37:50,23450.0,100,Buy,232015067
2024-08-16 09:37:50,23450.0,200,Buy,232015059
2024-08-16 09:37:50,23450.0,20000,Buy,232015068
2024-08-16 09:37:50,23450.0,100,Buy,232015069
2024-08-16 09:37:50,23450.0,100,Buy,232015070
2024-08-16 09:37:50,23450.0,5000,Buy,232015071
2024-08-16 09:37:50,23450.0,5000,Buy,232015066
2024-08-16 09:37:52,23500.0,100,Buy,232015180
2024-08-16 09:37:56,23450.0,300,Sell,232015235
2024-08-16 09:38:04,23500.0,100,Buy,232015550
2024-08-16 09:38:08,23500.0,700,Buy,232015687
2024-08-16 09:38:30,23500.0,1000,Buy,232016402
2024-08-16 09:38:33,23500.0,100,Buy,232016476
2024-08-16 09:38:38,23500.0,700,Buy,232016624
2024-08-16 09:38:44,23500.0,2000,Buy,232016808
2024-08-16 09:39:01,23500.0,1900,Buy,232017500
2024-08-16 09:39:01,23500.0,500,Buy,232017499
2024-08-16 09:39:01,23500.0,500,Buy,232017498
2024-08-16 09:39:01,23500.0,9000,Buy,232017497
2024-08-16 09:39:01,23500.0,5000,Buy,232017496
2024-08-16 09:39:01,23500.0,10000,Buy,232017495
2024-08-16 09:39:01,23500.0,200,Buy,232017494
2024-08-16 09:39:01,23500.0,1000,Buy,232017493
2024-08-16 09:39:01,23500.0,100,Buy,232017492
2024-08-16 09:39:01,23500.0,5000,Buy,232017491
2024-08-16 09:39:01,23500.0,5000,Buy,232017490
2024-08-16 09:39:01,23500.0,10000,Buy,232017489
2024-08-16 09:39:01,23500.0,100,Buy,232017488
2024-08-16 09:39:01,23500.0,500,Buy,232017487
2024-08-16 09:39:01,23500.0,20000,Buy,232017486
2024-08-16 09:39:01,23500.0,1000,Buy,232017485
2024-08-16 09:39:01,23500.0,100,Buy,232017484
2024-08-16 09:39:01,23500.0,1000,Buy,232017483
2024-08-16 09:39:01,23500.0,20000,Buy,232017482
2024-08-16 09:39:01,23500.0,1000,Buy,232017481
2024-08-16 09:39:01,23500.0,100,Buy,232017480
2024-08-16 09:39:01,23500.0,1000,Buy,232017479
2024-08-16 09:39:01,23500.0,300,Buy,232017478
2024-08-16 09:39:01,23500.0,1000,Buy,232017477
2024-08-16 09:39:01,23500.0,3000,Buy,232017476
2024-08-16 09:39:01,23500.0,300,Buy,232017475
2024-08-16 09:39:01,23500.0,2400,Buy,232017474
2024-08-16 09:39:02,23500.0,6000,Buy,232017519
2024-08-16 09:39:09,23500.0,200,Buy,232017766
2024-08-16 09:39:09,23500.0,100,Buy,232017762
2024-08-16 09:39:09,23500.0,200,Buy,232017761
2024-08-16 09:39:09,23500.0,1600,Buy,232017752
2024-08-16 09:39:09,23500.0,300,Buy,232017759
2024-08-16 09:39:09,23500.0,100,Buy,232017758
2024-08-16 09:39:09,23500.0,400,Buy,232017757
2024-08-16 09:39:09,23500.0,500,Buy,232017755
2024-08-16 09:39:09,23500.0,1400,Buy,232017754
2024-08-16 09:39:09,23500.0,100,Buy,232017753
2024-08-16 09:39:09,23500.0,200,Buy,232017767
2024-08-16 09:39:09,23500.0,100,Buy,232017751
2024-08-16 09:39:09,23500.0,100,Buy,232017760
2024-08-16 09:39:09,23500.0,100,Buy,232017749
2024-08-16 09:39:09,23500.0,500,Buy,232017750
2024-08-16 09:39:09,23500.0,14500,Buy,232017738
2024-08-16 09:39:09,23500.0,1000,Buy,232017739
2024-08-16 09:39:09,23500.0,1000,Buy,232017740
2024-08-16 09:39:09,23500.0,1000,Buy,232017741
2024-08-16 09:39:09,23500.0,1000,Buy,232017742
2024-08-16 09:39:09,23500.0,100000,Buy,232017756
2024-08-16 09:39:09,23500.0,5000,Buy,232017744
2024-08-16 09:39:09,23500.0,100,Buy,232017747
2024-08-16 09:39:09,23500.0,100,Buy,232017746
2024-08-16 09:39:09,23500.0,100,Buy,232017743
2024-08-16 09:39:09,23500.0,10000,Buy,232017745
2024-08-16 09:39:09,23500.0,100,Buy,232017748
2024-08-16 09:39:26,23500.0,200,Sell,232018492
2024-08-16 09:39:30,23500.0,100,Sell,232018672
2024-08-16 09:39:31,23500.0,100,Sell,232018766
2024-08-16 09:39:33,23550.0,1200,Buy,232018830
2024-08-16 09:39:33,23550.0,100,Buy,232018831
2024-08-16 09:39:33,23550.0,100,Buy,232018829
2024-08-16 09:39:40,23550.0,400,Buy,232019212
2024-08-16 09:39:40,23550.0,300,Buy,232019213
2024-08-16 09:39:40,23550.0,200,Buy,232019214
2024-08-16 09:39:40,23550.0,600,Buy,232019215
2024-08-16 09:39:48,23550.0,1000,Buy,232019759
2024-08-16 09:40:07,23550.0,700,Buy,232020586
2024-08-16 09:40:22,23550.0,200,Buy,232021351
2024-08-16 09:40:23,23550.0,1000,Buy,232021430
2024-08-16 09:40:23,23550.0,500,Buy,232021429
2024-08-16 09:40:23,23550.0,300,Buy,232021428
2024-08-16 09:40:23,23550.0,100,Buy,232021427
2024-08-16 09:40:23,23550.0,200,Buy,232021426
2024-08-16 09:40:23,23550.0,5000,Buy,232021425
2024-08-16 09:40:23,23550.0,500,Buy,232021424
2024-08-16 09:40:23,23550.0,200,Buy,232021422
2024-08-16 09:40:23,23550.0,500,Buy,232021421
2024-08-16 09:40:23,23550.0,400,Buy,232021420
2024-08-16 09:40:23,23550.0,100,Buy,232021431
2024-08-16 09:40:23,23550.0,1000,Buy,232021419
2024-08-16 09:40:23,23550.0,500,Buy,232021418
2024-08-16 09:40:23,23550.0,2000,Buy,232021417
2024-08-16 09:40:23,23550.0,300,Buy,232021416
2024-08-16 09:40:23,23550.0,1000,Buy,232021413
2024-08-16 09:40:23,23550.0,200,Buy,232021414
2024-08-16 09:40:23,23550.0,2000,Buy,232021415
2024-08-16 09:40:23,23550.0,500,Buy,232021399
2024-08-16 09:40:23,23550.0,300,Buy,232021400
2024-08-16 09:40:23,23550.0,300,Buy,232021401
2024-08-16 09:40:23,23550.0,300,Buy,232021402
2024-08-16 09:40:23,23550.0,100,Buy,232021403
2024-08-16 09:40:23,23550.0,2000,Buy,232021404
2024-08-16 09:40:23,23550.0,100,Buy,232021409
2024-08-16 09:40:23,23550.0,1000,Buy,232021406
2024-08-16 09:40:23,23550.0,1000,Buy,232021407
2024-08-16 09:40:23,23550.0,100,Buy,232021408
2024-08-16 09:40:23,23550.0,5000,Buy,232021410
2024-08-16 09:40:23,23550.0,200,Buy,232021411
2024-08-16 09:40:23,23550.0,3000,Buy,232021405
2024-08-16 09:40:23,23550.0,300,Buy,232021412
2024-08-16 09:40:35,23550.0,800,Buy,232022085
2024-08-16 09:40:38,23550.0,700,Buy,232022181
2024-08-16 09:40:54,23550.0,500,Buy,232023043
2024-08-16 09:41:02,23550.0,900,Buy,232023406
2024-08-16 09:41:02,23550.0,100,Buy,232023407
2024-08-16 09:41:09,23550.0,400,Buy,232023717
2024-08-16 09:41:09,23550.0,300,Buy,232023718
2024-08-16 09:41:26,23550.0,500,Buy,232024405
2024-08-16 09:41:39,23550.0,700,Buy,232024981
2024-08-16 09:41:41,23550.0,100,Buy,232025036
2024-08-16 09:41:44,23550.0,200,Buy,232025214
2024-08-16 09:41:44,23550.0,100,Buy,232025252
2024-08-16 09:41:54,23550.0,300,Buy,232025551
2024-08-16 09:42:05,23550.0,100,Buy,232026036
2024-08-16 09:42:11,23550.0,700,Buy,232026357
2024-08-16 09:42:18,23550.0,2000,Buy,232026706
2024-08-16 09:42:18,23550.0,1000,Buy,232026707
2024-08-16 09:42:20,23500.0,300,Sell,232026834
2024-08-16 09:42:38,23500.0,500,Sell,232027641
2024-08-16 09:42:42,23550.0,700,Buy,232027842
2024-08-16 09:42:47,23500.0,500,Sell,232027989
2024-08-16 09:43:12,23550.0,700,Buy,232029008
2024-08-16 09:43:15,23550.0,1300,Buy,232029115
2024-08-16 09:43:21,23500.0,4000,Sell,232029363
2024-08-16 09:43:31,23550.0,2900,Buy,232029793
2024-08-16 09:43:31,23550.0,100,Buy,232029792
2024-08-16 09:43:31,23550.0,200,Buy,232029789
2024-08-16 09:43:31,23550.0,600,Buy,232029788
2024-08-16 09:43:31,23550.0,200,Buy,232029787
2024-08-16 09:43:31,23550.0,200,Buy,232029791
2024-08-16 09:43:31,23550.0,200,Buy,232029785
2024-08-16 09:43:31,23550.0,500,Buy,232029786
2024-08-16 09:43:31,23550.0,1300,Buy,232029780
2024-08-16 09:43:31,23550.0,2000,Buy,232029781
2024-08-16 09:43:31,23550.0,3000,Buy,232029790
2024-08-16 09:43:31,23550.0,200,Buy,232029783
2024-08-16 09:43:31,23550.0,100,Buy,232029784
2024-08-16 09:43:31,23550.0,500,Buy,232029782
2024-08-16 09:43:43,23550.0,700,Buy,232030392
2024-08-16 09:44:01,23550.0,500,Buy,232031065
2024-08-16 09:44:02,23550.0,400,Buy,232031101
2024-08-16 09:44:02,23550.0,900,Buy,232031098
2024-08-16 09:44:13,23550.0,100,Buy,232031425
2024-08-16 09:44:14,23550.0,2000,Buy,232031481
2024-08-16 09:44:14,23550.0,8300,Buy,232031486
2024-08-16 09:44:14,23550.0,500,Buy,232031485
2024-08-16 09:44:14,23550.0,200,Buy,232031484
2024-08-16 09:44:14,23550.0,100,Buy,232031483
2024-08-16 09:44:14,23550.0,5000,Buy,232031482
2024-08-16 09:44:14,23550.0,100,Buy,232031480
2024-08-16 09:44:14,23550.0,500,Buy,232031479
2024-08-16 09:44:14,23550.0,800,Buy,232031453
2024-08-16 09:44:14,23550.0,28700,Buy,232031472
2024-08-16 09:44:14,23550.0,100,Buy,232031473
2024-08-16 09:44:14,23550.0,400,Buy,232031478
2024-08-16 09:44:14,23550.0,1000,Buy,232031475
2024-08-16 09:44:14,23550.0,1100,Buy,232031476
2024-08-16 09:44:14,23550.0,1000,Buy,232031477
2024-08-16 09:44:14,23550.0,1000,Buy,232031474
2024-08-16 09:44:20,23550.0,100,Buy,232031780
2024-08-16 09:44:20,23550.0,200,Buy,232031781
2024-08-16 09:44:20,23550.0,100,Buy,232031782
2024-08-16 09:44:20,23550.0,100,Buy,232031783
2024-08-16 09:44:20,23550.0,800,Buy,232031784
2024-08-16 09:44:20,23550.0,1700,Buy,232031779
2024-08-16 09:44:23,23550.0,400,Buy,232031895
2024-08-16 09:44:24,23550.0,200,Buy,232031909
2024-08-16 09:44:24,23550.0,800,Buy,232031908
2024-08-16 09:44:36,23550.0,500,Buy,232032337
2024-08-16 09:44:37,23550.0,1000,Buy,232032359
2024-08-16 09:44:40,23550.0,2000,Buy,232032506
2024-08-16 09:44:41,23500.0,300,Sell,232032518
2024-08-16 09:44:46,23550.0,1300,Buy,232032676
2024-08-16 09:44:46,23550.0,1000,Buy,232032677
2024-08-16 09:44:46,23550.0,300,Buy,232032678
2024-08-16 09:44:46,23550.0,5000,Buy,232032679
2024-08-16 09:44:46,23550.0,1000,Buy,232032680
2024-08-16 09:44:46,23550.0,200,Buy,232032681
2024-08-16 09:44:46,23550.0,11200,Buy,232032682
2024-08-16 09:44:47,23550.0,800,Buy,232032715
2024-08-16 09:44:54,23550.0,600,Buy,232032897
2024-08-16 09:44:54,23500.0,100,Sell,232032909
2024-08-16 09:44:58,23550.0,300,Buy,232033004
2024-08-16 09:45:05,23550.0,2500,Buy,232033249
2024-08-16 09:45:17,23550.0,700,Buy,232033642
2024-08-16 09:45:19,23550.0,700,Buy,232033718
2024-08-16 09:45:20,23550.0,100,Buy,232033756
2024-08-16 09:45:29,23500.0,500,Sell,232033983
2024-08-16 09:45:29,23500.0,500,Sell,232033996
2024-08-16 09:45:30,23550.0,3100,Buy,232034020
2024-08-16 09:45:30,23550.0,700,Buy,232034021
2024-08-16 09:45:36,23550.0,300,Buy,232034150
2024-08-16 09:45:36,23550.0,100,Buy,232034151
2024-08-16 09:45:36,23550.0,200,Buy,232034152
2024-08-16 09:45:36,23550.0,5800,Buy,232034153
2024-08-16 09:45:39,23500.0,200,Sell,232034255
2024-08-16 09:45:41,23550.0,100,Buy,232034292
2024-08-16 09:45:51,23550.0,800,Buy,232034545
2024-08-16 09:45:56,23550.0,100,Buy,232034680
2024-08-16 09:46:03,23550.0,10000,Buy,232034855
2024-08-16 09:46:09,23550.0,24000,Buy,232035016
2024-08-16 09:46:12,23550.0,1000,Buy,232035064
2024-08-16 09:46:15,23550.0,1000,Sell,232035170
2024-08-16 09:46:15,23550.0,300,Buy,232035160
2024-08-16 09:46:15,23550.0,10000,Buy,232035166
2024-08-16 09:46:15,23550.0,2000,Buy,232035165
2024-08-16 09:46:15,23550.0,1000,Buy,232035164
2024-08-16 09:46:15,23550.0,1000,Buy,232035163
2024-08-16 09:46:15,23550.0,1500,Buy,232035162
2024-08-16 09:46:15,23550.0,1000,Buy,232035161
2024-08-16 09:46:15,23550.0,1000,Buy,232035159
2024-08-16 09:46:15,23550.0,25000,Buy,232035167
2024-08-16 09:46:15,23550.0,1000,Buy,232035157
2024-08-16 09:46:15,23550.0,8200,Buy,232035149
2024-08-16 09:46:15,23550.0,2000,Buy,232035150
2024-08-16 09:46:15,23550.0,100,Buy,232035151
2024-08-16 09:46:15,23550.0,5500,Buy,232035152
2024-08-16 09:46:15,23550.0,2000,Buy,232035158
2024-08-16 09:46:15,23550.0,100,Buy,232035154
2024-08-16 09:46:15,23550.0,800,Buy,232035155
2024-08-16 09:46:15,23550.0,300,Buy,232035156
2024-08-16 09:46:15,23550.0,500,Buy,232035153
2024-08-16 09:46:16,23550.0,5700,Sell,232035182
2024-08-16 09:46:16,23500.0,1300,Sell,232035184
2024-08-16 09:46:16,23550.0,1000,Sell,232035183
2024-08-16 09:46:22,23600.0,100,Buy,232035324
2024-08-16 09:46:22,23600.0,200,Buy,232035325
2024-08-16 09:46:22,23600.0,200,Buy,232035326
2024-08-16 09:46:22,23600.0,100,Buy,232035327
2024-08-16 09:46:22,23600.0,100,Buy,232035328
2024-08-16 09:46:26,23550.0,1000,Sell,232035430
2024-08-16 09:46:27,23550.0,1000,Sell,232035454
2024-08-16 09:46:30,23550.0,1700,Sell,232035560
2024-08-16 09:46:31,23550.0,16300,Sell,232035583
2024-08-16 09:46:42,23550.0,3300,Buy,232035890
2024-08-16 09:46:46,23550.0,200,Buy,232035968
2024-08-16 09:46:48,23550.0,200,Buy,232036030
2024-08-16 09:46:48,23550.0,1000,Buy,232036031
2024-08-16 09:46:48,23550.0,1000,Buy,232036032
2024-08-16 09:46:48,23550.0,5800,Buy,232036033
2024-08-16 09:46:53,23550.0,700,Buy,232036164
2024-08-16 09:46:57,23550.0,800,Buy,232036264
2024-08-16 09:46:59,23550.0,5000,Buy,232036300
2024-08-16 09:46:59,23550.0,100,Buy,232036325
2024-08-16 09:47:01,23550.0,1800,Buy,232036366
2024-08-16 09:47:02,23550.0,100,Buy,232036400
2024-08-16 09:47:02,23550.0,200,Buy,232036389
2024-08-16 09:47:10,23550.0,200,Buy,232036593
2024-08-16 09:47:12,23550.0,10000,Buy,232036649
2024-08-16 09:47:12,23550.0,1000,Buy,232036652
2024-08-16 09:47:12,23550.0,500,Buy,232036651
2024-08-16 09:47:12,23550.0,1500,Buy,232036650
2024-08-16 09:47:12,23550.0,300,Buy,232036648
2024-08-16 09:47:12,23500.0,1600,Sell,232036633
2024-08-16 09:47:12,23550.0,20000,Buy,232036646
2024-08-16 09:47:12,23500.0,200,Sell,232036634
2024-08-16 09:47:12,23500.0,2200,Sell,232036635
2024-08-16 09:47:12,23550.0,200,Buy,232036647
2024-08-16 09:47:12,23550.0,300,Buy,232036645
2024-08-16 09:47:12,23550.0,5300,Buy,232036644
2024-08-16 09:47:14,23550.0,1000,Sell,232036694
2024-08-16 09:47:15,23550.0,1100,Sell,232036724
2024-08-16 09:47:16,23550.0,3000,Sell,232036738
2024-08-16 09:47:16,23550.0,5800,Sell,232036740
2024-08-16 09:47:18,23550.0,1000,Buy,232036787
2024-08-16 09:47:23,23500.0,900,Sell,232036878
2024-08-16 09:47:23,23550.0,700,Buy,232036885
2024-08-16 09:47:34,23550.0,500,Buy,232037130
2024-08-16 09:47:41,23550.0,20000,Buy,232037310
2024-08-16 09:47:41,23550.0,600,Buy,232037318
2024-08-16 09:47:48,23550.0,100,Buy,232037534
2024-08-16 09:47:49,23500.0,1900,Sell,232037541
2024-08-16 09:47:53,23550.0,800,Buy,232037640
2024-08-16 09:47:55,23550.0,700,Buy,232037676
2024-08-16 09:47:55,23550.0,3000,Buy,232037675
2024-08-16 09:47:56,23550.0,2000,Buy,232037711
2024-08-16 09:48:01,23550.0,500,Buy,232037849
2024-08-16 09:48:25,23550.0,800,Buy,232038413
2024-08-16 09:48:29,23550.0,500,Buy,232038516
2024-08-16 09:48:36,23550.0,4000,Buy,232038653
2024-08-16 09:48:58,23550.0,800,Buy,232039203
2024-08-16 09:49:06,23550.0,5000,Buy,232039338
2024-08-16 09:49:15,23500.0,100,Sell,232039619
2024-08-16 09:49:15,23550.0,500,Buy,232039620
2024-08-16 09:49:23,23550.0,500,Buy,232039810
2024-08-16 09:49:30,23550.0,700,Buy,232040042
2024-08-16 09:49:38,23550.0,1000,Buy,232040229
2024-08-16 09:49:53,23500.0,1000,Sell,232040610
2024-08-16 09:49:56,23550.0,500,Buy,232040679
2024-08-16 09:49:56,23550.0,500,Buy,232040678
2024-08-16 09:49:59,23500.0,200,Sell,232040744
2024-08-16 09:50:00,23500.0,800,Sell,232040746
2024-08-16 09:50:00,23550.0,500,Buy,232040770
2024-08-16 09:50:00,23550.0,200,Buy,232040771
2024-08-16 09:50:12,23550.0,300,Buy,232041087
2024-08-16 09:50:12,23550.0,1000,Buy,232041088
2024-08-16 09:50:12,23550.0,3700,Buy,232041089
2024-08-16 09:50:31,23500.0,2000,Sell,232041569
2024-08-16 09:50:31,23550.0,800,Buy,232041570
2024-08-16 09:50:34,23550.0,500,Buy,232041626
2024-08-16 09:50:34,23550.0,1000,Buy,232041627
2024-08-16 09:50:34,23550.0,800,Buy,232041628
2024-08-16 09:50:34,23550.0,200,Buy,232041638
2024-08-16 09:50:40,23500.0,2000,Sell,232041755
2024-08-16 09:50:52,23500.0,3000,Sell,232042041
2024-08-16 09:51:01,23550.0,600,Buy,232042228
2024-08-16 09:51:03,23550.0,200,Buy,232042296
2024-08-16 09:51:03,23550.0,700,Buy,232042312
2024-08-16 09:51:10,23500.0,2200,Sell,232042479
2024-08-16 09:51:10,23500.0,200,Sell,232042480
2024-08-16 09:51:10,23500.0,400,Sell,232042481
2024-08-16 09:51:10,23500.0,2200,Sell,232042482
2024-08-16 09:51:20,23500.0,500,Sell,232042671
2024-08-16 09:51:24,23500.0,300,Sell,232042790
2024-08-16 09:51:24,23500.0,200,Sell,232042791
2024-08-16 09:51:24,23500.0,100,Sell,232042792
2024-08-16 09:51:24,23500.0,100,Sell,232042793
2024-08-16 09:51:24,23500.0,2300,Sell,232042794
2024-08-16 09:51:33,23550.0,300,Buy,232042965
2024-08-16 09:51:35,23550.0,700,Buy,232042987
2024-08-16 09:51:45,23500.0,10000,Sell,232043263
2024-08-16 09:51:52,23550.0,200,Buy,232043390
2024-08-16 09:51:57,23550.0,2300,Buy,232043549
2024-08-16 09:51:57,23550.0,100,Buy,232043572
2024-08-16 09:51:57,23550.0,1000,Buy,232043573
2024-08-16 09:51:57,23550.0,1000,Buy,232043574
2024-08-16 09:51:57,23550.0,1000,Buy,232043575
2024-08-16 09:51:57,23550.0,400,Buy,232043576
2024-08-16 09:51:57,23550.0,1000,Buy,232043577
2024-08-16 09:51:57,23550.0,2500,Buy,232043578
2024-08-16 09:51:57,23550.0,1000,Buy,232043579
2024-08-16 09:51:57,23550.0,100,Buy,232043580
2024-08-16 09:51:57,23550.0,1000,Buy,232043581
2024-08-16 09:51:57,23550.0,5000,Buy,232043582
2024-08-16 09:51:57,23550.0,1000,Buy,232043584
2024-08-16 09:51:57,23550.0,1000,Buy,232043585
2024-08-16 09:51:57,23550.0,4800,Buy,232043586
2024-08-16 09:51:57,23550.0,1000,Buy,232043571
2024-08-16 09:51:57,23550.0,5000,Buy,232043570
2024-08-16 09:51:57,23550.0,1000,Buy,232043583
2024-08-16 09:51:57,23550.0,500,Buy,232043565
2024-08-16 09:51:57,23550.0,1000,Buy,232043550
2024-08-16 09:51:57,23550.0,300,Buy,232043551
2024-08-16 09:51:57,23550.0,1000,Buy,232043552
2024-08-16 09:51:57,23550.0,100,Buy,232043553
2024-08-16 09:51:57,23550.0,200,Buy,232043555
2024-08-16 09:51:57,23550.0,600,Buy,232043556
2024-08-16 09:51:57,23550.0,2000,Buy,232043557
2024-08-16 09:51:57,23550.0,1000,Buy,232043554
2024-08-16 09:51:57,23550.0,2100,Buy,232043559
2024-08-16 09:51:57,23550.0,1000,Buy,232043560
2024-08-16 09:51:57,23550.0,1000,Buy,232043561
2024-08-16 09:51:57,23550.0,1000,Buy,232043562
2024-08-16 09:51:57,23550.0,1000,Buy,232043563
2024-08-16 09:51:57,23550.0,5000,Buy,232043564
2024-08-16 09:51:57,23550.0,1000,Buy,232043558
2024-08-16 09:51:57,23550.0,1000,Buy,232043566
2024-08-16 09:51:59,23550.0,200,Buy,232043631
2024-08-16 09:51:59,23550.0,800,Buy,232043632
2024-08-16 09:52:05,23550.0,200,Buy,232043761
2024-08-16 09:52:05,23550.0,600,Buy,232043762
2024-08-16 09:52:06,23550.0,500,Buy,232043780
2024-08-16 09:52:06,23550.0,3400,Buy,232043781
2024-08-16 09:52:06,23550.0,500,Buy,232043779
2024-08-16 09:52:06,23550.0,400,Buy,232043777
2024-08-16 09:52:06,23550.0,200,Buy,232043778
2024-08-16 09:52:07,23550.0,1000,Buy,232043798
2024-08-16 09:52:07,23550.0,100,Buy,232043803
2024-08-16 09:52:11,23550.0,500,Buy,232043871
2024-08-16 09:52:11,23550.0,500,Buy,232043872
2024-08-16 09:52:19,23550.0,3000,Buy,232044037
2024-08-16 09:52:21,23500.0,500,Sell,232044071
2024-08-16 09:52:24,23550.0,500,Buy,232044160
2024-08-16 09:52:24,23550.0,500,Buy,232044161
2024-08-16 09:52:38,23550.0,200,Buy,232044606
2024-08-16 09:52:38,23550.0,500,Buy,232044605
2024-08-16 09:52:53,23550.0,200,Buy,232044977
2024-08-16 09:52:53,23550.0,5500,Buy,232044985
2024-08-16 09:52:53,23550.0,500,Buy,232044983
2024-08-16 09:52:53,23550.0,100,Buy,232044982
2024-08-16 09:52:53,23550.0,100,Buy,232044981
2024-08-16 09:52:53,23550.0,5000,Buy,232044980
2024-08-16 09:52:53,23550.0,5000,Buy,232044979
2024-08-16 09:52:53,23550.0,2500,Buy,232044978
2024-08-16 09:52:53,23550.0,1000,Buy,232044976
2024-08-16 09:52:53,23550.0,10000,Buy,232044984
2024-08-16 09:52:53,23550.0,5000,Buy,232044974
2024-08-16 09:52:53,23550.0,400,Buy,232044967
2024-08-16 09:52:53,23550.0,300,Buy,232044966
2024-08-16 09:52:53,23550.0,10000,Buy,232044968
2024-08-16 09:52:53,23550.0,200,Buy,232044969
2024-08-16 09:52:53,23550.0,2000,Buy,232044975
2024-08-16 09:52:53,23550.0,1100,Buy,232044971
2024-08-16 09:52:53,23550.0,600,Buy,232044973
2024-08-16 09:52:53,23550.0,200,Buy,232044970
2024-08-16 09:52:53,23550.0,300,Buy,232044972
2024-08-16 09:53:08,23550.0,700,Buy,232045380
2024-08-16 09:53:09,23550.0,300,Buy,232045381
2024-08-16 09:53:09,23550.0,3000,Buy,232045420
2024-08-16 09:53:29,23550.0,500,Buy,232045922
2024-08-16 09:53:38,23550.0,100,Buy,232046190
2024-08-16 09:53:38,23550.0,600,Buy,232046191
2024-08-16 09:53:53,23550.0,1000,Buy,232046556
2024-08-16 09:53:53,23550.0,500,Buy,232046558
2024-08-16 09:53:53,23550.0,100,Buy,232046559
2024-08-16 09:53:53,23550.0,200,Buy,232046560
2024-08-16 09:53:53,23550.0,2000,Buy,232046561
2024-08-16 09:53:53,23550.0,200,Buy,232046562
2024-08-16 09:53:55,23550.0,100,Buy,232046595
2024-08-16 09:54:03,23550.0,300,Buy,232046807
2024-08-16 09:54:07,23500.0,1000,Sell,232046929
2024-08-16 09:54:09,23550.0,800,Buy,232046993
2024-08-16 09:54:30,23500.0,1000,Sell,232047547
2024-08-16 09:54:41,23550.0,700,Buy,232047827
2024-08-16 09:54:43,23500.0,1000,Sell,232047854
2024-08-16 09:54:58,23550.0,200,Buy,232048288
2024-08-16 09:54:58,23550.0,1000,Buy,232048296
2024-08-16 09:54:58,23550.0,100,Buy,232048295
2024-08-16 09:54:58,23550.0,800,Buy,232048294
2024-08-16 09:54:58,23550.0,500,Buy,232048293
2024-08-16 09:54:58,23550.0,5000,Buy,232048292
2024-08-16 09:54:58,23550.0,100,Buy,232048291
2024-08-16 09:54:58,23550.0,2700,Buy,232048290
2024-08-16 09:54:58,23550.0,200,Buy,232048289
2024-08-16 09:54:58,23550.0,5000,Buy,232048287
2024-08-16 09:54:58,23550.0,1100,Buy,232048285
2024-08-16 09:54:58,23550.0,10000,Buy,232048286
2024-08-16 09:54:58,23550.0,5400,Buy,232048276
2024-08-16 09:54:58,23550.0,500,Buy,232048277
2024-08-16 09:54:58,23550.0,100,Buy,232048278
2024-08-16 09:54:58,23550.0,2500,Buy,232048279
2024-08-16 09:54:58,23550.0,2000,Buy,232048284
2024-08-16 09:54:58,23550.0,1000,Buy,232048281
2024-08-16 09:54:58,23550.0,1000,Buy,232048282
2024-08-16 09:54:58,23550.0,200,Buy,232048283
2024-08-16 09:54:58,23550.0,100000,Buy,232048280
2024-08-16 09:55:11,23600.0,700,Buy,232048633
2024-08-16 09:55:17,23550.0,600,Sell,232048741
2024-08-16 09:55:23,23550.0,1400,Buy,232048903
2024-08-16 09:55:23,23550.0,500,Buy,232048904
2024-08-16 09:55:28,23550.0,500,Buy,232049006
2024-08-16 09:55:43,23600.0,200,Buy,232049260
2024-08-16 09:55:43,23600.0,600,Buy,232049261
2024-08-16 09:55:47,23600.0,4900,Buy,232049338
2024-08-16 09:55:47,23600.0,1000,Buy,232049337
2024-08-16 09:55:47,23600.0,500,Buy,232049336
2024-08-16 09:55:47,23600.0,100,Buy,232049335
2024-08-16 09:55:47,23600.0,2000,Buy,232049333
2024-08-16 09:55:47,23600.0,100,Buy,232049334
2024-08-16 09:55:47,23600.0,400,Buy,232049332
2024-08-16 09:55:48,23550.0,500,Sell,232049362
2024-08-16 09:55:51,23550.0,3000,Sell,232049411
2024-08-16 09:55:51,23550.0,1000,Sell,232049412
2024-08-16 09:55:54,23550.0,100,Sell,232049456
2024-08-16 09:55:54,23550.0,200,Sell,232049457
2024-08-16 09:55:55,23550.0,200,Buy,232049472
2024-08-16 09:55:55,23600.0,100,Buy,232049473
2024-08-16 09:55:55,23600.0,200,Buy,232049474
2024-08-16 09:56:04,23550.0,500,Buy,232049599
2024-08-16 09:56:07,23550.0,500,Sell,232049641
2024-08-16 09:56:11,23550.0,200,Sell,232049709
2024-08-16 09:56:15,23600.0,800,Buy,232049770
2024-08-16 09:56:26,23550.0,100,Sell,232049969
2024-08-16 09:56:26,23550.0,2000,Sell,232049968
2024-08-16 09:56:26,23550.0,2800,Sell,232049965
2024-08-16 09:56:26,23550.0,100,Sell,232049966
2024-08-16 09:56:26,23550.0,1000,Sell,232049967
2024-08-16 09:56:32,23550.0,4000,Buy,232050100
2024-08-16 09:56:32,23550.0,1000,Sell,232050101
2024-08-16 09:56:46,23600.0,800,Buy,232050354
2024-08-16 09:56:57,23550.0,500,Sell,232050515
2024-08-16 09:56:59,23550.0,400,Sell,232050571
2024-08-16 09:57:12,23550.0,500,Sell,232050870
2024-08-16 09:57:18,23600.0,700,Buy,232050959
2024-08-16 09:57:28,23550.0,500,Sell,232051192
2024-08-16 09:57:34,23550.0,100,Sell,232051340
2024-08-16 09:57:36,23600.0,800,Buy,232051365
2024-08-16 09:57:36,23600.0,100,Buy,232051363
2024-08-16 09:57:36,23600.0,200,Buy,232051364
2024-08-16 09:57:36,23600.0,300,Buy,232051361
2024-08-16 09:57:36,23600.0,2500,Buy,232051359
2024-08-16 09:57:36,23600.0,100,Buy,232051362
2024-08-16 09:57:36,23600.0,200,Buy,232051360
2024-08-16 09:57:39,23550.0,500,Sell,232051431
2024-08-16 09:57:49,23600.0,700,Buy,232051573
2024-08-16 09:57:53,23550.0,100,Sell,232051637
2024-08-16 09:58:00,23600.0,1200,Buy,232051742
2024-08-16 09:58:00,23600.0,1000,Buy,232051743
2024-08-16 09:58:00,23600.0,400,Buy,232051745
2024-08-16 09:58:00,23600.0,200,Buy,232051746
2024-08-16 09:58:00,23600.0,600,Buy,232051747
2024-08-16 09:58:00,23600.0,100,Buy,232051748
2024-08-16 09:58:00,23600.0,300,Buy,232051749
2024-08-16 09:58:00,23600.0,41200,Buy,232051750
2024-08-16 09:58:00,23600.0,5000,Buy,232051744
2024-08-16 09:58:08,23550.0,200,Sell,232051872
2024-08-16 09:58:18,23550.0,1200,Sell,232052051
2024-08-16 09:58:20,23600.0,700,Buy,232052087
2024-08-16 09:58:35,23600.0,20000,Buy,232052384
2024-08-16 09:58:50,23600.0,700,Buy,232052719
2024-08-16 09:59:01,23600.0,9900,Buy,232052904
2024-08-16 09:59:04,23600.0,500,Buy,232052981
2024-08-16 09:59:05,23600.0,15000,Buy,232053002
2024-08-16 09:59:06,23600.0,5000,Buy,232053006
2024-08-16 09:59:21,23600.0,700,Buy,232053250
2024-08-16 09:59:38,23600.0,100,Buy,232053695
2024-08-16 09:59:39,23600.0,500,Buy,232053752
2024-08-16 09:59:39,23600.0,2000,Buy,232053751
2024-08-16 09:59:39,23600.0,1000,Buy,232053750
2024-08-16 09:59:39,23600.0,100,Buy,232053749
2024-08-16 09:59:39,23600.0,100,Buy,232053745
2024-08-16 09:59:39,23600.0,300,Buy,232053747
2024-08-16 09:59:39,23600.0,1000,Buy,232053746
2024-08-16 09:59:39,23600.0,600,Buy,232053753
2024-08-16 09:59:39,23600.0,2200,Buy,232053744
2024-08-16 09:59:39,23600.0,100,Buy,232053743
2024-08-16 09:59:39,23600.0,500,Buy,232053748
2024-08-16 09:59:39,23600.0,100,Buy,232053754
2024-08-16 09:59:39,23600.0,100,Buy,232053757
2024-08-16 09:59:39,23600.0,3000,Buy,232053755
2024-08-16 09:59:39,23600.0,1000,Buy,232053756
2024-08-16 09:59:39,23600.0,100,Buy,232053758
2024-08-16 09:59:39,23600.0,100,Buy,232053759
2024-08-16 09:59:39,23600.0,500,Buy,232053760
2024-08-16 09:59:39,23600.0,500,Buy,232053776
2024-08-16 09:59:39,23600.0,1000,Buy,232053777
2024-08-16 09:59:39,23600.0,1000,Buy,232053778
2024-08-16 09:59:39,23600.0,1000,Buy,232053779
2024-08-16 09:59:39,23600.0,100,Buy,232053780
2024-08-16 09:59:39,23600.0,1000,Buy,232053781
2024-08-16 09:59:39,23600.0,400,Buy,232053782
2024-08-16 09:59:39,23600.0,500,Buy,232053742
2024-08-16 09:59:39,23600.0,500,Buy,232053741
2024-08-16 09:59:39,23600.0,300,Buy,232053726
2024-08-16 09:59:39,23600.0,300,Buy,232053739
2024-08-16 09:59:39,23600.0,6200,Buy,232053713
2024-08-16 09:59:39,23600.0,200,Buy,232053714
2024-08-16 09:59:39,23600.0,100,Buy,232053715
2024-08-16 09:59:39,23600.0,800,Buy,232053716
2024-08-16 09:59:39,23600.0,10000,Buy,232053717
2024-08-16 09:59:39,23600.0,1000,Buy,232053718
2024-08-16 09:59:39,23600.0,2400,Buy,232053720
2024-08-16 09:59:39,23600.0,5000,Buy,232053721
2024-08-16 09:59:39,23600.0,500,Buy,232053722
2024-08-16 09:59:39,23600.0,100,Buy,232053723
2024-08-16 09:59:39,23600.0,200,Buy,232053724
2024-08-16 09:59:39,23600.0,500,Buy,232053725
2024-08-16 09:59:39,23600.0,100,Buy,232053719
2024-08-16 09:59:39,23600.0,2400,Buy,232053728
2024-08-16 09:59:39,23600.0,200,Buy,232053727
2024-08-16 09:59:39,23600.0,1000,Buy,232053738
2024-08-16 09:59:39,23600.0,700,Buy,232053737
2024-08-16 09:59:39,23600.0,100,Buy,232053736
2024-08-16 09:59:39,23600.0,1000,Buy,232053735
2024-08-16 09:59:39,23600.0,100,Buy,232053734
2024-08-16 09:59:39,23600.0,100,Buy,232053740
2024-08-16 09:59:39,23600.0,100,Buy,232053732
2024-08-16 09:59:39,23600.0,1000,Buy,232053731
2024-08-16 09:59:39,23600.0,1000,Buy,232053730
2024-08-16 09:59:39,23600.0,100,Buy,232053729
2024-08-16 09:59:39,23600.0,200,Buy,232053733
2024-08-16 09:59:44,23600.0,100,Buy,232053843
2024-08-16 09:59:44,23600.0,2400,Buy,232053844
2024-08-16 09:59:47,23600.0,1000,Buy,232053921
2024-08-16 09:59:47,23600.0,500,Buy,232053923
2024-08-16 09:59:49,23600.0,100,Buy,232053964
2024-08-16 09:59:52,23600.0,700,Buy,232054032
2024-08-16 09:59:56,23600.0,100,Buy,232054118
2024-08-16 09:59:57,23600.0,200,Buy,232054134
2024-08-16 09:59:57,23600.0,500,Buy,232054136
2024-08-16 09:59:57,23600.0,300,Buy,232054137
2024-08-16 09:59:59,23600.0,200,Buy,232054184
2024-08-16 09:59:59,23600.0,4800,Buy,232054185
2024-08-16 10:00:03,23600.0,200,Buy,232054256
2024-08-16 10:00:07,23600.0,5000,Buy,232054352
2024-08-16 10:00:07,23600.0,5000,Buy,232054351
2024-08-16 10:00:10,23600.0,1100,Buy,232054381
2024-08-16 10:00:10,23600.0,1100,Buy,232054382
2024-08-16 10:00:10,23600.0,1100,Buy,232054387
2024-08-16 10:00:10,23600.0,1100,Buy,232054388
2024-08-16 10:00:10,23600.0,600,Buy,232054389
2024-08-16 10:00:10,23600.0,100,Buy,232054390
2024-08-16 10:00:10,23600.0,400,Buy,232054391
2024-08-16 10:00:10,23600.0,600,Buy,232054392
2024-08-16 10:00:10,23600.0,500,Buy,232054393
2024-08-16 10:00:11,23600.0,500,Buy,232054397
2024-08-16 10:00:11,23600.0,200,Buy,232054423
2024-08-16 10:00:14,23600.0,1000,Buy,232054543
2024-08-16 10:00:14,23600.0,100,Buy,232054542
2024-08-16 10:00:14,23600.0,1000,Buy,232054541
2024-08-16 10:00:14,23600.0,200,Buy,232054544
2024-08-16 10:00:14,23600.0,200,Buy,232054539
2024-08-16 10:00:14,23600.0,100,Buy,232054538
2024-08-16 10:00:14,23600.0,100,Buy,232054537
2024-08-16 10:00:14,23600.0,100,Buy,232054536
2024-08-16 10:00:14,23600.0,200,Buy,232054540
2024-08-16 10:00:19,23600.0,1000,Buy,232054658
2024-08-16 10:00:20,23600.0,3000,Buy,232054691
2024-08-16 10:00:20,23600.0,100,Buy,232054692
2024-08-16 10:00:20,23600.0,500,Buy,232054693
2024-08-16 10:00:20,23600.0,100,Buy,232054694
2024-08-16 10:00:20,23600.0,300,Buy,232054695
2024-08-16 10:00:20,23600.0,500,Buy,232054696
2024-08-16 10:00:20,23600.0,100,Buy,232054697
2024-08-16 10:00:20,23600.0,100,Buy,232054698
2024-08-16 10:00:20,23600.0,3000,Buy,232054701
2024-08-16 10:00:20,23600.0,100,Buy,232054700
2024-08-16 10:00:20,23600.0,300,Buy,232054702
2024-08-16 10:00:20,23600.0,1500,Buy,232054703
2024-08-16 10:00:20,23600.0,200,Buy,232054704
2024-08-16 10:00:20,23600.0,100,Buy,232054705
2024-08-16 10:00:20,23600.0,100,Buy,232054706
2024-08-16 10:00:20,23600.0,2000,Buy,232054690
2024-08-16 10:00:20,23600.0,100,Buy,232054699
2024-08-16 10:00:20,23600.0,300,Buy,232054689
2024-08-16 10:00:20,23600.0,5000,Buy,232054670
2024-08-16 10:00:20,23600.0,100,Buy,232054687
2024-08-16 10:00:20,23600.0,10000,Buy,232054688
2024-08-16 10:00:20,23600.0,3800,Buy,232054669
2024-08-16 10:00:20,23600.0,500,Buy,232054671
2024-08-16 10:00:20,23600.0,1000,Buy,232054672
2024-08-16 10:00:20,23600.0,1000,Buy,232054673
2024-08-16 10:00:20,23600.0,600,Buy,232054674
2024-08-16 10:00:20,23600.0,300,Buy,232054675
2024-08-16 10:00:20,23600.0,1000,Buy,232054676
2024-08-16 10:00:20,23600.0,300,Buy,232054677
2024-08-16 10:00:20,23600.0,1000,Buy,232054678
2024-08-16 10:00:20,23600.0,10000,Buy,232054679
2024-08-16 10:00:20,23600.0,1000,Buy,232054680
2024-08-16 10:00:20,23600.0,500,Buy,232054681
2024-08-16 10:00:20,23600.0,100,Buy,232054682
2024-08-16 10:00:20,23600.0,800,Buy,232054683
2024-08-16 10:00:20,23600.0,500,Buy,232054685
2024-08-16 10:00:20,23600.0,100,Buy,232054686
2024-08-16 10:00:23,23600.0,500,Buy,232054775
2024-08-16 10:00:23,23600.0,100,Buy,232054774
2024-08-16 10:00:23,23600.0,200,Buy,232054776
2024-08-16 10:00:23,23600.0,300,Buy,232054772
2024-08-16 10:00:23,23600.0,700,Buy,232054771
2024-08-16 10:00:23,23600.0,200,Buy,232054773
2024-08-16 10:00:25,23600.0,5000,Buy,232054816
2024-08-16 10:00:29,23600.0,1300,Buy,232054889
2024-08-16 10:00:29,23600.0,700,Buy,232054890
2024-08-16 10:00:29,23600.0,2000,Buy,232054891
2024-08-16 10:00:30,23600.0,1000,Buy,232054922
2024-08-16 10:00:30,23600.0,1000,Buy,232054917
2024-08-16 10:00:30,23600.0,500,Buy,232054916
2024-08-16 10:00:30,23600.0,100,Buy,232054915
2024-08-16 10:00:30,23600.0,100,Buy,232054914
2024-08-16 10:00:30,23600.0,500,Buy,232054913
2024-08-16 10:00:30,23600.0,500,Buy,232054910
2024-08-16 10:00:30,23600.0,300,Buy,232054911
2024-08-16 10:00:30,23600.0,100,Buy,232054909
2024-08-16 10:00:30,23600.0,500,Buy,232054908
2024-08-16 10:00:30,23600.0,20000,Buy,232054907
2024-08-16 10:00:30,23600.0,5000,Buy,232054906
2024-08-16 10:00:30,23600.0,300,Buy,232054905
2024-08-16 10:00:30,23600.0,100,Buy,232054912
2024-08-16 10:00:34,23650.0,23000,Buy,232055031
2024-08-16 10:00:34,23650.0,100,Buy,232055030
2024-08-16 10:00:34,23650.0,3000,Buy,232055029
2024-08-16 10:00:34,23650.0,3000,Buy,232055026
2024-08-16 10:00:34,23650.0,300,Buy,232055027
2024-08-16 10:00:34,23650.0,500,Buy,232055028
2024-08-16 10:00:34,23650.0,100,Buy,232055025
2024-08-16 10:00:37,23600.0,200,Sell,232055133
2024-08-16 10:00:42,23600.0,800,Sell,232055223
2024-08-16 10:00:50,23650.0,100,Buy,232055469
2024-08-16 10:00:52,23600.0,700,Sell,232055510
2024-08-16 10:00:54,23650.0,800,Buy,232055536
2024-08-16 10:01:02,23600.0,18300,Sell,232055688
2024-08-16 10:01:02,23600.0,1000,Sell,232055689
2024-08-16 10:01:02,23600.0,700,Sell,232055690
2024-08-16 10:01:20,23600.0,2000,Sell,232056128
2024-08-16 10:01:20,23600.0,1000,Sell,232056127
2024-08-16 10:01:20,23600.0,1000,Sell,232056125
2024-08-16 10:01:20,23600.0,1900,Sell,232056124
2024-08-16 10:01:20,23600.0,4000,Sell,232056126
2024-08-16 10:01:26,23600.0,1000,Buy,232056260
2024-08-16 10:01:27,23600.0,800,Buy,232056278
2024-08-16 10:01:44,23600.0,500,Buy,232056547
2024-08-16 10:01:46,23600.0,5000,Buy,232056577
2024-08-16 10:01:48,23600.0,1000,Buy,232056594
2024-08-16 10:01:54,23600.0,200,Buy,232056752
2024-08-16 10:01:55,23600.0,1600,Buy,232056761
2024-08-16 10:01:55,23600.0,3000,Buy,232056762
2024-08-16 10:01:55,23600.0,100,Buy,232056763
2024-08-16 10:01:55,23600.0,100,Buy,232056764
2024-08-16 10:02:00,23600.0,800,Buy,232056882
2024-08-16 10:02:00,23600.0,200,Sell,232056880
2024-08-16 10:02:00,23600.0,200,Sell,232056881
2024-08-16 10:02:08,23600.0,1000,Buy,232057090
2024-08-16 10:02:12,23600.0,400,Buy,232057202
2024-08-16 10:02:19,23600.0,1000,Buy,232057516
2024-08-16 10:02:32,23600.0,700,Buy,232057981
2024-08-16 10:02:56,23550.0,100,Sell,232058720
2024-08-16 10:03:03,23600.0,800,Buy,232058865
2024-08-16 10:03:03,23600.0,1000,Buy,232058869
2024-08-16 10:03:35,23600.0,700,Buy,232059531
2024-08-16 10:03:38,23600.0,5000,Buy,232059601
2024-08-16 10:03:38,23600.0,100,Buy,232059602
2024-08-16 10:03:38,23600.0,500,Buy,232059598
2024-08-16 10:03:38,23600.0,13200,Buy,232059597
2024-08-16 10:03:38,23600.0,200,Buy,232059599
2024-08-16 10:03:38,23600.0,1000,Buy,232059600
2024-08-16 10:03:51,23600.0,4900,Buy,232059780
2024-08-16 10:03:51,23600.0,1000,Buy,232059781
2024-08-16 10:03:51,23600.0,4100,Buy,232059782
2024-08-16 10:03:55,23600.0,1800,Buy,232059871
2024-08-16 10:04:03,23600.0,5000,Buy,232060103
2024-08-16 10:04:05,23600.0,800,Buy,232060154
2024-08-16 10:04:23,23600.0,2000,Buy,232060577
2024-08-16 10:04:35,23600.0,200,Buy,232060846
2024-08-16 10:04:35,23600.0,200,Buy,232060845
2024-08-16 10:04:35,23600.0,500,Buy,232060844
2024-08-16 10:04:35,23600.0,6100,Buy,232060849
2024-08-16 10:04:35,23600.0,500,Buy,232060848
2024-08-16 10:04:35,23600.0,200,Buy,232060843
2024-08-16 10:04:35,23600.0,1000,Buy,232060847
2024-08-16 10:04:35,23600.0,200,Buy,232060840
2024-08-16 10:04:35,23600.0,2000,Buy,232060839
2024-08-16 10:04:35,23600.0,300,Buy,232060838
2024-08-16 10:04:35,23600.0,1000,Buy,232060837
2024-08-16 10:04:35,23600.0,500,Buy,232060836
2024-08-16 10:04:35,23600.0,86300,Buy,232060835
2024-08-16 10:04:35,23600.0,1000,Buy,232060842
2024-08-16 10:04:38,23600.0,800,Buy,232060918
2024-08-16 10:04:45,23600.0,5000,Buy,232061166
2024-08-16 10:04:54,23600.0,300,Buy,232061641
2024-08-16 10:04:55,23600.0,500,Buy,232061657
2024-08-16 10:04:55,23600.0,20000,Buy,232061655
2024-08-16 10:04:55,23600.0,10000,Buy,232061656
2024-08-16 10:04:55,23600.0,100,Buy,232061653
2024-08-16 10:04:55,23600.0,1000,Buy,232061652
2024-08-16 10:04:55,23600.0,7800,Buy,232061651
2024-08-16 10:04:55,23600.0,1000,Buy,232061654
2024-08-16 10:04:59,23600.0,100,Sell,232061744
2024-08-16 10:05:01,23600.0,500,Sell,232061803
2024-08-16 10:05:10,23650.0,700,Buy,232062020
2024-08-16 10:05:15,23600.0,600,Sell,232062128
2024-08-16 10:05:21,23650.0,200,Buy,232062297
2024-08-16 10:05:21,23650.0,5000,Buy,232062296
2024-08-16 10:05:21,23650.0,300,Buy,232062295
2024-08-16 10:05:21,23650.0,300,Buy,232062294
2024-08-16 10:05:21,23650.0,100,Buy,232062293
2024-08-16 10:05:21,23650.0,5000,Buy,232062292
2024-08-16 10:05:21,23650.0,100,Buy,232062291
2024-08-16 10:05:21,23650.0,100,Buy,232062290
2024-08-16 10:05:21,23650.0,500,Buy,232062280
2024-08-16 10:05:21,23650.0,10000,Buy,232062288
2024-08-16 10:05:21,23650.0,8000,Buy,232062287
2024-08-16 10:05:21,23650.0,10000,Buy,232062286
2024-08-16 10:05:21,23650.0,100,Buy,232062285
2024-08-16 10:05:21,23650.0,100,Buy,232062284
2024-08-16 10:05:21,23650.0,800,Buy,232062283
2024-08-16 10:05:21,23650.0,100,Buy,232062282
2024-08-16 10:05:21,23650.0,1000,Buy,232062281
2024-08-16 10:05:21,23650.0,200,Buy,232062298
2024-08-16 10:05:21,23650.0,5000,Buy,232062289
2024-08-16 10:05:21,23650.0,200,Buy,232062299
2024-08-16 10:05:21,23650.0,1000,Buy,232062310
2024-08-16 10:05:21,23650.0,3200,Buy,232062301
2024-08-16 10:05:21,23650.0,1000,Buy,232062279
2024-08-16 10:05:21,23650.0,100,Sell,232062328
2024-08-16 10:05:21,23650.0,100,Buy,232062319
2024-08-16 10:05:21,23650.0,5000,Buy,232062318
2024-08-16 10:05:21,23650.0,100,Buy,232062317
2024-08-16 10:05:21,23650.0,1000,Buy,232062316
2024-08-16 10:05:21,23650.0,5000,Buy,232062315
2024-08-16 10:05:21,23650.0,5000,Buy,232062314
2024-08-16 10:05:21,23650.0,2000,Buy,232062313
2024-08-16 10:05:21,23650.0,200,Buy,232062312
2024-08-16 10:05:21,23650.0,1000,Buy,232062311
2024-08-16 10:05:21,23650.0,20000,Buy,232062309
2024-08-16 10:05:21,23650.0,14000,Buy,232062308
2024-08-16 10:05:21,23650.0,1000,Buy,232062307
2024-08-16 10:05:21,23650.0,100,Buy,232062306
2024-08-16 10:05:21,23650.0,100,Buy,232062305
2024-08-16 10:05:21,23650.0,2000,Buy,232062304
2024-08-16 10:05:21,23650.0,500,Buy,232062303
2024-08-16 10:05:21,23650.0,200,Buy,232062302
2024-08-16 10:05:21,23650.0,1000,Buy,232062300
2024-08-16 10:05:21,23650.0,600,Buy,232062278
2024-08-16 10:05:21,23650.0,100,Buy,232062265
2024-08-16 10:05:21,23650.0,100,Buy,232062276
2024-08-16 10:05:21,23650.0,100,Buy,232062253
2024-08-16 10:05:21,23650.0,5000,Buy,232062252
2024-08-16 10:05:21,23650.0,200,Buy,232062251
2024-08-16 10:05:21,23650.0,500,Buy,232062250
2024-08-16 10:05:21,23650.0,1000,Buy,232062249
2024-08-16 10:05:21,23650.0,200,Buy,232062248
2024-08-16 10:05:21,23650.0,300,Buy,232062246
2024-08-16 10:05:21,23650.0,5000,Buy,232062245
2024-08-16 10:05:21,23650.0,100,Buy,232062254
2024-08-16 10:05:21,23650.0,500,Buy,232062244
2024-08-16 10:05:21,23650.0,1000,Buy,232062242
2024-08-16 10:05:21,23650.0,200,Buy,232062241
2024-08-16 10:05:21,23650.0,500,Buy,232062240
2024-08-16 10:05:21,23650.0,1000,Buy,232062239
2024-08-16 10:05:21,23650.0,1000,Buy,232062238
2024-08-16 10:05:21,23650.0,5000,Buy,232062237
2024-08-16 10:05:21,23650.0,3000,Buy,232062236
2024-08-16 10:05:21,23650.0,200,Buy,232062235
2024-08-16 10:05:21,23650.0,200,Buy,232062243
2024-08-16 10:05:21,23650.0,100,Buy,232062255
2024-08-16 10:05:21,23650.0,5000,Buy,232062247
2024-08-16 10:05:21,23650.0,1000,Buy,232062257
2024-08-16 10:05:21,23650.0,200,Buy,232062275
2024-08-16 10:05:21,23650.0,100,Buy,232062256
2024-08-16 10:05:21,23650.0,500,Buy,232062273
2024-08-16 10:05:21,23650.0,500,Buy,232062272
2024-08-16 10:05:21,23650.0,100,Buy,232062271
2024-08-16 10:05:21,23650.0,300,Buy,232062270
2024-08-16 10:05:21,23650.0,100,Buy,232062269
2024-08-16 10:05:21,23650.0,100,Buy,232062268
2024-08-16 10:05:21,23650.0,3000,Buy,232062267
2024-08-16 10:05:21,23650.0,100,Buy,232062274
2024-08-16 10:05:21,23650.0,15400,Buy,232062234
2024-08-16 10:05:21,23650.0,200,Buy,232062266
2024-08-16 10:05:21,23650.0,100,Buy,232062258
2024-08-16 10:05:21,23650.0,2000,Buy,232062259
2024-08-16 10:05:21,23650.0,6000,Buy,232062260
2024-08-16 10:05:21,23650.0,1000,Buy,232062277
2024-08-16 10:05:21,23650.0,5000,Buy,232062262
2024-08-16 10:05:21,23650.0,1000,Buy,232062263
2024-08-16 10:05:21,23650.0,20000,Buy,232062261
2024-08-16 10:05:21,23650.0,1000,Buy,232062264
2024-08-16 10:05:22,23650.0,700,Sell,232062353
2024-08-16 10:05:22,23600.0,2300,Sell,232062354
2024-08-16 10:05:33,23650.0,100,Buy,232062529
2024-08-16 10:05:36,23650.0,500,Buy,232062573
2024-08-16 10:05:36,23650.0,1700,Buy,232062572
2024-08-16 10:05:39,23650.0,500,Sell,232062631
2024-08-16 10:05:41,23700.0,100,Buy,232062706
2024-08-16 10:05:41,23700.0,200,Buy,232062708
2024-08-16 10:05:41,23700.0,400,Buy,232062707
2024-08-16 10:05:42,23650.0,6000,Sell,232062728
2024-08-16 10:05:50,23650.0,100,Sell,232062926
2024-08-16 10:05:51,23700.0,200,Buy,232062943
2024-08-16 10:05:51,23700.0,200,Buy,232062944
2024-08-16 10:05:55,23650.0,100,Sell,232062995
2024-08-16 10:05:59,23650.0,4000,Sell,232063114
2024-08-16 10:06:00,23700.0,1000,Buy,232063131
2024-08-16 10:06:02,23650.0,300,Sell,232063194
2024-08-16 10:06:10,23650.0,2000,Sell,232063344
2024-08-16 10:06:11,23700.0,800,Buy,232063373
2024-08-16 10:06:11,23650.0,100,Sell,232063358
2024-08-16 10:06:13,23650.0,500,Sell,232063423
2024-08-16 10:06:15,23700.0,300,Buy,232063472
2024-08-16 10:06:15,23700.0,10000,Buy,232063471
2024-08-16 10:06:15,23700.0,1800,Buy,232063470
2024-08-16 10:06:15,23700.0,200,Buy,232063469
2024-08-16 10:06:15,23700.0,10000,Buy,232063468
2024-08-16 10:06:15,23700.0,100,Buy,232063467
2024-08-16 10:06:15,23700.0,5000,Buy,232063466
2024-08-16 10:06:15,23700.0,3000,Buy,232063465
2024-08-16 10:06:15,23700.0,100,Buy,232063463
2024-08-16 10:06:15,23700.0,500,Buy,232063461
2024-08-16 10:06:15,23700.0,10000,Buy,232063460
2024-08-16 10:06:15,23700.0,1700,Buy,232063459
2024-08-16 10:06:15,23700.0,500,Buy,232063458
2024-08-16 10:06:15,23700.0,100,Buy,232063457
2024-08-16 10:06:15,23700.0,100,Buy,232063456
2024-08-16 10:06:15,23700.0,500,Buy,232063455
2024-08-16 10:06:15,23700.0,4000,Buy,232063454
2024-08-16 10:06:15,23700.0,2000,Buy,232063453
2024-08-16 10:06:15,23700.0,100,Buy,232063462
2024-08-16 10:06:28,23700.0,100,Buy,232063769
2024-08-16 10:06:28,23700.0,700,Buy,232063772
2024-08-16 10:06:28,23700.0,300,Buy,232063771
2024-08-16 10:06:28,23700.0,700,Buy,232063768
2024-08-16 10:06:28,23700.0,100,Buy,232063770
2024-08-16 10:06:28,23700.0,100,Buy,232063766
2024-08-16 10:06:28,23700.0,300,Buy,232063765
2024-08-16 10:06:28,23700.0,1000,Buy,232063764
2024-08-16 10:06:28,23700.0,700,Buy,232063763
2024-08-16 10:06:28,23700.0,1000,Buy,232063767
2024-08-16 10:06:38,23700.0,100,Buy,232063974
2024-08-16 10:06:43,23700.0,200,Buy,232064099
2024-08-16 10:06:43,23700.0,200,Buy,232064100
2024-08-16 10:06:44,23700.0,100,Buy,232064122
2024-08-16 10:06:44,23700.0,700,Buy,232064123
2024-08-16 10:06:47,23700.0,200,Buy,232064260
2024-08-16 10:07:04,23700.0,4000,Buy,232064658
2024-08-16 10:07:16,23700.0,700,Buy,232064890
2024-08-16 10:07:19,23700.0,200,Buy,232064972
2024-08-16 10:07:29,23650.0,10000,Sell,232065319
2024-08-16 10:07:34,23700.0,100,Buy,232065429
2024-08-16 10:07:34,23700.0,100,Buy,232065436
2024-08-16 10:07:34,23700.0,1000,Buy,232065431
2024-08-16 10:07:34,23700.0,500,Buy,232065432
2024-08-16 10:07:34,23700.0,1500,Buy,232065433
2024-08-16 10:07:34,23700.0,500,Buy,232065435
2024-08-16 10:07:34,23700.0,200,Buy,232065437
2024-08-16 10:07:34,23700.0,500,Buy,232065444
2024-08-16 10:07:34,23700.0,1000,Buy,232065439
2024-08-16 10:07:34,23700.0,1000,Buy,232065440
2024-08-16 10:07:34,23700.0,1000,Buy,232065441
2024-08-16 10:07:34,23700.0,300,Buy,232065442
2024-08-16 10:07:34,23700.0,500,Buy,232065443
2024-08-16 10:07:34,23700.0,100,Buy,232065428
2024-08-16 10:07:34,23700.0,100,Buy,232065438
2024-08-16 10:07:34,23700.0,100,Buy,232065427
2024-08-16 10:07:34,23700.0,100,Buy,232065430
2024-08-16 10:07:34,23700.0,1000,Buy,232065425
2024-08-16 10:07:34,23700.0,2000,Buy,232065426
2024-08-16 10:07:34,23700.0,400,Buy,232065410
2024-08-16 10:07:34,23700.0,100,Buy,232065411
2024-08-16 10:07:34,23700.0,300,Buy,232065412
2024-08-16 10:07:34,23700.0,5800,Buy,232065413
2024-08-16 10:07:34,23700.0,500,Buy,232065414
2024-08-16 10:07:34,23700.0,200,Buy,232065416
2024-08-16 10:07:34,23700.0,1000,Buy,232065417
2024-08-16 10:07:34,23700.0,200,Buy,232065415
2024-08-16 10:07:34,23700.0,1000,Buy,232065419
2024-08-16 10:07:34,23700.0,3700,Buy,232065420
2024-08-16 10:07:34,23700.0,300,Buy,232065421
2024-08-16 10:07:34,23700.0,5000,Buy,232065422
2024-08-16 10:07:34,23700.0,14200,Buy,232065409
2024-08-16 10:07:34,23700.0,500,Buy,232065423
2024-08-16 10:07:34,23700.0,5000,Buy,232065424
2024-08-16 10:07:34,23700.0,200,Buy,232065418
2024-08-16 10:07:38,23650.0,200,Sell,232065539
2024-08-16 10:07:40,23700.0,500,Buy,232065600
2024-08-16 10:07:40,23700.0,2000,Buy,232065602
2024-08-16 10:07:40,23700.0,500,Buy,232065601
2024-08-16 10:07:40,23700.0,12000,Buy,232065599
2024-08-16 10:07:40,23700.0,100,Buy,232065594
2024-08-16 10:07:40,23700.0,45000,Buy,232065597
2024-08-16 10:07:40,23700.0,20000,Buy,232065596
2024-08-16 10:07:40,23700.0,1400,Buy,232065595
2024-08-16 10:07:40,23700.0,2500,Buy,232065593
2024-08-16 10:07:40,23700.0,100,Buy,232065598
2024-08-16 10:07:43,23700.0,1000,Buy,232065674
2024-08-16 10:07:44,23700.0,200,Buy,232065696
2024-08-16 10:07:44,23700.0,5000,Buy,232065707
2024-08-16 10:07:44,23700.0,2100,Buy,232065702
2024-08-16 10:07:44,23700.0,200,Buy,232065701
2024-08-16 10:07:44,23700.0,500,Buy,232065700
2024-08-16 10:07:44,23700.0,500,Buy,232065699
2024-08-16 10:07:44,23700.0,500,Buy,232065698
2024-08-16 10:07:44,23700.0,100,Buy,232065697
2024-08-16 10:07:44,23700.0,200,Buy,232065695
2024-08-16 10:07:44,23700.0,11500,Buy,232065688
2024-08-16 10:07:44,23700.0,100,Buy,232065693
2024-08-16 10:07:44,23700.0,2000,Buy,232065692
2024-08-16 10:07:44,23700.0,300,Buy,232065691
2024-08-16 10:07:44,23700.0,100,Buy,232065690
2024-08-16 10:07:44,23700.0,1500,Buy,232065689
2024-08-16 10:07:44,23700.0,4200,Buy,232065681
2024-08-16 10:07:44,23700.0,3700,Buy,232065680
2024-08-16 10:07:44,23700.0,2000,Buy,232065679
2024-08-16 10:07:44,23700.0,200,Buy,232065694
2024-08-16 10:07:45,23700.0,100,Buy,232065770
2024-08-16 10:07:45,23700.0,100,Buy,232065771
2024-08-16 10:07:45,23700.0,2000,Buy,232065772
2024-08-16 10:07:45,23700.0,100,Buy,232065773
2024-08-16 10:07:45,23700.0,500,Buy,232065774
2024-08-16 10:07:45,23700.0,2000,Buy,232065775
2024-08-16 10:07:45,23700.0,500,Buy,232065776
2024-08-16 10:07:45,23700.0,500,Buy,232065780
2024-08-16 10:07:45,23700.0,100,Buy,232065778
2024-08-16 10:07:45,23700.0,200,Buy,232065779
2024-08-16 10:07:45,23700.0,300,Buy,232065781
2024-08-16 10:07:45,23700.0,500,Buy,232065782
2024-08-16 10:07:45,23700.0,1700,Buy,232065783
2024-08-16 10:07:45,23700.0,1500,Buy,232065784
2024-08-16 10:07:45,23700.0,1000,Buy,232065777
2024-08-16 10:07:45,23700.0,500,Buy,232065769
2024-08-16 10:07:45,23700.0,400,Buy,232065766
2024-08-16 10:07:45,23700.0,500,Buy,232065767
2024-08-16 10:07:45,23700.0,200,Buy,232065768
2024-08-16 10:07:45,23700.0,12900,Buy,232065751
2024-08-16 10:07:45,23700.0,300,Buy,232065752
2024-08-16 10:07:45,23700.0,600,Buy,232065753
2024-08-16 10:07:45,23700.0,5000,Buy,232065754
2024-08-16 10:07:45,23700.0,100,Buy,232065755
2024-08-16 10:07:45,23700.0,100,Buy,232065756
2024-08-16 10:07:45,23700.0,500,Buy,232065757
2024-08-16 10:07:45,23700.0,200,Buy,232065759
2024-08-16 10:07:45,23700.0,300,Buy,232065760
2024-08-16 10:07:45,23700.0,300,Buy,232065761
2024-08-16 10:07:45,23700.0,200,Buy,232065762
2024-08-16 10:07:45,23700.0,500,Buy,232065763
2024-08-16 10:07:45,23700.0,100,Buy,232065764
2024-08-16 10:07:45,23700.0,1000,Buy,232065765
2024-08-16 10:07:45,23700.0,200,Buy,232065758
2024-08-16 10:07:46,23700.0,200,Sell,232065813
2024-08-16 10:07:46,23700.0,200,Buy,232065798
2024-08-16 10:07:46,23700.0,5000,Buy,232065792
2024-08-16 10:07:46,23700.0,5000,Buy,232065796
2024-08-16 10:07:46,23700.0,3500,Buy,232065795
2024-08-16 10:07:46,23700.0,300,Buy,232065797
2024-08-16 10:07:47,23750.0,100,Buy,232065830
2024-08-16 10:07:47,23750.0,100,Buy,232065831
2024-08-16 10:07:47,23750.0,500,Buy,232065832
2024-08-16 10:07:50,23700.0,1000,Sell,232065867
2024-08-16 10:08:08,23700.0,1000,Sell,232066455
2024-08-16 10:08:09,23750.0,900,Buy,232066484
2024-08-16 10:08:09,23750.0,100,Buy,232066488
2024-08-16 10:08:14,23750.0,1000,Buy,232066596
2024-08-16 10:08:14,23750.0,200,Buy,232066595
2024-08-16 10:08:14,23750.0,100,Buy,232066594
2024-08-16 10:08:14,23750.0,100,Buy,232066590
2024-08-16 10:08:14,23750.0,100,Buy,232066592
2024-08-16 10:08:14,23750.0,500,Buy,232066591
2024-08-16 10:08:14,23750.0,900,Buy,232066589
2024-08-16 10:08:14,23750.0,100,Buy,232066593
2024-08-16 10:08:15,23750.0,1000,Buy,232066625
2024-08-16 10:08:15,23750.0,500,Buy,232066626
2024-08-16 10:08:15,23750.0,500,Buy,232066627
2024-08-16 10:08:15,23750.0,15000,Buy,232066628
2024-08-16 10:08:15,23750.0,300,Buy,232066629
2024-08-16 10:08:15,23750.0,500,Buy,232066630
2024-08-16 10:08:15,23750.0,5000,Buy,232066631
2024-08-16 10:08:15,23750.0,100,Buy,232066632
2024-08-16 10:08:15,23750.0,200,Buy,232066633
2024-08-16 10:08:15,23750.0,500,Buy,232066634
2024-08-16 10:08:15,23750.0,1000,Buy,232066636
2024-08-16 10:08:15,23750.0,2000,Buy,232066637
2024-08-16 10:08:15,23750.0,100,Buy,232066638
2024-08-16 10:08:15,23750.0,10000,Buy,232066639
2024-08-16 10:08:15,23750.0,10500,Buy,232066640
2024-08-16 10:08:15,23750.0,2000,Buy,232066641
2024-08-16 10:08:15,23750.0,10000,Buy,232066642
2024-08-16 10:08:15,23750.0,100,Buy,232066643
2024-08-16 10:08:15,23750.0,200,Buy,232066644
2024-08-16 10:08:15,23750.0,1000,Buy,232066645
2024-08-16 10:08:15,23750.0,1000,Sell,232066649
2024-08-16 10:08:15,23750.0,500,Buy,232066624
2024-08-16 10:08:15,23750.0,2000,Buy,232066623
2024-08-16 10:08:15,23750.0,3000,Buy,232066635
2024-08-16 10:08:15,23750.0,200,Buy,232066621
2024-08-16 10:08:15,23750.0,3000,Buy,232066599
2024-08-16 10:08:15,23750.0,1000,Buy,232066600
2024-08-16 10:08:15,23750.0,200,Buy,232066601
2024-08-16 10:08:15,23750.0,500,Buy,232066602
2024-08-16 10:08:15,23750.0,1000,Buy,232066603
2024-08-16 10:08:15,23750.0,200,Buy,232066604
2024-08-16 10:08:15,23750.0,500,Buy,232066605
2024-08-16 10:08:15,23750.0,1000,Buy,232066606
2024-08-16 10:08:15,23750.0,10000,Buy,232066607
2024-08-16 10:08:15,23750.0,300,Buy,232066608
2024-08-16 10:08:15,23750.0,300,Buy,232066609
2024-08-16 10:08:15,23750.0,200,Buy,232066622
2024-08-16 10:08:15,23750.0,500,Buy,232066611
2024-08-16 10:08:15,23750.0,500,Buy,232066620
2024-08-16 10:08:15,23750.0,100,Buy,232066618
2024-08-16 10:08:15,23750.0,100,Buy,232066617
2024-08-16 10:08:15,23750.0,100,Buy,232066616
2024-08-16 10:08:15,23750.0,200,Buy,232066619
2024-08-16 10:08:15,23750.0,1000,Buy,232066614
2024-08-16 10:08:15,23750.0,30000,Buy,232066613
2024-08-16 10:08:15,23750.0,5000,Buy,232066612
2024-08-16 10:08:15,23750.0,10000,Buy,232066615
2024-08-16 10:08:15,23750.0,1000,Buy,232066610
2024-08-16 10:08:18,23800.0,100,Buy,232066693
2024-08-16 10:08:18,23800.0,700,Buy,232066694
2024-08-16 10:08:19,23800.0,300,Buy,232066708
2024-08-16 10:08:19,23800.0,1700,Buy,232066709
2024-08-16 10:08:20,23750.0,100,Sell,232066726
2024-08-16 10:08:25,23800.0,2000,Buy,232066885
2024-08-16 10:08:26,23800.0,20000,Buy,232066905
2024-08-16 10:08:27,23750.0,500,Sell,232066921
2024-08-16 10:08:27,23750.0,200,Sell,232066934
2024-08-16 10:08:28,23800.0,700,Buy,232066947
2024-08-16 10:08:29,23800.0,25600,Buy,232066979
2024-08-16 10:08:33,23750.0,300,Sell,232067069
2024-08-16 10:08:35,23800.0,100,Buy,232067126
2024-08-16 10:08:46,23800.0,200,Buy,232067374
2024-08-16 10:08:50,23800.0,700,Buy,232067490
2024-08-16 10:08:54,23800.0,100,Buy,232067585
2024-08-16 10:08:54,23800.0,5000,Buy,232067586
2024-08-16 10:08:54,23800.0,500,Buy,232067587
2024-08-16 10:08:54,23800.0,500,Buy,232067588
2024-08-16 10:08:54,23800.0,100,Buy,232067591
2024-08-16 10:08:54,23800.0,100,Buy,232067590
2024-08-16 10:08:54,23800.0,100,Buy,232067592
2024-08-16 10:08:54,23800.0,500,Buy,232067584
2024-08-16 10:08:54,23800.0,100,Buy,232067589
2024-08-16 10:08:54,23800.0,1000,Buy,232067583
2024-08-16 10:08:54,23800.0,100,Buy,232067573
2024-08-16 10:08:54,23800.0,100,Buy,232067581
2024-08-16 10:08:54,23800.0,100,Buy,232067580
2024-08-16 10:08:54,23800.0,100,Buy,232067579
2024-08-16 10:08:54,23800.0,100,Buy,232067578
2024-08-16 10:08:54,23800.0,700,Buy,232067577
2024-08-16 10:08:54,23800.0,5000,Buy,232067576
2024-08-16 10:08:54,23800.0,100,Buy,232067575
2024-08-16 10:08:54,23800.0,500,Buy,232067574
2024-08-16 10:08:54,23800.0,1400,Buy,232067582
2024-08-16 10:08:54,23800.0,1000,Buy,232067572
2024-08-16 10:08:54,23800.0,1300,Buy,232067571
2024-08-16 10:08:58,23800.0,500,Buy,232067675
2024-08-16 10:09:01,23750.0,100,Sell,232067788
2024-08-16 10:09:12,23750.0,1000,Sell,232068409
2024-08-16 10:09:12,23800.0,5000,Buy,232068410
2024-08-16 10:09:17,23800.0,200,Buy,232068507
2024-08-16 10:09:17,23800.0,6600,Buy,232068508
2024-08-16 10:09:17,23800.0,10000,Buy,232068506
2024-08-16 10:09:17,23800.0,100,Buy,232068504
2024-08-16 10:09:17,23800.0,200,Buy,232068505
2024-08-16 10:09:17,23800.0,1000,Buy,232068503
2024-08-16 10:09:17,23800.0,1900,Buy,232068502
2024-08-16 10:09:17,23800.0,500,Buy,232068489
2024-08-16 10:09:22,23800.0,800,Buy,232068592
2024-08-16 10:09:31,23750.0,2300,Sell,232068817
2024-08-16 10:09:33,23750.0,200,Sell,232068926
2024-08-16 10:09:33,23750.0,1000,Sell,232068937
2024-08-16 10:09:35,23750.0,500,Sell,232068989
2024-08-16 10:09:36,23750.0,200,Sell,232068999
2024-08-16 10:09:50,23750.0,1300,Sell,232069420
2024-08-16 10:09:52,23750.0,5100,Sell,232069458
2024-08-16 10:09:53,23750.0,200,Sell,232069539
2024-08-16 10:09:54,23800.0,700,Buy,232069588
2024-08-16 10:09:56,23750.0,800,Sell,232069685
2024-08-16 10:09:56,23750.0,2000,Sell,232069697
2024-08-16 10:10:02,23750.0,500,Sell,232069936
2024-08-16 10:10:04,23750.0,3000,Sell,232069956
2024-08-16 10:10:05,23750.0,2000,Sell,232069998
2024-08-16 10:10:06,23750.0,200,Sell,232070021
2024-08-16 10:10:10,23800.0,600,Buy,232070093
2024-08-16 10:10:11,23750.0,200,Sell,232070150
2024-08-16 10:10:15,23750.0,13000,Sell,232070233
2024-08-16 10:10:16,23750.0,600,Sell,232070238
2024-08-16 10:10:17,23750.0,5000,Sell,232070268
2024-08-16 10:10:17,23750.0,500,Sell,232070273
2024-08-16 10:10:22,23750.0,1000,Sell,232070453
2024-08-16 10:10:25,23750.0,3000,Sell,232070501
2024-08-16 10:10:26,23800.0,800,Buy,232070538
2024-08-16 10:10:27,23750.0,100,Sell,232070589
2024-08-16 10:10:27,23750.0,100,Sell,232070610
2024-08-16 10:10:32,23750.0,100,Sell,232070775
2024-08-16 10:10:33,23800.0,400,Buy,232070805
2024-08-16 10:10:33,23800.0,500,Buy,232070806
2024-08-16 10:10:33,23800.0,500,Buy,232070804
2024-08-16 10:10:33,23800.0,500,Buy,232070802
2024-08-16 10:10:33,23800.0,100,Buy,232070803
2024-08-16 10:10:39,23800.0,1000,Buy,232070994
2024-08-16 10:10:40,23750.0,5800,Sell,232071046
2024-08-16 10:10:45,23750.0,13000,Sell,232071284
2024-08-16 10:10:49,23750.0,2000,Sell,232071400
2024-08-16 10:10:50,23750.0,100,Sell,232071415
2024-08-16 10:10:51,23750.0,100,Sell,232071472
2024-08-16 10:10:51,23750.0,1000,Sell,232071473
2024-08-16 10:10:51,23750.0,18900,Sell,232071474
2024-08-16 10:10:52,23750.0,2500,Sell,232071513
2024-08-16 10:10:53,23750.0,11100,Sell,232071561
2024-08-16 10:10:53,23750.0,100,Sell,232071560
2024-08-16 10:10:53,23750.0,1000,Sell,232071559
2024-08-16 10:10:53,23750.0,900,Sell,232071558
2024-08-16 10:10:53,23750.0,300,Sell,232071556
2024-08-16 10:10:53,23750.0,2000,Sell,232071555
2024-08-16 10:10:53,23750.0,5000,Sell,232071554
2024-08-16 10:10:53,23750.0,28600,Sell,232071553
2024-08-16 10:10:53,23750.0,1000,Sell,232071557
2024-08-16 10:10:54,23750.0,1000,Sell,232071589
2024-08-16 10:10:57,23750.0,200,Sell,232071651
2024-08-16 10:10:57,23750.0,10000,Sell,232071658
2024-08-16 10:10:58,23800.0,700,Buy,232071707
2024-08-16 10:10:58,23750.0,4200,Sell,232071706
2024-08-16 10:10:58,23750.0,300,Sell,232071703
2024-08-16 10:10:58,23750.0,1000,Sell,232071704
2024-08-16 10:10:58,23750.0,4400,Sell,232071702
2024-08-16 10:10:58,23750.0,100,Sell,232071705
2024-08-16 10:11:00,23800.0,1000,Buy,232071754
2024-08-16 10:11:00,23750.0,500,Sell,232071755
2024-08-16 10:11:02,23750.0,5000,Sell,232071818
2024-08-16 10:11:03,23750.0,200,Sell,232071829
2024-08-16 10:11:06,23750.0,100,Sell,232071921
2024-08-16 10:11:06,23750.0,4800,Sell,232071922
2024-08-16 10:11:06,23750.0,100,Sell,232071920
2024-08-16 10:11:07,23750.0,2200,Sell,232071945
2024-08-16 10:11:07,23750.0,500,Sell,232071946
2024-08-16 10:11:07,23750.0,1000,Sell,232071947
2024-08-16 10:11:07,23750.0,100,Sell,232071948
2024-08-16 10:11:07,23750.0,1000,Sell,232071949
2024-08-16 10:11:07,23750.0,500,Sell,232071950
2024-08-16 10:11:07,23750.0,200,Sell,232071951
2024-08-16 10:11:08,23750.0,11800,Sell,232071995
2024-08-16 10:11:08,23750.0,500,Sell,232071994
2024-08-16 10:11:08,23750.0,5000,Sell,232071992
2024-08-16 10:11:08,23750.0,500,Sell,232071991
2024-08-16 10:11:08,23750.0,24000,Sell,232071990
2024-08-16 10:11:08,23750.0,1000,Sell,232071989
2024-08-16 10:11:08,23750.0,100,Sell,232071993
2024-08-16 10:11:08,23750.0,1000,Sell,232071987
2024-08-16 10:11:08,23750.0,200,Sell,232071986
2024-08-16 10:11:08,23750.0,1000,Sell,232071985
2024-08-16 10:11:08,23750.0,10000,Sell,232071984
2024-08-16 10:11:08,23750.0,100,Sell,232071968
2024-08-16 10:11:08,23750.0,3000,Sell,232071983
2024-08-16 10:11:08,23750.0,59700,Sell,232071982
2024-08-16 10:11:08,23750.0,1000,Sell,232071988
2024-08-16 10:11:09,23750.0,1400,Buy,232072018
2024-08-16 10:11:14,23750.0,100,Buy,232072172
2024-08-16 10:11:20,23750.0,700,Buy,232072419
2024-08-16 10:11:22,23750.0,1000,Buy,232072464
2024-08-16 10:11:23,23700.0,2000,Sell,232072481
2024-08-16 10:11:28,23750.0,700,Buy,232072641
2024-08-16 10:11:29,23750.0,3000,Buy,232072676
2024-08-16 10:11:30,23700.0,20000,Sell,232072684
2024-08-16 10:11:32,23700.0,5000,Sell,232072779
2024-08-16 10:11:35,23700.0,1000,Sell,232072918
2024-08-16 10:11:41,23700.0,1000,Sell,232073193
2024-08-16 10:11:41,23700.0,500,Sell,232073200
2024-08-16 10:11:41,23700.0,4800,Sell,232073199
2024-08-16 10:11:41,23700.0,1000,Sell,232073198
2024-08-16 10:11:41,23700.0,100,Sell,232073197
2024-08-16 10:11:41,23700.0,50000,Sell,232073196
2024-08-16 10:11:41,23700.0,1000,Sell,232073195
2024-08-16 10:11:41,23700.0,2000,Sell,232073194
2024-08-16 10:11:41,23700.0,1000,Sell,232073192
2024-08-16 10:11:41,23700.0,10800,Sell,232073182
2024-08-16 10:11:41,23700.0,200,Sell,232073190
2024-08-16 10:11:41,23700.0,2300,Sell,232073189
2024-08-16 10:11:41,23700.0,7500,Sell,232073188
2024-08-16 10:11:41,23700.0,5000,Sell,232073187
2024-08-16 10:11:41,23700.0,200,Sell,232073186
2024-08-16 10:11:41,23700.0,2000,Sell,232073185
2024-08-16 10:11:41,23700.0,900,Sell,232073184
2024-08-16 10:11:41,23700.0,10000,Sell,232073183
2024-08-16 10:11:41,23700.0,200,Sell,232073191
2024-08-16 10:11:45,23700.0,5800,Sell,232073311
2024-08-16 10:11:46,23700.0,200,Sell,232073348
2024-08-16 10:11:49,23700.0,100,Sell,232073453
2024-08-16 10:11:55,23700.0,5000,Sell,232073693
2024-08-16 10:11:56,23700.0,100,Sell,232073733
2024-08-16 10:11:59,23750.0,700,Buy,232073892
2024-08-16 10:12:03,23700.0,1000,Sell,232073993
2024-08-16 10:12:07,23700.0,10000,Sell,232074130
2024-08-16 10:12:08,23700.0,100,Sell,232074173
2024-08-16 10:12:09,23700.0,2400,Sell,232074188
2024-08-16 10:12:09,23700.0,2000,Sell,232074189
2024-08-16 10:12:09,23700.0,4700,Sell,232074190
2024-08-16 10:12:12,23700.0,300,Sell,232074261
2024-08-16 10:12:12,23700.0,1700,Sell,232074262
2024-08-16 10:12:15,23700.0,1600,Sell,232074360
2024-08-16 10:12:15,23700.0,8300,Sell,232074358
2024-08-16 10:12:15,23700.0,100,Sell,232074359
2024-08-16 10:12:17,23700.0,2000,Sell,232074451
2024-08-16 10:12:27,23700.0,500,Sell,232074717
2024-08-16 10:12:27,23700.0,100,Sell,232074719
2024-08-16 10:12:29,23700.0,1100,Sell,232074773
2024-08-16 10:12:30,23750.0,700,Buy,232074802
2024-08-16 10:12:33,23700.0,3300,Sell,232074868
2024-08-16 10:12:34,23700.0,500,Sell,232074905
2024-08-16 10:12:36,23700.0,200,Sell,232074964
2024-08-16 10:12:45,23700.0,300,Sell,232075178
2024-08-16 10:12:48,23700.0,12300,Sell,232075289
2024-08-16 10:12:49,23700.0,1800,Sell,232075318
2024-08-16 10:12:50,23700.0,100,Sell,232075353
2024-08-16 10:12:55,23700.0,100,Sell,232075520
2024-08-16 10:12:57,23700.0,4300,Sell,232075613
2024-08-16 10:13:00,23700.0,300,Sell,232075706
2024-08-16 10:13:00,23700.0,1000,Sell,232075695
2024-08-16 10:13:00,23700.0,100,Sell,232075704
2024-08-16 10:13:01,23700.0,700,Buy,232075729
2024-08-16 10:13:01,23700.0,400,Sell,232075718
2024-08-16 10:13:01,23700.0,2100,Sell,232075717
2024-08-16 10:13:01,23700.0,100,Sell,232075719
2024-08-16 10:13:01,23700.0,2000,Sell,232075715
2024-08-16 10:13:01,23700.0,1000,Sell,232075714
2024-08-16 10:13:01,23700.0,2000,Sell,232075713
2024-08-16 10:13:01,23700.0,10400,Sell,232075712
2024-08-16 10:13:01,23700.0,500,Sell,232075716
2024-08-16 10:13:03,23700.0,800,Buy,232075819
2024-08-16 10:13:04,23700.0,1100,Sell,232075861
2024-08-16 10:13:04,23700.0,1000,Sell,232075862
2024-08-16 10:13:09,23700.0,4700,Sell,232075947
2024-08-16 10:13:09,23700.0,1000,Sell,232075948
2024-08-16 10:13:09,23700.0,2000,Sell,232075949
2024-08-16 10:13:20,23700.0,2000,Buy,232076423
2024-08-16 10:13:20,23700.0,1800,Buy,232076421
2024-08-16 10:13:20,23700.0,1000,Buy,232076422
2024-08-16 10:13:21,23700.0,500,Sell,232076479
2024-08-16 10:13:32,23700.0,500,Sell,232077124
2024-08-16 10:13:33,23750.0,800,Buy,232077151
2024-08-16 10:13:34,23700.0,1000,Sell,232077199
2024-08-16 10:13:52,23700.0,1000,Sell,232077915
2024-08-16 10:13:59,23700.0,300,Sell,232078131
2024-08-16 10:14:00,23700.0,5000,Sell,232078164
2024-08-16 10:14:01,23700.0,400,Sell,232078231
2024-08-16 10:14:02,23700.0,100,Sell,232078271
2024-08-16 10:14:05,23700.0,3000,Sell,232078361
2024-08-16 10:14:05,23750.0,800,Buy,232078376
2024-08-16 10:14:30,23750.0,600,Buy,232079511
2024-08-16 10:14:33,23750.0,1000,Buy,232079732
2024-08-16 10:14:37,23750.0,800,Buy,232079904
2024-08-16 10:14:44,23700.0,30000,Sell,232080150
2024-08-16 10:14:51,23750.0,1000,Buy,232080540
2024-08-16 10:14:57,23750.0,2000,Buy,232080861
2024-08-16 10:15:07,23700.0,100,Sell,232081444
2024-08-16 10:15:08,23750.0,200,Buy,232081481
2024-08-16 10:15:09,23750.0,800,Buy,232081541
2024-08-16 10:15:15,23750.0,1500,Buy,232081843
2024-08-16 10:15:16,23750.0,200,Buy,232081871
2024-08-16 10:15:32,23750.0,1000,Buy,232082790
2024-08-16 10:15:41,23750.0,42100,Buy,232083166
2024-08-16 10:15:41,23750.0,8000,Buy,232083165
2024-08-16 10:15:41,23750.0,1000,Buy,232083164
2024-08-16 10:15:41,23750.0,1000,Buy,232083163
2024-08-16 10:15:41,23750.0,900,Buy,232083162
2024-08-16 10:15:41,23750.0,5000,Buy,232083160
2024-08-16 10:15:41,23750.0,9000,Buy,232083161
2024-08-16 10:15:41,23750.0,800,Buy,232083158
2024-08-16 10:15:41,23750.0,1000,Buy,232083157
2024-08-16 10:15:41,23750.0,5000,Buy,232083156
2024-08-16 10:15:41,23750.0,1000,Buy,232083155
2024-08-16 10:15:41,23750.0,7000,Buy,232083154
2024-08-16 10:15:41,23750.0,1000,Buy,232083153
2024-08-16 10:15:41,23750.0,112200,Buy,232083152
2024-08-16 10:15:41,23750.0,5000,Buy,232083159
2024-08-16 10:15:42,23750.0,700,Buy,232083286
2024-08-16 10:15:44,23750.0,3700,Buy,232083401
2024-08-16 10:15:44,23750.0,1000,Buy,232083400
2024-08-16 10:15:44,23750.0,400,Buy,232083399
2024-08-16 10:15:44,23750.0,100,Buy,232083398
2024-08-16 10:15:44,23750.0,300,Buy,232083397
2024-08-16 10:15:44,23750.0,300,Buy,232083396
2024-08-16 10:15:44,23750.0,100,Buy,232083395
2024-08-16 10:15:44,23750.0,1000,Buy,232083392
2024-08-16 10:15:44,23750.0,2500,Buy,232083393
2024-08-16 10:15:44,23750.0,2000,Buy,232083391
2024-08-16 10:15:44,23750.0,100,Buy,232083390
2024-08-16 10:15:44,23750.0,100,Buy,232083389
2024-08-16 10:15:44,23750.0,1000,Buy,232083388
2024-08-16 10:15:44,23750.0,7200,Buy,232083387
2024-08-16 10:15:44,23750.0,200,Buy,232083394
2024-08-16 10:15:45,23750.0,2000,Buy,232083485
2024-08-16 10:15:45,23700.0,12600,Sell,232083493
2024-08-16 10:15:45,23750.0,10900,Buy,232083486
2024-08-16 10:15:45,23750.0,5000,Buy,232083484
2024-08-16 10:15:45,23750.0,1300,Buy,232083479
2024-08-16 10:15:45,23750.0,200,Buy,232083482
2024-08-16 10:15:45,23750.0,500,Buy,232083481
2024-08-16 10:15:45,23750.0,20000,Buy,232083480
2024-08-16 10:15:45,23750.0,100,Buy,232083483
2024-08-16 10:15:47,23750.0,1600,Buy,232083559
2024-08-16 10:15:47,23750.0,500,Buy,232083558
2024-08-16 10:15:47,23750.0,1000,Buy,232083557
2024-08-16 10:15:47,23750.0,100,Buy,232083556
2024-08-16 10:15:47,23750.0,2000,Buy,232083555
2024-08-16 10:15:47,23750.0,30000,Buy,232083553
2024-08-16 10:15:47,23750.0,100,Buy,232083552
2024-08-16 10:15:47,23750.0,5000,Buy,232083551
2024-08-16 10:15:47,23750.0,200,Buy,232083550
2024-08-16 10:15:47,23750.0,300,Buy,232083549
2024-08-16 10:15:47,23750.0,9100,Buy,232083548
2024-08-16 10:15:47,23750.0,100,Buy,232083554
2024-08-16 10:15:50,23750.0,2300,Buy,232083750
2024-08-16 10:15:51,23750.0,100,Buy,232083792
2024-08-16 10:15:51,23750.0,800,Buy,232083793
2024-08-16 10:15:51,23750.0,1000,Buy,232083790
2024-08-16 10:15:51,23750.0,1100,Buy,232083789
2024-08-16 10:15:51,23750.0,2000,Buy,232083791
2024-08-16 10:15:52,23750.0,1000,Buy,232083880
2024-08-16 10:15:56,23750.0,500,Buy,232084074
2024-08-16 10:16:02,23750.0,5000,Buy,232084362
2024-08-16 10:16:04,23750.0,1000,Buy,232084437
2024-08-16 10:16:04,23750.0,1000,Buy,232084457
2024-08-16 10:16:09,23750.0,1000,Buy,232084679
2024-08-16 10:16:09,23750.0,900,Buy,232084675
2024-08-16 10:16:09,23750.0,100,Buy,232084674
2024-08-16 10:16:09,23750.0,200,Buy,232084673
2024-08-16 10:16:09,23750.0,100,Buy,232084672
2024-08-16 10:16:09,23750.0,100,Buy,232084671
2024-08-16 10:16:09,23750.0,100,Buy,232084669
2024-08-16 10:16:09,23750.0,100,Buy,232084668
2024-08-16 10:16:09,23750.0,100,Buy,232084667
2024-08-16 10:16:09,23750.0,1000,Buy,232084666
2024-08-16 10:16:09,23750.0,300,Buy,232084665
2024-08-16 10:16:09,23750.0,100,Buy,232084664
2024-08-16 10:16:09,23750.0,700,Buy,232084663
2024-08-16 10:16:09,23750.0,200,Buy,232084670
2024-08-16 10:16:13,23750.0,700,Buy,232084854
2024-08-16 10:16:23,23750.0,1400,Buy,232085445
2024-08-16 10:16:24,23750.0,1000,Buy,232085497
2024-08-16 10:16:25,23750.0,200,Buy,232085507
2024-08-16 10:16:32,23750.0,400,Buy,232085999
2024-08-16 10:16:32,23750.0,100,Buy,232085959
2024-08-16 10:16:32,23750.0,600,Buy,232085998
2024-08-16 10:16:43,23750.0,700,Buy,232086614
2024-08-16 10:16:46,23750.0,5000,Buy,232086769
2024-08-16 10:16:53,23750.0,6000,Buy,232087027
2024-08-16 10:16:55,23750.0,300,Buy,232087167
2024-08-16 10:16:55,23750.0,500,Buy,232087165
2024-08-16 10:16:55,23750.0,100,Buy,232087164
2024-08-16 10:16:55,23750.0,200,Buy,232087163
2024-08-16 10:16:55,23750.0,5000,Buy,232087166
2024-08-16 10:16:55,23750.0,300,Buy,232087161
2024-08-16 10:16:55,23750.0,500,Buy,232087160
2024-08-16 10:16:55,23750.0,8100,Buy,232087159
2024-08-16 10:16:55,23750.0,62900,Buy,232087154
2024-08-16 10:16:55,23750.0,10000,Buy,232087162
2024-08-16 10:16:58,23750.0,200,Sell,232087449
2024-08-16 10:17:05,23750.0,100,Sell,232087885
2024-08-16 10:17:07,23750.0,500,Sell,232087996
2024-08-16 10:17:09,23750.0,700,Sell,232088091
2024-08-16 10:17:10,23750.0,1000,Sell,232088187
2024-08-16 10:17:13,23800.0,700,Buy,232088338
2024-08-16 10:17:22,23750.0,1000,Sell,232088834
2024-08-16 10:17:28,23800.0,10000,Buy,232089200
2024-08-16 10:17:31,23750.0,100,Sell,232089378
2024-08-16 10:17:35,23750.0,5800,Sell,232089723
2024-08-16 10:17:35,23750.0,500,Sell,232089701
2024-08-16 10:17:35,23750.0,8500,Sell,232089700
2024-08-16 10:17:38,23800.0,1000,Buy,232089901
2024-08-16 10:17:39,23800.0,1000,Buy,232090008
2024-08-16 10:17:43,23800.0,700,Buy,232090187
2024-08-16 10:17:45,23750.0,100,Sell,232090315
2024-08-16 10:17:45,23750.0,100,Sell,232090335
2024-08-16 10:17:52,23750.0,5000,Sell,232090642
2024-08-16 10:17:53,23800.0,1400,Buy,232090712
2024-08-16 10:17:54,23750.0,4100,Sell,232090793
2024-08-16 10:17:54,23750.0,1000,Sell,232090794
2024-08-16 10:17:54,23750.0,700,Sell,232090795
2024-08-16 10:17:59,23800.0,4000,Buy,232091095
2024-08-16 10:18:02,23750.0,9000,Sell,232091208
2024-08-16 10:18:03,23750.0,20000,Sell,232091297
2024-08-16 10:18:07,23800.0,600,Buy,232091623
2024-08-16 10:18:07,23800.0,5000,Buy,232091629
2024-08-16 10:18:07,23800.0,8000,Buy,232091624
2024-08-16 10:18:07,23800.0,3000,Buy,232091625
2024-08-16 10:18:07,23800.0,800,Buy,232091626
2024-08-16 10:18:07,23800.0,3400,Buy,232091627
2024-08-16 10:18:07,23800.0,100,Buy,232091628
2024-08-16 10:18:07,23800.0,1000,Buy,232091630
2024-08-16 10:18:07,23800.0,200,Buy,232091636
2024-08-16 10:18:07,23800.0,400,Buy,232091632
2024-08-16 10:18:07,23800.0,2300,Buy,232091633
2024-08-16 10:18:07,23800.0,300,Buy,232091634
2024-08-16 10:18:07,23800.0,5000,Buy,232091635
2024-08-16 10:18:07,23800.0,100,Buy,232091622
2024-08-16 10:18:07,23800.0,500,Buy,232091637
2024-08-16 10:18:07,23800.0,500,Buy,232091638
2024-08-16 10:18:07,23800.0,2000,Buy,232091639
2024-08-16 10:18:07,23800.0,200,Buy,232091631
2024-08-16 10:18:07,23800.0,1000,Buy,232091621
2024-08-16 10:18:07,23800.0,500,Buy,232091615
2024-08-16 10:18:07,23800.0,500,Buy,232091619
2024-08-16 10:18:07,23800.0,500,Buy,232091600
2024-08-16 10:18:07,23800.0,500,Buy,232091601
2024-08-16 10:18:07,23800.0,20000,Buy,232091602
2024-08-16 10:18:07,23800.0,1000,Buy,232091603
2024-08-16 10:18:07,23800.0,100,Buy,232091605
2024-08-16 10:18:07,23800.0,200,Buy,232091606
2024-08-16 10:18:07,23800.0,100,Buy,232091607
2024-08-16 10:18:07,23800.0,600,Buy,232091608
2024-08-16 10:18:07,23800.0,1000,Buy,232091620
2024-08-16 10:18:07,23800.0,10000,Buy,232091609
2024-08-16 10:18:07,23800.0,1000,Buy,232091611
2024-08-16 10:18:07,23800.0,5000,Buy,232091612
2024-08-16 10:18:07,23800.0,100,Buy,232091613
2024-08-16 10:18:07,23800.0,1000,Buy,232091614
2024-08-16 10:18:07,23800.0,500,Buy,232091640
2024-08-16 10:18:07,23800.0,20000,Buy,232091616
2024-08-16 10:18:07,23800.0,4000,Buy,232091617
2024-08-16 10:18:07,23800.0,100,Buy,232091618
2024-08-16 10:18:07,23800.0,500,Buy,232091610
2024-08-16 10:18:07,23800.0,100,Buy,232091641
2024-08-16 10:18:07,23800.0,100,Buy,232091648
2024-08-16 10:18:07,23800.0,1000,Buy,232091643
2024-08-16 10:18:07,23800.0,500,Buy,232091678
2024-08-16 10:18:07,23800.0,7000,Buy,232091679
2024-08-16 10:18:07,23800.0,100,Buy,232091680
2024-08-16 10:18:07,23800.0,10000,Buy,232091681
2024-08-16 10:18:07,23800.0,5000,Buy,232091682
2024-08-16 10:18:07,23800.0,10000,Buy,232091683
2024-08-16 10:18:07,23800.0,5000,Buy,232091684
2024-08-16 10:18:07,23800.0,300,Buy,232091685
2024-08-16 10:18:07,23800.0,200,Buy,232091686
2024-08-16 10:18:07,23800.0,100,Buy,232091687
2024-08-16 10:18:07,23800.0,1000,Buy,232091688
2024-08-16 10:18:07,23800.0,100,Buy,232091689
2024-08-16 10:18:07,23800.0,200,Buy,232091690
2024-08-16 10:18:07,23800.0,100,Buy,232091691
2024-08-16 10:18:07,23800.0,1000,Buy,232091692
2024-08-16 10:18:07,23800.0,2000,Buy,232091693
2024-08-16 10:18:07,23800.0,500,Buy,232091694
2024-08-16 10:18:07,23800.0,300,Buy,232091677
2024-08-16 10:18:07,23800.0,3000,Buy,232091676
2024-08-16 10:18:07,23800.0,1000,Buy,232091675
2024-08-16 10:18:07,23800.0,100,Buy,232091674
2024-08-16 10:18:07,23800.0,100,Buy,232091644
2024-08-16 10:18:07,23800.0,500,Buy,232091645
2024-08-16 10:18:07,23800.0,100,Buy,232091646
2024-08-16 10:18:07,23800.0,100,Buy,232091647
2024-08-16 10:18:07,23800.0,5000,Buy,232091599
2024-08-16 10:18:07,23800.0,200,Buy,232091649
2024-08-16 10:18:07,23800.0,2500,Buy,232091650
2024-08-16 10:18:07,23800.0,500,Buy,232091651
2024-08-16 10:18:07,23800.0,200,Buy,232091642
2024-08-16 10:18:07,23800.0,100,Buy,232091652
2024-08-16 10:18:07,23800.0,2000,Buy,232091654
2024-08-16 10:18:07,23800.0,500,Buy,232091655
2024-08-16 10:18:07,23800.0,200,Buy,232091656
2024-08-16 10:18:07,23800.0,4900,Buy,232091657
2024-08-16 10:18:07,23800.0,1000,Buy,232091658
2024-08-16 10:18:07,23800.0,60000,Buy,232091659
2024-08-16 10:18:07,23800.0,500,Buy,232091661
2024-08-16 10:18:07,23800.0,100,Buy,232091662
2024-08-16 10:18:07,23800.0,1000,Buy,232091653
2024-08-16 10:18:07,23800.0,500,Buy,232091598
2024-08-16 10:18:07,23800.0,100,Buy,232091660
2024-08-16 10:18:07,23800.0,100,Buy,232091596
2024-08-16 10:18:07,23800.0,200,Buy,232091528
2024-08-16 10:18:07,23800.0,500,Buy,232091529
2024-08-16 10:18:07,23800.0,500,Buy,232091530
2024-08-16 10:18:07,23800.0,200,Buy,232091531
2024-08-16 10:18:07,23800.0,300,Buy,232091532
2024-08-16 10:18:07,23800.0,1000,Buy,232091533
2024-08-16 10:18:07,23800.0,1000,Buy,232091534
2024-08-16 10:18:07,23800.0,1000,Buy,232091535
2024-08-16 10:18:07,23800.0,100,Buy,232091527
2024-08-16 10:18:07,23800.0,100,Buy,232091536
2024-08-16 10:18:07,23800.0,500,Buy,232091538
2024-08-16 10:18:07,23800.0,1000,Buy,232091539
2024-08-16 10:18:07,23800.0,100,Buy,232091540
2024-08-16 10:18:07,23800.0,2000,Buy,232091541
2024-08-16 10:18:07,23800.0,100,Buy,232091542
2024-08-16 10:18:07,23800.0,100,Buy,232091543
2024-08-16 10:18:07,23800.0,2000,Buy,232091544
2024-08-16 10:18:07,23800.0,1500,Buy,232091545
2024-08-16 10:18:07,23800.0,200,Buy,232091537
2024-08-16 10:18:07,23800.0,500,Buy,232091597
2024-08-16 10:18:07,23800.0,100,Buy,232091526
2024-08-16 10:18:07,23800.0,1000,Buy,232091524
2024-08-16 10:18:07,23800.0,10000,Buy,232091506
2024-08-16 10:18:07,23800.0,18500,Buy,232091507
2024-08-16 10:18:07,23800.0,500,Buy,232091508
2024-08-16 10:18:07,23800.0,100,Buy,232091509
2024-08-16 10:18:07,23800.0,100,Buy,232091510
2024-08-16 10:18:07,23800.0,1000,Buy,232091511
2024-08-16 10:18:07,23800.0,500,Buy,232091512
2024-08-16 10:18:07,23800.0,800,Buy,232091513
2024-08-16 10:18:07,23800.0,200,Buy,232091525
2024-08-16 10:18:07,23800.0,500,Buy,232091514
2024-08-16 10:18:07,23800.0,100,Buy,232091516
2024-08-16 10:18:07,23800.0,500,Buy,232091517
2024-08-16 10:18:07,23800.0,200,Buy,232091518
2024-08-16 10:18:07,23800.0,100,Buy,232091519
2024-08-16 10:18:07,23800.0,2000,Buy,232091520
2024-08-16 10:18:07,23800.0,3000,Buy,232091521
2024-08-16 10:18:07,23800.0,2000,Buy,232091522
2024-08-16 10:18:07,23800.0,100,Buy,232091523
2024-08-16 10:18:07,23800.0,5000,Buy,232091515
2024-08-16 10:18:07,23800.0,2000,Buy,232091547
2024-08-16 10:18:07,23800.0,1000,Buy,232091546
2024-08-16 10:18:07,23800.0,100,Buy,232091549
2024-08-16 10:18:07,23800.0,1000,Buy,232091578
2024-08-16 10:18:07,23800.0,1000,Buy,232091579
2024-08-16 10:18:07,23800.0,100,Buy,232091580
2024-08-16 10:18:07,23800.0,100,Buy,232091581
2024-08-16 10:18:07,23800.0,100,Buy,232091582
2024-08-16 10:18:07,23800.0,100,Buy,232091583
2024-08-16 10:18:07,23800.0,200,Buy,232091584
2024-08-16 10:18:07,23800.0,1000,Buy,232091585
2024-08-16 10:18:07,23800.0,200,Buy,232091548
2024-08-16 10:18:07,23800.0,1000,Buy,232091586
2024-08-16 10:18:07,23800.0,100,Buy,232091588
2024-08-16 10:18:07,23800.0,2000,Buy,232091589
2024-08-16 10:18:07,23800.0,200,Buy,232091590
2024-08-16 10:18:07,23800.0,200,Buy,232091591
2024-08-16 10:18:07,23800.0,100,Buy,232091592
2024-08-16 10:18:07,23800.0,100000,Buy,232091593
2024-08-16 10:18:07,23800.0,1000,Buy,232091594
2024-08-16 10:18:07,23800.0,500,Buy,232091595
2024-08-16 10:18:07,23800.0,200,Buy,232091587
2024-08-16 10:18:07,23800.0,200,Buy,232091576
2024-08-16 10:18:07,23800.0,300,Buy,232091577
2024-08-16 10:18:07,23800.0,100,Buy,232091574
2024-08-16 10:18:07,23800.0,100,Buy,232091550
2024-08-16 10:18:07,23800.0,1000,Buy,232091551
2024-08-16 10:18:07,23800.0,400,Buy,232091552
2024-08-16 10:18:07,23800.0,300,Buy,232091553
2024-08-16 10:18:07,23800.0,2600,Buy,232091554
2024-08-16 10:18:07,23800.0,100,Buy,232091561
2024-08-16 10:18:07,23800.0,1000,Buy,232091562
2024-08-16 10:18:07,23800.0,500,Buy,232091575
2024-08-16 10:18:07,23800.0,300,Buy,232091564
2024-08-16 10:18:07,23800.0,2000,Buy,232091563
2024-08-16 10:18:07,23800.0,1000,Buy,232091566
2024-08-16 10:18:07,23800.0,3500,Buy,232091567
2024-08-16 10:18:07,23800.0,100,Buy,232091568
2024-08-16 10:18:07,23800.0,5000,Buy,232091569
2024-08-16 10:18:07,23800.0,500,Buy,232091570
2024-08-16 10:18:07,23800.0,5000,Buy,232091571
2024-08-16 10:18:07,23800.0,500,Buy,232091572
2024-08-16 10:18:07,23800.0,100,Buy,232091573
2024-08-16 10:18:07,23800.0,5100,Buy,232091565
2024-08-16 10:18:13,23850.0,100,Buy,232092027
2024-08-16 10:18:13,23850.0,100,Buy,232092028
2024-08-16 10:18:13,23850.0,600,Buy,232092029
2024-08-16 10:18:14,23800.0,2000,Sell,232092159
2024-08-16 10:18:14,23850.0,200,Buy,232092102
2024-08-16 10:18:14,23850.0,200,Buy,232092158
2024-08-16 10:18:15,23800.0,1000,Sell,232092272
2024-08-16 10:18:16,23800.0,5800,Sell,232092353
2024-08-16 10:18:16,23800.0,500,Sell,232092305
2024-08-16 10:18:17,23850.0,200,Buy,232092437
2024-08-16 10:18:23,23850.0,400,Buy,232092822
2024-08-16 10:18:23,23850.0,1000,Buy,232092823
2024-08-16 10:18:23,23850.0,100,Buy,232092824
2024-08-16 10:18:23,23850.0,100,Buy,232092825
2024-08-16 10:18:23,23850.0,100,Buy,232092826
2024-08-16 10:18:23,23850.0,300,Buy,232092827
2024-08-16 10:18:26,23850.0,800,Buy,232093075
2024-08-16 10:18:26,23850.0,200,Buy,232093074
2024-08-16 10:18:28,23850.0,500,Buy,232093146
2024-08-16 10:18:28,23850.0,400,Buy,232093147
2024-08-16 10:18:28,23850.0,1000,Buy,232093148
2024-08-16 10:18:28,23850.0,500,Buy,232093149
2024-08-16 10:18:28,23850.0,600,Buy,232093150
2024-08-16 10:18:28,23850.0,1200,Buy,232093145
2024-08-16 10:18:31,23850.0,400,Buy,232093310
2024-08-16 10:18:31,23850.0,100,Buy,232093311
2024-08-16 10:18:31,23850.0,1000,Buy,232093312
2024-08-16 10:18:31,23850.0,400,Buy,232093313
2024-08-16 10:18:35,23850.0,300,Buy,232093535
2024-08-16 10:18:39,23850.0,500,Buy,232093860
2024-08-16 10:18:39,23850.0,200,Buy,232093861
2024-08-16 10:18:39,23850.0,300,Buy,232093859
2024-08-16 10:18:42,23850.0,200,Buy,232094155
2024-08-16 10:18:42,23850.0,700,Buy,232094156
2024-08-16 10:18:45,23850.0,800,Buy,232094333
2024-08-16 10:18:45,23850.0,1200,Buy,232094334
2024-08-16 10:18:47,23800.0,2000,Sell,232094413
2024-08-16 10:18:53,23850.0,200,Buy,232094884
2024-08-16 10:18:54,23800.0,5800,Sell,232094912
2024-08-16 10:18:56,23800.0,100,Sell,232095065
2024-08-16 10:18:58,23850.0,2100,Buy,232095245
2024-08-16 10:18:58,23850.0,2900,Buy,232095246
2024-08-16 10:19:01,23850.0,200,Buy,232095409
2024-08-16 10:19:01,23850.0,200,Buy,232095408
2024-08-16 10:19:01,23850.0,100,Buy,232095407
2024-08-16 10:19:01,23850.0,100,Buy,232095406
2024-08-16 10:19:01,23850.0,300,Buy,232095405
2024-08-16 10:19:01,23850.0,200,Buy,232095404
2024-08-16 10:19:01,23850.0,200,Buy,232095403
2024-08-16 10:19:01,23850.0,1000,Buy,232095402
2024-08-16 10:19:01,23850.0,5000,Buy,232095398
2024-08-16 10:19:01,23850.0,500,Buy,232095400
2024-08-16 10:19:01,23850.0,3000,Buy,232095399
2024-08-16 10:19:01,23850.0,400,Buy,232095397
2024-08-16 10:19:01,23850.0,500,Buy,232095396
2024-08-16 10:19:01,23850.0,5000,Buy,232095395
2024-08-16 10:19:01,23850.0,200,Buy,232095394
2024-08-16 10:19:01,23850.0,100,Buy,232095393
2024-08-16 10:19:01,23850.0,2100,Buy,232095392
2024-08-16 10:19:01,23850.0,500,Buy,232095401
2024-08-16 10:19:03,23850.0,2800,Buy,232095472
2024-08-16 10:19:03,23850.0,7200,Buy,232095473
2024-08-16 10:19:06,23800.0,600,Sell,232095625
2024-08-16 10:19:07,23850.0,20000,Buy,232095649
2024-08-16 10:19:08,23850.0,300,Buy,232095716
2024-08-16 10:19:08,23850.0,2800,Buy,232095709
2024-08-16 10:19:08,23850.0,20000,Buy,232095699
2024-08-16 10:19:11,23850.0,100,Buy,232095917
2024-08-16 10:19:11,23850.0,200,Buy,232095918
2024-08-16 10:19:11,23850.0,100,Buy,232095919
2024-08-16 10:19:11,23850.0,100,Buy,232095920
2024-08-16 10:19:11,23850.0,100,Buy,232095921
2024-08-16 10:19:11,23850.0,500,Buy,232095922
2024-08-16 10:19:11,23850.0,700,Buy,232095923
2024-08-16 10:19:11,23850.0,200,Buy,232095924
2024-08-16 10:19:11,23850.0,200,Buy,232095925
2024-08-16 10:19:11,23850.0,100,Buy,232095926
2024-08-16 10:19:11,23850.0,500,Buy,232095927
2024-08-16 10:19:11,23850.0,100,Buy,232095934
2024-08-16 10:19:11,23850.0,200,Buy,232095929
2024-08-16 10:19:11,23850.0,5000,Buy,232095916
2024-08-16 10:19:11,23850.0,500,Buy,232095930
2024-08-16 10:19:11,23850.0,100,Buy,232095931
2024-08-16 10:19:11,23850.0,100,Buy,232095932
2024-08-16 10:19:11,23850.0,500,Buy,232095933
2024-08-16 10:19:11,23850.0,200,Buy,232095935
2024-08-16 10:19:11,23850.0,2000,Sell,232095936
2024-08-16 10:19:11,23850.0,6200,Sell,232095952
2024-08-16 10:19:11,23850.0,1000,Buy,232095953
2024-08-16 10:19:11,23850.0,2000,Buy,232095928
2024-08-16 10:19:11,23850.0,200,Buy,232095915
2024-08-16 10:19:11,23850.0,300,Buy,232095899
2024-08-16 10:19:11,23850.0,1000,Buy,232095913
2024-08-16 10:19:11,23850.0,300,Buy,232095890
2024-08-16 10:19:11,23850.0,300,Buy,232095891
2024-08-16 10:19:11,23850.0,1000,Buy,232095892
2024-08-16 10:19:11,23850.0,100,Buy,232095893
2024-08-16 10:19:11,23850.0,1500,Buy,232095894
2024-08-16 10:19:11,23850.0,200,Buy,232095896
2024-08-16 10:19:11,23850.0,100,Buy,232095897
2024-08-16 10:19:11,23850.0,500,Buy,232095898
2024-08-16 10:19:11,23850.0,20000,Buy,232095900
2024-08-16 10:19:11,23850.0,1000,Buy,232095901
2024-08-16 10:19:11,23850.0,2000,Buy,232095895
2024-08-16 10:19:11,23850.0,300,Buy,232095903
2024-08-16 10:19:11,23850.0,6400,Buy,232095902
2024-08-16 10:19:11,23850.0,2000,Buy,232095912
2024-08-16 10:19:11,23850.0,30000,Buy,232095911
2024-08-16 10:19:11,23850.0,2000,Buy,232095910
2024-08-16 10:19:11,23850.0,600,Buy,232095909
2024-08-16 10:19:11,23850.0,5000,Buy,232095914
2024-08-16 10:19:11,23850.0,3500,Buy,232095907
2024-08-16 10:19:11,23850.0,100,Buy,232095906
2024-08-16 10:19:11,23850.0,1000,Buy,232095905
2024-08-16 10:19:11,23850.0,400,Buy,232095904
2024-08-16 10:19:11,23850.0,500,Buy,232095908
2024-08-16 10:19:13,23850.0,2000,Buy,232096126
2024-08-16 10:19:15,23850.0,200,Buy,232096272
2024-08-16 10:19:15,23850.0,500,Buy,232096271
2024-08-16 10:19:15,23850.0,1000,Buy,232096269
2024-08-16 10:19:15,23850.0,800,Buy,232096268
2024-08-16 10:19:15,23850.0,500,Buy,232096270
2024-08-16 10:19:16,23800.0,5800,Sell,232096287
2024-08-16 10:19:17,23850.0,100,Buy,232096329
2024-08-16 10:19:20,23850.0,100,Sell,232096491
2024-08-16 10:19:26,23850.0,100,Sell,232096923
2024-08-16 10:19:27,23850.0,1200,Sell,232096956
2024-08-16 10:19:27,23850.0,1000,Sell,232096955
2024-08-16 10:19:27,23850.0,800,Sell,232096954
2024-08-16 10:19:27,23850.0,1700,Sell,232096952
2024-08-16 10:19:27,23850.0,300,Sell,232096953
2024-08-16 10:19:29,23850.0,2000,Sell,232097074
2024-08-16 10:19:30,23850.0,600,Sell,232097086
2024-08-16 10:19:34,23850.0,100,Sell,232097343
2024-08-16 10:19:36,23900.0,100,Buy,232097468
2024-08-16 10:19:36,23900.0,500,Buy,232097469
2024-08-16 10:19:36,23900.0,200,Buy,232097470
2024-08-16 10:19:37,23900.0,1500,Buy,232097573
2024-08-16 10:19:37,23850.0,100,Sell,232097588
2024-08-16 10:19:40,23850.0,100,Sell,232097798
2024-08-16 10:19:45,23850.0,100,Sell,232098205
2024-08-16 10:19:49,23900.0,800,Buy,232098487
2024-08-16 10:19:57,23900.0,300,Buy,232099042
2024-08-16 10:19:58,23900.0,100,Buy,232099116
2024-08-16 10:20:02,23900.0,2100,Buy,232099576
2024-08-16 10:20:02,23900.0,900,Buy,232099577
2024-08-16 10:20:05,23900.0,200,Buy,232099810
2024-08-16 10:20:05,23900.0,2300,Buy,232099811
2024-08-16 10:20:05,23900.0,1000,Buy,232099809
2024-08-16 10:20:05,23900.0,1100,Buy,232099805
2024-08-16 10:20:05,23900.0,100,Buy,232099807
2024-08-16 10:20:05,23900.0,100,Buy,232099806
2024-08-16 10:20:05,23900.0,200,Buy,232099808
2024-08-16 10:20:08,23850.0,700,Sell,232099961
2024-08-16 10:20:09,23900.0,2000,Buy,232100005
2024-08-16 10:20:13,23900.0,100,Buy,232100185
2024-08-16 10:20:13,23900.0,100,Buy,232100186
2024-08-16 10:20:14,23850.0,13000,Sell,232100234
2024-08-16 10:20:16,23900.0,500,Buy,232100403
2024-08-16 10:20:18,23850.0,6100,Sell,232100563
2024-08-16 10:20:18,23850.0,13900,Sell,232100564
2024-08-16 10:20:20,23850.0,1000,Sell,232100676
2024-08-16 10:20:22,23900.0,200,Buy,232100761
2024-08-16 10:20:22,23900.0,1500,Buy,232100772
2024-08-16 10:20:22,23850.0,400,Sell,232100749
2024-08-16 10:20:22,23900.0,500,Buy,232100760
2024-08-16 10:20:25,23850.0,5800,Sell,232101011
2024-08-16 10:20:31,23850.0,2900,Sell,232101335
2024-08-16 10:20:31,23850.0,300,Sell,232101336
2024-08-16 10:20:31,23850.0,10000,Sell,232101337
2024-08-16 10:20:31,23850.0,600,Sell,232101338
2024-08-16 10:20:31,23850.0,600,Sell,232101339
2024-08-16 10:20:32,23900.0,100,Buy,232101401
2024-08-16 10:20:33,23900.0,200,Buy,232101477
2024-08-16 10:20:34,23850.0,100,Sell,232101507
2024-08-16 10:20:35,23900.0,30000,Buy,232101618
2024-08-16 10:20:36,23850.0,500,Sell,232101683
2024-08-16 10:20:38,23900.0,900,Buy,232101827
2024-08-16 10:20:38,23900.0,5000,Buy,232101826
2024-08-16 10:20:38,23900.0,100,Buy,232101824
2024-08-16 10:20:38,23900.0,18000,Buy,232101823
2024-08-16 10:20:38,23900.0,1000,Buy,232101825
2024-08-16 10:20:42,23900.0,100,Buy,232102046
2024-08-16 10:20:42,23850.0,3000,Sell,232102055
2024-08-16 10:20:42,23900.0,7800,Buy,232102051
2024-08-16 10:20:42,23900.0,10000,Buy,232102050
2024-08-16 10:20:42,23900.0,100,Buy,232102049
2024-08-16 10:20:42,23900.0,1000,Buy,232102048
2024-08-16 10:20:42,23900.0,200,Buy,232102047
2024-08-16 10:20:42,23900.0,200,Buy,232102045
2024-08-16 10:20:42,23900.0,100,Buy,232102023
2024-08-16 10:20:42,23900.0,200,Buy,232102043
2024-08-16 10:20:42,23900.0,300,Buy,232102042
2024-08-16 10:20:42,23900.0,1000,Buy,232102027
2024-08-16 10:20:42,23900.0,100,Buy,232102026
2024-08-16 10:20:42,23900.0,500,Buy,232102025
2024-08-16 10:20:42,23900.0,1000,Buy,232102024
2024-08-16 10:20:42,23900.0,100,Buy,232102021
2024-08-16 10:20:42,23900.0,100,Buy,232102044
2024-08-16 10:20:42,23900.0,200,Buy,232102022
2024-08-16 10:20:43,23850.0,500,Sell,232102175
2024-08-16 10:20:46,23850.0,5800,Sell,232102401
2024-08-16 10:20:46,23850.0,100,Sell,232102407
2024-08-16 10:20:49,23900.0,500,Buy,232102531
2024-08-16 10:20:49,23850.0,200,Sell,232102553
2024-08-16 10:20:50,23900.0,1600,Buy,232102569
2024-08-16 10:20:50,23900.0,1600,Buy,232102570
2024-08-16 10:20:50,23900.0,5000,Buy,232102571
2024-08-16 10:20:50,23900.0,1800,Buy,232102572
2024-08-16 10:20:50,23850.0,400,Sell,232102580
2024-08-16 10:20:51,23900.0,200,Buy,232102630
2024-08-16 10:20:52,23900.0,600,Buy,232102723
2024-08-16 10:20:52,23900.0,100,Buy,232102722
2024-08-16 10:20:52,23850.0,400,Sell,232102721
2024-08-16 10:20:52,23900.0,500,Buy,232102693
2024-08-16 10:20:52,23900.0,500,Buy,232102692
2024-08-16 10:20:52,23900.0,3000,Buy,232102691
2024-08-16 10:20:52,23850.0,600,Sell,232102720
2024-08-16 10:20:57,23900.0,100,Buy,232103125
2024-08-16 10:20:57,23900.0,100,Buy,232103118
2024-08-16 10:20:57,23900.0,2000,Buy,232103119
2024-08-16 10:20:57,23900.0,100,Buy,232103120
2024-08-16 10:20:57,23900.0,200,Buy,232103121
2024-08-16 10:20:57,23900.0,2000,Buy,232103122
2024-08-16 10:20:57,23900.0,100,Buy,232103123
2024-08-16 10:20:57,23900.0,500,Buy,232103124
2024-08-16 10:20:57,23900.0,6300,Buy,232103135
2024-08-16 10:20:57,23900.0,300,Buy,232103144
2024-08-16 10:20:57,23900.0,100,Buy,232103137
2024-08-16 10:20:57,23900.0,5000,Buy,232103138
2024-08-16 10:20:57,23900.0,100,Buy,232103139
2024-08-16 10:20:57,23900.0,400,Buy,232103140
2024-08-16 10:20:57,23900.0,500,Buy,232103141
2024-08-16 10:20:57,23900.0,400,Buy,232103142
2024-08-16 10:20:57,23900.0,3000,Buy,232103117
2024-08-16 10:20:57,23900.0,22300,Buy,232103146
2024-08-16 10:20:57,23900.0,5000,Buy,232103136
2024-08-16 10:20:57,23900.0,100,Buy,232103116
2024-08-16 10:20:57,23900.0,100,Buy,232103145
2024-08-16 10:20:57,23900.0,100,Buy,232103114
2024-08-16 10:20:57,23900.0,2000,Buy,232103115
2024-08-16 10:20:57,23900.0,2400,Buy,232103089
2024-08-16 10:20:57,23900.0,1200,Buy,232103095
2024-08-16 10:20:57,23900.0,10000,Buy,232103096
2024-08-16 10:20:57,23900.0,100,Buy,232103097
2024-08-16 10:20:57,23900.0,100,Buy,232103098
2024-08-16 10:20:57,23900.0,200,Buy,232103099
2024-08-16 10:20:57,23900.0,800,Buy,232103100
2024-08-16 10:20:57,23900.0,100,Buy,232103101
2024-08-16 10:20:57,23900.0,1000,Buy,232103102
2024-08-16 10:20:57,23900.0,200,Buy,232103143
2024-08-16 10:20:57,23900.0,5000,Buy,232103104
2024-08-16 10:20:57,23900.0,500,Buy,232103112
2024-08-16 10:20:57,23900.0,300,Buy,232103111
2024-08-16 10:20:57,23900.0,1500,Buy,232103110
2024-08-16 10:20:57,23900.0,100,Buy,232103103
2024-08-16 10:20:57,23900.0,3000,Buy,232103113
