time,price,volume,match_type,id
2024-08-19 09:14:37,24100.0,77400,ATO/ATC,232510300
2024-08-19 09:14:38,24100.0,200,Sell,232510403
2024-08-19 09:14:38,24150.0,100,Buy,232510406
2024-08-19 09:14:39,24150.0,500,Buy,232510599
2024-08-19 09:14:39,24150.0,100,Buy,232510598
2024-08-19 09:14:39,24150.0,1000,Buy,232510597
2024-08-19 09:14:39,24150.0,100,Buy,232510596
2024-08-19 09:14:39,24150.0,2000,Buy,232510595
2024-08-19 09:14:39,24100.0,500,Sell,232510549
2024-08-19 09:14:39,24150.0,1000,Buy,232510593
2024-08-19 09:14:39,24150.0,100,Buy,232510590
2024-08-19 09:14:39,24150.0,5000,Buy,232510594
2024-08-19 09:14:39,24150.0,1000,Buy,232510592
2024-08-19 09:14:39,24150.0,500,Buy,232510591
2024-08-19 09:14:54,24150.0,100,Buy,232511135
2024-08-19 09:14:54,24150.0,300,Buy,232511138
2024-08-19 09:14:54,24150.0,300,Buy,232511134
2024-08-19 09:14:54,24150.0,100,Buy,232511136
2024-08-19 09:14:54,24150.0,4000,Buy,232511137
2024-08-19 09:15:11,24150.0,200,Sell,232511721
2024-08-19 09:15:12,24150.0,1000,Buy,232511804
2024-08-19 09:15:13,24150.0,800,Buy,232511824
2024-08-19 09:15:19,24150.0,200,Sell,232512039
2024-08-19 09:15:24,24200.0,1000,Buy,232512227
2024-08-19 09:15:24,24200.0,500,Buy,232512228
2024-08-19 09:15:25,24200.0,100,Buy,232512284
2024-08-19 09:15:28,24200.0,300,Buy,232512410
2024-08-19 09:15:28,24150.0,100,Sell,232512477
2024-08-19 09:15:29,24150.0,200,Sell,232512492
2024-08-19 09:15:30,24200.0,400,Buy,232512544
2024-08-19 09:15:30,24200.0,100,Buy,232512543
2024-08-19 09:15:30,24200.0,700,Buy,232512542
2024-08-19 09:15:30,24200.0,100,Buy,232512540
2024-08-19 09:15:30,24200.0,100,Buy,232512532
2024-08-19 09:15:30,24200.0,400,Buy,232512541
2024-08-19 09:15:30,24200.0,100,Buy,232512531
2024-08-19 09:15:33,24150.0,1000,Sell,232512677
2024-08-19 09:15:36,24200.0,100,Buy,232512794
2024-08-19 09:15:37,24200.0,100,Buy,232512858
2024-08-19 09:15:38,24200.0,1100,Buy,232512865
2024-08-19 09:15:38,24200.0,500,Buy,232512861
2024-08-19 09:15:38,24200.0,200,Buy,232512862
2024-08-19 09:15:38,24200.0,100,Buy,232512863
2024-08-19 09:15:38,24200.0,1000,Buy,232512864
2024-08-19 09:15:48,24150.0,3200,Sell,232513361
2024-08-19 09:15:49,24200.0,1000,Buy,232513415
2024-08-19 09:15:49,24200.0,700,Buy,232513426
2024-08-19 09:15:49,24200.0,100,Buy,232513425
2024-08-19 09:15:49,24200.0,200,Buy,232513424
2024-08-19 09:15:49,24200.0,100,Buy,232513423
2024-08-19 09:15:49,24200.0,100,Buy,232513422
2024-08-19 09:15:49,24200.0,3900,Buy,232513414
2024-08-19 09:15:49,24200.0,1000,Buy,232513420
2024-08-19 09:15:49,24200.0,100,Buy,232513419
2024-08-19 09:15:49,24200.0,200,Buy,232513418
2024-08-19 09:15:49,24200.0,100,Buy,232513417
2024-08-19 09:15:49,24200.0,100,Buy,232513416
2024-08-19 09:15:49,24200.0,100,Buy,232513421
2024-08-19 09:15:52,24200.0,200,Buy,232513620
2024-08-19 09:15:52,24200.0,800,Buy,232513621
2024-08-19 09:15:53,24200.0,800,Buy,232513656
2024-08-19 09:15:53,24200.0,200,Buy,232513655
2024-08-19 09:15:54,24200.0,1000,Buy,232513698
2024-08-19 09:15:54,24200.0,300,Buy,232513724
2024-08-19 09:15:54,24200.0,1000,Buy,232513726
2024-08-19 09:15:54,24200.0,1500,Buy,232513727
2024-08-19 09:15:54,24200.0,600,Buy,232513728
2024-08-19 09:15:54,24200.0,100,Buy,232513729
2024-08-19 09:15:54,24200.0,30000,Buy,232513730
2024-08-19 09:15:54,24200.0,100,Buy,232513731
2024-08-19 09:15:54,24200.0,600,Buy,232513732
2024-08-19 09:15:54,24200.0,500,Buy,232513733
2024-08-19 09:15:54,24200.0,2400,Buy,232513734
2024-08-19 09:15:54,24200.0,100,Buy,232513725
2024-08-19 09:15:57,24200.0,500,Sell,232513898
2024-08-19 09:16:08,24200.0,2000,Sell,232514468
2024-08-19 09:16:11,24200.0,9200,Sell,232514659
2024-08-19 09:16:17,24250.0,300,Buy,232515034
2024-08-19 09:16:17,24250.0,100,Buy,232515033
2024-08-19 09:16:19,24200.0,200,Sell,232515163
2024-08-19 09:16:24,24250.0,400,Buy,232515402
2024-08-19 09:16:26,24200.0,10800,Sell,232515520
2024-08-19 09:16:31,24200.0,1500,Sell,232515808
2024-08-19 09:16:32,24250.0,500,Buy,232515860
2024-08-19 09:16:32,24250.0,500,Buy,232515861
2024-08-19 09:16:40,24200.0,200,Sell,232516296
2024-08-19 09:16:41,24200.0,1000,Sell,232516339
2024-08-19 09:16:42,24250.0,100,Buy,232516432
2024-08-19 09:16:43,24200.0,3700,Sell,232516472
2024-08-19 09:16:45,24200.0,5000,Sell,232516614
2024-08-19 09:16:47,24250.0,400,Buy,232516749
2024-08-19 09:16:47,24250.0,200,Buy,232516750
2024-08-19 09:16:50,24200.0,200,Sell,232516934
2024-08-19 09:16:51,24200.0,1500,Sell,232516981
2024-08-19 09:16:51,24200.0,500,Sell,232516989
2024-08-19 09:16:53,24200.0,300,Sell,232517120
2024-08-19 09:16:56,24200.0,1000,Sell,232517232
2024-08-19 09:16:56,24200.0,5000,Sell,232517247
2024-08-19 09:16:58,24200.0,3300,Sell,232517391
2024-08-19 09:16:58,24200.0,2000,Sell,232517392
2024-08-19 09:16:58,24200.0,4300,Sell,232517393
2024-08-19 09:16:59,24200.0,700,Sell,232517440
2024-08-19 09:16:59,24200.0,500,Sell,232517441
2024-08-19 09:16:59,24200.0,1000,Sell,232517442
2024-08-19 09:17:03,24200.0,3000,Sell,232517637
2024-08-19 09:17:03,24200.0,500,Sell,232517638
2024-08-19 09:17:06,24200.0,5000,Sell,232517826
2024-08-19 09:17:07,24200.0,200,Sell,232517877
2024-08-19 09:17:09,24200.0,300,Sell,232517957
2024-08-19 09:17:09,24200.0,500,Sell,232517952
2024-08-19 09:17:09,24200.0,100,Sell,232517956
2024-08-19 09:17:09,24200.0,200,Sell,232517955
2024-08-19 09:17:09,24200.0,100,Sell,232517954
2024-08-19 09:17:09,24200.0,200,Sell,232517953
2024-08-19 09:17:09,24200.0,300,Sell,232517951
2024-08-19 09:17:09,24200.0,100,Sell,232517944
2024-08-19 09:17:09,24200.0,500,Sell,232517949
2024-08-19 09:17:09,24200.0,200,Sell,232517948
2024-08-19 09:17:09,24200.0,500,Sell,232517947
2024-08-19 09:17:09,24200.0,500,Sell,232517946
2024-08-19 09:17:09,24200.0,200,Sell,232517945
2024-08-19 09:17:09,24200.0,300,Sell,232517943
2024-08-19 09:17:09,24200.0,500,Sell,232517950
2024-08-19 09:17:11,24200.0,200,Buy,232518056
2024-08-19 09:17:12,24200.0,500,Buy,232518092
2024-08-19 09:17:14,24200.0,700,Buy,232518174
2024-08-19 09:17:14,24200.0,200,Buy,232518186
2024-08-19 09:17:21,24200.0,600,Buy,232518559
2024-08-19 09:17:24,24200.0,3000,Buy,232518798
2024-08-19 09:17:26,24150.0,1800,Sell,232518917
2024-08-19 09:17:28,24200.0,100,Buy,232518982
2024-08-19 09:17:40,24200.0,1000,Buy,232519556
2024-08-19 09:17:42,24200.0,100,Buy,232519638
2024-08-19 09:17:43,24150.0,5500,Sell,232519685
2024-08-19 09:17:48,24200.0,5000,Buy,232520036
2024-08-19 09:18:03,24200.0,200,Buy,232520752
2024-08-19 09:18:11,24200.0,13900,Buy,232521204
2024-08-19 09:18:12,24200.0,1000,Buy,232521213
2024-08-19 09:18:12,24200.0,1300,Buy,232521214
2024-08-19 09:18:12,24200.0,200,Buy,232521212
2024-08-19 09:18:12,24200.0,100,Buy,232521210
2024-08-19 09:18:12,24200.0,1500,Buy,232521208
2024-08-19 09:18:12,24200.0,1000,Buy,232521209
2024-08-19 09:18:12,24200.0,1000,Buy,232521211
2024-08-19 09:18:27,24150.0,7200,Sell,232522087
2024-08-19 09:18:27,24150.0,1000,Sell,232522088
2024-08-19 09:18:27,24150.0,100,Sell,232522089
2024-08-19 09:18:27,24150.0,400,Sell,232522090
2024-08-19 09:18:27,24150.0,1000,Sell,232522091
2024-08-19 09:18:27,24150.0,400,Sell,232522092
2024-08-19 09:18:29,24150.0,100,Sell,232522288
2024-08-19 09:18:29,24150.0,100,Sell,232522289
2024-08-19 09:18:29,24150.0,200,Sell,232522290
2024-08-19 09:18:38,24200.0,100,Buy,232522804
2024-08-19 09:18:40,24150.0,3200,Sell,232522912
2024-08-19 09:18:40,24150.0,200,Sell,232522874
2024-08-19 09:18:42,24150.0,100,Sell,232523013
2024-08-19 09:18:44,24150.0,1000,Sell,232523099
2024-08-19 09:18:44,24150.0,2000,Sell,232523100
2024-08-19 09:18:46,24150.0,7300,Sell,232523176
2024-08-19 09:18:51,24150.0,6000,Sell,232523578
2024-08-19 09:18:51,24150.0,200,Sell,232523579
2024-08-19 09:18:51,24150.0,3000,Sell,232523580
2024-08-19 09:18:51,24150.0,200,Sell,232523581
2024-08-19 09:18:51,24150.0,500,Sell,232523582
2024-08-19 09:18:51,24150.0,400,Sell,232523583
2024-08-19 09:18:51,24150.0,5700,Sell,232523584
2024-08-19 09:18:58,24200.0,2900,Buy,232523885
2024-08-19 09:19:10,24150.0,200,Sell,232524404
2024-08-19 09:19:11,24150.0,100,Sell,232524456
2024-08-19 09:19:11,24150.0,300,Sell,232524457
2024-08-19 09:19:11,24150.0,100,Sell,232524458
2024-08-19 09:19:11,24150.0,100,Sell,232524459
2024-08-19 09:19:11,24150.0,5000,Sell,232524460
2024-08-19 09:19:11,24150.0,200,Sell,232524461
2024-08-19 09:19:11,24150.0,9000,Sell,232524462
2024-08-19 09:19:11,24150.0,4100,Sell,232524455
2024-08-19 09:19:14,24150.0,3000,Sell,232524596
2024-08-19 09:19:14,24150.0,100,Sell,232524597
2024-08-19 09:19:14,24150.0,11000,Sell,232524594
2024-08-19 09:19:14,24150.0,500,Sell,232524595
2024-08-19 09:19:18,24150.0,200,Buy,232524763
2024-08-19 09:19:21,24150.0,500,Buy,232524936
2024-08-19 09:19:30,24150.0,100,Buy,232525287
2024-08-19 09:19:46,24150.0,500,Buy,232526036
2024-08-19 09:19:49,24150.0,200,Buy,232526136
2024-08-19 09:19:51,24150.0,300,Buy,232526261
2024-08-19 09:19:55,24100.0,500,Sell,232526402
2024-08-19 09:19:55,24100.0,4000,Sell,232526403
2024-08-19 09:19:55,24100.0,100,Sell,232526405
2024-08-19 09:19:55,24100.0,100,Sell,232526407
2024-08-19 09:19:55,24100.0,4400,Sell,232526408
2024-08-19 09:19:55,24100.0,300,Sell,232526401
2024-08-19 09:19:55,24100.0,500,Sell,232526406
2024-08-19 09:19:55,24100.0,300,Sell,232526400
2024-08-19 09:19:55,24100.0,600,Sell,232526404
2024-08-19 09:19:55,24100.0,100,Sell,232526398
2024-08-19 09:19:55,24100.0,4000,Sell,232526391
2024-08-19 09:19:55,24100.0,100,Sell,232526392
2024-08-19 09:19:55,24100.0,100,Sell,232526393
2024-08-19 09:19:55,24100.0,200,Sell,232526394
2024-08-19 09:19:55,24100.0,100,Sell,232526399
2024-08-19 09:19:55,24100.0,2000,Sell,232526395
2024-08-19 09:19:55,24100.0,100,Sell,232526396
2024-08-19 09:19:55,24100.0,700,Sell,232526397
2024-08-19 09:19:55,24100.0,31800,Sell,232526390
2024-08-19 09:20:01,24100.0,7600,Sell,232526651
2024-08-19 09:20:01,24100.0,500,Sell,232526652
2024-08-19 09:20:01,24100.0,600,Sell,232526653
2024-08-19 09:20:01,24100.0,500,Sell,232526654
2024-08-19 09:20:12,24100.0,800,Buy,232527050
2024-08-19 09:20:12,24100.0,100,Buy,232527051
2024-08-19 09:20:12,24150.0,100,Buy,232527052
2024-08-19 09:20:15,24100.0,400,Buy,232527176
2024-08-19 09:20:15,24150.0,3600,Buy,232527177
2024-08-19 09:20:18,24150.0,800,Buy,232527383
2024-08-19 09:20:31,24150.0,100,Buy,232527936
2024-08-19 09:20:33,24150.0,700,Buy,232528093
2024-08-19 09:20:33,24150.0,300,Buy,232528094
2024-08-19 09:20:35,24100.0,600,Sell,232528156
2024-08-19 09:20:41,24100.0,100,Sell,232528411
2024-08-19 09:20:43,24150.0,2100,Buy,232528466
2024-08-19 09:20:43,24150.0,100,Buy,232528467
2024-08-19 09:21:04,24150.0,900,Buy,232529336
2024-08-19 09:21:04,24150.0,200,Buy,232529337
2024-08-19 09:21:04,24150.0,900,Buy,232529338
2024-08-19 09:21:12,24100.0,100,Sell,232529701
2024-08-19 09:21:18,24100.0,2000,Sell,232529968
2024-08-19 09:21:18,24100.0,1800,Sell,232529969
2024-08-19 09:21:18,24100.0,500,Sell,232529966
2024-08-19 09:21:18,24100.0,500,Sell,232529965
2024-08-19 09:21:18,24100.0,9200,Sell,232529964
2024-08-19 09:21:18,24100.0,1000,Sell,232529967
2024-08-19 09:21:23,24100.0,200,Sell,232530224
2024-08-19 09:21:23,24100.0,100,Sell,232530225
2024-08-19 09:21:23,24100.0,3500,Sell,232530226
2024-08-19 09:21:23,24100.0,100,Sell,232530227
2024-08-19 09:21:23,24100.0,100,Sell,232530228
2024-08-19 09:21:32,24100.0,1000,Buy,232530521
2024-08-19 09:21:32,24100.0,400,Buy,232530522
2024-08-19 09:21:32,24100.0,200,Buy,232530523
2024-08-19 09:21:32,24100.0,100,Buy,232530524
2024-08-19 09:21:38,24100.0,200,Sell,232530735
2024-08-19 09:21:39,24100.0,100,Sell,232530794
2024-08-19 09:21:40,24100.0,2000,Sell,232530825
2024-08-19 09:21:42,24100.0,100,Sell,232530885
2024-08-19 09:21:47,24100.0,100,Sell,232531058
2024-08-19 09:21:49,24100.0,100,Sell,232531165
2024-08-19 09:21:50,24100.0,5700,Sell,232531186
2024-08-19 09:21:50,24100.0,100,Sell,232531187
2024-08-19 09:21:52,24100.0,100,Buy,232531241
2024-08-19 09:21:57,24100.0,400,Buy,232531447
2024-08-19 09:22:25,24100.0,200,Buy,232532405
2024-08-19 09:22:25,24100.0,500,Buy,232532406
2024-08-19 09:22:29,24100.0,2000,Buy,232532498
2024-08-19 09:22:39,24100.0,11000,Buy,232532846
2024-08-19 09:22:50,24100.0,500,Buy,232533225
2024-08-19 09:22:57,24050.0,500,Sell,232533491
2024-08-19 09:23:01,24050.0,100,Sell,232533752
2024-08-19 09:23:01,24050.0,100,Sell,232533753
2024-08-19 09:23:01,24050.0,100,Sell,232533760
2024-08-19 09:23:01,24050.0,100,Sell,232533751
2024-08-19 09:23:01,24050.0,1000,Sell,232533762
2024-08-19 09:23:01,24050.0,800,Sell,232533765
2024-08-19 09:23:01,24050.0,100,Sell,232533761
2024-08-19 09:23:01,24050.0,1000,Sell,232533750
2024-08-19 09:23:01,24050.0,1300,Sell,232533764
2024-08-19 09:23:01,24050.0,100,Sell,232533748
2024-08-19 09:23:01,24050.0,600,Sell,232533749
2024-08-19 09:23:01,24050.0,29500,Sell,232533741
2024-08-19 09:23:01,24050.0,200,Sell,232533742
2024-08-19 09:23:01,24050.0,300,Sell,232533743
2024-08-19 09:23:01,24050.0,3500,Sell,232533763
2024-08-19 09:23:01,24050.0,100,Sell,232533744
2024-08-19 09:23:01,24050.0,100,Sell,232533745
2024-08-19 09:23:01,24050.0,400,Sell,232533746
2024-08-19 09:23:01,24050.0,100,Sell,232533747
2024-08-19 09:23:08,24050.0,200,Sell,232534094
2024-08-19 09:23:08,24050.0,1300,Sell,232534095
2024-08-19 09:23:12,24050.0,6300,Sell,232534349
2024-08-19 09:23:12,24050.0,1000,Sell,232534347
2024-08-19 09:23:12,24050.0,500,Sell,232534346
2024-08-19 09:23:12,24050.0,800,Sell,232534345
2024-08-19 09:23:12,24050.0,1000,Sell,232534344
2024-08-19 09:23:12,24050.0,400,Sell,232534343
2024-08-19 09:23:12,24050.0,500,Sell,232534342
2024-08-19 09:23:12,24050.0,10000,Sell,232534341
2024-08-19 09:23:12,24050.0,300,Sell,232534348
2024-08-19 09:23:12,24050.0,200,Sell,232534339
2024-08-19 09:23:12,24050.0,100,Sell,232534338
2024-08-19 09:23:12,24050.0,1000,Sell,232534337
2024-08-19 09:23:12,24050.0,100,Sell,232534336
2024-08-19 09:23:12,24050.0,100,Sell,232534335
2024-08-19 09:23:12,24050.0,200,Sell,232534334
2024-08-19 09:23:12,24050.0,100,Sell,232534333
2024-08-19 09:23:12,24050.0,700,Sell,232534340
2024-08-19 09:23:12,24050.0,1000,Sell,232534332
2024-08-19 09:23:12,24050.0,700,Sell,232534331
2024-08-19 09:23:22,24050.0,300,Sell,232534689
2024-08-19 09:23:23,24050.0,2000,Sell,232534773
2024-08-19 09:23:25,24100.0,2000,Buy,232534827
2024-08-19 09:23:32,24050.0,1000,Sell,232535086
2024-08-19 09:23:32,24050.0,100,Sell,232535090
2024-08-19 09:23:32,24050.0,4400,Sell,232535085
2024-08-19 09:23:32,24050.0,200,Sell,232535087
2024-08-19 09:23:32,24050.0,100,Sell,232535088
2024-08-19 09:23:32,24050.0,100,Sell,232535089
2024-08-19 09:23:32,24050.0,100,Sell,232535091
2024-08-19 09:23:32,24050.0,100,Sell,232535098
2024-08-19 09:23:32,24050.0,37000,Sell,232535093
2024-08-19 09:23:32,24050.0,1000,Sell,232535094
2024-08-19 09:23:32,24050.0,100,Sell,232535095
2024-08-19 09:23:32,24050.0,300,Sell,232535096
2024-08-19 09:23:32,24050.0,3000,Sell,232535097
2024-08-19 09:23:32,24050.0,1800,Sell,232535100
2024-08-19 09:23:32,24050.0,200,Sell,232535084
2024-08-19 09:23:32,24050.0,1000,Sell,232535092
2024-08-19 09:23:32,24050.0,200,Sell,232535083
2024-08-19 09:23:32,24050.0,500,Sell,232535099
2024-08-19 09:23:32,24050.0,1000,Sell,232535079
2024-08-19 09:23:32,24050.0,1400,Sell,232535062
2024-08-19 09:23:32,24050.0,300,Sell,232535063
2024-08-19 09:23:32,24050.0,100,Sell,232535064
2024-08-19 09:23:32,24050.0,2200,Sell,232535065
2024-08-19 09:23:32,24050.0,3000,Sell,232535066
2024-08-19 09:23:32,24050.0,200,Sell,232535080
2024-08-19 09:23:32,24050.0,5000,Sell,232535068
2024-08-19 09:23:32,24050.0,600,Sell,232535069
2024-08-19 09:23:32,24050.0,200,Sell,232535067
2024-08-19 09:23:32,24050.0,2000,Sell,232535071
2024-08-19 09:23:32,24050.0,400,Sell,232535072
2024-08-19 09:23:32,24050.0,500,Sell,232535073
2024-08-19 09:23:32,24050.0,1000,Sell,232535074
2024-08-19 09:23:32,24050.0,100,Sell,232535075
2024-08-19 09:23:32,24050.0,100,Sell,232535076
2024-08-19 09:23:32,24050.0,1300,Sell,232535077
2024-08-19 09:23:32,24050.0,25000,Sell,232535078
2024-08-19 09:23:32,24050.0,4400,Sell,232535070
2024-08-19 09:23:38,24050.0,4300,Sell,232535388
2024-08-19 09:23:41,24000.0,27000,Sell,232535492
2024-08-19 09:23:46,24050.0,1000,Buy,232535682
2024-08-19 09:23:52,24000.0,2000,Sell,232535952
2024-08-19 09:23:54,24050.0,100,Buy,232535998
2024-08-19 09:24:04,24000.0,200,Sell,232536525
2024-08-19 09:24:05,24050.0,100,Buy,232536545
2024-08-19 09:24:12,24000.0,300,Sell,232536753
2024-08-19 09:24:12,24000.0,100,Sell,232536764
2024-08-19 09:24:12,24000.0,100,Sell,232536763
2024-08-19 09:24:12,24000.0,100,Sell,232536762
2024-08-19 09:24:12,24000.0,500,Sell,232536761
2024-08-19 09:24:12,24000.0,500,Sell,232536760
2024-08-19 09:24:12,24000.0,3900,Sell,232536765
2024-08-19 09:24:12,24000.0,300,Sell,232536758
2024-08-19 09:24:12,24000.0,300,Sell,232536759
2024-08-19 09:24:12,24000.0,300,Sell,232536754
2024-08-19 09:24:12,24000.0,800,Sell,232536752
2024-08-19 09:24:12,24000.0,400,Sell,232536756
2024-08-19 09:24:12,24000.0,200,Sell,232536757
2024-08-19 09:24:12,24000.0,2200,Sell,232536755
2024-08-19 09:24:22,24000.0,700,Sell,232537127
2024-08-19 09:24:25,24000.0,200,Sell,232537244
2024-08-19 09:24:26,24000.0,11500,Sell,232537277
2024-08-19 09:24:29,24050.0,100,Buy,232537404
2024-08-19 09:24:29,24050.0,300,Buy,232537405
2024-08-19 09:24:29,24050.0,100,Buy,232537403
2024-08-19 09:24:34,24050.0,300,Buy,232537584
2024-08-19 09:24:38,24000.0,500,Sell,232537700
2024-08-19 09:24:59,24050.0,3000,Buy,232538488
2024-08-19 09:25:11,24000.0,200,Sell,232539086
2024-08-19 09:25:11,24000.0,200,Sell,232539088
2024-08-19 09:25:11,24000.0,1000,Sell,232539087
2024-08-19 09:25:11,24000.0,300,Sell,232539085
2024-08-19 09:25:11,24000.0,500,Sell,232539083
2024-08-19 09:25:11,24000.0,200,Sell,232539082
2024-08-19 09:25:11,24000.0,6600,Sell,232539081
2024-08-19 09:25:11,24000.0,1000,Sell,232539084
2024-08-19 09:25:12,24000.0,100,Sell,232539162
2024-08-19 09:25:12,24000.0,100,Sell,232539163
2024-08-19 09:25:15,24050.0,100,Buy,232539252
2024-08-19 09:25:16,24000.0,600,Sell,232539295
2024-08-19 09:25:16,24000.0,100,Sell,232539296
2024-08-19 09:25:16,24000.0,1000,Sell,232539297
2024-08-19 09:25:16,24000.0,300,Sell,232539298
2024-08-19 09:25:16,24000.0,300,Sell,232539299
2024-08-19 09:25:16,24000.0,2700,Sell,232539300
2024-08-19 09:25:20,24050.0,200,Buy,232539452
2024-08-19 09:25:38,24000.0,3000,Sell,232540138
2024-08-19 09:25:38,24000.0,100,Sell,232540139
2024-08-19 09:25:38,24000.0,100,Sell,232540140
2024-08-19 09:25:38,24000.0,100,Sell,232540141
2024-08-19 09:25:38,24000.0,200,Sell,232540136
2024-08-19 09:25:38,24000.0,1000,Sell,232540142
2024-08-19 09:25:38,24000.0,1500,Sell,232540143
2024-08-19 09:25:38,24000.0,1000,Sell,232540146
2024-08-19 09:25:38,24000.0,100,Sell,232540144
2024-08-19 09:25:38,24000.0,500,Sell,232540145
2024-08-19 09:25:38,24000.0,1000,Sell,232540137
2024-08-19 09:25:38,24000.0,100,Sell,232540147
2024-08-19 09:25:38,24000.0,500,Sell,232540124
2024-08-19 09:25:38,24000.0,200,Sell,232540149
2024-08-19 09:25:38,24000.0,1000,Sell,232540150
2024-08-19 09:25:38,24000.0,700,Sell,232540151
2024-08-19 09:25:38,24000.0,1700,Sell,232540152
2024-08-19 09:25:38,24000.0,80000,Sell,232540153
2024-08-19 09:25:38,24000.0,1000,Sell,232540154
2024-08-19 09:25:38,24000.0,200,Sell,232540155
2024-08-19 09:25:38,24000.0,1000,Sell,232540156
2024-08-19 09:25:38,24000.0,1000,Sell,232540157
2024-08-19 09:25:38,24000.0,100,Sell,232540158
2024-08-19 09:25:38,24000.0,500,Sell,232540159
2024-08-19 09:25:38,24000.0,3000,Sell,232540160
2024-08-19 09:25:38,24000.0,300,Sell,232540135
2024-08-19 09:25:38,24000.0,4000,Sell,232540148
2024-08-19 09:25:38,24000.0,100,Sell,232540134
2024-08-19 09:25:38,24000.0,1000,Sell,232540120
2024-08-19 09:25:38,24000.0,200,Sell,232540132
2024-08-19 09:25:38,24000.0,17300,Sell,232540103
2024-08-19 09:25:38,24000.0,100,Sell,232540104
2024-08-19 09:25:38,24000.0,500,Sell,232540105
2024-08-19 09:25:38,24000.0,200,Sell,232540106
2024-08-19 09:25:38,24000.0,1000,Sell,232540107
2024-08-19 09:25:38,24000.0,400,Sell,232540108
2024-08-19 09:25:38,24000.0,300,Sell,232540109
2024-08-19 09:25:38,24000.0,1000,Sell,232540110
2024-08-19 09:25:38,24000.0,5000,Sell,232540111
2024-08-19 09:25:38,24000.0,200,Sell,232540112
2024-08-19 09:25:38,24000.0,500,Sell,232540113
2024-08-19 09:25:38,24000.0,100,Sell,232540114
2024-08-19 09:25:38,24000.0,1000,Sell,232540115
2024-08-19 09:25:38,24000.0,100,Sell,232540133
2024-08-19 09:25:38,24000.0,100,Sell,232540117
2024-08-19 09:25:38,24000.0,500,Sell,232540118
2024-08-19 09:25:38,24000.0,200,Sell,232540119
2024-08-19 09:25:38,24000.0,500,Sell,232540122
2024-08-19 09:25:38,24000.0,5000,Sell,232540123
2024-08-19 09:25:38,24000.0,2000,Sell,232540125
2024-08-19 09:25:38,24000.0,400,Sell,232540126
2024-08-19 09:25:38,24000.0,400,Sell,232540127
2024-08-19 09:25:38,24000.0,1000,Sell,232540128
2024-08-19 09:25:38,24000.0,500,Sell,232540129
2024-08-19 09:25:38,24000.0,5000,Sell,232540130
2024-08-19 09:25:38,24000.0,500,Sell,232540131
2024-08-19 09:25:38,24000.0,1000,Sell,232540116
2024-08-19 09:25:44,24050.0,100,Buy,232540444
2024-08-19 09:25:50,24050.0,3400,Buy,232540623
2024-08-19 09:25:50,24050.0,36000,Buy,232540621
2024-08-19 09:25:50,24050.0,600,Buy,232540622
2024-08-19 09:25:51,24000.0,500,Sell,232540680
2024-08-19 09:25:51,24000.0,100,Sell,232540681
2024-08-19 09:25:51,24000.0,400,Sell,232540682
2024-08-19 09:26:02,24000.0,200,Sell,232541121
2024-08-19 09:26:03,24000.0,100,Sell,232541219
2024-08-19 09:26:04,24000.0,300,Sell,232541242
2024-08-19 09:26:04,24000.0,700,Sell,232541243
2024-08-19 09:26:05,24000.0,200,Sell,232541291
2024-08-19 09:26:07,24000.0,700,Sell,232541328
2024-08-19 09:26:18,24000.0,200,Sell,232541804
2024-08-19 09:26:27,24000.0,100,Sell,232542087
2024-08-19 09:26:27,24000.0,200,Sell,232542088
2024-08-19 09:26:27,24000.0,1300,Sell,232542085
2024-08-19 09:26:27,24000.0,2200,Sell,232542084
2024-08-19 09:26:27,24000.0,1200,Sell,232542086
2024-08-19 09:26:28,24000.0,800,Sell,232542129
2024-08-19 09:26:28,24000.0,500,Sell,232542130
2024-08-19 09:26:28,24000.0,100,Sell,232542131
2024-08-19 09:26:28,24000.0,300,Sell,232542132
2024-08-19 09:26:28,24000.0,4300,Sell,232542133
2024-08-19 09:26:39,24000.0,600,Sell,232542535
2024-08-19 09:26:39,24000.0,100,Sell,232542533
2024-08-19 09:26:39,24000.0,700,Sell,232542532
2024-08-19 09:26:39,24000.0,100,Sell,232542534
2024-08-19 09:26:43,24000.0,400,Sell,232542781
2024-08-19 09:26:43,24000.0,2000,Sell,232542782
2024-08-19 09:26:43,24000.0,100,Sell,232542783
2024-08-19 09:26:43,24000.0,5800,Sell,232542784
2024-08-19 09:26:50,24050.0,1000,Buy,232543102
2024-08-19 09:26:51,24000.0,200,Sell,232543194
2024-08-19 09:26:52,24000.0,2500,Sell,232543250
2024-08-19 09:26:57,24000.0,1000,Sell,232543412
2024-08-19 09:26:57,24000.0,10000,Sell,232543423
2024-08-19 09:26:57,24000.0,200,Sell,232543422
2024-08-19 09:26:57,24000.0,10000,Sell,232543421
2024-08-19 09:26:57,24000.0,100,Sell,232543420
2024-08-19 09:26:57,24000.0,1000,Sell,232543419
2024-08-19 09:26:57,24000.0,1500,Sell,232543411
2024-08-19 09:26:57,24000.0,200,Sell,232543417
2024-08-19 09:26:57,24000.0,100,Sell,232543416
2024-08-19 09:26:57,24000.0,500,Sell,232543415
2024-08-19 09:26:57,24000.0,100,Sell,232543414
2024-08-19 09:26:57,24000.0,1000,Sell,232543413
2024-08-19 09:26:57,24000.0,4000,Sell,232543418
2024-08-19 09:27:06,24000.0,200,Buy,232543841
2024-08-19 09:27:08,23950.0,200,Sell,232543921
2024-08-19 09:27:08,23950.0,200,Sell,232543920
2024-08-19 09:27:18,23950.0,200,Sell,232544346
2024-08-19 09:27:24,24000.0,400,Buy,232544570
2024-08-19 09:27:34,24000.0,800,Buy,232544987
2024-08-19 09:27:59,23950.0,3000,Sell,232545927
2024-08-19 09:28:11,23950.0,200,Sell,232546365
2024-08-19 09:28:11,23950.0,200,Sell,232546366
2024-08-19 09:28:11,23950.0,100,Sell,232546367
2024-08-19 09:28:28,23950.0,600,Sell,232547011
2024-08-19 09:28:28,23950.0,100,Sell,232547012
2024-08-19 09:28:28,23950.0,100,Sell,232547013
2024-08-19 09:28:28,23950.0,1000,Sell,232547014
2024-08-19 09:28:28,23950.0,200,Sell,232547015
2024-08-19 09:28:37,23950.0,100,Sell,232547381
2024-08-19 09:28:47,23950.0,1500,Sell,232547663
2024-08-19 09:28:53,23950.0,200,Sell,232547801
2024-08-19 09:28:58,23950.0,100,Sell,232548017
2024-08-19 09:29:05,23950.0,500,Sell,232548207
2024-08-19 09:29:07,23950.0,1400,Sell,232548340
2024-08-19 09:29:07,23950.0,100,Sell,232548339
2024-08-19 09:29:07,23950.0,10000,Sell,232548338
2024-08-19 09:29:07,23950.0,100,Sell,232548337
2024-08-19 09:29:07,23950.0,1000,Sell,232548336
2024-08-19 09:29:07,23950.0,5000,Sell,232548335
2024-08-19 09:29:07,23950.0,1000,Sell,232548334
2024-08-19 09:29:07,23950.0,200,Sell,232548333
2024-08-19 09:29:07,23950.0,100,Sell,232548331
2024-08-19 09:29:07,23950.0,200,Sell,232548330
2024-08-19 09:29:07,23950.0,100,Sell,232548332
2024-08-19 09:29:07,23950.0,100,Sell,232548328
2024-08-19 09:29:07,23950.0,3600,Sell,232548327
2024-08-19 09:29:07,23950.0,6400,Sell,232548326
2024-08-19 09:29:07,23950.0,100,Sell,232548325
2024-08-19 09:29:07,23950.0,5000,Sell,232548324
2024-08-19 09:29:07,23950.0,500,Sell,232548323
2024-08-19 09:29:07,23950.0,1000,Sell,232548322
2024-08-19 09:29:07,23950.0,100,Sell,232548321
2024-08-19 09:29:07,23950.0,100,Sell,232548320
2024-08-19 09:29:07,23950.0,2400,Sell,232548319
2024-08-19 09:29:07,23950.0,100,Sell,232548329
2024-08-19 09:29:20,23950.0,500,Sell,232548776
2024-08-19 09:29:25,23950.0,600,Sell,232548940
2024-08-19 09:29:39,23950.0,200,Sell,232549496
2024-08-19 09:29:41,23950.0,400,Sell,232549549
2024-08-19 09:29:45,23950.0,1500,Sell,232549704
2024-08-19 09:29:46,23950.0,500,Sell,232549725
2024-08-19 09:29:52,23950.0,700,Sell,232549972
2024-08-19 09:29:52,23950.0,200,Sell,232549971
2024-08-19 09:29:53,23950.0,200,Sell,232550000
2024-08-19 09:30:02,24000.0,200,Buy,232550289
2024-08-19 09:30:21,24000.0,100,Buy,232551046
2024-08-19 09:30:22,24000.0,1000,Buy,232551071
2024-08-19 09:30:24,23950.0,100,Sell,232551161
2024-08-19 09:30:25,24000.0,500,Buy,232551204
2024-08-19 09:30:33,23950.0,1500,Sell,232551436
2024-08-19 09:30:47,23950.0,1000,Sell,232551860
2024-08-19 09:30:51,23950.0,100,Sell,232552030
2024-08-19 09:30:52,24000.0,100,Buy,232552075
2024-08-19 09:31:04,24000.0,1000,Buy,232552559
2024-08-19 09:31:24,24000.0,1000,Buy,232553275
2024-08-19 09:31:38,24000.0,300,Buy,232553646
2024-08-19 09:31:38,24000.0,500,Buy,232553666
2024-08-19 09:31:45,24000.0,4000,Buy,232553867
2024-08-19 09:32:00,24000.0,300,Buy,232554299
2024-08-19 09:32:05,24000.0,9900,Buy,232554436
2024-08-19 09:32:05,24000.0,100,Buy,232554437
2024-08-19 09:32:10,23950.0,100,Sell,232554618
2024-08-19 09:32:30,23950.0,100,Sell,232555252
2024-08-19 09:32:30,24000.0,100,Buy,232555246
2024-08-19 09:32:34,23950.0,800,Sell,232555379
2024-08-19 09:32:38,23950.0,200,Sell,232555454
2024-08-19 09:32:39,23950.0,5000,Sell,232555530
2024-08-19 09:32:42,23950.0,4200,Sell,232555642
2024-08-19 09:32:56,23950.0,4500,Sell,232556124
2024-08-19 09:33:00,23950.0,1600,Sell,232556248
2024-08-19 09:33:08,23950.0,100,Sell,232556587
2024-08-19 09:33:10,23950.0,100,Sell,232556660
2024-08-19 09:33:26,24000.0,1000,Buy,232557060
2024-08-19 09:33:26,24000.0,100,Buy,232557061
2024-08-19 09:33:26,24000.0,600,Buy,232557062
2024-08-19 09:33:26,24000.0,1000,Buy,232557063
2024-08-19 09:33:26,24000.0,1000,Buy,232557064
2024-08-19 09:33:26,24000.0,1300,Buy,232557065
2024-08-19 09:33:28,23950.0,200,Sell,232557126
2024-08-19 09:34:00,23950.0,5000,Sell,232558061
2024-08-19 09:34:23,24000.0,400,Buy,232558716
2024-08-19 09:34:40,24000.0,1000,Buy,232559302
2024-08-19 09:34:57,24000.0,3000,Buy,232559834
2024-08-19 09:35:00,23950.0,5000,Sell,232559898
2024-08-19 09:35:07,24000.0,500,Buy,232560026
2024-08-19 09:35:13,24000.0,2000,Buy,232560149
2024-08-19 09:35:21,24000.0,100,Buy,232560364
2024-08-19 09:35:23,24000.0,2000,Buy,232560436
2024-08-19 09:35:40,24000.0,100,Buy,232560922
2024-08-19 09:35:43,24000.0,400,Buy,232560995
2024-08-19 09:35:43,24000.0,900,Buy,232560994
2024-08-19 09:35:43,24000.0,500,Buy,232560993
2024-08-19 09:35:43,24000.0,400,Buy,232560991
2024-08-19 09:35:43,24000.0,200,Buy,232560992
2024-08-19 09:35:43,24000.0,400,Buy,232560996
2024-08-19 09:35:43,24000.0,200,Buy,232560990
2024-08-19 09:35:43,24000.0,5000,Buy,232560986
2024-08-19 09:35:43,24000.0,5000,Buy,232560988
2024-08-19 09:35:43,24000.0,100,Buy,232560987
2024-08-19 09:35:43,24000.0,100,Buy,232560985
2024-08-19 09:35:43,24000.0,100,Buy,232560984
2024-08-19 09:35:43,24000.0,18000,Buy,232560983
2024-08-19 09:35:43,24000.0,7000,Buy,232560982
2024-08-19 09:35:43,24000.0,700,Buy,232560989
2024-08-19 09:35:49,24000.0,800,Buy,232561259
2024-08-19 09:35:49,24000.0,100,Buy,232561260
2024-08-19 09:35:49,24000.0,500,Buy,232561258
2024-08-19 09:35:49,24000.0,6700,Buy,232561261
2024-08-19 09:35:49,24000.0,1500,Buy,232561256
2024-08-19 09:35:49,24000.0,200,Buy,232561255
2024-08-19 09:35:49,24000.0,100,Buy,232561257
2024-08-19 09:35:49,24000.0,100,Buy,232561254
2024-08-19 09:35:55,24000.0,2000,Buy,232561430
2024-08-19 09:35:55,24000.0,5000,Buy,232561446
2024-08-19 09:35:57,24000.0,500,Buy,232561473
2024-08-19 09:35:58,24000.0,100,Buy,232561525
2024-08-19 09:35:58,24000.0,2000,Buy,232561541
2024-08-19 09:35:58,24000.0,500,Buy,232561509
2024-08-19 09:35:59,24000.0,100,Buy,232561572
2024-08-19 09:35:59,24000.0,1200,Buy,232561571
2024-08-19 09:35:59,24000.0,100,Buy,232561570
2024-08-19 09:35:59,24000.0,300,Buy,232561569
2024-08-19 09:35:59,24000.0,1000,Buy,232561566
2024-08-19 09:35:59,24000.0,200,Buy,232561565
2024-08-19 09:35:59,24000.0,2000,Buy,232561568
2024-08-19 09:35:59,24000.0,100,Buy,232561563
2024-08-19 09:35:59,24000.0,2000,Buy,232561564
2024-08-19 09:35:59,24000.0,20200,Buy,232561557
2024-08-19 09:35:59,24000.0,1000,Buy,232561558
2024-08-19 09:35:59,24000.0,200,Buy,232561559
2024-08-19 09:35:59,24000.0,300,Buy,232561567
2024-08-19 09:35:59,24000.0,100,Buy,232561561
2024-08-19 09:35:59,24000.0,6500,Buy,232561562
2024-08-19 09:35:59,24000.0,2000,Buy,232561560
2024-08-19 09:36:00,24000.0,100,Sell,232561613
2024-08-19 09:36:12,24000.0,3800,Sell,232562194
2024-08-19 09:36:24,24000.0,8800,Sell,232562622
2024-08-19 09:36:24,24000.0,1000,Sell,232562626
2024-08-19 09:36:24,24000.0,200,Sell,232562627
2024-08-19 09:36:34,24050.0,100,Buy,232563070
2024-08-19 09:36:34,24000.0,3800,Sell,232562999
2024-08-19 09:36:34,24000.0,300,Sell,232563000
2024-08-19 09:36:36,24000.0,5000,Sell,232563109
2024-08-19 09:36:47,24000.0,100,Sell,232563514
2024-08-19 09:36:59,24000.0,4600,Sell,232563912
2024-08-19 09:36:59,24000.0,1600,Sell,232563916
2024-08-19 09:36:59,24000.0,200,Sell,232563913
2024-08-19 09:36:59,24000.0,200,Sell,232563914
2024-08-19 09:36:59,24000.0,300,Sell,232563915
2024-08-19 09:37:20,24050.0,100,Buy,232564808
2024-08-19 09:37:21,24000.0,300,Sell,232564953
2024-08-19 09:37:31,24000.0,100,Sell,232565277
2024-08-19 09:37:34,24000.0,700,Sell,232565377
2024-08-19 09:37:43,24000.0,100,Sell,232565816
2024-08-19 09:37:55,24000.0,100,Sell,232566217
2024-08-19 09:38:44,24000.0,4000,Sell,232568195
2024-08-19 09:39:00,24050.0,400,Buy,232568936
2024-08-19 09:39:00,24050.0,700,Buy,232568937
2024-08-19 09:39:11,24050.0,500,Buy,232569409
2024-08-19 09:39:16,24050.0,100,Buy,232569574
2024-08-19 09:39:21,24050.0,300,Buy,232569776
2024-08-19 09:39:21,24050.0,1000,Buy,232569785
2024-08-19 09:39:26,24050.0,1000,Buy,232569966
2024-08-19 09:39:36,24050.0,500,Buy,232570299
2024-08-19 09:39:51,24050.0,900,Buy,232571000
2024-08-19 09:39:51,24050.0,100,Buy,232571001
2024-08-19 09:39:51,24050.0,100,Buy,232571013
2024-08-19 09:39:53,24050.0,1000,Buy,232571080
2024-08-19 09:39:54,24050.0,200,Buy,232571103
2024-08-19 09:40:10,24050.0,100,Buy,232571671
2024-08-19 09:40:11,24050.0,500,Buy,232571719
2024-08-19 09:40:11,24050.0,1500,Buy,232571720
2024-08-19 09:40:13,24050.0,100,Buy,232571799
2024-08-19 09:40:15,24050.0,100,Buy,232571915
2024-08-19 09:40:19,24050.0,3100,Buy,232572111
2024-08-19 09:40:19,24050.0,300,Buy,232572110
2024-08-19 09:40:22,24050.0,27300,Buy,232572314
2024-08-19 09:40:22,24050.0,14900,Buy,232572313
2024-08-19 09:40:23,24050.0,100,Buy,232572335
2024-08-19 09:40:34,24050.0,300,Buy,232572799
2024-08-19 09:40:35,24050.0,10000,Buy,232572844
2024-08-19 09:40:35,24050.0,2800,Buy,232572857
2024-08-19 09:40:39,24050.0,200,Buy,232572967
2024-08-19 09:40:41,24050.0,200,Buy,232573099
2024-08-19 09:40:45,24050.0,5000,Buy,232573326
2024-08-19 09:40:47,24050.0,1000,Buy,232573425
2024-08-19 09:40:47,24050.0,100,Buy,232573442
2024-08-19 09:40:51,24050.0,1000,Buy,232573606
2024-08-19 09:40:54,24050.0,3000,Buy,232573707
2024-08-19 09:40:55,24050.0,20000,Buy,232573732
2024-08-19 09:40:56,24050.0,10000,Buy,232573882
2024-08-19 09:40:58,24050.0,400,Buy,232574166
2024-08-19 09:40:58,24050.0,200,Buy,232574165
2024-08-19 09:40:58,24050.0,400,Buy,232574164
2024-08-19 09:40:58,24050.0,100,Buy,232574163
2024-08-19 09:40:58,24050.0,200,Buy,232574162
2024-08-19 09:40:58,24050.0,200,Buy,232574161
2024-08-19 09:40:58,24050.0,100,Buy,232574159
2024-08-19 09:40:58,24050.0,100,Buy,232574160
2024-08-19 09:40:58,24050.0,300,Buy,232574157
2024-08-19 09:40:58,24050.0,200,Buy,232574156
2024-08-19 09:40:58,24050.0,5000,Buy,232574155
2024-08-19 09:40:58,24050.0,100,Buy,232574154
2024-08-19 09:40:58,24050.0,500,Buy,232574153
2024-08-19 09:40:58,24050.0,100,Buy,232574152
2024-08-19 09:40:58,24050.0,1100,Buy,232574158
2024-08-19 09:40:58,24050.0,1000,Buy,232574151
2024-08-19 09:41:00,24000.0,500,Sell,232574214
2024-08-19 09:41:02,24050.0,200,Buy,232574289
2024-08-19 09:41:02,24050.0,1500,Buy,232574290
2024-08-19 09:41:02,24050.0,200,Buy,232574291
2024-08-19 09:41:02,24050.0,200,Buy,232574292
2024-08-19 09:41:02,24050.0,700,Buy,232574296
2024-08-19 09:41:02,24050.0,100,Buy,232574294
2024-08-19 09:41:02,24050.0,500,Buy,232574295
2024-08-19 09:41:02,24050.0,100,Buy,232574297
2024-08-19 09:41:02,24050.0,200,Buy,232574293
2024-08-19 09:41:02,24050.0,800,Buy,232574288
2024-08-19 09:41:02,24050.0,100,Buy,232574280
2024-08-19 09:41:02,24050.0,400,Buy,232574286
2024-08-19 09:41:02,24050.0,500,Buy,232574287
2024-08-19 09:41:02,24050.0,100,Buy,232574276
2024-08-19 09:41:02,24050.0,100,Buy,232574277
2024-08-19 09:41:02,24050.0,1000,Buy,232574278
2024-08-19 09:41:02,24050.0,200,Buy,232574279
2024-08-19 09:41:02,24050.0,200,Buy,232574282
2024-08-19 09:41:02,24050.0,2000,Buy,232574283
2024-08-19 09:41:02,24050.0,100,Buy,232574284
2024-08-19 09:41:02,24050.0,500,Buy,232574285
2024-08-19 09:41:02,24050.0,900,Buy,232574281
2024-08-19 09:41:04,24050.0,500,Sell,232574348
2024-08-19 09:41:12,24050.0,10000,Sell,232574658
2024-08-19 09:41:30,24050.0,200,Sell,232575265
2024-08-19 09:41:34,24050.0,6000,Sell,232575401
2024-08-19 09:42:56,24050.0,1000,Sell,232578065
2024-08-19 09:42:59,24100.0,2000,Buy,232578176
2024-08-19 09:42:59,24100.0,9400,Buy,232578177
2024-08-19 09:42:59,24100.0,600,Buy,232578175
2024-08-19 09:43:03,24100.0,8300,Buy,232578299
2024-08-19 09:43:05,24050.0,5000,Sell,232578371
2024-08-19 09:43:11,24100.0,200,Buy,232578755
2024-08-19 09:43:20,24100.0,4400,Buy,232579132
2024-08-19 09:43:20,24100.0,200,Buy,232579131
2024-08-19 09:43:20,24100.0,300,Buy,232579130
2024-08-19 09:43:20,24100.0,30000,Buy,232579128
2024-08-19 09:43:20,24100.0,100,Buy,232579129
2024-08-19 09:43:20,24100.0,7000,Buy,232579127
2024-08-19 09:43:25,24100.0,20600,Buy,232579327
2024-08-19 09:43:25,24100.0,100,Buy,232579348
2024-08-19 09:43:25,24100.0,300,Buy,232579349
2024-08-19 09:43:25,24100.0,500,Buy,232579350
2024-08-19 09:43:25,24100.0,100,Buy,232579351
2024-08-19 09:43:25,24100.0,200,Buy,232579352
2024-08-19 09:43:25,24100.0,500,Buy,232579353
2024-08-19 09:43:25,24100.0,400,Buy,232579354
2024-08-19 09:43:25,24100.0,4000,Buy,232579355
2024-08-19 09:43:25,24100.0,100,Buy,232579358
2024-08-19 09:43:25,24100.0,300,Buy,232579359
2024-08-19 09:43:25,24100.0,100,Buy,232579360
2024-08-19 09:43:25,24100.0,100,Buy,232579361
2024-08-19 09:43:25,24100.0,500,Buy,232579362
2024-08-19 09:43:25,24100.0,100,Buy,232579363
2024-08-19 09:43:25,24100.0,2800,Buy,232579364
2024-08-19 09:43:25,24100.0,1100,Buy,232579347
2024-08-19 09:43:25,24100.0,2900,Buy,232579346
2024-08-19 09:43:25,24100.0,100,Buy,232579357
2024-08-19 09:43:25,24100.0,500,Buy,232579344
2024-08-19 09:43:25,24100.0,5000,Buy,232579345
2024-08-19 09:43:25,24100.0,200,Buy,232579328
2024-08-19 09:43:25,24100.0,500,Buy,232579329
2024-08-19 09:43:25,24100.0,100,Buy,232579330
2024-08-19 09:43:25,24100.0,1000,Buy,232579331
2024-08-19 09:43:25,24100.0,500,Buy,232579332
2024-08-19 09:43:25,24100.0,200,Buy,232579333
2024-08-19 09:43:25,24100.0,200,Buy,232579334
2024-08-19 09:43:25,24100.0,100,Buy,232579335
2024-08-19 09:43:25,24100.0,200,Buy,232579356
2024-08-19 09:43:25,24100.0,300,Buy,232579336
2024-08-19 09:43:25,24100.0,1000,Buy,232579337
2024-08-19 09:43:25,24100.0,300,Buy,232579338
2024-08-19 09:43:25,24100.0,100,Buy,232579339
2024-08-19 09:43:25,24100.0,900,Buy,232579340
2024-08-19 09:43:25,24100.0,100,Buy,232579341
2024-08-19 09:43:25,24100.0,3000,Buy,232579342
2024-08-19 09:43:25,24100.0,1000,Buy,232579343
2024-08-19 09:43:29,24100.0,200,Buy,232579506
2024-08-19 09:43:36,24100.0,500,Buy,232579787
2024-08-19 09:43:38,24100.0,3000,Buy,232579858
2024-08-19 09:43:42,24100.0,2000,Buy,232580030
2024-08-19 09:43:44,24100.0,100,Buy,232580096
2024-08-19 09:43:45,24100.0,100,Buy,232580177
2024-08-19 09:43:49,24100.0,200,Buy,232580320
2024-08-19 09:43:49,24100.0,1000,Buy,232580319
2024-08-19 09:43:49,24100.0,100,Buy,232580318
2024-08-19 09:43:49,24100.0,2300,Buy,232580317
2024-08-19 09:43:49,24100.0,6000,Buy,232580295
2024-08-19 09:43:52,24100.0,400,Sell,232580446
2024-08-19 09:44:01,24100.0,1000,Sell,232580819
2024-08-19 09:44:29,24100.0,100,Sell,232581665
2024-08-19 09:44:29,24100.0,3000,Sell,232581666
2024-08-19 09:44:29,24100.0,200,Sell,232581667
2024-08-19 09:44:29,24100.0,1700,Sell,232581668
2024-08-19 09:44:29,24100.0,5000,Sell,232581664
2024-08-19 09:44:43,24100.0,400,Sell,232582095
2024-08-19 09:44:49,24100.0,500,Sell,232582294
2024-08-19 09:44:51,24100.0,300,Sell,232582352
2024-08-19 09:44:54,24100.0,7100,Sell,232582519
2024-08-19 09:44:54,24100.0,7900,Sell,232582520
2024-08-19 09:44:57,24100.0,200,Sell,232582681
2024-08-19 09:45:08,24100.0,100,Sell,232583075
2024-08-19 09:45:45,24100.0,500,Sell,232584103
2024-08-19 09:46:12,24100.0,1000,Sell,232584861
2024-08-19 09:46:13,24150.0,100,Buy,232584898
2024-08-19 09:46:27,24150.0,200,Buy,232585302
2024-08-19 09:46:27,24150.0,100,Buy,232585301
2024-08-19 09:46:28,24150.0,200,Buy,232585372
2024-08-19 09:46:33,24150.0,100,Buy,232585694
2024-08-19 09:46:33,24150.0,8900,Buy,232585700
2024-08-19 09:47:12,24150.0,2500,Buy,232587321
2024-08-19 09:47:20,24150.0,4500,Buy,232587651
2024-08-19 09:47:27,24100.0,3200,Sell,232587937
2024-08-19 09:47:29,24150.0,100,Buy,232588029
2024-08-19 09:47:32,24150.0,5000,Buy,232588141
2024-08-19 09:47:38,24100.0,3200,Sell,232588414
2024-08-19 09:47:40,24150.0,500,Buy,232588478
2024-08-19 09:47:42,24150.0,600,Buy,232588534
2024-08-19 09:47:54,24100.0,10100,Sell,232589025
2024-08-19 09:47:57,24100.0,100,Sell,232589113
2024-08-19 09:48:17,24150.0,2000,Buy,232589764
2024-08-19 09:48:35,24150.0,100,Buy,232590423
2024-08-19 09:48:42,24150.0,400,Buy,232590679
2024-08-19 09:48:55,24100.0,300,Sell,232591183
2024-08-19 09:48:55,24150.0,500,Buy,232591193
2024-08-19 09:48:58,24150.0,800,Buy,232591323
2024-08-19 09:49:00,24100.0,5000,Sell,232591361
2024-08-19 09:49:01,24150.0,2000,Buy,232591377
2024-08-19 09:49:01,24150.0,3800,Buy,232591380
2024-08-19 09:49:02,24100.0,500,Sell,232591400
2024-08-19 09:49:03,24150.0,200,Buy,232591456
2024-08-19 09:49:08,24150.0,10600,Buy,232591649
2024-08-19 09:49:08,24100.0,600,Sell,232591650
2024-08-19 09:49:08,24150.0,300,Buy,232591647
2024-08-19 09:49:08,24150.0,1000,Buy,232591648
2024-08-19 09:49:08,24150.0,18100,Buy,232591646
2024-08-19 09:49:12,24100.0,5000,Sell,232591774
2024-08-19 09:49:19,24150.0,4000,Buy,232592085
2024-08-19 09:49:30,24150.0,1400,Buy,232592468
2024-08-19 09:49:38,24150.0,4500,Buy,232592813
2024-08-19 09:49:39,24150.0,500,Buy,232592845
2024-08-19 09:49:39,24150.0,3500,Buy,232592865
2024-08-19 09:49:56,24150.0,200,Buy,232593466
2024-08-19 09:49:58,24100.0,100,Sell,232593511
2024-08-19 09:50:01,24150.0,500,Buy,232593580
2024-08-19 09:50:04,24150.0,700,Buy,232593678
2024-08-19 09:50:13,24150.0,500,Buy,232593965
2024-08-19 09:50:22,24100.0,3000,Sell,232594312
2024-08-19 09:50:31,24150.0,13600,Buy,232594524
2024-08-19 09:50:31,24150.0,5000,Buy,232594523
2024-08-19 09:50:31,24150.0,100,Buy,232594522
2024-08-19 09:50:31,24150.0,2000,Buy,232594521
2024-08-19 09:50:31,24150.0,100,Buy,232594520
2024-08-19 09:50:31,24150.0,100,Buy,232594519
2024-08-19 09:50:31,24150.0,100,Buy,232594516
2024-08-19 09:50:31,24150.0,100,Buy,232594517
2024-08-19 09:50:31,24150.0,200,Buy,232594515
2024-08-19 09:50:31,24150.0,2000,Buy,232594513
2024-08-19 09:50:31,24150.0,3600,Buy,232594512
2024-08-19 09:50:31,24150.0,3000,Buy,232594518
2024-08-19 09:50:31,24150.0,100,Buy,232594514
2024-08-19 09:50:33,24100.0,100,Sell,232594598
2024-08-19 09:50:38,24150.0,2800,Buy,232594784
2024-08-19 09:50:38,24150.0,100,Buy,232594785
2024-08-19 09:50:38,24150.0,100,Buy,232594786
2024-08-19 09:50:44,24150.0,100,Buy,232594947
2024-08-19 09:50:50,24150.0,900,Buy,232595154
2024-08-19 09:50:52,24150.0,300,Buy,232595217
2024-08-19 09:51:00,24150.0,3000,Buy,232595507
2024-08-19 09:51:01,24150.0,20000,Buy,232595546
2024-08-19 09:51:06,24150.0,200,Buy,232595724
2024-08-19 09:51:07,24150.0,25500,Buy,232595744
2024-08-19 09:51:07,24150.0,1100,Buy,232595761
2024-08-19 09:51:07,24150.0,300,Buy,232595759
2024-08-19 09:51:07,24150.0,500,Buy,232595758
2024-08-19 09:51:07,24150.0,800,Buy,232595757
2024-08-19 09:51:07,24150.0,100,Buy,232595756
2024-08-19 09:51:07,24150.0,3000,Buy,232595755
2024-08-19 09:51:07,24150.0,10000,Buy,232595754
2024-08-19 09:51:07,24150.0,5000,Buy,232595760
2024-08-19 09:51:07,24150.0,300,Buy,232595752
2024-08-19 09:51:07,24150.0,1000,Buy,232595751
2024-08-19 09:51:07,24150.0,100,Buy,232595750
2024-08-19 09:51:07,24150.0,1000,Buy,232595749
2024-08-19 09:51:07,24150.0,2000,Buy,232595748
2024-08-19 09:51:07,24150.0,2000,Buy,232595747
2024-08-19 09:51:07,24150.0,2200,Buy,232595745
2024-08-19 09:51:07,24150.0,100,Buy,232595746
2024-08-19 09:51:07,24150.0,1000,Buy,232595753
2024-08-19 09:51:11,24150.0,500,Buy,232595904
2024-08-19 09:51:11,24150.0,100,Buy,232595967
2024-08-19 09:51:11,24150.0,100,Buy,232595968
2024-08-19 09:51:12,24150.0,200,Buy,232595992
2024-08-19 09:51:18,24150.0,1000,Buy,232596204
2024-08-19 09:51:18,24150.0,2000,Sell,232596252
2024-08-19 09:51:18,24150.0,200,Buy,232596203
2024-08-19 09:51:20,24200.0,100,Buy,232596306
2024-08-19 09:51:24,24150.0,30500,Sell,232596424
2024-08-19 09:51:31,24150.0,100,Sell,232596697
2024-08-19 09:51:35,24150.0,200,Sell,232596877
2024-08-19 09:51:35,24200.0,1200,Buy,232596884
2024-08-19 09:51:42,24200.0,4100,Buy,232597106
2024-08-19 09:51:42,24200.0,500,Buy,232597105
2024-08-19 09:51:42,24200.0,200,Buy,232597104
2024-08-19 09:51:42,24200.0,2000,Buy,232597101
2024-08-19 09:51:42,24200.0,200,Buy,232597102
2024-08-19 09:51:42,24200.0,100,Buy,232597103
2024-08-19 09:51:42,24200.0,14400,Buy,232597100
2024-08-19 09:51:49,24200.0,500,Buy,232597400
2024-08-19 09:51:49,24200.0,10000,Buy,232597401
2024-08-19 09:51:49,24200.0,5900,Buy,232597399
2024-08-19 09:52:01,24200.0,100,Buy,232597782
2024-08-19 09:52:12,24150.0,200,Sell,232598271
2024-08-19 09:52:23,24150.0,500,Sell,232598552
2024-08-19 09:52:23,24150.0,2000,Sell,232598558
2024-08-19 09:52:26,24200.0,8200,Buy,232598682
2024-08-19 09:52:26,24200.0,1000,Buy,232598680
2024-08-19 09:52:26,24200.0,100,Buy,232598681
2024-08-19 09:52:26,24200.0,500,Buy,232598677
2024-08-19 09:52:26,24200.0,100,Buy,232598676
2024-08-19 09:52:26,24200.0,9900,Buy,232598664
2024-08-19 09:52:26,24200.0,100,Buy,232598678
2024-08-19 09:52:26,24200.0,100,Buy,232598679
2024-08-19 09:52:29,24200.0,1800,Buy,232598790
2024-08-19 09:52:30,24200.0,1200,Buy,232598796
2024-08-19 09:52:38,24150.0,13300,Sell,232599111
2024-08-19 09:52:38,24150.0,1700,Sell,232599112
2024-08-19 09:52:39,24200.0,1500,Buy,232599202
2024-08-19 09:52:39,24200.0,500,Buy,232599207
2024-08-19 09:52:39,24200.0,200,Buy,232599206
2024-08-19 09:52:39,24200.0,100,Buy,232599205
2024-08-19 09:52:39,24200.0,200,Buy,232599204
2024-08-19 09:52:39,24200.0,1000,Buy,232599203
2024-08-19 09:52:39,24200.0,2000,Buy,232599201
2024-08-19 09:52:39,24200.0,100,Buy,232599199
2024-08-19 09:52:39,24200.0,1800,Buy,232599194
2024-08-19 09:52:39,24200.0,2000,Buy,232599195
2024-08-19 09:52:39,24200.0,100,Buy,232599200
2024-08-19 09:52:39,24200.0,100,Buy,232599197
2024-08-19 09:52:39,24200.0,200,Buy,232599196
2024-08-19 09:52:39,24200.0,200,Buy,232599198
2024-08-19 09:52:40,24200.0,200,Buy,232599250
2024-08-19 09:52:40,24200.0,100,Buy,232599266
2024-08-19 09:52:43,24150.0,100,Sell,232599343
2024-08-19 09:52:46,24150.0,1000,Sell,232599460
2024-08-19 09:53:05,24200.0,200,Buy,232600077
2024-08-19 09:53:07,24150.0,400,Sell,232600113
2024-08-19 09:53:21,24150.0,100,Sell,232600571
2024-08-19 09:53:27,24200.0,1000,Buy,232600714
2024-08-19 09:53:39,24200.0,300,Buy,232601172
2024-08-19 09:53:39,24200.0,600,Buy,232601173
2024-08-19 09:54:01,24200.0,100,Buy,232601859
2024-08-19 09:54:15,24200.0,200,Buy,232602423
2024-08-19 09:54:17,24150.0,100,Sell,232602511
2024-08-19 09:54:21,24150.0,100,Sell,232602624
2024-08-19 09:54:45,24150.0,400,Sell,232603422
2024-08-19 09:54:49,24150.0,5000,Sell,232603534
2024-08-19 09:54:51,24150.0,800,Sell,232603578
2024-08-19 09:54:52,24150.0,1000,Sell,232603613
2024-08-19 09:54:52,24200.0,300,Buy,232603622
2024-08-19 09:55:15,24150.0,400,Sell,232604235
2024-08-19 09:55:28,24200.0,400,Buy,232604676
2024-08-19 09:55:28,24200.0,100,Buy,232604678
2024-08-19 09:55:28,24200.0,500,Buy,232604679
2024-08-19 09:55:30,24150.0,4000,Sell,232604728
2024-08-19 09:55:33,24150.0,600,Sell,232604871
2024-08-19 09:55:41,24150.0,2000,Sell,232605194
2024-08-19 09:55:42,24150.0,2000,Sell,232605238
2024-08-19 09:55:46,24200.0,200,Buy,232605335
2024-08-19 09:55:47,24150.0,1000,Sell,232605364
2024-08-19 09:55:54,24150.0,500,Sell,232605554
2024-08-19 09:55:57,24150.0,500,Sell,232605643
2024-08-19 09:56:07,24150.0,200,Sell,232605930
2024-08-19 09:56:09,24150.0,3000,Sell,232605977
2024-08-19 09:56:17,24150.0,5000,Sell,232606276
2024-08-19 09:56:21,24150.0,5000,Sell,232606402
2024-08-19 09:56:28,24150.0,5000,Sell,232606652
2024-08-19 09:56:31,24150.0,100,Sell,232606717
2024-08-19 09:56:31,24150.0,200,Sell,232606718
2024-08-19 09:56:36,24150.0,100,Sell,232606868
2024-08-19 09:56:36,24150.0,2900,Sell,232606869
2024-08-19 09:56:37,24150.0,5000,Sell,232606892
2024-08-19 09:56:38,24150.0,200,Sell,232606907
2024-08-19 09:56:40,24150.0,200,Sell,232606992
2024-08-19 09:56:40,24150.0,1800,Sell,232606991
2024-08-19 09:56:40,24150.0,100,Sell,232606954
2024-08-19 09:56:41,24150.0,500,Sell,232607013
2024-08-19 09:56:45,24150.0,1300,Sell,232607113
2024-08-19 09:56:45,24150.0,300,Sell,232607114
2024-08-19 09:56:45,24150.0,800,Sell,232607115
2024-08-19 09:56:45,24150.0,200,Sell,232607130
2024-08-19 09:56:45,24150.0,800,Sell,232607131
2024-08-19 09:56:46,24150.0,8300,Sell,232607211
2024-08-19 09:56:46,24150.0,100,Sell,232607212
2024-08-19 09:56:47,24150.0,5000,Sell,232607228
2024-08-19 09:56:51,24150.0,500,Sell,232607333
2024-08-19 09:56:54,24150.0,200,Sell,232607433
2024-08-19 09:56:59,24150.0,500,Sell,232607622
2024-08-19 09:56:59,24150.0,500,Sell,232607628
2024-08-19 09:56:59,24150.0,2000,Sell,232607635
2024-08-19 09:57:01,24150.0,300,Sell,232607689
2024-08-19 09:57:01,24150.0,100,Sell,232607672
2024-08-19 09:57:02,24150.0,500,Sell,232607712
2024-08-19 09:57:09,24150.0,500,Sell,232607969
2024-08-19 09:57:09,24150.0,500,Sell,232607982
2024-08-19 09:57:09,24150.0,400,Sell,232607983
2024-08-19 09:57:09,24150.0,300,Sell,232607962
2024-08-19 09:57:10,24150.0,100,Sell,232607984
2024-08-19 09:57:10,24150.0,500,Sell,232607985
2024-08-19 09:57:10,24150.0,500,Sell,232607986
2024-08-19 09:57:10,24150.0,1500,Sell,232607987
2024-08-19 09:57:10,24150.0,500,Sell,232608010
2024-08-19 09:57:10,24150.0,500,Sell,232608011
2024-08-19 09:57:10,24150.0,100,Sell,232608012
2024-08-19 09:57:10,24150.0,2000,Sell,232608013
2024-08-19 09:57:10,24150.0,600,Sell,232608014
2024-08-19 09:57:10,24150.0,1300,Sell,232608015
2024-08-19 09:57:11,24150.0,600,Sell,232608034
2024-08-19 09:57:11,24150.0,200,Sell,232608033
2024-08-19 09:57:11,24150.0,700,Sell,232608030
2024-08-19 09:57:11,24150.0,200,Sell,232608031
2024-08-19 09:57:11,24150.0,100,Sell,232608032
2024-08-19 09:57:11,24150.0,1200,Sell,232608029
2024-08-19 09:57:13,24150.0,600,Sell,232608170
2024-08-19 09:57:14,24150.0,100,Sell,232608171
2024-08-19 09:57:14,24150.0,500,Sell,232608172
2024-08-19 09:57:14,24150.0,1800,Sell,232608173
2024-08-19 09:57:14,24150.0,100,Sell,232608202
2024-08-19 09:57:14,24150.0,100,Sell,232608203
2024-08-19 09:57:14,24150.0,100,Sell,232608204
2024-08-19 09:57:14,24150.0,200,Sell,232608205
2024-08-19 09:57:17,24150.0,100,Sell,232608320
2024-08-19 09:57:17,24150.0,1100,Sell,232608312
2024-08-19 09:57:17,24150.0,1000,Sell,232608310
2024-08-19 09:57:17,24150.0,1100,Sell,232608309
2024-08-19 09:57:17,24150.0,500,Sell,232608311
2024-08-19 09:57:18,24150.0,1200,Sell,232608340
2024-08-19 09:57:18,24150.0,300,Sell,232608349
2024-08-19 09:57:18,24150.0,100,Sell,232608350
2024-08-19 09:57:18,24150.0,400,Sell,232608351
2024-08-19 09:57:20,24150.0,500,Sell,232608368
2024-08-19 09:57:23,24150.0,100,Sell,232608482
2024-08-19 09:57:23,24150.0,100,Sell,232608480
2024-08-19 09:57:23,24150.0,500,Sell,232608479
2024-08-19 09:57:23,24150.0,500,Sell,232608478
2024-08-19 09:57:23,24150.0,2000,Sell,232608481
2024-08-19 09:57:23,24150.0,1700,Sell,232608476
2024-08-19 09:57:23,24150.0,200,Sell,232608463
2024-08-19 09:57:23,24150.0,100,Sell,232608462
2024-08-19 09:57:23,24150.0,600,Sell,232608461
2024-08-19 09:57:23,24150.0,100,Sell,232608460
2024-08-19 09:57:23,24150.0,100,Sell,232608477
2024-08-19 09:57:24,24150.0,8000,Sell,232608562
2024-08-19 09:57:24,24150.0,1100,Sell,232608561
2024-08-19 09:57:24,24150.0,4000,Sell,232608563
2024-08-19 09:57:24,24150.0,200,Sell,232608559
2024-08-19 09:57:24,24150.0,100,Sell,232608558
2024-08-19 09:57:24,24150.0,200,Sell,232608560
2024-08-19 09:57:26,24150.0,200,Buy,232608594
2024-08-19 09:57:27,24150.0,100,Buy,232608631
2024-08-19 09:57:41,24150.0,100,Buy,232608954
2024-08-19 09:58:23,24100.0,400,Sell,232610266
2024-08-19 09:58:23,24100.0,100,Sell,232610267
2024-08-19 09:58:23,24100.0,200,Sell,232610268
2024-08-19 09:58:29,24150.0,100,Buy,232610444
2024-08-19 09:58:30,24100.0,1500,Sell,232610465
2024-08-19 09:58:38,24100.0,300,Sell,232610702
2024-08-19 09:58:46,24100.0,1000,Sell,232610911
2024-08-19 09:58:48,24100.0,300,Sell,232610997
2024-08-19 09:58:51,24100.0,3500,Sell,232611047
2024-08-19 09:58:56,24100.0,1000,Sell,232611167
2024-08-19 09:58:57,24100.0,200,Sell,232611218
2024-08-19 09:59:05,24150.0,500,Buy,232611407
2024-08-19 09:59:09,24100.0,3800,Sell,232611518
2024-08-19 09:59:09,24100.0,2000,Sell,232611513
2024-08-19 09:59:09,24100.0,200,Sell,232611516
2024-08-19 09:59:09,24100.0,2000,Sell,232611517
2024-08-19 09:59:10,24100.0,100,Sell,232611532
2024-08-19 09:59:14,24150.0,500,Buy,232611639
2024-08-19 09:59:18,24100.0,1000,Sell,232611724
2024-08-19 09:59:26,24100.0,100,Sell,232611998
2024-08-19 09:59:26,24100.0,100,Sell,232611999
2024-08-19 09:59:26,24100.0,5000,Sell,232612005
2024-08-19 09:59:26,24100.0,100,Sell,232612006
2024-08-19 09:59:26,24100.0,200,Sell,232612007
2024-08-19 09:59:26,24100.0,2000,Sell,232612008
2024-08-19 09:59:26,24100.0,10000,Sell,232612009
2024-08-19 09:59:26,24100.0,100,Sell,232612010
2024-08-19 09:59:26,24100.0,1000,Sell,232612011
2024-08-19 09:59:26,24100.0,61600,Sell,232612012
2024-08-19 09:59:27,24100.0,3000,Sell,232612088
2024-08-19 09:59:34,24150.0,600,Buy,232612364
2024-08-19 09:59:36,24100.0,500,Sell,232612405
2024-08-19 09:59:38,24100.0,1000,Sell,232612465
2024-08-19 09:59:38,24100.0,100,Sell,232612453
2024-08-19 09:59:40,24100.0,13800,Sell,232612541
2024-08-19 09:59:40,24100.0,10000,Sell,232612542
2024-08-19 09:59:40,24100.0,10000,Sell,232612543
2024-08-19 09:59:40,24100.0,1000,Sell,232612544
2024-08-19 09:59:40,24100.0,500,Sell,232612545
2024-08-19 09:59:40,24100.0,200,Sell,232612546
2024-08-19 09:59:40,24100.0,300,Sell,232612547
2024-08-19 09:59:40,24100.0,200,Sell,232612548
2024-08-19 09:59:40,24100.0,4000,Sell,232612549
2024-08-19 09:59:44,24100.0,6400,Sell,232612672
2024-08-19 09:59:48,24100.0,100,Sell,232612753
2024-08-19 09:59:49,24100.0,5000,Sell,232612784
2024-08-19 09:59:53,24100.0,100,Sell,232612972
2024-08-19 09:59:55,24100.0,500,Sell,232613068
2024-08-19 09:59:55,24100.0,500,Sell,232613067
2024-08-19 10:00:04,24100.0,2200,Sell,232613261
2024-08-19 10:00:04,24100.0,3400,Sell,232613260
2024-08-19 10:00:04,24100.0,500,Sell,232613273
2024-08-19 10:00:04,24100.0,200,Sell,232613272
2024-08-19 10:00:04,24100.0,100,Sell,232613271
2024-08-19 10:00:04,24100.0,500,Sell,232613270
2024-08-19 10:00:04,24100.0,100,Sell,232613269
2024-08-19 10:00:04,24100.0,1000,Sell,232613278
2024-08-19 10:00:04,24100.0,2000,Sell,232613267
2024-08-19 10:00:04,24100.0,10000,Sell,232613266
2024-08-19 10:00:04,24100.0,200,Sell,232613265
2024-08-19 10:00:04,24100.0,200,Sell,232613264
2024-08-19 10:00:04,24100.0,10000,Sell,232613263
2024-08-19 10:00:04,24100.0,500,Sell,232613268
2024-08-19 10:00:04,24100.0,100,Sell,232613262
2024-08-19 10:00:07,24100.0,100,Sell,232613369
2024-08-19 10:00:07,24100.0,400,Sell,232613367
2024-08-19 10:00:07,24100.0,600,Sell,232613368
2024-08-19 10:00:10,24150.0,200,Buy,232613525
2024-08-19 10:00:11,24100.0,500,Sell,232613551
2024-08-19 10:00:12,24100.0,1400,Sell,232613580
2024-08-19 10:00:12,24100.0,200,Sell,232613581
2024-08-19 10:00:12,24100.0,100,Sell,232613582
2024-08-19 10:00:12,24100.0,100,Sell,232613583
2024-08-19 10:00:12,24100.0,100,Sell,232613584
2024-08-19 10:00:12,24100.0,100,Sell,232613585
2024-08-19 10:00:12,24100.0,1000,Sell,232613586
2024-08-19 10:00:16,24100.0,500,Sell,232613710
2024-08-19 10:00:17,24100.0,6100,Sell,232613734
2024-08-19 10:00:19,24100.0,2400,Sell,232613799
2024-08-19 10:00:19,24100.0,1600,Sell,232613800
2024-08-19 10:00:22,24100.0,100,Sell,232613866
2024-08-19 10:00:28,24100.0,2000,Sell,232614011
2024-08-19 10:00:29,24100.0,1000,Sell,232614051
2024-08-19 10:00:29,24100.0,300,Sell,232614052
2024-08-19 10:00:29,24100.0,800,Sell,232614053
2024-08-19 10:00:30,24100.0,500,Sell,232614131
2024-08-19 10:00:30,24100.0,200,Sell,232614130
2024-08-19 10:00:30,24100.0,400,Sell,232614129
2024-08-19 10:00:30,24100.0,200,Sell,232614128
2024-08-19 10:00:30,24100.0,1000,Sell,232614132
2024-08-19 10:00:30,24100.0,200,Sell,232614126
2024-08-19 10:00:30,24100.0,1000,Sell,232614125
2024-08-19 10:00:30,24100.0,100,Sell,232614124
2024-08-19 10:00:30,24100.0,1000,Sell,232614123
2024-08-19 10:00:30,24100.0,200,Sell,232614127
2024-08-19 10:00:30,24100.0,200,Sell,232614122
2024-08-19 10:00:34,24100.0,200,Sell,232614287
2024-08-19 10:00:34,24100.0,200,Sell,232614253
2024-08-19 10:00:34,24100.0,300,Sell,232614285
2024-08-19 10:00:34,24100.0,300,Sell,232614286
2024-08-19 10:00:38,24100.0,800,Sell,232614396
2024-08-19 10:00:58,24100.0,800,Sell,232614963
2024-08-19 10:01:06,24100.0,4000,Sell,232615125
2024-08-19 10:01:06,24100.0,1000,Sell,232615126
2024-08-19 10:01:06,24100.0,500,Sell,232615127
2024-08-19 10:01:08,24050.0,23200,Sell,232615175
2024-08-19 10:01:23,24050.0,500,Sell,232615584
2024-08-19 10:01:39,24100.0,100,Buy,232616045
2024-08-19 10:01:44,24050.0,200,Sell,232616131
2024-08-19 10:01:47,24100.0,4000,Buy,232616183
2024-08-19 10:01:58,24100.0,200,Buy,232616411
2024-08-19 10:02:08,24100.0,600,Buy,232616594
2024-08-19 10:02:18,24100.0,500,Buy,232616766
2024-08-19 10:02:24,24100.0,600,Buy,232616986
2024-08-19 10:02:30,24050.0,400,Sell,232617159
2024-08-19 10:02:51,24050.0,100,Sell,232617780
2024-08-19 10:03:02,24050.0,26000,Sell,232617985
2024-08-19 10:03:06,24050.0,4200,Sell,232618065
2024-08-19 10:03:13,24050.0,200,Sell,232618197
2024-08-19 10:03:19,24050.0,100,Sell,232618284
2024-08-19 10:03:23,24100.0,3900,Buy,232618354
2024-08-19 10:03:50,24100.0,500,Buy,232618931
2024-08-19 10:04:02,24050.0,200,Sell,232619180
2024-08-19 10:04:05,24100.0,100,Buy,232619325
2024-08-19 10:04:12,24100.0,100,Buy,232619610
2024-08-19 10:04:24,24050.0,500,Sell,232619881
2024-08-19 10:04:40,24050.0,100,Sell,232620298
2024-08-19 10:04:55,24100.0,3100,Buy,232620695
2024-08-19 10:05:13,24100.0,800,Buy,232621084
2024-08-19 10:05:13,24100.0,100,Buy,232621085
2024-08-19 10:05:13,24100.0,200,Buy,232621086
2024-08-19 10:05:13,24100.0,1000,Buy,232621087
2024-08-19 10:05:13,24100.0,100,Buy,232621088
2024-08-19 10:05:13,24100.0,500,Buy,232621089
2024-08-19 10:05:13,24100.0,100,Buy,232621090
2024-08-19 10:05:13,24100.0,37200,Buy,232621091
2024-08-19 10:05:15,24050.0,2000,Sell,232621136
2024-08-19 10:05:19,24050.0,2000,Sell,232621215
2024-08-19 10:05:34,24100.0,100,Buy,232621498
2024-08-19 10:05:48,24100.0,1000,Buy,232621900
2024-08-19 10:05:48,24100.0,100,Buy,232621899
2024-08-19 10:05:48,24100.0,16200,Buy,232621901
2024-08-19 10:05:48,24100.0,1000,Buy,232621897
2024-08-19 10:05:48,24100.0,10000,Buy,232621898
2024-08-19 10:05:48,24100.0,62700,Buy,232621896
2024-08-19 10:05:50,24100.0,2700,Buy,232621933
2024-08-19 10:05:50,24100.0,1200,Buy,232621934
2024-08-19 10:06:01,24100.0,400,Buy,232622158
2024-08-19 10:06:01,24100.0,1200,Buy,232622153
2024-08-19 10:06:01,24100.0,600,Buy,232622157
2024-08-19 10:06:04,24100.0,100,Buy,232622198
2024-08-19 10:06:09,24100.0,100,Buy,232622259
2024-08-19 10:06:12,24100.0,600,Buy,232622337
2024-08-19 10:06:12,24100.0,300,Buy,232622338
2024-08-19 10:06:12,24100.0,200,Buy,232622339
2024-08-19 10:06:12,24100.0,400,Buy,232622362
2024-08-19 10:06:16,24100.0,100,Buy,232622459
2024-08-19 10:06:47,24100.0,800,Buy,232623119
2024-08-19 10:06:47,24100.0,400,Buy,232623120
2024-08-19 10:06:50,24050.0,2000,Sell,232623160
2024-08-19 10:07:08,24050.0,1000,Sell,232623494
2024-08-19 10:07:10,24050.0,300,Sell,232623530
2024-08-19 10:07:25,24050.0,300,Sell,232623911
2024-08-19 10:07:28,24050.0,100,Sell,232623929
2024-08-19 10:07:30,24100.0,300,Buy,232623984
2024-08-19 10:07:30,24100.0,100,Buy,232623983
2024-08-19 10:07:30,24100.0,100,Buy,232623981
2024-08-19 10:07:30,24100.0,500,Buy,232623982
2024-08-19 10:08:18,24100.0,100,Buy,232625019
2024-08-19 10:08:48,24050.0,3300,Sell,232625644
2024-08-19 10:08:48,24050.0,1700,Sell,232625645
2024-08-19 10:09:10,24050.0,100,Sell,232626069
2024-08-19 10:09:18,24050.0,100,Sell,232626218
2024-08-19 10:09:21,24050.0,100,Sell,232626306
2024-08-19 10:09:24,24050.0,600,Sell,232626395
2024-08-19 10:09:50,24050.0,40000,Sell,232626798
2024-08-19 10:09:50,24050.0,1000,Sell,232626799
2024-08-19 10:09:50,24050.0,500,Sell,232626800
2024-08-19 10:09:50,24050.0,1000,Sell,232626801
2024-08-19 10:09:50,24050.0,2000,Sell,232626802
2024-08-19 10:09:50,24050.0,100,Sell,232626803
2024-08-19 10:09:50,24050.0,5400,Sell,232626797
2024-08-19 10:10:07,24050.0,100,Sell,232627072
2024-08-19 10:10:09,24050.0,100,Sell,232627102
2024-08-19 10:10:09,24050.0,900,Sell,232627103
2024-08-19 10:10:16,24050.0,1000,Sell,232627215
2024-08-19 10:10:16,24050.0,3000,Sell,232627220
2024-08-19 10:10:35,24050.0,100,Sell,232627574
2024-08-19 10:10:48,24050.0,100,Sell,232627886
2024-08-19 10:10:55,24050.0,100,Sell,232628000
2024-08-19 10:11:27,24050.0,100,Sell,232628566
2024-08-19 10:12:00,24100.0,100,Buy,232629175
2024-08-19 10:12:00,24100.0,1000,Buy,232629176
2024-08-19 10:12:00,24100.0,900,Buy,232629177
2024-08-19 10:12:02,24100.0,1100,Buy,232629260
2024-08-19 10:12:02,24100.0,100,Buy,232629261
2024-08-19 10:12:02,24100.0,8800,Buy,232629262
2024-08-19 10:12:04,24100.0,1000,Buy,232629290
2024-08-19 10:12:08,24100.0,8300,Buy,232629331
2024-08-19 10:12:17,24050.0,200,Sell,232629462
2024-08-19 10:12:23,24050.0,200,Sell,232629550
2024-08-19 10:12:38,24100.0,14000,Buy,232629841
2024-08-19 10:12:38,24100.0,1000,Buy,232629839
2024-08-19 10:12:38,24100.0,900,Buy,232629838
2024-08-19 10:12:38,24100.0,100,Buy,232629840
2024-08-19 10:12:47,24050.0,10000,Sell,232630022
2024-08-19 10:13:05,24050.0,200,Sell,232630256
2024-08-19 10:13:22,24050.0,3500,Sell,232630516
2024-08-19 10:13:26,24050.0,300,Sell,232630580
2024-08-19 10:13:54,24050.0,100,Sell,232631009
2024-08-19 10:13:54,24050.0,6000,Sell,232631010
2024-08-19 10:13:54,24050.0,100,Sell,232631011
2024-08-19 10:13:54,24050.0,500,Sell,232631012
2024-08-19 10:13:54,24050.0,5000,Sell,232631015
2024-08-19 10:13:54,24050.0,100,Sell,232631014
2024-08-19 10:13:54,24050.0,300,Sell,232631008
2024-08-19 10:13:54,24050.0,100,Sell,232631016
2024-08-19 10:13:54,24050.0,10800,Sell,232631017
2024-08-19 10:13:54,24050.0,200,Sell,232631013
2024-08-19 10:13:54,24050.0,5000,Sell,232631007
2024-08-19 10:13:54,24050.0,10000,Sell,232630997
2024-08-19 10:13:54,24050.0,100,Sell,232631005
2024-08-19 10:13:54,24050.0,200,Sell,232631006
2024-08-19 10:13:54,24050.0,200,Sell,232630996
2024-08-19 10:13:54,24050.0,200,Sell,232630998
2024-08-19 10:13:54,24050.0,200,Sell,232630999
2024-08-19 10:13:54,24050.0,300,Sell,232630995
2024-08-19 10:13:54,24050.0,100,Sell,232631001
2024-08-19 10:13:54,24050.0,300,Sell,232631000
2024-08-19 10:13:54,24050.0,10000,Sell,232631004
2024-08-19 10:13:54,24050.0,100,Sell,232631002
2024-08-19 10:13:54,24050.0,100,Sell,232631003
2024-08-19 10:14:10,24050.0,5000,Sell,232631282
2024-08-19 10:14:55,24050.0,5000,Sell,232632135
2024-08-19 10:14:55,24050.0,100,Sell,232632134
2024-08-19 10:14:55,24050.0,10200,Sell,232632136
2024-08-19 10:14:55,24050.0,100,Sell,232632132
2024-08-19 10:14:55,24050.0,24200,Sell,232632131
2024-08-19 10:14:55,24050.0,400,Sell,232632133
2024-08-19 10:15:00,24050.0,2000,Sell,232632247
2024-08-19 10:15:06,24100.0,100,Buy,232632343
2024-08-19 10:15:33,24050.0,10000,Sell,232632959
2024-08-19 10:15:40,24050.0,300,Sell,232633083
2024-08-19 10:15:40,24050.0,27800,Sell,232633077
2024-08-19 10:15:40,24050.0,500,Sell,232633078
2024-08-19 10:15:40,24050.0,100,Sell,232633079
2024-08-19 10:15:40,24050.0,1000,Sell,232633080
2024-08-19 10:15:40,24050.0,200,Sell,232633081
2024-08-19 10:15:40,24050.0,100,Sell,232633082
2024-08-19 10:15:44,24050.0,3000,Sell,232633137
2024-08-19 10:15:51,24050.0,100,Sell,232633269
2024-08-19 10:15:52,24050.0,1600,Sell,232633277
2024-08-19 10:15:52,24050.0,400,Sell,232633278
2024-08-19 10:16:00,24050.0,10000,Sell,232633603
2024-08-19 10:16:00,24050.0,1000,Sell,232633624
2024-08-19 10:16:00,24050.0,2000,Sell,232633623
2024-08-19 10:16:00,24050.0,300,Sell,232633622
2024-08-19 10:16:00,24050.0,200,Sell,232633621
2024-08-19 10:16:00,24050.0,100,Sell,232633620
2024-08-19 10:16:00,24050.0,1000,Sell,232633619
2024-08-19 10:16:00,24050.0,100,Sell,232633617
2024-08-19 10:16:00,24050.0,800,Sell,232633616
2024-08-19 10:16:00,24050.0,100,Sell,232633615
2024-08-19 10:16:00,24050.0,1100,Sell,232633602
2024-08-19 10:16:00,24050.0,500,Sell,232633614
2024-08-19 10:16:00,24050.0,500,Sell,232633625
2024-08-19 10:16:00,24050.0,200,Sell,232633611
2024-08-19 10:16:00,24050.0,500,Sell,232633610
2024-08-19 10:16:00,24050.0,100,Sell,232633609
2024-08-19 10:16:00,24050.0,200,Sell,232633608
2024-08-19 10:16:00,24050.0,400,Sell,232633607
2024-08-19 10:16:00,24050.0,200,Sell,232633606
2024-08-19 10:16:00,24050.0,200,Sell,232633605
2024-08-19 10:16:00,24050.0,100,Sell,232633604
2024-08-19 10:16:00,24050.0,200,Sell,232633613
2024-08-19 10:16:00,24050.0,200,Sell,232633612
2024-08-19 10:16:09,24100.0,2600,Buy,232633812
2024-08-19 10:16:19,24050.0,300,Sell,232633931
2024-08-19 10:16:23,24100.0,600,Buy,232633987
2024-08-19 10:16:35,24100.0,100,Buy,232634110
2024-08-19 10:16:45,24050.0,200,Sell,232634292
2024-08-19 10:16:45,24050.0,100,Sell,232634291
2024-08-19 10:16:45,24050.0,400,Sell,232634287
2024-08-19 10:16:45,24050.0,100,Sell,232634289
2024-08-19 10:16:45,24050.0,100,Sell,232634290
2024-08-19 10:16:45,24050.0,100,Sell,232634288
2024-08-19 10:16:47,24050.0,300,Sell,232634316
2024-08-19 10:16:47,24050.0,300,Sell,232634317
2024-08-19 10:16:47,24050.0,100,Sell,232634318
2024-08-19 10:16:47,24050.0,400,Sell,232634319
2024-08-19 10:16:47,24050.0,100,Sell,232634320
2024-08-19 10:16:49,24050.0,700,Sell,232634351
2024-08-19 10:17:13,24050.0,4300,Sell,232634781
2024-08-19 10:17:13,24050.0,500,Sell,232634782
2024-08-19 10:17:13,24050.0,200,Sell,232634783
2024-08-19 10:18:23,24050.0,800,Sell,232636278
2024-08-19 10:18:23,24050.0,200,Sell,232636279
2024-08-19 10:18:30,24050.0,3400,Sell,232636410
2024-08-19 10:18:30,24050.0,600,Sell,232636409
2024-08-19 10:18:40,24050.0,200,Sell,232636643
2024-08-19 10:18:40,24050.0,200,Sell,232636644
2024-08-19 10:18:40,24050.0,200,Sell,232636645
2024-08-19 10:18:40,24050.0,2600,Sell,232636646
2024-08-19 10:18:40,24050.0,200,Sell,232636647
2024-08-19 10:18:40,24050.0,1600,Sell,232636642
2024-08-19 10:18:50,24100.0,100,Buy,232636867
2024-08-19 10:18:55,24050.0,100,Sell,232637011
2024-08-19 10:19:10,24050.0,500,Sell,232637415
2024-08-19 10:19:13,24050.0,600,Sell,232637446
2024-08-19 10:19:40,24050.0,30000,Sell,232637974
2024-08-19 10:19:43,24050.0,500,Sell,232638033
2024-08-19 10:19:45,24050.0,200,Sell,232638079
2024-08-19 10:19:47,24050.0,200,Sell,232638094
2024-08-19 10:19:50,24100.0,100,Buy,232638190
2024-08-19 10:20:09,24050.0,1000,Sell,232638631
2024-08-19 10:20:09,24050.0,1000,Sell,232638632
2024-08-19 10:20:09,24050.0,2300,Sell,232638633
2024-08-19 10:20:09,24050.0,1200,Sell,232638634
2024-08-19 10:20:09,24050.0,5800,Sell,232638635
2024-08-19 10:20:09,24050.0,15700,Sell,232638630
2024-08-19 10:20:36,24050.0,100,Sell,232639132
2024-08-19 10:20:45,24050.0,400,Sell,232639267
2024-08-19 10:21:03,24050.0,3700,Sell,232639596
2024-08-19 10:21:03,24050.0,100,Sell,232639597
2024-08-19 10:21:03,24050.0,4000,Sell,232639598
2024-08-19 10:21:03,24050.0,200,Sell,232639599
2024-08-19 10:21:11,24050.0,300,Sell,232639751
2024-08-19 10:21:11,24050.0,100,Sell,232639749
2024-08-19 10:21:11,24050.0,800,Sell,232639750
2024-08-19 10:21:11,24050.0,100,Sell,232639747
2024-08-19 10:21:11,24050.0,100,Sell,232639746
2024-08-19 10:21:11,24050.0,200,Sell,232639748
2024-08-19 10:21:19,24050.0,100,Buy,232639898
2024-08-19 10:21:19,24050.0,500,Buy,232639911
2024-08-19 10:21:22,24050.0,100,Buy,232639966
2024-08-19 10:21:57,24000.0,5200,Sell,232640843
2024-08-19 10:21:57,24000.0,1000,Sell,232640842
2024-08-19 10:21:57,24000.0,200,Sell,232640841
2024-08-19 10:21:57,24000.0,4000,Sell,232640839
2024-08-19 10:21:57,24000.0,4600,Sell,232640838
2024-08-19 10:21:57,24000.0,5000,Sell,232640840
2024-08-19 10:22:12,24050.0,1000,Buy,232641113
2024-08-19 10:22:26,24050.0,4700,Buy,232641420
2024-08-19 10:22:26,24050.0,300,Buy,232641421
2024-08-19 10:22:30,24000.0,50000,Sell,232641477
2024-08-19 10:22:54,24000.0,100,Sell,232642058
2024-08-19 10:22:56,24050.0,100,Buy,232642203
2024-08-19 10:23:07,24000.0,400,Sell,232642559
2024-08-19 10:23:08,24000.0,2000,Sell,232642564
2024-08-19 10:23:11,24050.0,100,Buy,232642671
2024-08-19 10:23:11,24050.0,500,Buy,232642672
2024-08-19 10:23:11,24050.0,400,Buy,232642673
2024-08-19 10:23:23,24000.0,3600,Sell,232642876
2024-08-19 10:23:23,24000.0,100,Sell,232642873
2024-08-19 10:23:23,24000.0,200,Sell,232642872
2024-08-19 10:23:23,24000.0,500,Sell,232642871
2024-08-19 10:23:23,24000.0,3000,Sell,232642870
2024-08-19 10:23:23,24000.0,100,Sell,232642869
2024-08-19 10:23:23,24000.0,1000,Sell,232642868
2024-08-19 10:23:23,24000.0,100,Sell,232642867
2024-08-19 10:23:23,24000.0,1000,Sell,232642865
2024-08-19 10:23:23,24000.0,100,Sell,232642864
2024-08-19 10:23:23,24000.0,100,Sell,232642863
2024-08-19 10:23:23,24000.0,200,Sell,232642862
2024-08-19 10:23:23,24000.0,500,Sell,232642861
2024-08-19 10:23:23,24000.0,200,Sell,232642860
2024-08-19 10:23:23,24000.0,1000,Sell,232642859
2024-08-19 10:23:23,24000.0,22300,Sell,232642858
2024-08-19 10:23:23,24000.0,16000,Sell,232642866
2024-08-19 10:23:32,24000.0,300,Sell,232643042
2024-08-19 10:23:32,24000.0,2800,Sell,232643045
2024-08-19 10:23:32,24000.0,800,Sell,232643044
2024-08-19 10:23:32,24000.0,300,Sell,232643043
2024-08-19 10:23:32,24000.0,100,Sell,232643041
2024-08-19 10:23:32,24000.0,700,Sell,232643037
2024-08-19 10:23:32,24000.0,2500,Sell,232643039
2024-08-19 10:23:32,24000.0,500,Sell,232643038
2024-08-19 10:23:32,24000.0,1000,Sell,232643036
2024-08-19 10:23:32,24000.0,6400,Sell,232643035
2024-08-19 10:23:32,24000.0,800,Sell,232643040
2024-08-19 10:23:36,24000.0,2700,Sell,232643147
2024-08-19 10:23:36,24000.0,1000,Sell,232643146
2024-08-19 10:23:36,24000.0,200,Sell,232643145
2024-08-19 10:23:36,24000.0,800,Sell,232643144
2024-08-19 10:23:36,24000.0,100,Sell,232643143
2024-08-19 10:23:36,24000.0,100,Sell,232643142
2024-08-19 10:23:36,24000.0,100,Sell,232643139
2024-08-19 10:23:36,24000.0,100,Sell,232643140
2024-08-19 10:23:36,24000.0,1000,Sell,232643138
2024-08-19 10:23:36,24000.0,100,Sell,232643137
2024-08-19 10:23:36,24000.0,500,Sell,232643136
2024-08-19 10:23:36,24000.0,1000,Sell,232643135
2024-08-19 10:23:36,24000.0,200,Sell,232643148
2024-08-19 10:23:36,24000.0,200,Sell,232643141
2024-08-19 10:23:36,24000.0,600,Sell,232643149
2024-08-19 10:23:36,24000.0,3200,Sell,232643165
2024-08-19 10:23:36,24000.0,200,Sell,232643151
2024-08-19 10:23:36,24000.0,4000,Sell,232643152
2024-08-19 10:23:36,24000.0,400,Sell,232643153
2024-08-19 10:23:36,24000.0,10000,Sell,232643154
2024-08-19 10:23:36,24000.0,10000,Sell,232643155
2024-08-19 10:23:36,24000.0,100,Sell,232643156
2024-08-19 10:23:36,24000.0,100,Sell,232643157
2024-08-19 10:23:36,24000.0,200,Sell,232643158
2024-08-19 10:23:36,24000.0,500,Sell,232643159
2024-08-19 10:23:36,24000.0,5000,Sell,232643160
2024-08-19 10:23:36,24000.0,400,Sell,232643161
2024-08-19 10:23:36,24000.0,5000,Sell,232643162
2024-08-19 10:23:36,24000.0,200,Sell,232643163
2024-08-19 10:23:36,24000.0,100,Sell,232643164
2024-08-19 10:23:36,24000.0,5000,Sell,232643150
2024-08-19 10:23:36,24000.0,1000,Sell,232643134
2024-08-19 10:23:36,24000.0,1000,Sell,232643132
2024-08-19 10:23:36,24000.0,500,Sell,232643131
2024-08-19 10:23:36,24000.0,1000,Sell,232643133
2024-08-19 10:23:36,24000.0,9200,Sell,232643100
2024-08-19 10:23:36,24000.0,11800,Sell,232643101
2024-08-19 10:23:36,24000.0,200,Sell,232643103
2024-08-19 10:23:36,24000.0,100,Sell,232643104
2024-08-19 10:23:36,24000.0,100,Sell,232643105
2024-08-19 10:23:36,24000.0,1000,Sell,232643106
2024-08-19 10:23:36,24000.0,5000,Sell,232643107
2024-08-19 10:23:36,24000.0,200,Sell,232643108
2024-08-19 10:23:36,24000.0,100,Sell,232643109
2024-08-19 10:23:36,24000.0,200,Sell,232643110
2024-08-19 10:23:36,24000.0,200,Sell,232643112
2024-08-19 10:23:36,24000.0,200,Sell,232643113
2024-08-19 10:23:36,24000.0,100,Sell,232643114
2024-08-19 10:23:36,24000.0,100,Sell,232643115
2024-08-19 10:23:36,24000.0,200,Sell,232643102
2024-08-19 10:23:36,24000.0,400,Sell,232643117
2024-08-19 10:23:36,24000.0,200,Sell,232643116
2024-08-19 10:23:36,24000.0,100,Sell,232643130
2024-08-19 10:23:36,24000.0,3000,Sell,232643128
2024-08-19 10:23:36,24000.0,100,Sell,232643127
2024-08-19 10:23:36,24000.0,300,Sell,232643126
2024-08-19 10:23:36,24000.0,500,Sell,232643125
2024-08-19 10:23:36,24000.0,1000,Sell,232643129
2024-08-19 10:23:36,24000.0,200,Sell,232643123
2024-08-19 10:23:36,24000.0,100,Sell,232643118
2024-08-19 10:23:36,24000.0,100,Sell,232643124
2024-08-19 10:23:36,24000.0,100,Sell,232643120
2024-08-19 10:23:36,24000.0,10000,Sell,232643119
2024-08-19 10:23:36,24000.0,100,Sell,232643121
2024-08-19 10:23:36,24000.0,500,Sell,232643122
2024-08-19 10:23:37,24000.0,500,Sell,232643209
2024-08-19 10:23:38,24000.0,600,Sell,232643275
2024-08-19 10:23:38,24000.0,400,Sell,232643266
2024-08-19 10:23:38,24000.0,100,Sell,232643267
2024-08-19 10:23:38,24000.0,500,Sell,232643269
2024-08-19 10:23:38,24000.0,200,Sell,232643270
2024-08-19 10:23:38,24000.0,1000,Sell,232643271
2024-08-19 10:23:38,24000.0,300,Sell,232643272
2024-08-19 10:23:38,24000.0,40000,Sell,232643273
2024-08-19 10:23:38,24000.0,80000,Sell,232643274
2024-08-19 10:23:38,24000.0,100,Sell,232643265
2024-08-19 10:23:38,24000.0,300,Sell,232643276
2024-08-19 10:23:38,24000.0,100,Sell,232643283
2024-08-19 10:23:38,24000.0,2000,Sell,232643278
2024-08-19 10:23:38,24000.0,300,Sell,232643279
2024-08-19 10:23:38,24000.0,300,Sell,232643280
2024-08-19 10:23:38,24000.0,10000,Sell,232643281
2024-08-19 10:23:38,24000.0,2400,Sell,232643282
2024-08-19 10:23:38,24000.0,100,Sell,232643284
2024-08-19 10:23:38,24000.0,200,Sell,232643285
2024-08-19 10:23:38,24000.0,200,Sell,232643286
2024-08-19 10:23:38,24000.0,1000,Sell,232643287
2024-08-19 10:23:38,24000.0,700,Sell,232643288
2024-08-19 10:23:38,24000.0,100,Sell,232643264
2024-08-19 10:23:38,24000.0,300,Sell,232643277
2024-08-19 10:23:38,24000.0,4000,Sell,232643263
2024-08-19 10:23:38,24000.0,500,Sell,232643268
2024-08-19 10:23:38,24000.0,500,Sell,232643261
2024-08-19 10:23:38,24000.0,300,Sell,232643262
2024-08-19 10:23:38,24000.0,300,Sell,232643236
2024-08-19 10:23:38,24000.0,500,Sell,232643237
2024-08-19 10:23:38,24000.0,500,Sell,232643238
2024-08-19 10:23:38,24000.0,200,Sell,232643239
2024-08-19 10:23:38,24000.0,200,Sell,232643240
2024-08-19 10:23:38,24000.0,1000,Sell,232643241
2024-08-19 10:23:38,24000.0,2600,Sell,232643242
2024-08-19 10:23:38,24000.0,400,Sell,232643244
2024-08-19 10:23:38,24000.0,300,Sell,232643245
2024-08-19 10:23:38,24000.0,100,Sell,232643246
2024-08-19 10:23:38,24000.0,3000,Sell,232643247
2024-08-19 10:23:38,24000.0,500,Sell,232643243
2024-08-19 10:23:38,24000.0,10000,Sell,232643249
2024-08-19 10:23:38,24000.0,700,Sell,232643260
2024-08-19 10:23:38,24000.0,100,Sell,232643248
2024-08-19 10:23:38,24000.0,300,Sell,232643258
2024-08-19 10:23:38,24000.0,100,Sell,232643257
2024-08-19 10:23:38,24000.0,100,Sell,232643256
2024-08-19 10:23:38,24000.0,100,Sell,232643255
2024-08-19 10:23:38,24000.0,1000,Sell,232643259
2024-08-19 10:23:38,24000.0,100,Sell,232643253
2024-08-19 10:23:38,24000.0,200,Sell,232643252
2024-08-19 10:23:38,24000.0,1000,Sell,232643251
2024-08-19 10:23:38,24000.0,200,Sell,232643250
2024-08-19 10:23:38,24000.0,2000,Sell,232643254
2024-08-19 10:23:50,24000.0,100,Buy,232643565
2024-08-19 10:23:57,24000.0,400,Buy,232643708
2024-08-19 10:24:07,24000.0,100,Buy,232644081
2024-08-19 10:24:18,24000.0,200,Buy,232644321
2024-08-19 10:24:20,24000.0,200,Buy,232644354
2024-08-19 10:24:22,24000.0,300,Buy,232644376
2024-08-19 10:24:24,24000.0,500,Buy,232644419
2024-08-19 10:24:24,24000.0,100,Buy,232644424
2024-08-19 10:24:26,23950.0,4000,Sell,232644472
2024-08-19 10:24:44,23950.0,400,Sell,232644877
2024-08-19 10:24:44,23950.0,100,Sell,232644876
2024-08-19 10:24:44,23950.0,200,Sell,232644872
2024-08-19 10:24:44,23950.0,300,Sell,232644874
2024-08-19 10:24:44,23950.0,100,Sell,232644873
2024-08-19 10:24:44,23950.0,100,Sell,232644875
2024-08-19 10:24:52,24000.0,5500,Buy,232645028
2024-08-19 10:24:57,23950.0,100,Sell,232645187
2024-08-19 10:25:18,23950.0,100,Sell,232645670
2024-08-19 10:25:23,23950.0,400,Sell,232645786
2024-08-19 10:25:23,23950.0,100,Sell,232645787
2024-08-19 10:25:23,23950.0,100,Sell,232645788
2024-08-19 10:25:23,23950.0,200,Sell,232645789
2024-08-19 10:25:23,23950.0,100,Sell,232645790
2024-08-19 10:25:23,23950.0,100,Sell,232645791
2024-08-19 10:25:29,23950.0,100,Sell,232645948
2024-08-19 10:25:38,23950.0,100,Sell,232646098
2024-08-19 10:25:41,23950.0,300,Sell,232646146
2024-08-19 10:25:42,23950.0,100,Sell,232646166
2024-08-19 10:25:43,24000.0,200,Buy,232646191
2024-08-19 10:25:50,23950.0,100,Sell,232646314
2024-08-19 10:25:50,23950.0,400,Sell,232646313
2024-08-19 10:25:58,23950.0,100,Sell,232646450
2024-08-19 10:26:05,24000.0,1900,Buy,232646598
2024-08-19 10:26:47,24000.0,300,Buy,232647423
2024-08-19 10:26:50,24000.0,10000,Buy,232647482
2024-08-19 10:26:54,24000.0,1000,Buy,232647645
2024-08-19 10:27:03,24000.0,500,Buy,232647857
2024-08-19 10:27:04,24000.0,200,Buy,232647867
2024-08-19 10:27:04,24000.0,5000,Buy,232647893
2024-08-19 10:27:16,24000.0,400,Buy,232648143
2024-08-19 10:27:30,23950.0,200,Sell,232648408
2024-08-19 10:27:32,24000.0,500,Buy,232648432
2024-08-19 10:27:33,24000.0,40000,Buy,232648438
2024-08-19 10:27:35,24000.0,400,Buy,232648468
2024-08-19 10:27:37,24000.0,600,Buy,232648514
2024-08-19 10:27:37,24000.0,500,Buy,232648509
2024-08-19 10:27:41,24000.0,1000,Buy,232648579
2024-08-19 10:27:42,23950.0,500,Sell,232648595
2024-08-19 10:27:42,23950.0,4400,Sell,232648609
2024-08-19 10:27:42,23950.0,100,Sell,232648608
2024-08-19 10:27:42,23950.0,200,Sell,232648607
2024-08-19 10:27:42,23950.0,2000,Sell,232648606
2024-08-19 10:27:42,23950.0,100,Sell,232648605
2024-08-19 10:27:42,23950.0,100,Sell,232648604
2024-08-19 10:27:42,23950.0,500,Sell,232648603
2024-08-19 10:27:42,23950.0,9600,Sell,232648594
2024-08-19 10:27:42,23950.0,500,Sell,232648601
2024-08-19 10:27:42,23950.0,1000,Sell,232648596
2024-08-19 10:27:42,23950.0,600,Sell,232648597
2024-08-19 10:27:42,23950.0,5000,Sell,232648602
2024-08-19 10:27:42,23950.0,200,Sell,232648599
2024-08-19 10:27:42,23950.0,100,Sell,232648600
2024-08-19 10:27:42,23950.0,100,Sell,232648598
2024-08-19 10:27:44,23950.0,600,Sell,232648629
2024-08-19 10:27:44,23950.0,1000,Sell,232648630
2024-08-19 10:27:44,23950.0,400,Sell,232648631
2024-08-19 10:27:47,23950.0,100,Sell,232648692
2024-08-19 10:27:55,24000.0,5000,Buy,232648846
2024-08-19 10:28:00,24000.0,1000,Buy,232648994
2024-08-19 10:28:01,24000.0,1000,Buy,232649012
2024-08-19 10:28:02,24000.0,100,Buy,232649075
2024-08-19 10:28:05,24000.0,100,Buy,232649122
2024-08-19 10:28:09,24000.0,100,Buy,232649217
2024-08-19 10:28:10,24000.0,200,Buy,232649231
2024-08-19 10:28:17,24000.0,500,Buy,232649351
2024-08-19 10:28:18,24000.0,100,Buy,232649359
2024-08-19 10:28:18,24000.0,2900,Buy,232649360
2024-08-19 10:28:22,24000.0,100,Buy,232649432
2024-08-19 10:28:24,24000.0,200,Buy,232649455
2024-08-19 10:28:27,24000.0,300,Buy,232649586
2024-08-19 10:28:27,24000.0,2000,Buy,232649585
2024-08-19 10:28:27,24000.0,100,Buy,232649584
2024-08-19 10:28:27,24000.0,2000,Buy,232649583
2024-08-19 10:28:27,24000.0,5100,Buy,232649582
2024-08-19 10:28:27,24000.0,100,Buy,232649581
2024-08-19 10:28:27,24000.0,100,Buy,232649580
2024-08-19 10:28:27,24000.0,1500,Buy,232649578
2024-08-19 10:28:27,24000.0,800,Buy,232649579
2024-08-19 10:28:27,24000.0,2000,Buy,232649577
2024-08-19 10:28:27,24000.0,500,Buy,232649572
2024-08-19 10:28:27,24000.0,100,Buy,232649575
2024-08-19 10:28:27,24000.0,100,Buy,232649576
2024-08-19 10:28:27,24000.0,500,Buy,232649564
2024-08-19 10:28:27,24000.0,6300,Buy,232649566
2024-08-19 10:28:27,24000.0,7000,Buy,232649567
2024-08-19 10:28:27,24000.0,100,Buy,232649568
2024-08-19 10:28:27,24000.0,400,Buy,232649570
2024-08-19 10:28:27,24000.0,7900,Buy,232649571
2024-08-19 10:28:27,24000.0,1000,Buy,232649573
2024-08-19 10:28:27,24000.0,5000,Buy,232649574
2024-08-19 10:28:27,24000.0,2200,Buy,232649569
2024-08-19 10:28:29,24000.0,1000,Buy,232649657
2024-08-19 10:28:31,24000.0,2000,Buy,232649708
2024-08-19 10:28:31,24000.0,100,Buy,232649707
2024-08-19 10:28:34,24000.0,100,Buy,232649748
2024-08-19 10:28:34,24000.0,100,Buy,232649750
2024-08-19 10:28:36,24000.0,400,Buy,232649830
2024-08-19 10:28:36,24000.0,600,Buy,232649831
2024-08-19 10:28:39,24000.0,1400,Buy,232649872
2024-08-19 10:28:39,24000.0,300,Buy,232649874
2024-08-19 10:28:39,24000.0,300,Buy,232649875
2024-08-19 10:28:44,24000.0,500,Buy,232649978
2024-08-19 10:28:44,23950.0,1000,Sell,232649990
2024-08-19 10:28:51,24000.0,700,Buy,232650232
2024-08-19 10:28:51,24000.0,100,Buy,232650233
2024-08-19 10:28:53,24000.0,100,Buy,232650264
2024-08-19 10:29:09,24000.0,700,Sell,232650552
2024-08-19 10:29:09,24000.0,700,Sell,232650551
2024-08-19 10:29:16,24000.0,300,Sell,232650668
2024-08-19 10:29:16,24000.0,400,Sell,232650669
2024-08-19 10:29:19,24000.0,100,Sell,232650703
2024-08-19 10:29:21,24000.0,100,Buy,232650749
2024-08-19 10:29:44,24000.0,400,Sell,232651154
2024-08-19 10:29:44,24000.0,100,Sell,232651155
2024-08-19 10:29:44,24000.0,200,Sell,232651156
2024-08-19 10:29:44,24000.0,3000,Sell,232651157
2024-08-19 10:29:45,24000.0,300,Buy,232651179
2024-08-19 10:29:49,24000.0,1000,Buy,232651290
2024-08-19 10:29:49,24000.0,100,Buy,232651291
2024-08-19 10:29:49,24000.0,4900,Buy,232651292
2024-08-19 10:30:05,24000.0,100,Buy,232651644
2024-08-19 10:30:05,24000.0,1000,Buy,232651645
2024-08-19 10:30:14,24000.0,900,Sell,232651820
2024-08-19 10:30:14,24000.0,600,Sell,232651821
2024-08-19 10:30:38,24000.0,100,Sell,232652205
2024-08-19 10:30:57,24000.0,100,Sell,232652544
2024-08-19 10:31:24,24000.0,100,Sell,232653021
2024-08-19 10:31:49,24000.0,100,Sell,232653518
2024-08-19 10:31:49,24000.0,100,Sell,232653519
2024-08-19 10:31:49,24000.0,1500,Sell,232653520
2024-08-19 10:32:01,24000.0,1000,Sell,232653846
2024-08-19 10:32:29,24000.0,200,Sell,232654297
2024-08-19 10:32:53,24000.0,400,Sell,232654691
2024-08-19 10:33:00,24000.0,100,Sell,232654787
2024-08-19 10:33:08,24050.0,2000,Buy,232654950
2024-08-19 10:33:50,24000.0,6800,Sell,232655571
2024-08-19 10:33:50,24000.0,5200,Sell,232655572
2024-08-19 10:34:16,24000.0,200,Sell,232656168
2024-08-19 10:34:23,24000.0,100,Sell,232656293
2024-08-19 10:34:38,24000.0,1400,Sell,232656601
2024-08-19 10:34:58,24050.0,100,Buy,232656908
2024-08-19 10:35:12,24000.0,700,Sell,232657161
2024-08-19 10:35:12,24000.0,3000,Sell,232657160
2024-08-19 10:35:12,24000.0,200,Sell,232657158
2024-08-19 10:35:12,24000.0,3100,Sell,232657157
2024-08-19 10:35:12,24000.0,200,Sell,232657159
2024-08-19 10:36:40,24050.0,400,Buy,232658608
2024-08-19 10:37:10,24050.0,400,Buy,232659238
2024-08-19 10:37:20,24000.0,3100,Sell,232659398
2024-08-19 10:37:20,24000.0,1500,Sell,232659399
2024-08-19 10:37:20,24000.0,100,Sell,232659400
2024-08-19 10:37:20,24000.0,100,Sell,232659401
2024-08-19 10:37:20,24000.0,50000,Sell,232659402
2024-08-19 10:37:20,24000.0,100,Sell,232659403
2024-08-19 10:37:20,24000.0,200,Sell,232659404
2024-08-19 10:37:20,24000.0,5300,Sell,232659405
2024-08-19 10:37:32,24000.0,4500,Sell,232659580
2024-08-19 10:37:40,24000.0,200,Sell,232659695
2024-08-19 10:37:40,24000.0,100,Sell,232659696
2024-08-19 10:37:40,24000.0,100,Sell,232659697
2024-08-19 10:37:49,24000.0,300,Sell,232659969
2024-08-19 10:38:15,24000.0,100,Sell,232660552
2024-08-19 10:38:15,24000.0,100,Sell,232660553
2024-08-19 10:38:15,24000.0,200,Sell,232660554
2024-08-19 10:38:15,24000.0,500,Sell,232660555
2024-08-19 10:38:15,24000.0,1200,Sell,232660551
2024-08-19 10:38:24,24000.0,500,Sell,232660715
2024-08-19 10:38:24,24000.0,4500,Sell,232660716
2024-08-19 10:38:40,24000.0,2000,Sell,232661169
2024-08-19 10:38:57,24000.0,2000,Sell,232661532
2024-08-19 10:39:14,24000.0,500,Sell,232661845
2024-08-19 10:39:16,24000.0,200,Sell,232661901
2024-08-19 10:39:23,24000.0,400,Sell,232662017
2024-08-19 10:39:40,24000.0,1000,Sell,232662335
2024-08-19 10:39:46,24000.0,1000,Sell,232662461
2024-08-19 10:39:48,24000.0,500,Sell,232662484
2024-08-19 10:39:48,24000.0,300,Sell,232662481
2024-08-19 10:39:48,24000.0,100,Sell,232662482
2024-08-19 10:39:48,24000.0,100,Sell,232662483
2024-08-19 10:39:53,24000.0,400,Sell,232662554
2024-08-19 10:39:56,24000.0,100,Sell,232662635
2024-08-19 10:40:05,24000.0,200,Sell,232662830
2024-08-19 10:40:05,24000.0,200,Sell,232662831
2024-08-19 10:40:05,24000.0,12600,Sell,232662832
2024-08-19 10:40:05,24000.0,1000,Sell,232662829
2024-08-19 10:40:12,24000.0,10000,Sell,232662978
2024-08-19 10:40:18,24000.0,500,Sell,232663140
2024-08-19 10:40:30,24000.0,1000,Sell,232663359
2024-08-19 10:40:32,24000.0,2000,Sell,232663382
2024-08-19 10:40:35,24050.0,800,Buy,232663423
2024-08-19 10:40:42,24050.0,6800,Buy,232663538
2024-08-19 10:40:56,24050.0,1000,Buy,232663796
2024-08-19 10:41:00,24000.0,500,Sell,232663910
2024-08-19 10:42:16,24000.0,100,Sell,232665536
2024-08-19 10:42:32,24050.0,1000,Buy,232665824
2024-08-19 10:42:49,24050.0,400,Buy,232666076
2024-08-19 10:42:58,24050.0,100,Buy,232666302
2024-08-19 10:43:08,24050.0,100,Buy,232666458
2024-08-19 10:43:16,24050.0,400,Buy,232666609
2024-08-19 10:43:28,24050.0,1000,Buy,232666801
2024-08-19 10:43:37,24050.0,200,Buy,232666951
2024-08-19 10:43:39,24050.0,100,Buy,232667034
2024-08-19 10:44:18,24050.0,1000,Buy,232667651
2024-08-19 10:44:18,24050.0,100,Buy,232667652
2024-08-19 10:44:18,24050.0,1000,Buy,232667653
2024-08-19 10:44:18,24050.0,2900,Buy,232667654
2024-08-19 10:44:38,24050.0,15000,Buy,232668008
2024-08-19 10:44:40,24050.0,100,Buy,232668041
2024-08-19 10:44:44,24050.0,100,Buy,232668105
2024-08-19 10:44:47,24000.0,1100,Sell,232668139
2024-08-19 10:45:01,24000.0,900,Sell,232668382
2024-08-19 10:45:03,24000.0,100,Sell,232668412
2024-08-19 10:45:13,24000.0,200,Sell,232668567
2024-08-19 10:45:20,24000.0,1000,Sell,232668679
2024-08-19 10:45:40,24000.0,500,Sell,232669119
2024-08-19 10:45:46,24000.0,1000,Sell,232669262
2024-08-19 10:45:51,24050.0,1200,Buy,232669322
2024-08-19 10:46:00,24000.0,700,Sell,232669454
2024-08-19 10:46:26,24000.0,300,Sell,232670040
2024-08-19 10:46:35,24050.0,100,Buy,232670241
2024-08-19 10:47:09,24050.0,10000,Buy,232670796
2024-08-19 10:47:16,24000.0,2500,Sell,232670914
2024-08-19 10:47:16,24000.0,3500,Sell,232670915
2024-08-19 10:47:43,24050.0,3000,Buy,232671387
2024-08-19 10:47:46,24000.0,1300,Sell,232671423
2024-08-19 10:47:56,24000.0,100,Sell,232671546
2024-08-19 10:48:04,24050.0,100,Buy,232671689
2024-08-19 10:48:51,24050.0,2000,Buy,232672720
2024-08-19 10:48:52,24050.0,2000,Buy,232672758
2024-08-19 10:48:57,24050.0,100,Buy,232672868
2024-08-19 10:49:42,24050.0,200,Buy,232673725
2024-08-19 10:49:42,24050.0,1200,Buy,232673726
2024-08-19 10:49:42,24050.0,400,Buy,232673723
2024-08-19 10:49:42,24050.0,200,Buy,232673724
2024-08-19 10:50:09,24050.0,100,Buy,232674402
2024-08-19 10:50:33,24050.0,2000,Buy,232674897
2024-08-19 10:51:02,24050.0,1600,Buy,232675536
2024-08-19 10:51:08,24050.0,100,Buy,232675725
2024-08-19 10:51:10,24050.0,1000,Buy,232675742
2024-08-19 10:51:31,24050.0,100,Buy,232676396
2024-08-19 10:51:32,24050.0,200,Buy,232676420
2024-08-19 10:51:37,24050.0,100,Buy,232676492
2024-08-19 10:51:40,24050.0,200,Buy,232676548
2024-08-19 10:51:40,24050.0,500,Buy,232676565
2024-08-19 10:52:09,24000.0,2900,Sell,232677202
2024-08-19 10:52:09,24000.0,100,Sell,232677197
2024-08-19 10:52:09,24000.0,4000,Sell,232677201
2024-08-19 10:52:09,24000.0,500,Sell,232677200
2024-08-19 10:52:09,24000.0,300,Sell,232677199
2024-08-19 10:52:09,24000.0,200,Sell,232677198
2024-08-19 10:52:09,24000.0,100,Sell,232677196
2024-08-19 10:52:09,24000.0,800,Sell,232677189
2024-08-19 10:52:09,24000.0,6000,Sell,232677194
2024-08-19 10:52:09,24000.0,100,Sell,232677188
2024-08-19 10:52:09,24000.0,200,Sell,232677190
2024-08-19 10:52:09,24000.0,2500,Sell,232677195
2024-08-19 10:52:09,24000.0,100,Sell,232677192
2024-08-19 10:52:09,24000.0,100,Sell,232677193
2024-08-19 10:52:09,24000.0,100,Sell,232677191
2024-08-19 10:53:17,24000.0,2000,Sell,232678568
2024-08-19 10:53:17,24000.0,300,Sell,232678571
2024-08-19 10:53:24,24000.0,1000,Sell,232678648
2024-08-19 10:53:51,24050.0,400,Buy,232679126
2024-08-19 10:54:01,24000.0,300,Sell,232679333
2024-08-19 10:54:01,24000.0,100,Sell,232679331
2024-08-19 10:54:01,24000.0,200,Sell,232679332
2024-08-19 10:54:01,24000.0,500,Sell,232679329
2024-08-19 10:54:01,24000.0,100,Sell,232679330
2024-08-19 10:54:01,24000.0,200,Sell,232679328
2024-08-19 10:54:01,24000.0,4800,Sell,232679327
2024-08-19 10:54:11,24000.0,100,Sell,232679505
2024-08-19 10:54:12,24050.0,1700,Buy,232679554
2024-08-19 10:54:30,24050.0,1000,Buy,232679775
2024-08-19 10:54:37,24050.0,400,Buy,232679879
2024-08-19 10:54:41,24000.0,200,Sell,232679974
2024-08-19 10:54:54,24050.0,2500,Buy,232680188
2024-08-19 10:54:58,24050.0,2500,Buy,232680224
2024-08-19 10:55:45,24050.0,200,Buy,232680929
2024-08-19 10:55:45,24000.0,500,Sell,232680947
2024-08-19 10:55:59,24000.0,500,Sell,232681192
2024-08-19 10:56:01,24050.0,100,Buy,232681231
2024-08-19 10:56:12,24000.0,3100,Sell,232681423
2024-08-19 10:56:20,24050.0,300,Buy,232681578
2024-08-19 10:57:04,24050.0,600,Buy,232682508
2024-08-19 10:57:08,24000.0,100,Sell,232682559
2024-08-19 10:57:13,24050.0,10000,Buy,232682699
2024-08-19 10:57:43,24050.0,1000,Buy,232683233
2024-08-19 10:57:48,24000.0,500,Sell,232683348
2024-08-19 10:57:48,24000.0,1200,Sell,232683349
2024-08-19 10:57:48,24000.0,1000,Sell,232683350
2024-08-19 10:57:48,24000.0,200,Sell,232683351
2024-08-19 10:57:48,24000.0,1000,Sell,232683352
2024-08-19 10:57:48,24000.0,200,Sell,232683353
2024-08-19 10:57:48,24000.0,100,Sell,232683354
2024-08-19 10:57:48,24000.0,200,Sell,232683355
2024-08-19 10:57:48,24000.0,1000,Sell,232683347
2024-08-19 10:57:48,24000.0,3000,Sell,232683356
2024-08-19 10:57:48,24000.0,800,Sell,232683357
2024-08-19 10:57:48,24000.0,500,Sell,232683358
2024-08-19 10:57:48,24000.0,100,Sell,232683359
2024-08-19 10:57:48,24000.0,100,Sell,232683361
2024-08-19 10:57:48,24000.0,200,Sell,232683362
2024-08-19 10:57:48,24000.0,1000,Sell,232683363
2024-08-19 10:57:48,24000.0,2000,Sell,232683364
2024-08-19 10:57:48,24000.0,1000,Sell,232683365
2024-08-19 10:57:48,24000.0,3000,Sell,232683366
2024-08-19 10:57:48,24000.0,500,Sell,232683367
2024-08-19 10:57:48,24000.0,100,Sell,232683368
2024-08-19 10:57:48,24000.0,4100,Sell,232683369
2024-08-19 10:57:48,24000.0,100,Sell,232683370
2024-08-19 10:57:48,24000.0,9200,Sell,232683371
2024-08-19 10:57:48,24000.0,2000,Sell,232683360
2024-08-19 10:57:48,24000.0,5000,Sell,232683346
2024-08-19 10:57:48,24000.0,20000,Sell,232683334
2024-08-19 10:57:48,24000.0,100,Sell,232683344
2024-08-19 10:57:48,24000.0,200,Sell,232683345
2024-08-19 10:57:48,24000.0,5200,Sell,232683318
2024-08-19 10:57:48,24000.0,5000,Sell,232683319
2024-08-19 10:57:48,24000.0,200,Sell,232683320
2024-08-19 10:57:48,24000.0,200,Sell,232683321
2024-08-19 10:57:48,24000.0,2000,Sell,232683322
2024-08-19 10:57:48,24000.0,100,Sell,232683323
2024-08-19 10:57:48,24000.0,200,Sell,232683324
2024-08-19 10:57:48,24000.0,200,Sell,232683325
2024-08-19 10:57:48,24000.0,1000,Sell,232683326
2024-08-19 10:57:48,24000.0,1000,Sell,232683327
2024-08-19 10:57:48,24000.0,100,Sell,232683328
2024-08-19 10:57:48,24000.0,400,Sell,232683329
2024-08-19 10:57:48,24000.0,100,Sell,232683333
2024-08-19 10:57:48,24000.0,200,Sell,232683331
2024-08-19 10:57:48,24000.0,20000,Sell,232683342
2024-08-19 10:57:48,24000.0,1000,Sell,232683341
2024-08-19 10:57:48,24000.0,300,Sell,232683340
2024-08-19 10:57:48,24000.0,500,Sell,232683339
2024-08-19 10:57:48,24000.0,100,Sell,232683338
2024-08-19 10:57:48,24000.0,200,Sell,232683343
2024-08-19 10:57:48,24000.0,100,Sell,232683336
2024-08-19 10:57:48,24000.0,200,Sell,232683332
2024-08-19 10:57:48,24000.0,200,Sell,232683337
2024-08-19 10:57:48,24000.0,3000,Sell,232683335
2024-08-19 10:57:48,24000.0,100,Sell,232683330
2024-08-19 10:58:00,24000.0,200,Sell,232683651
2024-08-19 10:58:29,24000.0,100,Sell,232684092
2024-08-19 10:59:00,24000.0,100,Sell,232684499
2024-08-19 10:59:02,24000.0,400,Sell,232684551
2024-08-19 10:59:02,24000.0,3800,Sell,232684550
2024-08-19 10:59:02,24000.0,100,Sell,232684549
2024-08-19 10:59:02,24000.0,2000,Sell,232684548
2024-08-19 10:59:02,24000.0,500,Sell,232684547
2024-08-19 10:59:02,24000.0,200,Sell,232684546
2024-08-19 10:59:02,24000.0,500,Sell,232684545
2024-08-19 10:59:02,24000.0,100,Sell,232684544
2024-08-19 10:59:02,24000.0,1000,Sell,232684543
2024-08-19 10:59:02,24000.0,1000,Sell,232684542
2024-08-19 10:59:02,24000.0,400,Sell,232684541
2024-08-19 10:59:13,24000.0,3600,Sell,232684773
2024-08-19 10:59:13,24000.0,200,Sell,232684771
2024-08-19 10:59:13,24000.0,600,Sell,232684770
2024-08-19 10:59:13,24000.0,5000,Sell,232684772
2024-08-19 10:59:13,24000.0,100,Sell,232684768
2024-08-19 10:59:13,24000.0,400,Sell,232684769
2024-08-19 10:59:13,24000.0,2000,Sell,232684767
2024-08-19 10:59:13,24000.0,2100,Sell,232684766
2024-08-19 10:59:14,24000.0,6400,Sell,232684780
2024-08-19 10:59:14,24000.0,3600,Sell,232684781
2024-08-19 10:59:30,24000.0,100,Sell,232685002
2024-08-19 10:59:31,24000.0,17200,Sell,232685027
2024-08-19 10:59:31,24000.0,4100,Sell,232685025
2024-08-19 10:59:31,24000.0,500,Sell,232685023
2024-08-19 10:59:31,24000.0,100,Sell,232685022
2024-08-19 10:59:31,24000.0,40000,Sell,232685026
2024-08-19 10:59:31,24000.0,200,Sell,232685020
2024-08-19 10:59:31,24000.0,100,Sell,232685019
2024-08-19 10:59:31,24000.0,500,Sell,232685018
2024-08-19 10:59:31,24000.0,16300,Sell,232685017
2024-08-19 10:59:31,24000.0,20000,Sell,232685021
2024-08-19 10:59:31,24000.0,1000,Sell,232685024
2024-08-19 10:59:33,24000.0,200,Sell,232685060
2024-08-19 10:59:56,24050.0,1000,Buy,232685506
2024-08-19 11:00:21,24000.0,200,Sell,232685863
2024-08-19 11:00:23,24000.0,800,Sell,232685902
2024-08-19 11:00:28,24000.0,1200,Sell,232686044
2024-08-19 11:00:28,24000.0,1600,Sell,232686040
2024-08-19 11:00:28,24000.0,1800,Sell,232686041
2024-08-19 11:00:28,24000.0,300,Sell,232686042
2024-08-19 11:00:28,24000.0,100,Sell,232686043
2024-08-19 11:00:33,24000.0,100,Sell,232686112
2024-08-19 11:01:06,24000.0,500,Sell,232686618
2024-08-19 11:01:13,24000.0,100,Sell,232686724
2024-08-19 11:01:23,24050.0,100,Buy,232686876
2024-08-19 11:01:30,24050.0,1200,Buy,232686984
2024-08-19 11:01:46,24050.0,400,Buy,232687196
2024-08-19 11:02:24,24000.0,200,Sell,232687871
2024-08-19 11:02:24,24000.0,300,Sell,232687870
2024-08-19 11:02:24,24000.0,5000,Sell,232687869
2024-08-19 11:02:24,24000.0,200,Sell,232687865
2024-08-19 11:02:24,24000.0,1800,Sell,232687864
2024-08-19 11:02:24,24000.0,5000,Sell,232687863
2024-08-19 11:02:24,24000.0,800,Sell,232687862
2024-08-19 11:02:24,24000.0,3000,Sell,232687861
2024-08-19 11:02:24,24000.0,200,Sell,232687860
2024-08-19 11:02:24,24000.0,300,Sell,232687859
2024-08-19 11:02:24,24000.0,100,Sell,232687858
2024-08-19 11:02:24,24000.0,5000,Sell,232687857
2024-08-19 11:02:24,24000.0,300,Sell,232687867
2024-08-19 11:02:24,24000.0,200,Sell,232687855
2024-08-19 11:02:24,24000.0,1900,Sell,232687856
2024-08-19 11:02:24,24000.0,100,Sell,232687843
2024-08-19 11:02:24,24000.0,100,Sell,232687844
2024-08-19 11:02:24,24000.0,1000,Sell,232687845
2024-08-19 11:02:24,24000.0,300,Sell,232687846
2024-08-19 11:02:24,24000.0,400,Sell,232687847
2024-08-19 11:02:24,24000.0,200,Sell,232687866
2024-08-19 11:02:24,24000.0,1000,Sell,232687849
2024-08-19 11:02:24,24000.0,900,Sell,232687848
2024-08-19 11:02:24,24000.0,100,Sell,232687850
2024-08-19 11:02:24,24000.0,500,Sell,232687851
2024-08-19 11:02:24,24000.0,1000,Sell,232687852
2024-08-19 11:02:24,24000.0,800,Sell,232687853
2024-08-19 11:02:24,24000.0,1000,Sell,232687854
2024-08-19 11:02:26,24000.0,1000,Buy,232687893
2024-08-19 11:02:48,24000.0,1000,Buy,232688274
2024-08-19 11:02:52,24000.0,6300,Buy,232688369
2024-08-19 11:02:52,24000.0,300,Buy,232688370
2024-08-19 11:03:37,24000.0,300,Sell,232689097
2024-08-19 11:03:43,24000.0,100,Sell,232689251
2024-08-19 11:03:43,24000.0,100,Sell,232689250
2024-08-19 11:04:02,24000.0,100,Sell,232689601
2024-08-19 11:04:15,24050.0,400,Buy,232689884
2024-08-19 11:04:28,24000.0,200,Sell,232690105
2024-08-19 11:04:46,24000.0,700,Sell,232690380
2024-08-19 11:04:46,24000.0,1300,Sell,232690381
2024-08-19 11:04:46,24000.0,1000,Sell,232690382
2024-08-19 11:05:12,24000.0,500,Sell,232690806
2024-08-19 11:05:19,24000.0,100,Sell,232690966
2024-08-19 11:05:24,24000.0,1000,Sell,232691040
2024-08-19 11:05:26,24000.0,100,Sell,232691068
2024-08-19 11:05:28,24000.0,4000,Sell,232691081
2024-08-19 11:05:33,24000.0,100,Sell,232691160
2024-08-19 11:05:33,24000.0,1500,Sell,232691163
2024-08-19 11:05:33,24000.0,300,Sell,232691162
2024-08-19 11:05:33,24000.0,1000,Sell,232691161
2024-08-19 11:05:33,24000.0,1400,Sell,232691158
2024-08-19 11:05:33,24000.0,200,Sell,232691157
2024-08-19 11:05:33,24000.0,100,Sell,232691156
2024-08-19 11:05:33,24000.0,500,Sell,232691155
2024-08-19 11:05:33,24000.0,2000,Sell,232691154
2024-08-19 11:05:33,24000.0,100,Sell,232691159
2024-08-19 11:05:34,24000.0,100,Sell,232691178
2024-08-19 11:05:34,24000.0,2800,Buy,232691171
2024-08-19 11:05:35,24000.0,4100,Sell,232691181
2024-08-19 11:05:37,24000.0,3500,Sell,232691218
2024-08-19 11:05:41,24000.0,2500,Sell,232691250
2024-08-19 11:06:03,24000.0,500,Buy,232691512
2024-08-19 11:06:08,24000.0,500,Buy,232691568
2024-08-19 11:06:16,23950.0,2800,Sell,232691654
2024-08-19 11:06:16,23950.0,100,Sell,232691655
2024-08-19 11:06:16,23950.0,100,Sell,232691656
2024-08-19 11:06:21,24000.0,200,Buy,232691703
2024-08-19 11:06:51,24000.0,100,Buy,232692065
2024-08-19 11:06:55,24000.0,1700,Buy,232692106
2024-08-19 11:06:55,24000.0,300,Buy,232692107
2024-08-19 11:07:04,24000.0,500,Buy,232692225
2024-08-19 11:07:10,24000.0,1000,Buy,232692317
2024-08-19 11:07:15,24000.0,500,Buy,232692376
2024-08-19 11:07:15,24000.0,400,Buy,232692371
2024-08-19 11:07:34,24000.0,200,Buy,232692650
2024-08-19 11:07:34,24000.0,200,Buy,232692651
2024-08-19 11:07:34,24000.0,1500,Buy,232692649
2024-08-19 11:08:05,24000.0,500,Sell,232693204
2024-08-19 11:08:10,24000.0,100,Sell,232693269
2024-08-19 11:08:38,24000.0,1000,Sell,232693727
2024-08-19 11:08:46,24000.0,1500,Sell,232693800
2024-08-19 11:08:46,24000.0,1000,Sell,232693801
2024-08-19 11:08:46,24000.0,100,Sell,232693802
2024-08-19 11:08:46,24000.0,100,Sell,232693803
2024-08-19 11:08:46,24000.0,100,Sell,232693804
2024-08-19 11:08:46,24000.0,7200,Sell,232693805
2024-08-19 11:08:58,24000.0,1000,Sell,232693941
2024-08-19 11:09:07,24000.0,10000,Sell,232694056
2024-08-19 11:09:08,24000.0,400,Sell,232694094
2024-08-19 11:09:12,24000.0,30000,Sell,232694157
2024-08-19 11:09:24,24000.0,500,Sell,232694342
2024-08-19 11:10:28,24000.0,100,Sell,232695231
2024-08-19 11:10:28,24000.0,15000,Sell,232695230
2024-08-19 11:10:28,24000.0,200,Sell,232695229
2024-08-19 11:10:28,24000.0,500,Sell,232695228
2024-08-19 11:10:28,24000.0,1000,Sell,232695232
2024-08-19 11:10:28,24000.0,200,Sell,232695226
2024-08-19 11:10:28,24000.0,500,Sell,232695225
2024-08-19 11:10:28,24000.0,2000,Sell,232695224
2024-08-19 11:10:28,24000.0,100,Sell,232695223
2024-08-19 11:10:28,24000.0,200,Sell,232695227
2024-08-19 11:10:28,24000.0,900,Sell,232695220
2024-08-19 11:10:36,24000.0,200,Buy,232695354
2024-08-19 11:10:57,24000.0,2000,Buy,232695599
2024-08-19 11:11:02,24000.0,2000,Buy,232695657
2024-08-19 11:11:19,24000.0,100,Buy,232695852
2024-08-19 11:11:29,24000.0,200,Buy,232696004
2024-08-19 11:11:53,24000.0,100,Buy,232696363
2024-08-19 11:12:01,24000.0,100,Buy,232696437
2024-08-19 11:12:16,23950.0,600,Sell,232696614
2024-08-19 11:12:16,23950.0,400,Sell,232696615
2024-08-19 11:13:26,24000.0,100,Buy,232697656
2024-08-19 11:13:27,23950.0,2000,Sell,232697666
2024-08-19 11:13:28,24000.0,10500,Buy,232697689
2024-08-19 11:13:28,24000.0,1000,Buy,232697687
2024-08-19 11:13:28,24000.0,4500,Buy,232697686
2024-08-19 11:13:28,24000.0,4000,Buy,232697688
2024-08-19 11:13:36,24000.0,200,Buy,232697795
2024-08-19 11:13:45,24000.0,1000,Buy,232697922
2024-08-19 11:14:16,24000.0,1700,Buy,232698300
2024-08-19 11:14:16,24000.0,300,Buy,232698299
2024-08-19 11:14:16,24000.0,500,Buy,232698298
2024-08-19 11:14:16,24000.0,14000,Buy,232698294
2024-08-19 11:14:16,24000.0,3000,Buy,232698296
2024-08-19 11:14:16,24000.0,500,Buy,232698295
2024-08-19 11:14:16,24000.0,10000,Buy,232698297
2024-08-19 11:14:42,24000.0,300,Buy,232698676
2024-08-19 11:14:51,24000.0,100,Buy,232698789
2024-08-19 11:15:03,24000.0,400,Buy,232698930
2024-08-19 11:15:51,24000.0,200,Sell,232699652
2024-08-19 11:16:13,24000.0,1000,Sell,232699970
2024-08-19 11:16:26,24000.0,35000,Sell,232700192
2024-08-19 11:16:36,24000.0,200,Sell,232700316
2024-08-19 11:17:08,24000.0,1000,Sell,232700701
2024-08-19 11:17:20,24000.0,200,Sell,232700831
2024-08-19 11:17:26,24000.0,3000,Sell,232700909
2024-08-19 11:17:31,24000.0,1500,Sell,232700960
2024-08-19 11:18:25,24000.0,600,Sell,232701615
2024-08-19 11:19:02,24000.0,3000,Sell,232702070
2024-08-19 11:19:03,24050.0,500,Buy,232702081
2024-08-19 11:19:06,24000.0,1000,Sell,232702105
2024-08-19 11:20:15,24000.0,1000,Sell,232703102
2024-08-19 11:20:52,24050.0,10000,Buy,232703572
2024-08-19 11:20:54,24050.0,500,Buy,232703594
2024-08-19 11:20:54,24000.0,1900,Sell,232703595
2024-08-19 11:20:54,24000.0,600,Sell,232703596
2024-08-19 11:21:32,24050.0,900,Buy,232703996
2024-08-19 11:21:32,24050.0,1400,Buy,232703997
2024-08-19 11:21:32,24050.0,2000,Buy,232703995
2024-08-19 11:21:32,24050.0,14200,Buy,232703993
2024-08-19 11:21:32,24050.0,500,Buy,232703994
2024-08-19 11:21:50,24000.0,900,Sell,232704266
2024-08-19 11:21:50,24000.0,100,Sell,232704267
2024-08-19 11:21:50,24000.0,500,Sell,232704268
2024-08-19 11:22:03,24000.0,100,Sell,232704464
2024-08-19 11:22:07,24050.0,100,Buy,232704530
