time,price,volume,match_type,id
2024-08-13 09:14:39,23650.0,73500,ATO/ATC,231071265
2024-08-13 09:14:55,23600.0,3400,Sell,231071607
2024-08-13 09:14:55,23600.0,1000,Sell,231071605
2024-08-13 09:14:55,23600.0,100,Sell,231071606
2024-08-13 09:14:56,23650.0,100,Buy,231071617
2024-08-13 09:14:56,23650.0,100,Buy,231071632
2024-08-13 09:15:12,23650.0,100,Buy,231071927
2024-08-13 09:15:40,23600.0,200,Sell,231072532
2024-08-13 09:15:47,23600.0,900,Sell,231072656
2024-08-13 09:15:56,23600.0,1000,Sell,231072861
2024-08-13 09:15:57,23650.0,200,Buy,231072872
2024-08-13 09:16:09,23600.0,200,Sell,231073148
2024-08-13 09:16:21,23600.0,500,Sell,231073395
2024-08-13 09:16:33,23600.0,200,Sell,231073652
2024-08-13 09:16:38,23600.0,500,Sell,231073745
2024-08-13 09:16:48,23600.0,100,Sell,231073980
2024-08-13 09:16:48,23600.0,100,Sell,231073981
2024-08-13 09:17:12,23600.0,400,Sell,231074649
2024-08-13 09:17:12,23600.0,400,Sell,231074648
2024-08-13 09:17:14,23600.0,100,Sell,231074723
2024-08-13 09:17:14,23600.0,500,Sell,231074724
2024-08-13 09:17:14,23600.0,1500,Sell,231074725
2024-08-13 09:17:14,23600.0,2900,Sell,231074726
2024-08-13 09:17:17,23600.0,100,Sell,231074877
2024-08-13 09:17:26,23600.0,100,Sell,231075032
2024-08-13 09:17:26,23650.0,3300,Buy,231075042
2024-08-13 09:17:32,23650.0,500,Buy,231075144
2024-08-13 09:17:46,23650.0,4000,Buy,231075452
2024-08-13 09:18:01,23650.0,200,Buy,231075826
2024-08-13 09:18:04,23600.0,2000,Sell,231075872
2024-08-13 09:18:14,23600.0,200,Sell,231076090
2024-08-13 09:18:22,23650.0,2000,Buy,231076284
2024-08-13 09:18:23,23600.0,1000,Sell,231076355
2024-08-13 09:18:38,23600.0,3700,Sell,231076704
2024-08-13 09:18:38,23600.0,100,Sell,231076705
2024-08-13 09:18:38,23600.0,100,Sell,231076706
2024-08-13 09:18:38,23600.0,100,Sell,231076707
2024-08-13 09:18:38,23600.0,200,Sell,231076708
2024-08-13 09:18:38,23600.0,1800,Sell,231076709
2024-08-13 09:18:39,23600.0,200,Sell,231076721
2024-08-13 09:18:39,23600.0,300,Sell,231076722
2024-08-13 09:18:41,23600.0,1000,Sell,231076769
2024-08-13 09:18:59,23600.0,500,Sell,231077051
2024-08-13 09:19:14,23600.0,100,Sell,231077384
2024-08-13 09:19:14,23600.0,500,Sell,231077385
2024-08-13 09:19:14,23600.0,4200,Sell,231077386
2024-08-13 09:19:14,23600.0,200,Sell,231077383
2024-08-13 09:19:15,23600.0,800,Sell,231077390
2024-08-13 09:19:15,23600.0,100,Sell,231077391
2024-08-13 09:19:15,23600.0,1000,Sell,231077392
2024-08-13 09:19:15,23600.0,100,Sell,231077393
2024-08-13 09:19:16,23600.0,1600,Sell,231077447
2024-08-13 09:19:16,23600.0,1000,Sell,231077445
2024-08-13 09:19:16,23600.0,100,Sell,231077446
2024-08-13 09:19:16,23600.0,100,Sell,231077443
2024-08-13 09:19:16,23600.0,300,Sell,231077437
2024-08-13 09:19:16,23600.0,500,Sell,231077444
2024-08-13 09:19:16,23600.0,100,Sell,231077442
2024-08-13 09:19:17,23600.0,100,Sell,231077499
2024-08-13 09:19:18,23600.0,300,Sell,231077540
2024-08-13 09:19:20,23600.0,500,Sell,231077580
2024-08-13 09:19:28,23600.0,100,Sell,231077760
2024-08-13 09:19:33,23600.0,500,Sell,231077906
2024-08-13 09:19:37,23600.0,200,Sell,231077985
2024-08-13 09:19:41,23600.0,300,Sell,231078061
2024-08-13 09:19:42,23600.0,1000,Sell,231078080
2024-08-13 09:19:42,23650.0,10000,Buy,231078087
2024-08-13 09:19:46,23600.0,5000,Sell,231078181
2024-08-13 09:19:54,23600.0,9100,Sell,231078359
2024-08-13 09:19:54,23600.0,2900,Sell,231078358
2024-08-13 09:20:10,23600.0,500,Sell,231078804
2024-08-13 09:20:13,23600.0,400,Sell,231078861
2024-08-13 09:20:13,23600.0,100,Sell,231078862
2024-08-13 09:20:17,23600.0,100,Sell,231078911
2024-08-13 09:20:17,23600.0,100,Sell,231078912
2024-08-13 09:20:20,23600.0,900,Sell,231078983
2024-08-13 09:20:20,23600.0,100,Sell,231078986
2024-08-13 09:20:20,23600.0,100,Sell,231078987
2024-08-13 09:20:20,23600.0,1000,Sell,231078988
2024-08-13 09:20:20,23600.0,100,Sell,231078989
2024-08-13 09:20:58,23600.0,800,Buy,231079869
2024-08-13 09:21:04,23600.0,300,Buy,231079985
2024-08-13 09:21:14,23600.0,200,Buy,231080239
2024-08-13 09:21:33,23600.0,500,Buy,231080614
2024-08-13 09:21:33,23600.0,2200,Buy,231080615
2024-08-13 09:21:33,23600.0,200,Buy,231080616
2024-08-13 09:21:33,23600.0,1100,Buy,231080617
2024-08-13 09:21:46,23600.0,100,Buy,231080934
2024-08-13 09:21:50,23600.0,400,Buy,231081040
2024-08-13 09:21:50,23600.0,1000,Buy,231081041
2024-08-13 09:21:50,23600.0,300,Buy,231081042
2024-08-13 09:21:50,23600.0,100,Buy,231081043
2024-08-13 09:21:50,23600.0,200,Buy,231081044
2024-08-13 09:21:52,23550.0,4000,Sell,231081082
2024-08-13 09:21:52,23550.0,1000,Sell,231081070
2024-08-13 09:21:52,23550.0,1000,Sell,231081081
2024-08-13 09:22:15,23550.0,100,Sell,231081593
2024-08-13 09:22:20,23600.0,9800,Buy,231081688
2024-08-13 09:22:20,23600.0,100,Buy,231081689
2024-08-13 09:22:20,23600.0,100,Buy,231081690
2024-08-13 09:22:31,23600.0,4900,Buy,231081985
2024-08-13 09:22:31,23600.0,100,Buy,231081986
2024-08-13 09:22:36,23600.0,100,Buy,231082101
2024-08-13 09:22:36,23600.0,100,Buy,231082102
2024-08-13 09:22:38,23600.0,400,Buy,231082137
2024-08-13 09:22:40,23550.0,100,Sell,231082174
2024-08-13 09:22:41,23550.0,500,Sell,231082206
2024-08-13 09:22:41,23600.0,1500,Buy,231082204
2024-08-13 09:22:41,23600.0,500,Buy,231082205
2024-08-13 09:22:49,23600.0,500,Buy,231082369
2024-08-13 09:22:49,23600.0,200,Buy,231082370
2024-08-13 09:22:49,23600.0,1000,Buy,231082371
2024-08-13 09:22:49,23600.0,3300,Buy,231082372
2024-08-13 09:22:54,23550.0,5000,Sell,231082486
2024-08-13 09:22:55,23600.0,500,Buy,231082550
2024-08-13 09:22:56,23550.0,300,Sell,231082556
2024-08-13 09:22:56,23550.0,600,Sell,231082557
2024-08-13 09:22:56,23550.0,100,Sell,231082558
2024-08-13 09:23:26,23550.0,500,Sell,231083494
2024-08-13 09:23:31,23550.0,200,Sell,231083632
2024-08-13 09:23:45,23550.0,100,Sell,231083959
2024-08-13 09:23:45,23550.0,500,Sell,231083965
2024-08-13 09:23:45,23550.0,100,Sell,231083966
2024-08-13 09:23:55,23550.0,1000,Sell,231084254
2024-08-13 09:23:55,23550.0,400,Sell,231084251
2024-08-13 09:23:55,23550.0,700,Sell,231084252
2024-08-13 09:23:55,23550.0,2000,Sell,231084253
2024-08-13 09:23:56,23550.0,100,Sell,231084288
2024-08-13 09:23:56,23550.0,800,Sell,231084289
2024-08-13 09:24:08,23550.0,5000,Sell,231084667
2024-08-13 09:24:25,23550.0,200,Sell,231085130
2024-08-13 09:24:46,23550.0,100,Sell,231085682
2024-08-13 09:24:46,23550.0,200,Sell,231085690
2024-08-13 09:24:46,23550.0,700,Sell,231085689
2024-08-13 09:24:46,23550.0,100,Sell,231085688
2024-08-13 09:24:46,23550.0,100,Sell,231085684
2024-08-13 09:24:46,23550.0,3000,Sell,231085683
2024-08-13 09:24:46,23550.0,100,Sell,231085681
2024-08-13 09:24:46,23550.0,500,Sell,231085677
2024-08-13 09:24:46,23550.0,100,Sell,231085679
2024-08-13 09:24:46,23550.0,100,Sell,231085678
2024-08-13 09:24:46,23550.0,4000,Sell,231085673
2024-08-13 09:24:46,23550.0,400,Sell,231085676
2024-08-13 09:24:46,23550.0,500,Sell,231085675
2024-08-13 09:24:46,23550.0,5000,Sell,231085674
2024-08-13 09:24:46,23550.0,100,Sell,231085680
2024-08-13 09:24:47,23550.0,500,Sell,231085782
2024-08-13 09:24:47,23550.0,200,Sell,231085780
2024-08-13 09:24:47,23550.0,1000,Sell,231085781
2024-08-13 09:24:47,23550.0,1000,Sell,231085778
2024-08-13 09:24:47,23550.0,200,Sell,231085777
2024-08-13 09:24:47,23550.0,300,Sell,231085779
2024-08-13 09:24:49,23550.0,4500,Sell,231085830
2024-08-13 09:24:49,23550.0,500,Sell,231085831
2024-08-13 09:24:53,23550.0,100,Sell,231085957
2024-08-13 09:25:05,23600.0,16000,Buy,231086368
2024-08-13 09:25:15,23600.0,600,Buy,231086605
2024-08-13 09:25:18,23600.0,3000,Buy,231086661
2024-08-13 09:25:18,23600.0,1000,Buy,231086659
2024-08-13 09:25:18,23600.0,400,Buy,231086660
2024-08-13 09:25:18,23600.0,1000,Buy,231086658
2024-08-13 09:25:18,23600.0,100,Buy,231086653
2024-08-13 09:25:18,23600.0,5000,Buy,231086656
2024-08-13 09:25:18,23600.0,700,Buy,231086655
2024-08-13 09:25:18,23600.0,2000,Buy,231086654
2024-08-13 09:25:18,23600.0,22300,Buy,231086652
2024-08-13 09:25:18,23600.0,100,Buy,231086657
2024-08-13 09:25:46,23600.0,5000,Sell,231087450
2024-08-13 09:25:48,23650.0,2000,Buy,231087505
2024-08-13 09:25:54,23650.0,200,Buy,231087609
2024-08-13 09:26:12,23650.0,500,Buy,231087970
2024-08-13 09:26:20,23600.0,4700,Sell,231088213
2024-08-13 09:26:40,23600.0,2000,Sell,231088770
2024-08-13 09:26:44,23600.0,100,Sell,231088855
2024-08-13 09:26:53,23600.0,12600,Sell,231089076
2024-08-13 09:26:53,23600.0,300,Sell,231089077
2024-08-13 09:26:53,23600.0,1000,Sell,231089078
2024-08-13 09:26:53,23600.0,1100,Sell,231089079
2024-08-13 09:26:59,23650.0,5000,Buy,231089282
2024-08-13 09:27:06,23600.0,800,Sell,231089450
2024-08-13 09:27:06,23600.0,1200,Sell,231089449
2024-08-13 09:27:06,23600.0,500,Sell,231089447
2024-08-13 09:27:06,23600.0,100,Sell,231089448
2024-08-13 09:27:06,23600.0,100,Sell,231089445
2024-08-13 09:27:06,23600.0,100,Sell,231089444
2024-08-13 09:27:06,23600.0,500,Sell,231089443
2024-08-13 09:27:06,23600.0,1000,Sell,231089442
2024-08-13 09:27:06,23600.0,700,Sell,231089446
2024-08-13 09:27:08,23600.0,200,Sell,231089492
2024-08-13 09:27:35,23600.0,300,Sell,231090266
2024-08-13 09:27:38,23650.0,1000,Buy,231090313
2024-08-13 09:27:50,23650.0,100,Buy,231090543
2024-08-13 09:27:57,23600.0,1100,Sell,231090760
2024-08-13 09:27:57,23600.0,100,Sell,231090759
2024-08-13 09:27:57,23600.0,1500,Sell,231090758
2024-08-13 09:27:57,23600.0,1000,Sell,231090756
2024-08-13 09:27:57,23600.0,1900,Sell,231090755
2024-08-13 09:27:57,23600.0,200,Sell,231090757
2024-08-13 09:27:58,23600.0,200,Sell,231090772
2024-08-13 09:28:11,23600.0,100,Sell,231091178
2024-08-13 09:28:18,23600.0,1500,Sell,231091325
2024-08-13 09:28:21,23600.0,100,Sell,231091409
2024-08-13 09:28:21,23600.0,100,Sell,231091410
2024-08-13 09:28:21,23600.0,200,Sell,231091411
2024-08-13 09:28:27,23600.0,200,Sell,231091551
2024-08-13 09:28:38,23600.0,200,Sell,231091859
2024-08-13 09:28:40,23600.0,100,Sell,231091915
2024-08-13 09:28:40,23600.0,8400,Sell,231091913
2024-08-13 09:28:40,23600.0,5000,Sell,231091914
2024-08-13 09:29:01,23550.0,400,Sell,231092526
2024-08-13 09:29:01,23550.0,100,Sell,231092525
2024-08-13 09:29:01,23550.0,2000,Sell,231092521
2024-08-13 09:29:01,23550.0,1000,Sell,231092523
2024-08-13 09:29:01,23550.0,500,Sell,231092522
2024-08-13 09:29:01,23550.0,1000,Sell,231092524
2024-08-13 09:29:11,23600.0,100,Buy,231092774
2024-08-13 09:29:13,23600.0,500,Buy,231092827
2024-08-13 09:29:17,23550.0,100,Sell,231092913
2024-08-13 09:29:26,23600.0,900,Buy,231093103
2024-08-13 09:29:26,23600.0,100,Buy,231093104
2024-08-13 09:29:26,23600.0,200,Buy,231093105
2024-08-13 09:29:48,23600.0,100,Buy,231093607
2024-08-13 09:29:48,23600.0,2000,Buy,231093608
2024-08-13 09:29:50,23600.0,12700,Buy,231093656
2024-08-13 09:29:50,23600.0,500,Buy,231093657
2024-08-13 09:29:50,23600.0,600,Buy,231093658
2024-08-13 09:29:50,23600.0,1900,Buy,231093659
2024-08-13 09:29:50,23600.0,300,Buy,231093660
2024-08-13 09:30:05,23600.0,4100,Sell,231094224
2024-08-13 09:30:05,23600.0,400,Sell,231094222
2024-08-13 09:30:05,23600.0,400,Sell,231094223
2024-08-13 09:30:05,23600.0,1000,Sell,231094220
2024-08-13 09:30:05,23600.0,100,Sell,231094221
2024-08-13 09:30:05,23600.0,9000,Sell,231094219
2024-08-13 09:30:08,23600.0,300,Sell,231094422
2024-08-13 09:30:08,23600.0,200,Sell,231094426
2024-08-13 09:30:11,23600.0,600,Sell,231094498
2024-08-13 09:30:12,23600.0,4800,Sell,231094520
2024-08-13 09:30:12,23600.0,200,Sell,231094521
2024-08-13 09:30:37,23600.0,100,Sell,231095242
2024-08-13 09:31:06,23650.0,2000,Buy,231095981
2024-08-13 09:31:23,23600.0,100,Sell,231096428
2024-08-13 09:31:23,23600.0,100,Sell,231096426
2024-08-13 09:31:23,23600.0,100,Sell,231096427
2024-08-13 09:31:23,23600.0,200,Sell,231096425
2024-08-13 09:31:53,23600.0,400,Sell,231097201
2024-08-13 09:31:53,23600.0,100,Sell,231097202
2024-08-13 09:31:53,23600.0,10000,Sell,231097203
2024-08-13 09:31:53,23600.0,4500,Sell,231097204
2024-08-13 09:32:07,23600.0,3000,Sell,231097648
2024-08-13 09:32:17,23600.0,500,Sell,231097876
2024-08-13 09:32:27,23600.0,1000,Sell,231098058
2024-08-13 09:32:33,23600.0,100,Sell,231098209
2024-08-13 09:32:57,23600.0,5000,Sell,231098786
2024-08-13 09:33:15,23600.0,500,Sell,231099275
2024-08-13 09:33:20,23600.0,1500,Sell,231099376
2024-08-13 09:34:11,23650.0,100,Buy,231100561
2024-08-13 09:34:11,23600.0,5000,Sell,231100564
2024-08-13 09:34:31,23650.0,100,Buy,231100987
2024-08-13 09:34:31,23600.0,400,Sell,231101005
2024-08-13 09:34:36,23600.0,5600,Sell,231101110
2024-08-13 09:34:36,23600.0,3000,Sell,231101109
2024-08-13 09:34:36,23600.0,2000,Sell,231101108
2024-08-13 09:34:36,23600.0,400,Sell,231101107
2024-08-13 09:34:36,23600.0,1000,Sell,231101104
2024-08-13 09:34:36,23600.0,1000,Sell,231101105
2024-08-13 09:34:36,23600.0,1000,Sell,231101103
2024-08-13 09:34:36,23600.0,200,Sell,231101102
2024-08-13 09:34:36,23600.0,8500,Sell,231101101
2024-08-13 09:34:36,23600.0,1000,Sell,231101106
2024-08-13 09:34:51,23600.0,1000,Sell,231101525
2024-08-13 09:34:55,23600.0,1000,Sell,231101644
2024-08-13 09:34:55,23600.0,1000,Sell,231101643
2024-08-13 09:34:55,23600.0,1000,Sell,231101642
2024-08-13 09:34:55,23600.0,100,Sell,231101640
2024-08-13 09:34:55,23600.0,200,Sell,231101639
2024-08-13 09:34:55,23600.0,1800,Sell,231101638
2024-08-13 09:34:55,23600.0,100,Sell,231101641
2024-08-13 09:35:00,23600.0,100,Buy,231101774
2024-08-13 09:35:10,23600.0,3000,Buy,231101950
2024-08-13 09:35:17,23600.0,1700,Buy,231102070
2024-08-13 09:35:17,23600.0,300,Buy,231102071
2024-08-13 09:35:21,23550.0,3600,Sell,231102209
2024-08-13 09:35:21,23550.0,300,Sell,231102210
2024-08-13 09:35:21,23550.0,100,Sell,231102211
2024-08-13 09:35:21,23550.0,100,Sell,231102212
2024-08-13 09:35:21,23550.0,300,Sell,231102213
2024-08-13 09:35:21,23550.0,3000,Sell,231102216
2024-08-13 09:35:21,23550.0,100,Sell,231102215
2024-08-13 09:35:21,23550.0,3000,Sell,231102217
2024-08-13 09:35:21,23550.0,100,Sell,231102218
2024-08-13 09:35:21,23550.0,200,Sell,231102208
2024-08-13 09:35:21,23550.0,5000,Sell,231102214
2024-08-13 09:35:21,23550.0,500,Sell,231102207
2024-08-13 09:35:21,23550.0,6600,Sell,231102219
2024-08-13 09:35:21,23550.0,500,Sell,231102205
2024-08-13 09:35:21,23550.0,29500,Sell,231102193
2024-08-13 09:35:21,23550.0,1000,Sell,231102194
2024-08-13 09:35:21,23550.0,3000,Sell,231102195
2024-08-13 09:35:21,23550.0,5000,Sell,231102196
2024-08-13 09:35:21,23550.0,100,Sell,231102197
2024-08-13 09:35:21,23550.0,100,Sell,231102198
2024-08-13 09:35:21,23550.0,5000,Sell,231102206
2024-08-13 09:35:21,23550.0,100,Sell,231102200
2024-08-13 09:35:21,23550.0,100,Sell,231102204
2024-08-13 09:35:21,23550.0,100,Sell,231102203
2024-08-13 09:35:21,23550.0,100,Sell,231102199
2024-08-13 09:35:21,23550.0,5000,Sell,231102201
2024-08-13 09:35:21,23550.0,500,Sell,231102202
2024-08-13 09:35:35,23550.0,1000,Sell,231102542
2024-08-13 09:35:39,23550.0,300,Sell,231102677
2024-08-13 09:35:47,23600.0,100,Buy,231102902
2024-08-13 09:35:47,23600.0,600,Buy,231102903
2024-08-13 09:36:40,23600.0,200,Buy,231104437
2024-08-13 09:36:40,23550.0,700,Sell,231104450
2024-08-13 09:36:40,23600.0,400,Buy,231104433
2024-08-13 09:36:50,23600.0,100,Buy,231104633
2024-08-13 09:36:51,23600.0,200,Buy,231104662
2024-08-13 09:36:51,23600.0,100,Buy,231104663
2024-08-13 09:36:51,23600.0,200,Buy,231104664
2024-08-13 09:36:51,23600.0,500,Buy,231104665
2024-08-13 09:37:07,23550.0,1400,Sell,231104998
2024-08-13 09:37:17,23600.0,3000,Buy,231105239
2024-08-13 09:37:18,23550.0,8500,Sell,231105259
2024-08-13 09:37:31,23550.0,500,Sell,231105593
2024-08-13 09:37:50,23550.0,1000,Sell,231106218
2024-08-13 09:38:07,23600.0,1000,Buy,231106670
2024-08-13 09:38:30,23550.0,100,Sell,231107204
2024-08-13 09:38:30,23550.0,100,Sell,231107203
2024-08-13 09:38:30,23550.0,100,Sell,231107200
2024-08-13 09:38:30,23550.0,100,Sell,231107201
2024-08-13 09:38:30,23550.0,100,Sell,231107202
2024-08-13 09:39:03,23600.0,1100,Buy,231108068
2024-08-13 09:39:03,23600.0,1000,Buy,231108066
2024-08-13 09:39:03,23600.0,400,Buy,231108065
2024-08-13 09:39:03,23600.0,100,Buy,231108063
2024-08-13 09:39:03,23600.0,500,Buy,231108067
2024-08-13 09:39:03,23600.0,1000,Buy,231108061
2024-08-13 09:39:03,23600.0,100,Buy,231108060
2024-08-13 09:39:03,23600.0,500,Buy,231108059
2024-08-13 09:39:03,23600.0,500,Buy,231108058
2024-08-13 09:39:03,23600.0,400,Buy,231108062
2024-08-13 09:39:03,23600.0,400,Buy,231108064
2024-08-13 09:40:14,23550.0,400,Sell,231109826
2024-08-13 09:40:14,23550.0,100,Sell,231109827
2024-08-13 09:40:19,23600.0,600,Buy,231109907
2024-08-13 09:40:19,23600.0,1000,Buy,231109908
2024-08-13 09:40:19,23600.0,100,Buy,231109909
2024-08-13 09:40:19,23600.0,700,Buy,231109910
2024-08-13 09:40:19,23600.0,500,Buy,231109911
2024-08-13 09:40:29,23600.0,1400,Sell,231110061
2024-08-13 09:40:41,23600.0,200,Buy,231110287
2024-08-13 09:40:47,23600.0,300,Buy,231110387
2024-08-13 09:40:59,23600.0,300,Buy,231110704
2024-08-13 09:41:13,23600.0,200,Buy,231111020
2024-08-13 09:41:20,23600.0,600,Buy,231111156
2024-08-13 09:41:20,23600.0,400,Buy,231111157
2024-08-13 09:41:35,23600.0,9000,Sell,231111565
2024-08-13 09:41:43,23600.0,200,Buy,231111718
2024-08-13 09:41:51,23600.0,100,Buy,231111848
2024-08-13 09:42:12,23600.0,100,Buy,231112294
2024-08-13 09:42:27,23600.0,200,Buy,231112631
2024-08-13 09:42:39,23600.0,400,Buy,231112910
2024-08-13 09:42:39,23600.0,2800,Buy,231112911
2024-08-13 09:42:47,23550.0,2500,Sell,231113109
2024-08-13 09:43:13,23600.0,200,Buy,231113964
2024-08-13 09:43:17,23550.0,5000,Sell,231114112
2024-08-13 09:43:27,23550.0,500,Sell,231114569
2024-08-13 09:43:43,23600.0,200,Buy,231114895
2024-08-13 09:43:52,23600.0,100,Buy,231115114
2024-08-13 09:43:59,23600.0,300,Buy,231115290
2024-08-13 09:44:01,23600.0,100,Buy,231115330
2024-08-13 09:44:48,23550.0,3600,Sell,231116379
2024-08-13 09:45:08,23600.0,100,Buy,231116848
2024-08-13 09:45:10,23550.0,500,Sell,231116871
2024-08-13 09:45:15,23550.0,1000,Sell,231117007
2024-08-13 09:45:27,23600.0,9600,Buy,231117335
2024-08-13 09:45:27,23600.0,200,Buy,231117334
2024-08-13 09:45:27,23600.0,200,Buy,231117333
2024-08-13 09:45:27,23600.0,400,Buy,231117332
2024-08-13 09:45:27,23600.0,10000,Buy,231117331
2024-08-13 09:45:27,23600.0,400,Buy,231117329
2024-08-13 09:45:27,23600.0,1000,Buy,231117328
2024-08-13 09:45:27,23600.0,500,Buy,231117327
2024-08-13 09:45:27,23600.0,5000,Buy,231117326
2024-08-13 09:45:27,23600.0,10700,Buy,231117325
2024-08-13 09:45:27,23600.0,2000,Buy,231117330
2024-08-13 09:45:29,23600.0,400,Buy,231117367
2024-08-13 09:45:29,23600.0,1000,Buy,231117368
2024-08-13 09:45:29,23600.0,100,Buy,231117369
2024-08-13 09:45:29,23600.0,4100,Buy,231117370
2024-08-13 09:45:41,23650.0,1000,Buy,231117669
2024-08-13 09:45:41,23650.0,300,Buy,231117670
2024-08-13 09:45:41,23650.0,500,Buy,231117671
2024-08-13 09:45:41,23650.0,100,Buy,231117672
2024-08-13 09:45:41,23650.0,100,Buy,231117673
2024-08-13 09:45:41,23650.0,3000,Buy,231117675
2024-08-13 09:45:41,23650.0,500,Buy,231117676
2024-08-13 09:45:41,23650.0,200,Buy,231117680
2024-08-13 09:45:41,23650.0,200,Buy,231117678
2024-08-13 09:45:41,23650.0,5000,Buy,231117679
2024-08-13 09:45:41,23650.0,1000,Buy,231117681
2024-08-13 09:45:41,23650.0,500,Buy,231117682
2024-08-13 09:45:41,23650.0,500,Buy,231117683
2024-08-13 09:45:41,23650.0,9800,Buy,231117684
2024-08-13 09:45:41,23650.0,100,Buy,231117677
2024-08-13 09:45:41,23650.0,400,Buy,231117666
2024-08-13 09:45:41,23650.0,2000,Buy,231117668
2024-08-13 09:45:41,23650.0,5000,Buy,231117667
2024-08-13 09:45:41,23600.0,500,Sell,231117648
2024-08-13 09:45:41,23650.0,6000,Buy,231117650
2024-08-13 09:45:41,23650.0,15000,Buy,231117651
2024-08-13 09:45:41,23650.0,5000,Buy,231117652
2024-08-13 09:45:41,23650.0,800,Buy,231117665
2024-08-13 09:45:41,23650.0,500,Buy,231117654
2024-08-13 09:45:41,23650.0,20000,Buy,231117655
2024-08-13 09:45:41,23650.0,1000,Buy,231117656
2024-08-13 09:45:41,23650.0,100,Buy,231117653
2024-08-13 09:45:41,23650.0,100,Buy,231117658
2024-08-13 09:45:41,23650.0,100,Buy,231117659
2024-08-13 09:45:41,23650.0,100,Buy,231117660
2024-08-13 09:45:41,23650.0,600,Buy,231117661
2024-08-13 09:45:41,23650.0,300,Buy,231117662
2024-08-13 09:45:41,23650.0,200,Buy,231117663
2024-08-13 09:45:41,23650.0,5000,Buy,231117664
2024-08-13 09:45:41,23650.0,5000,Buy,231117657
2024-08-13 09:45:44,23600.0,100,Sell,231117737
2024-08-13 09:46:00,23600.0,3800,Sell,231118220
2024-08-13 09:46:00,23600.0,1000,Sell,231118221
2024-08-13 09:46:00,23600.0,10000,Sell,231118222
2024-08-13 09:46:00,23600.0,5200,Sell,231118223
2024-08-13 09:46:19,23600.0,500,Sell,231118770
2024-08-13 09:46:38,23650.0,500,Buy,231119167
2024-08-13 09:46:38,23650.0,400,Buy,231119165
2024-08-13 09:46:38,23650.0,200,Buy,231119164
2024-08-13 09:46:38,23650.0,1000,Buy,231119166
2024-08-13 09:46:51,23700.0,100,Buy,231119503
2024-08-13 09:46:51,23700.0,500,Buy,231119504
2024-08-13 09:46:51,23700.0,1000,Buy,231119505
2024-08-13 09:46:51,23700.0,100,Buy,231119507
2024-08-13 09:46:51,23700.0,3000,Buy,231119508
2024-08-13 09:46:51,23700.0,2000,Buy,231119509
2024-08-13 09:46:51,23700.0,100,Buy,231119510
2024-08-13 09:46:51,23700.0,500,Buy,231119511
2024-08-13 09:46:51,23700.0,100,Buy,231119512
2024-08-13 09:46:51,23700.0,200,Buy,231119513
2024-08-13 09:46:51,23700.0,1700,Buy,231119515
2024-08-13 09:46:51,23700.0,300,Buy,231119516
2024-08-13 09:46:51,23700.0,500,Buy,231119517
2024-08-13 09:46:51,23700.0,100,Buy,231119518
2024-08-13 09:46:51,23700.0,50000,Buy,231119519
2024-08-13 09:46:51,23700.0,100,Buy,231119520
2024-08-13 09:46:51,23700.0,2000,Buy,231119521
2024-08-13 09:46:51,23700.0,1000,Buy,231119522
2024-08-13 09:46:51,23700.0,1000,Buy,231119523
2024-08-13 09:46:51,23700.0,9200,Buy,231119524
2024-08-13 09:46:51,23700.0,2000,Buy,231119514
2024-08-13 09:46:51,23700.0,1000,Buy,231119502
2024-08-13 09:46:51,23700.0,1000,Buy,231119498
2024-08-13 09:46:51,23700.0,1000,Buy,231119500
2024-08-13 09:46:51,23700.0,200,Buy,231119481
2024-08-13 09:46:51,23700.0,100,Buy,231119482
2024-08-13 09:46:51,23700.0,100,Buy,231119483
2024-08-13 09:46:51,23700.0,100,Buy,231119484
2024-08-13 09:46:51,23700.0,400,Buy,231119485
2024-08-13 09:46:51,23700.0,100,Buy,231119486
2024-08-13 09:46:51,23700.0,2000,Buy,231119487
2024-08-13 09:46:51,23700.0,100,Buy,231119488
2024-08-13 09:46:51,23700.0,200,Buy,231119489
2024-08-13 09:46:51,23700.0,100,Buy,231119490
2024-08-13 09:46:51,23700.0,200,Buy,231119491
2024-08-13 09:46:51,23700.0,500,Buy,231119492
2024-08-13 09:46:51,23700.0,100,Buy,231119493
2024-08-13 09:46:51,23700.0,500,Buy,231119494
2024-08-13 09:46:51,23700.0,1000,Buy,231119495
2024-08-13 09:46:51,23700.0,5000,Buy,231119496
2024-08-13 09:46:51,23700.0,5000,Buy,231119497
2024-08-13 09:46:51,23700.0,1000,Buy,231119479
2024-08-13 09:46:51,23700.0,2000,Buy,231119499
2024-08-13 09:46:51,23700.0,2000,Buy,231119480
2024-08-13 09:46:51,23700.0,800,Buy,231119501
2024-08-13 09:46:55,23600.0,1100,Sell,231119690
2024-08-13 09:47:08,23600.0,4800,Sell,231119968
2024-08-13 09:47:08,23600.0,200,Sell,231119967
2024-08-13 09:47:16,23650.0,400,Buy,231120182
2024-08-13 09:47:16,23650.0,300,Buy,231120183
2024-08-13 09:47:23,23650.0,2000,Buy,231120349
2024-08-13 09:47:27,23650.0,100,Buy,231120456
2024-08-13 09:47:27,23650.0,200,Buy,231120466
2024-08-13 09:47:30,23650.0,100,Buy,231120541
2024-08-13 09:47:31,23650.0,1800,Buy,231120561
2024-08-13 09:47:31,23650.0,200,Buy,231120562
2024-08-13 09:47:36,23650.0,100,Sell,231120732
2024-08-13 09:47:36,23650.0,300,Buy,231120730
2024-08-13 09:47:36,23650.0,100,Buy,231120731
2024-08-13 09:47:46,23650.0,200,Sell,231120936
2024-08-13 09:47:50,23700.0,1000,Buy,231121048
2024-08-13 09:47:50,23700.0,700,Buy,231121052
2024-08-13 09:47:50,23700.0,5000,Buy,231121051
2024-08-13 09:47:50,23700.0,10000,Buy,231121050
2024-08-13 09:47:50,23700.0,1100,Buy,231121049
2024-08-13 09:47:50,23700.0,1000,Buy,231121047
2024-08-13 09:47:50,23700.0,200,Buy,231121053
2024-08-13 09:47:50,23700.0,200,Buy,231121045
2024-08-13 09:47:50,23650.0,2800,Buy,231121040
2024-08-13 09:47:50,23700.0,15600,Buy,231121041
2024-08-13 09:47:50,23700.0,5000,Buy,231121046
2024-08-13 09:47:50,23700.0,1000,Buy,231121043
2024-08-13 09:47:50,23700.0,100,Buy,231121044
2024-08-13 09:47:50,23700.0,900,Buy,231121042
2024-08-13 09:47:51,23600.0,5000,Sell,231121081
2024-08-13 09:47:58,23650.0,700,Buy,231121266
2024-08-13 09:48:01,23650.0,2300,Buy,231121314
2024-08-13 09:48:19,23650.0,1000,Sell,231121768
2024-08-13 09:48:23,23650.0,3000,Sell,231121904
2024-08-13 09:48:37,23650.0,200,Sell,231122358
2024-08-13 09:49:00,23650.0,200,Sell,231123133
2024-08-13 09:49:12,23700.0,300,Buy,231123390
2024-08-13 09:49:12,23700.0,900,Buy,231123389
2024-08-13 09:49:12,23700.0,1000,Buy,231123388
2024-08-13 09:49:12,23700.0,300,Buy,231123387
2024-08-13 09:49:12,23700.0,500,Buy,231123384
2024-08-13 09:49:12,23700.0,600,Buy,231123385
2024-08-13 09:49:12,23700.0,500,Buy,231123383
2024-08-13 09:49:12,23700.0,100,Buy,231123386
2024-08-13 09:49:12,23700.0,800,Buy,231123382
2024-08-13 09:49:16,23700.0,700,Buy,231123551
2024-08-13 09:49:16,23700.0,300,Buy,231123552
2024-08-13 09:49:19,23700.0,200,Buy,231123642
2024-08-13 09:49:31,23700.0,500,Sell,231123935
2024-08-13 09:49:31,23700.0,4800,Sell,231123934
2024-08-13 09:49:43,23700.0,100,Buy,231124228
2024-08-13 09:49:45,23650.0,500,Sell,231124267
2024-08-13 09:49:45,23650.0,700,Sell,231124268
2024-08-13 09:49:45,23650.0,100,Sell,231124269
2024-08-13 09:49:45,23650.0,400,Sell,231124270
2024-08-13 09:49:45,23650.0,3300,Sell,231124266
2024-08-13 09:49:53,23650.0,100,Sell,231124470
2024-08-13 09:50:08,23700.0,9600,Buy,231124778
2024-08-13 09:50:09,23650.0,500,Sell,231124790
2024-08-13 09:50:09,23650.0,100,Sell,231124785
2024-08-13 09:50:09,23650.0,100,Sell,231124789
2024-08-13 09:50:18,23750.0,200,Buy,231125034
2024-08-13 09:50:18,23750.0,100,Buy,231125030
2024-08-13 09:50:18,23750.0,500,Buy,231125029
2024-08-13 09:50:18,23750.0,500,Buy,231125031
2024-08-13 09:50:18,23750.0,300,Buy,231125032
2024-08-13 09:50:18,23750.0,1000,Buy,231125033
2024-08-13 09:50:18,23750.0,100,Buy,231125035
2024-08-13 09:50:18,23750.0,100,Buy,231125040
2024-08-13 09:50:18,23750.0,100,Buy,231125037
2024-08-13 09:50:18,23750.0,1000,Buy,231125038
2024-08-13 09:50:18,23750.0,100,Buy,231125039
2024-08-13 09:50:18,23750.0,900,Buy,231125041
2024-08-13 09:50:18,23750.0,5000,Buy,231125042
2024-08-13 09:50:18,23750.0,100,Buy,231125043
2024-08-13 09:50:18,23750.0,10000,Buy,231125044
2024-08-13 09:50:18,23750.0,100,Buy,231125036
2024-08-13 09:50:18,23750.0,800,Buy,231125028
2024-08-13 09:50:18,23750.0,1000,Buy,231125023
2024-08-13 09:50:18,23750.0,4000,Buy,231125026
2024-08-13 09:50:18,23750.0,100,Buy,231125009
2024-08-13 09:50:18,23750.0,1000,Buy,231125010
2024-08-13 09:50:18,23750.0,100,Buy,231125011
2024-08-13 09:50:18,23750.0,100,Buy,231125012
2024-08-13 09:50:18,23750.0,100,Buy,231125014
2024-08-13 09:50:18,23750.0,100,Buy,231125015
2024-08-13 09:50:18,23750.0,100,Buy,231125016
2024-08-13 09:50:18,23750.0,100,Buy,231125013
2024-08-13 09:50:18,23750.0,500,Buy,231125018
2024-08-13 09:50:18,23750.0,5000,Buy,231125019
2024-08-13 09:50:18,23750.0,100,Buy,231125020
2024-08-13 09:50:18,23750.0,200,Buy,231125021
2024-08-13 09:50:18,23750.0,200,Buy,231125022
2024-08-13 09:50:18,23750.0,5000,Buy,231125024
2024-08-13 09:50:18,23750.0,4000,Buy,231125025
2024-08-13 09:50:18,23750.0,100,Buy,231125017
2024-08-13 09:50:18,23750.0,100,Buy,231125027
2024-08-13 09:50:19,23650.0,100,Sell,231125059
2024-08-13 09:50:27,23650.0,1400,Sell,231125314
2024-08-13 09:50:27,23650.0,500,Sell,231125315
2024-08-13 09:50:27,23650.0,10000,Sell,231125316
2024-08-13 09:50:27,23650.0,500,Sell,231125317
2024-08-13 09:50:27,23650.0,2600,Sell,231125318
2024-08-13 09:50:29,23700.0,400,Buy,231125411
2024-08-13 09:50:37,23700.0,1000,Buy,231125597
2024-08-13 09:50:47,23700.0,3200,Buy,231125890
2024-08-13 09:50:50,23700.0,3000,Buy,231125946
2024-08-13 09:50:52,23700.0,2000,Buy,231125999
2024-08-13 09:50:57,23700.0,400,Buy,231126136
2024-08-13 09:51:03,23750.0,100,Buy,231126303
2024-08-13 09:51:08,23700.0,200,Sell,231126454
2024-08-13 09:51:14,23700.0,700,Sell,231126566
2024-08-13 09:51:29,23750.0,100,Buy,231126943
2024-08-13 09:51:36,23700.0,1000,Sell,231127133
2024-08-13 09:51:50,23750.0,100,Buy,231127395
2024-08-13 09:51:57,23700.0,900,Sell,231127474
2024-08-13 09:51:57,23700.0,100,Sell,231127475
2024-08-13 09:52:06,23750.0,1200,Buy,231127696
2024-08-13 09:52:14,23700.0,1000,Sell,231127841
2024-08-13 09:52:17,23700.0,1300,Sell,231127935
2024-08-13 09:52:17,23700.0,3700,Sell,231127936
2024-08-13 09:52:28,23750.0,300,Buy,231128141
2024-08-13 09:52:30,23750.0,2000,Buy,231128168
2024-08-13 09:52:51,23750.0,3800,Buy,231128598
2024-08-13 09:52:51,23750.0,100,Buy,231128599
2024-08-13 09:52:51,23750.0,1100,Buy,231128600
2024-08-13 09:52:55,23750.0,1100,Buy,231128724
2024-08-13 09:53:05,23750.0,1000,Buy,231129017
2024-08-13 09:53:05,23750.0,1200,Buy,231129018
2024-08-13 09:53:05,23750.0,2800,Buy,231129015
2024-08-13 09:53:05,23750.0,1000,Buy,231129016
2024-08-13 09:53:09,23750.0,100,Buy,231129097
2024-08-13 09:53:09,23750.0,1800,Buy,231129096
2024-08-13 09:53:09,23750.0,100,Buy,231129098
2024-08-13 09:53:14,23750.0,2000,Buy,231129194
2024-08-13 09:53:34,23750.0,400,Buy,231129665
2024-08-13 09:53:35,23700.0,200,Sell,231129676
2024-08-13 09:53:37,23700.0,1100,Sell,231129802
2024-08-13 09:53:37,23700.0,1000,Sell,231129803
2024-08-13 09:53:37,23700.0,200,Sell,231129804
2024-08-13 09:53:37,23700.0,2700,Sell,231129805
2024-08-13 09:53:57,23700.0,100,Sell,231130268
2024-08-13 09:54:11,23700.0,100,Sell,231130543
2024-08-13 09:54:20,23700.0,200,Sell,231130704
2024-08-13 09:54:25,23700.0,500,Sell,231130785
2024-08-13 09:54:26,23700.0,3600,Sell,231130833
2024-08-13 09:54:26,23700.0,11400,Sell,231130835
2024-08-13 09:54:37,23750.0,200,Buy,231131023
2024-08-13 09:54:43,23750.0,1000,Buy,231131156
2024-08-13 09:54:43,23750.0,700,Buy,231131157
2024-08-13 09:54:43,23700.0,5000,Sell,231131158
2024-08-13 09:54:43,23750.0,3300,Buy,231131155
2024-08-13 09:54:47,23700.0,1300,Sell,231131311
2024-08-13 09:54:47,23700.0,300,Sell,231131310
2024-08-13 09:54:47,23700.0,500,Sell,231131309
2024-08-13 09:54:47,23700.0,200,Sell,231131308
2024-08-13 09:54:47,23700.0,2000,Sell,231131307
2024-08-13 09:54:47,23700.0,300,Sell,231131304
2024-08-13 09:54:47,23700.0,3300,Sell,231131306
2024-08-13 09:54:47,23700.0,500,Sell,231131305
2024-08-13 09:54:47,23700.0,200,Sell,231131303
2024-08-13 09:54:47,23700.0,100,Sell,231131297
2024-08-13 09:54:47,23700.0,100,Sell,231131301
2024-08-13 09:54:47,23700.0,200,Sell,231131302
2024-08-13 09:54:47,23700.0,2600,Sell,231131292
2024-08-13 09:54:47,23700.0,1000,Sell,231131293
2024-08-13 09:54:47,23700.0,1000,Sell,231131294
2024-08-13 09:54:47,23700.0,900,Sell,231131296
2024-08-13 09:54:47,23700.0,100,Sell,231131298
2024-08-13 09:54:47,23700.0,100,Sell,231131299
2024-08-13 09:54:47,23700.0,200,Sell,231131300
2024-08-13 09:54:47,23700.0,100,Sell,231131295
2024-08-13 09:54:57,23700.0,100,Sell,231131492
2024-08-13 09:55:01,23700.0,30000,Sell,231131561
2024-08-13 09:55:05,23750.0,600,Buy,231131627
2024-08-13 09:55:26,23750.0,100,Buy,231132029
2024-08-13 09:55:26,23750.0,300,Buy,231132034
2024-08-13 09:55:32,23700.0,600,Sell,231132126
2024-08-13 09:55:39,23700.0,100,Sell,231132304
2024-08-13 09:55:39,23700.0,400,Sell,231132306
2024-08-13 09:55:39,23700.0,100,Sell,231132305
2024-08-13 09:55:39,23700.0,900,Sell,231132303
2024-08-13 09:55:39,23700.0,3000,Sell,231132301
2024-08-13 09:55:39,23700.0,500,Sell,231132302
2024-08-13 09:55:39,23700.0,15000,Sell,231132298
2024-08-13 09:55:41,23700.0,100,Sell,231132359
2024-08-13 09:55:57,23700.0,200,Sell,231132700
2024-08-13 09:55:57,23700.0,100,Sell,231132701
2024-08-13 09:55:57,23700.0,1000,Sell,231132702
2024-08-13 09:55:57,23700.0,1000,Sell,231132703
2024-08-13 09:55:57,23700.0,500,Sell,231132704
2024-08-13 09:55:57,23700.0,800,Sell,231132705
2024-08-13 09:55:57,23700.0,4500,Sell,231132699
2024-08-13 09:56:03,23650.0,300,Sell,231132857
2024-08-13 09:56:56,23650.0,100,Sell,231133873
2024-08-13 09:57:15,23650.0,200,Sell,231134243
2024-08-13 09:57:44,23700.0,1900,Buy,231134805
2024-08-13 09:57:49,23700.0,400,Buy,231134908
2024-08-13 09:57:50,23650.0,300,Sell,231134917
2024-08-13 09:58:01,23650.0,100,Sell,231135098
2024-08-13 09:58:04,23650.0,2000,Sell,231135165
2024-08-13 09:58:08,23650.0,100,Sell,231135249
2024-08-13 09:58:48,23650.0,300,Sell,231135925
2024-08-13 09:58:48,23650.0,100,Sell,231135926
2024-08-13 09:58:48,23650.0,4600,Sell,231135927
2024-08-13 09:59:03,23650.0,400,Sell,231136192
2024-08-13 09:59:03,23650.0,400,Sell,231136190
2024-08-13 09:59:03,23650.0,200,Sell,231136191
2024-08-13 09:59:57,23650.0,500,Sell,231137331
2024-08-13 09:59:57,23650.0,500,Sell,231137332
2024-08-13 09:59:57,23650.0,1000,Sell,231137333
2024-08-13 09:59:57,23650.0,1400,Sell,231137334
2024-08-13 09:59:57,23650.0,1600,Sell,231137330
2024-08-13 10:00:00,23650.0,2000,Sell,231137376
2024-08-13 10:00:01,23650.0,500,Sell,231137389
2024-08-13 10:00:08,23650.0,200,Sell,231137552
2024-08-13 10:00:18,23650.0,1000,Sell,231137674
2024-08-13 10:00:43,23650.0,1000,Sell,231138041
2024-08-13 10:01:55,23650.0,500,Sell,231139588
2024-08-13 10:02:05,23650.0,5000,Sell,231139774
2024-08-13 10:02:17,23650.0,16000,Sell,231140093
2024-08-13 10:02:26,23650.0,15000,Sell,231140341
2024-08-13 10:02:36,23650.0,2000,Sell,231140614
2024-08-13 10:02:41,23700.0,1100,Buy,231140701
2024-08-13 10:04:09,23700.0,1000,Buy,231142988
2024-08-13 10:04:18,23700.0,100,Buy,231143167
2024-08-13 10:04:46,23650.0,200,Sell,231143683
2024-08-13 10:04:50,23700.0,100,Buy,231143780
2024-08-13 10:05:07,23650.0,300,Sell,231144115
2024-08-13 10:05:19,23700.0,800,Buy,231144517
2024-08-13 10:05:48,23700.0,3500,Buy,231145050
2024-08-13 10:05:48,23700.0,1500,Buy,231145049
2024-08-13 10:06:02,23650.0,500,Sell,231145353
2024-08-13 10:06:24,23650.0,700,Sell,231145773
2024-08-13 10:06:26,23650.0,200,Sell,231145801
2024-08-13 10:06:41,23650.0,1000,Sell,231146163
2024-08-13 10:06:44,23650.0,2500,Sell,231146240
2024-08-13 10:06:44,23650.0,200,Sell,231146256
2024-08-13 10:06:44,23650.0,200,Sell,231146257
2024-08-13 10:06:44,23650.0,1000,Sell,231146258
2024-08-13 10:06:44,23650.0,1100,Sell,231146259
2024-08-13 10:07:05,23650.0,5900,Sell,231146728
2024-08-13 10:07:05,23650.0,100,Sell,231146729
2024-08-13 10:07:05,23650.0,1000,Sell,231146730
2024-08-13 10:07:07,23700.0,3200,Buy,231146757
2024-08-13 10:07:07,23700.0,100,Buy,231146756
2024-08-13 10:07:07,23700.0,100,Buy,231146754
2024-08-13 10:07:07,23700.0,1500,Buy,231146752
2024-08-13 10:07:07,23700.0,5000,Buy,231146755
2024-08-13 10:07:07,23700.0,100,Buy,231146753
2024-08-13 10:07:15,23700.0,10000,Buy,231146868
2024-08-13 10:07:20,23650.0,1000,Sell,231146945
2024-08-13 10:07:20,23650.0,1000,Sell,231146946
2024-08-13 10:07:30,23650.0,100,Sell,231147163
2024-08-13 10:07:36,23650.0,600,Sell,231147283
2024-08-13 10:07:58,23650.0,100,Sell,231147735
2024-08-13 10:08:18,23650.0,100,Sell,231148061
2024-08-13 10:08:21,23650.0,1000,Sell,231148186
2024-08-13 10:08:36,23650.0,200,Sell,231148511
2024-08-13 10:08:41,23650.0,2900,Sell,231148691
2024-08-13 10:08:41,23650.0,1900,Sell,231148688
2024-08-13 10:08:41,23650.0,100,Sell,231148689
2024-08-13 10:08:41,23650.0,100,Sell,231148690
2024-08-13 10:08:44,23650.0,2100,Sell,231148747
2024-08-13 10:08:44,23650.0,100,Sell,231148748
2024-08-13 10:08:44,23650.0,800,Sell,231148749
2024-08-13 10:08:44,23650.0,100,Sell,231148757
2024-08-13 10:09:00,23650.0,800,Sell,231149074
2024-08-13 10:09:07,23700.0,5000,Buy,231149228
2024-08-13 10:09:32,23650.0,1000,Sell,231149866
2024-08-13 10:10:06,23650.0,500,Sell,231150858
2024-08-13 10:10:13,23650.0,500,Sell,231151099
2024-08-13 10:10:45,23650.0,1200,Sell,231152028
2024-08-13 10:10:47,23650.0,100,Sell,231152077
2024-08-13 10:10:47,23650.0,100,Sell,231152069
2024-08-13 10:10:47,23650.0,1000,Sell,231152070
2024-08-13 10:10:47,23650.0,1000,Sell,231152071
2024-08-13 10:10:47,23650.0,100,Sell,231152072
2024-08-13 10:10:47,23650.0,1000,Sell,231152073
2024-08-13 10:10:47,23650.0,100,Sell,231152074
2024-08-13 10:10:47,23650.0,100,Sell,231152075
2024-08-13 10:10:47,23650.0,500,Sell,231152076
2024-08-13 10:11:11,23650.0,400,Sell,231152667
2024-08-13 10:11:12,23650.0,300,Sell,231152672
2024-08-13 10:11:12,23650.0,200,Sell,231152693
2024-08-13 10:11:12,23650.0,2600,Sell,231152688
2024-08-13 10:11:12,23650.0,100,Sell,231152687
2024-08-13 10:11:12,23650.0,5000,Sell,231152686
2024-08-13 10:11:12,23650.0,1700,Sell,231152685
2024-08-13 10:11:12,23650.0,100,Sell,231152683
2024-08-13 10:11:12,23650.0,100,Sell,231152682
2024-08-13 10:11:12,23650.0,100,Sell,231152681
2024-08-13 10:11:12,23650.0,200,Sell,231152684
2024-08-13 10:11:12,23650.0,100,Sell,231152679
2024-08-13 10:11:12,23650.0,2000,Sell,231152678
2024-08-13 10:11:12,23650.0,100,Sell,231152677
2024-08-13 10:11:12,23650.0,200,Sell,231152676
2024-08-13 10:11:12,23650.0,100,Sell,231152675
2024-08-13 10:11:12,23650.0,10000,Sell,231152674
2024-08-13 10:11:12,23650.0,200,Sell,231152673
2024-08-13 10:11:12,23650.0,1000,Sell,231152680
2024-08-13 10:11:12,23650.0,500,Sell,231152671
2024-08-13 10:11:22,23650.0,200,Sell,231152869
2024-08-13 10:11:51,23700.0,2000,Buy,231153396
2024-08-13 10:12:43,23650.0,1000,Sell,231154445
2024-08-13 10:12:57,23650.0,500,Sell,231154693
2024-08-13 10:12:57,23650.0,2000,Sell,231154698
2024-08-13 10:13:04,23650.0,5200,Sell,231154798
2024-08-13 10:13:17,23650.0,500,Sell,231155022
2024-08-13 10:14:31,23650.0,5000,Sell,231156449
2024-08-13 10:14:31,23650.0,1000,Sell,231156441
2024-08-13 10:14:40,23650.0,600,Sell,231156606
2024-08-13 10:15:09,23650.0,1000,Sell,231157230
2024-08-13 10:15:23,23700.0,100,Buy,231157500
2024-08-13 10:15:36,23650.0,100,Sell,231157771
2024-08-13 10:15:40,23650.0,200,Sell,231157838
2024-08-13 10:15:51,23700.0,500,Buy,231158102
2024-08-13 10:16:06,23700.0,100,Buy,231158396
2024-08-13 10:16:32,23650.0,15600,Sell,231158815
2024-08-13 10:16:32,23650.0,200,Sell,231158814
2024-08-13 10:16:32,23650.0,3200,Sell,231158813
2024-08-13 10:16:32,23650.0,500,Sell,231158812
2024-08-13 10:16:32,23650.0,100,Sell,231158810
2024-08-13 10:16:32,23650.0,300,Sell,231158809
2024-08-13 10:16:32,23650.0,100,Sell,231158808
2024-08-13 10:16:32,23650.0,29900,Sell,231158807
2024-08-13 10:16:32,23650.0,100,Sell,231158811
2024-08-13 10:16:35,23700.0,300,Buy,231158892
2024-08-13 10:16:36,23650.0,2000,Sell,231158909
2024-08-13 10:16:42,23650.0,200,Sell,231158996
2024-08-13 10:16:53,23650.0,200,Sell,231159164
2024-08-13 10:17:03,23650.0,400,Sell,231159397
2024-08-13 10:17:45,23650.0,1000,Sell,231160180
2024-08-13 10:17:51,23650.0,300,Sell,231160364
2024-08-13 10:17:53,23650.0,500,Sell,231160421
2024-08-13 10:17:55,23650.0,200,Sell,231160433
2024-08-13 10:17:58,23650.0,8000,Sell,231160510
2024-08-13 10:18:02,23650.0,200,Sell,231160579
2024-08-13 10:18:05,23650.0,3000,Sell,231160634
2024-08-13 10:18:06,23650.0,2000,Sell,231160661
2024-08-13 10:18:08,23650.0,100,Sell,231160685
2024-08-13 10:18:21,23650.0,400,Sell,231160948
2024-08-13 10:18:24,23650.0,15000,Sell,231161035
2024-08-13 10:18:27,23650.0,3400,Sell,231161164
2024-08-13 10:18:27,23650.0,900,Sell,231161161
2024-08-13 10:18:27,23650.0,500,Sell,231161162
2024-08-13 10:18:27,23650.0,200,Sell,231161163
2024-08-13 10:18:39,23650.0,1600,Sell,231161383
2024-08-13 10:18:39,23650.0,200,Sell,231161384
2024-08-13 10:18:39,23650.0,100,Sell,231161385
2024-08-13 10:18:39,23650.0,100,Sell,231161386
2024-08-13 10:18:39,23650.0,500,Sell,231161399
2024-08-13 10:18:41,23650.0,1600,Sell,231161427
2024-08-13 10:18:41,23650.0,4400,Sell,231161426
2024-08-13 10:18:45,23650.0,1000,Sell,231161509
2024-08-13 10:18:47,23650.0,500,Sell,231161595
2024-08-13 10:18:51,23650.0,100,Sell,231161655
2024-08-13 10:18:58,23650.0,1600,Sell,231161791
2024-08-13 10:19:10,23650.0,100,Sell,231162016
2024-08-13 10:19:11,23650.0,4900,Sell,231162041
2024-08-13 10:19:20,23650.0,100,Sell,231162203
2024-08-13 10:19:30,23650.0,100,Sell,231162362
2024-08-13 10:19:30,23650.0,300,Sell,231162363
2024-08-13 10:19:30,23650.0,100,Sell,231162364
2024-08-13 10:19:31,23650.0,1900,Sell,231162388
2024-08-13 10:19:31,23650.0,1100,Sell,231162387
2024-08-13 10:19:53,23650.0,600,Sell,231162795
2024-08-13 10:19:53,23650.0,1100,Sell,231162792
2024-08-13 10:19:53,23650.0,900,Sell,231162793
2024-08-13 10:19:53,23650.0,400,Sell,231162794
2024-08-13 10:20:04,23650.0,500,Sell,231162956
2024-08-13 10:20:25,23650.0,2000,Sell,231163301
2024-08-13 10:20:28,23700.0,2200,Buy,231163369
2024-08-13 10:20:28,23700.0,500,Buy,231163366
2024-08-13 10:20:28,23700.0,1000,Buy,231163368
2024-08-13 10:20:28,23700.0,500,Buy,231163364
2024-08-13 10:20:28,23700.0,200,Buy,231163363
2024-08-13 10:20:28,23700.0,500,Buy,231163362
2024-08-13 10:20:28,23700.0,5000,Buy,231163365
2024-08-13 10:20:28,23700.0,100,Buy,231163367
2024-08-13 10:20:31,23650.0,1000,Sell,231163409
2024-08-13 10:20:37,23650.0,2000,Sell,231163523
2024-08-13 10:20:41,23650.0,300,Sell,231163606
2024-08-13 10:20:58,23650.0,1000,Sell,231163944
2024-08-13 10:21:02,23650.0,200,Sell,231163994
2024-08-13 10:21:14,23650.0,1000,Sell,231164226
2024-08-13 10:21:36,23650.0,600,Sell,231164644
2024-08-13 10:21:43,23650.0,2700,Sell,231164793
2024-08-13 10:21:47,23650.0,200,Sell,231164847
2024-08-13 10:22:03,23650.0,3000,Sell,231165023
2024-08-13 10:22:14,23650.0,1000,Sell,231165262
2024-08-13 10:22:20,23650.0,9000,Sell,231165358
2024-08-13 10:22:41,23650.0,200,Sell,231165627
2024-08-13 10:22:43,23650.0,1000,Sell,231165681
2024-08-13 10:22:56,23650.0,1000,Sell,231165827
2024-08-13 10:22:59,23650.0,200,Sell,231165893
2024-08-13 10:23:12,23650.0,300,Sell,231166051
2024-08-13 10:23:19,23650.0,100,Sell,231166128
2024-08-13 10:23:25,23650.0,1000,Sell,231166194
2024-08-13 10:23:30,23650.0,4500,Sell,231166252
2024-08-13 10:23:31,23650.0,1000,Sell,231166280
2024-08-13 10:23:31,23650.0,300,Sell,231166285
2024-08-13 10:23:39,23650.0,2400,Sell,231166404
2024-08-13 10:23:51,23650.0,500,Sell,231166562
2024-08-13 10:23:57,23650.0,1400,Sell,231166639
2024-08-13 10:24:06,23700.0,10000,Buy,231166740
2024-08-13 10:24:27,23700.0,1900,Buy,231166961
2024-08-13 10:24:30,23650.0,200,Sell,231167006
2024-08-13 10:24:42,23700.0,900,Buy,231167198
2024-08-13 10:24:42,23700.0,1000,Buy,231167199
2024-08-13 10:25:12,23700.0,1000,Buy,231167544
2024-08-13 10:25:12,23700.0,900,Buy,231167545
2024-08-13 10:25:12,23650.0,500,Sell,231167555
2024-08-13 10:25:17,23700.0,1900,Buy,231167644
2024-08-13 10:25:26,23700.0,1900,Buy,231167795
2024-08-13 10:25:32,23700.0,100,Buy,231167897
2024-08-13 10:25:36,23700.0,1900,Buy,231167943
2024-08-13 10:25:49,23700.0,1900,Buy,231168242
2024-08-13 10:25:56,23650.0,1200,Sell,231168343
2024-08-13 10:25:57,23700.0,1900,Buy,231168366
2024-08-13 10:26:01,23700.0,1900,Buy,231168442
2024-08-13 10:26:07,23700.0,1900,Buy,231168514
2024-08-13 10:26:11,23700.0,700,Buy,231168630
2024-08-13 10:26:11,23700.0,200,Buy,231168631
2024-08-13 10:26:11,23700.0,1000,Buy,231168632
2024-08-13 10:26:16,23700.0,800,Buy,231168690
2024-08-13 10:26:16,23700.0,200,Buy,231168689
2024-08-13 10:26:16,23700.0,200,Buy,231168688
2024-08-13 10:26:16,23700.0,200,Buy,231168686
2024-08-13 10:26:16,23700.0,500,Buy,231168687
2024-08-13 10:26:38,23700.0,1900,Buy,231169033
2024-08-13 10:26:42,23700.0,600,Buy,231169085
2024-08-13 10:26:42,23700.0,1000,Buy,231169086
2024-08-13 10:26:42,23700.0,100,Buy,231169087
2024-08-13 10:26:42,23700.0,200,Buy,231169088
2024-08-13 10:26:50,23700.0,1900,Buy,231169229
2024-08-13 10:26:52,23650.0,500,Sell,231169276
2024-08-13 10:26:54,23700.0,1900,Buy,231169286
2024-08-13 10:26:55,23650.0,100,Sell,231169298
2024-08-13 10:26:59,23700.0,1900,Buy,231169348
2024-08-13 10:27:05,23700.0,1900,Buy,231169438
2024-08-13 10:27:09,23700.0,1900,Buy,231169527
2024-08-13 10:27:14,23700.0,1900,Buy,231169586
2024-08-13 10:27:15,23650.0,1000,Sell,231169596
2024-08-13 10:28:40,23650.0,100,Sell,231171120
2024-08-13 10:28:48,23650.0,5000,Sell,231171230
2024-08-13 10:28:53,23650.0,200,Sell,231171355
2024-08-13 10:29:20,23650.0,100,Sell,231171834
2024-08-13 10:29:31,23650.0,300,Sell,231171964
2024-08-13 10:29:46,23700.0,300,Buy,231172231
2024-08-13 10:30:01,23700.0,100,Buy,231172446
2024-08-13 10:30:13,23700.0,5000,Buy,231172598
2024-08-13 10:30:34,23700.0,200,Buy,231172869
2024-08-13 10:30:49,23700.0,900,Buy,231173058
2024-08-13 10:30:55,23700.0,100,Buy,231173132
2024-08-13 10:30:58,23700.0,1100,Buy,231173206
2024-08-13 10:31:06,23700.0,2300,Buy,231173328
2024-08-13 10:31:09,23700.0,200,Buy,231173359
2024-08-13 10:31:19,23700.0,2000,Buy,231173552
2024-08-13 10:31:25,23650.0,100,Sell,231173647
2024-08-13 10:32:00,23650.0,1300,Sell,231174162
2024-08-13 10:33:07,23650.0,400,Sell,231175159
2024-08-13 10:33:07,23650.0,100,Sell,231175160
2024-08-13 10:33:20,23650.0,200,Sell,231175392
2024-08-13 10:33:30,23650.0,3000,Sell,231175640
2024-08-13 10:33:52,23650.0,100,Sell,231176202
2024-08-13 10:33:55,23650.0,4300,Sell,231176246
2024-08-13 10:33:55,23650.0,500,Sell,231176245
2024-08-13 10:33:55,23650.0,1000,Sell,231176244
2024-08-13 10:33:55,23650.0,600,Sell,231176240
2024-08-13 10:33:55,23650.0,300,Sell,231176242
2024-08-13 10:33:55,23650.0,100,Sell,231176241
2024-08-13 10:33:55,23650.0,200,Sell,231176243
2024-08-13 10:33:56,23700.0,300,Buy,231176268
2024-08-13 10:34:04,23650.0,100,Sell,231176375
2024-08-13 10:34:27,23650.0,6000,Sell,231176669
2024-08-13 10:34:58,23650.0,100,Sell,231177141
2024-08-13 10:35:06,23650.0,4500,Sell,231177288
2024-08-13 10:35:11,23650.0,6000,Sell,231177365
2024-08-13 10:35:54,23650.0,1200,Sell,231178153
2024-08-13 10:36:09,23650.0,800,Sell,231178395
2024-08-13 10:36:16,23650.0,6800,Sell,231178473
2024-08-13 10:36:19,23650.0,200,Sell,231178495
2024-08-13 10:36:25,23650.0,200,Sell,231178576
2024-08-13 10:36:47,23650.0,5000,Sell,231178901
2024-08-13 10:36:48,23650.0,300,Sell,231178907
2024-08-13 10:36:49,23650.0,500,Sell,231178923
2024-08-13 10:36:54,23650.0,4300,Sell,231179036
2024-08-13 10:37:00,23650.0,100,Sell,231179109
2024-08-13 10:37:05,23650.0,2000,Sell,231179165
2024-08-13 10:37:18,23650.0,3000,Sell,231179388
2024-08-13 10:37:36,23650.0,2500,Sell,231179657
2024-08-13 10:37:36,23650.0,1000,Sell,231179656
2024-08-13 10:37:46,23650.0,8900,Sell,231179851
2024-08-13 10:37:46,23650.0,1100,Sell,231179850
2024-08-13 10:37:50,23650.0,1100,Sell,231179922
2024-08-13 10:37:50,23650.0,1000,Sell,231179923
2024-08-13 10:37:50,23650.0,200,Sell,231179924
2024-08-13 10:37:50,23650.0,1400,Sell,231179925
2024-08-13 10:37:50,23650.0,500,Sell,231179926
2024-08-13 10:37:50,23650.0,500,Sell,231179927
2024-08-13 10:37:50,23650.0,1300,Sell,231179928
2024-08-13 10:38:05,23700.0,500,Buy,231180129
2024-08-13 10:38:10,23650.0,100,Sell,231180181
2024-08-13 10:38:23,23650.0,1000,Sell,231180364
2024-08-13 10:38:45,23700.0,100,Buy,231180711
2024-08-13 10:39:25,23650.0,300,Sell,231181336
2024-08-13 10:39:34,23650.0,1100,Sell,231181472
2024-08-13 10:39:36,23650.0,1000,Sell,231181504
2024-08-13 10:39:44,23650.0,500,Sell,231181618
2024-08-13 10:39:45,23650.0,2000,Sell,231181631
2024-08-13 10:39:57,23650.0,1000,Sell,231181846
2024-08-13 10:40:24,23650.0,100,Sell,231182729
2024-08-13 10:40:24,23650.0,100,Sell,231182728
2024-08-13 10:40:24,23650.0,1700,Sell,231182726
2024-08-13 10:40:24,23650.0,100,Sell,231182727
2024-08-13 10:40:35,23700.0,100,Buy,231182923
2024-08-13 10:41:03,23650.0,1000,Sell,231183402
2024-08-13 10:41:26,23650.0,300,Sell,231183726
2024-08-13 10:41:38,23650.0,400,Sell,231183911
2024-08-13 10:42:16,23650.0,11500,Sell,231184943
2024-08-13 10:42:16,23650.0,100,Sell,231184942
2024-08-13 10:42:16,23650.0,10000,Sell,231184941
2024-08-13 10:42:16,23650.0,200,Sell,231184940
2024-08-13 10:42:16,23650.0,8200,Sell,231184928
2024-08-13 10:42:17,23650.0,1000,Sell,231184971
2024-08-13 10:42:18,23650.0,600,Sell,231185041
2024-08-13 10:42:18,23650.0,100,Sell,231185040
2024-08-13 10:42:18,23650.0,200,Sell,231185039
2024-08-13 10:42:18,23650.0,200,Sell,231185038
2024-08-13 10:42:18,23650.0,100,Sell,231185037
2024-08-13 10:42:18,23650.0,5000,Sell,231185042
2024-08-13 10:42:18,23650.0,100,Sell,231185035
2024-08-13 10:42:18,23650.0,100,Sell,231185034
2024-08-13 10:42:18,23650.0,5000,Sell,231185033
2024-08-13 10:42:18,23650.0,800,Sell,231185032
2024-08-13 10:42:18,23650.0,300,Sell,231185036
2024-08-13 10:42:18,23650.0,37500,Sell,231185031
2024-08-13 10:42:41,23650.0,50000,Sell,231185593
2024-08-13 10:42:44,23650.0,1000,Sell,231185635
2024-08-13 10:42:56,23650.0,1000,Sell,231185876
2024-08-13 10:42:56,23650.0,400,Sell,231185881
2024-08-13 10:43:11,23650.0,2000,Sell,231186162
2024-08-13 10:43:13,23650.0,1000,Sell,231186193
2024-08-13 10:43:16,23650.0,8200,Sell,231186233
2024-08-13 10:43:16,23650.0,700,Sell,231186237
2024-08-13 10:43:18,23650.0,600,Sell,231186274
2024-08-13 10:43:21,23650.0,300,Sell,231186356
2024-08-13 10:43:25,23650.0,1800,Sell,231186470
2024-08-13 10:43:25,23650.0,500,Sell,231186471
2024-08-13 10:43:25,23650.0,3700,Sell,231186472
2024-08-13 10:43:29,23650.0,500,Sell,231186570
2024-08-13 10:43:34,23650.0,500,Sell,231186650
2024-08-13 10:43:37,23650.0,1000,Sell,231186719
2024-08-13 10:43:37,23650.0,100,Sell,231186718
2024-08-13 10:43:37,23650.0,100,Sell,231186717
2024-08-13 10:43:37,23650.0,700,Sell,231186714
2024-08-13 10:43:37,23650.0,2500,Sell,231186715
2024-08-13 10:43:37,23650.0,1000,Sell,231186716
2024-08-13 10:43:37,23650.0,3300,Sell,231186713
2024-08-13 10:43:55,23650.0,100,Buy,231187085
2024-08-13 10:43:58,23650.0,200,Buy,231187119
2024-08-13 10:44:31,23650.0,5000,Buy,231187632
2024-08-13 10:45:01,23650.0,3500,Buy,231188391
2024-08-13 10:45:49,23650.0,2000,Buy,231189526
2024-08-13 10:45:53,23600.0,500,Sell,231189750
2024-08-13 10:45:54,23600.0,2000,Sell,231189757
2024-08-13 10:46:13,23600.0,500,Sell,231190393
2024-08-13 10:46:13,23600.0,200,Sell,231190392
2024-08-13 10:46:13,23600.0,500,Sell,231190391
2024-08-13 10:46:13,23600.0,100,Sell,231190390
2024-08-13 10:46:13,23600.0,200,Sell,231190389
2024-08-13 10:46:13,23600.0,10000,Sell,231190387
2024-08-13 10:46:13,23600.0,100,Sell,231190394
2024-08-13 10:46:13,23600.0,500,Sell,231190385
2024-08-13 10:46:13,23600.0,100,Sell,231190384
2024-08-13 10:46:13,23600.0,1000,Sell,231190383
2024-08-13 10:46:13,23600.0,10000,Sell,231190382
2024-08-13 10:46:13,23600.0,100,Sell,231190388
2024-08-13 10:46:13,23600.0,200,Sell,231190395
2024-08-13 10:46:13,23600.0,200,Sell,231190407
2024-08-13 10:46:13,23600.0,200,Sell,231190397
2024-08-13 10:46:13,23600.0,10000,Sell,231190398
2024-08-13 10:46:13,23600.0,200,Sell,231190399
2024-08-13 10:46:13,23600.0,1000,Sell,231190400
2024-08-13 10:46:13,23600.0,200,Sell,231190401
2024-08-13 10:46:13,23600.0,100,Sell,231190402
2024-08-13 10:46:13,23600.0,100,Sell,231190403
2024-08-13 10:46:13,23600.0,1500,Sell,231190404
2024-08-13 10:46:13,23600.0,300,Sell,231190405
2024-08-13 10:46:13,23600.0,5000,Sell,231190406
2024-08-13 10:46:13,23600.0,100,Sell,231190381
2024-08-13 10:46:13,23600.0,10000,Sell,231190408
2024-08-13 10:46:13,23600.0,400,Sell,231190409
2024-08-13 10:46:13,23600.0,700,Sell,231190410
2024-08-13 10:46:13,23600.0,2000,Sell,231190396
2024-08-13 10:46:13,23600.0,100,Sell,231190380
2024-08-13 10:46:13,23600.0,300,Sell,231190372
2024-08-13 10:46:13,23600.0,2000,Sell,231190378
2024-08-13 10:46:13,23600.0,37700,Sell,231190348
2024-08-13 10:46:13,23600.0,100,Sell,231190349
2024-08-13 10:46:13,23600.0,20000,Sell,231190350
2024-08-13 10:46:13,23600.0,100,Sell,231190351
2024-08-13 10:46:13,23600.0,1000,Sell,231190352
2024-08-13 10:46:13,23600.0,20000,Sell,231190353
2024-08-13 10:46:13,23600.0,1000,Sell,231190354
2024-08-13 10:46:13,23600.0,100,Sell,231190355
2024-08-13 10:46:13,23600.0,500,Sell,231190356
2024-08-13 10:46:13,23600.0,4400,Sell,231190379
2024-08-13 10:46:13,23600.0,1200,Sell,231190358
2024-08-13 10:46:13,23600.0,400,Sell,231190359
2024-08-13 10:46:13,23600.0,1000,Sell,231190360
2024-08-13 10:46:13,23600.0,10000,Sell,231190361
2024-08-13 10:46:13,23600.0,200,Sell,231190357
2024-08-13 10:46:13,23600.0,600,Sell,231190363
2024-08-13 10:46:13,23600.0,1000,Sell,231190377
2024-08-13 10:46:13,23600.0,2000,Sell,231190362
2024-08-13 10:46:13,23600.0,1000,Sell,231190375
2024-08-13 10:46:13,23600.0,200,Sell,231190374
2024-08-13 10:46:13,23600.0,200,Sell,231190373
2024-08-13 10:46:13,23600.0,100,Sell,231190370
2024-08-13 10:46:13,23600.0,1000,Sell,231190376
2024-08-13 10:46:13,23600.0,200,Sell,231190371
2024-08-13 10:46:13,23600.0,1700,Sell,231190368
2024-08-13 10:46:13,23600.0,100,Sell,231190367
2024-08-13 10:46:13,23600.0,5000,Sell,231190366
2024-08-13 10:46:13,23600.0,200,Sell,231190365
2024-08-13 10:46:13,23600.0,1000,Sell,231190364
2024-08-13 10:46:13,23600.0,100,Sell,231190369
2024-08-13 10:46:22,23600.0,1200,Sell,231190647
2024-08-13 10:46:30,23600.0,3400,Sell,231190836
2024-08-13 10:46:30,23600.0,200,Sell,231190835
2024-08-13 10:46:32,23600.0,1500,Sell,231190901
2024-08-13 10:46:47,23600.0,100,Sell,231191249
2024-08-13 10:46:47,23600.0,200,Sell,231191250
2024-08-13 10:46:53,23600.0,3200,Buy,231191492
2024-08-13 10:46:53,23600.0,1300,Buy,231191493
2024-08-13 10:46:53,23600.0,10500,Buy,231191494
2024-08-13 10:46:56,23600.0,5000,Buy,231191549
2024-08-13 10:47:05,23600.0,200,Buy,231191973
2024-08-13 10:47:05,23600.0,2000,Buy,231191972
2024-08-13 10:47:24,23600.0,1000,Sell,231192345
2024-08-13 10:47:27,23600.0,15000,Sell,231192406
2024-08-13 10:47:27,23600.0,11800,Sell,231192405
2024-08-13 10:47:39,23600.0,800,Buy,231192636
2024-08-13 10:47:44,23600.0,300,Buy,231192751
2024-08-13 10:48:23,23600.0,100,Buy,231193621
2024-08-13 10:48:23,23600.0,100,Buy,231193620
2024-08-13 10:48:27,23600.0,200,Buy,231193710
2024-08-13 10:48:29,23550.0,100,Sell,231193758
2024-08-13 10:49:10,23550.0,500,Sell,231194665
2024-08-13 10:49:11,23550.0,1200,Sell,231194687
2024-08-13 10:49:11,23550.0,100,Sell,231194688
2024-08-13 10:49:11,23550.0,200,Sell,231194689
2024-08-13 10:49:11,23550.0,500,Sell,231194690
2024-08-13 10:50:09,23550.0,900,Sell,231196031
2024-08-13 10:50:09,23550.0,100,Sell,231196030
2024-08-13 10:50:09,23550.0,1000,Sell,231196029
2024-08-13 10:50:26,23550.0,100,Sell,231196314
2024-08-13 10:50:26,23550.0,100,Sell,231196315
2024-08-13 10:50:26,23550.0,500,Sell,231196316
2024-08-13 10:50:26,23550.0,100,Sell,231196317
2024-08-13 10:50:26,23550.0,100,Sell,231196318
2024-08-13 10:50:26,23550.0,100,Sell,231196319
2024-08-13 10:50:26,23550.0,500,Sell,231196320
2024-08-13 10:50:44,23600.0,44200,Buy,231196693
2024-08-13 10:50:44,23600.0,3000,Buy,231196692
2024-08-13 10:50:44,23600.0,2700,Buy,231196690
2024-08-13 10:50:44,23600.0,100,Buy,231196691
2024-08-13 10:50:56,23600.0,2500,Buy,231196894
2024-08-13 10:51:04,23600.0,400,Buy,231197090
2024-08-13 10:51:23,23600.0,2900,Buy,231197438
2024-08-13 10:51:23,23600.0,2100,Buy,231197439
2024-08-13 10:51:27,23600.0,1900,Buy,231197499
2024-08-13 10:51:27,23600.0,100,Buy,231197500
2024-08-13 10:51:27,23600.0,100,Buy,231197501
2024-08-13 10:51:27,23600.0,5000,Buy,231197502
2024-08-13 10:51:27,23600.0,500,Buy,231197503
2024-08-13 10:51:27,23600.0,100,Buy,231197504
2024-08-13 10:51:28,23600.0,100,Sell,231197517
2024-08-13 10:51:57,23600.0,100,Sell,231198051
2024-08-13 10:52:00,23600.0,600,Sell,231198117
2024-08-13 10:52:32,23600.0,100,Sell,231198687
2024-08-13 10:53:09,23600.0,100,Sell,231199308
2024-08-13 10:53:16,23600.0,1300,Sell,231199428
2024-08-13 10:53:16,23600.0,6400,Sell,231199429
2024-08-13 10:53:16,23650.0,200,Buy,231199436
2024-08-13 10:54:21,23600.0,4800,Sell,231200556
2024-08-13 10:54:21,23600.0,200,Sell,231200555
2024-08-13 10:54:21,23600.0,1000,Sell,231200554
2024-08-13 10:54:21,23600.0,5000,Sell,231200553
2024-08-13 10:54:21,23600.0,6300,Sell,231200552
2024-08-13 10:54:21,23600.0,10000,Sell,231200550
2024-08-13 10:54:21,23600.0,15000,Sell,231200549
2024-08-13 10:54:21,23600.0,8600,Sell,231200545
2024-08-13 10:54:21,23600.0,2000,Sell,231200546
2024-08-13 10:54:21,23600.0,3000,Sell,231200551
2024-08-13 10:54:21,23600.0,1000,Sell,231200548
2024-08-13 10:54:21,23600.0,100,Sell,231200547
2024-08-13 10:54:23,23650.0,300,Buy,231200658
2024-08-13 10:54:23,23650.0,1900,Buy,231200659
2024-08-13 10:54:42,23650.0,500,Buy,231200895
2024-08-13 10:55:19,23650.0,100,Buy,231201357
2024-08-13 10:55:38,23600.0,200,Sell,231201564
2024-08-13 10:55:38,23600.0,1800,Sell,231201565
2024-08-13 10:55:42,23600.0,4600,Sell,231201615
2024-08-13 10:55:42,23600.0,100,Sell,231201614
2024-08-13 10:55:42,23600.0,8200,Sell,231201613
2024-08-13 10:55:43,23650.0,200,Buy,231201630
2024-08-13 10:55:45,23600.0,400,Sell,231201660
2024-08-13 10:56:29,23600.0,300,Buy,231202249
2024-08-13 10:56:40,23600.0,2300,Buy,231202385
2024-08-13 10:56:40,23600.0,500,Buy,231202386
2024-08-13 10:56:40,23600.0,800,Buy,231202387
2024-08-13 10:56:57,23600.0,100,Sell,231202602
2024-08-13 10:57:00,23600.0,500,Sell,231202664
2024-08-13 10:57:12,23600.0,300,Sell,231202807
2024-08-13 10:57:22,23600.0,500,Sell,231203047
2024-08-13 10:57:22,23600.0,1500,Sell,231203048
2024-08-13 10:57:30,23600.0,500,Sell,231203165
2024-08-13 10:57:30,23600.0,1500,Sell,231203166
2024-08-13 10:57:30,23600.0,1000,Sell,231203169
2024-08-13 10:57:37,23600.0,500,Sell,231203367
2024-08-13 10:58:00,23600.0,100,Sell,231203637
2024-08-13 10:58:08,23600.0,14000,Sell,231203781
2024-08-13 10:58:09,23600.0,2900,Sell,231203783
2024-08-13 10:58:09,23600.0,1100,Sell,231203784
2024-08-13 10:58:12,23600.0,3900,Sell,231203861
2024-08-13 10:58:12,23600.0,8100,Sell,231203862
2024-08-13 10:58:26,23600.0,300,Sell,231204100
2024-08-13 10:58:28,23600.0,1000,Sell,231204116
2024-08-13 10:58:30,23600.0,200,Sell,231204135
2024-08-13 10:58:37,23600.0,400,Sell,231204243
2024-08-13 10:58:37,23600.0,2000,Sell,231204244
2024-08-13 10:58:37,23600.0,2600,Sell,231204245
2024-08-13 10:58:47,23600.0,500,Sell,231204372
2024-08-13 10:58:53,23600.0,2000,Sell,231204488
2024-08-13 10:59:04,23600.0,1000,Sell,231204660
2024-08-13 10:59:05,23600.0,3000,Sell,231204680
2024-08-13 10:59:07,23600.0,500,Sell,231204710
2024-08-13 10:59:14,23600.0,5000,Sell,231204786
2024-08-13 10:59:31,23600.0,800,Sell,231205042
2024-08-13 10:59:33,23600.0,2400,Sell,231205057
2024-08-13 10:59:33,23600.0,2600,Sell,231205056
2024-08-13 10:59:34,23600.0,1000,Sell,231205094
2024-08-13 10:59:35,23600.0,400,Sell,231205152
2024-08-13 10:59:37,23600.0,1000,Sell,231205166
2024-08-13 10:59:40,23650.0,100,Buy,231205188
2024-08-13 10:59:51,23600.0,1000,Sell,231205346
2024-08-13 11:00:06,23550.0,1000,Sell,231205560
2024-08-13 11:00:06,23550.0,500,Sell,231205559
2024-08-13 11:00:06,23600.0,200,Sell,231205558
2024-08-13 11:00:06,23550.0,3500,Sell,231205561
2024-08-13 11:00:06,23600.0,500,Sell,231205556
2024-08-13 11:00:06,23600.0,200,Sell,231205555
2024-08-13 11:00:06,23600.0,4200,Sell,231205554
2024-08-13 11:00:06,23600.0,500,Sell,231205557
2024-08-13 11:00:08,23550.0,2000,Sell,231205604
2024-08-13 11:00:12,23600.0,3400,Buy,231205658
2024-08-13 11:00:21,23600.0,100,Sell,231205848
2024-08-13 11:00:24,23600.0,1500,Sell,231205887
2024-08-13 11:00:24,23550.0,1500,Sell,231205888
2024-08-13 11:01:17,23600.0,200,Buy,231207000
2024-08-13 11:01:19,23550.0,5000,Sell,231207022
2024-08-13 11:01:24,23550.0,2500,Sell,231207080
2024-08-13 11:01:35,23550.0,5000,Sell,231207265
2024-08-13 11:01:45,23550.0,2300,Sell,231207515
2024-08-13 11:01:45,23550.0,1000,Sell,231207514
2024-08-13 11:01:45,23550.0,500,Sell,231207511
2024-08-13 11:01:45,23550.0,1000,Sell,231207512
2024-08-13 11:01:45,23550.0,200,Sell,231207513
2024-08-13 11:02:09,23550.0,5000,Sell,231207940
2024-08-13 11:02:14,23550.0,200,Sell,231207992
2024-08-13 11:02:17,23550.0,5000,Sell,231208025
2024-08-13 11:02:35,23600.0,200,Buy,231208285
2024-08-13 11:02:36,23600.0,600,Buy,231208291
2024-08-13 11:02:36,23600.0,500,Buy,231208297
2024-08-13 11:02:36,23600.0,700,Buy,231208298
2024-08-13 11:02:40,23550.0,1000,Sell,231208361
2024-08-13 11:02:42,23550.0,5000,Sell,231208393
2024-08-13 11:02:50,23600.0,500,Buy,231208480
2024-08-13 11:02:53,23550.0,1500,Sell,231208548
2024-08-13 11:02:53,23550.0,3500,Sell,231208549
2024-08-13 11:03:01,23550.0,300,Sell,231208701
2024-08-13 11:03:01,23550.0,100,Sell,231208696
2024-08-13 11:03:01,23550.0,200,Sell,231208698
2024-08-13 11:03:01,23550.0,1000,Sell,231208697
2024-08-13 11:03:01,23550.0,1000,Sell,231208695
2024-08-13 11:03:01,23550.0,100,Sell,231208700
2024-08-13 11:03:01,23550.0,100,Sell,231208693
2024-08-13 11:03:01,23550.0,100,Sell,231208694
2024-08-13 11:03:01,23550.0,500,Sell,231208689
2024-08-13 11:03:01,23550.0,100,Sell,231208690
2024-08-13 11:03:01,23550.0,100,Sell,231208699
2024-08-13 11:03:01,23550.0,1200,Sell,231208691
2024-08-13 11:03:01,23550.0,200,Sell,231208692
2024-08-13 11:03:12,23550.0,4300,Sell,231208882
2024-08-13 11:03:12,23550.0,700,Sell,231208881
2024-08-13 11:03:13,23550.0,700,Sell,231208908
2024-08-13 11:03:13,23550.0,500,Sell,231208909
2024-08-13 11:03:13,23550.0,100,Sell,231208910
2024-08-13 11:03:13,23550.0,3700,Sell,231208911
2024-08-13 11:03:24,23550.0,5000,Sell,231209056
2024-08-13 11:03:32,23550.0,6000,Sell,231209192
2024-08-13 11:04:11,23550.0,400,Sell,231209789
2024-08-13 11:04:37,23600.0,100,Buy,231210185
2024-08-13 11:05:30,23550.0,200,Sell,231211006
2024-08-13 11:05:51,23550.0,100,Sell,231211344
2024-08-13 11:06:37,23600.0,2000,Buy,231212111
2024-08-13 11:09:33,23600.0,300,Buy,231215177
2024-08-13 11:09:33,23600.0,400,Buy,231215178
2024-08-13 11:09:33,23600.0,500,Buy,231215179
2024-08-13 11:09:33,23600.0,2900,Buy,231215180
2024-08-13 11:09:33,23600.0,12900,Buy,231215181
2024-08-13 11:09:54,23600.0,2000,Buy,231215433
2024-08-13 11:09:58,23550.0,200,Sell,231215494
2024-08-13 11:09:58,23600.0,200,Buy,231215485
2024-08-13 11:10:30,23550.0,1000,Sell,231215952
2024-08-13 11:10:35,23550.0,1000,Sell,231216067
2024-08-13 11:11:02,23600.0,1000,Buy,231216377
2024-08-13 11:11:26,23600.0,100,Buy,231216942
2024-08-13 11:11:47,23600.0,100,Buy,231217250
2024-08-13 11:11:55,23550.0,2400,Sell,231217363
2024-08-13 11:11:55,23550.0,5000,Sell,231217364
2024-08-13 11:11:55,23550.0,2600,Sell,231217365
2024-08-13 11:12:11,23550.0,200,Sell,231217777
2024-08-13 11:12:16,23550.0,4500,Sell,231217951
2024-08-13 11:12:16,23550.0,300,Sell,231217950
2024-08-13 11:12:16,23550.0,100,Sell,231217949
2024-08-13 11:12:16,23550.0,300,Sell,231217948
2024-08-13 11:12:16,23550.0,100,Sell,231217947
2024-08-13 11:12:16,23550.0,1000,Sell,231217944
2024-08-13 11:12:16,23550.0,200,Sell,231217943
2024-08-13 11:12:16,23550.0,1000,Sell,231217942
2024-08-13 11:12:16,23550.0,2200,Sell,231217941
2024-08-13 11:12:16,23550.0,200,Sell,231217946
2024-08-13 11:12:16,23550.0,100,Sell,231217945
2024-08-13 11:12:23,23550.0,500,Sell,231218043
2024-08-13 11:13:07,23550.0,4000,Sell,231218726
2024-08-13 11:13:23,23550.0,200,Sell,231218915
2024-08-13 11:13:50,23550.0,100,Sell,231219331
2024-08-13 11:14:10,23550.0,200,Sell,231219600
2024-08-13 11:14:14,23550.0,300,Sell,231219658
2024-08-13 11:14:14,23550.0,100,Sell,231219657
2024-08-13 11:14:14,23550.0,500,Sell,231219655
2024-08-13 11:14:14,23550.0,100,Sell,231219656
2024-08-13 11:14:47,23550.0,300,Sell,231220279
2024-08-13 11:14:50,23550.0,300,Sell,231220320
2024-08-13 11:15:05,23550.0,200,Sell,231220525
2024-08-13 11:15:05,23550.0,900,Sell,231220526
2024-08-13 11:16:39,23600.0,13700,Buy,231222038
2024-08-13 11:16:39,23600.0,300,Buy,231222039
2024-08-13 11:16:39,23600.0,100,Buy,231222040
2024-08-13 11:16:39,23600.0,10000,Buy,231222041
2024-08-13 11:16:39,23600.0,25900,Buy,231222042
2024-08-13 11:16:42,23600.0,300,Buy,231222095
2024-08-13 11:16:42,23600.0,500,Buy,231222092
2024-08-13 11:16:42,23600.0,100,Buy,231222091
2024-08-13 11:16:42,23600.0,200,Buy,231222090
2024-08-13 11:16:42,23600.0,5000,Buy,231222089
2024-08-13 11:16:42,23600.0,1000,Buy,231222088
2024-08-13 11:16:42,23600.0,200,Buy,231222087
2024-08-13 11:16:42,23600.0,1100,Buy,231222094
2024-08-13 11:16:42,23600.0,400,Buy,231222085
2024-08-13 11:16:42,23600.0,1200,Buy,231222086
2024-08-13 11:16:42,23600.0,24100,Buy,231222078
2024-08-13 11:16:42,23600.0,10000,Buy,231222079
2024-08-13 11:16:42,23600.0,1000,Buy,231222080
2024-08-13 11:16:42,23600.0,2000,Buy,231222093
2024-08-13 11:16:42,23600.0,1000,Buy,231222082
2024-08-13 11:16:42,23600.0,600,Buy,231222083
2024-08-13 11:16:42,23600.0,300,Buy,231222084
2024-08-13 11:16:42,23600.0,1000,Buy,231222081
2024-08-13 11:16:52,23600.0,400,Buy,231222260
2024-08-13 11:17:08,23600.0,300,Buy,231222538
2024-08-13 11:17:08,23600.0,500,Buy,231222539
2024-08-13 11:17:08,23600.0,200,Buy,231222540
2024-08-13 11:17:26,23600.0,500,Buy,231222761
2024-08-13 11:17:31,23600.0,700,Buy,231222815
2024-08-13 11:17:31,23600.0,300,Buy,231222814
2024-08-13 11:17:33,23600.0,4400,Buy,231222855
2024-08-13 11:17:33,23600.0,100,Buy,231222854
2024-08-13 11:17:33,23600.0,5000,Buy,231222853
2024-08-13 11:17:33,23600.0,300,Buy,231222851
2024-08-13 11:17:33,23600.0,200,Buy,231222852
2024-08-13 11:17:41,23600.0,1000,Buy,231222927
2024-08-13 11:17:44,23600.0,2000,Buy,231222977
2024-08-13 11:17:51,23600.0,2600,Buy,231223117
2024-08-13 11:17:51,23600.0,100,Buy,231223118
2024-08-13 11:17:51,23600.0,5000,Buy,231223119
2024-08-13 11:17:51,23600.0,1000,Buy,231223120
2024-08-13 11:17:51,23600.0,100,Buy,231223121
2024-08-13 11:18:09,23600.0,500,Sell,231223371
2024-08-13 11:18:27,23600.0,100,Sell,231223905
2024-08-13 11:18:34,23600.0,500,Sell,231223983
2024-08-13 11:19:00,23600.0,100,Sell,231224319
2024-08-13 11:19:19,23600.0,100,Sell,231224544
2024-08-13 11:19:19,23600.0,100,Sell,231224546
2024-08-13 11:19:19,23600.0,16700,Sell,231224543
2024-08-13 11:19:19,23600.0,19900,Sell,231224545
2024-08-13 11:19:50,23600.0,100,Buy,231225335
2024-08-13 11:20:01,23550.0,100,Sell,231225548
2024-08-13 11:20:07,23550.0,1000,Sell,231225608
2024-08-13 11:20:20,23600.0,100,Buy,231225775
2024-08-13 11:21:15,23600.0,100,Buy,231226631
2024-08-13 11:21:16,23600.0,100,Buy,231226642
2024-08-13 11:21:27,23600.0,4000,Buy,231226805
2024-08-13 11:21:32,23550.0,100,Sell,231227006
2024-08-13 11:23:19,23550.0,200,Sell,231228949
2024-08-13 11:24:40,23550.0,1000,Sell,231230237
2024-08-13 11:24:43,23550.0,10000,Sell,231230261
2024-08-13 11:24:47,23550.0,100,Sell,231230311
2024-08-13 11:24:49,23600.0,500,Buy,231230479
2024-08-13 11:25:54,23550.0,5000,Sell,231231358
2024-08-13 11:26:11,23550.0,1000,Sell,231231593
2024-08-13 11:26:17,23550.0,100,Sell,231231645
2024-08-13 11:26:34,23550.0,5000,Sell,231231973
2024-08-13 11:27:19,23550.0,100,Sell,231232676
2024-08-13 11:27:44,23550.0,100,Sell,231233137
2024-08-13 11:27:44,23550.0,100,Sell,231233138
2024-08-13 11:27:44,23550.0,300,Sell,231233136
2024-08-13 11:27:44,23550.0,10000,Sell,231233134
2024-08-13 11:27:44,23550.0,4300,Sell,231233133
2024-08-13 11:27:44,23550.0,200,Sell,231233135
2024-08-13 11:27:47,23600.0,100,Buy,231233208
2024-08-13 11:27:50,23550.0,500,Sell,231233306
2024-08-13 11:27:59,23550.0,400,Sell,231233421
2024-08-13 11:27:59,23550.0,300,Sell,231233422
2024-08-13 11:27:59,23550.0,400,Sell,231233423
2024-08-13 11:27:59,23550.0,100,Sell,231233424
2024-08-13 11:27:59,23550.0,800,Sell,231233425
2024-08-13 11:28:01,23550.0,200,Sell,231233460
2024-08-13 11:28:01,23550.0,500,Sell,231233461
2024-08-13 11:28:02,23550.0,2000,Sell,231233462
2024-08-13 11:28:05,23550.0,2000,Sell,231233501
2024-08-13 11:28:14,23550.0,100,Sell,231233642
2024-08-13 11:28:14,23550.0,200,Sell,231233643
2024-08-13 11:28:14,23550.0,2100,Sell,231233644
2024-08-13 11:28:14,23550.0,100,Sell,231233645
2024-08-13 11:28:14,23550.0,400,Sell,231233646
2024-08-13 11:28:14,23550.0,100,Sell,231233647
2024-08-13 11:28:14,23550.0,400,Sell,231233648
2024-08-13 11:28:14,23550.0,5500,Sell,231233641
2024-08-13 11:28:44,23550.0,500,Sell,231234316
2024-08-13 11:28:56,23550.0,2000,Sell,231234449
2024-08-13 12:59:39,23550.0,100,Sell,231236477
2024-08-13 12:59:39,23550.0,100,Sell,231236176
2024-08-13 12:59:39,23550.0,1000,Sell,231236177
2024-08-13 12:59:39,23550.0,500,Sell,231236178
2024-08-13 12:59:40,23550.0,700,Sell,231236628
2024-08-13 12:59:41,23550.0,200,Sell,231236943
2024-08-13 12:59:41,23550.0,5000,Sell,231237141
2024-08-13 12:59:43,23600.0,100,Buy,231237346
2024-08-13 12:59:43,23550.0,4500,Sell,231237352
2024-08-13 12:59:43,23550.0,100,Sell,231237353
2024-08-13 12:59:43,23550.0,5000,Sell,231237354
2024-08-13 12:59:43,23550.0,1000,Sell,231237355
2024-08-13 12:59:43,23550.0,3200,Sell,231237356
2024-08-13 12:59:43,23550.0,10000,Sell,231237358
2024-08-13 12:59:43,23550.0,500,Sell,231237359
2024-08-13 12:59:43,23550.0,25700,Sell,231237360
2024-08-13 12:59:43,23550.0,100,Sell,231237387
2024-08-13 12:59:44,23550.0,500,Sell,231237477
2024-08-13 12:59:44,23550.0,500,Sell,231237512
2024-08-13 12:59:46,23550.0,500,Sell,231237892
2024-08-13 12:59:47,23550.0,3100,Sell,231238147
2024-08-13 12:59:49,23550.0,500,Sell,231238403
2024-08-13 12:59:49,23550.0,200,Sell,231238494
2024-08-13 12:59:49,23550.0,3900,Sell,231238542
2024-08-13 12:59:49,23550.0,300,Sell,231238543
2024-08-13 12:59:49,23550.0,1500,Sell,231238544
2024-08-13 12:59:52,23550.0,2000,Sell,231239048
2024-08-13 12:59:52,23550.0,2000,Sell,231238975
2024-08-13 12:59:52,23550.0,100,Sell,231238972
2024-08-13 12:59:52,23550.0,400,Sell,231238974
2024-08-13 12:59:52,23550.0,100,Sell,231238973
2024-08-13 12:59:52,23550.0,100,Sell,231238971
2024-08-13 12:59:52,23550.0,100,Sell,231238923
2024-08-13 12:59:52,23550.0,100,Sell,231238927
2024-08-13 12:59:52,23550.0,300,Sell,231238970
2024-08-13 12:59:52,23550.0,100,Sell,231238885
2024-08-13 12:59:52,23550.0,200,Sell,231238922
2024-08-13 12:59:52,23550.0,200,Sell,231238925
2024-08-13 12:59:52,23550.0,200,Sell,231238926
2024-08-13 12:59:52,23550.0,100,Sell,231238924
2024-08-13 12:59:53,23550.0,100,Sell,231239181
2024-08-13 12:59:53,23550.0,600,Sell,231239060
2024-08-13 12:59:53,23550.0,600,Sell,231239061
2024-08-13 12:59:53,23550.0,200,Sell,231239063
2024-08-13 12:59:53,23550.0,1000,Sell,231239064
2024-08-13 12:59:53,23550.0,200,Sell,231239065
2024-08-13 12:59:53,23550.0,100,Sell,231239066
2024-08-13 12:59:53,23550.0,17100,Sell,231239067
2024-08-13 12:59:53,23550.0,800,Sell,231239072
2024-08-13 12:59:53,23550.0,200,Sell,231239062
2024-08-13 12:59:55,23600.0,100,Buy,231239485
2024-08-13 12:59:55,23550.0,100,Sell,231239347
2024-08-13 12:59:56,23550.0,3000,Sell,231239492
2024-08-13 12:59:57,23550.0,5000,Sell,231239673
2024-08-13 13:00:00,23550.0,500,Sell,231239901
2024-08-13 13:00:03,23550.0,100,Sell,231240077
2024-08-13 13:00:11,23550.0,5000,Sell,231240464
2024-08-13 13:00:23,23550.0,10000,Sell,231240967
2024-08-13 13:00:36,23550.0,2000,Sell,231241383
2024-08-13 13:00:37,23550.0,700,Sell,231241427
2024-08-13 13:00:45,23550.0,3000,Sell,231241660
2024-08-13 13:00:51,23600.0,3200,Buy,231241929
2024-08-13 13:00:51,23550.0,200,Sell,231241951
2024-08-13 13:00:53,23600.0,300,Buy,231241995
2024-08-13 13:01:00,23600.0,2200,Buy,231242218
2024-08-13 13:01:00,23600.0,500,Buy,231242217
2024-08-13 13:01:00,23600.0,1100,Buy,231242216
2024-08-13 13:01:00,23600.0,600,Buy,231242212
2024-08-13 13:01:00,23600.0,100,Buy,231242214
2024-08-13 13:01:00,23600.0,2000,Buy,231242213
2024-08-13 13:01:00,23600.0,4000,Buy,231242215
2024-08-13 13:01:00,23600.0,4500,Buy,231242211
2024-08-13 13:01:03,23550.0,1000,Sell,231242362
2024-08-13 13:01:08,23550.0,100,Sell,231242536
2024-08-13 13:01:08,23550.0,2300,Sell,231242537
2024-08-13 13:01:08,23550.0,300,Sell,231242535
2024-08-13 13:01:08,23550.0,200,Sell,231242533
2024-08-13 13:01:08,23550.0,1400,Sell,231242531
2024-08-13 13:01:08,23550.0,1000,Sell,231242534
2024-08-13 13:01:08,23550.0,100,Sell,231242532
2024-08-13 13:01:10,23600.0,2800,Buy,231242585
2024-08-13 13:01:10,23600.0,200,Buy,231242586
2024-08-13 13:01:10,23600.0,200,Buy,231242587
2024-08-13 13:01:10,23550.0,5000,Sell,231242611
2024-08-13 13:01:20,23550.0,700,Sell,231243052
2024-08-13 13:01:21,23550.0,200,Sell,231243061
2024-08-13 13:01:24,23550.0,300,Sell,231243171
2024-08-13 13:01:25,23550.0,100,Sell,231243226
2024-08-13 13:01:25,23550.0,300,Sell,231243227
2024-08-13 13:01:25,23550.0,1500,Sell,231243224
2024-08-13 13:01:25,23550.0,100,Sell,231243225
2024-08-13 13:01:29,23600.0,1800,Buy,231243391
2024-08-13 13:01:29,23600.0,1000,Buy,231243392
2024-08-13 13:01:29,23600.0,100,Buy,231243393
2024-08-13 13:01:29,23600.0,100,Buy,231243394
2024-08-13 13:01:29,23600.0,200,Buy,231243395
2024-08-13 13:01:48,23600.0,2300,Buy,231244083
2024-08-13 13:01:48,23600.0,2000,Buy,231244082
2024-08-13 13:01:48,23600.0,1000,Buy,231244081
2024-08-13 13:01:48,23600.0,500,Buy,231244080
2024-08-13 13:01:48,23600.0,3000,Buy,231244079
2024-08-13 13:01:48,23600.0,100,Buy,231244077
2024-08-13 13:01:48,23600.0,5000,Buy,231244076
2024-08-13 13:01:48,23600.0,100,Buy,231244075
2024-08-13 13:01:48,23600.0,500,Buy,231244074
2024-08-13 13:01:48,23600.0,400,Buy,231244073
2024-08-13 13:01:48,23600.0,100,Buy,231244078
2024-08-13 13:01:51,23600.0,3200,Buy,231244284
2024-08-13 13:02:08,23550.0,2000,Sell,231244782
2024-08-13 13:02:10,23600.0,3200,Buy,231244868
2024-08-13 13:02:31,23600.0,3200,Buy,231245490
2024-08-13 13:03:02,23600.0,100,Buy,231246297
2024-08-13 13:03:02,23600.0,5000,Buy,231246298
2024-08-13 13:03:02,23600.0,2000,Buy,231246299
2024-08-13 13:03:02,23600.0,7900,Buy,231246300
2024-08-13 13:03:36,23600.0,15000,Buy,231247233
2024-08-13 13:04:27,23600.0,100,Buy,231248587
2024-08-13 13:04:46,23550.0,3000,Sell,231249025
2024-08-13 13:04:46,23600.0,2500,Buy,231249028
2024-08-13 13:04:46,23600.0,100,Buy,231249029
2024-08-13 13:04:46,23600.0,8400,Buy,231249030
2024-08-13 13:04:46,23600.0,2000,Buy,231249031
2024-08-13 13:05:03,23600.0,300,Buy,231249459
2024-08-13 13:05:03,23600.0,4100,Buy,231249464
2024-08-13 13:05:03,23600.0,1200,Buy,231249463
2024-08-13 13:05:03,23600.0,1000,Buy,231249461
2024-08-13 13:05:03,23600.0,1000,Buy,231249460
2024-08-13 13:05:03,23600.0,300,Buy,231249458
2024-08-13 13:05:03,23600.0,700,Buy,231249453
2024-08-13 13:05:03,23600.0,200,Buy,231249456
2024-08-13 13:05:03,23600.0,1000,Buy,231249455
2024-08-13 13:05:03,23600.0,500,Buy,231249454
2024-08-13 13:05:03,23600.0,3000,Buy,231249450
2024-08-13 13:05:03,23600.0,200,Buy,231249452
2024-08-13 13:05:03,23600.0,1000,Buy,231249451
2024-08-13 13:05:03,23600.0,500,Buy,231249457
2024-08-13 13:05:23,23600.0,10000,Buy,231249892
2024-08-13 13:05:32,23600.0,1000,Buy,231250080
2024-08-13 13:05:56,23600.0,15000,Buy,231250568
2024-08-13 13:06:12,23600.0,100,Buy,231250955
2024-08-13 13:06:14,23600.0,10000,Buy,231250981
2024-08-13 13:06:19,23600.0,5000,Buy,231251067
2024-08-13 13:06:25,23600.0,2500,Buy,231251175
2024-08-13 13:06:25,23600.0,1000,Buy,231251180
2024-08-13 13:06:26,23550.0,1500,Sell,231251194
2024-08-13 13:06:34,23600.0,600,Buy,231251457
2024-08-13 13:06:34,23600.0,300,Buy,231251455
2024-08-13 13:06:34,23600.0,200,Buy,231251454
2024-08-13 13:06:34,23600.0,100,Buy,231251456
2024-08-13 13:06:34,23600.0,300,Buy,231251452
2024-08-13 13:06:34,23600.0,1300,Buy,231251449
2024-08-13 13:06:34,23600.0,15700,Buy,231251453
2024-08-13 13:06:34,23600.0,500,Buy,231251451
2024-08-13 13:06:34,23600.0,2000,Buy,231251450
2024-08-13 13:06:38,23600.0,1400,Buy,231251602
2024-08-13 13:06:38,23600.0,500,Buy,231251603
2024-08-13 13:06:38,23600.0,12700,Buy,231251604
2024-08-13 13:06:38,23600.0,400,Buy,231251605
2024-08-13 13:06:43,23600.0,1000,Buy,231251692
2024-08-13 13:06:49,23600.0,1000,Buy,231251828
2024-08-13 13:06:49,23600.0,200,Buy,231251829
2024-08-13 13:06:49,23600.0,100,Buy,231251826
2024-08-13 13:06:49,23600.0,600,Buy,231251825
2024-08-13 13:06:49,23600.0,100,Buy,231251827
2024-08-13 13:06:52,23600.0,1000,Buy,231251905
2024-08-13 13:06:54,23600.0,300,Buy,231252017
2024-08-13 13:06:57,23600.0,500,Buy,231252079
2024-08-13 13:06:57,23600.0,500,Buy,231252080
2024-08-13 13:06:57,23600.0,3000,Buy,231252081
2024-08-13 13:06:57,23600.0,3500,Buy,231252082
2024-08-13 13:06:58,23600.0,100,Buy,231252100
2024-08-13 13:06:58,23600.0,100,Buy,231252106
2024-08-13 13:07:05,23600.0,5000,Buy,231252301
2024-08-13 13:07:07,23600.0,100,Buy,231252343
2024-08-13 13:07:12,23600.0,1000,Buy,231252474
2024-08-13 13:07:12,23600.0,1200,Buy,231252473
2024-08-13 13:07:22,23600.0,300,Sell,231252700
2024-08-13 13:07:27,23600.0,2000,Sell,231252811
2024-08-13 13:07:30,23600.0,1000,Sell,231252920
2024-08-13 13:07:36,23600.0,500,Sell,231253042
2024-08-13 13:07:45,23600.0,200,Sell,231253227
2024-08-13 13:07:47,23600.0,300,Sell,231253253
2024-08-13 13:08:16,23600.0,100,Sell,231253758
2024-08-13 13:08:17,23600.0,3400,Sell,231253798
2024-08-13 13:08:17,23600.0,1600,Sell,231253799
2024-08-13 13:08:24,23600.0,300,Sell,231254000
2024-08-13 13:08:41,23600.0,400,Sell,231254300
2024-08-13 13:08:41,23600.0,100,Sell,231254302
2024-08-13 13:08:50,23600.0,6700,Sell,231254530
2024-08-13 13:08:50,23600.0,2600,Sell,231254528
2024-08-13 13:08:50,23600.0,700,Sell,231254529
2024-08-13 13:08:53,23600.0,800,Sell,231254567
2024-08-13 13:09:09,23600.0,500,Sell,231254981
2024-08-13 13:09:36,23600.0,2000,Sell,231255509
2024-08-13 13:09:36,23600.0,2000,Sell,231255510
2024-08-13 13:09:52,23600.0,500,Sell,231255806
2024-08-13 13:09:57,23600.0,2500,Sell,231255891
2024-08-13 13:10:09,23600.0,2000,Sell,231256208
2024-08-13 13:10:09,23600.0,200,Sell,231256209
2024-08-13 13:10:09,23600.0,2800,Sell,231256210
2024-08-13 13:10:19,23600.0,200,Sell,231256431
2024-08-13 13:10:23,23600.0,500,Sell,231256513
2024-08-13 13:10:24,23600.0,500,Sell,231256518
2024-08-13 13:10:24,23600.0,500,Sell,231256519
2024-08-13 13:10:37,23600.0,1000,Sell,231256742
2024-08-13 13:10:42,23600.0,900,Sell,231256857
2024-08-13 13:10:42,23600.0,400,Sell,231256862
2024-08-13 13:10:42,23600.0,2000,Sell,231256861
2024-08-13 13:10:42,23600.0,3000,Sell,231256856
2024-08-13 13:10:42,23600.0,100,Sell,231256859
2024-08-13 13:10:42,23600.0,700,Sell,231256860
2024-08-13 13:10:42,23600.0,900,Sell,231256858
2024-08-13 13:10:45,23600.0,300,Sell,231256929
2024-08-13 13:11:03,23600.0,500,Sell,231257319
2024-08-13 13:11:04,23600.0,2200,Sell,231257331
2024-08-13 13:11:13,23600.0,100,Sell,231257510
2024-08-13 13:11:28,23600.0,1000,Sell,231257759
2024-08-13 13:11:37,23600.0,500,Sell,231257875
2024-08-13 13:11:37,23600.0,1700,Sell,231257876
2024-08-13 13:11:41,23600.0,300,Sell,231257964
2024-08-13 13:11:41,23600.0,3000,Sell,231257966
2024-08-13 13:11:41,23600.0,1700,Sell,231257965
2024-08-13 13:12:01,23650.0,100,Buy,231258323
2024-08-13 13:12:07,23600.0,200,Sell,231258424
2024-08-13 13:12:23,23600.0,400,Sell,231258730
2024-08-13 13:12:40,23650.0,100,Buy,231259153
2024-08-13 13:12:40,23650.0,14600,Buy,231259155
2024-08-13 13:12:40,23650.0,300,Buy,231259154
2024-08-13 13:12:40,23650.0,100,Buy,231259152
2024-08-13 13:12:40,23650.0,200,Buy,231259151
2024-08-13 13:12:40,23650.0,2300,Buy,231259127
2024-08-13 13:12:40,23650.0,3000,Buy,231259126
2024-08-13 13:12:40,23650.0,300,Buy,231259125
2024-08-13 13:12:40,23650.0,400,Buy,231259124
2024-08-13 13:12:40,23650.0,3700,Buy,231259150
2024-08-13 13:12:45,23600.0,1100,Sell,231259250
2024-08-13 13:12:56,23600.0,5000,Sell,231259391
2024-08-13 13:13:06,23600.0,5000,Sell,231259583
2024-08-13 13:13:15,23600.0,300,Sell,231259777
2024-08-13 13:13:15,23600.0,4700,Sell,231259778
2024-08-13 13:13:20,23600.0,5000,Sell,231259844
2024-08-13 13:13:25,23600.0,200,Sell,231259911
2024-08-13 13:13:25,23600.0,1000,Sell,231259912
2024-08-13 13:13:25,23600.0,2000,Sell,231259913
2024-08-13 13:13:25,23600.0,1800,Sell,231259914
2024-08-13 13:13:25,23600.0,100,Sell,231259908
2024-08-13 13:13:30,23600.0,5000,Sell,231259995
2024-08-13 13:13:36,23600.0,5000,Sell,231260117
2024-08-13 13:13:39,23600.0,5000,Sell,231260183
2024-08-13 13:13:47,23600.0,100,Sell,231260328
2024-08-13 13:14:10,23600.0,6000,Sell,231260890
2024-08-13 13:14:35,23600.0,100,Sell,231261406
2024-08-13 13:14:37,23600.0,2500,Sell,231261436
2024-08-13 13:14:42,23600.0,1000,Sell,231261499
2024-08-13 13:14:45,23600.0,100,Sell,231261593
2024-08-13 13:14:59,23600.0,5000,Sell,231261859
2024-08-13 13:15:37,23650.0,15000,Buy,231262672
2024-08-13 13:16:05,23600.0,10000,Sell,231263330
2024-08-13 13:16:25,23600.0,3000,Sell,231263729
2024-08-13 13:16:42,23600.0,500,Sell,231264163
2024-08-13 13:17:05,23600.0,100,Sell,231264651
2024-08-13 13:17:05,23600.0,100,Sell,231264652
2024-08-13 13:17:05,23600.0,4800,Sell,231264653
2024-08-13 13:17:17,23600.0,1000,Sell,231264900
2024-08-13 13:17:23,23600.0,1000,Sell,231264990
2024-08-13 13:17:34,23600.0,10000,Sell,231265205
2024-08-13 13:17:34,23600.0,20000,Sell,231265206
2024-08-13 13:17:34,23600.0,1000,Sell,231265207
2024-08-13 13:17:34,23600.0,7800,Sell,231265208
2024-08-13 13:17:34,23600.0,13200,Sell,231265204
2024-08-13 13:17:54,23600.0,100,Sell,231265679
2024-08-13 13:17:55,23600.0,2100,Sell,231265721
2024-08-13 13:17:55,23600.0,7900,Sell,231265722
2024-08-13 13:18:00,23600.0,1500,Sell,231265805
2024-08-13 13:18:05,23600.0,100,Sell,231265852
2024-08-13 13:18:12,23600.0,500,Sell,231265991
2024-08-13 13:18:16,23600.0,100,Sell,231266053
2024-08-13 13:18:16,23600.0,100,Sell,231266069
2024-08-13 13:18:16,23600.0,700,Sell,231266068
2024-08-13 13:18:16,23600.0,3000,Sell,231266067
2024-08-13 13:18:16,23600.0,2000,Sell,231266052
2024-08-13 13:18:16,23600.0,100,Sell,231266065
2024-08-13 13:18:16,23600.0,5000,Sell,231266064
2024-08-13 13:18:16,23600.0,5000,Sell,231266066
2024-08-13 13:18:16,23600.0,200,Sell,231266062
2024-08-13 13:18:16,23600.0,1000,Sell,231266061
2024-08-13 13:18:16,23600.0,12400,Sell,231266060
2024-08-13 13:18:16,23600.0,200,Sell,231266059
2024-08-13 13:18:16,23600.0,15000,Sell,231266055
2024-08-13 13:18:16,23600.0,1000,Sell,231266054
2024-08-13 13:18:16,23600.0,10000,Sell,231266063
2024-08-13 13:18:40,23550.0,100,Sell,231266535
2024-08-13 13:18:48,23550.0,200,Sell,231266781
2024-08-13 13:18:51,23550.0,100,Sell,231266919
2024-08-13 13:19:01,23600.0,3000,Buy,231267098
2024-08-13 13:19:08,23600.0,100,Buy,231267225
2024-08-13 13:19:11,23600.0,1000,Buy,231267285
2024-08-13 13:19:21,23550.0,100,Sell,231267479
2024-08-13 13:19:27,23600.0,500,Buy,231267599
2024-08-13 13:19:31,23600.0,100,Buy,231267703
2024-08-13 13:19:47,23550.0,100,Sell,231268100
2024-08-13 13:19:47,23550.0,300,Sell,231268112
2024-08-13 13:19:47,23550.0,100,Sell,231268111
2024-08-13 13:19:47,23550.0,300,Sell,231268110
2024-08-13 13:19:47,23550.0,200,Sell,231268109
2024-08-13 13:19:47,23550.0,500,Sell,231268108
2024-08-13 13:19:47,23550.0,1000,Sell,231268107
2024-08-13 13:19:47,23550.0,7700,Sell,231268099
2024-08-13 13:19:47,23550.0,200,Sell,231268105
2024-08-13 13:19:47,23550.0,1000,Sell,231268104
2024-08-13 13:19:47,23550.0,4500,Sell,231268103
2024-08-13 13:19:47,23550.0,1000,Sell,231268102
2024-08-13 13:19:47,23550.0,100,Sell,231268101
2024-08-13 13:19:47,23550.0,200,Sell,231268106
2024-08-13 13:20:23,23550.0,1000,Sell,231268838
2024-08-13 13:20:28,23550.0,700,Sell,231268946
2024-08-13 13:20:28,23550.0,1000,Sell,231268947
2024-08-13 13:20:28,23550.0,1000,Sell,231268948
2024-08-13 13:20:28,23550.0,1000,Sell,231268949
2024-08-13 13:20:28,23550.0,100,Sell,231268950
2024-08-13 13:20:28,23550.0,1000,Sell,231268951
2024-08-13 13:20:28,23550.0,2200,Sell,231268952
2024-08-13 13:20:43,23550.0,20000,Sell,231269187
2024-08-13 13:20:50,23550.0,20000,Sell,231269320
2024-08-13 13:20:56,23550.0,7800,Sell,231269403
2024-08-13 13:20:56,23550.0,1100,Sell,231269405
2024-08-13 13:20:56,23550.0,100,Sell,231269404
2024-08-13 13:21:00,23550.0,100,Sell,231269491
2024-08-13 13:21:00,23550.0,300,Sell,231269492
2024-08-13 13:22:00,23550.0,3000,Sell,231270925
2024-08-13 13:22:08,23550.0,9000,Sell,231271085
2024-08-13 13:22:08,23550.0,400,Sell,231271084
2024-08-13 13:22:08,23550.0,1000,Sell,231271082
2024-08-13 13:22:08,23550.0,100,Sell,231271083
2024-08-13 13:22:08,23550.0,8900,Sell,231271079
2024-08-13 13:22:08,23550.0,300,Sell,231271078
2024-08-13 13:22:08,23550.0,100,Sell,231271080
2024-08-13 13:22:08,23550.0,200,Sell,231271081
2024-08-13 13:22:14,23550.0,1000,Sell,231271197
2024-08-13 13:22:14,23550.0,15000,Sell,231271198
2024-08-13 13:22:14,23550.0,14000,Sell,231271199
2024-08-13 13:22:14,23600.0,100,Buy,231271203
2024-08-13 13:22:21,23550.0,300,Sell,231271352
2024-08-13 13:22:46,23550.0,100,Sell,231271960
2024-08-13 13:22:46,23550.0,700,Sell,231271958
2024-08-13 13:22:46,23550.0,200,Sell,231271959
2024-08-13 13:22:55,23550.0,100,Sell,231272189
2024-08-13 13:22:55,23550.0,4700,Sell,231272190
2024-08-13 13:23:01,23550.0,500,Sell,231272365
2024-08-13 13:23:13,23550.0,9800,Sell,231272692
2024-08-13 13:23:13,23550.0,200,Sell,231272693
2024-08-13 13:23:33,23550.0,100,Sell,231273116
2024-08-13 13:23:38,23550.0,100,Sell,231273239
2024-08-13 13:23:52,23550.0,100,Sell,231273545
2024-08-13 13:23:52,23550.0,100,Sell,231273544
2024-08-13 13:23:52,23550.0,300,Sell,231273543
2024-08-13 13:23:52,23550.0,100,Sell,231273542
2024-08-13 13:23:52,23550.0,3400,Sell,231273541
2024-08-13 13:23:52,23550.0,800,Sell,231273540
2024-08-13 13:23:52,23550.0,500,Sell,231273539
2024-08-13 13:23:52,23550.0,49500,Sell,231273546
2024-08-13 13:23:52,23550.0,100,Sell,231273537
2024-08-13 13:23:52,23550.0,100,Sell,231273536
2024-08-13 13:23:52,23550.0,10000,Sell,231273535
2024-08-13 13:23:52,23550.0,10000,Sell,231273534
2024-08-13 13:23:52,23550.0,300,Sell,231273533
2024-08-13 13:23:52,23550.0,100,Sell,231273532
2024-08-13 13:23:52,23550.0,14600,Sell,231273531
2024-08-13 13:23:52,23550.0,10000,Sell,231273538
2024-08-13 13:24:05,23550.0,1000,Sell,231273755
2024-08-13 13:24:09,23550.0,1000,Sell,231273834
2024-08-13 13:24:21,23550.0,200,Sell,231274059
2024-08-13 13:24:21,23550.0,2000,Sell,231274060
2024-08-13 13:24:21,23550.0,500,Sell,231274061
2024-08-13 13:24:21,23550.0,1000,Sell,231274065
2024-08-13 13:24:21,23550.0,1000,Sell,231274063
2024-08-13 13:24:21,23550.0,200,Sell,231274064
2024-08-13 13:24:21,23550.0,1000,Sell,231274058
2024-08-13 13:24:21,23550.0,100,Sell,231274062
2024-08-13 13:24:21,23550.0,500,Sell,231274057
2024-08-13 13:24:21,23550.0,200,Sell,231274052
2024-08-13 13:24:21,23550.0,5000,Sell,231274055
2024-08-13 13:24:21,23550.0,1000,Sell,231274054
2024-08-13 13:24:21,23550.0,1500,Sell,231274053
2024-08-13 13:24:21,23550.0,2000,Sell,231274051
2024-08-13 13:24:21,23550.0,200,Sell,231274050
2024-08-13 13:24:21,23550.0,100,Sell,231274049
2024-08-13 13:24:21,23550.0,1000,Sell,231274048
2024-08-13 13:24:21,23550.0,8500,Sell,231274047
2024-08-13 13:24:21,23550.0,1000,Sell,231274056
2024-08-13 13:24:43,23550.0,400,Buy,231274683
2024-08-13 13:24:48,23500.0,700,Sell,231274802
2024-08-13 13:24:49,23500.0,1000,Sell,231274828
2024-08-13 13:25:10,23500.0,100,Sell,231275475
2024-08-13 13:25:10,23500.0,1000,Sell,231275474
2024-08-13 13:25:10,23500.0,100,Sell,231275473
2024-08-13 13:25:10,23500.0,1300,Sell,231275469
2024-08-13 13:25:10,23500.0,100,Sell,231275471
2024-08-13 13:25:10,23500.0,100,Sell,231275470
2024-08-13 13:25:10,23500.0,300,Sell,231275472
2024-08-13 13:25:21,23550.0,800,Buy,231275716
2024-08-13 13:25:38,23550.0,700,Buy,231276126
2024-08-13 13:25:38,23550.0,400,Buy,231276125
2024-08-13 13:25:38,23550.0,1700,Buy,231276127
2024-08-13 13:25:38,23550.0,2000,Buy,231276123
2024-08-13 13:25:38,23550.0,1200,Buy,231276120
2024-08-13 13:25:38,23550.0,4000,Buy,231276124
2024-08-13 13:25:42,23550.0,300,Buy,231276204
2024-08-13 13:25:42,23550.0,500,Buy,231276205
2024-08-13 13:25:42,23600.0,100,Buy,231276213
2024-08-13 13:25:43,23550.0,200,Sell,231276220
2024-08-13 13:25:49,23550.0,100,Sell,231276334
2024-08-13 13:25:57,23550.0,100,Sell,231276607
2024-08-13 13:25:57,23550.0,500,Sell,231276606
2024-08-13 13:25:57,23550.0,3200,Sell,231276608
2024-08-13 13:25:57,23550.0,100,Sell,231276604
2024-08-13 13:25:57,23550.0,1900,Sell,231276603
2024-08-13 13:25:57,23550.0,4000,Sell,231276605
2024-08-13 13:26:00,23550.0,200,Buy,231276677
2024-08-13 13:26:01,23550.0,9800,Sell,231276715
2024-08-13 13:26:17,23550.0,100,Buy,231277177
2024-08-13 13:26:28,23550.0,3200,Buy,231277431
2024-08-13 13:26:29,23550.0,2300,Buy,231277484
2024-08-13 13:26:34,23550.0,3200,Buy,231277585
2024-08-13 13:26:37,23550.0,2000,Buy,231277673
2024-08-13 13:26:37,23550.0,3200,Buy,231277675
2024-08-13 13:26:48,23550.0,500,Buy,231278008
2024-08-13 13:26:48,23550.0,1000,Buy,231277983
2024-08-13 13:26:48,23550.0,3200,Buy,231278000
2024-08-13 13:26:51,23550.0,5000,Buy,231278140
2024-08-13 13:26:54,23550.0,700,Buy,231278193
2024-08-13 13:26:57,23550.0,1400,Buy,231278252
2024-08-13 13:26:57,23550.0,100,Buy,231278261
2024-08-13 13:27:09,23550.0,1000,Buy,231278589
2024-08-13 13:27:17,23600.0,4500,Buy,231278802
2024-08-13 13:27:17,23600.0,500,Buy,231278801
2024-08-13 13:27:17,23550.0,400,Buy,231278799
2024-08-13 13:27:17,23600.0,100,Buy,231278800
2024-08-13 13:27:17,23550.0,1000,Buy,231278798
2024-08-13 13:27:17,23550.0,3300,Buy,231278793
2024-08-13 13:27:17,23550.0,900,Buy,231278794
2024-08-13 13:27:17,23550.0,2000,Buy,231278797
2024-08-13 13:27:17,23550.0,300,Buy,231278796
2024-08-13 13:27:17,23550.0,2000,Buy,231278795
2024-08-13 13:27:33,23600.0,5500,Buy,231279338
2024-08-13 13:27:33,23600.0,5000,Buy,231279339
2024-08-13 13:27:33,23600.0,4500,Buy,231279340
2024-08-13 13:27:39,23550.0,100,Sell,231279590
2024-08-13 13:27:39,23550.0,5000,Sell,231279589
2024-08-13 13:27:39,23550.0,1000,Sell,231279588
2024-08-13 13:27:39,23550.0,5000,Sell,231279585
2024-08-13 13:27:39,23550.0,500,Sell,231279584
2024-08-13 13:27:39,23550.0,3000,Sell,231279587
2024-08-13 13:27:39,23550.0,1900,Sell,231279586
2024-08-13 13:27:42,23550.0,100,Buy,231279684
2024-08-13 13:27:43,23550.0,200,Buy,231279699
2024-08-13 13:27:45,23550.0,3200,Buy,231279883
2024-08-13 13:27:51,23550.0,2000,Buy,231280052
2024-08-13 13:28:00,23550.0,1700,Buy,231280325
2024-08-13 13:28:00,23550.0,8000,Buy,231280324
2024-08-13 13:28:01,23550.0,1200,Buy,231280358
2024-08-13 13:28:01,23550.0,1000,Buy,231280341
2024-08-13 13:28:01,23550.0,500,Buy,231280351
2024-08-13 13:28:02,23550.0,1000,Buy,231280378
2024-08-13 13:28:03,23550.0,1500,Buy,231280411
2024-08-13 13:28:09,23550.0,100,Buy,231280555
2024-08-13 13:28:09,23550.0,400,Buy,231280557
2024-08-13 13:28:18,23550.0,200,Buy,231280748
2024-08-13 13:28:23,23550.0,5400,Buy,231280823
2024-08-13 13:28:23,23550.0,2000,Buy,231280824
2024-08-13 13:28:32,23550.0,100,Sell,231281043
2024-08-13 13:28:33,23600.0,500,Buy,231281052
2024-08-13 13:29:19,23600.0,400,Buy,231282328
2024-08-13 13:29:30,23550.0,100,Sell,231282664
2024-08-13 13:29:36,23600.0,3200,Buy,231282827
2024-08-13 13:29:37,23600.0,100,Buy,231282875
2024-08-13 13:29:38,23600.0,100,Buy,231282898
2024-08-13 13:29:42,23600.0,1200,Buy,231283034
2024-08-13 13:29:42,23600.0,5000,Buy,231283035
2024-08-13 13:29:42,23600.0,6400,Buy,231283036
2024-08-13 13:29:42,23600.0,1000,Buy,231283037
2024-08-13 13:29:42,23600.0,400,Buy,231283038
2024-08-13 13:29:42,23600.0,1000,Buy,231283039
2024-08-13 13:29:47,23600.0,20000,Buy,231283161
2024-08-13 13:29:47,23600.0,300,Buy,231283140
2024-08-13 13:29:47,23600.0,100,Buy,231283139
2024-08-13 13:29:47,23600.0,100,Buy,231283137
2024-08-13 13:29:47,23600.0,500,Buy,231283138
2024-08-13 13:29:52,23600.0,100,Buy,231283285
2024-08-13 13:29:52,23600.0,2200,Buy,231283288
2024-08-13 13:29:52,23600.0,700,Buy,231283284
2024-08-13 13:29:52,23600.0,100,Buy,231283286
2024-08-13 13:29:52,23600.0,100,Buy,231283287
2024-08-13 13:30:02,23600.0,2800,Buy,231283575
2024-08-13 13:30:02,23600.0,300,Buy,231283576
2024-08-13 13:30:02,23600.0,1000,Buy,231283577
2024-08-13 13:30:02,23600.0,1000,Buy,231283578
2024-08-13 13:30:02,23600.0,1000,Buy,231283579
2024-08-13 13:30:02,23600.0,1900,Buy,231283581
2024-08-13 13:30:02,23600.0,2000,Buy,231283580
2024-08-13 13:30:05,23600.0,3100,Buy,231283715
2024-08-13 13:30:05,23600.0,6900,Buy,231283716
2024-08-13 13:30:06,23600.0,1000,Buy,231283745
2024-08-13 13:30:23,23600.0,2100,Buy,231284201
2024-08-13 13:30:23,23600.0,2900,Buy,231284202
2024-08-13 13:30:26,23550.0,100,Sell,231284265
2024-08-13 13:30:36,23600.0,100,Buy,231284543
2024-08-13 13:30:38,23600.0,4600,Buy,231284589
2024-08-13 13:30:38,23600.0,3400,Buy,231284588
2024-08-13 13:30:41,23600.0,200,Buy,231284667
2024-08-13 13:30:44,23550.0,7000,Sell,231284728
2024-08-13 13:30:52,23600.0,1200,Buy,231284960
2024-08-13 13:30:52,23600.0,100,Buy,231284961
2024-08-13 13:30:52,23600.0,8700,Buy,231284962
2024-08-13 13:30:59,23600.0,100,Buy,231285196
2024-08-13 13:31:07,23600.0,200,Buy,231285403
2024-08-13 13:31:27,23600.0,100,Buy,231285946
2024-08-13 13:31:33,23600.0,100,Buy,231286112
2024-08-13 13:31:33,23600.0,700,Buy,231286117
2024-08-13 13:31:43,23600.0,1900,Buy,231286355
2024-08-13 13:31:43,23600.0,100,Buy,231286354
2024-08-13 13:32:08,23600.0,700,Buy,231286878
2024-08-13 13:32:10,23600.0,200,Buy,231286951
2024-08-13 13:32:36,23600.0,100,Buy,231287465
2024-08-13 13:32:42,23550.0,500,Sell,231287598
2024-08-13 13:32:43,23600.0,700,Buy,231287612
2024-08-13 13:32:54,23600.0,100,Buy,231287790
2024-08-13 13:33:04,23600.0,1000,Buy,231288031
2024-08-13 13:33:04,23600.0,500,Buy,231288030
2024-08-13 13:33:04,23600.0,2000,Buy,231288029
2024-08-13 13:33:04,23600.0,2300,Buy,231288028
2024-08-13 13:33:04,23600.0,900,Buy,231288026
2024-08-13 13:33:04,23600.0,4000,Buy,231288025
2024-08-13 13:33:04,23600.0,1000,Buy,231288024
2024-08-13 13:33:04,23600.0,300,Buy,231288023
2024-08-13 13:33:04,23600.0,10000,Buy,231288027
2024-08-13 13:33:10,23600.0,1000,Sell,231288130
2024-08-13 13:33:19,23600.0,500,Sell,231288295
2024-08-13 13:33:32,23600.0,5000,Sell,231288629
2024-08-13 13:34:17,23600.0,500,Sell,231289452
2024-08-13 13:35:05,23600.0,1000,Sell,231290553
2024-08-13 13:35:05,23600.0,1100,Sell,231290554
2024-08-13 13:35:12,23600.0,1000,Sell,231290732
2024-08-13 13:35:15,23650.0,200,Buy,231290861
2024-08-13 13:35:24,23650.0,15000,Buy,231291171
2024-08-13 13:36:06,23600.0,200,Sell,231292618
2024-08-13 13:36:33,23600.0,1000,Sell,231293185
2024-08-13 13:36:40,23600.0,2000,Sell,231293346
2024-08-13 13:36:53,23600.0,500,Sell,231293594
2024-08-13 13:36:56,23600.0,4200,Sell,231293643
2024-08-13 13:36:56,23600.0,4000,Sell,231293644
2024-08-13 13:36:56,23600.0,1200,Sell,231293645
2024-08-13 13:36:56,23600.0,100,Sell,231293646
2024-08-13 13:36:56,23600.0,500,Sell,231293647
2024-08-13 13:37:00,23600.0,100,Sell,231293761
2024-08-13 13:37:01,23600.0,1000,Sell,231293769
2024-08-13 13:37:01,23600.0,400,Sell,231293766
2024-08-13 13:37:01,23600.0,100,Sell,231293767
2024-08-13 13:37:01,23600.0,500,Sell,231293768
2024-08-13 13:37:15,23600.0,100,Buy,231294143
2024-08-13 13:37:32,23600.0,3500,Buy,231294538
2024-08-13 13:37:40,23600.0,2100,Buy,231294702
2024-08-13 13:38:29,23600.0,100,Buy,231295763
2024-08-13 13:38:30,23550.0,9000,Sell,231295797
2024-08-13 13:38:30,23550.0,3000,Sell,231295799
2024-08-13 13:38:30,23550.0,100,Sell,231295800
2024-08-13 13:38:30,23550.0,500,Sell,231295801
2024-08-13 13:38:30,23550.0,1000,Sell,231295802
2024-08-13 13:38:30,23550.0,4200,Sell,231295803
2024-08-13 13:38:30,23550.0,3000,Sell,231295806
2024-08-13 13:38:30,23550.0,1100,Sell,231295805
2024-08-13 13:38:30,23550.0,300,Sell,231295807
2024-08-13 13:38:30,23550.0,700,Sell,231295808
2024-08-13 13:38:30,23550.0,100,Sell,231295809
2024-08-13 13:38:30,23550.0,11000,Sell,231295810
2024-08-13 13:38:30,23550.0,1000,Sell,231295796
2024-08-13 13:38:30,23550.0,100,Sell,231295804
2024-08-13 13:38:30,23550.0,100,Sell,231295795
2024-08-13 13:38:30,23550.0,200,Sell,231295798
2024-08-13 13:38:30,23550.0,500,Sell,231295793
2024-08-13 13:38:30,23550.0,200,Sell,231295779
2024-08-13 13:38:30,23550.0,2000,Sell,231295780
2024-08-13 13:38:30,23550.0,46000,Sell,231295781
2024-08-13 13:38:30,23550.0,2000,Sell,231295782
2024-08-13 13:38:30,23550.0,5000,Sell,231295783
2024-08-13 13:38:30,23550.0,1500,Sell,231295784
2024-08-13 13:38:30,23550.0,100,Sell,231295785
2024-08-13 13:38:30,23550.0,200,Sell,231295794
2024-08-13 13:38:30,23550.0,500,Sell,231295787
2024-08-13 13:38:30,23550.0,1000,Sell,231295788
2024-08-13 13:38:30,23550.0,200,Sell,231295789
2024-08-13 13:38:30,23550.0,300,Sell,231295790
2024-08-13 13:38:30,23550.0,11800,Sell,231295778
2024-08-13 13:38:30,23550.0,5000,Sell,231295791
2024-08-13 13:38:30,23550.0,500,Sell,231295792
2024-08-13 13:38:30,23550.0,5000,Sell,231295786
2024-08-13 13:38:39,23550.0,5000,Buy,231295962
2024-08-13 13:38:49,23550.0,500,Buy,231296159
2024-08-13 13:38:53,23550.0,700,Buy,231296247
2024-08-13 13:39:00,23550.0,500,Buy,231296356
2024-08-13 13:39:01,23550.0,800,Buy,231296364
2024-08-13 13:39:07,23550.0,700,Buy,231296456
2024-08-13 13:39:19,23550.0,1000,Buy,231296636
2024-08-13 13:39:27,23550.0,700,Buy,231296840
2024-08-13 13:39:32,23500.0,2000,Sell,231296911
2024-08-13 13:39:32,23550.0,200,Buy,231296918
2024-08-13 13:39:33,23550.0,500,Buy,231296923
2024-08-13 13:39:39,23550.0,100,Buy,231297058
2024-08-13 13:39:46,23550.0,1000,Buy,231297188
2024-08-13 13:39:48,23550.0,300,Buy,231297265
2024-08-13 13:39:49,23550.0,800,Buy,231297286
2024-08-13 13:39:49,23550.0,4200,Buy,231297287
2024-08-13 13:39:54,23550.0,300,Buy,231297371
2024-08-13 13:39:55,23550.0,700,Buy,231297387
2024-08-13 13:40:01,23550.0,300,Buy,231297502
2024-08-13 13:40:05,23550.0,500,Buy,231297605
2024-08-13 13:40:05,23550.0,1000,Buy,231297604
2024-08-13 13:40:18,23550.0,100,Sell,231297811
2024-08-13 13:40:59,23550.0,2600,Sell,231298649
2024-08-13 13:41:18,23550.0,800,Sell,231299005
2024-08-13 13:41:18,23550.0,200,Sell,231299006
2024-08-13 13:41:34,23600.0,400,Buy,231299290
2024-08-13 13:41:36,23600.0,2000,Buy,231299373
2024-08-13 13:41:47,23550.0,100,Sell,231299770
2024-08-13 13:41:47,23550.0,100,Sell,231299769
2024-08-13 13:41:49,23600.0,200,Buy,231299833
2024-08-13 13:42:13,23550.0,100,Sell,231300387
2024-08-13 13:42:27,23550.0,100,Sell,231300677
2024-08-13 13:42:27,23550.0,400,Sell,231300678
2024-08-13 13:42:42,23600.0,500,Buy,231300920
2024-08-13 13:44:06,23600.0,500,Buy,231302666
2024-08-13 13:44:16,23600.0,600,Buy,231302833
2024-08-13 13:44:16,23600.0,2000,Buy,231302834
2024-08-13 13:44:16,23600.0,400,Buy,231302835
2024-08-13 13:44:17,23600.0,500,Buy,231302856
2024-08-13 13:44:54,23600.0,2000,Buy,231303739
2024-08-13 13:44:57,23600.0,1000,Buy,231303825
2024-08-13 13:45:06,23600.0,2000,Buy,231304019
2024-08-13 13:45:14,23600.0,3000,Buy,231304208
2024-08-13 13:45:31,23600.0,1100,Buy,231304615
2024-08-13 13:45:31,23600.0,900,Buy,231304616
2024-08-13 13:45:32,23600.0,1100,Buy,231304689
2024-08-13 13:45:32,23600.0,2100,Buy,231304690
2024-08-13 13:45:34,23600.0,900,Buy,231304761
2024-08-13 13:45:34,23600.0,1100,Buy,231304762
2024-08-13 13:46:04,23550.0,1000,Sell,231305422
2024-08-13 13:46:04,23550.0,2400,Sell,231305423
2024-08-13 13:46:04,23550.0,1600,Sell,231305420
2024-08-13 13:46:04,23550.0,5000,Sell,231305421
2024-08-13 13:46:05,23600.0,200,Buy,231305440
2024-08-13 13:46:08,23600.0,600,Buy,231305540
2024-08-13 13:46:08,23600.0,400,Buy,231305541
2024-08-13 13:46:10,23550.0,600,Sell,231305647
2024-08-13 13:46:10,23550.0,2000,Sell,231305648
2024-08-13 13:46:10,23550.0,400,Sell,231305649
2024-08-13 13:46:48,23550.0,500,Sell,231306482
2024-08-13 13:46:53,23550.0,100,Sell,231306567
2024-08-13 13:46:53,23550.0,200,Sell,231306568
2024-08-13 13:46:53,23550.0,300,Sell,231306569
2024-08-13 13:47:21,23550.0,1700,Sell,231307132
2024-08-13 13:47:21,23550.0,200,Sell,231307129
2024-08-13 13:47:21,23550.0,1000,Sell,231307130
2024-08-13 13:47:21,23550.0,100,Sell,231307131
2024-08-13 13:47:23,23550.0,100,Sell,231307187
2024-08-13 13:48:19,23550.0,100,Sell,231308511
2024-08-13 13:48:26,23600.0,1000,Buy,231308747
2024-08-13 13:48:26,23600.0,2800,Buy,231308751
2024-08-13 13:48:26,23600.0,200,Buy,231308750
2024-08-13 13:48:26,23600.0,200,Buy,231308749
2024-08-13 13:48:26,23600.0,200,Buy,231308746
2024-08-13 13:48:26,23600.0,400,Buy,231308748
2024-08-13 13:48:26,23600.0,1000,Buy,231308744
2024-08-13 13:48:26,23600.0,1600,Buy,231308740
2024-08-13 13:48:26,23600.0,500,Buy,231308743
2024-08-13 13:48:26,23600.0,1100,Buy,231308742
2024-08-13 13:48:26,23600.0,500,Buy,231308741
2024-08-13 13:48:26,23600.0,500,Buy,231308745
2024-08-13 13:48:27,23550.0,100,Sell,231308764
2024-08-13 13:48:41,23550.0,700,Sell,231309167
2024-08-13 13:49:15,23550.0,1200,Sell,231310042
2024-08-13 13:49:24,23550.0,100,Sell,231310255
2024-08-13 13:49:24,23550.0,15800,Sell,231310253
2024-08-13 13:49:24,23550.0,200,Sell,231310254
2024-08-13 13:49:28,23600.0,700,Buy,231310369
2024-08-13 13:49:48,23600.0,100,Buy,231310949
2024-08-13 13:49:53,23550.0,100,Sell,231311100
2024-08-13 13:49:53,23550.0,1000,Sell,231311094
2024-08-13 13:49:53,23550.0,1000,Sell,231311095
2024-08-13 13:49:53,23550.0,1000,Sell,231311096
2024-08-13 13:49:53,23550.0,500,Sell,231311097
2024-08-13 13:49:53,23550.0,10000,Sell,231311098
2024-08-13 13:49:53,23550.0,100,Sell,231311099
2024-08-13 13:49:53,23550.0,400,Sell,231311101
2024-08-13 13:49:53,23550.0,100,Sell,231311108
2024-08-13 13:49:53,23550.0,300,Sell,231311103
2024-08-13 13:49:53,23550.0,1000,Sell,231311104
