time,price,volume,match_type,id
2024-08-15 09:14:39,23400.0,38000,ATO/ATC,231691242
2024-08-15 09:14:40,23500.0,700,Buy,231691416
2024-08-15 09:14:40,23500.0,200,Buy,231691415
2024-08-15 09:14:40,23500.0,100,Buy,231691414
2024-08-15 09:14:40,23500.0,300,Buy,231691413
2024-08-15 09:14:40,23500.0,1000,Buy,231691412
2024-08-15 09:14:40,23500.0,100,Buy,231691411
2024-08-15 09:14:40,23450.0,100,Buy,231691365
2024-08-15 09:14:40,23500.0,1000,Buy,231691409
2024-08-15 09:14:40,23450.0,200,Buy,231691366
2024-08-15 09:14:40,23500.0,700,Buy,231691367
2024-08-15 09:14:40,23500.0,700,Buy,231691410
2024-08-15 09:14:40,23500.0,200,Buy,231691407
2024-08-15 09:14:40,23400.0,500,Sell,231691406
2024-08-15 09:14:40,23500.0,200,Buy,231691408
2024-08-15 09:14:44,23400.0,100,Sell,231691516
2024-08-15 09:15:06,23400.0,1000,Sell,231691736
2024-08-15 09:15:06,23400.0,800,Sell,231691737
2024-08-15 09:15:06,23400.0,200,Sell,231691726
2024-08-15 09:15:20,23400.0,700,Sell,231692033
2024-08-15 09:16:21,23450.0,100,Buy,231692871
2024-08-15 09:16:43,23450.0,200,Sell,231693200
2024-08-15 09:16:59,23400.0,300,Sell,231693447
2024-08-15 09:16:59,23400.0,1000,Sell,231693446
2024-08-15 09:16:59,23400.0,100,Sell,231693445
2024-08-15 09:16:59,23400.0,500,Sell,231693444
2024-08-15 09:16:59,23400.0,2300,Sell,231693443
2024-08-15 09:16:59,23400.0,700,Sell,231693442
2024-08-15 09:16:59,23400.0,100,Sell,231693441
2024-08-15 09:16:59,23400.0,100,Sell,231693440
2024-08-15 09:16:59,23400.0,800,Sell,231693438
2024-08-15 09:16:59,23400.0,1000,Sell,231693437
2024-08-15 09:16:59,23400.0,3500,Sell,231693436
2024-08-15 09:16:59,23450.0,500,Sell,231693435
2024-08-15 09:16:59,23450.0,300,Sell,231693434
2024-08-15 09:16:59,23450.0,1000,Sell,231693433
2024-08-15 09:16:59,23450.0,2700,Sell,231693432
2024-08-15 09:16:59,23400.0,100,Sell,231693439
2024-08-15 09:17:11,23450.0,200,Buy,231693738
2024-08-15 09:17:11,23450.0,1000,Buy,231693739
2024-08-15 09:17:11,23450.0,500,Buy,231693740
2024-08-15 09:17:21,23450.0,3300,Sell,231694009
2024-08-15 09:17:21,23450.0,2500,Sell,231694010
2024-08-15 09:17:33,23500.0,100,Buy,231694346
2024-08-15 09:17:46,23450.0,1000,Sell,231694576
2024-08-15 09:18:02,23500.0,100,Buy,231694821
2024-08-15 09:18:10,23500.0,200,Buy,231695009
2024-08-15 09:18:10,23450.0,1000,Sell,231695013
2024-08-15 09:18:30,23450.0,500,Sell,231695313
2024-08-15 09:18:30,23450.0,100,Sell,231695314
2024-08-15 09:18:30,23450.0,500,Sell,231695315
2024-08-15 09:18:30,23450.0,500,Sell,231695316
2024-08-15 09:18:30,23450.0,1000,Sell,231695317
2024-08-15 09:18:30,23450.0,2600,Sell,231695318
2024-08-15 09:18:31,23450.0,200,Sell,231695339
2024-08-15 09:18:33,23500.0,100,Buy,231695371
2024-08-15 09:18:35,23450.0,4600,Sell,231695411
2024-08-15 09:18:36,23450.0,3700,Sell,231695450
2024-08-15 09:18:36,23450.0,100,Sell,231695449
2024-08-15 09:18:36,23450.0,400,Sell,231695442
2024-08-15 09:18:36,23450.0,1000,Sell,231695441
2024-08-15 09:18:36,23450.0,11200,Sell,231695448
2024-08-15 09:18:39,23450.0,100,Sell,231695483
2024-08-15 09:19:00,23450.0,100,Sell,231695871
2024-08-15 09:19:21,23450.0,1900,Buy,231696263
2024-08-15 09:19:21,23450.0,100,Buy,231696264
2024-08-15 09:19:26,23450.0,100,Buy,231696341
2024-08-15 09:19:36,23450.0,500,Sell,231696556
2024-08-15 09:19:40,23450.0,900,Buy,231696617
2024-08-15 09:19:41,23450.0,100,Buy,231696621
2024-08-15 09:19:54,23450.0,100,Buy,231696817
2024-08-15 09:19:56,23400.0,100,Sell,231696931
2024-08-15 09:19:56,23400.0,3800,Sell,231696932
2024-08-15 09:19:56,23400.0,300,Sell,231696929
2024-08-15 09:19:56,23400.0,1400,Sell,231696928
2024-08-15 09:19:56,23400.0,200,Sell,231696930
2024-08-15 09:20:01,23450.0,5000,Buy,231697052
2024-08-15 09:20:02,23450.0,1000,Buy,231697062
2024-08-15 09:20:16,23450.0,100,Buy,231697397
2024-08-15 09:20:17,23400.0,1200,Sell,231697454
2024-08-15 09:20:17,23400.0,3000,Sell,231697455
2024-08-15 09:20:17,23400.0,100,Sell,231697456
2024-08-15 09:20:17,23400.0,100,Sell,231697457
2024-08-15 09:20:17,23400.0,100,Sell,231697458
2024-08-15 09:20:17,23400.0,1300,Sell,231697459
2024-08-15 09:20:27,23400.0,100,Sell,231697684
2024-08-15 09:20:34,23400.0,1000,Sell,231697798
2024-08-15 09:20:50,23400.0,400,Sell,231698038
2024-08-15 09:20:55,23400.0,1000,Sell,231698163
2024-08-15 09:20:57,23400.0,1200,Sell,231698209
2024-08-15 09:20:57,23400.0,100,Sell,231698210
2024-08-15 09:20:57,23400.0,700,Sell,231698211
2024-08-15 09:21:01,23400.0,400,Sell,231698327
2024-08-15 09:21:01,23400.0,5000,Sell,231698326
2024-08-15 09:21:01,23400.0,1000,Sell,231698325
2024-08-15 09:21:01,23400.0,1000,Sell,231698321
2024-08-15 09:21:01,23400.0,100,Sell,231698323
2024-08-15 09:21:01,23400.0,200,Sell,231698322
2024-08-15 09:21:01,23400.0,500,Sell,231698320
2024-08-15 09:21:01,23400.0,100,Sell,231698324
2024-08-15 09:21:01,23400.0,1000,Sell,231698318
2024-08-15 09:21:01,23400.0,4300,Sell,231698311
2024-08-15 09:21:01,23400.0,5000,Sell,231698312
2024-08-15 09:21:01,23400.0,500,Sell,231698313
2024-08-15 09:21:01,23400.0,1000,Sell,231698319
2024-08-15 09:21:01,23400.0,400,Sell,231698315
2024-08-15 09:21:01,23400.0,100,Sell,231698316
2024-08-15 09:21:01,23400.0,200,Sell,231698317
2024-08-15 09:21:01,23400.0,500,Sell,231698314
2024-08-15 09:21:11,23400.0,1000,Sell,231698484
2024-08-15 09:21:17,23400.0,2000,Sell,231698600
2024-08-15 09:21:17,23400.0,100,Sell,231698601
2024-08-15 09:21:19,23400.0,100,Buy,231698636
2024-08-15 09:21:24,23400.0,2000,Buy,231698736
2024-08-15 09:21:33,23400.0,1800,Buy,231698866
2024-08-15 09:21:33,23400.0,200,Buy,231698867
2024-08-15 09:21:53,23400.0,200,Sell,231699264
2024-08-15 09:21:53,23400.0,100,Buy,231699261
2024-08-15 09:21:53,23400.0,1000,Buy,231699259
2024-08-15 09:21:53,23400.0,1000,Buy,231699260
2024-08-15 09:22:23,23400.0,300,Sell,231699730
2024-08-15 09:22:30,23400.0,200,Sell,231699870
2024-08-15 09:22:34,23400.0,1200,Sell,231699947
2024-08-15 09:22:34,23400.0,200,Sell,231699953
2024-08-15 09:22:34,23400.0,4800,Sell,231699954
2024-08-15 09:22:37,23450.0,100,Buy,231699998
2024-08-15 09:22:58,23400.0,1300,Sell,231700254
2024-08-15 09:22:58,23400.0,1000,Sell,231700253
2024-08-15 09:22:58,23400.0,500,Sell,231700252
2024-08-15 09:22:58,23400.0,200,Sell,231700251
2024-08-15 09:22:58,23400.0,100,Sell,231700247
2024-08-15 09:22:58,23400.0,300,Sell,231700249
2024-08-15 09:22:58,23400.0,100,Sell,231700248
2024-08-15 09:22:58,23400.0,200,Sell,231700246
2024-08-15 09:22:58,23400.0,300,Sell,231700250
2024-08-15 09:23:20,23450.0,200,Buy,231700619
2024-08-15 09:23:20,23450.0,200,Buy,231700616
2024-08-15 09:23:20,23450.0,100,Buy,231700617
2024-08-15 09:23:20,23450.0,500,Buy,231700618
2024-08-15 09:23:23,23400.0,1000,Sell,231700662
2024-08-15 09:23:28,23450.0,1500,Buy,231700747
2024-08-15 09:23:52,23450.0,1500,Buy,231701134
2024-08-15 09:23:54,23450.0,100,Buy,231701154
2024-08-15 09:24:02,23450.0,200,Buy,231701304
2024-08-15 09:24:02,23450.0,1700,Buy,231701305
2024-08-15 09:24:14,23450.0,4800,Buy,231701524
2024-08-15 09:24:14,23450.0,200,Buy,231701525
2024-08-15 09:24:23,23450.0,7800,Buy,231701672
2024-08-15 09:24:23,23450.0,2000,Buy,231701669
2024-08-15 09:24:23,23450.0,1000,Buy,231701668
2024-08-15 09:24:23,23450.0,1000,Buy,231701671
2024-08-15 09:24:23,23450.0,3000,Buy,231701666
2024-08-15 09:24:23,23450.0,100,Buy,231701665
2024-08-15 09:24:23,23450.0,100,Buy,231701664
2024-08-15 09:24:23,23450.0,500,Buy,231701667
2024-08-15 09:24:23,23450.0,500,Buy,231701670
2024-08-15 09:24:27,23450.0,100,Buy,231701768
2024-08-15 09:24:32,23450.0,2100,Buy,231701862
2024-08-15 09:24:32,23450.0,100,Buy,231701863
2024-08-15 09:24:32,23450.0,100,Buy,231701864
2024-08-15 09:24:32,23450.0,9000,Buy,231701865
2024-08-15 09:24:32,23450.0,1700,Buy,231701866
2024-08-15 09:24:38,23450.0,300,Buy,231701959
2024-08-15 09:24:38,23450.0,500,Buy,231701960
2024-08-15 09:24:38,23450.0,200,Buy,231701961
2024-08-15 09:24:44,23450.0,1000,Buy,231702061
2024-08-15 09:24:50,23450.0,200,Buy,231702230
2024-08-15 09:24:54,23450.0,400,Buy,231702301
2024-08-15 09:24:54,23450.0,600,Buy,231702300
2024-08-15 09:25:12,23450.0,1000,Buy,231702564
2024-08-15 09:25:32,23450.0,1500,Buy,231702892
2024-08-15 09:25:33,23450.0,800,Buy,231702920
2024-08-15 09:25:38,23450.0,1000,Buy,231702988
2024-08-15 09:25:42,23450.0,300,Buy,231703028
2024-08-15 09:25:42,23450.0,200,Buy,231703029
2024-08-15 09:25:50,23450.0,200,Buy,231703143
2024-08-15 09:26:25,23450.0,600,Buy,231703718
2024-08-15 09:26:25,23450.0,200,Buy,231703719
2024-08-15 09:26:25,23450.0,200,Buy,231703720
2024-08-15 09:26:38,23450.0,1000,Buy,231703893
2024-08-15 09:26:47,23450.0,800,Buy,231704031
2024-08-15 09:26:47,23450.0,1200,Buy,231704032
2024-08-15 09:27:06,23450.0,200,Buy,231704346
2024-08-15 09:27:17,23450.0,200,Buy,231704539
2024-08-15 09:27:17,23450.0,300,Buy,231704538
2024-08-15 09:27:33,23450.0,800,Buy,231704745
2024-08-15 09:27:33,23450.0,1000,Buy,231704746
2024-08-15 09:27:33,23450.0,1200,Buy,231704747
2024-08-15 09:27:34,23450.0,300,Buy,231704761
2024-08-15 09:27:34,23450.0,200,Buy,231704762
2024-08-15 09:27:34,23450.0,500,Buy,231704763
2024-08-15 09:27:36,23450.0,200,Buy,231704784
2024-08-15 09:27:45,23450.0,300,Buy,231704904
2024-08-15 09:28:15,23450.0,300,Buy,231705285
2024-08-15 09:28:26,23450.0,1000,Buy,231705458
2024-08-15 09:28:27,23450.0,100,Buy,231705479
2024-08-15 09:28:27,23450.0,800,Buy,231705477
2024-08-15 09:28:27,23450.0,700,Buy,231705476
2024-08-15 09:28:27,23450.0,400,Buy,231705478
2024-08-15 09:28:29,23400.0,100,Sell,231705502
2024-08-15 09:28:30,23450.0,2900,Buy,231705507
2024-08-15 09:28:30,23450.0,1000,Buy,231705508
2024-08-15 09:28:30,23450.0,100,Buy,231705509
2024-08-15 09:28:30,23450.0,900,Buy,231705510
2024-08-15 09:28:30,23450.0,900,Buy,231705511
2024-08-15 09:28:30,23450.0,1000,Buy,231705512
2024-08-15 09:28:30,23450.0,300,Buy,231705513
2024-08-15 09:28:35,23450.0,600,Sell,231705585
2024-08-15 09:29:16,23450.0,1000,Sell,231706178
2024-08-15 09:29:21,23450.0,100,Sell,231706329
2024-08-15 09:29:27,23450.0,900,Sell,231706402
2024-08-15 09:29:27,23450.0,500,Sell,231706401
2024-08-15 09:29:27,23450.0,100,Sell,231706400
2024-08-15 09:29:27,23450.0,200,Sell,231706397
2024-08-15 09:29:27,23450.0,1000,Sell,231706398
2024-08-15 09:29:27,23450.0,1200,Sell,231706396
2024-08-15 09:29:27,23450.0,100,Sell,231706399
2024-08-15 09:29:31,23450.0,1000,Sell,231706469
2024-08-15 09:29:44,23450.0,3100,Sell,231706699
2024-08-15 09:29:44,23450.0,3000,Sell,231706700
2024-08-15 09:29:44,23450.0,100,Sell,231706701
2024-08-15 09:29:44,23450.0,3800,Sell,231706702
2024-08-15 09:29:58,23450.0,200,Sell,231706908
2024-08-15 09:30:02,23450.0,100,Sell,231706982
2024-08-15 09:30:02,23450.0,13800,Sell,231706983
2024-08-15 09:30:02,23450.0,1000,Sell,231706980
2024-08-15 09:30:02,23450.0,100,Sell,231706981
2024-08-15 09:30:12,23450.0,500,Sell,231707111
2024-08-15 09:30:16,23500.0,1300,Buy,231707222
2024-08-15 09:30:25,23450.0,1700,Sell,231707384
2024-08-15 09:30:25,23450.0,1000,Sell,231707385
2024-08-15 09:30:25,23450.0,3100,Sell,231707386
2024-08-15 09:30:38,23450.0,1000,Sell,231707605
2024-08-15 09:31:02,23450.0,1000,Sell,231707956
2024-08-15 09:31:29,23450.0,400,Sell,231708256
2024-08-15 09:31:29,23450.0,100,Sell,231708257
2024-08-15 09:31:29,23450.0,100,Sell,231708258
2024-08-15 09:31:29,23450.0,400,Sell,231708259
2024-08-15 09:31:49,23450.0,500,Sell,231708513
2024-08-15 09:31:58,23450.0,4900,Sell,231708640
2024-08-15 09:31:58,23450.0,5000,Sell,231708639
2024-08-15 09:31:58,23450.0,100,Sell,231708638
2024-08-15 09:32:00,23450.0,100,Sell,231708665
2024-08-15 09:32:00,23450.0,200,Sell,231708666
2024-08-15 09:32:00,23450.0,3000,Sell,231708667
2024-08-15 09:32:00,23450.0,4800,Sell,231708668
2024-08-15 09:32:09,23450.0,10000,Sell,231708840
2024-08-15 09:32:14,23450.0,5200,Sell,231708940
2024-08-15 09:32:14,23450.0,200,Sell,231708941
2024-08-15 09:32:14,23450.0,5000,Sell,231708942
2024-08-15 09:32:14,23450.0,100,Sell,231708943
2024-08-15 09:32:15,23450.0,3000,Buy,231708956
2024-08-15 09:32:16,23400.0,700,Sell,231708990
2024-08-15 09:32:16,23400.0,1000,Sell,231708989
2024-08-15 09:32:16,23400.0,2000,Sell,231708988
2024-08-15 09:32:16,23400.0,500,Sell,231708985
2024-08-15 09:32:16,23400.0,5000,Sell,231708986
2024-08-15 09:32:16,23400.0,200,Sell,231708987
2024-08-15 09:32:16,23400.0,600,Sell,231708984
2024-08-15 09:32:30,23450.0,2000,Buy,231709183
2024-08-15 09:32:53,23400.0,25600,Sell,231709514
2024-08-15 09:32:53,23400.0,4300,Sell,231709512
2024-08-15 09:32:53,23400.0,100,Sell,231709513
2024-08-15 09:33:07,23400.0,6000,Sell,231709624
2024-08-15 09:33:33,23450.0,1000,Buy,231709931
2024-08-15 09:33:33,23450.0,1000,Buy,231709932
2024-08-15 09:33:33,23450.0,3500,Buy,231709933
2024-08-15 09:33:33,23450.0,4500,Buy,231709930
2024-08-15 09:33:40,23450.0,100,Buy,231710028
2024-08-15 09:33:50,23450.0,1400,Buy,231710202
2024-08-15 09:33:50,23450.0,2000,Buy,231710203
2024-08-15 09:33:50,23450.0,1000,Buy,231710204
2024-08-15 09:33:50,23450.0,3600,Buy,231710205
2024-08-15 09:33:54,23400.0,10000,Sell,231710339
2024-08-15 09:34:23,23450.0,300,Buy,231710833
2024-08-15 09:34:46,23450.0,1000,Buy,231711187
2024-08-15 09:35:05,23450.0,100,Buy,231711532
2024-08-15 09:35:10,23450.0,100,Buy,231711601
2024-08-15 09:35:18,23450.0,1000,Buy,231711775
2024-08-15 09:35:25,23400.0,300,Sell,231711884
2024-08-15 09:35:45,23400.0,2000,Sell,231712204
2024-08-15 09:36:22,23450.0,100,Buy,231712995
2024-08-15 09:36:23,23450.0,3400,Buy,231713036
2024-08-15 09:36:23,23450.0,100,Buy,231713037
2024-08-15 09:36:23,23450.0,1000,Buy,231713038
2024-08-15 09:36:23,23450.0,5500,Buy,231713039
2024-08-15 09:36:37,23400.0,1000,Sell,231713283
2024-08-15 09:37:07,23450.0,1000,Buy,231713873
2024-08-15 09:37:18,23450.0,400,Buy,231714027
2024-08-15 09:37:18,23450.0,18000,Buy,231714026
2024-08-15 09:37:18,23450.0,500,Buy,231714025
2024-08-15 09:37:18,23450.0,500,Buy,231714023
2024-08-15 09:37:18,23450.0,500,Buy,231714024
2024-08-15 09:37:18,23450.0,2000,Buy,231714022
2024-08-15 09:37:18,23450.0,2000,Buy,231714017
2024-08-15 09:37:18,23450.0,30000,Buy,231714020
2024-08-15 09:37:18,23450.0,10000,Buy,231714021
2024-08-15 09:37:18,23450.0,10500,Buy,231714014
2024-08-15 09:37:18,23450.0,500,Buy,231714015
2024-08-15 09:37:18,23450.0,400,Buy,231714016
2024-08-15 09:37:18,23450.0,1000,Buy,231714018
2024-08-15 09:37:18,23450.0,5000,Buy,231714019
2024-08-15 09:37:22,23450.0,3000,Sell,231714090
2024-08-15 09:37:29,23500.0,100,Buy,231714187
2024-08-15 09:37:42,23500.0,500,Buy,231714441
2024-08-15 09:37:43,23500.0,500,Buy,231714454
2024-08-15 09:37:54,23500.0,1400,Buy,231714661
2024-08-15 09:37:54,23500.0,600,Buy,231714662
2024-08-15 09:38:03,23450.0,400,Sell,231714795
2024-08-15 09:38:15,23500.0,4000,Buy,231714959
2024-08-15 09:38:28,23500.0,400,Buy,231715197
2024-08-15 09:38:28,23500.0,100,Buy,231715198
2024-08-15 09:38:30,23500.0,900,Buy,231715233
2024-08-15 09:38:30,23500.0,100,Buy,231715234
2024-08-15 09:38:37,23500.0,1700,Buy,231715386
2024-08-15 09:38:37,23500.0,400,Buy,231715384
2024-08-15 09:38:37,23500.0,200,Buy,231715385
2024-08-15 09:38:40,23500.0,100,Buy,231715435
2024-08-15 09:38:47,23450.0,5800,Sell,231715702
2024-08-15 09:38:54,23450.0,500,Sell,231715796
2024-08-15 09:39:07,23450.0,5000,Sell,231715962
2024-08-15 09:39:09,23450.0,500,Sell,231716006
2024-08-15 09:39:11,23450.0,3500,Sell,231716028
2024-08-15 09:39:11,23450.0,6500,Sell,231716029
2024-08-15 09:39:13,23450.0,5800,Sell,231716134
2024-08-15 09:39:19,23450.0,7700,Sell,231716259
2024-08-15 09:39:24,23500.0,500,Buy,231716406
2024-08-15 09:39:24,23500.0,100,Buy,231716407
2024-08-15 09:39:24,23500.0,3400,Buy,231716408
2024-08-15 09:39:44,23500.0,600,Buy,231716759
2024-08-15 09:39:44,23500.0,200,Buy,231716760
2024-08-15 09:39:44,23500.0,3400,Buy,231716761
2024-08-15 09:39:53,23500.0,100,Buy,231716910
2024-08-15 09:40:07,23500.0,200,Buy,231717203
2024-08-15 09:40:19,23500.0,200,Buy,231717437
2024-08-15 09:40:22,23500.0,100,Buy,231717483
2024-08-15 09:40:22,23500.0,100,Buy,231717484
2024-08-15 09:40:31,23500.0,1000,Buy,231717675
2024-08-15 09:40:31,23500.0,200,Buy,231717674
2024-08-15 09:40:31,23500.0,200,Buy,231717673
2024-08-15 09:40:31,23500.0,200,Buy,231717672
2024-08-15 09:40:31,23500.0,500,Buy,231717671
2024-08-15 09:40:31,23500.0,20000,Buy,231717670
2024-08-15 09:40:31,23500.0,500,Buy,231717669
2024-08-15 09:40:31,23500.0,100,Buy,231717668
2024-08-15 09:40:31,23500.0,2000,Buy,231717667
2024-08-15 09:40:31,23500.0,100,Buy,231717666
2024-08-15 09:40:31,23500.0,400,Buy,231717664
2024-08-15 09:40:31,23500.0,100,Buy,231717663
2024-08-15 09:40:31,23500.0,5000,Buy,231717662
2024-08-15 09:40:31,23500.0,100,Buy,231717661
2024-08-15 09:40:31,23500.0,100,Buy,231717660
2024-08-15 09:40:31,23500.0,100,Buy,231717659
2024-08-15 09:40:31,23500.0,2000,Buy,231717658
2024-08-15 09:40:31,23500.0,1000,Buy,231717657
2024-08-15 09:40:31,23500.0,500,Buy,231717656
2024-08-15 09:40:31,23500.0,200,Buy,231717655
2024-08-15 09:40:31,23500.0,9900,Buy,231717654
2024-08-15 09:40:31,23500.0,1000,Buy,231717665
2024-08-15 09:40:32,23500.0,4800,Buy,231717679
2024-08-15 09:40:38,23500.0,5000,Buy,231717750
2024-08-15 09:40:40,23500.0,200,Buy,231717807
2024-08-15 09:40:40,23500.0,100,Buy,231717806
2024-08-15 09:40:40,23500.0,200,Buy,231717805
2024-08-15 09:40:41,23500.0,200,Buy,231717815
2024-08-15 09:40:42,23500.0,1000,Buy,231717854
2024-08-15 09:40:44,23500.0,500,Buy,231717890
2024-08-15 09:40:44,23500.0,2200,Buy,231717891
2024-08-15 09:40:44,23500.0,100,Buy,231717892
2024-08-15 09:40:44,23500.0,3000,Buy,231717893
2024-08-15 09:40:44,23500.0,4000,Buy,231717894
2024-08-15 09:40:44,23500.0,100,Buy,231717895
2024-08-15 09:40:44,23500.0,100,Buy,231717896
2024-08-15 09:40:45,23500.0,100,Buy,231717924
2024-08-15 09:40:45,23500.0,200,Buy,231717923
2024-08-15 09:40:45,23500.0,100,Buy,231717922
2024-08-15 09:40:45,23500.0,1000,Buy,231717902
2024-08-15 09:40:45,23500.0,1000,Buy,231717903
2024-08-15 09:40:45,23500.0,1000,Buy,231717901
2024-08-15 09:40:46,23500.0,600,Sell,231717931
2024-08-15 09:40:47,23500.0,300,Buy,231717950
2024-08-15 09:40:47,23500.0,1000,Buy,231717951
2024-08-15 09:40:53,23500.0,3000,Sell,231718029
2024-08-15 09:40:55,23500.0,5000,Sell,231718050
2024-08-15 09:40:56,23500.0,500,Sell,231718068
2024-08-15 09:41:12,23500.0,5800,Sell,231718394
2024-08-15 09:41:36,23550.0,4000,Buy,231718873
2024-08-15 09:41:36,23550.0,1000,Buy,231718876
2024-08-15 09:41:36,23550.0,100,Buy,231718877
2024-08-15 09:41:36,23550.0,100,Buy,231718878
2024-08-15 09:41:36,23550.0,5000,Buy,231718879
2024-08-15 09:41:36,23550.0,13000,Buy,231718883
2024-08-15 09:41:36,23550.0,10000,Buy,231718881
2024-08-15 09:41:36,23550.0,100,Buy,231718882
2024-08-15 09:41:36,23550.0,100,Buy,231718872
2024-08-15 09:41:36,23550.0,5000,Buy,231718884
2024-08-15 09:41:36,23550.0,2000,Buy,231718885
2024-08-15 09:41:36,23550.0,600,Buy,231718886
2024-08-15 09:41:36,23550.0,800,Buy,231718880
2024-08-15 09:41:36,23550.0,1000,Buy,231718871
2024-08-15 09:41:36,23550.0,200,Buy,231718875
2024-08-15 09:41:36,23550.0,100,Buy,231718869
2024-08-15 09:41:36,23550.0,500,Buy,231718870
2024-08-15 09:41:36,23550.0,2000,Buy,231718851
2024-08-15 09:41:36,23550.0,10000,Buy,231718852
2024-08-15 09:41:36,23550.0,10000,Buy,231718853
2024-08-15 09:41:36,23550.0,500,Buy,231718854
2024-08-15 09:41:36,23550.0,5000,Buy,231718855
2024-08-15 09:41:36,23550.0,10000,Buy,231718856
2024-08-15 09:41:36,23550.0,5000,Buy,231718857
2024-08-15 09:41:36,23550.0,100,Buy,231718874
2024-08-15 09:41:36,23550.0,5000,Buy,231718859
2024-08-15 09:41:36,23550.0,100,Buy,231718860
2024-08-15 09:41:36,23550.0,100,Buy,231718865
2024-08-15 09:41:36,23550.0,500,Buy,231718866
2024-08-15 09:41:36,23550.0,1000,Buy,231718858
2024-08-15 09:41:36,23550.0,5000,Buy,231718867
2024-08-15 09:41:36,23550.0,100,Buy,231718868
2024-08-15 09:41:47,23550.0,2000,Sell,231719174
2024-08-15 09:41:47,23550.0,3800,Sell,231719175
2024-08-15 09:41:49,23550.0,1200,Sell,231719225
2024-08-15 09:41:59,23550.0,800,Buy,231719367
2024-08-15 09:42:02,23550.0,200,Buy,231719404
2024-08-15 09:42:07,23550.0,2000,Buy,231719515
2024-08-15 09:42:13,23550.0,100,Buy,231719610
2024-08-15 09:42:20,23550.0,5700,Buy,231719725
2024-08-15 09:42:20,23550.0,100,Buy,231719726
2024-08-15 09:42:20,23550.0,1300,Buy,231719727
2024-08-15 09:42:23,23550.0,300,Buy,231719778
2024-08-15 09:42:32,23550.0,200,Buy,231719921
2024-08-15 09:42:35,23550.0,100,Buy,231719981
2024-08-15 09:42:35,23550.0,100,Buy,231719982
2024-08-15 09:42:44,23500.0,5800,Sell,231720178
2024-08-15 09:42:46,23550.0,600,Buy,231720196
2024-08-15 09:42:52,23550.0,800,Buy,231720321
2024-08-15 09:42:56,23550.0,6400,Buy,231720380
2024-08-15 09:42:56,23550.0,1600,Buy,231720379
2024-08-15 09:43:00,23550.0,900,Buy,231720431
2024-08-15 09:43:02,23500.0,43100,Sell,231720449
2024-08-15 09:43:03,23500.0,5800,Sell,231720496
2024-08-15 09:43:27,23500.0,300,Sell,231720908
2024-08-15 09:43:39,23550.0,2000,Buy,231721047
2024-08-15 09:43:50,23500.0,5800,Sell,231721179
2024-08-15 09:43:54,23550.0,700,Buy,231721230
2024-08-15 09:43:54,23550.0,700,Buy,231721231
2024-08-15 09:43:54,23550.0,900,Buy,231721232
2024-08-15 09:43:55,23500.0,3000,Sell,231721246
2024-08-15 09:44:01,23550.0,100,Buy,231721325
2024-08-15 09:44:01,23550.0,300,Buy,231721326
2024-08-15 09:44:01,23550.0,600,Buy,231721327
2024-08-15 09:44:02,23500.0,700,Sell,231721341
2024-08-15 09:44:24,23500.0,300,Sell,231721655
2024-08-15 09:45:12,23500.0,2000,Sell,231722441
2024-08-15 09:46:03,23500.0,1000,Sell,231723179
2024-08-15 09:47:07,23500.0,200,Sell,231724153
2024-08-15 09:47:22,23500.0,1000,Sell,231724350
2024-08-15 09:47:39,23500.0,500,Sell,231724586
2024-08-15 09:48:00,23500.0,4900,Sell,231724903
2024-08-15 09:48:00,23500.0,200,Sell,231724904
2024-08-15 09:48:00,23500.0,1000,Sell,231724905
2024-08-15 09:48:00,23500.0,1000,Sell,231724906
2024-08-15 09:48:00,23500.0,500,Sell,231724907
2024-08-15 09:48:00,23500.0,600,Sell,231724908
2024-08-15 09:48:00,23500.0,1300,Sell,231724909
2024-08-15 09:48:13,23550.0,2200,Buy,231725106
2024-08-15 09:48:17,23500.0,800,Sell,231725216
2024-08-15 09:48:46,23500.0,900,Sell,231725725
2024-08-15 09:48:46,23500.0,6600,Sell,231725726
2024-08-15 09:48:51,23500.0,1000,Sell,231725885
2024-08-15 09:49:23,23500.0,1000,Sell,231726436
2024-08-15 09:49:24,23500.0,600,Sell,231726460
2024-08-15 09:49:31,23550.0,4500,Buy,231726640
2024-08-15 09:49:45,23550.0,100,Buy,231726949
2024-08-15 09:49:46,23500.0,500,Sell,231726962
2024-08-15 09:49:57,23500.0,200,Sell,231727144
2024-08-15 09:49:59,23550.0,100,Buy,231727193
2024-08-15 09:50:06,23550.0,2000,Buy,231727299
2024-08-15 09:50:34,23550.0,100,Buy,231727740
2024-08-15 09:50:50,23550.0,200,Buy,231728107
2024-08-15 09:50:52,23550.0,800,Buy,231728155
2024-08-15 09:50:52,23550.0,200,Buy,231728156
2024-08-15 09:50:53,23500.0,100,Sell,231728186
2024-08-15 09:50:53,23500.0,800,Sell,231728187
2024-08-15 09:50:53,23500.0,100,Sell,231728188
2024-08-15 09:50:53,23500.0,6500,Sell,231728189
2024-08-15 09:51:17,23500.0,500,Sell,231728600
2024-08-15 09:51:24,23500.0,100,Sell,231728761
2024-08-15 09:51:38,23500.0,400,Sell,231729089
2024-08-15 09:51:38,23500.0,4000,Sell,231729088
2024-08-15 09:51:38,23500.0,400,Sell,231729087
2024-08-15 09:51:38,23500.0,200,Sell,231729086
2024-08-15 09:51:38,23500.0,100,Sell,231729085
2024-08-15 09:51:38,23500.0,100,Sell,231729084
2024-08-15 09:51:38,23500.0,2100,Sell,231729069
2024-08-15 09:51:38,23500.0,2900,Sell,231729066
2024-08-15 09:51:38,23500.0,2900,Sell,231729083
2024-08-15 09:51:38,23500.0,100,Sell,231729068
2024-08-15 09:51:38,23500.0,700,Sell,231729067
2024-08-15 09:51:44,23500.0,800,Sell,231729254
2024-08-15 09:51:44,23500.0,100,Sell,231729253
2024-08-15 09:51:44,23500.0,100,Sell,231729255
2024-08-15 09:51:52,23500.0,100,Sell,231729387
2024-08-15 09:51:54,23500.0,2800,Sell,231729416
2024-08-15 09:52:03,23500.0,1500,Sell,231729534
2024-08-15 09:52:03,23500.0,1000,Sell,231729535
2024-08-15 09:52:03,23500.0,200,Sell,231729536
2024-08-15 09:52:03,23500.0,500,Sell,231729537
2024-08-15 09:52:03,23500.0,5200,Sell,231729538
2024-08-15 09:52:08,23500.0,100,Sell,231729611
2024-08-15 09:52:09,23500.0,4700,Sell,231729640
2024-08-15 09:52:09,23500.0,100,Sell,231729641
2024-08-15 09:52:09,23500.0,100,Sell,231729642
2024-08-15 09:52:09,23500.0,900,Sell,231729643
2024-08-15 09:52:11,23550.0,1200,Buy,231729744
2024-08-15 09:52:11,23550.0,800,Buy,231729743
2024-08-15 09:52:29,23550.0,5000,Buy,231729968
2024-08-15 09:52:54,23500.0,500,Sell,231730331
2024-08-15 09:53:01,23500.0,900,Sell,231730466
2024-08-15 09:53:01,23500.0,500,Sell,231730467
2024-08-15 09:53:01,23500.0,500,Sell,231730468
2024-08-15 09:53:01,23500.0,1000,Sell,231730469
2024-08-15 09:53:01,23500.0,100,Sell,231730470
2024-08-15 09:53:01,23500.0,4500,Sell,231730471
2024-08-15 09:53:10,23500.0,3000,Sell,231730685
2024-08-15 09:53:19,23550.0,100,Buy,231730816
2024-08-15 09:53:47,23550.0,100,Buy,231731180
2024-08-15 09:53:57,23500.0,200,Sell,231731321
2024-08-15 09:53:58,23550.0,1000,Buy,231731337
2024-08-15 09:54:05,23550.0,5000,Buy,231731435
2024-08-15 09:54:05,23550.0,300,Buy,231731442
2024-08-15 09:54:05,23550.0,5000,Buy,231731441
2024-08-15 09:54:05,23550.0,700,Buy,231731440
2024-08-15 09:54:05,23550.0,2600,Buy,231731434
2024-08-15 09:54:05,23550.0,100,Buy,231731438
2024-08-15 09:54:05,23550.0,300,Buy,231731437
2024-08-15 09:54:05,23550.0,5000,Buy,231731436
2024-08-15 09:54:05,23550.0,1000,Buy,231731439
2024-08-15 09:54:11,23550.0,100,Buy,231731522
2024-08-15 09:54:39,23500.0,2000,Sell,231731890
2024-08-15 09:55:01,23500.0,5800,Sell,231732226
2024-08-15 09:55:21,23500.0,5800,Sell,231732586
2024-08-15 09:55:26,23500.0,2000,Sell,231732694
2024-08-15 09:55:27,23500.0,200,Sell,231732703
2024-08-15 09:55:30,23500.0,5000,Sell,231732725
2024-08-15 09:55:30,23500.0,1000,Sell,231732728
2024-08-15 09:55:33,23500.0,500,Sell,231732773
2024-08-15 09:55:33,23500.0,1500,Sell,231732774
2024-08-15 09:55:40,23500.0,100,Sell,231732832
2024-08-15 09:55:41,23500.0,1000,Sell,231732858
2024-08-15 09:55:49,23500.0,20000,Sell,231732973
2024-08-15 09:55:51,23500.0,4000,Sell,231733006
2024-08-15 09:56:47,23500.0,3400,Sell,231733769
2024-08-15 09:56:47,23500.0,5000,Sell,231733770
2024-08-15 09:56:47,23500.0,1000,Sell,231733771
2024-08-15 09:56:47,23500.0,200,Sell,231733772
2024-08-15 09:56:47,23500.0,100,Sell,231733773
2024-08-15 09:56:47,23500.0,300,Sell,231733774
2024-08-15 09:57:00,23500.0,2100,Sell,231733941
2024-08-15 09:57:00,23500.0,200,Sell,231733940
2024-08-15 09:57:00,23500.0,500,Sell,231733938
2024-08-15 09:57:00,23500.0,2000,Sell,231733939
2024-08-15 09:57:00,23500.0,200,Sell,231733937
2024-08-15 09:57:01,23500.0,500,Sell,231733945
2024-08-15 09:57:01,23500.0,1000,Sell,231733947
2024-08-15 09:57:10,23500.0,400,Sell,231734098
2024-08-15 09:57:10,23500.0,100,Sell,231734099
2024-08-15 09:57:27,23550.0,500,Buy,231734496
2024-08-15 09:57:31,23500.0,3100,Sell,231734602
2024-08-15 09:57:41,23500.0,200,Sell,231734726
2024-08-15 09:57:58,23500.0,400,Sell,231734906
2024-08-15 09:57:58,23500.0,2000,Sell,231734907
2024-08-15 09:57:58,23500.0,1000,Sell,231734908
2024-08-15 09:57:58,23500.0,6600,Sell,231734909
2024-08-15 09:58:00,23500.0,3000,Sell,231734933
2024-08-15 09:58:02,23500.0,49600,Sell,231735017
2024-08-15 09:58:02,23500.0,400,Sell,231735016
2024-08-15 09:58:04,23500.0,100,Sell,231735047
2024-08-15 09:58:04,23500.0,1000,Sell,231735048
2024-08-15 09:58:04,23500.0,400,Sell,231735049
2024-08-15 09:58:04,23500.0,400,Sell,231735046
2024-08-15 09:58:09,23450.0,7500,Sell,231735148
2024-08-15 09:58:09,23450.0,700,Sell,231735183
2024-08-15 09:58:30,23450.0,100,Sell,231735504
2024-08-15 09:58:57,23450.0,1700,Sell,231735850
2024-08-15 09:58:57,23450.0,1000,Sell,231735851
2024-08-15 09:58:57,23450.0,100,Sell,231735852
2024-08-15 09:58:57,23450.0,1000,Sell,231735853
2024-08-15 09:58:57,23450.0,200,Sell,231735854
2024-08-15 09:58:57,23500.0,2300,Buy,231735855
2024-08-15 09:59:05,23450.0,5000,Sell,231736008
2024-08-15 09:59:25,23450.0,500,Sell,231736220
2024-08-15 09:59:28,23450.0,100,Sell,231736274
2024-08-15 10:00:07,23450.0,200,Sell,231736844
2024-08-15 10:00:17,23450.0,4200,Sell,231736998
2024-08-15 10:00:17,23450.0,100,Sell,231736999
2024-08-15 10:00:17,23450.0,2000,Sell,231737000
2024-08-15 10:00:17,23450.0,200,Sell,231737001
2024-08-15 10:00:17,23450.0,1500,Sell,231737002
2024-08-15 10:00:22,23500.0,100,Buy,231737051
2024-08-15 10:00:31,23450.0,100,Sell,231737140
2024-08-15 10:00:31,23450.0,2000,Sell,231737142
2024-08-15 10:00:45,23450.0,800,Sell,231737340
2024-08-15 10:00:51,23450.0,4400,Sell,231737403
2024-08-15 10:01:14,23450.0,100,Sell,231737717
2024-08-15 10:01:20,23450.0,100,Sell,231737786
2024-08-15 10:03:27,23450.0,100,Sell,231739843
2024-08-15 10:03:40,23450.0,600,Sell,231740055
2024-08-15 10:04:07,23450.0,4100,Sell,231740576
2024-08-15 10:04:07,23450.0,1000,Sell,231740575
2024-08-15 10:04:07,23450.0,1000,Sell,231740574
2024-08-15 10:04:07,23450.0,3000,Sell,231740571
2024-08-15 10:04:07,23450.0,500,Sell,231740572
2024-08-15 10:04:07,23450.0,300,Sell,231740570
2024-08-15 10:04:07,23450.0,100,Sell,231740573
2024-08-15 10:04:08,23450.0,100,Sell,231740579
2024-08-15 10:04:36,23450.0,800,Sell,231740965
2024-08-15 10:04:36,23450.0,1000,Sell,231740966
2024-08-15 10:04:36,23450.0,200,Sell,231740967
2024-08-15 10:05:22,23500.0,100,Buy,231741899
2024-08-15 10:05:52,23450.0,1000,Sell,231742624
2024-08-15 10:06:02,23500.0,1000,Buy,231742821
2024-08-15 10:06:46,23450.0,3000,Sell,231743547
2024-08-15 10:07:04,23450.0,2500,Sell,231743801
2024-08-15 10:07:19,23500.0,400,Buy,231744196
2024-08-15 10:07:35,23450.0,400,Sell,231744557
2024-08-15 10:07:43,23500.0,20000,Buy,231744717
2024-08-15 10:08:06,23450.0,20000,Sell,231745271
2024-08-15 10:08:06,23450.0,5300,Sell,231745275
2024-08-15 10:08:06,23450.0,500,Sell,231745274
2024-08-15 10:08:06,23450.0,22900,Sell,231745270
2024-08-15 10:08:06,23450.0,1100,Sell,231745272
2024-08-15 10:08:06,23450.0,200,Sell,231745273
2024-08-15 10:08:16,23450.0,400,Sell,231745441
2024-08-15 10:08:18,23500.0,100,Buy,231745485
2024-08-15 10:08:39,23500.0,800,Buy,231745816
2024-08-15 10:09:50,23500.0,3000,Buy,231746938
2024-08-15 10:09:51,23450.0,400,Sell,231746960
2024-08-15 10:09:51,23450.0,100,Sell,231746959
2024-08-15 10:09:51,23450.0,400,Sell,231746961
2024-08-15 10:09:51,23450.0,200,Sell,231746957
2024-08-15 10:09:51,23450.0,300,Sell,231746956
2024-08-15 10:09:51,23450.0,100,Sell,231746958
2024-08-15 10:09:52,23500.0,100,Buy,231746974
2024-08-15 10:09:54,23500.0,15000,Buy,231746997
2024-08-15 10:10:08,23450.0,100,Sell,231747181
2024-08-15 10:10:08,23450.0,3900,Sell,231747182
2024-08-15 10:10:11,23450.0,1000,Sell,231747220
2024-08-15 10:11:35,23450.0,100,Sell,231748262
2024-08-15 10:11:35,23450.0,900,Sell,231748263
2024-08-15 10:11:39,23450.0,200,Sell,231748315
2024-08-15 10:11:57,23450.0,100,Sell,231748569
2024-08-15 10:12:14,23450.0,500,Sell,231748837
2024-08-15 10:12:28,23450.0,100,Sell,231748994
2024-08-15 10:12:48,23450.0,1100,Sell,231749292
2024-08-15 10:13:23,23450.0,500,Sell,231749826
2024-08-15 10:13:39,23450.0,500,Sell,231750141
2024-08-15 10:14:10,23450.0,2000,Sell,231750577
2024-08-15 10:14:25,23450.0,10000,Sell,231750776
2024-08-15 10:14:45,23450.0,7500,Sell,231751103
2024-08-15 10:14:51,23450.0,100,Sell,231751254
2024-08-15 10:15:15,23450.0,500,Sell,231751511
2024-08-15 10:15:16,23450.0,2000,Sell,231751521
2024-08-15 10:15:22,23450.0,1200,Sell,231751596
2024-08-15 10:15:22,23450.0,100,Sell,231751597
2024-08-15 10:15:22,23450.0,400,Sell,231751598
2024-08-15 10:15:22,23450.0,600,Sell,231751599
2024-08-15 10:15:22,23450.0,2700,Sell,231751600
2024-08-15 10:15:33,23450.0,300,Sell,231751771
2024-08-15 10:15:33,23450.0,100,Sell,231751772
2024-08-15 10:15:33,23450.0,5000,Sell,231751773
2024-08-15 10:15:33,23450.0,400,Sell,231751774
2024-08-15 10:16:38,23450.0,1000,Sell,231752962
2024-08-15 10:16:41,23450.0,100,Sell,231753001
2024-08-15 10:16:45,23500.0,100,Buy,231753057
2024-08-15 10:16:50,23500.0,100,Buy,231753117
2024-08-15 10:16:55,23450.0,500,Sell,231753216
2024-08-15 10:16:55,23450.0,100,Sell,231753217
2024-08-15 10:17:07,23450.0,100,Sell,231753415
2024-08-15 10:17:12,23450.0,2000,Sell,231753484
2024-08-15 10:17:27,23450.0,600,Sell,231753699
2024-08-15 10:17:27,23450.0,1000,Sell,231753700
2024-08-15 10:17:27,23450.0,1000,Sell,231753701
2024-08-15 10:17:27,23450.0,400,Sell,231753702
2024-08-15 10:17:27,23450.0,100,Sell,231753703
2024-08-15 10:17:27,23450.0,200,Sell,231753704
2024-08-15 10:17:27,23450.0,1700,Sell,231753705
2024-08-15 10:17:32,23500.0,2500,Buy,231753802
2024-08-15 10:17:32,23500.0,5000,Buy,231753800
2024-08-15 10:17:32,23500.0,2000,Buy,231753801
2024-08-15 10:17:50,23450.0,5000,Sell,231754085
2024-08-15 10:17:54,23450.0,100,Sell,231754170
2024-08-15 10:18:11,23450.0,1000,Sell,231754428
2024-08-15 10:18:15,23450.0,6200,Sell,231754478
2024-08-15 10:18:15,23450.0,3800,Sell,231754479
2024-08-15 10:18:31,23450.0,200,Sell,231754715
2024-08-15 10:18:31,23450.0,100,Sell,231754716
2024-08-15 10:18:31,23450.0,100,Sell,231754717
2024-08-15 10:18:31,23450.0,100,Sell,231754718
2024-08-15 10:18:31,23450.0,1500,Sell,231754719
2024-08-15 10:18:54,23450.0,14000,Sell,231755097
2024-08-15 10:18:54,23450.0,2000,Sell,231755096
2024-08-15 10:18:54,23450.0,300,Sell,231755095
2024-08-15 10:18:54,23450.0,300,Sell,231755094
2024-08-15 10:18:54,23450.0,48500,Sell,231755093
2024-08-15 10:18:59,23450.0,500,Buy,231755188
2024-08-15 10:19:02,23450.0,100,Buy,231755265
2024-08-15 10:19:24,23400.0,100,Sell,231755724
2024-08-15 10:19:24,23400.0,1000,Sell,231755705
2024-08-15 10:19:24,23400.0,3000,Sell,231755723
2024-08-15 10:19:24,23400.0,2000,Sell,231755722
2024-08-15 10:19:24,23400.0,3000,Sell,231755721
2024-08-15 10:19:24,23400.0,1000,Sell,231755720
2024-08-15 10:19:24,23400.0,2000,Sell,231755719
2024-08-15 10:19:24,23400.0,5000,Sell,231755718
2024-08-15 10:19:24,23400.0,100,Sell,231755717
2024-08-15 10:19:24,23400.0,400,Sell,231755708
2024-08-15 10:19:24,23400.0,100,Sell,231755715
2024-08-15 10:19:24,23400.0,2000,Sell,231755714
2024-08-15 10:19:24,23400.0,9000,Sell,231755713
2024-08-15 10:19:24,23400.0,3000,Sell,231755712
2024-08-15 10:19:24,23400.0,1000,Sell,231755711
2024-08-15 10:19:24,23400.0,200,Sell,231755710
2024-08-15 10:19:24,23400.0,5000,Sell,231755709
2024-08-15 10:19:24,23400.0,35000,Sell,231755725
2024-08-15 10:19:24,23400.0,200,Sell,231755707
2024-08-15 10:19:24,23400.0,1600,Sell,231755706
2024-08-15 10:19:24,23400.0,100,Sell,231755716
2024-08-15 10:19:24,23400.0,100,Sell,231755726
2024-08-15 10:19:24,23400.0,50000,Sell,231755735
2024-08-15 10:19:24,23400.0,200,Sell,231755728
2024-08-15 10:19:24,23400.0,1000,Sell,231755749
2024-08-15 10:19:24,23400.0,1000,Sell,231755748
2024-08-15 10:19:24,23400.0,300,Sell,231755747
2024-08-15 10:19:24,23400.0,2900,Sell,231755746
2024-08-15 10:19:24,23400.0,100,Sell,231755745
2024-08-15 10:19:24,23400.0,100,Sell,231755744
2024-08-15 10:19:24,23400.0,100,Sell,231755743
2024-08-15 10:19:24,23400.0,2000,Sell,231755742
2024-08-15 10:19:24,23400.0,1000,Sell,231755741
2024-08-15 10:19:24,23400.0,2000,Sell,231755727
2024-08-15 10:19:24,23400.0,500,Sell,231755740
2024-08-15 10:19:24,23400.0,300,Sell,231755738
2024-08-15 10:19:24,23400.0,600,Sell,231755737
2024-08-15 10:19:24,23400.0,500,Sell,231755736
2024-08-15 10:19:24,23400.0,300,Sell,231755734
2024-08-15 10:19:24,23400.0,100,Sell,231755733
2024-08-15 10:19:24,23400.0,200,Sell,231755732
2024-08-15 10:19:24,23400.0,5000,Sell,231755731
2024-08-15 10:19:24,23400.0,5000,Sell,231755730
2024-08-15 10:19:24,23400.0,500,Sell,231755729
2024-08-15 10:19:24,23400.0,600,Sell,231755739
2024-08-15 10:19:24,23400.0,500,Sell,231755704
2024-08-15 10:19:24,23400.0,5000,Sell,231755682
2024-08-15 10:19:24,23400.0,1000,Sell,231755702
2024-08-15 10:19:24,23400.0,300,Sell,231755675
2024-08-15 10:19:24,23400.0,500,Sell,231755674
2024-08-15 10:19:24,23400.0,5000,Sell,231755673
2024-08-15 10:19:24,23400.0,5000,Sell,231755672
2024-08-15 10:19:24,23400.0,200,Sell,231755671
2024-08-15 10:19:24,23400.0,400,Sell,231755670
2024-08-15 10:19:24,23400.0,100,Sell,231755669
2024-08-15 10:19:24,23400.0,100,Sell,231755668
2024-08-15 10:19:24,23400.0,100,Sell,231755667
2024-08-15 10:19:24,23400.0,1000,Sell,231755676
2024-08-15 10:19:24,23400.0,500,Sell,231755666
2024-08-15 10:19:24,23400.0,100,Sell,231755664
2024-08-15 10:19:24,23400.0,20000,Sell,231755663
2024-08-15 10:19:24,23400.0,200,Sell,231755662
2024-08-15 10:19:24,23400.0,200,Sell,231755661
2024-08-15 10:19:24,23400.0,200,Sell,231755660
2024-08-15 10:19:24,23400.0,2000,Sell,231755659
2024-08-15 10:19:24,23400.0,200,Sell,231755658
2024-08-15 10:19:24,23400.0,5000,Sell,231755657
2024-08-15 10:19:24,23400.0,5100,Sell,231755656
2024-08-15 10:19:24,23400.0,100,Sell,231755665
2024-08-15 10:19:24,23400.0,100,Sell,231755677
2024-08-15 10:19:24,23400.0,400,Sell,231755703
2024-08-15 10:19:24,23400.0,100,Sell,231755679
2024-08-15 10:19:24,23400.0,3000,Sell,231755678
2024-08-15 10:19:24,23400.0,2000,Sell,231755701
2024-08-15 10:19:24,23400.0,200,Sell,231755700
2024-08-15 10:19:24,23400.0,100,Sell,231755699
2024-08-15 10:19:24,23400.0,200,Sell,231755698
2024-08-15 10:19:24,23400.0,2000,Sell,231755697
2024-08-15 10:19:24,23400.0,500,Sell,231755696
2024-08-15 10:19:24,23400.0,200,Sell,231755694
2024-08-15 10:19:24,23400.0,500,Sell,231755693
2024-08-15 10:19:24,23400.0,500,Sell,231755692
2024-08-15 10:19:24,23400.0,1000,Sell,231755695
2024-08-15 10:19:24,23400.0,2800,Sell,231755690
2024-08-15 10:19:24,23400.0,100,Sell,231755680
2024-08-15 10:19:24,23400.0,3000,Sell,231755691
2024-08-15 10:19:24,23400.0,100,Sell,231755683
2024-08-15 10:19:24,23400.0,1300,Sell,231755684
2024-08-15 10:19:24,23400.0,2000,Sell,231755685
2024-08-15 10:19:24,23400.0,100,Sell,231755681
2024-08-15 10:19:24,23400.0,100,Sell,231755687
2024-08-15 10:19:24,23400.0,1000,Sell,231755688
2024-08-15 10:19:24,23400.0,100,Sell,231755689
2024-08-15 10:19:24,23400.0,200,Sell,231755686
2024-08-15 10:19:38,23400.0,100,Buy,231756014
2024-08-15 10:19:58,23350.0,1300,Sell,231756414
2024-08-15 10:20:06,23350.0,1000,Sell,231756573
2024-08-15 10:20:06,23350.0,7400,Sell,231756578
2024-08-15 10:20:06,23350.0,500,Sell,231756577
2024-08-15 10:20:06,23350.0,1000,Sell,231756576
2024-08-15 10:20:06,23350.0,100,Sell,231756575
2024-08-15 10:20:06,23350.0,100,Sell,231756574
2024-08-15 10:20:06,23350.0,100,Sell,231756572
2024-08-15 10:20:06,23350.0,400,Sell,231756569
2024-08-15 10:20:06,23350.0,5000,Sell,231756570
2024-08-15 10:20:06,23350.0,300,Sell,231756571
2024-08-15 10:20:06,23350.0,100,Sell,231756568
2024-08-15 10:20:06,23350.0,2100,Sell,231756567
2024-08-15 10:20:06,23350.0,100,Sell,231756566
2024-08-15 10:20:06,23350.0,100,Sell,231756565
2024-08-15 10:20:06,23350.0,1700,Sell,231756564
2024-08-15 10:20:06,23350.0,2000,Sell,231756555
2024-08-15 10:20:11,23350.0,500,Sell,231756754
2024-08-15 10:20:57,23400.0,7000,Buy,231757777
2024-08-15 10:21:04,23400.0,100,Buy,231758071
2024-08-15 10:21:20,23400.0,100,Buy,231758446
2024-08-15 10:21:38,23400.0,100,Buy,231758859
2024-08-15 10:21:55,23400.0,1000,Buy,231759167
2024-08-15 10:22:35,23400.0,100,Buy,231760167
2024-08-15 10:23:22,23350.0,2100,Sell,231761596
2024-08-15 10:23:22,23350.0,2900,Sell,231761597
2024-08-15 10:23:23,23350.0,6000,Sell,231761609
2024-08-15 10:23:29,23350.0,3000,Sell,231761818
2024-08-15 10:23:35,23400.0,100,Buy,231762027
2024-08-15 10:23:39,23400.0,500,Buy,231762093
2024-08-15 10:24:01,23350.0,3700,Sell,231762622
2024-08-15 10:24:25,23400.0,1600,Buy,231763109
2024-08-15 10:24:25,23400.0,1800,Buy,231763110
2024-08-15 10:24:25,23400.0,1600,Buy,231763111
2024-08-15 10:24:51,23400.0,300,Buy,231763657
2024-08-15 10:25:08,23400.0,700,Buy,231764064
2024-08-15 10:25:39,23400.0,100,Buy,231764723
2024-08-15 10:25:39,23400.0,100,Buy,231764724
2024-08-15 10:25:39,23400.0,500,Buy,231764722
2024-08-15 10:25:59,23400.0,200,Buy,231765156
2024-08-15 10:26:02,23350.0,1200,Sell,231765193
2024-08-15 10:26:06,23350.0,1000,Sell,231765296
2024-08-15 10:26:08,23400.0,200,Buy,231765312
2024-08-15 10:26:08,23400.0,200,Buy,231765311
2024-08-15 10:26:14,23400.0,800,Buy,231765462
2024-08-15 10:26:14,23400.0,1200,Buy,231765463
2024-08-15 10:26:14,23400.0,200,Buy,231765470
2024-08-15 10:26:23,23400.0,400,Buy,231765712
2024-08-15 10:26:30,23400.0,500,Buy,231765883
2024-08-15 10:26:30,23400.0,100,Buy,231765881
2024-08-15 10:26:30,23400.0,1000,Buy,231765882
2024-08-15 10:26:30,23400.0,3200,Buy,231765878
2024-08-15 10:26:30,23400.0,100,Buy,231765880
2024-08-15 10:26:30,23400.0,100,Buy,231765879
2024-08-15 10:26:39,23400.0,400,Buy,231766092
2024-08-15 10:26:47,23350.0,500,Sell,231766293
2024-08-15 10:26:48,23400.0,500,Buy,231766312
2024-08-15 10:26:51,23400.0,1000,Buy,231766358
2024-08-15 10:26:54,23400.0,400,Buy,231766490
2024-08-15 10:26:55,23400.0,2800,Buy,231766499
2024-08-15 10:26:55,23400.0,2200,Buy,231766498
2024-08-15 10:27:10,23400.0,400,Buy,231766791
2024-08-15 10:27:13,23400.0,4100,Buy,231766843
2024-08-15 10:27:13,23400.0,7500,Buy,231766822
2024-08-15 10:27:14,23400.0,1000,Buy,231766864
2024-08-15 10:27:26,23400.0,400,Buy,231767028
2024-08-15 10:27:41,23400.0,400,Buy,231767438
2024-08-15 10:27:58,23400.0,400,Buy,231767742
2024-08-15 10:28:00,23350.0,500,Sell,231767781
2024-08-15 10:28:13,23400.0,400,Buy,231768017
2024-08-15 10:28:28,23400.0,2600,Buy,231768307
2024-08-15 10:28:28,23400.0,2400,Buy,231768308
2024-08-15 10:28:30,23400.0,400,Buy,231768349
2024-08-15 10:28:33,23350.0,1200,Sell,231768480
2024-08-15 10:28:33,23350.0,100,Sell,231768481
2024-08-15 10:28:33,23350.0,100,Sell,231768482
2024-08-15 10:28:33,23350.0,600,Sell,231768483
2024-08-15 10:28:45,23400.0,400,Buy,231768713
2024-08-15 10:28:48,23400.0,100,Buy,231768868
2024-08-15 10:28:53,23400.0,2200,Buy,231768975
2024-08-15 10:28:53,23400.0,1000,Buy,231768976
2024-08-15 10:28:53,23400.0,3000,Buy,231768977
2024-08-15 10:28:53,23400.0,100,Buy,231768978
2024-08-15 10:28:53,23400.0,500,Buy,231768979
2024-08-15 10:28:53,23400.0,700,Buy,231768980
2024-08-15 10:28:57,23400.0,1300,Buy,231769060
2024-08-15 10:28:57,23400.0,600,Buy,231769061
2024-08-15 10:28:57,23400.0,500,Buy,231769062
2024-08-15 10:29:00,23400.0,400,Buy,231769089
2024-08-15 10:29:02,23400.0,500,Buy,231769127
2024-08-15 10:29:10,23350.0,200,Sell,231769321
2024-08-15 10:29:15,23400.0,400,Buy,231769426
2024-08-15 10:29:30,23400.0,300,Buy,231769682
2024-08-15 10:29:30,23400.0,200,Buy,231769681
2024-08-15 10:29:31,23400.0,400,Buy,231769694
2024-08-15 10:29:39,23400.0,100,Buy,231769905
2024-08-15 10:29:47,23400.0,200,Buy,231770015
2024-08-15 10:29:47,23400.0,200,Buy,231770016
2024-08-15 10:29:59,23350.0,200,Sell,231770207
2024-08-15 10:29:59,23350.0,100,Sell,231770206
2024-08-15 10:29:59,23350.0,500,Sell,231770208
2024-08-15 10:29:59,23350.0,100,Sell,231770204
2024-08-15 10:29:59,23350.0,200,Sell,231770203
2024-08-15 10:29:59,23350.0,100,Sell,231770205
2024-08-15 10:30:03,23400.0,200,Buy,231770276
2024-08-15 10:30:03,23400.0,200,Buy,231770275
2024-08-15 10:30:07,23400.0,300,Buy,231770377
2024-08-15 10:30:07,23400.0,1700,Buy,231770378
2024-08-15 10:30:14,23400.0,1000,Buy,231770502
2024-08-15 10:30:15,23350.0,500,Sell,231770530
2024-08-15 10:30:20,23400.0,400,Buy,231770602
2024-08-15 10:30:21,23350.0,1000,Sell,231770615
2024-08-15 10:30:26,23400.0,100,Buy,231770714
2024-08-15 10:30:27,23400.0,1000,Buy,231770738
2024-08-15 10:30:35,23400.0,400,Buy,231770861
2024-08-15 10:30:43,23400.0,2000,Buy,231771047
2024-08-15 10:30:48,23350.0,200,Sell,231771109
2024-08-15 10:30:50,23400.0,1000,Buy,231771134
2024-08-15 10:30:51,23400.0,400,Buy,231771141
2024-08-15 10:30:52,23400.0,100,Buy,231771156
2024-08-15 10:31:03,23350.0,400,Sell,231771345
2024-08-15 10:31:07,23400.0,400,Buy,231771401
2024-08-15 10:31:24,23400.0,400,Buy,231771714
2024-08-15 10:31:39,23400.0,400,Buy,231771946
2024-08-15 10:31:46,23400.0,500,Buy,231772033
2024-08-15 10:31:47,23400.0,200,Buy,231772049
2024-08-15 10:31:47,23400.0,200,Buy,231772050
2024-08-15 10:31:55,23400.0,300,Buy,231772188
2024-08-15 10:31:55,23400.0,100,Buy,231772189
2024-08-15 10:31:56,23400.0,1000,Buy,231772193
2024-08-15 10:32:12,23400.0,400,Buy,231772658
2024-08-15 10:32:13,23400.0,600,Buy,231772674
2024-08-15 10:32:13,23400.0,800,Buy,231772673
2024-08-15 10:32:24,23400.0,1400,Buy,231772837
2024-08-15 10:32:24,23400.0,500,Buy,231772838
2024-08-15 10:32:24,23400.0,500,Buy,231772839
2024-08-15 10:32:24,23400.0,2600,Buy,231772840
2024-08-15 10:32:24,23400.0,1000,Buy,231772846
2024-08-15 10:32:27,23400.0,400,Buy,231772896
2024-08-15 10:32:30,23350.0,1700,Sell,231772961
2024-08-15 10:32:30,23350.0,500,Sell,231772960
2024-08-15 10:32:30,23350.0,500,Sell,231772959
2024-08-15 10:32:30,23350.0,1000,Sell,231772958
2024-08-15 10:32:30,23350.0,1000,Sell,231772957
2024-08-15 10:32:30,23350.0,200,Sell,231772956
2024-08-15 10:32:30,23350.0,100,Sell,231772955
2024-08-15 10:32:30,23350.0,2000,Sell,231772954
2024-08-15 10:32:30,23350.0,300,Sell,231772949
2024-08-15 10:32:30,23350.0,200,Sell,231772952
2024-08-15 10:32:30,23350.0,100,Sell,231772951
2024-08-15 10:32:30,23350.0,500,Sell,231772950
2024-08-15 10:32:30,23350.0,100,Sell,231772948
2024-08-15 10:32:30,23350.0,100,Sell,231772947
2024-08-15 10:32:30,23350.0,200,Sell,231772946
2024-08-15 10:32:30,23350.0,100,Sell,231772945
2024-08-15 10:32:30,23350.0,1200,Sell,231772944
2024-08-15 10:32:30,23350.0,200,Sell,231772953
2024-08-15 10:32:36,23400.0,1000,Buy,231773054
2024-08-15 10:32:38,23400.0,100,Buy,231773081
2024-08-15 10:32:38,23400.0,1000,Buy,231773076
2024-08-15 10:32:38,23400.0,1000,Buy,231773075
2024-08-15 10:32:38,23400.0,800,Buy,231773077
2024-08-15 10:32:40,23350.0,300,Sell,231773100
2024-08-15 10:32:40,23350.0,400,Sell,231773101
2024-08-15 10:32:40,23350.0,500,Sell,231773105
2024-08-15 10:32:43,23400.0,400,Buy,231773148
2024-08-15 10:32:48,23400.0,200,Buy,231773237
2024-08-15 10:32:48,23400.0,800,Buy,231773238
2024-08-15 10:32:51,23400.0,200,Buy,231773271
2024-08-15 10:32:51,23400.0,300,Buy,231773272
2024-08-15 10:32:54,23400.0,300,Buy,231773325
2024-08-15 10:32:54,23400.0,200,Buy,231773326
2024-08-15 10:32:56,23400.0,1800,Buy,231773343
2024-08-15 10:32:56,23400.0,200,Buy,231773344
2024-08-15 10:32:59,23400.0,400,Buy,231773371
2024-08-15 10:33:00,23400.0,500,Buy,231773390
2024-08-15 10:33:00,23400.0,1400,Buy,231773389
2024-08-15 10:33:00,23400.0,100,Buy,231773391
2024-08-15 10:33:01,23400.0,100,Buy,231773416
2024-08-15 10:33:02,23400.0,500,Buy,231773424
2024-08-15 10:33:14,23400.0,400,Buy,231773598
2024-08-15 10:33:14,23400.0,1100,Buy,231773594
2024-08-15 10:33:14,23400.0,900,Buy,231773595
2024-08-15 10:33:17,23400.0,2000,Buy,231773629
2024-08-15 10:33:23,23400.0,200,Buy,231773692
2024-08-15 10:33:51,23400.0,500,Sell,231774167
2024-08-15 10:34:23,23400.0,300,Sell,231774622
2024-08-15 10:34:23,23400.0,100,Sell,231774623
2024-08-15 10:34:23,23400.0,200,Sell,231774624
2024-08-15 10:34:36,23400.0,500,Sell,231774795
2024-08-15 10:34:36,23400.0,100,Sell,231774794
2024-08-15 10:34:36,23400.0,5000,Sell,231774793
2024-08-15 10:34:36,23400.0,500,Sell,231774797
2024-08-15 10:34:36,23400.0,10000,Sell,231774791
2024-08-15 10:34:36,23400.0,5000,Sell,231774792
2024-08-15 10:34:36,23400.0,1400,Sell,231774789
2024-08-15 10:34:36,23400.0,400,Sell,231774796
2024-08-15 10:34:36,23400.0,1000,Sell,231774790
2024-08-15 10:34:37,23400.0,400,Buy,231774814
2024-08-15 10:34:44,23400.0,2000,Buy,231774992
2024-08-15 10:34:52,23400.0,400,Buy,231775119
2024-08-15 10:34:54,23400.0,100,Buy,231775145
2024-08-15 10:35:07,23350.0,100,Sell,231775417
2024-08-15 10:35:07,23350.0,1000,Sell,231775418
2024-08-15 10:35:07,23350.0,800,Sell,231775419
2024-08-15 10:35:07,23350.0,1100,Sell,231775416
2024-08-15 10:35:08,23400.0,400,Buy,231775431
2024-08-15 10:35:21,23400.0,1500,Buy,231775613
2024-08-15 10:35:23,23400.0,400,Buy,231775668
2024-08-15 10:35:24,23400.0,1000,Buy,231775676
2024-08-15 10:35:39,23400.0,400,Buy,231775877
2024-08-15 10:35:41,23400.0,3000,Buy,231775966
2024-08-15 10:35:47,23400.0,1000,Buy,231776044
2024-08-15 10:35:54,23400.0,400,Buy,231776182
2024-08-15 10:35:55,23400.0,500,Buy,231776194
2024-08-15 10:36:04,23350.0,4200,Sell,231776321
2024-08-15 10:36:04,23350.0,3300,Sell,231776322
2024-08-15 10:36:06,23400.0,400,Buy,231776364
2024-08-15 10:36:10,23400.0,400,Buy,231776413
2024-08-15 10:36:23,23400.0,500,Buy,231776559
2024-08-15 10:36:26,23400.0,400,Buy,231776609
2024-08-15 10:36:28,23400.0,100,Buy,231776627
2024-08-15 10:36:42,23400.0,100,Buy,231776844
2024-08-15 10:36:43,23400.0,400,Buy,231776858
2024-08-15 10:36:58,23400.0,400,Buy,231777042
2024-08-15 10:37:06,23400.0,500,Buy,231777147
2024-08-15 10:37:07,23400.0,200,Buy,231777169
2024-08-15 10:37:15,23400.0,400,Buy,231777268
2024-08-15 10:37:30,23400.0,400,Buy,231777477
2024-08-15 10:37:38,23400.0,400,Buy,231777597
2024-08-15 10:37:46,23400.0,400,Buy,231777732
2024-08-15 10:37:48,23400.0,1000,Buy,231777760
2024-08-15 10:37:55,23400.0,400,Buy,231777844
2024-08-15 10:38:01,23400.0,400,Buy,231777957
2024-08-15 10:38:02,23400.0,100,Buy,231777975
2024-08-15 10:38:11,23400.0,100,Buy,231778080
2024-08-15 10:38:17,23400.0,400,Buy,231778162
2024-08-15 10:38:18,23400.0,500,Buy,231778173
2024-08-15 10:38:32,23400.0,400,Buy,231778399
2024-08-15 10:38:48,23400.0,1100,Buy,231778584
2024-08-15 10:38:48,23400.0,5900,Buy,231778583
2024-08-15 10:38:48,23400.0,400,Buy,231778582
2024-08-15 10:38:50,23400.0,2700,Buy,231778620
2024-08-15 10:39:03,23400.0,400,Buy,231778760
2024-08-15 10:39:19,23400.0,200,Buy,231778929
2024-08-15 10:39:19,23400.0,400,Buy,231778921
2024-08-15 10:39:19,23400.0,1400,Buy,231778928
2024-08-15 10:39:31,23400.0,100,Buy,231779065
2024-08-15 10:39:34,23400.0,100,Buy,231779080
2024-08-15 10:39:34,23400.0,100,Buy,231779081
2024-08-15 10:39:34,23400.0,100,Buy,231779082
2024-08-15 10:39:34,23400.0,200,Buy,231779083
2024-08-15 10:39:50,23400.0,400,Buy,231779296
2024-08-15 10:39:54,23400.0,500,Buy,231779351
2024-08-15 10:40:04,23400.0,500,Buy,231779454
2024-08-15 10:40:05,23400.0,400,Buy,231779464
2024-08-15 10:40:14,23400.0,500,Buy,231779566
2024-08-15 10:40:21,23400.0,400,Buy,231779647
2024-08-15 10:40:28,23400.0,1000,Buy,231779768
2024-08-15 10:40:28,23400.0,1000,Buy,231779769
2024-08-15 10:40:28,23400.0,500,Buy,231779770
2024-08-15 10:40:28,23400.0,2000,Buy,231779771
2024-08-15 10:40:28,23400.0,100,Buy,231779772
2024-08-15 10:40:28,23400.0,100,Buy,231779773
2024-08-15 10:40:28,23400.0,400,Buy,231779774
2024-08-15 10:40:28,23400.0,600,Buy,231779775
2024-08-15 10:40:28,23400.0,100,Buy,231779767
2024-08-15 10:40:37,23400.0,400,Buy,231779926
2024-08-15 10:40:53,23400.0,400,Buy,231780151
2024-08-15 10:40:59,23400.0,500,Buy,231780215
2024-08-15 10:41:05,23400.0,500,Buy,231780283
2024-08-15 10:41:05,23400.0,100,Buy,231780281
2024-08-15 10:41:05,23400.0,300,Buy,231780282
2024-08-15 10:41:06,23400.0,300,Buy,231780323
2024-08-15 10:41:09,23400.0,400,Buy,231780355
2024-08-15 10:41:10,23400.0,500,Buy,231780373
2024-08-15 10:41:10,23400.0,300,Buy,231780376
2024-08-15 10:41:10,23400.0,100,Buy,231780377
2024-08-15 10:41:13,23400.0,100,Sell,231780413
2024-08-15 10:41:13,23400.0,500,Sell,231780414
2024-08-15 10:41:16,23400.0,100,Buy,231780465
2024-08-15 10:41:18,23400.0,1000,Buy,231780482
2024-08-15 10:41:22,23400.0,400,Buy,231780527
2024-08-15 10:41:38,23400.0,400,Buy,231780741
2024-08-15 10:41:54,23400.0,400,Buy,231780983
2024-08-15 10:42:10,23400.0,400,Buy,231781123
2024-08-15 10:42:25,23400.0,400,Buy,231781294
2024-08-15 10:42:26,23400.0,3000,Buy,231781311
2024-08-15 10:42:41,23400.0,400,Buy,231781466
2024-08-15 10:42:43,23400.0,500,Buy,231781485
2024-08-15 10:42:51,23400.0,200,Buy,231781624
2024-08-15 10:42:57,23400.0,400,Buy,231781744
2024-08-15 10:43:10,23400.0,200,Buy,231781881
2024-08-15 10:43:13,23400.0,400,Buy,231781926
2024-08-15 10:43:16,23400.0,200,Buy,231781948
2024-08-15 10:43:19,23400.0,100,Buy,231781984
2024-08-15 10:43:24,23400.0,200,Buy,231782027
2024-08-15 10:43:28,23400.0,400,Buy,231782098
2024-08-15 10:43:44,23400.0,400,Buy,231782269
2024-08-15 10:43:55,23400.0,500,Buy,231782458
2024-08-15 10:44:00,23400.0,400,Buy,231782531
2024-08-15 10:44:17,23400.0,400,Buy,231782731
2024-08-15 10:44:33,23400.0,400,Buy,231782906
2024-08-15 10:44:35,23400.0,2000,Buy,231782932
2024-08-15 10:44:49,23400.0,400,Buy,231783162
2024-08-15 10:45:04,23400.0,200,Buy,231783307
2024-08-15 10:45:06,23400.0,400,Buy,231783320
2024-08-15 10:45:21,23400.0,200,Buy,231783517
2024-08-15 10:45:21,23400.0,200,Buy,231783516
2024-08-15 10:45:36,23400.0,400,Buy,231783741
2024-08-15 10:45:46,23400.0,200,Buy,231783875
2024-08-15 10:45:52,23400.0,400,Buy,231783967
2024-08-15 10:46:00,23400.0,100,Buy,231784085
2024-08-15 10:46:01,23400.0,500,Buy,231784100
2024-08-15 10:46:04,23400.0,200,Buy,231784132
2024-08-15 10:46:08,23400.0,400,Buy,231784186
2024-08-15 10:46:14,23350.0,1000,Sell,231784274
2024-08-15 10:46:14,23350.0,100,Sell,231784275
2024-08-15 10:46:14,23350.0,100,Sell,231784272
2024-08-15 10:46:14,23350.0,1700,Sell,231784271
2024-08-15 10:46:14,23350.0,100,Sell,231784273
2024-08-15 10:46:23,23400.0,1000,Buy,231784386
2024-08-15 10:46:23,23400.0,100,Buy,231784387
2024-08-15 10:46:23,23400.0,700,Buy,231784388
2024-08-15 10:46:23,23400.0,2000,Buy,231784389
2024-08-15 10:46:23,23400.0,5000,Buy,231784390
2024-08-15 10:46:23,23400.0,100,Buy,231784391
2024-08-15 10:46:23,23400.0,4000,Buy,231784392
2024-08-15 10:46:23,23400.0,200,Buy,231784393
2024-08-15 10:46:23,23400.0,600,Buy,231784394
2024-08-15 10:46:23,23400.0,17600,Buy,231784385
2024-08-15 10:46:26,23400.0,100,Sell,231784462
2024-08-15 10:46:27,23400.0,100,Sell,231784492
2024-08-15 10:46:36,23400.0,500,Sell,231784569
2024-08-15 10:46:36,23400.0,400,Sell,231784567
2024-08-15 10:46:36,23400.0,68500,Sell,231784566
2024-08-15 10:46:36,23400.0,20000,Sell,231784568
2024-08-15 10:46:37,23400.0,400,Buy,231784573
2024-08-15 10:46:54,23400.0,400,Buy,231784741
2024-08-15 10:46:56,23350.0,2000,Sell,231784755
2024-08-15 10:47:01,23400.0,100,Buy,231784794
2024-08-15 10:47:09,23400.0,400,Buy,231784885
2024-08-15 10:47:10,23400.0,3000,Buy,231784895
2024-08-15 10:47:15,23400.0,500,Buy,231784922
2024-08-15 10:47:25,23400.0,400,Buy,231785076
2024-08-15 10:47:32,23400.0,5000,Buy,231785153
2024-08-15 10:47:36,23400.0,300,Buy,231785222
2024-08-15 10:47:38,23400.0,100,Buy,231785234
2024-08-15 10:47:41,23400.0,400,Buy,231785283
2024-08-15 10:47:50,23400.0,1600,Buy,231785364
2024-08-15 10:47:50,23400.0,500,Buy,231785365
2024-08-15 10:47:59,23400.0,200,Sell,231785451
2024-08-15 10:48:01,23400.0,7700,Sell,231785463
2024-08-15 10:48:01,23400.0,100,Sell,231785464
2024-08-15 10:48:01,23400.0,5000,Sell,231785465
2024-08-15 10:48:01,23400.0,5000,Sell,231785466
2024-08-15 10:48:02,23400.0,400,Buy,231785478
2024-08-15 10:48:18,23400.0,400,Buy,231785715
2024-08-15 10:48:34,23400.0,400,Buy,231785905
2024-08-15 10:48:43,23400.0,5000,Buy,231785994
2024-08-15 10:48:46,23400.0,1000,Buy,231786037
2024-08-15 10:48:50,23400.0,400,Buy,231786056
2024-08-15 10:49:05,23400.0,400,Buy,231786186
2024-08-15 10:49:21,23400.0,400,Buy,231786333
2024-08-15 10:49:37,23400.0,400,Buy,231786476
2024-08-15 10:49:42,23400.0,100,Buy,231786512
2024-08-15 10:49:52,23400.0,400,Buy,231786604
2024-08-15 10:50:06,23400.0,8100,Buy,231786821
2024-08-15 10:50:06,23400.0,5000,Buy,231786822
2024-08-15 10:50:08,23400.0,400,Buy,231786855
2024-08-15 10:50:23,23400.0,400,Buy,231787040
2024-08-15 10:50:39,23400.0,100,Buy,231787243
2024-08-15 10:50:39,23400.0,400,Buy,231787244
2024-08-15 10:50:44,23350.0,2600,Sell,231787287
2024-08-15 10:50:55,23400.0,400,Buy,231787468
2024-08-15 10:51:10,23400.0,400,Buy,231787650
2024-08-15 10:51:14,23400.0,100,Buy,231787693
2024-08-15 10:51:14,23400.0,100,Buy,231787695
2024-08-15 10:51:14,23400.0,100,Buy,231787691
2024-08-15 10:51:14,23400.0,7700,Buy,231787690
2024-08-15 10:51:14,23400.0,1000,Buy,231787692
2024-08-15 10:51:14,23400.0,1000,Buy,231787694
2024-08-15 10:51:25,23400.0,300,Buy,231787938
2024-08-15 10:51:25,23400.0,100,Buy,231787939
2024-08-15 10:51:26,23400.0,200,Buy,231787953
2024-08-15 10:51:26,23400.0,500,Buy,231787954
2024-08-15 10:51:26,23400.0,600,Buy,231787955
2024-08-15 10:51:26,23400.0,2500,Buy,231787956
2024-08-15 10:51:26,23400.0,500,Buy,231787957
2024-08-15 10:51:37,23400.0,500,Sell,231788080
2024-08-15 10:51:42,23450.0,100,Buy,231788131
2024-08-15 10:52:00,23400.0,200,Sell,231788343
2024-08-15 10:52:31,23400.0,400,Sell,231788783
2024-08-15 10:52:31,23400.0,400,Sell,231788784
2024-08-15 10:52:31,23400.0,1000,Sell,231788782
2024-08-15 10:52:31,23400.0,5000,Sell,231788780
2024-08-15 10:52:31,23400.0,8000,Sell,231788781
2024-08-15 10:52:31,23400.0,200,Sell,231788779
2024-08-15 10:52:37,23400.0,100,Sell,231788881
2024-08-15 10:52:37,23400.0,400,Buy,231788884
2024-08-15 10:52:53,23400.0,400,Buy,231789126
2024-08-15 10:52:53,23400.0,100,Buy,231789127
2024-08-15 10:53:02,23400.0,900,Sell,231789256
2024-08-15 10:53:02,23400.0,5000,Sell,231789257
2024-08-15 10:53:02,23350.0,5300,Sell,231789258
2024-08-15 10:53:02,23350.0,200,Sell,231789259
2024-08-15 10:53:02,23350.0,200,Sell,231789260
2024-08-15 10:53:02,23350.0,3400,Sell,231789261
2024-08-15 10:53:19,23450.0,100,Buy,231789499
2024-08-15 10:54:12,23450.0,1000,Buy,231790132
2024-08-15 10:55:28,23400.0,100,Sell,231791264
2024-08-15 10:55:39,23400.0,100,Sell,231791396
2024-08-15 10:55:39,23400.0,900,Sell,231791395
2024-08-15 10:55:44,23400.0,2000,Sell,231791451
2024-08-15 10:55:45,23400.0,1000,Sell,231791452
2024-08-15 10:55:45,23400.0,200,Sell,231791453
2024-08-15 10:55:45,23400.0,400,Buy,231791465
2024-08-15 10:56:01,23400.0,400,Buy,231791699
2024-08-15 10:56:15,23400.0,500,Buy,231791862
2024-08-15 10:56:15,23400.0,100,Buy,231791863
2024-08-15 10:56:28,23400.0,400,Sell,231792047
2024-08-15 10:56:29,23400.0,400,Buy,231792066
2024-08-15 10:56:31,23400.0,1000,Buy,231792117
2024-08-15 10:56:45,23400.0,400,Buy,231792373
2024-08-15 10:56:50,23400.0,7800,Buy,231792488
2024-08-15 10:56:50,23400.0,2200,Buy,231792489
2024-08-15 10:57:00,23400.0,400,Buy,231792632
2024-08-15 10:57:13,23400.0,1000,Buy,231792774
2024-08-15 10:57:17,23400.0,400,Buy,231792829
2024-08-15 10:57:28,23400.0,1000,Buy,231793005
2024-08-15 10:57:32,23400.0,400,Buy,231793038
2024-08-15 10:57:47,23400.0,400,Buy,231793313
2024-08-15 10:58:03,23400.0,400,Buy,231793556
2024-08-15 10:58:09,23400.0,2000,Buy,231793620
2024-08-15 10:58:09,23400.0,2000,Buy,231793621
2024-08-15 10:58:10,23400.0,500,Sell,231793629
2024-08-15 10:58:30,23400.0,100,Sell,231793903
2024-08-15 10:58:45,23450.0,1000,Buy,231794216
2024-08-15 10:58:49,23400.0,200,Sell,231794315
2024-08-15 10:59:25,23400.0,2000,Sell,231794864
2024-08-15 10:59:25,23400.0,200,Sell,231794866
2024-08-15 10:59:25,23400.0,400,Sell,231794855
2024-08-15 10:59:25,23400.0,9600,Sell,231794863
2024-08-15 10:59:25,23400.0,200,Sell,231794865
2024-08-15 10:59:25,23400.0,200,Sell,231794854
2024-08-15 10:59:26,23400.0,400,Buy,231794889
2024-08-15 10:59:26,23400.0,200,Buy,231794893
2024-08-15 10:59:42,23400.0,400,Buy,231795135
2024-08-15 10:59:58,23400.0,400,Buy,231795387
2024-08-15 11:00:06,23400.0,2000,Buy,231795514
2024-08-15 11:00:14,23400.0,400,Buy,231795602
2024-08-15 11:00:29,23400.0,400,Buy,231795758
2024-08-15 11:00:45,23400.0,400,Buy,231795939
2024-08-15 11:01:00,23400.0,400,Buy,231796188
2024-08-15 11:01:15,23400.0,400,Buy,231796397
2024-08-15 11:01:31,23400.0,1000,Buy,231796615
2024-08-15 11:01:32,23400.0,400,Buy,231796619
2024-08-15 11:01:47,23400.0,400,Buy,231796856
2024-08-15 11:02:04,23400.0,400,Buy,231797158
2024-08-15 11:02:18,23400.0,200,Buy,231797402
2024-08-15 11:02:20,23400.0,200,Buy,231797426
2024-08-15 11:02:20,23400.0,200,Buy,231797427
2024-08-15 11:02:35,23400.0,700,Buy,231797660
2024-08-15 11:02:36,23400.0,400,Buy,231797668
2024-08-15 11:02:51,23400.0,400,Buy,231797865
2024-08-15 11:03:01,23350.0,1000,Sell,231798035
2024-08-15 11:03:07,23400.0,200,Buy,231798227
2024-08-15 11:03:07,23400.0,200,Buy,231798228
2024-08-15 11:03:23,23400.0,200,Buy,231798558
2024-08-15 11:03:23,23400.0,200,Buy,231798559
2024-08-15 11:03:38,23400.0,400,Buy,231798977
2024-08-15 11:03:40,23350.0,38800,Sell,231799005
2024-08-15 11:03:40,23350.0,1000,Sell,231799002
2024-08-15 11:03:40,23350.0,1000,Sell,231799004
2024-08-15 11:03:40,23350.0,100,Sell,231799003
2024-08-15 11:03:40,23350.0,400,Sell,231799000
2024-08-15 11:03:40,23350.0,5600,Sell,231798999
2024-08-15 11:03:40,23350.0,100,Sell,231799001
2024-08-15 11:03:54,23400.0,400,Buy,231799217
2024-08-15 11:04:09,23400.0,2400,Buy,231799449
2024-08-15 11:04:09,23400.0,100,Buy,231799450
2024-08-15 11:04:10,23400.0,400,Buy,231799461
2024-08-15 11:04:26,23400.0,400,Buy,231799630
2024-08-15 11:04:42,23400.0,400,Buy,231799876
2024-08-15 11:04:59,23400.0,400,Buy,231800380
2024-08-15 11:05:04,23400.0,100,Buy,231800456
2024-08-15 11:05:13,23400.0,200,Buy,231800586
2024-08-15 11:05:14,23400.0,400,Buy,231800601
2024-08-15 11:05:30,23400.0,400,Buy,231800905
2024-08-15 11:05:43,23400.0,300,Buy,231801080
2024-08-15 11:05:46,23400.0,400,Buy,231801110
2024-08-15 11:05:47,23400.0,1000,Buy,231801145
2024-08-15 11:05:47,23350.0,100,Sell,231801139
2024-08-15 11:06:01,23400.0,400,Buy,231801347
2024-08-15 11:06:16,23400.0,2000,Buy,231801532
2024-08-15 11:06:17,23400.0,400,Buy,231801561
2024-08-15 11:06:32,23400.0,400,Buy,231801733
2024-08-15 11:06:42,23400.0,200,Buy,231801868
2024-08-15 11:06:48,23400.0,400,Buy,231801953
2024-08-15 11:06:50,23350.0,10600,Sell,231801969
2024-08-15 11:07:04,23400.0,400,Buy,231802246
2024-08-15 11:07:14,23350.0,300,Sell,231802353
2024-08-15 11:07:20,23400.0,400,Buy,231802414
2024-08-15 11:07:35,23400.0,400,Buy,231802622
2024-08-15 11:07:49,23350.0,200,Sell,231802812
2024-08-15 11:07:49,23350.0,100,Sell,231802813
2024-08-15 11:07:49,23350.0,400,Sell,231802814
2024-08-15 11:07:50,23400.0,400,Buy,231802827
2024-08-15 11:08:06,23400.0,300,Buy,231803101
2024-08-15 11:08:06,23400.0,100,Buy,231803100
2024-08-15 11:08:22,23400.0,400,Buy,231803396
2024-08-15 11:08:38,23400.0,400,Buy,231803622
2024-08-15 11:08:41,23400.0,100,Buy,231803642
2024-08-15 11:08:46,23350.0,1000,Sell,231803691
2024-08-15 11:08:53,23350.0,3000,Sell,231803766
2024-08-15 11:08:54,23400.0,400,Buy,231803777
2024-08-15 11:09:03,23350.0,600,Sell,231803957
2024-08-15 11:09:03,23350.0,500,Sell,231803958
2024-08-15 11:09:03,23350.0,100,Sell,231803959
2024-08-15 11:09:03,23350.0,100,Sell,231803960
2024-08-15 11:09:03,23350.0,500,Sell,231803961
2024-08-15 11:09:03,23350.0,200,Sell,231803962
2024-08-15 11:09:03,23350.0,100,Sell,231803963
2024-08-15 11:09:03,23350.0,200,Sell,231803964
2024-08-15 11:09:03,23350.0,47700,Sell,231803965
2024-08-15 11:09:10,23400.0,400,Buy,231804111
2024-08-15 11:09:25,23400.0,400,Buy,231804305
2024-08-15 11:09:35,23400.0,100,Buy,231804413
2024-08-15 11:09:40,23400.0,400,Buy,231804465
2024-08-15 11:09:56,23400.0,400,Buy,231804624
2024-08-15 11:09:58,23400.0,100,Buy,231804749
2024-08-15 11:10:12,23400.0,400,Buy,231804962
2024-08-15 11:10:26,23350.0,2300,Sell,231805167
2024-08-15 11:10:26,23350.0,1000,Sell,231805168
2024-08-15 11:10:26,23350.0,300,Sell,231805169
2024-08-15 11:10:26,23350.0,1000,Sell,231805170
2024-08-15 11:10:26,23350.0,5000,Sell,231805171
2024-08-15 11:10:26,23350.0,400,Sell,231805172
2024-08-15 11:10:27,23400.0,200,Buy,231805190
2024-08-15 11:10:27,23400.0,200,Buy,231805191
2024-08-15 11:10:43,23400.0,400,Buy,231805403
2024-08-15 11:10:58,23400.0,400,Buy,231805566
2024-08-15 11:11:13,23400.0,400,Buy,231805695
2024-08-15 11:11:22,23350.0,1000,Sell,231805827
2024-08-15 11:11:22,23350.0,200,Sell,231805826
2024-08-15 11:11:22,23350.0,500,Sell,231805825
2024-08-15 11:11:22,23350.0,500,Sell,231805824
2024-08-15 11:11:22,23350.0,2000,Sell,231805823
2024-08-15 11:11:22,23350.0,100,Sell,231805813
2024-08-15 11:11:22,23350.0,200,Sell,231805820
2024-08-15 11:11:22,23350.0,20000,Sell,231805819
2024-08-15 11:11:22,23350.0,2000,Sell,231805818
2024-08-15 11:11:22,23350.0,200,Sell,231805817
2024-08-15 11:11:22,23350.0,200,Sell,231805816
2024-08-15 11:11:22,23350.0,1300,Sell,231805815
2024-08-15 11:11:22,23350.0,1300,Sell,231805814
2024-08-15 11:11:22,23350.0,4900,Sell,231805828
2024-08-15 11:11:22,23350.0,200,Sell,231805812
2024-08-15 11:11:22,23350.0,300,Sell,231805802
2024-08-15 11:11:22,23350.0,1000,Sell,231805810
2024-08-15 11:11:22,23350.0,100,Sell,231805796
2024-08-15 11:11:22,23350.0,200,Sell,231805797
2024-08-15 11:11:22,23350.0,100,Sell,231805798
2024-08-15 11:11:22,23350.0,6000,Sell,231805800
2024-08-15 11:11:22,23350.0,100,Sell,231805801
2024-08-15 11:11:22,23350.0,3000,Sell,231805803
2024-08-15 11:11:22,23350.0,200,Sell,231805799
2024-08-15 11:11:22,23350.0,500,Sell,231805805
2024-08-15 11:11:22,23350.0,100,Sell,231805806
2024-08-15 11:11:22,23350.0,1000,Sell,231805807
2024-08-15 11:11:22,23350.0,500,Sell,231805808
2024-08-15 11:11:22,23350.0,100,Sell,231805809
2024-08-15 11:11:22,23350.0,2000,Sell,231805804
2024-08-15 11:11:22,23350.0,200,Sell,231805811
2024-08-15 11:11:29,23400.0,400,Buy,231805872
2024-08-15 11:11:39,23350.0,3700,Sell,231805993
2024-08-15 11:11:45,23400.0,400,Buy,231806081
2024-08-15 11:12:01,23400.0,400,Buy,231806343
2024-08-15 11:12:14,23350.0,3000,Sell,231806515
2024-08-15 11:12:14,23400.0,1500,Buy,231806514
2024-08-15 11:12:17,23400.0,100,Buy,231806528
2024-08-15 11:12:18,23400.0,400,Buy,231806536
2024-08-15 11:12:29,23350.0,400,Sell,231806673
2024-08-15 11:12:33,23400.0,400,Buy,231806734
2024-08-15 11:12:34,23350.0,200,Sell,231806785
2024-08-15 11:12:34,23350.0,100,Sell,231806786
2024-08-15 11:12:34,23350.0,300,Sell,231806787
2024-08-15 11:12:34,23350.0,300,Sell,231806788
2024-08-15 11:12:34,23350.0,100,Sell,231806789
2024-08-15 11:12:34,23350.0,2000,Sell,231806790
2024-08-15 11:12:34,23350.0,200,Sell,231806791
2024-08-15 11:12:34,23350.0,2000,Sell,231806792
2024-08-15 11:12:34,23350.0,100,Sell,231806794
2024-08-15 11:12:34,23350.0,100,Sell,231806795
2024-08-15 11:12:34,23350.0,1000,Sell,231806796
2024-08-15 11:12:34,23350.0,600,Sell,231806797
2024-08-15 11:12:34,23350.0,14800,Sell,231806784
2024-08-15 11:12:34,23350.0,2000,Sell,231806799
2024-08-15 11:12:34,23350.0,1000,Sell,231806793
2024-08-15 11:12:34,23350.0,100,Sell,231806783
2024-08-15 11:12:34,23350.0,5000,Sell,231806798
2024-08-15 11:12:34,23350.0,1000,Sell,231806781
2024-08-15 11:12:34,23350.0,1000,Sell,231806782
2024-08-15 11:12:34,23350.0,46400,Sell,231806766
2024-08-15 11:12:34,23350.0,200,Sell,231806767
2024-08-15 11:12:34,23350.0,500,Sell,231806769
2024-08-15 11:12:34,23350.0,200,Sell,231806770
2024-08-15 11:12:34,23350.0,100,Sell,231806771
2024-08-15 11:12:34,23350.0,100,Sell,231806772
2024-08-15 11:12:34,23350.0,300,Sell,231806768
2024-08-15 11:12:34,23350.0,100,Sell,231806774
2024-08-15 11:12:34,23350.0,500,Sell,231806775
2024-08-15 11:12:34,23350.0,1000,Sell,231806776
2024-08-15 11:12:34,23350.0,2000,Sell,231806777
2024-08-15 11:12:34,23350.0,200,Sell,231806778
2024-08-15 11:12:34,23350.0,500,Sell,231806779
2024-08-15 11:12:34,23350.0,800,Sell,231806773
2024-08-15 11:12:34,23350.0,100,Sell,231806780
2024-08-15 11:12:35,23300.0,400,Sell,231806873
2024-08-15 11:12:35,23300.0,1000,Sell,231806874
2024-08-15 11:12:35,23300.0,5000,Sell,231806875
2024-08-15 11:12:35,23300.0,5000,Sell,231806876
2024-08-15 11:12:35,23300.0,100,Sell,231806879
2024-08-15 11:12:35,23300.0,1000,Sell,231806878
2024-08-15 11:12:35,23300.0,100,Sell,231806880
2024-08-15 11:12:35,23300.0,100,Sell,231806881
2024-08-15 11:12:35,23300.0,5000,Sell,231806872
2024-08-15 11:12:35,23300.0,100,Sell,231806877
2024-08-15 11:12:35,23300.0,100,Sell,231806858
2024-08-15 11:12:35,23300.0,3000,Sell,231806864
2024-08-15 11:12:35,23300.0,100,Sell,231806870
2024-08-15 11:12:35,23300.0,2000,Sell,231806869
2024-08-15 11:12:35,23300.0,1000,Sell,231806868
2024-08-15 11:12:35,23300.0,1000,Sell,231806867
2024-08-15 11:12:35,23300.0,100,Sell,231806866
2024-08-15 11:12:35,23300.0,100,Sell,231806865
2024-08-15 11:12:35,23300.0,200,Sell,231806882
2024-08-15 11:12:35,23300.0,800,Sell,231806863
2024-08-15 11:12:35,23300.0,5000,Sell,231806862
2024-08-15 11:12:35,23300.0,500,Sell,231806861
2024-08-15 11:12:35,23300.0,500,Sell,231806860
2024-08-15 11:12:35,23300.0,1000,Sell,231806859
2024-08-15 11:12:35,23300.0,200,Sell,231806871
2024-08-15 11:12:35,23300.0,1000,Sell,231806883
2024-08-15 11:12:35,23300.0,500,Sell,231806892
2024-08-15 11:12:35,23300.0,10000,Sell,231806885
2024-08-15 11:12:35,23300.0,216800,Sell,231806911
2024-08-15 11:12:35,23300.0,1000,Sell,231806910
2024-08-15 11:12:35,23300.0,600,Sell,231806909
2024-08-15 11:12:35,23300.0,2000,Sell,231806908
2024-08-15 11:12:35,23300.0,3000,Sell,231806907
2024-08-15 11:12:35,23300.0,5000,Sell,231806906
2024-08-15 11:12:35,23300.0,2000,Sell,231806905
2024-08-15 11:12:35,23300.0,100,Sell,231806904
2024-08-15 11:12:35,23300.0,1000,Sell,231806903
2024-08-15 11:12:35,23300.0,500,Sell,231806902
2024-08-15 11:12:35,23300.0,2100,Sell,231806901
2024-08-15 11:12:35,23300.0,100,Sell,231806900
2024-08-15 11:12:35,23300.0,100,Sell,231806899
2024-08-15 11:12:35,23300.0,200,Sell,231806898
2024-08-15 11:12:35,23300.0,200,Sell,231806897
2024-08-15 11:12:35,23300.0,2000,Sell,231806896
2024-08-15 11:12:35,23300.0,100,Sell,231806895
2024-08-15 11:12:35,23300.0,200,Sell,231806894
2024-08-15 11:12:35,23300.0,200,Sell,231806893
2024-08-15 11:12:35,23300.0,200,Sell,231806891
2024-08-15 11:12:35,23300.0,400,Sell,231806890
2024-08-15 11:12:35,23300.0,200,Sell,231806889
2024-08-15 11:12:35,23300.0,100,Sell,231806888
2024-08-15 11:12:35,23300.0,100,Sell,231806887
2024-08-15 11:12:35,23300.0,100,Sell,231806886
2024-08-15 11:12:35,23300.0,100,Sell,231806884
2024-08-15 11:12:35,23300.0,100,Sell,231806857
2024-08-15 11:12:35,23300.0,100,Sell,231806840
2024-08-15 11:12:35,23300.0,300,Sell,231806855
2024-08-15 11:12:35,23300.0,100,Sell,231806823
2024-08-15 11:12:35,23300.0,200,Sell,231806822
2024-08-15 11:12:35,23300.0,1000,Sell,231806821
2024-08-15 11:12:35,23300.0,2000,Sell,231806820
2024-08-15 11:12:35,23300.0,100,Sell,231806819
2024-08-15 11:12:35,23300.0,100,Sell,231806818
2024-08-15 11:12:35,23300.0,200,Sell,231806817
2024-08-15 11:12:35,23300.0,300,Sell,231806816
2024-08-15 11:12:35,23300.0,100,Sell,231806815
2024-08-15 11:12:35,23300.0,3000,Sell,231806814
2024-08-15 11:12:35,23300.0,400,Sell,231806813
2024-08-15 11:12:35,23300.0,100,Sell,231806812
2024-08-15 11:12:35,23300.0,1000,Sell,231806811
2024-08-15 11:12:35,23350.0,100,Sell,231806810
2024-08-15 11:12:35,23350.0,100,Sell,231806809
2024-08-15 11:12:35,23350.0,200,Sell,231806808
2024-08-15 11:12:35,23350.0,6500,Sell,231806807
2024-08-15 11:12:35,23350.0,100,Sell,231806806
2024-08-15 11:12:35,23350.0,1000,Sell,231806805
2024-08-15 11:12:35,23350.0,1200,Sell,231806804
2024-08-15 11:12:35,23350.0,18800,Sell,231806803
2024-08-15 11:12:35,23350.0,2000,Sell,231806802
2024-08-15 11:12:35,23350.0,100,Sell,231806801
2024-08-15 11:12:35,23350.0,5000,Sell,231806800
2024-08-15 11:12:35,23300.0,500,Sell,231806856
2024-08-15 11:12:35,23300.0,100,Sell,231806824
2024-08-15 11:12:35,23300.0,100,Sell,231806825
2024-08-15 11:12:35,23300.0,1000,Sell,231806838
2024-08-15 11:12:35,23300.0,2000,Sell,231806827
2024-08-15 11:12:35,23300.0,2000,Sell,231806853
2024-08-15 11:12:35,23300.0,100,Sell,231806852
2024-08-15 11:12:35,23300.0,100,Sell,231806851
2024-08-15 11:12:35,23300.0,300,Sell,231806850
2024-08-15 11:12:35,23300.0,100,Sell,231806849
2024-08-15 11:12:35,23300.0,100,Sell,231806848
2024-08-15 11:12:35,23300.0,100,Sell,231806847
2024-08-15 11:12:35,23300.0,100,Sell,231806846
2024-08-15 11:12:35,23300.0,100,Sell,231806845
2024-08-15 11:12:35,23300.0,500,Sell,231806844
2024-08-15 11:12:35,23300.0,10000,Sell,231806843
2024-08-15 11:12:35,23300.0,100,Sell,231806842
2024-08-15 11:12:35,23300.0,500,Sell,231806854
2024-08-15 11:12:35,23300.0,100,Sell,231806839
2024-08-15 11:12:35,23300.0,5000,Sell,231806828
2024-08-15 11:12:35,23300.0,500,Sell,231806829
2024-08-15 11:12:35,23300.0,100,Sell,231806830
2024-08-15 11:12:35,23300.0,100,Sell,231806832
2024-08-15 11:12:35,23300.0,200,Sell,231806833
2024-08-15 11:12:35,23300.0,400,Sell,231806831
2024-08-15 11:12:35,23300.0,2000,Sell,231806835
2024-08-15 11:12:35,23300.0,200,Sell,231806836
2024-08-15 11:12:35,23300.0,1000,Sell,231806837
2024-08-15 11:12:35,23300.0,100,Sell,231806826
2024-08-15 11:12:35,23300.0,100,Sell,231806834
2024-08-15 11:12:35,23300.0,10000,Sell,231806841
2024-08-15 11:12:36,23300.0,500,Sell,231806918
2024-08-15 11:12:49,23350.0,400,Buy,231807076
2024-08-15 11:12:57,23350.0,100,Buy,231807185
2024-08-15 11:13:04,23350.0,1000,Buy,231807328
2024-08-15 11:13:06,23350.0,400,Buy,231807353
2024-08-15 11:13:09,23300.0,200,Sell,231807446
2024-08-15 11:13:09,23350.0,100,Buy,231807444
2024-08-15 11:13:11,23350.0,200,Buy,231807473
2024-08-15 11:13:12,23350.0,300,Buy,231807479
2024-08-15 11:13:12,23350.0,1000,Buy,231807480
2024-08-15 11:13:17,23350.0,3700,Sell,231807545
2024-08-15 11:13:17,23350.0,2000,Sell,231807546
2024-08-15 11:13:20,23350.0,6000,Buy,231807589
2024-08-15 11:13:22,23350.0,400,Buy,231807610
2024-08-15 11:13:28,23300.0,4000,Sell,231807718
2024-08-15 11:13:37,23350.0,400,Buy,231807821
2024-08-15 11:13:49,23350.0,200,Buy,231807968
2024-08-15 11:13:52,23350.0,400,Buy,231808018
2024-08-15 11:13:54,23350.0,100,Buy,231808096
2024-08-15 11:13:57,23350.0,100,Buy,231808209
2024-08-15 11:14:02,23350.0,100,Buy,231808251
2024-08-15 11:14:03,23350.0,400,Buy,231808296
2024-08-15 11:14:08,23350.0,400,Buy,231808395
2024-08-15 11:14:24,23350.0,400,Buy,231808543
2024-08-15 11:14:26,23350.0,1000,Buy,231808569
2024-08-15 11:14:26,23350.0,100,Buy,231808565
2024-08-15 11:14:26,23350.0,400,Buy,231808564
2024-08-15 11:14:31,23350.0,500,Buy,231808627
2024-08-15 11:14:32,23350.0,4400,Buy,231808662
2024-08-15 11:14:32,23350.0,2600,Buy,231808663
2024-08-15 11:14:35,23350.0,100,Buy,231808704
2024-08-15 11:14:40,23350.0,400,Buy,231808850
2024-08-15 11:14:54,23300.0,20000,Sell,231809025
2024-08-15 11:14:56,23350.0,400,Buy,231809058
2024-08-15 11:14:58,23350.0,2400,Buy,231809090
2024-08-15 11:14:58,23350.0,500,Buy,231809089
2024-08-15 11:14:58,23350.0,500,Buy,231809086
2024-08-15 11:14:58,23350.0,600,Buy,231809087
2024-08-15 11:14:58,23350.0,1000,Buy,231809088
2024-08-15 11:15:02,23350.0,500,Buy,231809115
2024-08-15 11:15:12,23350.0,400,Buy,231809222
2024-08-15 11:15:14,23350.0,700,Buy,231809240
2024-08-15 11:15:14,23350.0,1000,Buy,231809241
2024-08-15 11:15:14,23350.0,300,Buy,231809242
2024-08-15 11:15:20,23350.0,500,Buy,231809284
2024-08-15 11:15:28,23350.0,400,Buy,231809363
2024-08-15 11:15:30,23350.0,300,Buy,231809400
2024-08-15 11:15:31,23350.0,400,Buy,231809417
2024-08-15 11:15:32,23350.0,2300,Buy,231809449
2024-08-15 11:15:32,23350.0,1000,Buy,231809450
2024-08-15 11:15:32,23350.0,2700,Buy,231809451
2024-08-15 11:15:44,23350.0,400,Buy,231809619
2024-08-15 11:15:58,23350.0,500,Buy,231809850
2024-08-15 11:16:00,23350.0,400,Buy,231809875
2024-08-15 11:16:03,23350.0,100,Buy,231809910
2024-08-15 11:16:09,23350.0,200,Buy,231810007
2024-08-15 11:16:16,23350.0,400,Buy,231810105
2024-08-15 11:16:31,23350.0,400,Buy,231810398
2024-08-15 11:16:35,23350.0,4900,Buy,231810595
2024-08-15 11:16:35,23350.0,100,Buy,231810596
2024-08-15 11:16:39,23350.0,4000,Buy,231810664
2024-08-15 11:16:39,23350.0,300,Buy,231810663
2024-08-15 11:16:39,23350.0,1000,Buy,231810665
2024-08-15 11:16:39,23350.0,4800,Buy,231810661
2024-08-15 11:16:39,23350.0,100,Buy,231810650
2024-08-15 11:16:39,23350.0,1000,Buy,231810662
2024-08-15 11:16:44,23350.0,1000,Sell,231810714
2024-08-15 11:16:47,23400.0,400,Buy,231810813
2024-08-15 11:16:53,23350.0,700,Sell,231810919
2024-08-15 11:16:58,23350.0,2000,Sell,231810995
2024-08-15 11:17:03,23400.0,400,Buy,231811040
2024-08-15 11:17:18,23350.0,5200,Sell,231811680
2024-08-15 11:17:18,23350.0,5000,Sell,231811681
2024-08-15 11:17:18,23350.0,400,Sell,231811682
2024-08-15 11:17:18,23350.0,500,Sell,231811683
2024-08-15 11:17:18,23350.0,5000,Sell,231811684
2024-08-15 11:17:19,23350.0,400,Buy,231811810
2024-08-15 11:17:35,23350.0,400,Buy,231812253
2024-08-15 11:17:50,23350.0,400,Buy,231812562
2024-08-15 11:18:06,23350.0,400,Buy,231812811
2024-08-15 11:18:22,23350.0,400,Buy,231813035
2024-08-15 11:18:31,23350.0,200,Buy,231813170
2024-08-15 11:18:38,23350.0,400,Buy,231813320
2024-08-15 11:18:40,23350.0,1000,Buy,231813457
2024-08-15 11:18:50,23350.0,1000,Buy,231813695
2024-08-15 11:18:54,23350.0,400,Buy,231813736
2024-08-15 11:18:57,23350.0,8100,Buy,231813767
2024-08-15 11:18:58,23350.0,100,Buy,231813805
2024-08-15 11:19:09,23350.0,500,Buy,231814000
2024-08-15 11:19:10,23350.0,400,Buy,231814006
2024-08-15 11:19:15,23350.0,2000,Buy,231814135
2024-08-15 11:19:19,23350.0,100,Buy,231814203
2024-08-15 11:19:25,23350.0,400,Buy,231814311
2024-08-15 11:19:34,23350.0,200,Buy,231814428
2024-08-15 11:19:41,23350.0,400,Buy,231814582
2024-08-15 11:19:57,23350.0,400,Buy,231814958
2024-08-15 11:19:58,23350.0,6000,Buy,231814974
2024-08-15 11:20:11,23350.0,100,Buy,231815272
2024-08-15 11:20:13,23350.0,200,Buy,231815283
2024-08-15 11:20:13,23350.0,200,Buy,231815284
2024-08-15 11:20:13,23350.0,300,Buy,231815285
2024-08-15 11:20:13,23350.0,800,Buy,231815286
2024-08-15 11:20:14,23350.0,100,Buy,231815295
2024-08-15 11:20:29,23350.0,300,Buy,231815658
2024-08-15 11:20:29,23350.0,100,Buy,231815657
2024-08-15 11:20:37,23350.0,300,Buy,231815771
2024-08-15 11:20:45,23350.0,400,Buy,231815872
2024-08-15 11:20:58,23350.0,1000,Buy,231816077
2024-08-15 11:21:00,23350.0,400,Buy,231816161
2024-08-15 11:21:15,23350.0,400,Buy,231816621
2024-08-15 11:21:17,23350.0,1000,Buy,231816655
2024-08-15 11:21:25,23350.0,700,Buy,231816769
2024-08-15 11:21:27,23350.0,5500,Buy,231816806
2024-08-15 11:21:27,23350.0,200,Buy,231816807
2024-08-15 11:21:27,23350.0,3000,Buy,231816808
2024-08-15 11:21:27,23350.0,300,Buy,231816809
2024-08-15 11:21:32,23350.0,400,Buy,231816902
2024-08-15 11:21:43,23300.0,3000,Sell,231817102
2024-08-15 11:21:48,23350.0,400,Buy,231817206
2024-08-15 11:21:58,23350.0,100,Buy,231817423
2024-08-15 11:21:58,23300.0,5000,Sell,231817424
2024-08-15 11:22:04,23350.0,400,Buy,231817553
2024-08-15 11:22:04,23350.0,8400,Buy,231817554
2024-08-15 11:22:04,23350.0,100,Buy,231817555
2024-08-15 11:22:09,23350.0,1500,Buy,231817621
2024-08-15 11:22:09,23350.0,300,Buy,231817622
2024-08-15 11:22:14,23350.0,2000,Sell,231817741
2024-08-15 11:22:20,23400.0,400,Buy,231817888
2024-08-15 11:22:36,23400.0,400,Buy,231818282
2024-08-15 11:22:47,23350.0,6200,Sell,231818483
2024-08-15 11:22:47,23350.0,1100,Sell,231818484
2024-08-15 11:22:51,23400.0,400,Buy,231818554
2024-08-15 11:23:06,23350.0,1000,Sell,231818868
2024-08-15 11:23:07,23400.0,400,Buy,231818878
2024-08-15 11:23:23,23400.0,400,Buy,231819177
2024-08-15 11:23:39,23400.0,400,Buy,231819403
2024-08-15 11:23:44,23400.0,200,Buy,231819498
2024-08-15 11:23:54,23400.0,100,Buy,231819661
2024-08-15 11:23:54,23400.0,300,Buy,231819662
2024-08-15 11:24:09,23400.0,400,Buy,231820018
2024-08-15 11:24:24,23400.0,400,Buy,231820569
2024-08-15 11:24:40,23400.0,400,Buy,231820901
2024-08-15 11:24:56,23400.0,400,Buy,231821144
2024-08-15 11:25:06,23350.0,100,Sell,231821481
2024-08-15 11:25:11,23400.0,400,Buy,231821567
2024-08-15 11:25:26,23400.0,400,Buy,231821843
2024-08-15 11:25:35,23400.0,1000,Buy,231822010
2024-08-15 11:25:42,23400.0,400,Buy,231822121
2024-08-15 11:25:45,23350.0,10000,Sell,231822171
2024-08-15 11:25:54,23350.0,6000,Sell,231822338
2024-08-15 11:25:59,23400.0,400,Buy,231822423
2024-08-15 11:26:12,23400.0,2200,Buy,231822609
2024-08-15 11:26:14,23400.0,400,Buy,231822625
2024-08-15 11:26:29,23400.0,400,Buy,231822859
2024-08-15 11:26:45,23400.0,400,Buy,231823164
2024-08-15 11:27:01,23350.0,500,Sell,231823515
2024-08-15 11:27:01,23350.0,20000,Sell,231823514
2024-08-15 11:27:01,23350.0,1800,Sell,231823510
2024-08-15 11:27:01,23350.0,2000,Sell,231823512
2024-08-15 11:27:01,23350.0,1000,Sell,231823511
2024-08-15 11:27:01,23350.0,100,Sell,231823513
2024-08-15 11:27:02,23350.0,400,Buy,231823516
2024-08-15 11:27:05,23350.0,100,Buy,231823610
2024-08-15 11:27:15,23350.0,2100,Buy,231823854
2024-08-15 11:27:17,23350.0,400,Buy,231823889
2024-08-15 11:27:21,23350.0,100,Buy,231823947
2024-08-15 11:27:24,23350.0,500,Buy,231823989
2024-08-15 11:27:30,23350.0,2000,Sell,231824225
2024-08-15 11:27:33,23400.0,400,Buy,231824264
2024-08-15 11:27:49,23400.0,400,Buy,231824447
2024-08-15 11:28:05,23400.0,400,Buy,231824706
2024-08-15 11:28:21,23400.0,300,Buy,231824968
2024-08-15 11:28:34,23400.0,100,Buy,231825222
2024-08-15 11:29:24,23400.0,1000,Buy,231826252
2024-08-15 11:29:32,23400.0,1000,Buy,231826409
2024-08-15 11:29:32,23400.0,2000,Buy,231826410
2024-08-15 11:29:32,23400.0,2000,Buy,231826411
2024-08-15 12:59:38,23400.0,2100,Buy,231826993
2024-08-15 12:59:38,23400.0,100,Buy,231826994
2024-08-15 12:59:38,23350.0,9100,Sell,231826853
2024-08-15 12:59:38,23400.0,100,Buy,231826686
2024-08-15 12:59:38,23400.0,100,Buy,231826851
2024-08-15 12:59:38,23350.0,100,Sell,231826796
2024-08-15 12:59:38,23350.0,5900,Sell,231826852
2024-08-15 12:59:39,23400.0,400,Buy,231827160
2024-08-15 12:59:42,23350.0,3000,Sell,231828508
2024-08-15 12:59:42,23400.0,2000,Buy,231828586
2024-08-15 12:59:44,23350.0,1900,Sell,231829206
2024-08-15 12:59:45,23400.0,1500,Buy,231829314
2024-08-15 12:59:45,23350.0,200,Sell,231829371
2024-08-15 12:59:46,23400.0,100,Buy,231829553
2024-08-15 12:59:47,23400.0,1000,Buy,231829668
2024-08-15 12:59:48,23400.0,100,Buy,231829991
2024-08-15 12:59:48,23400.0,400,Buy,231829887
2024-08-15 12:59:48,23400.0,200,Buy,231829888
2024-08-15 12:59:48,23400.0,100,Buy,231829961
2024-08-15 12:59:49,23400.0,200,Buy,231830052
2024-08-15 12:59:49,23400.0,400,Buy,231830026
2024-08-15 12:59:53,23400.0,200,Buy,231830503
2024-08-15 12:59:53,23350.0,5300,Sell,231830500
2024-08-15 12:59:53,23350.0,100,Sell,231830568
2024-08-15 12:59:54,23400.0,100,Buy,231830623
2024-08-15 12:59:55,23350.0,300,Sell,231830688
2024-08-15 12:59:55,23350.0,100,Sell,231830713
2024-08-15 12:59:55,23350.0,1400,Sell,231830714
2024-08-15 13:00:00,23350.0,2000,Sell,231830995
2024-08-15 13:00:00,23350.0,300,Sell,231830994
2024-08-15 13:00:00,23350.0,5800,Sell,231830993
2024-08-15 13:00:00,23350.0,100,Sell,231830990
2024-08-15 13:00:00,23350.0,100,Sell,231830989
2024-08-15 13:00:00,23350.0,800,Sell,231830988
2024-08-15 13:00:00,23350.0,100,Sell,231830991
2024-08-15 13:00:00,23350.0,200,Sell,231830992
2024-08-15 13:00:03,23350.0,100,Buy,231831067
2024-08-15 13:00:03,23350.0,100,Buy,231831089
2024-08-15 13:00:04,23350.0,2000,Buy,231831146
2024-08-15 13:00:38,23350.0,400,Buy,231832393
2024-08-15 13:00:42,23350.0,15000,Buy,231832518
2024-08-15 13:00:52,23350.0,400,Buy,231832816
2024-08-15 13:01:09,23350.0,9500,Buy,231833367
2024-08-15 13:01:09,23350.0,3000,Buy,231833366
2024-08-15 13:01:09,23350.0,2200,Buy,231833364
2024-08-15 13:01:09,23350.0,300,Buy,231833365
2024-08-15 13:01:09,23350.0,400,Buy,231833323
2024-08-15 13:01:20,23350.0,100,Buy,231833635
2024-08-15 13:01:25,23350.0,400,Buy,231833744
2024-08-15 13:01:35,23350.0,200,Buy,231834025
2024-08-15 13:01:40,23350.0,400,Buy,231834163
2024-08-15 13:01:43,23350.0,9600,Buy,231834367
2024-08-15 13:01:43,23350.0,500,Buy,231834368
2024-08-15 13:01:43,23350.0,200,Buy,231834369
2024-08-15 13:01:55,23400.0,400,Buy,231834695
2024-08-15 13:02:11,23400.0,400,Buy,231835119
2024-08-15 13:02:18,23350.0,200,Sell,231835321
2024-08-15 13:02:27,23400.0,400,Buy,231835613
2024-08-15 13:02:27,23350.0,4000,Sell,231835612
2024-08-15 13:02:41,23350.0,500,Sell,231835941
2024-08-15 13:02:41,23350.0,2500,Sell,231835942
2024-08-15 13:02:42,23350.0,1000,Sell,231836014
2024-08-15 13:02:43,23400.0,400,Buy,231836021
2024-08-15 13:02:53,23400.0,15000,Buy,231836333
2024-08-15 13:02:58,23400.0,400,Buy,231836496
2024-08-15 13:02:59,23400.0,200,Buy,231836554
2024-08-15 13:03:01,23350.0,300,Sell,231836601
2024-08-15 13:03:07,23350.0,200,Sell,231836711
2024-08-15 13:03:07,23350.0,100,Sell,231836710
2024-08-15 13:03:07,23350.0,2000,Sell,231836708
2024-08-15 13:03:07,23350.0,1000,Sell,231836709
2024-08-15 13:03:13,23400.0,400,Buy,231836852
2024-08-15 13:03:18,23400.0,15000,Buy,231836972
2024-08-15 13:03:21,23350.0,1000,Sell,231837065
2024-08-15 13:03:21,23350.0,100,Sell,231837066
2024-08-15 13:03:21,23350.0,800,Sell,231837067
2024-08-15 13:03:21,23350.0,300,Sell,231837064
2024-08-15 13:03:22,23400.0,300,Buy,231837097
2024-08-15 13:03:29,23400.0,400,Buy,231837296
2024-08-15 13:03:44,23400.0,5600,Buy,231837713
2024-08-15 13:03:44,23400.0,200,Buy,231837714
2024-08-15 13:03:44,23400.0,9200,Buy,231837715
2024-08-15 13:03:45,23400.0,400,Buy,231837735
2024-08-15 13:03:46,23350.0,1000,Sell,231837778
2024-08-15 13:03:54,23350.0,1000,Sell,231838005
2024-08-15 13:03:56,23350.0,300,Sell,231838046
2024-08-15 13:04:01,23400.0,400,Buy,231838192
2024-08-15 13:04:04,23350.0,1300,Sell,231838255
2024-08-15 13:04:09,23350.0,600,Sell,231838358
2024-08-15 13:04:09,23350.0,100,Sell,231838359
2024-08-15 13:04:09,23350.0,1200,Sell,231838360
2024-08-15 13:04:15,23400.0,800,Buy,231838495
2024-08-15 13:04:16,23400.0,400,Buy,231838506
2024-08-15 13:04:29,23350.0,500,Sell,231838937
2024-08-15 13:04:29,23350.0,2000,Sell,231838936
2024-08-15 13:04:29,23350.0,5000,Sell,231838935
2024-08-15 13:04:29,23350.0,900,Sell,231838933
2024-08-15 13:04:29,23350.0,100,Sell,231838934
2024-08-15 13:04:31,23400.0,400,Buy,231838972
2024-08-15 13:04:31,23350.0,1500,Buy,231838957
2024-08-15 13:04:34,23400.0,14400,Buy,231839025
2024-08-15 13:04:34,23400.0,200,Buy,231839026
2024-08-15 13:04:34,23400.0,400,Buy,231839027
2024-08-15 13:04:42,23350.0,4000,Sell,231839242
2024-08-15 13:04:43,23350.0,100,Buy,231839261
2024-08-15 13:04:47,23350.0,400,Buy,231839394
2024-08-15 13:04:47,23350.0,1200,Buy,231839395
2024-08-15 13:04:49,23350.0,200,Buy,231839451
2024-08-15 13:04:58,23350.0,3000,Buy,231839814
2024-08-15 13:05:01,23350.0,100,Buy,231839881
2024-08-15 13:05:01,23350.0,200,Buy,231839882
2024-08-15 13:05:01,23350.0,1000,Buy,231839879
2024-08-15 13:05:03,23350.0,400,Buy,231839948
2024-08-15 13:05:19,23350.0,100,Buy,231840549
2024-08-15 13:05:19,23350.0,300,Buy,231840550
2024-08-15 13:05:19,23350.0,100,Buy,231840551
2024-08-15 13:05:29,23350.0,500,Buy,231840911
2024-08-15 13:05:34,23350.0,400,Buy,231841217
2024-08-15 13:05:36,23350.0,1000,Buy,231841316
2024-08-15 13:05:46,23300.0,1000,Sell,231841629
2024-08-15 13:05:48,23350.0,1000,Buy,231841729
2024-08-15 13:05:50,23350.0,400,Buy,231841773
2024-08-15 13:06:03,23350.0,200,Buy,231842373
2024-08-15 13:06:06,23350.0,400,Buy,231842468
2024-08-15 13:06:06,23350.0,3600,Buy,231842445
2024-08-15 13:06:06,23350.0,6400,Buy,231842444
2024-08-15 13:06:17,23350.0,1000,Buy,231842804
2024-08-15 13:06:17,23350.0,9000,Buy,231842805
2024-08-15 13:06:17,23350.0,200,Buy,231842807
2024-08-15 13:06:22,23350.0,400,Buy,231842947
2024-08-15 13:06:35,23350.0,100,Buy,231843289
2024-08-15 13:06:37,23350.0,300,Buy,231843353
2024-08-15 13:06:37,23350.0,100,Buy,231843354
2024-08-15 13:06:41,23350.0,500,Buy,231843410
2024-08-15 13:06:53,23350.0,400,Buy,231843698
2024-08-15 13:07:04,23350.0,100,Buy,231843946
2024-08-15 13:07:10,23350.0,400,Buy,231844100
2024-08-15 13:07:10,23350.0,100,Buy,231844107
2024-08-15 13:07:25,23350.0,400,Buy,231844501
2024-08-15 13:07:41,23350.0,400,Buy,231844928
2024-08-15 13:07:58,23350.0,400,Buy,231845306
2024-08-15 13:08:05,23300.0,6000,Sell,231845567
2024-08-15 13:08:06,23350.0,7200,Buy,231845612
2024-08-15 13:08:06,23350.0,400,Buy,231845613
2024-08-15 13:08:06,23350.0,7400,Buy,231845614
2024-08-15 13:08:12,23350.0,1000,Buy,231845791
2024-08-15 13:08:13,23350.0,400,Buy,231845805
2024-08-15 13:08:24,23350.0,100,Buy,231846198
2024-08-15 13:08:29,23350.0,400,Buy,231846298
2024-08-15 13:08:37,23350.0,200,Buy,231846533
2024-08-15 13:08:42,23350.0,19200,Buy,231846737
2024-08-15 13:08:42,23350.0,200,Buy,231846736
2024-08-15 13:08:42,23350.0,100,Buy,231846735
2024-08-15 13:08:42,23350.0,500,Buy,231846734
2024-08-15 13:08:44,23350.0,1000,Buy,231846765
2024-08-15 13:08:44,23350.0,400,Buy,231846766
2024-08-15 13:08:57,23350.0,500,Buy,231847129
2024-08-15 13:08:59,23350.0,400,Buy,231847173
2024-08-15 13:09:05,23300.0,300,Sell,231847330
2024-08-15 13:09:15,23350.0,400,Buy,231847617
2024-08-15 13:09:18,23350.0,3000,Buy,231847669
2024-08-15 13:09:19,23300.0,1000,Sell,231847682
2024-08-15 13:09:31,23350.0,400,Buy,231848014
2024-08-15 13:09:41,23300.0,1000,Sell,231848311
2024-08-15 13:09:42,23350.0,4700,Buy,231848339
2024-08-15 13:09:42,23350.0,300,Buy,231848340
2024-08-15 13:09:47,23350.0,300,Buy,231848499
2024-08-15 13:09:47,23350.0,100,Buy,231848500
2024-08-15 13:10:03,23350.0,400,Buy,231848927
2024-08-15 13:10:15,23300.0,1200,Sell,231849234
2024-08-15 13:10:18,23350.0,400,Buy,231849319
2024-08-15 13:10:22,23350.0,600,Buy,231849423
2024-08-15 13:10:22,23350.0,100,Buy,231849424
2024-08-15 13:10:27,23350.0,200,Buy,231849565
2024-08-15 13:10:29,23350.0,4700,Buy,231849603
2024-08-15 13:10:29,23350.0,100,Buy,231849604
2024-08-15 13:10:29,23350.0,500,Buy,231849605
2024-08-15 13:10:29,23350.0,3700,Buy,231849607
2024-08-15 13:10:29,23350.0,1000,Buy,231849606
2024-08-15 13:10:34,23350.0,400,Buy,231849709
2024-08-15 13:10:35,23350.0,5800,Buy,231849748
2024-08-15 13:10:47,23350.0,5400,Buy,231850238
2024-08-15 13:10:47,23350.0,100,Buy,231850235
2024-08-15 13:10:47,23350.0,100,Buy,231850236
2024-08-15 13:10:47,23350.0,200,Buy,231850237
2024-08-15 13:10:49,23350.0,400,Buy,231850271
2024-08-15 13:11:01,23350.0,100,Buy,231850577
2024-08-15 13:11:05,23350.0,400,Buy,231850730
2024-08-15 13:11:09,23350.0,3700,Buy,231850832
2024-08-15 13:11:09,23350.0,100,Buy,231850833
2024-08-15 13:11:09,23350.0,1800,Buy,231850834
2024-08-15 13:11:09,23350.0,200,Buy,231850835
2024-08-15 13:11:21,23350.0,700,Buy,231851196
2024-08-15 13:11:21,23350.0,3500,Buy,231851195
2024-08-15 13:11:21,23350.0,200,Buy,231851193
2024-08-15 13:11:21,23350.0,400,Buy,231851177
2024-08-15 13:11:21,23350.0,600,Buy,231851194
2024-08-15 13:11:24,23350.0,100,Buy,231851354
2024-08-15 13:11:33,23350.0,500,Buy,231851651
2024-08-15 13:11:35,23350.0,3000,Buy,231851685
2024-08-15 13:11:37,23350.0,400,Buy,231851740
2024-08-15 13:11:40,23350.0,100,Buy,231851836
2024-08-15 13:11:51,23350.0,500,Buy,231852130
2024-08-15 13:11:53,23350.0,400,Buy,231852153
2024-08-15 13:11:56,23350.0,200,Buy,231852201
2024-08-15 13:12:09,23350.0,400,Buy,231852712
2024-08-15 13:12:10,23350.0,500,Buy,231852747
2024-08-15 13:12:17,23350.0,100,Buy,231852938
2024-08-15 13:12:25,23350.0,400,Buy,231853098
2024-08-15 13:12:26,23300.0,20000,Sell,231853121
2024-08-15 13:12:37,23300.0,100,Sell,231853576
2024-08-15 13:12:40,23350.0,400,Buy,231853679
2024-08-15 13:12:41,23350.0,200,Buy,231853699
2024-08-15 13:12:56,23350.0,800,Buy,231854030
2024-08-15 13:12:57,23350.0,400,Buy,231854034
2024-08-15 13:12:59,23350.0,1500,Buy,231854078
2024-08-15 13:13:01,23350.0,500,Buy,231854130
2024-08-15 13:13:04,23300.0,2000,Sell,231854214
2024-08-15 13:13:10,23300.0,1900,Sell,231854353
2024-08-15 13:13:13,23350.0,400,Buy,231854417
2024-08-15 13:13:29,23350.0,400,Buy,231854761
2024-08-15 13:13:40,23350.0,5000,Buy,231855049
2024-08-15 13:13:45,23350.0,200,Buy,231855173
2024-08-15 13:13:45,23350.0,400,Buy,231855168
2024-08-15 13:13:48,23350.0,10000,Buy,231855267
2024-08-15 13:13:56,23350.0,500,Buy,231855418
2024-08-15 13:14:01,23350.0,400,Buy,231855510
2024-08-15 13:14:08,23350.0,5000,Buy,231855679
2024-08-15 13:14:08,23350.0,10000,Buy,231855680
2024-08-15 13:14:11,23350.0,200,Buy,231855757
2024-08-15 13:14:11,23350.0,100,Buy,231855758
2024-08-15 13:14:11,23350.0,500,Buy,231855759
2024-08-15 13:14:11,23350.0,2200,Buy,231855760
2024-08-15 13:14:17,23350.0,400,Buy,231855915
2024-08-15 13:14:17,23350.0,100,Buy,231855916
2024-08-15 13:14:19,23350.0,100,Buy,231855941
2024-08-15 13:14:22,23350.0,500,Buy,231856031
2024-08-15 13:14:34,23350.0,100,Buy,231856324
2024-08-15 13:14:34,23350.0,400,Buy,231856310
2024-08-15 13:14:34,23350.0,1000,Buy,231856314
2024-08-15 13:14:39,23350.0,1500,Buy,231856386
2024-08-15 13:14:50,23350.0,400,Buy,231856619
2024-08-15 13:14:51,23300.0,200,Sell,231856658
2024-08-15 13:14:59,23300.0,1000,Sell,231856864
2024-08-15 13:15:01,23350.0,200,Buy,231856938
2024-08-15 13:15:02,23350.0,100,Buy,231856976
2024-08-15 13:15:02,23350.0,200,Buy,231856975
2024-08-15 13:15:02,23350.0,1000,Buy,231856974
2024-08-15 13:15:02,23350.0,1700,Buy,231856977
2024-08-15 13:15:02,23350.0,500,Buy,231856972
2024-08-15 13:15:02,23350.0,1000,Buy,231856971
2024-08-15 13:15:02,23350.0,300,Buy,231856970
2024-08-15 13:15:02,23350.0,1000,Buy,231856973
2024-08-15 13:15:06,23350.0,400,Buy,231857089
2024-08-15 13:15:08,23350.0,500,Buy,231857143
2024-08-15 13:15:16,23350.0,100,Buy,231857330
2024-08-15 13:15:22,23350.0,5800,Buy,231857538
2024-08-15 13:15:22,23350.0,400,Buy,231857539
2024-08-15 13:15:27,23350.0,1100,Buy,231857767
2024-08-15 13:15:27,23350.0,3900,Buy,231857768
2024-08-15 13:15:29,23350.0,700,Buy,231857841
2024-08-15 13:15:29,23350.0,1300,Buy,231857840
2024-08-15 13:15:29,23350.0,300,Buy,231857839
2024-08-15 13:15:29,23350.0,100,Buy,231857838
2024-08-15 13:15:29,23350.0,1000,Buy,231857836
2024-08-15 13:15:29,23350.0,10000,Buy,231857835
2024-08-15 13:15:29,23350.0,100,Buy,231857834
2024-08-15 13:15:29,23350.0,6100,Buy,231857829
2024-08-15 13:15:29,23350.0,400,Buy,231857837
2024-08-15 13:15:30,23350.0,500,Buy,231857865
2024-08-15 13:15:33,23350.0,100,Buy,231857952
2024-08-15 13:15:34,23350.0,100,Buy,231857986
2024-08-15 13:15:35,23350.0,2000,Buy,231858007
2024-08-15 13:15:35,23350.0,1600,Buy,231858008
2024-08-15 13:15:35,23350.0,400,Buy,231858009
2024-08-15 13:15:37,23300.0,100,Sell,231858048
2024-08-15 13:15:38,23350.0,400,Buy,231858059
2024-08-15 13:15:40,23350.0,300,Buy,231858142
2024-08-15 13:15:53,23350.0,400,Buy,231858541
2024-08-15 13:15:54,23350.0,1000,Buy,231858554
2024-08-15 13:15:56,23350.0,5000,Buy,231858642
2024-08-15 13:15:58,23350.0,300,Buy,231858691
2024-08-15 13:16:00,23350.0,300,Buy,231858761
2024-08-15 13:16:03,23350.0,1900,Buy,231858821
2024-08-15 13:16:05,23350.0,100,Buy,231858888
2024-08-15 13:16:05,23350.0,900,Buy,231858896
2024-08-15 13:16:05,23350.0,4100,Buy,231858897
2024-08-15 13:16:06,23350.0,1000,Buy,231858950
2024-08-15 13:16:06,23350.0,1000,Buy,231858949
2024-08-15 13:16:06,23350.0,3000,Buy,231858948
2024-08-15 13:16:07,23350.0,100,Buy,231858956
2024-08-15 13:16:07,23350.0,4900,Buy,231858960
2024-08-15 13:16:07,23350.0,3000,Buy,231858962
2024-08-15 13:16:08,23350.0,400,Buy,231858981
2024-08-15 13:16:08,23350.0,600,Buy,231858990
2024-08-15 13:16:08,23350.0,500,Buy,231858991
2024-08-15 13:16:08,23350.0,3900,Buy,231858992
2024-08-15 13:16:18,23350.0,200,Buy,231859216
2024-08-15 13:16:19,23350.0,5900,Buy,231859236
2024-08-15 13:16:19,23350.0,1900,Buy,231859237
2024-08-15 13:16:19,23350.0,100,Buy,231859238
2024-08-15 13:16:24,23400.0,400,Buy,231859360
2024-08-15 13:16:27,23400.0,100,Buy,231859467
2024-08-15 13:16:33,23400.0,200,Buy,231859658
2024-08-15 13:16:40,23400.0,400,Buy,231859858
2024-08-15 13:16:41,23350.0,2100,Sell,231859901
2024-08-15 13:16:41,23350.0,100,Sell,231859902
2024-08-15 13:16:41,23350.0,100,Sell,231859903
2024-08-15 13:16:41,23350.0,100,Sell,231859904
2024-08-15 13:16:41,23350.0,1600,Sell,231859905
2024-08-15 13:16:52,23350.0,400,Sell,231860177
2024-08-15 13:16:54,23350.0,100,Sell,231860199
2024-08-15 13:16:56,23400.0,400,Buy,231860252
2024-08-15 13:17:11,23400.0,400,Buy,231860582
2024-08-15 13:17:24,23350.0,2000,Sell,231860886
2024-08-15 13:17:27,23400.0,400,Buy,231860952
2024-08-15 13:17:42,23400.0,400,Buy,231861233
2024-08-15 13:17:58,23400.0,400,Buy,231861557
2024-08-15 13:18:07,23400.0,500,Buy,231861824
2024-08-15 13:18:09,23350.0,1400,Sell,231861847
2024-08-15 13:18:13,23400.0,400,Buy,231861943
2024-08-15 13:18:29,23400.0,400,Buy,231862293
2024-08-15 13:18:44,23400.0,400,Buy,231862614
2024-08-15 13:18:54,23350.0,100,Sell,231862848
2024-08-15 13:19:00,23400.0,400,Buy,231862961
2024-08-15 13:19:08,23350.0,500,Sell,231863109
2024-08-15 13:19:09,23400.0,500,Buy,231863159
2024-08-15 13:19:16,23400.0,400,Buy,231863281
2024-08-15 13:19:25,23350.0,3900,Sell,231863502
2024-08-15 13:19:25,23350.0,5000,Sell,231863503
2024-08-15 13:19:25,23350.0,100,Sell,231863504
2024-08-15 13:19:25,23350.0,1000,Sell,231863505
2024-08-15 13:19:31,23400.0,400,Buy,231863624
2024-08-15 13:19:38,23350.0,300,Sell,231863762
2024-08-15 13:19:38,23350.0,500,Sell,231863761
2024-08-15 13:19:38,23350.0,600,Sell,231863763
2024-08-15 13:19:38,23350.0,500,Sell,231863760
2024-08-15 13:19:38,23350.0,500,Sell,231863765
2024-08-15 13:19:38,23350.0,100,Sell,231863766
2024-08-15 13:19:38,23350.0,100,Sell,231863764
2024-08-15 13:19:38,23350.0,500,Sell,231863759
2024-08-15 13:19:38,23350.0,1300,Sell,231863767
2024-08-15 13:19:38,23350.0,1500,Sell,231863757
2024-08-15 13:19:38,23350.0,500,Sell,231863749
2024-08-15 13:19:38,23350.0,500,Sell,231863750
2024-08-15 13:19:38,23350.0,1000,Sell,231863751
2024-08-15 13:19:38,23350.0,200,Sell,231863752
2024-08-15 13:19:38,23350.0,500,Sell,231863758
2024-08-15 13:19:38,23350.0,1000,Sell,231863754
2024-08-15 13:19:38,23350.0,200,Sell,231863756
2024-08-15 13:19:38,23350.0,100,Sell,231863753
2024-08-15 13:19:38,23350.0,100,Sell,231863755
2024-08-15 13:19:47,23400.0,400,Buy,231863966
2024-08-15 13:19:50,23350.0,500,Sell,231864026
2024-08-15 13:19:56,23350.0,200,Sell,231864142
2024-08-15 13:19:56,23350.0,300,Sell,231864143
2024-08-15 13:19:56,23350.0,1000,Sell,231864144
2024-08-15 13:19:56,23350.0,2000,Sell,231864145
2024-08-15 13:19:56,23350.0,200,Sell,231864146
2024-08-15 13:19:56,23350.0,200,Sell,231864147
2024-08-15 13:20:00,23350.0,5000,Buy,231864207
2024-08-15 13:20:03,23350.0,400,Buy,231864293
2024-08-15 13:20:19,23350.0,400,Buy,231864630
2024-08-15 13:20:21,23350.0,200,Buy,231864651
2024-08-15 13:20:29,23350.0,300,Buy,231864805
2024-08-15 13:20:34,23350.0,400,Buy,231864933
2024-08-15 13:20:44,23350.0,1000,Buy,231865163
2024-08-15 13:20:50,23350.0,400,Buy,231865266
2024-08-15 13:20:56,23350.0,2000,Buy,231865379
2024-08-15 13:21:00,23350.0,500,Buy,231865465
2024-08-15 13:21:05,23350.0,400,Buy,231865555
2024-08-15 13:21:21,23350.0,400,Buy,231865849
2024-08-15 13:21:21,23350.0,500,Buy,231865841
2024-08-15 13:21:30,23350.0,13000,Buy,231866010
2024-08-15 13:21:31,23350.0,4700,Buy,231866031
2024-08-15 13:21:31,23350.0,1000,Buy,231866030
2024-08-15 13:21:31,23350.0,1000,Buy,231866027
2024-08-15 13:21:31,23350.0,100,Buy,231866028
2024-08-15 13:21:31,23350.0,1200,Buy,231866026
2024-08-15 13:21:31,23350.0,2000,Buy,231866029
2024-08-15 13:21:32,23350.0,5300,Buy,231866057
2024-08-15 13:22:18,23350.0,2000,Sell,231867063
2024-08-15 13:22:25,23400.0,900,Buy,231867228
2024-08-15 13:22:33,23350.0,3000,Sell,231867384
2024-08-15 13:22:50,23350.0,1700,Sell,231867707
2024-08-15 13:22:50,23350.0,100,Sell,231867708
2024-08-15 13:22:50,23350.0,3200,Sell,231867709
2024-08-15 13:23:16,23350.0,5000,Sell,231868259
2024-08-15 13:23:37,23350.0,100,Sell,231868767
2024-08-15 13:23:37,23350.0,500,Sell,231868769
2024-08-15 13:23:37,23350.0,500,Sell,231868770
2024-08-15 13:23:37,23350.0,100,Sell,231868771
2024-08-15 13:23:37,23350.0,100,Sell,231868772
2024-08-15 13:23:37,23350.0,1800,Sell,231868773
2024-08-15 13:23:37,23350.0,1800,Sell,231868766
2024-08-15 13:23:37,23350.0,100,Sell,231868768
2024-08-15 13:23:49,23400.0,100,Buy,231869114
2024-08-15 13:23:51,23350.0,1200,Sell,231869166
2024-08-15 13:23:51,23350.0,100,Sell,231869167
2024-08-15 13:23:51,23350.0,3300,Sell,231869168
2024-08-15 13:23:51,23350.0,1000,Sell,231869169
2024-08-15 13:24:29,23350.0,5000,Buy,231870007
2024-08-15 13:24:31,23350.0,600,Buy,231870027
2024-08-15 13:24:31,23350.0,9400,Buy,231870025
2024-08-15 13:24:31,23350.0,10000,Buy,231870026
2024-08-15 13:24:37,23300.0,6000,Sell,231870199
2024-08-15 13:24:45,23350.0,400,Buy,231870328
2024-08-15 13:24:45,23350.0,100,Buy,231870329
2024-08-15 13:24:45,23350.0,9900,Buy,231870348
2024-08-15 13:24:55,23350.0,100,Sell,231870560
2024-08-15 13:24:55,23350.0,1900,Sell,231870561
2024-08-15 13:25:21,23350.0,1000,Sell,231871117
2024-08-15 13:25:29,23350.0,2100,Sell,231871322
2024-08-15 13:25:29,23350.0,400,Sell,231871323
2024-08-15 13:25:33,23350.0,200,Sell,231871474
2024-08-15 13:25:33,23350.0,400,Sell,231871476
2024-08-15 13:25:33,23350.0,5000,Sell,231871472
2024-08-15 13:25:33,23350.0,600,Sell,231871471
2024-08-15 13:25:33,23350.0,200,Sell,231871473
2024-08-15 13:25:33,23350.0,100,Sell,231871475
2024-08-15 13:25:47,23350.0,100,Sell,231871724
2024-08-15 13:25:48,23350.0,100,Sell,231871763
2024-08-15 13:26:04,23350.0,500,Sell,231872069
2024-08-15 13:26:05,23350.0,1400,Sell,231872083
2024-08-15 13:26:05,23350.0,1500,Sell,231872084
