time,price,volume,match_type,id
2024-08-01 09:14:41,24400.0,58900,ATO/ATC,227893007
2024-08-01 09:14:56,24400.0,1000,Buy,227893392
2024-08-01 09:15:00,24400.0,900,Buy,227893436
2024-08-01 09:15:00,24400.0,3000,Buy,227893442
2024-08-01 09:15:00,24400.0,100,Buy,227893441
2024-08-01 09:15:00,24400.0,1200,Buy,227893440
2024-08-01 09:15:00,24400.0,3500,Buy,227893435
2024-08-01 09:15:00,24400.0,1000,Buy,227893438
2024-08-01 09:15:00,24400.0,1000,Buy,227893439
2024-08-01 09:15:00,24400.0,200,Buy,227893437
2024-08-01 09:15:27,24450.0,2200,Buy,227893932
2024-08-01 09:15:27,24450.0,100,Buy,227893931
2024-08-01 09:15:27,24450.0,100,Buy,227893930
2024-08-01 09:15:27,24450.0,100,Buy,227893929
2024-08-01 09:15:27,24450.0,100,Buy,227893924
2024-08-01 09:15:27,24450.0,1100,Buy,227893927
2024-08-01 09:15:27,24450.0,20000,Buy,227893925
2024-08-01 09:15:27,24450.0,100,Buy,227893928
2024-08-01 09:15:27,24450.0,1000,Buy,227893926
2024-08-01 09:15:37,24400.0,10000,Sell,227894108
2024-08-01 09:15:40,24450.0,1400,Buy,227894192
2024-08-01 09:15:40,24450.0,2800,Buy,227894191
2024-08-01 09:15:40,24450.0,100,Buy,227894193
2024-08-01 09:15:43,24450.0,500,Sell,227894225
2024-08-01 09:15:45,24500.0,100,Buy,227894279
2024-08-01 09:15:45,24500.0,8200,Buy,227894280
2024-08-01 09:15:45,24500.0,100,Buy,227894278
2024-08-01 09:15:49,24450.0,5200,Sell,227894339
2024-08-01 09:15:56,24450.0,200,Buy,227894481
2024-08-01 09:15:57,24400.0,6800,Sell,227894503
2024-08-01 09:16:00,24450.0,300,Buy,227894578
2024-08-01 09:16:10,24450.0,200,Buy,227894771
2024-08-01 09:16:10,24450.0,1200,Buy,227894770
2024-08-01 09:16:15,24450.0,200,Buy,227894872
2024-08-01 09:16:17,24450.0,400,Buy,227894924
2024-08-01 09:16:17,24450.0,1000,Buy,227894925
2024-08-01 09:16:17,24450.0,2000,Buy,227894926
2024-08-01 09:16:32,24450.0,500,Sell,227895241
2024-08-01 09:16:36,24450.0,300,Sell,227895306
2024-08-01 09:16:43,24500.0,100,Buy,227895452
2024-08-01 09:16:43,24450.0,2500,Sell,227895454
2024-08-01 09:16:49,24450.0,1000,Sell,227895550
2024-08-01 09:16:49,24450.0,3300,Sell,227895548
2024-08-01 09:16:49,24450.0,500,Sell,227895549
2024-08-01 09:16:50,24400.0,1000,Sell,227895602
2024-08-01 09:16:56,24450.0,1000,Buy,227895707
2024-08-01 09:16:59,24450.0,1300,Buy,227895782
2024-08-01 09:17:01,24450.0,1000,Buy,227895817
2024-08-01 09:17:05,24450.0,500,Buy,227895922
2024-08-01 09:17:16,24450.0,1000,Buy,227896154
2024-08-01 09:17:18,24450.0,400,Buy,227896185
2024-08-01 09:17:18,24450.0,400,Buy,227896186
2024-08-01 09:17:18,24450.0,1700,Buy,227896187
2024-08-01 09:17:19,24400.0,1300,Sell,227896197
2024-08-01 09:17:19,24400.0,200,Sell,227896196
2024-08-01 09:17:19,24400.0,100,Sell,227896195
2024-08-01 09:17:19,24400.0,200,Sell,227896191
2024-08-01 09:17:19,24400.0,1000,Sell,227896193
2024-08-01 09:17:19,24400.0,200,Sell,227896192
2024-08-01 09:17:19,24400.0,200,Sell,227896194
2024-08-01 09:17:19,24400.0,4600,Sell,227896190
2024-08-01 09:17:25,24450.0,1000,Buy,227896335
2024-08-01 09:17:25,24450.0,300,Buy,227896333
2024-08-01 09:17:25,24450.0,700,Buy,227896334
2024-08-01 09:17:36,24450.0,1000,Buy,227896569
2024-08-01 09:18:21,24500.0,1800,Buy,227897585
2024-08-01 09:18:22,24450.0,3000,Sell,227897632
2024-08-01 09:18:30,24500.0,3700,Buy,227897817
2024-08-01 09:18:31,24500.0,100,Buy,227897835
2024-08-01 09:18:31,24500.0,800,Buy,227897843
2024-08-01 09:18:39,24500.0,200,Buy,227898065
2024-08-01 09:18:39,24500.0,1000,Buy,227898080
2024-08-01 09:18:41,24500.0,21100,Buy,227898123
2024-08-01 09:18:41,24500.0,2300,Buy,227898122
2024-08-01 09:18:41,24500.0,50000,Buy,227898119
2024-08-01 09:18:41,24500.0,100,Buy,227898118
2024-08-01 09:18:41,24500.0,9300,Buy,227898117
2024-08-01 09:18:41,24500.0,2000,Buy,227898116
2024-08-01 09:18:41,24500.0,2000,Buy,227898115
2024-08-01 09:18:41,24500.0,100,Buy,227898114
2024-08-01 09:18:41,24500.0,2000,Buy,227898121
2024-08-01 09:18:41,24500.0,200,Buy,227898112
2024-08-01 09:18:41,24500.0,200,Buy,227898113
2024-08-01 09:18:41,24500.0,4100,Buy,227898105
2024-08-01 09:18:41,24500.0,200,Buy,227898106
2024-08-01 09:18:41,24500.0,200,Buy,227898107
2024-08-01 09:18:41,24500.0,100,Buy,227898120
2024-08-01 09:18:41,24500.0,200,Buy,227898108
2024-08-01 09:18:41,24500.0,200,Buy,227898109
2024-08-01 09:18:41,24500.0,200,Buy,227898110
2024-08-01 09:18:41,24500.0,5500,Buy,227898111
2024-08-01 09:18:49,24500.0,100,Buy,227898366
2024-08-01 09:18:59,24500.0,100,Buy,227898594
2024-08-01 09:18:59,24500.0,10000,Buy,227898593
2024-08-01 09:18:59,24500.0,100,Buy,227898592
2024-08-01 09:18:59,24500.0,1000,Buy,227898590
2024-08-01 09:18:59,24500.0,3000,Buy,227898591
2024-08-01 09:18:59,24500.0,1400,Buy,227898587
2024-08-01 09:18:59,24500.0,2100,Buy,227898586
2024-08-01 09:18:59,24500.0,4700,Buy,227898585
2024-08-01 09:18:59,24500.0,20000,Buy,227898589
2024-08-01 09:18:59,24500.0,500,Buy,227898588
2024-08-01 09:19:00,24500.0,200,Sell,227898624
2024-08-01 09:19:11,24500.0,1000,Sell,227898897
2024-08-01 09:19:12,24500.0,100,Sell,227898916
2024-08-01 09:19:16,24500.0,5800,Sell,227899018
2024-08-01 09:19:16,24500.0,1000,Sell,227899019
2024-08-01 09:19:16,24500.0,2000,Sell,227899020
2024-08-01 09:19:19,24500.0,100,Buy,227899105
2024-08-01 09:19:22,24500.0,500,Buy,227899179
2024-08-01 09:19:22,24500.0,1700,Buy,227899178
2024-08-01 09:19:26,24500.0,800,Sell,227899269
2024-08-01 09:19:34,24500.0,40800,Buy,227899438
2024-08-01 09:19:34,24500.0,9200,Buy,227899437
2024-08-01 09:19:34,24500.0,300,Buy,227899475
2024-08-01 09:19:37,24500.0,500,Buy,227899553
2024-08-01 09:19:42,24500.0,100,Buy,227899648
2024-08-01 09:19:52,24500.0,6300,Buy,227899880
2024-08-01 09:19:56,24500.0,1000,Buy,227899951
2024-08-01 09:19:58,24500.0,1000,Buy,227899990
2024-08-01 09:20:06,24500.0,1000,Buy,227900230
2024-08-01 09:20:16,24500.0,9000,Buy,227900436
2024-08-01 09:20:16,24500.0,100,Buy,227900437
2024-08-01 09:20:16,24500.0,900,Buy,227900438
2024-08-01 09:20:37,24500.0,2500,Buy,227900890
2024-08-01 09:20:37,24500.0,1000,Buy,227900889
2024-08-01 09:20:37,24500.0,15000,Buy,227900888
2024-08-01 09:20:37,24500.0,10000,Buy,227900887
2024-08-01 09:20:37,24500.0,1000,Buy,227900886
2024-08-01 09:20:37,24500.0,900,Buy,227900891
2024-08-01 09:20:37,24500.0,100,Buy,227900884
2024-08-01 09:20:37,24500.0,400,Buy,227900883
2024-08-01 09:20:37,24500.0,200,Buy,227900882
2024-08-01 09:20:37,24500.0,500,Buy,227900881
2024-08-01 09:20:37,24500.0,2000,Buy,227900885
2024-08-01 09:20:37,24500.0,4100,Buy,227900880
2024-08-01 09:20:43,24500.0,500,Sell,227901005
2024-08-01 09:20:43,24500.0,100,Buy,227901001
2024-08-01 09:20:43,24500.0,1500,Buy,227901002
2024-08-01 09:20:55,24500.0,200,Sell,227901223
2024-08-01 09:21:06,24500.0,1000,Sell,227901531
2024-08-01 09:21:18,24550.0,300,Buy,227901798
2024-08-01 09:21:18,24550.0,11600,Buy,227901799
2024-08-01 09:21:18,24550.0,100,Buy,227901796
2024-08-01 09:21:18,24550.0,2000,Buy,227901797
2024-08-01 09:21:19,24550.0,8400,Buy,227901819
2024-08-01 09:21:19,24550.0,300,Buy,227901820
2024-08-01 09:21:19,24550.0,300,Buy,227901821
2024-08-01 09:21:19,24550.0,5000,Buy,227901823
2024-08-01 09:21:19,24550.0,1000,Buy,227901822
2024-08-01 09:21:27,24500.0,1700,Sell,227901954
2024-08-01 09:21:27,24500.0,1000,Sell,227901955
2024-08-01 09:21:27,24500.0,1000,Sell,227901956
2024-08-01 09:21:27,24500.0,1300,Sell,227901957
2024-08-01 09:21:33,24500.0,5000,Sell,227902089
2024-08-01 09:21:39,24550.0,5000,Buy,227902250
2024-08-01 09:21:44,24550.0,4500,Buy,227902364
2024-08-01 09:21:44,24550.0,300,Buy,227902361
2024-08-01 09:21:44,24550.0,3800,Buy,227902360
2024-08-01 09:21:55,24550.0,200,Buy,227902663
2024-08-01 09:21:57,24550.0,500,Buy,227902702
2024-08-01 09:21:57,24550.0,4000,Buy,227902703
2024-08-01 09:21:57,24550.0,1400,Buy,227902704
2024-08-01 09:21:57,24550.0,4100,Buy,227902701
2024-08-01 09:21:59,24550.0,2800,Buy,227902763
2024-08-01 09:22:01,24550.0,100,Buy,227902814
2024-08-01 09:22:05,24550.0,2000,Buy,227902872
2024-08-01 09:22:07,24550.0,500,Buy,227902947
2024-08-01 09:22:10,24550.0,16700,Buy,227902998
2024-08-01 09:22:10,24550.0,100,Buy,227902997
2024-08-01 09:22:10,24550.0,3200,Buy,227902996
2024-08-01 09:22:13,24550.0,2000,Buy,227903063
2024-08-01 09:22:23,24550.0,200,Buy,227903384
2024-08-01 09:22:52,24550.0,500,Buy,227904107
2024-08-01 09:23:02,24550.0,500,Buy,227904386
2024-08-01 09:23:17,24500.0,2700,Sell,227904695
2024-08-01 09:23:26,24550.0,100,Buy,227904908
2024-08-01 09:23:30,24500.0,100,Sell,227905022
2024-08-01 09:23:30,24500.0,700,Sell,227905023
2024-08-01 09:23:30,24500.0,9000,Sell,227905020
2024-08-01 09:23:30,24500.0,200,Sell,227905021
2024-08-01 09:23:34,24500.0,300,Sell,227905104
2024-08-01 09:23:34,24500.0,100,Sell,227905105
2024-08-01 09:23:34,24500.0,100,Sell,227905106
2024-08-01 09:23:39,24500.0,700,Sell,227905254
2024-08-01 09:23:39,24500.0,200,Sell,227905253
2024-08-01 09:23:39,24500.0,1000,Sell,227905251
2024-08-01 09:23:39,24500.0,5000,Sell,227905250
2024-08-01 09:23:39,24500.0,500,Sell,227905252
2024-08-01 09:23:39,24500.0,500,Sell,227905248
2024-08-01 09:23:39,24500.0,900,Sell,227905247
2024-08-01 09:23:39,24500.0,300,Sell,227905246
2024-08-01 09:23:39,24500.0,900,Sell,227905245
2024-08-01 09:23:39,24500.0,10000,Sell,227905249
2024-08-01 09:23:42,24500.0,1700,Sell,227905326
2024-08-01 09:23:47,24450.0,8900,Sell,227905526
2024-08-01 09:23:47,24500.0,1400,Sell,227905525
2024-08-01 09:23:47,24500.0,1700,Sell,227905524
2024-08-01 09:23:47,24500.0,1300,Sell,227905516
2024-08-01 09:23:47,24500.0,3000,Sell,227905515
2024-08-01 09:23:47,24500.0,10000,Sell,227905514
2024-08-01 09:23:47,24500.0,100,Sell,227905513
2024-08-01 09:23:47,24500.0,500,Sell,227905512
2024-08-01 09:23:47,24500.0,5000,Sell,227905510
2024-08-01 09:23:47,24500.0,10000,Sell,227905511
2024-08-01 09:23:47,24500.0,3600,Sell,227905505
2024-08-01 09:23:47,24500.0,100,Sell,227905506
2024-08-01 09:23:47,24500.0,3000,Sell,227905509
2024-08-01 09:23:47,24500.0,300,Sell,227905508
2024-08-01 09:23:47,24500.0,100,Sell,227905507
2024-08-01 09:24:00,24500.0,500,Buy,227905844
2024-08-01 09:24:00,24500.0,500,Buy,227905843
2024-08-01 09:24:05,24450.0,1600,Sell,227905957
2024-08-01 09:24:17,24450.0,10000,Sell,227906275
2024-08-01 09:24:34,24450.0,800,Sell,227906676
2024-08-01 09:24:42,24450.0,10000,Sell,227906859
2024-08-01 09:24:42,24450.0,600,Sell,227906860
2024-08-01 09:24:46,24450.0,100,Sell,227906975
2024-08-01 09:24:47,24450.0,4700,Sell,227907009
2024-08-01 09:24:47,24450.0,300,Sell,227907008
2024-08-01 09:24:47,24450.0,5000,Sell,227907007
2024-08-01 09:24:47,24450.0,1000,Sell,227907006
2024-08-01 09:24:47,24450.0,800,Sell,227907004
2024-08-01 09:24:47,24450.0,100,Sell,227907003
2024-08-01 09:24:47,24450.0,3000,Sell,227907002
2024-08-01 09:24:47,24450.0,800,Sell,227907005
2024-08-01 09:24:47,24450.0,100,Sell,227907000
2024-08-01 09:24:47,24450.0,100,Sell,227906999
2024-08-01 09:24:47,24450.0,1000,Sell,227906998
2024-08-01 09:24:47,24450.0,5000,Sell,227906997
2024-08-01 09:24:47,24450.0,100,Sell,227906996
2024-08-01 09:24:47,24450.0,6500,Sell,227906995
2024-08-01 09:24:47,24450.0,2500,Sell,227906994
2024-08-01 09:24:47,24450.0,14000,Sell,227906993
2024-08-01 09:24:47,24450.0,5000,Sell,227907001
2024-08-01 09:24:52,24450.0,200,Sell,227907110
2024-08-01 09:24:52,24450.0,2000,Sell,227907111
2024-08-01 09:24:52,24450.0,300,Sell,227907112
2024-08-01 09:24:56,24450.0,4500,Buy,227907178
2024-08-01 09:24:58,24450.0,10000,Sell,227907235
2024-08-01 09:25:07,24450.0,100,Sell,227907482
2024-08-01 09:25:09,24450.0,1100,Sell,227907562
2024-08-01 09:25:19,24450.0,2000,Sell,227907877
2024-08-01 09:25:28,24450.0,1000,Sell,227908159
2024-08-01 09:25:34,24450.0,2000,Sell,227908320
2024-08-01 09:25:51,24450.0,400,Sell,227908719
2024-08-01 09:25:52,24450.0,200,Sell,227908733
2024-08-01 09:25:55,24450.0,400,Sell,227908811
2024-08-01 09:25:56,24450.0,4100,Sell,227908908
2024-08-01 09:26:05,24450.0,200,Sell,227909191
2024-08-01 09:26:05,24450.0,2000,Sell,227909192
2024-08-01 09:26:05,24450.0,1800,Sell,227909190
2024-08-01 09:26:05,24450.0,6700,Sell,227909189
2024-08-01 09:26:08,24450.0,100,Buy,227909285
2024-08-01 09:26:09,24450.0,200,Buy,227909323
2024-08-01 09:26:16,24450.0,5000,Buy,227909461
2024-08-01 09:26:21,24450.0,400,Buy,227909576
2024-08-01 09:26:21,24450.0,400,Buy,227909577
2024-08-01 09:26:21,24450.0,2000,Buy,227909578
2024-08-01 09:26:34,24450.0,200,Sell,227909905
2024-08-01 09:26:34,24400.0,100,Sell,227909909
2024-08-01 09:26:34,24450.0,11200,Sell,227909903
2024-08-01 09:26:34,24450.0,2000,Sell,227909904
2024-08-01 09:26:48,24400.0,800,Sell,227910190
2024-08-01 09:26:48,24400.0,4200,Sell,227910191
2024-08-01 09:26:50,24400.0,500,Sell,227910240
2024-08-01 09:27:05,24400.0,1400,Sell,227910601
2024-08-01 09:27:05,24400.0,300,Sell,227910595
2024-08-01 09:27:05,24400.0,1000,Sell,227910596
2024-08-01 09:27:05,24400.0,100,Sell,227910597
2024-08-01 09:27:05,24400.0,100,Sell,227910598
2024-08-01 09:27:05,24400.0,600,Sell,227910599
2024-08-01 09:27:05,24400.0,500,Sell,227910600
2024-08-01 09:27:07,24400.0,500,Sell,227910651
2024-08-01 09:27:12,24400.0,100,Sell,227910731
2024-08-01 09:27:23,24400.0,2300,Sell,227911043
2024-08-01 09:27:31,24400.0,100,Sell,227911198
2024-08-01 09:27:43,24400.0,600,Sell,227911580
2024-08-01 09:27:43,24400.0,100,Sell,227911581
2024-08-01 09:27:43,24400.0,300,Sell,227911582
2024-08-01 09:27:56,24400.0,200,Sell,227911962
2024-08-01 09:27:56,24400.0,800,Sell,227911963
2024-08-01 09:28:01,24400.0,100,Sell,227912104
2024-08-01 09:28:04,24450.0,500,Buy,227912202
2024-08-01 09:28:07,24450.0,4500,Buy,227912264
2024-08-01 09:28:08,24450.0,500,Sell,227912272
2024-08-01 09:28:18,24400.0,1000,Sell,227912503
2024-08-01 09:28:20,24450.0,500,Buy,227912564
2024-08-01 09:28:20,24450.0,400,Buy,227912565
2024-08-01 09:28:21,24500.0,500,Buy,227912576
2024-08-01 09:28:21,24500.0,500,Buy,227912577
2024-08-01 09:28:30,24450.0,500,Sell,227912811
2024-08-01 09:28:42,24500.0,1500,Buy,227913067
2024-08-01 09:28:42,24500.0,1700,Buy,227913068
2024-08-01 09:28:42,24500.0,200,Buy,227913069
2024-08-01 09:28:56,24450.0,400,Sell,227913480
2024-08-01 09:28:56,24450.0,600,Sell,227913479
2024-08-01 09:29:01,24450.0,100,Sell,227913639
2024-08-01 09:29:01,24450.0,9900,Sell,227913640
2024-08-01 09:29:34,24450.0,100,Sell,227914410
2024-08-01 09:29:34,24450.0,400,Sell,227914411
2024-08-01 09:29:38,24450.0,100,Sell,227914538
2024-08-01 09:29:38,24450.0,600,Sell,227914535
2024-08-01 09:29:38,24450.0,100,Sell,227914536
2024-08-01 09:29:38,24450.0,4300,Sell,227914537
2024-08-01 09:29:44,24450.0,5000,Sell,227914678
2024-08-01 09:29:46,24450.0,600,Sell,227914730
2024-08-01 09:29:46,24450.0,300,Sell,227914731
2024-08-01 09:29:46,24450.0,200,Sell,227914732
2024-08-01 09:29:46,24450.0,100,Sell,227914733
2024-08-01 09:29:46,24450.0,2500,Sell,227914734
2024-08-01 09:29:46,24450.0,3600,Sell,227914735
2024-08-01 09:29:46,24450.0,1700,Sell,227914737
2024-08-01 09:29:46,24450.0,300,Sell,227914746
2024-08-01 09:29:46,24450.0,6000,Sell,227914747
2024-08-01 09:29:46,24450.0,300,Sell,227914748
2024-08-01 09:29:46,24450.0,3000,Sell,227914749
2024-08-01 09:29:46,24450.0,500,Sell,227914750
2024-08-01 09:29:46,24450.0,1000,Sell,227914736
2024-08-01 09:29:48,24450.0,100,Buy,227914835
2024-08-01 09:29:55,24450.0,400,Sell,227915038
2024-08-01 09:29:55,24450.0,10500,Buy,227915036
2024-08-01 09:30:01,24450.0,2000,Sell,227915191
2024-08-01 09:30:20,24450.0,100,Sell,227915721
2024-08-01 09:30:20,24450.0,900,Sell,227915722
2024-08-01 09:30:25,24450.0,100,Sell,227915792
2024-08-01 09:30:42,24450.0,4000,Sell,227916264
2024-08-01 09:30:42,24450.0,1000,Sell,227916265
2024-08-01 09:30:54,24450.0,100,Buy,227916576
2024-08-01 09:31:01,24400.0,1000,Sell,227916756
2024-08-01 09:31:02,24450.0,100,Buy,227916776
2024-08-01 09:31:06,24450.0,400,Buy,227916845
2024-08-01 09:31:48,24450.0,100,Buy,227917705
2024-08-01 09:31:55,24450.0,100,Buy,227917923
2024-08-01 09:31:56,24450.0,1000,Buy,227917938
2024-08-01 09:32:11,24450.0,100,Buy,227918327
2024-08-01 09:32:14,24400.0,2000,Sell,227918403
2024-08-01 09:32:15,24450.0,100,Buy,227918441
2024-08-01 09:32:41,24450.0,500,Buy,227919139
2024-08-01 09:32:50,24450.0,100,Buy,227919473
2024-08-01 09:33:10,24450.0,1000,Buy,227920129
2024-08-01 09:33:14,24450.0,100,Buy,227920246
2024-08-01 09:33:25,24450.0,4400,Buy,227920611
2024-08-01 09:33:25,24450.0,1300,Buy,227920610
2024-08-01 09:33:33,24450.0,2000,Buy,227920782
2024-08-01 09:33:44,24400.0,100,Sell,227921029
2024-08-01 09:33:51,24450.0,500,Buy,227921174
2024-08-01 09:33:51,24450.0,2700,Buy,227921181
2024-08-01 09:33:51,24450.0,200,Buy,227921180
2024-08-01 09:33:51,24450.0,1000,Buy,227921179
2024-08-01 09:33:51,24450.0,3600,Buy,227921173
2024-08-01 09:33:51,24450.0,300,Buy,227921177
2024-08-01 09:33:51,24450.0,500,Buy,227921176
2024-08-01 09:33:51,24450.0,500,Buy,227921175
2024-08-01 09:33:51,24450.0,700,Buy,227921178
2024-08-01 09:34:08,24450.0,100,Buy,227921592
2024-08-01 09:34:14,24450.0,1500,Buy,227921715
2024-08-01 09:34:15,24450.0,5700,Buy,227921733
2024-08-01 09:34:17,24400.0,100,Sell,227921775
2024-08-01 09:34:17,24400.0,100,Sell,227921776
2024-08-01 09:34:17,24400.0,1300,Sell,227921777
2024-08-01 09:34:18,24450.0,100,Buy,227921792
2024-08-01 09:34:38,24450.0,2000,Buy,227922367
2024-08-01 09:34:40,24400.0,100,Sell,227922418
2024-08-01 09:34:53,24400.0,600,Sell,227922818
2024-08-01 09:34:54,24400.0,600,Sell,227922844
2024-08-01 09:35:23,24450.0,5700,Buy,227923476
2024-08-01 09:35:29,24450.0,2200,Buy,227923660
2024-08-01 09:35:47,24450.0,400,Buy,227924011
2024-08-01 09:35:50,24450.0,400,Buy,227924095
2024-08-01 09:35:50,24450.0,2000,Buy,227924096
2024-08-01 09:35:50,24450.0,100,Buy,227924097
2024-08-01 09:35:50,24450.0,600,Buy,227924098
2024-08-01 09:35:50,24450.0,700,Buy,227924099
2024-08-01 09:35:50,24450.0,500,Buy,227924100
2024-08-01 09:35:50,24450.0,700,Buy,227924101
2024-08-01 09:35:53,24450.0,100,Buy,227924141
2024-08-01 09:35:53,24450.0,100,Buy,227924140
2024-08-01 09:35:53,24450.0,5300,Buy,227924138
2024-08-01 09:35:53,24450.0,200,Buy,227924139
2024-08-01 09:36:04,24450.0,3900,Buy,227924388
2024-08-01 09:36:04,24450.0,1000,Buy,227924389
2024-08-01 09:36:04,24450.0,800,Buy,227924390
2024-08-01 09:36:18,24450.0,2000,Buy,227924750
2024-08-01 09:36:19,24450.0,1200,Buy,227924760
2024-08-01 09:36:19,24450.0,100,Buy,227924761
2024-08-01 09:36:19,24450.0,700,Buy,227924762
2024-08-01 09:36:19,24450.0,7000,Buy,227924770
2024-08-01 09:36:21,24450.0,1000,Buy,227924818
2024-08-01 09:36:23,24450.0,4600,Buy,227924864
2024-08-01 09:36:23,24450.0,1100,Buy,227924863
2024-08-01 09:36:23,24450.0,200,Buy,227924858
2024-08-01 09:36:26,24450.0,5000,Buy,227924921
2024-08-01 09:36:26,24450.0,600,Buy,227924920
2024-08-01 09:36:26,24450.0,1000,Buy,227924919
2024-08-01 09:36:26,24450.0,2400,Buy,227924914
2024-08-01 09:36:26,24450.0,1000,Buy,227924917
2024-08-01 09:36:26,24450.0,3000,Buy,227924915
2024-08-01 09:36:26,24450.0,1000,Buy,227924918
2024-08-01 09:36:26,24450.0,1000,Buy,227924916
2024-08-01 09:36:28,24450.0,200,Buy,227924996
2024-08-01 09:36:37,24400.0,300,Sell,227925218
2024-08-01 09:36:37,24450.0,1000,Buy,227925212
2024-08-01 09:36:40,24450.0,3200,Buy,227925268
2024-08-01 09:36:40,24450.0,500,Buy,227925269
2024-08-01 09:36:40,24450.0,700,Buy,227925270
2024-08-01 09:36:42,24450.0,1200,Buy,227925296
2024-08-01 09:36:42,24500.0,300,Buy,227925297
2024-08-01 09:36:42,24500.0,4200,Buy,227925298
2024-08-01 09:36:44,24500.0,400,Buy,227925353
2024-08-01 09:36:44,24500.0,1000,Buy,227925354
2024-08-01 09:36:44,24500.0,500,Buy,227925355
2024-08-01 09:36:44,24500.0,100,Buy,227925356
2024-08-01 09:36:44,24500.0,4000,Buy,227925360
2024-08-01 09:36:44,24500.0,100,Buy,227925358
2024-08-01 09:36:44,24500.0,100,Buy,227925359
2024-08-01 09:36:44,24500.0,2000,Buy,227925361
2024-08-01 09:36:44,24500.0,100,Buy,227925357
2024-08-01 09:36:44,24500.0,2400,Buy,227925350
2024-08-01 09:36:44,24500.0,1000,Buy,227925352
2024-08-01 09:36:44,24500.0,16800,Buy,227925339
2024-08-01 09:36:44,24500.0,1000,Buy,227925349
2024-08-01 09:36:44,24500.0,500,Buy,227925340
2024-08-01 09:36:44,24500.0,500,Buy,227925341
2024-08-01 09:36:44,24500.0,10000,Buy,227925342
2024-08-01 09:36:44,24500.0,100,Buy,227925343
2024-08-01 09:36:44,24500.0,3000,Buy,227925351
2024-08-01 09:36:44,24500.0,500,Buy,227925345
2024-08-01 09:36:44,24500.0,100,Buy,227925346
2024-08-01 09:36:44,24500.0,500,Buy,227925347
2024-08-01 09:36:44,24500.0,300,Buy,227925348
2024-08-01 09:36:44,24500.0,1000,Buy,227925344
2024-08-01 09:36:55,24500.0,2000,Buy,227925608
2024-08-01 09:36:55,24500.0,3700,Buy,227925609
2024-08-01 09:37:01,24450.0,100,Sell,227925742
2024-08-01 09:37:02,24450.0,1200,Sell,227925754
2024-08-01 09:37:02,24450.0,1300,Sell,227925755
2024-08-01 09:37:05,24450.0,100,Sell,227925816
2024-08-01 09:37:14,24500.0,1300,Buy,227926008
2024-08-01 09:37:14,24500.0,4400,Buy,227926009
2024-08-01 09:37:15,24500.0,300,Buy,227926025
2024-08-01 09:37:18,24450.0,500,Sell,227926087
2024-08-01 09:37:18,24450.0,100,Sell,227926086
2024-08-01 09:37:18,24450.0,200,Sell,227926077
2024-08-01 09:37:18,24450.0,400,Sell,227926085
2024-08-01 09:37:23,24500.0,900,Buy,227926183
2024-08-01 09:37:23,24500.0,300,Buy,227926187
2024-08-01 09:37:23,24500.0,100,Buy,227926186
2024-08-01 09:37:23,24450.0,700,Buy,227926182
2024-08-01 09:37:23,24500.0,3500,Buy,227926184
2024-08-01 09:37:23,24500.0,200,Buy,227926185
2024-08-01 09:37:31,24450.0,600,Sell,227926382
2024-08-01 09:38:05,24450.0,400,Sell,227927119
2024-08-01 09:38:05,24450.0,1600,Sell,227927120
2024-08-01 09:38:07,24450.0,5800,Sell,227927185
2024-08-01 09:38:08,24450.0,2600,Sell,227927193
2024-08-01 09:38:10,24450.0,6200,Buy,227927244
2024-08-01 09:38:20,24500.0,2700,Buy,227927523
2024-08-01 09:38:20,24500.0,10300,Buy,227927524
2024-08-01 09:38:29,24450.0,3800,Sell,227927742
2024-08-01 09:38:29,24450.0,300,Sell,227927743
2024-08-01 09:38:30,24450.0,400,Buy,227927760
2024-08-01 09:38:51,24450.0,200,Sell,227928323
2024-08-01 09:38:56,24500.0,200,Buy,227928421
2024-08-01 09:39:17,24450.0,600,Sell,227928829
2024-08-01 09:39:17,24450.0,300,Sell,227928827
2024-08-01 09:39:17,24450.0,100,Sell,227928828
2024-08-01 09:39:19,24450.0,2000,Sell,227928882
2024-08-01 09:39:19,24450.0,500,Sell,227928883
2024-08-01 09:39:19,24450.0,4100,Sell,227928884
2024-08-01 09:39:19,24450.0,400,Sell,227928881
2024-08-01 09:39:20,24500.0,1000,Buy,227928890
2024-08-01 09:39:28,24450.0,900,Sell,227929037
2024-08-01 09:39:28,24450.0,100,Sell,227929038
2024-08-01 09:39:30,24450.0,300,Sell,227929078
2024-08-01 09:39:30,24450.0,1300,Sell,227929079
2024-08-01 09:39:39,24450.0,300,Sell,227929285
2024-08-01 09:40:14,24450.0,500,Sell,227930030
2024-08-01 09:40:14,24450.0,200,Sell,227930031
2024-08-01 09:40:14,24450.0,200,Sell,227930032
2024-08-01 09:40:14,24450.0,700,Sell,227930033
2024-08-01 09:40:14,24450.0,600,Sell,227930034
2024-08-01 09:40:14,24450.0,400,Sell,227930035
2024-08-01 09:40:14,24450.0,2400,Sell,227930029
2024-08-01 09:40:15,24450.0,100,Sell,227930058
2024-08-01 09:40:25,24450.0,100,Sell,227930273
2024-08-01 09:40:57,24450.0,500,Sell,227930852
2024-08-01 09:41:12,24450.0,200,Sell,227931191
2024-08-01 09:41:52,24450.0,400,Sell,227931977
2024-08-01 09:42:00,24450.0,700,Sell,227932117
2024-08-01 09:42:01,24500.0,300,Buy,227932142
2024-08-01 09:42:12,24450.0,400,Sell,227932317
2024-08-01 09:42:12,24450.0,9600,Sell,227932316
2024-08-01 09:42:14,24450.0,100,Sell,227932364
2024-08-01 09:42:14,24450.0,200,Sell,227932363
2024-08-01 09:42:14,24450.0,1000,Sell,227932362
2024-08-01 09:42:14,24450.0,1000,Sell,227932361
2024-08-01 09:42:14,24450.0,100,Sell,227932360
2024-08-01 09:42:14,24450.0,100,Sell,227932365
2024-08-01 09:42:14,24450.0,2000,Sell,227932358
2024-08-01 09:42:14,24450.0,100,Sell,227932359
2024-08-01 09:42:14,24450.0,5000,Sell,227932355
2024-08-01 09:42:14,24450.0,1100,Sell,227932354
2024-08-01 09:42:14,24450.0,200,Sell,227932357
2024-08-01 09:42:14,24450.0,4100,Sell,227932356
2024-08-01 09:42:17,24500.0,100,Buy,227932411
2024-08-01 09:42:20,24500.0,2000,Buy,227932549
2024-08-01 09:42:22,24500.0,200,Buy,227932560
2024-08-01 09:42:26,24500.0,15000,Buy,227932661
2024-08-01 09:42:26,24500.0,4300,Buy,227932667
2024-08-01 09:42:26,24500.0,10000,Buy,227932666
2024-08-01 09:42:26,24500.0,200,Buy,227932665
2024-08-01 09:42:26,24500.0,20000,Buy,227932664
2024-08-01 09:42:26,24500.0,16100,Buy,227932663
2024-08-01 09:42:26,24500.0,1000,Buy,227932662
2024-08-01 09:42:26,24500.0,5000,Buy,227932660
2024-08-01 09:42:26,24500.0,100,Buy,227932657
2024-08-01 09:42:26,24500.0,100,Buy,227932658
2024-08-01 09:42:26,24500.0,15900,Buy,227932650
2024-08-01 09:42:26,24500.0,5000,Buy,227932656
2024-08-01 09:42:26,24500.0,100,Buy,227932655
2024-08-01 09:42:26,24500.0,4000,Buy,227932654
2024-08-01 09:42:26,24500.0,100,Buy,227932653
2024-08-01 09:42:26,24500.0,100,Buy,227932652
2024-08-01 09:42:26,24500.0,2000,Buy,227932651
2024-08-01 09:42:26,24500.0,1000,Buy,227932659
2024-08-01 09:42:49,24500.0,5000,Buy,227933097
2024-08-01 09:42:50,24500.0,1000,Buy,227933118
2024-08-01 09:42:50,24450.0,100,Sell,227933114
2024-08-01 09:43:12,24500.0,100,Buy,227933452
2024-08-01 09:43:19,24500.0,200,Buy,227933585
2024-08-01 09:43:23,24500.0,200,Buy,227933655
2024-08-01 09:43:24,24500.0,6000,Buy,227933686
2024-08-01 09:43:35,24500.0,100,Buy,227933936
2024-08-01 09:43:45,24500.0,2000,Buy,227934149
2024-08-01 09:43:59,24500.0,800,Buy,227934453
2024-08-01 09:44:00,24500.0,2000,Buy,227934476
2024-08-01 09:44:00,24450.0,500,Sell,227934472
2024-08-01 09:44:00,24450.0,100,Sell,227934471
2024-08-01 09:44:00,24450.0,1000,Sell,227934468
2024-08-01 09:44:00,24450.0,100,Sell,227934469
2024-08-01 09:44:00,24450.0,300,Sell,227934470
2024-08-01 09:44:00,24450.0,500,Sell,227934467
2024-08-01 09:44:27,24450.0,500,Sell,227935251
2024-08-01 09:44:29,24500.0,1000,Buy,227935273
2024-08-01 09:45:07,24500.0,500,Buy,227936047
2024-08-01 09:45:16,24500.0,800,Buy,227936218
2024-08-01 09:45:16,24500.0,200,Buy,227936219
2024-08-01 09:45:43,24500.0,200,Buy,227936708
2024-08-01 09:45:43,24500.0,3000,Buy,227936709
2024-08-01 09:45:43,24500.0,100,Buy,227936710
2024-08-01 09:45:43,24500.0,3000,Buy,227936711
2024-08-01 09:45:43,24500.0,2700,Buy,227936712
2024-08-01 09:45:54,24450.0,300,Sell,227936931
2024-08-01 09:45:54,24450.0,200,Sell,227936930
2024-08-01 09:45:54,24500.0,1000,Buy,227936926
2024-08-01 09:45:56,24500.0,1000,Buy,227936970
2024-08-01 09:46:13,24500.0,1000,Buy,227937397
2024-08-01 09:46:16,24500.0,100,Buy,227937503
2024-08-01 09:46:20,24500.0,2700,Buy,227937611
2024-08-01 09:46:25,24500.0,200,Buy,227937763
2024-08-01 09:46:27,24500.0,500,Buy,227937802
2024-08-01 09:46:27,24500.0,700,Buy,227937801
2024-08-01 09:46:27,24500.0,1300,Buy,227937799
2024-08-01 09:46:27,24500.0,500,Buy,227937800
2024-08-01 09:46:28,24500.0,200,Buy,227937843
2024-08-01 09:46:31,24500.0,800,Buy,227937901
2024-08-01 09:46:31,24500.0,13900,Buy,227937913
2024-08-01 09:46:31,24500.0,1000,Buy,227937912
2024-08-01 09:46:31,24500.0,2500,Buy,227937911
2024-08-01 09:46:31,24500.0,100,Buy,227937910
2024-08-01 09:46:31,24500.0,600,Buy,227937909
2024-08-01 09:46:31,24500.0,500,Buy,227937906
2024-08-01 09:46:31,24500.0,700,Buy,227937905
2024-08-01 09:46:31,24500.0,1000,Buy,227937904
2024-08-01 09:46:31,24500.0,2300,Buy,227937903
2024-08-01 09:46:31,24500.0,100,Buy,227937902
2024-08-01 09:46:31,24500.0,500,Buy,227937907
2024-08-01 09:46:31,24500.0,10000,Buy,227937908
2024-08-01 09:46:36,24500.0,1500,Buy,227937978
2024-08-01 09:46:42,24500.0,100,Buy,227938094
2024-08-01 09:46:45,24500.0,3000,Buy,227938190
2024-08-01 09:46:45,24500.0,200,Buy,227938188
2024-08-01 09:46:47,24500.0,1000,Buy,227938205
2024-08-01 09:46:47,24500.0,10000,Buy,227938211
2024-08-01 09:46:48,24500.0,300,Buy,227938217
2024-08-01 09:46:48,24500.0,600,Buy,227938218
2024-08-01 09:46:48,24500.0,100,Buy,227938219
2024-08-01 09:46:48,24500.0,100,Buy,227938220
2024-08-01 09:46:48,24500.0,100,Buy,227938221
2024-08-01 09:46:48,24500.0,1700,Buy,227938222
2024-08-01 09:46:49,24500.0,100,Buy,227938271
2024-08-01 09:46:50,24500.0,4000,Buy,227938292
2024-08-01 09:46:51,24500.0,1000,Buy,227938308
2024-08-01 09:46:54,24500.0,100,Buy,227938368
2024-08-01 09:46:55,24500.0,2900,Buy,227938423
2024-08-01 09:46:55,24500.0,100,Buy,227938424
2024-08-01 09:46:56,24500.0,600,Buy,227938431
2024-08-01 09:46:57,24500.0,200,Buy,227938447
2024-08-01 09:46:58,24500.0,4000,Buy,227938460
2024-08-01 09:46:59,24500.0,3700,Buy,227938491
2024-08-01 09:46:59,24500.0,500,Buy,227938492
2024-08-01 09:46:59,24500.0,800,Buy,227938493
2024-08-01 09:47:00,24500.0,200,Buy,227938544
2024-08-01 09:47:00,24500.0,900,Buy,227938545
2024-08-01 09:47:02,24500.0,200,Buy,227938598
2024-08-01 09:47:02,24500.0,800,Buy,227938601
2024-08-01 09:47:02,24500.0,100,Buy,227938600
2024-08-01 09:47:02,24500.0,3000,Buy,227938599
2024-08-01 09:47:02,24500.0,600,Buy,227938597
2024-08-01 09:47:02,24500.0,1000,Buy,227938596
2024-08-01 09:47:02,24500.0,2000,Buy,227938595
2024-08-01 09:47:02,24500.0,400,Buy,227938594
2024-08-01 09:47:02,24500.0,1000,Buy,227938593
2024-08-01 09:47:02,24500.0,100,Buy,227938592
2024-08-01 09:47:02,24500.0,400,Buy,227938591
2024-08-01 09:47:22,24500.0,2000,Sell,227938889
2024-08-01 09:47:55,24500.0,2000,Sell,227939393
2024-08-01 09:48:17,24500.0,500,Sell,227939803
2024-08-01 09:48:19,24500.0,5900,Sell,227939850
2024-08-01 09:48:19,24500.0,700,Sell,227939851
2024-08-01 09:48:19,24500.0,400,Sell,227939852
2024-08-01 09:48:33,24500.0,1400,Sell,227940093
2024-08-01 09:48:33,24500.0,1100,Sell,227940092
2024-08-01 09:48:33,24500.0,500,Sell,227940091
2024-08-01 09:48:45,24500.0,1900,Sell,227940309
2024-08-01 09:48:47,24550.0,3000,Buy,227940321
2024-08-01 09:49:10,24550.0,100,Buy,227940943
2024-08-01 09:49:11,24500.0,1000,Sell,227940949
2024-08-01 09:49:41,24500.0,18400,Sell,227941629
2024-08-01 09:49:41,24500.0,500,Sell,227941628
2024-08-01 09:49:41,24500.0,1600,Sell,227941627
2024-08-01 09:49:41,24500.0,500,Sell,227941626
2024-08-01 09:49:41,24500.0,600,Sell,227941625
2024-08-01 09:49:41,24500.0,20000,Sell,227941624
2024-08-01 09:49:41,24500.0,100,Sell,227941620
2024-08-01 09:49:41,24500.0,300,Sell,227941622
2024-08-01 09:49:41,24500.0,700,Sell,227941616
2024-08-01 09:49:41,24500.0,1100,Sell,227941617
2024-08-01 09:49:41,24500.0,2000,Sell,227941623
2024-08-01 09:49:41,24500.0,1000,Sell,227941619
2024-08-01 09:49:41,24500.0,200,Sell,227941621
2024-08-01 09:49:41,24500.0,3000,Sell,227941618
2024-08-01 09:49:49,24500.0,1000,Sell,227941799
2024-08-01 09:49:49,24500.0,100,Sell,227941798
2024-08-01 09:49:49,24500.0,100,Sell,227941797
2024-08-01 09:49:49,24500.0,2000,Sell,227941796
2024-08-01 09:49:49,24500.0,5000,Sell,227941795
2024-08-01 09:49:49,24500.0,500,Sell,227941794
2024-08-01 09:49:49,24500.0,100,Sell,227941793
2024-08-01 09:49:49,24500.0,5000,Sell,227941792
2024-08-01 09:49:49,24500.0,500,Sell,227941789
2024-08-01 09:49:49,24500.0,500,Sell,227941788
2024-08-01 09:49:49,24500.0,3200,Sell,227941787
2024-08-01 09:49:49,24500.0,2000,Sell,227941786
2024-08-01 09:49:49,24500.0,1600,Sell,227941785
2024-08-01 09:49:49,24500.0,5000,Sell,227941791
2024-08-01 09:49:49,24500.0,300,Sell,227941790
2024-08-01 09:50:00,24500.0,5000,Buy,227941995
2024-08-01 09:50:01,24500.0,1500,Buy,227942008
2024-08-01 09:50:14,24500.0,3900,Buy,227942181
2024-08-01 09:50:19,24500.0,100,Buy,227942275
2024-08-01 09:50:26,24500.0,600,Buy,227942363
2024-08-01 09:50:59,24500.0,100,Buy,227942937
2024-08-01 09:51:07,24500.0,100,Buy,227943072
2024-08-01 09:51:20,24450.0,500,Sell,227943307
2024-08-01 09:51:34,24500.0,1000,Buy,227943569
2024-08-01 09:51:45,24500.0,3900,Buy,227943834
2024-08-01 09:51:51,24450.0,1200,Sell,227943909
2024-08-01 09:51:51,24450.0,100,Sell,227943910
2024-08-01 09:51:51,24450.0,1200,Sell,227943911
2024-08-01 09:51:54,24450.0,1000,Sell,227943958
2024-08-01 09:52:03,24450.0,500,Sell,227944122
2024-08-01 09:52:03,24500.0,200,Buy,227944101
2024-08-01 09:52:05,24450.0,1800,Sell,227944157
2024-08-01 09:52:13,24450.0,1000,Sell,227944341
2024-08-01 09:52:13,24450.0,100,Sell,227944340
2024-08-01 09:52:13,24450.0,100,Sell,227944339
2024-08-01 09:52:13,24450.0,100,Sell,227944338
2024-08-01 09:52:13,24450.0,3900,Sell,227944337
2024-08-01 09:52:13,24450.0,300,Sell,227944336
2024-08-01 09:52:13,24450.0,5000,Sell,227944333
2024-08-01 09:52:13,24450.0,200,Sell,227944334
2024-08-01 09:52:13,24450.0,3500,Sell,227944328
2024-08-01 09:52:13,24450.0,500,Sell,227944329
2024-08-01 09:52:13,24450.0,100,Sell,227944335
2024-08-01 09:52:13,24450.0,1000,Sell,227944331
2024-08-01 09:52:13,24450.0,2000,Sell,227944332
2024-08-01 09:52:13,24450.0,500,Sell,227944330
2024-08-01 09:52:15,24450.0,1500,Buy,227944363
2024-08-01 09:52:19,24450.0,200,Buy,227944456
2024-08-01 09:52:30,24450.0,100,Sell,227944773
2024-08-01 09:52:30,24450.0,400,Sell,227944774
2024-08-01 09:52:33,24450.0,200,Sell,227944815
2024-08-01 09:52:45,24400.0,100,Sell,227945076
2024-08-01 09:52:45,24400.0,1000,Sell,227945075
2024-08-01 09:52:45,24400.0,300,Sell,227945074
2024-08-01 09:52:45,24450.0,1000,Sell,227945072
2024-08-01 09:52:45,24450.0,100,Sell,227945071
2024-08-01 09:52:45,24400.0,2100,Sell,227945073
2024-08-01 09:52:45,24450.0,400,Sell,227945070
2024-08-01 09:53:10,24450.0,1000,Sell,227945550
2024-08-01 09:53:10,24450.0,300,Sell,227945551
2024-08-01 09:53:15,24450.0,100,Sell,227945651
2024-08-01 09:53:16,24450.0,100,Sell,227945660
2024-08-01 09:53:17,24450.0,800,Sell,227945673
2024-08-01 09:53:24,24450.0,500,Buy,227945798
2024-08-01 09:53:26,24450.0,600,Buy,227945883
2024-08-01 09:53:32,24400.0,200,Sell,227946030
2024-08-01 09:53:33,24450.0,1000,Buy,227946032
2024-08-01 09:54:03,24450.0,500,Sell,227946797
2024-08-01 09:54:05,24450.0,200,Sell,227946851
2024-08-01 09:54:13,24450.0,300,Sell,227947000
2024-08-01 09:54:13,24450.0,700,Sell,227947001
2024-08-01 09:54:15,24450.0,400,Sell,227947055
2024-08-01 09:54:15,24450.0,600,Sell,227947056
2024-08-01 09:54:47,24450.0,1000,Sell,227947748
2024-08-01 09:54:51,24450.0,1400,Sell,227947869
2024-08-01 09:54:51,24450.0,3600,Sell,227947870
2024-08-01 09:54:54,24450.0,2000,Sell,227947955
2024-08-01 09:54:54,24450.0,2500,Sell,227947954
2024-08-01 09:54:54,24450.0,14000,Sell,227947950
2024-08-01 09:54:54,24450.0,100,Sell,227947952
2024-08-01 09:54:54,24450.0,1300,Sell,227947951
2024-08-01 09:54:54,24450.0,100,Sell,227947953
2024-08-01 09:55:08,24450.0,500,Sell,227948332
2024-08-01 09:55:22,24500.0,100,Buy,227948637
2024-08-01 09:55:24,24450.0,2600,Sell,227948672
2024-08-01 09:55:26,24450.0,1600,Sell,227948748
2024-08-01 09:55:26,24450.0,500,Sell,227948747
2024-08-01 09:55:26,24450.0,1500,Sell,227948745
2024-08-01 09:55:26,24450.0,1400,Sell,227948744
2024-08-01 09:55:26,24450.0,10000,Sell,227948746
2024-08-01 09:55:37,24450.0,100,Sell,227949030
2024-08-01 09:55:41,24450.0,300,Sell,227949169
2024-08-01 09:55:41,24450.0,200,Sell,227949170
2024-08-01 09:55:46,24450.0,300,Sell,227949320
2024-08-01 09:55:46,24450.0,2000,Buy,227949332
2024-08-01 09:55:50,24450.0,1200,Buy,227949453
2024-08-01 09:55:56,24400.0,3900,Sell,227949617
2024-08-01 09:55:56,24400.0,1800,Sell,227949616
2024-08-01 09:55:56,24400.0,400,Sell,227949615
2024-08-01 09:55:56,24400.0,100,Sell,227949614
2024-08-01 09:55:56,24400.0,500,Sell,227949613
2024-08-01 09:55:56,24400.0,100,Sell,227949611
2024-08-01 09:55:56,24400.0,100,Sell,227949610
2024-08-01 09:55:56,24400.0,1000,Sell,227949609
2024-08-01 09:55:56,24400.0,100,Sell,227949612
2024-08-01 09:55:59,24450.0,1300,Buy,227949734
2024-08-01 09:55:59,24450.0,5000,Buy,227949735
2024-08-01 09:55:59,24450.0,500,Buy,227949736
2024-08-01 09:55:59,24450.0,200,Buy,227949737
2024-08-01 09:56:05,24450.0,3000,Sell,227949973
2024-08-01 09:56:06,24450.0,200,Buy,227949985
2024-08-01 09:56:10,24450.0,20000,Buy,227950112
2024-08-01 09:56:16,24450.0,1000,Buy,227950233
2024-08-01 09:56:36,24400.0,100,Sell,227950876
2024-08-01 09:56:43,24450.0,300,Buy,227951135
2024-08-01 09:56:46,24450.0,1000,Buy,227951213
2024-08-01 09:56:46,24450.0,1000,Buy,227951211
2024-08-01 09:56:46,24450.0,1000,Buy,227951210
2024-08-01 09:56:46,24450.0,500,Buy,227951212
2024-08-01 09:56:46,24450.0,1600,Buy,227951208
2024-08-01 09:56:46,24450.0,4000,Buy,227951207
2024-08-01 09:56:46,24450.0,500,Buy,227951206
2024-08-01 09:56:46,24450.0,25500,Buy,227951205
2024-08-01 09:56:46,24450.0,5700,Buy,227951209
2024-08-01 09:56:52,24450.0,1000,Sell,227951489
2024-08-01 09:56:53,24450.0,2000,Sell,227951529
2024-08-01 09:57:03,24450.0,2000,Sell,227951897
2024-08-01 09:57:03,24450.0,20000,Sell,227951903
2024-08-01 09:57:04,24450.0,3900,Sell,227951915
2024-08-01 09:57:08,24450.0,2300,Sell,227952020
2024-08-01 09:57:08,24450.0,1700,Sell,227952021
2024-08-01 09:57:15,24450.0,500,Sell,227952224
2024-08-01 09:57:29,24450.0,17800,Sell,227952727
2024-08-01 09:57:35,24450.0,100,Buy,227952920
2024-08-01 09:57:38,24450.0,100,Buy,227953073
2024-08-01 09:58:14,24400.0,1500,Sell,227954219
2024-08-01 09:58:28,24400.0,100,Sell,227954628
2024-08-01 09:58:31,24400.0,100,Sell,227954891
2024-08-01 09:58:36,24400.0,500,Sell,227955068
2024-08-01 09:58:43,24400.0,15000,Sell,227955342
2024-08-01 09:58:43,24450.0,300,Buy,227955347
2024-08-01 09:58:43,24400.0,2000,Sell,227955379
2024-08-01 09:58:56,24400.0,4000,Sell,227955893
2024-08-01 09:59:00,24400.0,6000,Sell,227956039
2024-08-01 09:59:06,24400.0,300,Sell,227956232
2024-08-01 09:59:13,24400.0,300,Sell,227956431
2024-08-01 09:59:20,24400.0,7400,Sell,227956642
2024-08-01 09:59:22,24400.0,1000,Sell,227956738
2024-08-01 09:59:22,24400.0,1000,Sell,227956745
2024-08-01 09:59:22,24400.0,100,Sell,227956743
2024-08-01 09:59:22,24400.0,1200,Sell,227956742
2024-08-01 09:59:22,24400.0,5000,Sell,227956741
2024-08-01 09:59:22,24400.0,5000,Sell,227956740
2024-08-01 09:59:22,24400.0,1000,Sell,227956739
2024-08-01 09:59:22,24400.0,200,Sell,227956737
2024-08-01 09:59:22,24400.0,100,Sell,227956744
2024-08-01 09:59:22,24400.0,100,Sell,227956735
2024-08-01 09:59:22,24400.0,2000,Sell,227956734
2024-08-01 09:59:22,24400.0,1000,Sell,227956733
2024-08-01 09:59:22,24400.0,1000,Sell,227956732
2024-08-01 09:59:22,24400.0,500,Sell,227956731
2024-08-01 09:59:22,24400.0,100,Sell,227956730
2024-08-01 09:59:22,24400.0,1500,Sell,227956736
2024-08-01 09:59:22,24400.0,100,Sell,227956729
2024-08-01 09:59:22,24400.0,8800,Sell,227956728
2024-08-01 09:59:23,24400.0,100,Sell,227956792
2024-08-01 09:59:23,24400.0,500,Sell,227956791
2024-08-01 09:59:23,24400.0,5000,Sell,227956790
2024-08-01 09:59:23,24400.0,3000,Sell,227956786
2024-08-01 09:59:23,24400.0,5000,Sell,227956788
2024-08-01 09:59:23,24400.0,1000,Sell,227956787
2024-08-01 09:59:23,24400.0,500,Sell,227956793
2024-08-01 09:59:23,24400.0,2000,Sell,227956785
2024-08-01 09:59:23,24400.0,100,Sell,227956784
2024-08-01 09:59:23,24400.0,1500,Sell,227956789
2024-08-01 09:59:23,24400.0,20000,Sell,227956794
2024-08-01 09:59:23,24400.0,2000,Sell,227956798
2024-08-01 09:59:23,24400.0,1000,Sell,227956796
2024-08-01 09:59:23,24400.0,1000,Sell,227956797
2024-08-01 09:59:23,24400.0,500,Sell,227956799
2024-08-01 09:59:23,24400.0,100,Sell,227956800
2024-08-01 09:59:23,24400.0,500,Sell,227956801
2024-08-01 09:59:23,24400.0,500,Sell,227956802
2024-08-01 09:59:23,24400.0,200,Sell,227956803
2024-08-01 09:59:23,24400.0,1000,Sell,227956804
2024-08-01 09:59:23,24400.0,1000,Sell,227956805
2024-08-01 09:59:23,24400.0,500,Sell,227956806
2024-08-01 09:59:23,24400.0,200,Sell,227956807
2024-08-01 09:59:23,24400.0,100,Sell,227956783
2024-08-01 09:59:23,24400.0,500,Sell,227956795
2024-08-01 09:59:23,24400.0,300,Sell,227956782
2024-08-01 09:59:23,24400.0,100,Sell,227956771
2024-08-01 09:59:23,24400.0,1000,Sell,227956780
2024-08-01 09:59:23,24400.0,200,Sell,227956755
2024-08-01 09:59:23,24400.0,100,Sell,227956756
2024-08-01 09:59:23,24400.0,400,Sell,227956757
2024-08-01 09:59:23,24400.0,100,Sell,227956758
2024-08-01 09:59:23,24400.0,200,Sell,227956759
2024-08-01 09:59:23,24400.0,500,Sell,227956760
2024-08-01 09:59:23,24400.0,500,Sell,227956761
2024-08-01 09:59:23,24400.0,200,Sell,227956781
2024-08-01 09:59:23,24400.0,10000,Sell,227956763
2024-08-01 09:59:23,24400.0,100,Sell,227956764
2024-08-01 09:59:23,24400.0,100,Sell,227956765
2024-08-01 09:59:23,24400.0,100,Sell,227956766
2024-08-01 09:59:23,24400.0,20000,Sell,227956762
2024-08-01 09:59:23,24400.0,100,Sell,227956768
2024-08-01 09:59:23,24400.0,200,Sell,227956767
2024-08-01 09:59:23,24400.0,800,Sell,227956778
2024-08-01 09:59:23,24400.0,1000,Sell,227956777
2024-08-01 09:59:23,24400.0,1000,Sell,227956776
2024-08-01 09:59:23,24400.0,500,Sell,227956775
2024-08-01 09:59:23,24400.0,1000,Sell,227956779
2024-08-01 09:59:23,24400.0,500,Sell,227956773
2024-08-01 09:59:23,24400.0,4000,Sell,227956772
2024-08-01 09:59:23,24400.0,500,Sell,227956769
2024-08-01 09:59:23,24400.0,200,Sell,227956774
2024-08-01 09:59:23,24400.0,5000,Sell,227956770
2024-08-01 09:59:31,24350.0,100,Sell,227957173
2024-08-01 09:59:43,24350.0,100,Sell,227957591
2024-08-01 09:59:43,24350.0,100,Sell,227957592
2024-08-01 09:59:45,24350.0,4100,Sell,227957706
2024-08-01 09:59:48,24350.0,800,Sell,227957937
2024-08-01 09:59:48,24350.0,1000,Sell,227957938
2024-08-01 09:59:48,24350.0,100,Sell,227957939
2024-08-01 09:59:48,24350.0,3100,Sell,227957940
2024-08-01 09:59:51,24350.0,100,Sell,227958046
2024-08-01 09:59:56,24350.0,4000,Sell,227958225
2024-08-01 09:59:59,24350.0,5000,Sell,227958331
2024-08-01 10:00:01,24350.0,500,Sell,227958396
2024-08-01 10:00:07,24350.0,2000,Sell,227958553
2024-08-01 10:00:14,24350.0,2700,Sell,227958793
2024-08-01 10:00:21,24350.0,3000,Sell,227958979
2024-08-01 10:00:22,24350.0,22500,Sell,227959003
2024-08-01 10:00:24,24350.0,1500,Sell,227959105
2024-08-01 10:00:24,24350.0,7000,Sell,227959117
2024-08-01 10:00:26,24400.0,100,Buy,227959194
2024-08-01 10:00:32,24350.0,2300,Sell,227959415
2024-08-01 10:00:36,24350.0,10000,Sell,227959522
2024-08-01 10:00:36,24350.0,500,Sell,227959524
2024-08-01 10:00:36,24350.0,5000,Sell,227959525
2024-08-01 10:00:36,24350.0,300,Sell,227959526
2024-08-01 10:00:36,24350.0,5000,Sell,227959527
2024-08-01 10:00:36,24350.0,100,Sell,227959528
2024-08-01 10:00:36,24350.0,100,Sell,227959533
2024-08-01 10:00:36,24350.0,300,Sell,227959530
2024-08-01 10:00:36,24350.0,100,Sell,227959531
2024-08-01 10:00:36,24350.0,500,Sell,227959532
2024-08-01 10:00:36,24350.0,100,Sell,227959521
2024-08-01 10:00:36,24350.0,200,Sell,227959534
2024-08-01 10:00:36,24350.0,500,Sell,227959535
2024-08-01 10:00:36,24350.0,200,Sell,227959529
2024-08-01 10:00:36,24350.0,500,Sell,227959520
2024-08-01 10:00:36,24350.0,100,Sell,227959523
2024-08-01 10:00:36,24350.0,300,Sell,227959518
2024-08-01 10:00:36,24350.0,100,Sell,227959505
2024-08-01 10:00:36,24350.0,100,Sell,227959506
2024-08-01 10:00:36,24350.0,1000,Sell,227959507
2024-08-01 10:00:36,24350.0,100,Sell,227959508
2024-08-01 10:00:36,24350.0,100,Sell,227959509
2024-08-01 10:00:36,24350.0,2100,Sell,227959510
2024-08-01 10:00:36,24350.0,200,Sell,227959504
2024-08-01 10:00:36,24350.0,1000,Sell,227959511
2024-08-01 10:00:36,24350.0,20000,Sell,227959513
2024-08-01 10:00:36,24350.0,200,Sell,227959514
2024-08-01 10:00:36,24350.0,200,Sell,227959515
2024-08-01 10:00:36,24350.0,19700,Sell,227959503
2024-08-01 10:00:36,24350.0,100,Sell,227959516
2024-08-01 10:00:36,24350.0,100,Sell,227959517
2024-08-01 10:00:36,24350.0,100,Sell,227959512
2024-08-01 10:00:36,24350.0,100,Sell,227959519
2024-08-01 10:00:41,24350.0,100,Buy,227959693
2024-08-01 10:00:46,24350.0,400,Buy,227959894
2024-08-01 10:00:46,24350.0,1500,Buy,227959893
2024-08-01 10:00:46,24300.0,100,Sell,227959882
2024-08-01 10:00:46,24350.0,900,Buy,227959892
2024-08-01 10:00:46,24300.0,9100,Sell,227959891
2024-08-01 10:00:46,24300.0,500,Sell,227959890
2024-08-01 10:00:46,24300.0,100,Sell,227959889
2024-08-01 10:00:46,24300.0,2000,Sell,227959888
2024-08-01 10:00:46,24300.0,300,Sell,227959887
2024-08-01 10:00:46,24300.0,100,Sell,227959886
2024-08-01 10:00:46,24300.0,100,Sell,227959885
2024-08-01 10:00:46,24300.0,200,Sell,227959884
2024-08-01 10:00:46,24300.0,400,Sell,227959883
2024-08-01 10:00:46,24350.0,300,Sell,227959895
2024-08-01 10:00:46,24300.0,100,Sell,227959878
2024-08-01 10:00:46,24300.0,400,Sell,227959865
2024-08-01 10:00:46,24300.0,1000,Sell,227959876
2024-08-01 10:00:46,24300.0,100,Sell,227959862
2024-08-01 10:00:46,24300.0,10000,Sell,227959863
2024-08-01 10:00:46,24300.0,200,Sell,227959864
2024-08-01 10:00:46,24300.0,100,Sell,227959866
2024-08-01 10:00:46,24300.0,100,Sell,227959867
2024-08-01 10:00:46,24300.0,200,Sell,227959869
2024-08-01 10:00:46,24300.0,1000,Sell,227959868
2024-08-01 10:00:46,24300.0,1000,Sell,227959871
2024-08-01 10:00:46,24300.0,100,Sell,227959872
2024-08-01 10:00:46,24300.0,200,Sell,227959873
2024-08-01 10:00:46,24300.0,100,Sell,227959874
2024-08-01 10:00:46,24300.0,1000,Sell,227959875
2024-08-01 10:00:46,24300.0,500,Sell,227959870
2024-08-01 10:00:46,24300.0,1000,Sell,227959877
2024-08-01 10:00:56,24350.0,100,Sell,227960230
2024-08-01 10:00:56,24350.0,1900,Sell,227960229
2024-08-01 10:01:10,24400.0,2900,Buy,227960681
2024-08-01 10:01:11,24350.0,100,Sell,227960699
2024-08-01 10:01:12,24400.0,200,Buy,227960760
2024-08-01 10:01:20,24350.0,500,Sell,227961171
2024-08-01 10:01:23,24350.0,500,Sell,227961273
2024-08-01 10:01:27,24350.0,2900,Sell,227961421
2024-08-01 10:01:27,24350.0,5400,Sell,227961422
2024-08-01 10:01:27,24350.0,100,Sell,227961423
2024-08-01 10:01:27,24350.0,100,Sell,227961424
2024-08-01 10:01:37,24350.0,200,Buy,227961950
2024-08-01 10:01:44,24350.0,2000,Buy,227962190
2024-08-01 10:01:48,24300.0,100,Sell,227962354
2024-08-01 10:01:48,24300.0,3300,Sell,227962357
2024-08-01 10:01:48,24300.0,300,Sell,227962356
2024-08-01 10:01:48,24300.0,100,Sell,227962355
2024-08-01 10:01:48,24300.0,800,Sell,227962353
2024-08-01 10:01:48,24300.0,300,Sell,227962352
2024-08-01 10:01:48,24300.0,900,Sell,227962345
2024-08-01 10:01:48,24300.0,700,Sell,227962346
2024-08-01 10:01:48,24300.0,100,Sell,227962347
2024-08-01 10:01:48,24300.0,200,Sell,227962351
2024-08-01 10:01:48,24300.0,1000,Sell,227962349
2024-08-01 10:01:48,24300.0,200,Sell,227962350
2024-08-01 10:01:48,24300.0,2000,Sell,227962348
2024-08-01 10:01:51,24300.0,3000,Sell,227962432
2024-08-01 10:01:55,24300.0,900,Sell,227962530
2024-08-01 10:01:55,24300.0,200,Sell,227962531
2024-08-01 10:01:55,24300.0,200,Sell,227962532
2024-08-01 10:01:55,24300.0,100,Sell,227962533
2024-08-01 10:01:55,24300.0,600,Sell,227962534
2024-08-01 10:01:56,24300.0,400,Sell,227962562
2024-08-01 10:01:56,24300.0,200,Sell,227962563
2024-08-01 10:02:05,24300.0,200,Sell,227963064
2024-08-01 10:02:05,24300.0,200,Sell,227963065
2024-08-01 10:02:05,24300.0,100,Sell,227963066
2024-08-01 10:02:05,24300.0,2000,Sell,227963067
2024-08-01 10:02:05,24300.0,800,Sell,227963068
2024-08-01 10:02:10,24300.0,100,Sell,227963214
2024-08-01 10:02:10,24300.0,4600,Sell,227963215
2024-08-01 10:02:10,24300.0,200,Sell,227963213
2024-08-01 10:02:10,24300.0,100,Sell,227963212
2024-08-01 10:02:21,24300.0,400,Sell,227963744
2024-08-01 10:02:21,24300.0,1500,Sell,227963745
2024-08-01 10:02:21,24300.0,1000,Sell,227963746
2024-08-01 10:02:24,24300.0,100,Buy,227963870
2024-08-01 10:02:33,24300.0,3000,Buy,227964160
2024-08-01 10:03:00,24300.0,2200,Buy,227965278
2024-08-01 10:03:00,24300.0,500,Buy,227965275
2024-08-01 10:03:00,24300.0,100,Buy,227965276
2024-08-01 10:03:00,24300.0,200,Buy,227965277
2024-08-01 10:03:05,24300.0,2800,Buy,227965479
2024-08-01 10:03:05,24300.0,13700,Buy,227965480
2024-08-01 10:03:07,24250.0,200,Sell,227965689
2024-08-01 10:03:07,24250.0,100,Sell,227965690
2024-08-01 10:03:07,24250.0,100,Sell,227965688
2024-08-01 10:03:07,24250.0,200,Sell,227965693
2024-08-01 10:03:07,24250.0,3300,Sell,227965691
2024-08-01 10:03:07,24250.0,100,Sell,227965687
2024-08-01 10:03:07,24250.0,7600,Sell,227965694
2024-08-01 10:03:07,24250.0,500,Sell,227965685
2024-08-01 10:03:07,24250.0,100,Sell,227965686
2024-08-01 10:03:07,24250.0,200,Sell,227965679
2024-08-01 10:03:07,24250.0,100,Sell,227965680
2024-08-01 10:03:07,24250.0,1000,Sell,227965692
2024-08-01 10:03:07,24250.0,1000,Sell,227965684
2024-08-01 10:03:07,24250.0,100,Sell,227965682
2024-08-01 10:03:07,24250.0,100,Sell,227965683
2024-08-01 10:03:07,24250.0,300,Sell,227965681
2024-08-01 10:03:14,24250.0,100,Sell,227966055
2024-08-01 10:03:14,24300.0,100,Buy,227966056
2024-08-01 10:03:18,24300.0,3000,Buy,227966210
2024-08-01 10:03:30,24250.0,5800,Sell,227966665
2024-08-01 10:03:30,24250.0,700,Sell,227966664
2024-08-01 10:03:30,24250.0,100,Sell,227966663
2024-08-01 10:03:30,24250.0,500,Sell,227966662
2024-08-01 10:03:30,24250.0,200,Sell,227966661
2024-08-01 10:03:30,24250.0,300,Sell,227966660
2024-08-01 10:03:30,24250.0,100,Sell,227966659
2024-08-01 10:03:30,24250.0,2300,Sell,227966658
2024-08-01 10:03:39,24300.0,3200,Buy,227967120
2024-08-01 10:03:39,24250.0,100,Sell,227967121
2024-08-01 10:03:43,24250.0,2000,Sell,227967282
2024-08-01 10:03:45,24250.0,900,Sell,227967365
2024-08-01 10:03:45,24250.0,2300,Sell,227967363
2024-08-01 10:03:45,24250.0,1200,Sell,227967362
2024-08-01 10:03:45,24250.0,100,Sell,227967364
2024-08-01 10:03:45,24250.0,10000,Sell,227967361
2024-08-01 10:03:45,24250.0,2500,Sell,227967359
2024-08-01 10:03:45,24250.0,400,Sell,227967358
2024-08-01 10:03:45,24250.0,2100,Sell,227967357
2024-08-01 10:03:45,24250.0,500,Sell,227967360
2024-08-01 10:03:46,24250.0,400,Sell,227967406
2024-08-01 10:03:46,24250.0,100,Sell,227967405
2024-08-01 10:03:46,24250.0,100,Sell,227967404
2024-08-01 10:03:46,24250.0,100,Sell,227967403
2024-08-01 10:03:46,24250.0,4600,Sell,227967407
2024-08-01 10:03:46,24250.0,1000,Sell,227967401
2024-08-01 10:03:46,24250.0,2000,Sell,227967400
2024-08-01 10:03:46,24250.0,200,Sell,227967399
2024-08-01 10:03:46,24250.0,100,Sell,227967398
2024-08-01 10:03:46,24250.0,300,Sell,227967402
2024-08-01 10:03:47,24250.0,200,Sell,227967439
2024-08-01 10:03:47,24250.0,200,Sell,227967447
2024-08-01 10:03:47,24250.0,2800,Sell,227967448
2024-08-01 10:03:47,24250.0,100,Sell,227967458
2024-08-01 10:03:48,24250.0,1000,Sell,227967464
2024-08-01 10:03:49,24250.0,400,Sell,227967515
2024-08-01 10:03:50,24250.0,600,Sell,227967585
2024-08-01 10:03:53,24250.0,100,Sell,227967818
2024-08-01 10:03:53,24250.0,1000,Sell,227967819
2024-08-01 10:03:53,24250.0,100,Sell,227967820
2024-08-01 10:03:59,24200.0,200,Sell,227968092
2024-08-01 10:03:59,24200.0,8000,Sell,227968091
2024-08-01 10:03:59,24200.0,100,Sell,227968089
2024-08-01 10:03:59,24200.0,100,Sell,227968088
2024-08-01 10:03:59,24200.0,100,Sell,227968090
2024-08-01 10:03:59,24200.0,100,Sell,227968087
2024-08-01 10:04:09,24250.0,1000,Buy,227968578
2024-08-01 10:04:13,24250.0,1300,Buy,227968738
2024-08-01 10:04:13,24200.0,200,Sell,227968725
2024-08-01 10:04:13,24200.0,3900,Sell,227968726
2024-08-01 10:04:13,24250.0,1300,Buy,227968737
2024-08-01 10:04:16,24250.0,1000,Buy,227968956
2024-08-01 10:04:18,24250.0,2700,Buy,227969030
2024-08-01 10:04:18,24250.0,800,Buy,227969031
2024-08-01 10:04:18,24250.0,1000,Buy,227969032
2024-08-01 10:04:18,24250.0,700,Buy,227969033
2024-08-01 10:04:18,24250.0,300,Buy,227969034
2024-08-01 10:04:18,24250.0,800,Buy,227969035
2024-08-01 10:04:18,24250.0,500,Buy,227969036
2024-08-01 10:04:22,24250.0,1000,Sell,227969287
2024-08-01 10:04:32,24250.0,400,Sell,227969673
2024-08-01 10:04:32,24250.0,9600,Sell,227969672
2024-08-01 10:04:39,24250.0,2000,Sell,227969942
2024-08-01 10:04:39,24250.0,1000,Sell,227969999
2024-08-01 10:04:41,24250.0,500,Sell,227970036
2024-08-01 10:04:42,24250.0,800,Sell,227970118
2024-08-01 10:04:43,24250.0,100,Sell,227970153
2024-08-01 10:04:43,24250.0,500,Sell,227970152
2024-08-01 10:04:43,24250.0,200,Sell,227970151
2024-08-01 10:04:43,24250.0,200,Sell,227970150
2024-08-01 10:04:43,24250.0,400,Sell,227970148
2024-08-01 10:04:43,24250.0,5300,Sell,227970147
2024-08-01 10:04:43,24250.0,100,Sell,227970149
2024-08-01 10:04:49,24250.0,500,Buy,227970465
2024-08-01 10:04:59,24250.0,2500,Buy,227970870
2024-08-01 10:05:05,24250.0,10000,Buy,227971098
2024-08-01 10:05:07,24250.0,500,Buy,227971152
2024-08-01 10:05:07,24250.0,100,Sell,227971157
2024-08-01 10:05:07,24250.0,200,Buy,227971150
2024-08-01 10:05:07,24250.0,1000,Buy,227971151
2024-08-01 10:05:16,24250.0,100,Sell,227971519
2024-08-01 10:05:27,24250.0,2000,Sell,227972092
2024-08-01 10:05:28,24250.0,6100,Sell,227972147
2024-08-01 10:05:28,24250.0,3900,Sell,227972148
2024-08-01 10:05:29,24250.0,200,Sell,227972207
2024-08-01 10:05:34,24250.0,1000,Sell,227972387
2024-08-01 10:05:35,24250.0,4900,Sell,227972543
2024-08-01 10:05:35,24250.0,100,Sell,227972544
2024-08-01 10:05:37,24250.0,200,Sell,227972579
2024-08-01 10:05:40,24250.0,100,Sell,227972754
2024-08-01 10:05:42,24250.0,700,Sell,227972837
2024-08-01 10:05:44,24250.0,100,Sell,227972938
2024-08-01 10:05:49,24300.0,2000,Buy,227973130
2024-08-01 10:05:50,24250.0,2000,Sell,227973201
2024-08-01 10:05:55,24300.0,900,Buy,227973498
2024-08-01 10:05:55,24300.0,4000,Buy,227973497
2024-08-01 10:05:55,24300.0,400,Buy,227973499
2024-08-01 10:05:55,24300.0,20000,Buy,227973495
2024-08-01 10:05:55,24300.0,800,Buy,227973494
2024-08-01 10:05:55,24300.0,1000,Buy,227973493
2024-08-01 10:05:55,24300.0,300,Buy,227973496
2024-08-01 10:06:03,24300.0,100,Buy,227973873
2024-08-01 10:06:10,24300.0,200,Buy,227974232
2024-08-01 10:06:11,24250.0,1000,Sell,227974269
2024-08-01 10:06:22,24300.0,400,Buy,227974730
2024-08-01 10:06:22,24300.0,200,Buy,227974731
2024-08-01 10:06:22,24300.0,500,Buy,227974732
2024-08-01 10:06:26,24300.0,500,Buy,227974887
2024-08-01 10:06:26,24300.0,400,Buy,227974889
2024-08-01 10:06:26,24300.0,2000,Buy,227974888
2024-08-01 10:06:26,24300.0,3500,Buy,227974886
2024-08-01 10:06:26,24300.0,500,Buy,227974884
2024-08-01 10:06:26,24300.0,1000,Buy,227974883
2024-08-01 10:06:26,24300.0,500,Buy,227974882
2024-08-01 10:06:26,24300.0,400,Buy,227974885
2024-08-01 10:06:38,24300.0,2600,Buy,227975272
2024-08-01 10:06:38,24300.0,100,Buy,227975273
2024-08-01 10:06:38,24300.0,7300,Buy,227975274
2024-08-01 10:06:39,24250.0,700,Sell,227975307
2024-08-01 10:06:43,24300.0,100,Buy,227975434
2024-08-01 10:06:50,24300.0,1500,Buy,227975671
2024-08-01 10:06:50,24300.0,600,Buy,227975690
2024-08-01 10:06:54,24300.0,1500,Buy,227975839
2024-08-01 10:06:54,24300.0,300,Buy,227975838
2024-08-01 10:06:54,24300.0,500,Buy,227975834
2024-08-01 10:06:54,24300.0,1000,Buy,227975836
2024-08-01 10:06:54,24300.0,500,Buy,227975835
2024-08-01 10:06:54,24300.0,200,Buy,227975837
2024-08-01 10:06:57,24300.0,300,Sell,227975963
2024-08-01 10:07:14,24350.0,1500,Buy,227976559
2024-08-01 10:07:15,24300.0,100,Sell,227976596
2024-08-01 10:07:16,24300.0,2000,Sell,227976604
2024-08-01 10:07:21,24300.0,2000,Sell,227976814
2024-08-01 10:07:27,24350.0,300,Buy,227977048
2024-08-01 10:07:27,24350.0,3900,Buy,227977051
2024-08-01 10:07:27,24350.0,16000,Buy,227977050
2024-08-01 10:07:27,24350.0,500,Buy,227977047
2024-08-01 10:07:27,24350.0,200,Buy,227977049
2024-08-01 10:07:27,24350.0,3000,Buy,227977045
2024-08-01 10:07:27,24350.0,5000,Buy,227977041
2024-08-01 10:07:27,24350.0,100,Buy,227977042
2024-08-01 10:07:27,24350.0,200,Buy,227977046
2024-08-01 10:07:27,24350.0,3300,Buy,227977044
2024-08-01 10:07:27,24350.0,2500,Buy,227977043
2024-08-01 10:07:30,24300.0,500,Sell,227977158
2024-08-01 10:07:46,24350.0,100,Buy,227977667
2024-08-01 10:08:01,24350.0,900,Buy,227978174
2024-08-01 10:08:07,24350.0,100,Buy,227978353
2024-08-01 10:08:09,24350.0,2000,Buy,227978457
2024-08-01 10:08:13,24300.0,700,Sell,227978626
2024-08-01 10:08:13,24300.0,1300,Sell,227978627
2024-08-01 10:08:16,24350.0,400,Buy,227978724
2024-08-01 10:08:16,24350.0,100,Buy,227978723
2024-08-01 10:08:16,24350.0,500,Buy,227978722
2024-08-01 10:08:16,24350.0,2000,Buy,227978721
2024-08-01 10:08:16,24350.0,500,Buy,227978720
2024-08-01 10:08:16,24350.0,21800,Buy,227978718
2024-08-01 10:08:16,24350.0,10000,Buy,227978717
2024-08-01 10:08:16,24350.0,3000,Buy,227978716
2024-08-01 10:08:16,24350.0,16000,Buy,227978715
2024-08-01 10:08:16,24350.0,500,Buy,227978719
2024-08-01 10:08:22,24350.0,18000,Sell,227978926
2024-08-01 10:08:24,24350.0,600,Sell,227978998
2024-08-01 10:08:25,24350.0,26600,Sell,227979013
2024-08-01 10:08:28,24350.0,500,Buy,227979103
2024-08-01 10:08:45,24350.0,14400,Buy,227979592
2024-08-01 10:08:46,24300.0,1000,Sell,227979649
2024-08-01 10:08:46,24300.0,2900,Sell,227979651
2024-08-01 10:08:46,24300.0,2800,Sell,227979648
2024-08-01 10:08:46,24300.0,100,Sell,227979650
2024-08-01 10:08:48,24350.0,500,Buy,227979685
2024-08-01 10:08:56,24350.0,100,Buy,227979957
2024-08-01 10:08:58,24350.0,200,Buy,227980009
2024-08-01 10:09:02,24350.0,5000,Buy,227980093
2024-08-01 10:09:06,24300.0,2000,Sell,227980238
2024-08-01 10:09:07,24350.0,200,Buy,227980284
2024-08-01 10:09:18,24300.0,4000,Sell,227980595
2024-08-01 10:09:19,24350.0,400,Buy,227980664
2024-08-01 10:09:21,24350.0,200,Buy,227980735
2024-08-01 10:09:33,24350.0,200,Buy,227981055
2024-08-01 10:09:37,24350.0,100,Buy,227981181
2024-08-01 10:09:54,24350.0,500,Buy,227981639
2024-08-01 10:10:08,24300.0,1000,Sell,227981971
2024-08-01 10:10:43,24350.0,22000,Buy,227982945
2024-08-01 10:10:45,24350.0,1000,Buy,227982986
2024-08-01 10:10:49,24350.0,700,Buy,227983047
2024-08-01 10:10:54,24350.0,5000,Buy,227983146
2024-08-01 10:11:03,24300.0,1000,Sell,227983320
2024-08-01 10:11:06,24350.0,500,Buy,227983381
2024-08-01 10:11:08,24350.0,10000,Buy,227983432
2024-08-01 10:11:09,24350.0,300,Buy,227983450
2024-08-01 10:11:09,24350.0,100,Buy,227983457
2024-08-01 10:11:12,24350.0,100,Buy,227983518
2024-08-01 10:11:15,24350.0,500,Buy,227983599
2024-08-01 10:11:18,24350.0,1500,Buy,227983671
2024-08-01 10:11:26,24350.0,400,Buy,227983846
2024-08-01 10:11:28,24350.0,100,Buy,227983881
2024-08-01 10:11:33,24350.0,1000,Buy,227983990
2024-08-01 10:11:34,24350.0,2000,Buy,227984027
2024-08-01 10:11:39,24350.0,100,Buy,227984169
2024-08-01 10:11:43,24350.0,500,Buy,227984245
2024-08-01 10:11:53,24350.0,2000,Buy,227984564
2024-08-01 10:11:59,24350.0,400,Buy,227984768
2024-08-01 10:12:04,24350.0,2500,Buy,227984908
2024-08-01 10:12:05,24350.0,400,Buy,227984911
2024-08-01 10:12:05,24350.0,7100,Buy,227984912
2024-08-01 10:12:05,24350.0,300,Buy,227984913
2024-08-01 10:12:05,24350.0,2200,Buy,227984914
2024-08-01 10:12:07,24350.0,800,Buy,227984970
2024-08-01 10:12:09,24350.0,1100,Buy,227985013
2024-08-01 10:12:09,24350.0,500,Buy,227985014
2024-08-01 10:12:09,24350.0,400,Buy,227985015
2024-08-01 10:12:12,24350.0,200,Buy,227985075
2024-08-01 10:12:12,24350.0,800,Buy,227985076
2024-08-01 10:12:12,24350.0,1000,Buy,227985074
2024-08-01 10:12:12,24350.0,600,Buy,227985070
2024-08-01 10:12:12,24350.0,500,Buy,227985072
2024-08-01 10:12:12,24350.0,500,Buy,227985071
2024-08-01 10:12:12,24350.0,200,Buy,227985073
2024-08-01 10:12:37,24350.0,400,Sell,227985571
2024-08-01 10:12:45,24400.0,1000,Buy,227985697
2024-08-01 10:12:48,24350.0,2000,Sell,227985743
2024-08-01 10:13:34,24350.0,1800,Sell,227986484
2024-08-01 10:13:34,24350.0,700,Sell,227986485
2024-08-01 10:14:12,24400.0,5000,Buy,227987146
2024-08-01 10:14:48,24400.0,100,Buy,227987766
2024-08-01 10:14:49,24400.0,2000,Buy,227987793
2024-08-01 10:14:59,24400.0,800,Buy,227987984
2024-08-01 10:15:05,24400.0,500,Buy,227988080
2024-08-01 10:15:06,24400.0,2000,Buy,227988119
2024-08-01 10:15:12,24400.0,18000,Buy,227988233
2024-08-01 10:15:14,24400.0,5000,Buy,227988255
2024-08-01 10:15:17,24400.0,100,Buy,227988316
2024-08-01 10:15:19,24400.0,200,Buy,227988356
2024-08-01 10:15:19,24400.0,900,Buy,227988358
2024-08-01 10:15:35,24400.0,100,Buy,227988663
2024-08-01 10:16:23,24400.0,4800,Buy,227989425
2024-08-01 10:16:32,24400.0,1500,Buy,227989561
2024-08-01 10:16:35,24400.0,500,Buy,227989671
2024-08-01 10:16:35,24400.0,200,Buy,227989672
2024-08-01 10:16:35,24400.0,500,Buy,227989674
2024-08-01 10:16:35,24400.0,500,Buy,227989675
2024-08-01 10:16:35,24400.0,100,Buy,227989676
2024-08-01 10:16:35,24400.0,55000,Buy,227989677
2024-08-01 10:16:35,24400.0,1000,Buy,227989678
2024-08-01 10:16:35,24400.0,1500,Buy,227989679
2024-08-01 10:16:35,24400.0,5000,Buy,227989680
2024-08-01 10:16:35,24400.0,200,Buy,227989681
2024-08-01 10:16:35,24400.0,100,Buy,227989682
2024-08-01 10:16:35,24400.0,1100,Buy,227989683
2024-08-01 10:16:35,24400.0,500,Buy,227989684
2024-08-01 10:16:35,24400.0,100,Buy,227989670
2024-08-01 10:16:35,24400.0,100,Buy,227989669
2024-08-01 10:16:35,24400.0,500,Buy,227989673
2024-08-01 10:16:35,24400.0,100,Buy,227989667
2024-08-01 10:16:35,24400.0,28600,Buy,227989652
2024-08-01 10:16:35,24400.0,2000,Buy,227989653
2024-08-01 10:16:35,24400.0,300,Buy,227989654
2024-08-01 10:16:35,24400.0,200,Buy,227989668
2024-08-01 10:16:35,24400.0,10000,Buy,227989656
2024-08-01 10:16:35,24400.0,2500,Buy,227989657
2024-08-01 10:16:35,24400.0,100,Buy,227989658
2024-08-01 10:16:35,24400.0,3000,Buy,227989659
2024-08-01 10:16:35,24400.0,22800,Buy,227989655
2024-08-01 10:16:35,24400.0,500,Buy,227989661
2024-08-01 10:16:35,24400.0,5000,Buy,227989662
2024-08-01 10:16:35,24400.0,100,Buy,227989663
2024-08-01 10:16:35,24400.0,500,Buy,227989666
2024-08-01 10:16:35,24400.0,200,Buy,227989664
2024-08-01 10:16:35,24400.0,500,Buy,227989665
2024-08-01 10:16:35,24400.0,100,Buy,227989660
2024-08-01 10:16:39,24400.0,200,Sell,227989756
2024-08-01 10:16:48,24400.0,10000,Sell,227989948
2024-08-01 10:16:49,24400.0,46400,Sell,227989953
2024-08-01 10:17:18,24350.0,100,Sell,227990528
2024-08-01 10:17:58,24350.0,2000,Sell,227991352
2024-08-01 10:18:17,24350.0,3100,Sell,227991824
2024-08-01 10:18:17,24350.0,5000,Sell,227991823
2024-08-01 10:18:17,24350.0,3800,Sell,227991822
2024-08-01 10:18:17,24350.0,300,Sell,227991820
2024-08-01 10:18:17,24350.0,1000,Sell,227991819
2024-08-01 10:18:17,24350.0,200,Sell,227991821
2024-08-01 10:18:17,24350.0,600,Sell,227991817
2024-08-01 10:18:17,24350.0,2200,Sell,227991813
2024-08-01 10:18:17,24350.0,300,Sell,227991814
2024-08-01 10:18:17,24350.0,10000,Sell,227991818
2024-08-01 10:18:17,24350.0,100,Sell,227991816
2024-08-01 10:18:17,24350.0,300,Sell,227991815
2024-08-01 10:18:23,24350.0,100,Sell,227991933
2024-08-01 10:18:24,24400.0,24100,Buy,227991984
2024-08-01 10:18:24,24350.0,35900,Buy,227991983
2024-08-01 10:18:24,24350.0,2500,Sell,227991981
2024-08-01 10:18:24,24350.0,100,Sell,227991979
2024-08-01 10:18:24,24350.0,4000,Sell,227991982
2024-08-01 10:18:24,24350.0,2000,Sell,227991977
2024-08-01 10:18:24,24350.0,200,Sell,227991976
2024-08-01 10:18:24,24350.0,100,Sell,227991975
2024-08-01 10:18:24,24350.0,3700,Sell,227991974
2024-08-01 10:18:24,24350.0,10000,Sell,227991978
2024-08-01 10:18:24,24350.0,1500,Sell,227991980
2024-08-01 10:18:51,24300.0,400,Sell,227992402
2024-08-01 10:18:56,24400.0,1000,Buy,227992525
2024-08-01 10:19:11,24400.0,400,Buy,227992802
2024-08-01 10:19:14,24300.0,100,Sell,227992864
2024-08-01 10:19:33,24350.0,1000,Sell,227993252
2024-08-01 10:19:56,24350.0,3000,Sell,227993710
2024-08-01 10:19:59,24350.0,5000,Sell,227993820
2024-08-01 10:20:02,24350.0,5000,Sell,227993863
2024-08-01 10:20:07,24350.0,10000,Sell,227993949
2024-08-01 10:20:07,24350.0,10000,Sell,227993950
2024-08-01 10:20:07,24350.0,100,Sell,227993951
2024-08-01 10:20:07,24350.0,100,Sell,227993952
2024-08-01 10:20:07,24350.0,2000,Sell,227993948
2024-08-01 10:20:11,24350.0,1000,Buy,227994026
2024-08-01 10:20:13,24350.0,1000,Buy,227994046
2024-08-01 10:20:28,24300.0,1000,Sell,227994396
2024-08-01 10:20:28,24300.0,200,Sell,227994397
2024-08-01 10:20:28,24300.0,100,Sell,227994398
2024-08-01 10:20:28,24300.0,200,Sell,227994400
2024-08-01 10:20:28,24300.0,2000,Sell,227994401
2024-08-01 10:20:28,24300.0,100,Sell,227994402
2024-08-01 10:20:28,24300.0,20000,Sell,227994403
2024-08-01 10:20:28,24300.0,500,Sell,227994407
2024-08-01 10:20:28,24300.0,100,Sell,227994405
2024-08-01 10:20:28,24300.0,2000,Sell,227994406
2024-08-01 10:20:28,24300.0,500,Sell,227994408
2024-08-01 10:20:28,24300.0,10000,Sell,227994409
2024-08-01 10:20:28,24300.0,1000,Sell,227994410
2024-08-01 10:20:28,24300.0,1000,Sell,227994411
2024-08-01 10:20:28,24300.0,93300,Sell,227994412
2024-08-01 10:20:28,24300.0,2000,Sell,227994404
2024-08-01 10:20:28,24300.0,2000,Sell,227994395
2024-08-01 10:20:28,24300.0,400,Sell,227994393
2024-08-01 10:20:28,24300.0,100,Sell,227994392
2024-08-01 10:20:28,24300.0,3600,Sell,227994375
2024-08-01 10:20:28,24300.0,100,Sell,227994376
2024-08-01 10:20:28,24300.0,100,Sell,227994377
2024-08-01 10:20:28,24300.0,20000,Sell,227994380
2024-08-01 10:20:28,24300.0,2200,Sell,227994381
2024-08-01 10:20:28,24300.0,10000,Sell,227994382
2024-08-01 10:20:28,24300.0,5000,Sell,227994383
2024-08-01 10:20:28,24300.0,400,Sell,227994394
2024-08-01 10:20:28,24300.0,1000,Sell,227994385
2024-08-01 10:20:28,24300.0,100,Sell,227994391
2024-08-01 10:20:28,24300.0,200,Sell,227994390
2024-08-01 10:20:28,24300.0,100,Sell,227994389
2024-08-01 10:20:28,24300.0,200,Sell,227994384
2024-08-01 10:20:28,24300.0,100,Sell,227994387
2024-08-01 10:20:28,24300.0,100,Sell,227994386
2024-08-01 10:20:28,24300.0,300,Sell,227994388
2024-08-01 10:20:31,24350.0,6000,Buy,227994496
2024-08-01 10:20:47,24350.0,10000,Buy,227994804
2024-08-01 10:21:07,24350.0,200,Buy,227995282
2024-08-01 10:21:42,24350.0,1100,Buy,227995940
2024-08-01 10:22:19,24300.0,2000,Sell,227996873
2024-08-01 10:22:35,24300.0,4600,Sell,227997182
2024-08-01 10:22:35,24300.0,4700,Sell,227997175
2024-08-01 10:22:35,24300.0,100,Sell,227997176
2024-08-01 10:22:35,24300.0,300,Sell,227997177
2024-08-01 10:22:35,24300.0,6600,Sell,227997178
2024-08-01 10:22:35,24300.0,3000,Sell,227997179
2024-08-01 10:22:35,24300.0,500,Sell,227997180
2024-08-01 10:22:35,24300.0,200,Sell,227997181
2024-08-01 10:22:38,24300.0,100,Sell,227997269
2024-08-01 10:22:43,24300.0,3000,Sell,227997356
2024-08-01 10:22:43,24300.0,1000,Sell,227997345
2024-08-01 10:23:02,24300.0,500,Sell,227997771
2024-08-01 10:23:10,24300.0,800,Sell,227997983
2024-08-01 10:23:10,24300.0,200,Sell,227997984
2024-08-01 10:23:10,24300.0,400,Sell,227997985
2024-08-01 10:23:13,24300.0,400,Sell,227998059
2024-08-01 10:23:13,24300.0,100,Sell,227998057
2024-08-01 10:23:13,24300.0,1000,Sell,227998058
2024-08-01 10:23:13,24300.0,500,Sell,227998033
2024-08-01 10:23:13,24300.0,300,Sell,227998032
2024-08-01 10:23:13,24300.0,500,Sell,227998056
2024-08-01 10:23:16,24300.0,100,Sell,227998141
2024-08-01 10:23:16,24300.0,2900,Sell,227998142
2024-08-01 10:23:27,24300.0,100,Sell,227998388
2024-08-01 10:23:27,24300.0,100,Sell,227998389
2024-08-01 10:23:27,24300.0,800,Sell,227998390
2024-08-01 10:23:30,24300.0,1300,Sell,227998448
2024-08-01 10:23:30,24300.0,200,Sell,227998447
2024-08-01 10:23:30,24300.0,200,Sell,227998444
2024-08-01 10:23:30,24300.0,200,Sell,227998445
2024-08-01 10:23:30,24300.0,1100,Sell,227998446
2024-08-01 10:23:49,24300.0,100,Sell,227998737
2024-08-01 10:23:49,24300.0,2700,Sell,227998734
2024-08-01 10:23:49,24300.0,100,Sell,227998735
2024-08-01 10:23:49,24300.0,1500,Sell,227998736
2024-08-01 10:24:05,24300.0,600,Buy,227999016
2024-08-01 10:24:05,24300.0,200,Buy,227999017
2024-08-01 10:24:35,24300.0,4200,Sell,227999600
2024-08-01 10:24:35,24300.0,800,Sell,227999601
2024-08-01 10:24:37,24300.0,200,Sell,227999636
2024-08-01 10:24:47,24300.0,500,Sell,227999810
2024-08-01 10:24:49,24300.0,200,Sell,227999846
2024-08-01 10:25:13,24300.0,300,Sell,228000341
2024-08-01 10:25:15,24350.0,2400,Buy,228000406
2024-08-01 10:25:15,24350.0,30000,Buy,228000404
2024-08-01 10:25:15,24350.0,1000,Buy,228000402
2024-08-01 10:25:15,24350.0,3700,Buy,228000401
2024-08-01 10:25:15,24350.0,5000,Buy,228000400
2024-08-01 10:25:15,24350.0,500,Buy,228000405
2024-08-01 10:25:15,24350.0,3000,Buy,228000398
2024-08-01 10:25:15,24350.0,3000,Buy,228000399
2024-08-01 10:25:15,24350.0,13500,Buy,228000394
2024-08-01 10:25:15,24350.0,5800,Buy,228000395
2024-08-01 10:25:15,24350.0,1000,Buy,228000403
2024-08-01 10:25:15,24350.0,1000,Buy,228000397
2024-08-01 10:25:15,24350.0,1000,Buy,228000396
2024-08-01 10:25:16,24300.0,900,Sell,228000446
2024-08-01 10:25:26,24300.0,2000,Sell,228000674
2024-08-01 10:25:48,24350.0,1000,Buy,228001147
2024-08-01 10:25:53,24300.0,4000,Sell,228001292
2024-08-01 10:26:02,24300.0,500,Sell,228001535
2024-08-01 10:26:11,24300.0,500,Sell,228001797
2024-08-01 10:26:11,24300.0,7100,Sell,228001801
2024-08-01 10:26:11,24300.0,1000,Sell,228001800
2024-08-01 10:26:11,24300.0,200,Sell,228001799
2024-08-01 10:26:11,24300.0,100,Sell,228001795
2024-08-01 10:26:11,24300.0,10000,Sell,228001796
2024-08-01 10:26:11,24300.0,600,Sell,228001794
2024-08-01 10:26:11,24300.0,500,Sell,228001798
2024-08-01 10:26:15,24300.0,2900,Sell,228001883
2024-08-01 10:26:15,24300.0,100,Sell,228001884
2024-08-01 10:26:15,24300.0,800,Sell,228001885
2024-08-01 10:26:15,24300.0,1000,Sell,228001886
2024-08-01 10:26:15,24300.0,200,Sell,228001887
2024-08-01 10:26:19,24300.0,500,Buy,228002080
2024-08-01 10:26:20,24250.0,100,Sell,228002089
2024-08-01 10:26:20,24250.0,600,Sell,228002092
2024-08-01 10:26:20,24250.0,100,Sell,228002088
2024-08-01 10:26:20,24250.0,100,Sell,228002090
2024-08-01 10:26:20,24250.0,100,Sell,228002091
2024-08-01 10:26:28,24300.0,200,Buy,228002296
2024-08-01 10:26:32,24300.0,100,Buy,228002395
2024-08-01 10:26:45,24300.0,200,Buy,228002573
2024-08-01 10:26:54,24300.0,100,Buy,228002761
2024-08-01 10:27:15,24250.0,15000,Sell,228003194
2024-08-01 10:27:45,24250.0,1500,Sell,228003776
2024-08-01 10:27:49,24250.0,5000,Sell,228003832
2024-08-01 10:27:54,24300.0,12900,Buy,228004003
2024-08-01 10:27:54,24300.0,3000,Buy,228004002
2024-08-01 10:27:54,24300.0,2000,Buy,228004001
2024-08-01 10:27:54,24300.0,2800,Buy,228004000
2024-08-01 10:27:54,24300.0,2600,Buy,228003998
2024-08-01 10:27:54,24300.0,3900,Buy,228003997
2024-08-01 10:27:54,24300.0,1000,Buy,228003999
2024-08-01 10:27:58,24300.0,100,Buy,228004084
2024-08-01 10:27:59,24250.0,2000,Sell,228004121
2024-08-01 10:28:13,24300.0,900,Buy,228004512
2024-08-01 10:28:15,24250.0,3000,Sell,228004537
2024-08-01 10:29:05,24250.0,700,Sell,228005672
2024-08-01 10:29:41,24300.0,100,Buy,228006421
2024-08-01 10:29:45,24300.0,5000,Buy,228006545
2024-08-01 10:29:56,24250.0,1000,Sell,228006772
2024-08-01 10:30:06,24250.0,1200,Sell,228007002
2024-08-01 10:30:06,24250.0,1200,Sell,228007001
2024-08-01 10:30:31,24250.0,300,Sell,228007674
2024-08-01 10:30:31,24250.0,500,Sell,228007675
2024-08-01 10:30:32,24250.0,1000,Sell,228007694
2024-08-01 10:30:39,24300.0,11000,Buy,228007910
2024-08-01 10:30:39,24300.0,1700,Buy,228007911
2024-08-01 10:30:39,24300.0,200,Buy,228007912
2024-08-01 10:30:39,24300.0,17100,Buy,228007913
2024-08-01 10:31:01,24300.0,200,Buy,228008668
2024-08-01 10:31:05,24300.0,100,Buy,228008718
2024-08-01 10:31:10,24300.0,500,Buy,228008833
2024-08-01 10:31:11,24300.0,200,Buy,228008838
2024-08-01 10:31:35,24250.0,1000,Sell,228009509
2024-08-01 10:31:35,24250.0,1000,Sell,228009510
2024-08-01 10:31:35,24250.0,2500,Sell,228009511
2024-08-01 10:31:35,24250.0,500,Sell,228009512
2024-08-01 10:31:38,24250.0,2000,Sell,228009593
2024-08-01 10:31:52,24250.0,100,Sell,228010161
2024-08-01 10:31:54,24250.0,2000,Sell,228010251
2024-08-01 10:32:02,24250.0,400,Sell,228010532
2024-08-01 10:32:02,24250.0,100,Sell,228010533
2024-08-01 10:32:03,24250.0,200,Sell,228010550
2024-08-01 10:32:13,24250.0,500,Sell,228010836
2024-08-01 10:32:21,24250.0,1100,Sell,228011092
2024-08-01 10:32:23,24250.0,300,Sell,228011164
2024-08-01 10:32:29,24250.0,400,Sell,228011309
2024-08-01 10:32:29,24250.0,600,Sell,228011308
2024-08-01 10:32:29,24250.0,100,Sell,228011307
2024-08-01 10:32:29,24250.0,1000,Sell,228011306
2024-08-01 10:32:29,24250.0,500,Sell,228011305
2024-08-01 10:32:29,24250.0,1100,Sell,228011304
2024-08-01 10:32:29,24250.0,500,Sell,228011303
2024-08-01 10:32:29,24250.0,500,Sell,228011301
2024-08-01 10:32:29,24250.0,1000,Sell,228011310
2024-08-01 10:32:29,24250.0,4000,Sell,228011299
2024-08-01 10:32:29,24250.0,100,Sell,228011298
2024-08-01 10:32:29,24250.0,100,Sell,228011297
2024-08-01 10:32:29,24250.0,4000,Sell,228011296
2024-08-01 10:32:29,24250.0,100,Sell,228011295
2024-08-01 10:32:29,24250.0,2800,Sell,228011294
2024-08-01 10:32:29,24250.0,1000,Sell,228011302
2024-08-01 10:32:29,24250.0,200,Sell,228011300
2024-08-01 10:32:30,24250.0,1900,Sell,228011321
2024-08-01 10:32:30,24250.0,100,Sell,228011320
2024-08-01 10:32:32,24300.0,1900,Buy,228011409
2024-08-01 10:32:32,24300.0,1000,Buy,228011410
2024-08-01 10:32:32,24300.0,500,Buy,228011411
2024-08-01 10:32:32,24300.0,1600,Buy,228011412
2024-08-01 10:32:33,24250.0,100,Sell,228011435
2024-08-01 10:32:35,24250.0,200,Sell,228011487
2024-08-01 10:32:35,24250.0,1000,Sell,228011488
2024-08-01 10:32:35,24250.0,100,Sell,228011489
2024-08-01 10:32:35,24250.0,100,Sell,228011490
2024-08-01 10:32:35,24250.0,100,Sell,228011491
2024-08-01 10:32:35,24250.0,100,Sell,228011492
2024-08-01 10:32:35,24250.0,100,Sell,228011493
2024-08-01 10:32:35,24250.0,200,Sell,228011496
2024-08-01 10:32:35,24250.0,100,Sell,228011495
2024-08-01 10:32:35,24250.0,100,Sell,228011497
2024-08-01 10:32:35,24250.0,100,Sell,228011498
2024-08-01 10:32:35,24250.0,2000,Sell,228011499
2024-08-01 10:32:35,24250.0,200,Sell,228011501
2024-08-01 10:32:35,24250.0,10000,Sell,228011502
2024-08-01 10:32:35,24250.0,100,Sell,228011486
2024-08-01 10:32:35,24250.0,4000,Sell,228011494
2024-08-01 10:32:35,24250.0,2000,Sell,228011485
2024-08-01 10:32:35,24250.0,1700,Sell,228011503
2024-08-01 10:32:35,24250.0,2000,Sell,228011483
2024-08-01 10:32:35,24250.0,1000,Sell,228011484
2024-08-01 10:32:35,24250.0,48000,Sell,228011466
2024-08-01 10:32:35,24250.0,1000,Sell,228011467
2024-08-01 10:32:35,24250.0,100,Sell,228011468
2024-08-01 10:32:35,24250.0,200,Sell,228011469
2024-08-01 10:32:35,24250.0,100,Sell,228011470
2024-08-01 10:32:35,24250.0,300,Sell,228011471
2024-08-01 10:32:35,24250.0,100,Sell,228011472
2024-08-01 10:32:35,24250.0,500,Sell,228011473
2024-08-01 10:32:35,24250.0,200,Sell,228011500
2024-08-01 10:32:35,24250.0,3900,Sell,228011475
2024-08-01 10:32:35,24250.0,100,Sell,228011481
2024-08-01 10:32:35,24250.0,100,Sell,228011480
2024-08-01 10:32:35,24250.0,14400,Sell,228011479
2024-08-01 10:32:35,24250.0,100,Sell,228011482
2024-08-01 10:32:35,24250.0,200,Sell,228011478
2024-08-01 10:32:35,24250.0,200,Sell,228011476
2024-08-01 10:32:35,24250.0,1000,Sell,228011474
2024-08-01 10:32:35,24250.0,200,Sell,228011477
2024-08-01 10:32:55,24250.0,300,Buy,228012129
2024-08-01 10:33:00,24250.0,100,Buy,228012218
2024-08-01 10:33:23,24200.0,1100,Sell,228012727
2024-08-01 10:33:23,24200.0,1300,Sell,228012741
2024-08-01 10:33:23,24200.0,100,Sell,228012740
2024-08-01 10:33:23,24200.0,600,Sell,228012737
2024-08-01 10:33:23,24200.0,300,Sell,228012739
2024-08-01 10:33:23,24200.0,100,Sell,228012735
2024-08-01 10:33:23,24200.0,500,Sell,228012734
2024-08-01 10:33:23,24200.0,400,Sell,228012729
2024-08-01 10:33:23,24200.0,500,Sell,228012728
2024-08-01 10:33:23,24200.0,1000,Sell,228012736
2024-08-01 10:33:23,24200.0,100,Sell,228012738
2024-08-01 10:33:24,24250.0,200,Buy,228012758
2024-08-01 10:33:25,24200.0,2000,Sell,228012792
2024-08-01 10:33:45,24200.0,2000,Sell,228013413
2024-08-01 10:33:51,24200.0,100,Sell,228013606
2024-08-01 10:33:57,24200.0,900,Sell,228013926
2024-08-01 10:34:09,24200.0,100,Sell,228014357
2024-08-01 10:34:11,24200.0,1700,Sell,228014414
2024-08-01 10:34:12,24200.0,500,Sell,228014489
2024-08-01 10:34:17,24250.0,100,Buy,228014635
2024-08-01 10:34:19,24250.0,100,Buy,228014656
2024-08-01 10:34:21,24200.0,5000,Sell,228014734
2024-08-01 10:34:21,24200.0,4900,Sell,228014728
2024-08-01 10:34:21,24200.0,1000,Sell,228014727
2024-08-01 10:34:21,24200.0,100,Sell,228014725
2024-08-01 10:34:21,24200.0,1000,Sell,228014726
2024-08-01 10:34:21,24200.0,1000,Sell,228014723
2024-08-01 10:34:21,24200.0,1000,Sell,228014722
2024-08-01 10:34:21,24200.0,500,Sell,228014721
2024-08-01 10:34:21,24200.0,3000,Sell,228014720
2024-08-01 10:34:21,24200.0,7400,Sell,228014719
2024-08-01 10:34:21,24200.0,100,Sell,228014724
2024-08-01 10:34:23,24200.0,5000,Sell,228014788
2024-08-01 10:34:24,24200.0,100,Sell,228014822
2024-08-01 10:34:25,24200.0,100,Sell,228014864
2024-08-01 10:34:25,24200.0,10000,Sell,228014865
2024-08-01 10:34:25,24200.0,200,Sell,228014863
2024-08-01 10:34:25,24200.0,1800,Sell,228014866
2024-08-01 10:34:25,24200.0,2500,Sell,228014861
2024-08-01 10:34:25,24200.0,100,Sell,228014860
2024-08-01 10:34:25,24200.0,100,Sell,228014859
2024-08-01 10:34:25,24200.0,5000,Sell,228014858
2024-08-01 10:34:25,24200.0,200,Sell,228014862
2024-08-01 10:34:29,24250.0,10000,Buy,228015045
2024-08-01 10:34:30,24200.0,200,Sell,228015078
2024-08-01 10:34:30,24200.0,500,Sell,228015079
2024-08-01 10:34:30,24200.0,800,Sell,228015080
2024-08-01 10:34:53,24200.0,100,Sell,228015772
2024-08-01 10:34:53,24200.0,100,Sell,228015773
2024-08-01 10:34:53,24200.0,100,Sell,228015774
2024-08-01 10:34:53,24200.0,500,Sell,228015775
2024-08-01 10:34:53,24200.0,100,Sell,228015776
2024-08-01 10:34:53,24200.0,400,Sell,228015777
2024-08-01 10:34:53,24200.0,100,Sell,228015778
2024-08-01 10:34:53,24200.0,200,Sell,228015782
2024-08-01 10:34:53,24200.0,1500,Sell,228015780
2024-08-01 10:34:53,24200.0,300,Sell,228015781
2024-08-01 10:34:53,24200.0,100,Sell,228015771
2024-08-01 10:34:53,24200.0,200,Sell,228015783
2024-08-01 10:34:53,24200.0,1000,Sell,228015784
2024-08-01 10:34:53,24200.0,300,Sell,228015785
2024-08-01 10:34:53,24200.0,21600,Sell,228015786
2024-08-01 10:34:53,24200.0,2000,Sell,228015779
2024-08-01 10:34:53,24200.0,300,Sell,228015770
2024-08-01 10:34:53,24200.0,100,Sell,228015766
2024-08-01 10:34:53,24200.0,100,Sell,228015768
2024-08-01 10:34:53,24200.0,500,Sell,228015751
2024-08-01 10:34:53,24200.0,500,Sell,228015752
2024-08-01 10:34:53,24200.0,1000,Sell,228015753
2024-08-01 10:34:53,24200.0,2000,Sell,228015754
2024-08-01 10:34:53,24200.0,3000,Sell,228015755
2024-08-01 10:34:53,24200.0,600,Sell,228015756
2024-08-01 10:34:53,24200.0,200,Sell,228015769
2024-08-01 10:34:53,24200.0,300,Sell,228015758
2024-08-01 10:34:53,24200.0,200,Sell,228015757
2024-08-01 10:34:53,24200.0,1000,Sell,228015760
2024-08-01 10:34:53,24200.0,500,Sell,228015761
2024-08-01 10:34:53,24200.0,100,Sell,228015762
2024-08-01 10:34:53,24200.0,200,Sell,228015763
2024-08-01 10:34:53,24200.0,100,Sell,228015764
2024-08-01 10:34:53,24200.0,100,Sell,228015765
2024-08-01 10:34:53,24200.0,100,Sell,228015767
2024-08-01 10:34:53,24200.0,500,Sell,228015759
2024-08-01 10:34:58,24200.0,5000,Sell,228015926
2024-08-01 10:35:02,24200.0,2400,Sell,228016156
2024-08-01 10:35:02,24200.0,100,Sell,228016155
2024-08-01 10:35:02,24200.0,100,Sell,228016158
2024-08-01 10:35:02,24200.0,200,Sell,228016153
2024-08-01 10:35:02,24200.0,1000,Sell,228016154
2024-08-01 10:35:02,24200.0,100,Sell,228016157
2024-08-01 10:35:02,24200.0,3400,Sell,228016152
2024-08-01 10:35:03,24200.0,100,Sell,228016222
2024-08-01 10:35:03,24200.0,200,Sell,228016224
2024-08-01 10:35:03,24200.0,200,Sell,228016225
2024-08-01 10:35:03,24200.0,100,Sell,228016226
2024-08-01 10:35:03,24200.0,300,Sell,228016227
2024-08-01 10:35:03,24200.0,300,Sell,228016228
2024-08-01 10:35:03,24200.0,500,Sell,228016229
2024-08-01 10:35:03,24200.0,100,Sell,228016221
2024-08-01 10:35:03,24200.0,7000,Sell,228016230
2024-08-01 10:35:03,24200.0,100,Sell,228016232
2024-08-01 10:35:03,24200.0,1000,Sell,228016233
2024-08-01 10:35:03,24200.0,1200,Sell,228016234
2024-08-01 10:35:03,24200.0,200,Sell,228016235
2024-08-01 10:35:03,24200.0,100,Sell,228016236
2024-08-01 10:35:03,24200.0,200,Sell,228016237
2024-08-01 10:35:03,24200.0,29100,Sell,228016238
2024-08-01 10:35:03,24200.0,10000,Sell,228016231
2024-08-01 10:35:03,24200.0,100,Sell,228016220
2024-08-01 10:35:03,24200.0,9900,Sell,228016201
2024-08-01 10:35:03,24200.0,200,Sell,228016218
2024-08-01 10:35:03,24200.0,1000,Sell,228016202
2024-08-01 10:35:03,24200.0,1000,Sell,228016203
2024-08-01 10:35:03,24200.0,1000,Sell,228016204
2024-08-01 10:35:03,24200.0,200,Sell,228016205
2024-08-01 10:35:03,24200.0,500,Sell,228016206
2024-08-01 10:35:03,24200.0,600,Sell,228016219
2024-08-01 10:35:03,24200.0,1000,Sell,228016208
2024-08-01 10:35:03,24200.0,400,Sell,228016209
2024-08-01 10:35:03,24200.0,500,Sell,228016207
2024-08-01 10:35:03,24200.0,200,Sell,228016211
2024-08-01 10:35:03,24200.0,100,Sell,228016212
2024-08-01 10:35:03,24200.0,2000,Sell,228016213
2024-08-01 10:35:03,24200.0,200,Sell,228016214
2024-08-01 10:35:03,24200.0,5000,Sell,228016215
2024-08-01 10:35:03,24200.0,100,Sell,228016216
2024-08-01 10:35:03,24200.0,200,Sell,228016217
2024-08-01 10:35:03,24200.0,100,Sell,228016210
2024-08-01 10:35:03,24200.0,1000,Sell,228016223
2024-08-01 10:35:07,24200.0,500,Sell,228016533
2024-08-01 10:35:08,24200.0,5000,Sell,228016566
2024-08-01 10:35:09,24200.0,2000,Sell,228016631
2024-08-01 10:35:14,24200.0,200,Sell,228016828
2024-08-01 10:35:17,24200.0,200,Sell,228016948
2024-08-01 10:35:19,24200.0,2000,Sell,228017009
2024-08-01 10:35:21,24200.0,200,Sell,228017072
2024-08-01 10:35:21,24250.0,1200,Buy,228017070
2024-08-01 10:35:21,24250.0,400,Buy,228017071
2024-08-01 10:35:34,24200.0,100,Sell,228017476
2024-08-01 10:35:34,24200.0,100,Sell,228017477
2024-08-01 10:35:34,24200.0,200,Sell,228017478
2024-08-01 10:35:34,24200.0,100,Sell,228017479
2024-08-01 10:35:34,24200.0,3200,Sell,228017480
2024-08-01 10:35:34,24200.0,800,Sell,228017475
2024-08-01 10:35:43,24200.0,600,Sell,228017694
2024-08-01 10:35:43,24200.0,500,Sell,228017693
2024-08-01 10:35:43,24200.0,100,Sell,228017692
2024-08-01 10:35:43,24200.0,100,Sell,228017689
2024-08-01 10:35:43,24200.0,400,Sell,228017688
2024-08-01 10:35:43,24200.0,100,Sell,228017683
2024-08-01 10:35:43,24200.0,200,Sell,228017690
2024-08-01 10:35:43,24200.0,1000,Sell,228017691
2024-08-01 10:35:45,24250.0,1100,Buy,228017760
2024-08-01 10:35:45,24250.0,500,Buy,228017761
2024-08-01 10:35:45,24250.0,1000,Buy,228017762
2024-08-01 10:35:45,24250.0,2000,Buy,228017763
2024-08-01 10:35:45,24250.0,100,Buy,228017764
2024-08-01 10:35:45,24250.0,1000,Buy,228017765
2024-08-01 10:36:05,24250.0,800,Buy,228018441
2024-08-01 10:36:05,24250.0,2000,Buy,228018440
2024-08-01 10:36:06,24250.0,300,Buy,228018493
2024-08-01 10:36:07,24250.0,500,Buy,228018537
2024-08-01 10:36:07,24250.0,5000,Buy,228018538
2024-08-01 10:36:07,24250.0,300,Buy,228018539
2024-08-01 10:36:07,24250.0,3100,Buy,228018540
2024-08-01 10:36:07,24250.0,900,Buy,228018536
2024-08-01 10:36:10,24250.0,7600,Buy,228018693
2024-08-01 10:36:11,24250.0,5400,Buy,228018737
2024-08-01 10:36:11,24250.0,100,Buy,228018738
2024-08-01 10:36:11,24250.0,100,Buy,228018739
2024-08-01 10:36:11,24250.0,4400,Buy,228018740
2024-08-01 10:36:12,24250.0,1000,Buy,228018751
2024-08-01 10:36:26,24250.0,500,Buy,228019133
2024-08-01 10:36:32,24200.0,100,Sell,228019345
2024-08-01 10:36:32,24200.0,300,Sell,228019346
2024-08-01 10:36:32,24200.0,100,Sell,228019347
2024-08-01 10:36:32,24200.0,200,Sell,228019348
2024-08-01 10:36:32,24200.0,100,Sell,228019349
2024-08-01 10:36:32,24200.0,5000,Sell,228019350
2024-08-01 10:36:32,24200.0,4200,Sell,228019344
2024-08-01 10:36:34,24250.0,1400,Buy,228019451
2024-08-01 10:36:36,24250.0,7600,Buy,228019500
2024-08-01 10:36:46,24250.0,1300,Buy,228019815
2024-08-01 10:36:46,24250.0,100,Buy,228019814
2024-08-01 10:36:46,24250.0,20000,Buy,228019812
2024-08-01 10:36:46,24250.0,700,Buy,228019813
2024-08-01 10:36:46,24250.0,15100,Buy,228019811
2024-08-01 10:36:47,24250.0,2000,Sell,228019879
2024-08-01 10:36:57,24250.0,800,Sell,228020101
2024-08-01 10:36:57,24250.0,100,Sell,228020105
2024-08-01 10:36:57,24250.0,2100,Sell,228020106
2024-08-01 10:37:06,24250.0,1000,Sell,228020296
2024-08-01 10:37:14,24250.0,1900,Sell,228020523
2024-08-01 10:37:14,24250.0,500,Sell,228020524
2024-08-01 10:37:14,24250.0,1000,Sell,228020525
2024-08-01 10:37:14,24250.0,1600,Sell,228020526
2024-08-01 10:37:36,24250.0,100,Sell,228021106
2024-08-01 10:37:43,24250.0,2000,Sell,228021265
2024-08-01 10:37:43,24250.0,100,Sell,228021266
2024-08-01 10:37:43,24250.0,500,Sell,228021267
2024-08-01 10:37:43,24250.0,100,Sell,228021268
2024-08-01 10:37:43,24250.0,300,Sell,228021264
2024-08-01 10:37:51,24250.0,300,Sell,228021628
2024-08-01 10:38:19,24250.0,900,Sell,228022304
2024-08-01 10:38:19,24250.0,1600,Sell,228022305
2024-08-01 10:38:30,24250.0,400,Sell,228022494
2024-08-01 10:38:30,24250.0,600,Sell,228022495
2024-08-01 10:38:30,24250.0,1000,Sell,228022496
2024-08-01 10:38:32,24250.0,400,Sell,228022547
2024-08-01 10:39:15,24250.0,400,Sell,228023500
2024-08-01 10:39:15,24250.0,1600,Sell,228023499
2024-08-01 10:39:18,24300.0,100,Buy,228023568
2024-08-01 10:39:20,24250.0,1600,Sell,228023636
2024-08-01 10:39:20,24250.0,400,Sell,228023637
2024-08-01 10:39:54,24250.0,1000,Sell,228024348
2024-08-01 10:39:54,24250.0,500,Sell,228024356
2024-08-01 10:39:54,24250.0,500,Sell,228024357
2024-08-01 10:39:57,24250.0,100,Sell,228024418
2024-08-01 10:40:05,24250.0,100,Sell,228024574
2024-08-01 10:40:08,24250.0,500,Sell,228024633
2024-08-01 10:40:15,24250.0,200,Sell,228024790
2024-08-01 10:40:15,24250.0,800,Sell,228024789
2024-08-01 10:40:20,24300.0,5000,Buy,228024904
2024-08-01 10:40:20,24300.0,6000,Buy,228024913
2024-08-01 10:40:20,24300.0,300,Buy,228024912
2024-08-01 10:40:20,24300.0,200,Buy,228024911
2024-08-01 10:40:20,24300.0,2000,Buy,228024910
2024-08-01 10:40:20,24300.0,15000,Buy,228024909
2024-08-01 10:40:20,24300.0,600,Buy,228024908
2024-08-01 10:40:20,24300.0,100,Buy,228024907
2024-08-01 10:40:20,24300.0,500,Buy,228024906
2024-08-01 10:40:20,24300.0,100,Buy,228024903
2024-08-01 10:40:20,24300.0,3000,Buy,228024905
2024-08-01 10:40:20,24300.0,5000,Buy,228024901
2024-08-01 10:40:20,24300.0,400,Buy,228024892
2024-08-01 10:40:20,24300.0,5000,Buy,228024893
2024-08-01 10:40:20,24300.0,400,Buy,228024894
2024-08-01 10:40:20,24300.0,5000,Buy,228024895
2024-08-01 10:40:20,24300.0,100,Buy,228024896
2024-08-01 10:40:20,24300.0,3900,Buy,228024902
2024-08-01 10:40:20,24300.0,2000,Buy,228024898
2024-08-01 10:40:20,24300.0,200,Buy,228024899
2024-08-01 10:40:20,24300.0,2300,Buy,228024891
2024-08-01 10:40:20,24300.0,2000,Buy,228024900
2024-08-01 10:40:20,24300.0,5000,Buy,228024897
2024-08-01 10:40:22,24300.0,5000,Sell,228024967
2024-08-01 10:40:37,24300.0,1900,Sell,228025215
2024-08-01 10:41:10,24300.0,1000,Sell,228026001
2024-08-01 10:41:30,24300.0,2000,Sell,228026416
2024-08-01 10:41:34,24300.0,500,Sell,228026474
2024-08-01 10:41:36,24300.0,2000,Sell,228026512
2024-08-01 10:41:51,24300.0,1400,Sell,228026873
2024-08-01 10:41:53,24350.0,100,Buy,228026920
2024-08-01 10:42:28,24350.0,2500,Buy,228027633
2024-08-01 10:42:28,24350.0,2000,Buy,228027634
2024-08-01 10:42:28,24350.0,3000,Buy,228027635
2024-08-01 10:43:11,24350.0,300,Buy,228028561
2024-08-01 10:43:21,24300.0,200,Sell,228028738
2024-08-01 10:43:40,24300.0,800,Sell,228029210
2024-08-01 10:43:42,24300.0,100,Sell,228029223
2024-08-01 10:44:23,24300.0,1000,Sell,228029911
2024-08-01 10:44:28,24300.0,2000,Sell,228030043
2024-08-01 10:44:30,24300.0,5000,Sell,228030083
2024-08-01 10:44:51,24300.0,1000,Sell,228030444
2024-08-01 10:45:00,24300.0,14000,Sell,228030584
2024-08-01 10:45:01,24350.0,2000,Buy,228030596
2024-08-01 10:45:50,24350.0,100,Buy,228031374
2024-08-01 10:46:04,24350.0,1000,Buy,228031646
2024-08-01 10:46:26,24350.0,3300,Buy,228032039
2024-08-01 10:46:32,24350.0,1000,Buy,228032154
2024-08-01 10:46:38,24350.0,100,Buy,228032264
2024-08-01 10:46:40,24350.0,10000,Buy,228032294
2024-08-01 10:46:57,24350.0,300,Buy,228032692
2024-08-01 10:47:30,24350.0,2000,Buy,228033314
2024-08-01 10:47:32,24300.0,7500,Sell,228033377
2024-08-01 10:47:32,24300.0,7500,Sell,228033378
2024-08-01 10:47:36,24350.0,7700,Buy,228033460
2024-08-01 10:47:36,24350.0,200,Buy,228033459
2024-08-01 10:47:36,24350.0,2000,Buy,228033458
2024-08-01 10:47:36,24350.0,100,Buy,228033457
2024-08-01 10:47:36,24350.0,10000,Buy,228033451
2024-08-01 10:47:36,24350.0,1500,Buy,228033456
2024-08-01 10:47:36,24350.0,300,Buy,228033455
2024-08-01 10:47:36,24350.0,15000,Buy,228033454
2024-08-01 10:47:36,24350.0,200,Buy,228033453
2024-08-01 10:47:36,24350.0,1200,Buy,228033452
2024-08-01 10:47:36,24350.0,100,Buy,228033450
2024-08-01 10:47:36,24350.0,800,Buy,228033441
2024-08-01 10:47:36,24350.0,1000,Buy,228033448
2024-08-01 10:47:36,24350.0,6900,Buy,228033437
2024-08-01 10:47:36,24350.0,200,Buy,228033449
2024-08-01 10:47:36,24350.0,2000,Buy,228033439
2024-08-01 10:47:36,24350.0,2700,Buy,228033440
2024-08-01 10:47:36,24350.0,1000,Buy,228033442
2024-08-01 10:47:36,24350.0,100,Buy,228033438
2024-08-01 10:47:36,24350.0,1000,Buy,228033444
2024-08-01 10:47:36,24350.0,5000,Buy,228033445
2024-08-01 10:47:36,24350.0,200,Buy,228033446
2024-08-01 10:47:36,24350.0,100,Buy,228033447
2024-08-01 10:47:36,24350.0,500,Buy,228033443
2024-08-01 10:47:40,24300.0,1900,Sell,228033516
2024-08-01 10:47:51,24300.0,1100,Sell,228033701
2024-08-01 10:47:51,24350.0,500,Buy,228033705
2024-08-01 10:48:20,24300.0,3500,Sell,228034112
2024-08-01 10:48:21,24300.0,400,Sell,228034123
2024-08-01 10:48:21,24300.0,1000,Sell,228034124
2024-08-01 10:48:21,24300.0,200,Sell,228034125
2024-08-01 10:48:26,24300.0,1100,Sell,228034207
2024-08-01 10:48:26,24300.0,800,Sell,228034206
2024-08-01 10:48:26,24300.0,100,Sell,228034205
2024-08-01 10:48:51,24300.0,1000,Sell,228034535
2024-08-01 10:49:05,24300.0,2000,Sell,228034838
2024-08-01 10:49:11,24300.0,1400,Sell,228034944
2024-08-01 10:49:14,24300.0,1000,Sell,228035017
2024-08-01 10:49:19,24300.0,1000,Sell,228035097
2024-08-01 10:49:22,24300.0,2000,Sell,228035201
2024-08-01 10:49:24,24300.0,2000,Sell,228035238
2024-08-01 10:49:26,24300.0,2000,Sell,228035281
2024-08-01 10:49:35,24300.0,500,Sell,228035434
2024-08-01 10:49:35,24300.0,100,Sell,228035433
2024-08-01 10:49:35,24300.0,100,Sell,228035432
2024-08-01 10:49:35,24300.0,100,Sell,228035429
2024-08-01 10:49:35,24300.0,100,Sell,228035430
2024-08-01 10:49:35,24300.0,900,Sell,228035428
2024-08-01 10:49:35,24300.0,200,Sell,228035431
2024-08-01 10:49:51,24300.0,100,Sell,228035787
2024-08-01 10:49:51,24300.0,100,Sell,228035788
2024-08-01 10:49:51,24300.0,200,Sell,228035786
2024-08-01 10:49:51,24300.0,200,Sell,228035789
2024-08-01 10:49:51,24300.0,2000,Sell,228035784
2024-08-01 10:49:51,24300.0,400,Sell,228035782
2024-08-01 10:49:51,24300.0,200,Sell,228035785
2024-08-01 10:49:51,24300.0,2000,Sell,228035783
2024-08-01 10:50:17,24300.0,100,Buy,228036329
2024-08-01 10:50:29,24250.0,800,Sell,228036543
2024-08-01 10:50:29,24250.0,1200,Sell,228036544
2024-08-01 10:50:37,24250.0,800,Sell,228036699
2024-08-01 10:50:37,24250.0,100,Sell,228036700
2024-08-01 10:50:37,24250.0,900,Sell,228036701
2024-08-01 10:50:45,24300.0,100,Buy,228036893
2024-08-01 10:51:18,24250.0,700,Sell,228037525
2024-08-01 10:51:56,24250.0,500,Sell,228038329
2024-08-01 10:52:23,24300.0,100,Buy,228039081
2024-08-01 10:52:26,24250.0,100,Sell,228039183
2024-08-01 10:52:50,24250.0,100,Sell,228039811
2024-08-01 10:52:51,24250.0,1000,Sell,228039822
2024-08-01 10:52:53,24300.0,4500,Buy,228039867
2024-08-01 10:52:53,24300.0,500,Buy,228039868
2024-08-01 10:53:08,24300.0,2500,Buy,228040384
2024-08-01 10:53:08,24300.0,2500,Buy,228040385
2024-08-01 10:53:08,24250.0,3000,Sell,228040395
2024-08-01 10:53:09,24300.0,1000,Buy,228040401
2024-08-01 10:53:13,24250.0,1600,Sell,228040556
2024-08-01 10:53:28,24250.0,400,Sell,228040850
2024-08-01 10:53:47,24250.0,8000,Sell,228041516
2024-08-01 10:53:52,24250.0,5000,Sell,228041792
2024-08-01 10:53:55,24250.0,3000,Sell,228041892
2024-08-01 10:53:57,24250.0,1000,Sell,228041997
2024-08-01 10:54:03,24250.0,2000,Sell,228042285
2024-08-01 10:54:14,24250.0,2700,Sell,228042959
2024-08-01 10:54:14,24250.0,4000,Sell,228042960
2024-08-01 10:54:14,24250.0,300,Sell,228042961
2024-08-01 10:54:14,24250.0,1000,Sell,228042962
2024-08-01 10:54:14,24250.0,1600,Sell,228042963
2024-08-01 10:54:15,24250.0,100,Sell,228042993
2024-08-01 10:54:17,24250.0,500,Sell,228043127
2024-08-01 10:54:17,24250.0,100,Sell,228043126
2024-08-01 10:54:17,24250.0,3300,Sell,228043123
2024-08-01 10:54:17,24250.0,1000,Sell,228043124
2024-08-01 10:54:17,24250.0,100,Sell,228043125
2024-08-01 10:54:25,24250.0,100,Sell,228043523
2024-08-01 10:54:43,24250.0,1000,Sell,228044265
2024-08-01 10:54:50,24250.0,5200,Sell,228044670
2024-08-01 10:54:50,24250.0,500,Sell,228044669
2024-08-01 10:54:50,24250.0,14400,Sell,228044668
2024-08-01 10:54:50,24250.0,100,Sell,228044667
2024-08-01 10:54:50,24250.0,1000,Sell,228044666
2024-08-01 10:54:50,24250.0,200,Sell,228044664
2024-08-01 10:54:50,24250.0,28400,Sell,228044662
2024-08-01 10:54:50,24250.0,100,Sell,228044665
2024-08-01 10:54:50,24250.0,100,Sell,228044663
2024-08-01 10:54:51,24250.0,100,Sell,228044686
2024-08-01 10:54:54,24250.0,100,Sell,228044834
2024-08-01 10:54:54,24250.0,100,Sell,228044835
2024-08-01 10:54:54,24250.0,200,Sell,228044836
2024-08-01 10:54:54,24250.0,400,Sell,228044837
2024-08-01 10:54:54,24250.0,200,Sell,228044833
2024-08-01 10:54:55,24250.0,500,Sell,228044908
2024-08-01 10:54:56,24250.0,100,Sell,228044932
2024-08-01 10:55:11,24250.0,1700,Buy,228045853
2024-08-01 10:55:11,24250.0,900,Buy,228045851
2024-08-01 10:55:11,24250.0,5000,Buy,228045852
2024-08-01 10:55:24,24250.0,3000,Buy,228046728
2024-08-01 10:55:30,24250.0,200,Buy,228046994
2024-08-01 10:55:32,24250.0,2000,Buy,228047124
2024-08-01 10:56:01,24250.0,100,Buy,228049111
2024-08-01 10:56:01,24250.0,100,Buy,228049112
2024-08-01 10:56:01,24250.0,100,Buy,228049113
2024-08-01 10:56:02,24200.0,700,Sell,228049172
2024-08-01 10:56:02,24200.0,200,Sell,228049162
2024-08-01 10:56:02,24200.0,9200,Sell,228049170
2024-08-01 10:56:02,24200.0,100,Sell,228049171
2024-08-01 10:56:12,24200.0,1000,Sell,228050090
2024-08-01 10:56:25,24200.0,1000,Sell,228051070
2024-08-01 10:56:28,24250.0,4000,Buy,228051193
2024-08-01 10:56:31,24200.0,300,Sell,228051294
2024-08-01 10:56:31,24200.0,900,Sell,228051295
2024-08-01 10:56:31,24200.0,100,Sell,228051296
2024-08-01 10:56:31,24200.0,200,Sell,228051297
2024-08-01 10:56:34,24200.0,300,Sell,228051419
2024-08-01 10:56:34,24200.0,100,Sell,228051420
2024-08-01 10:56:34,24200.0,100,Sell,228051421
2024-08-01 10:56:34,24200.0,500,Sell,228051422
2024-08-01 10:56:36,24200.0,3000,Sell,228051610
2024-08-01 10:56:40,24200.0,3500,Sell,228051771
2024-08-01 10:56:40,24200.0,1300,Sell,228051769
2024-08-01 10:56:40,24200.0,200,Sell,228051770
2024-08-01 10:56:43,24200.0,100,Sell,228051928
2024-08-01 10:56:43,24200.0,5100,Sell,228051934
2024-08-01 10:56:43,24200.0,300,Sell,228051933
2024-08-01 10:56:43,24200.0,100,Sell,228051931
2024-08-01 10:56:43,24200.0,100,Sell,228051930
2024-08-01 10:56:43,24200.0,2000,Sell,228051929
2024-08-01 10:56:43,24200.0,100,Sell,228051927
2024-08-01 10:56:43,24200.0,200,Sell,228051932
2024-08-01 10:56:43,24200.0,1000,Sell,228051925
2024-08-01 10:56:43,24200.0,500,Sell,228051924
2024-08-01 10:56:43,24200.0,1000,Sell,228051923
2024-08-01 10:56:43,24200.0,1000,Sell,228051922
2024-08-01 10:56:43,24200.0,500,Sell,228051921
2024-08-01 10:56:43,24200.0,6500,Sell,228051918
2024-08-01 10:56:43,24200.0,1000,Sell,228051920
2024-08-01 10:56:43,24200.0,500,Sell,228051919
2024-08-01 10:56:43,24200.0,1000,Sell,228051926
2024-08-01 10:56:44,24200.0,5000,Sell,228051992
2024-08-01 10:56:44,24200.0,6600,Sell,228051997
2024-08-01 10:56:47,24200.0,5000,Sell,228052158
2024-08-01 10:56:54,24200.0,3000,Sell,228052486
2024-08-01 10:57:05,24200.0,700,Sell,228053150
2024-08-01 10:57:07,24200.0,1000,Sell,228053275
2024-08-01 10:57:09,24200.0,5000,Sell,228053375
2024-08-01 10:57:11,24200.0,1000,Sell,228053455
2024-08-01 10:57:13,24200.0,200,Sell,228053554
2024-08-01 10:57:14,24200.0,3700,Sell,228053631
2024-08-01 10:57:14,24200.0,200,Sell,228053630
2024-08-01 10:57:14,24200.0,1700,Sell,228053629
2024-08-01 10:57:14,24200.0,1000,Sell,228053628
2024-08-01 10:57:14,24200.0,1000,Sell,228053627
2024-08-01 10:57:14,24200.0,300,Sell,228053626
2024-08-01 10:57:14,24200.0,200,Sell,228053625
2024-08-01 10:57:14,24200.0,500,Sell,228053624
2024-08-01 10:57:14,24200.0,100,Sell,228053623
2024-08-01 10:57:14,24200.0,100,Sell,228053622
2024-08-01 10:57:14,24200.0,1000,Sell,228053621
2024-08-01 10:57:14,24200.0,100,Sell,228053620
2024-08-01 10:57:14,24200.0,100,Sell,228053616
2024-08-01 10:57:14,24200.0,100,Sell,228053618
2024-08-01 10:57:14,24200.0,100,Sell,228053619
2024-08-01 10:57:14,24200.0,7400,Sell,228053606
2024-08-01 10:57:14,24200.0,4000,Sell,228053607
2024-08-01 10:57:14,24200.0,3000,Sell,228053608
2024-08-01 10:57:14,24200.0,100,Sell,228053610
2024-08-01 10:57:14,24200.0,1800,Sell,228053609
2024-08-01 10:57:14,24200.0,100,Sell,228053612
2024-08-01 10:57:14,24200.0,100,Sell,228053613
2024-08-01 10:57:14,24200.0,100,Sell,228053614
2024-08-01 10:57:14,24200.0,2000,Sell,228053615
2024-08-01 10:57:14,24200.0,1000,Sell,228053617
2024-08-01 10:57:14,24200.0,200,Sell,228053611
2024-08-01 10:57:15,24200.0,100000,Sell,228053697
2024-08-01 10:57:15,24200.0,1000,Sell,228053694
2024-08-01 10:57:15,24200.0,1000,Sell,228053695
2024-08-01 10:57:15,24200.0,100,Sell,228053696
2024-08-01 10:57:15,24200.0,100,Sell,228053693
2024-08-01 10:57:15,24200.0,14400,Sell,228053709
2024-08-01 10:57:15,24200.0,100,Sell,228053699
2024-08-01 10:57:15,24200.0,100,Sell,228053700
2024-08-01 10:57:15,24200.0,3900,Sell,228053701
2024-08-01 10:57:15,24200.0,500,Sell,228053708
2024-08-01 10:57:15,24200.0,100,Sell,228053698
2024-08-01 10:57:15,24200.0,1000,Sell,228053692
2024-08-01 10:57:15,24200.0,300,Sell,228053684
2024-08-01 10:57:15,24200.0,400,Sell,228053690
2024-08-01 10:57:15,24200.0,100,Sell,228053691
2024-08-01 10:57:15,24200.0,26300,Sell,228053678
2024-08-01 10:57:15,24200.0,300,Sell,228053679
2024-08-01 10:57:15,24200.0,500,Sell,228053680
2024-08-01 10:57:15,24200.0,5000,Sell,228053681
2024-08-01 10:57:15,24200.0,800,Sell,228053682
2024-08-01 10:57:15,24200.0,200,Sell,228053683
2024-08-01 10:57:15,24200.0,200,Sell,228053685
2024-08-01 10:57:15,24200.0,20000,Sell,228053688
2024-08-01 10:57:15,24200.0,100,Sell,228053689
2024-08-01 10:57:15,24200.0,100,Sell,228053686
2024-08-01 10:57:15,24200.0,500,Sell,228053687
2024-08-01 10:57:26,24200.0,14400,Buy,228054205
2024-08-01 10:57:28,24150.0,100,Sell,228054343
2024-08-01 10:57:28,24150.0,200,Sell,228054344
2024-08-01 10:57:28,24150.0,100,Sell,228054345
2024-08-01 10:57:28,24150.0,9600,Sell,228054346
2024-08-01 10:57:29,24150.0,100,Sell,228054404
2024-08-01 10:57:29,24150.0,300,Sell,228054407
2024-08-01 10:57:29,24150.0,600,Sell,228054408
2024-08-01 10:57:29,24150.0,1000,Sell,228054409
2024-08-01 10:57:29,24150.0,300,Sell,228054410
2024-08-01 10:57:29,24150.0,100,Sell,228054419
2024-08-01 10:57:34,24200.0,100,Buy,228054762
2024-08-01 10:57:39,24150.0,600,Sell,228055071
2024-08-01 10:57:40,24150.0,400,Sell,228055112
2024-08-01 10:57:40,24150.0,100,Sell,228055111
2024-08-01 10:57:45,24150.0,2500,Sell,228055371
2024-08-01 10:57:55,24150.0,2100,Sell,228055882
2024-08-01 10:57:55,24150.0,100,Sell,228055883
2024-08-01 10:57:55,24150.0,100,Sell,228055884
2024-08-01 10:57:55,24150.0,200,Sell,228055885
2024-08-01 10:57:55,24150.0,2100,Sell,228055886
2024-08-01 10:57:55,24150.0,2000,Sell,228055887
2024-08-01 10:57:55,24150.0,3400,Sell,228055888
2024-08-01 10:57:57,24150.0,2000,Sell,228055953
2024-08-01 10:58:01,24150.0,2000,Sell,228056119
2024-08-01 10:58:04,24200.0,100,Buy,228056204
2024-08-01 10:58:07,24150.0,2000,Sell,228056356
2024-08-01 10:58:13,24150.0,2300,Sell,228056785
2024-08-01 10:58:13,24150.0,1000,Sell,228056783
2024-08-01 10:58:13,24150.0,100,Sell,228056784
2024-08-01 10:58:13,24150.0,700,Sell,228056781
2024-08-01 10:58:13,24150.0,600,Sell,228056780
2024-08-01 10:58:13,24150.0,300,Sell,228056782
2024-08-01 10:58:14,24150.0,3300,Sell,228056829
2024-08-01 10:58:14,24150.0,1000,Sell,228056828
2024-08-01 10:58:14,24150.0,1000,Sell,228056827
2024-08-01 10:58:14,24150.0,200,Sell,228056824
2024-08-01 10:58:14,24150.0,100,Sell,228056825
2024-08-01 10:58:14,24150.0,100,Sell,228056826
2024-08-01 10:58:14,24150.0,100,Sell,228056823
2024-08-01 10:58:14,24150.0,200,Sell,228056822
2024-08-01 10:58:16,24150.0,5000,Sell,228056942
2024-08-01 10:58:25,24150.0,5000,Sell,228057423
2024-08-01 10:58:26,24150.0,1000,Sell,228057450
2024-08-01 10:58:26,24150.0,2000,Sell,228057453
2024-08-01 10:58:27,24150.0,200,Sell,228057494
2024-08-01 10:58:27,24200.0,200,Buy,228057495
2024-08-01 10:58:30,24200.0,30000,Buy,228057627
2024-08-01 10:58:39,24200.0,6200,Buy,228058003
2024-08-01 10:58:46,24150.0,5000,Sell,228058280
2024-08-01 10:58:46,24150.0,100,Sell,228058283
2024-08-01 10:58:53,24200.0,100,Buy,228058597
2024-08-01 10:58:56,24200.0,200,Buy,228058718
2024-08-01 10:58:56,24200.0,200,Buy,228058698
2024-08-01 10:59:02,24200.0,100,Buy,228059064
2024-08-01 10:59:06,24200.0,14400,Buy,228059162
2024-08-01 10:59:18,24200.0,1100,Buy,228059693
2024-08-01 10:59:18,24200.0,6900,Buy,228059691
2024-08-01 10:59:18,24200.0,2000,Buy,228059692
2024-08-01 10:59:32,24200.0,900,Buy,228060276
