time,price,volume,match_type,id
2024-08-23 09:14:37,24400.0,167100,ATO/ATC,234118984
2024-08-23 09:14:38,24400.0,2000,Buy,234119166
2024-08-23 09:14:38,24350.0,200,Sell,234119168
2024-08-23 09:14:39,24350.0,9300,Sell,234119181
2024-08-23 09:14:39,24350.0,100,Sell,234119180
2024-08-23 09:14:39,24350.0,100,Sell,234119176
2024-08-23 09:14:39,24350.0,300,Sell,234119178
2024-08-23 09:14:39,24350.0,100,Sell,234119179
2024-08-23 09:14:39,24350.0,100,Sell,234119177
2024-08-23 09:14:40,24350.0,300,Sell,234119188
2024-08-23 09:14:52,24350.0,2000,Sell,234119348
2024-08-23 09:15:06,24350.0,24100,Sell,234119583
2024-08-23 09:15:06,24350.0,6600,Sell,234119584
2024-08-23 09:15:06,24400.0,100,Buy,234119593
2024-08-23 09:15:09,24350.0,1000,Sell,234119612
2024-08-23 09:15:50,24400.0,400,Buy,234120511
2024-08-23 09:16:09,24400.0,100,Buy,234121027
2024-08-23 09:16:24,24400.0,1300,Buy,234121401
2024-08-23 09:16:35,24350.0,3400,Sell,234121668
2024-08-23 09:16:35,24350.0,400,Sell,234121669
2024-08-23 09:16:35,24350.0,1000,Sell,234121670
2024-08-23 09:16:49,24350.0,3400,Sell,234121997
2024-08-23 09:16:49,24350.0,1400,Sell,234121998
2024-08-23 09:16:56,24350.0,3600,Sell,234122154
2024-08-23 09:16:56,24350.0,1200,Sell,234122155
2024-08-23 09:17:05,24350.0,1500,Sell,234122360
2024-08-23 09:17:05,24350.0,2400,Sell,234122361
2024-08-23 09:17:05,24350.0,900,Sell,234122362
2024-08-23 09:17:06,24350.0,5000,Sell,234122390
2024-08-23 09:17:06,24350.0,8500,Sell,234122399
2024-08-23 09:17:06,24350.0,300,Sell,234122398
2024-08-23 09:17:06,24350.0,1000,Sell,234122397
2024-08-23 09:17:06,24350.0,100,Sell,234122396
2024-08-23 09:17:06,24350.0,900,Sell,234122395
2024-08-23 09:17:06,24350.0,200,Sell,234122394
2024-08-23 09:17:06,24350.0,20900,Sell,234122393
2024-08-23 09:17:06,24350.0,100,Sell,234122392
2024-08-23 09:17:06,24350.0,1000,Sell,234122389
2024-08-23 09:17:06,24350.0,2000,Sell,234122391
2024-08-23 09:17:06,24350.0,5000,Sell,234122387
2024-08-23 09:17:06,24350.0,200,Sell,234122388
2024-08-23 09:17:06,24350.0,100,Sell,234122376
2024-08-23 09:17:06,24350.0,100,Sell,234122377
2024-08-23 09:17:06,24350.0,5000,Sell,234122378
2024-08-23 09:17:06,24350.0,100,Sell,234122375
2024-08-23 09:17:06,24350.0,300,Sell,234122380
2024-08-23 09:17:06,24350.0,4700,Sell,234122385
2024-08-23 09:17:06,24350.0,100,Sell,234122386
2024-08-23 09:17:06,24350.0,2400,Sell,234122374
2024-08-23 09:17:06,24350.0,2000,Sell,234122379
2024-08-23 09:17:11,24350.0,4800,Sell,234122486
2024-08-23 09:17:13,24350.0,10000,Sell,234122531
2024-08-23 09:17:15,24350.0,6700,Sell,234122585
2024-08-23 09:17:15,24350.0,300,Sell,234122586
2024-08-23 09:17:16,24350.0,300,Sell,234122618
2024-08-23 09:17:16,24350.0,100,Sell,234122617
2024-08-23 09:17:16,24350.0,200,Sell,234122616
2024-08-23 09:17:16,24350.0,100,Sell,234122615
2024-08-23 09:17:16,24350.0,100,Sell,234122612
2024-08-23 09:17:16,24350.0,1000,Sell,234122613
2024-08-23 09:17:16,24350.0,100,Sell,234122611
2024-08-23 09:17:16,24350.0,100,Sell,234122610
2024-08-23 09:17:16,24350.0,100,Sell,234122609
2024-08-23 09:17:16,24350.0,3000,Sell,234122614
2024-08-23 09:17:20,24350.0,300,Buy,234122757
2024-08-23 09:17:21,24300.0,400,Sell,234122808
2024-08-23 09:17:21,24300.0,2000,Sell,234122809
2024-08-23 09:17:21,24300.0,200,Sell,234122810
2024-08-23 09:17:21,24300.0,200,Sell,234122811
2024-08-23 09:17:21,24300.0,2000,Sell,234122812
2024-08-23 09:17:22,24350.0,100,Buy,234122840
2024-08-23 09:17:29,24300.0,100,Sell,234123095
2024-08-23 09:17:29,24300.0,3700,Sell,234123096
2024-08-23 09:17:29,24300.0,200,Sell,234123093
2024-08-23 09:17:29,24300.0,200,Sell,234123094
2024-08-23 09:17:29,24300.0,100,Sell,234123092
2024-08-23 09:17:29,24300.0,100,Sell,234123091
2024-08-23 09:17:29,24300.0,300,Sell,234123090
2024-08-23 09:17:29,24300.0,100,Sell,234123089
2024-08-23 09:17:33,24300.0,4800,Sell,234123168
2024-08-23 09:17:38,24300.0,4800,Sell,234123314
2024-08-23 09:17:41,24350.0,4300,Buy,234123385
2024-08-23 09:17:51,24300.0,4800,Sell,234123660
2024-08-23 09:17:57,24350.0,4800,Sell,234123837
2024-08-23 09:17:58,24350.0,200,Sell,234123861
2024-08-23 09:17:58,24350.0,10000,Sell,234123862
2024-08-23 09:17:58,24300.0,17600,Sell,234123863
2024-08-23 09:17:58,24300.0,11000,Sell,234123864
2024-08-23 09:17:58,24300.0,5000,Sell,234123865
2024-08-23 09:17:58,24300.0,500,Sell,234123866
2024-08-23 09:17:58,24300.0,700,Sell,234123867
2024-08-23 09:18:05,24350.0,4000,Sell,234124097
2024-08-23 09:18:05,24350.0,800,Sell,234124096
2024-08-23 09:18:06,24350.0,500,Sell,234124129
2024-08-23 09:18:09,24350.0,500,Sell,234124220
2024-08-23 09:18:09,24350.0,14500,Sell,234124221
2024-08-23 09:18:13,24350.0,600,Sell,234124322
2024-08-23 09:18:14,24350.0,5000,Sell,234124341
2024-08-23 09:18:15,24350.0,500,Sell,234124408
2024-08-23 09:18:17,24400.0,100,Buy,234124488
2024-08-23 09:18:21,24350.0,300,Sell,234124605
2024-08-23 09:18:21,24350.0,100,Sell,234124591
2024-08-23 09:18:21,24350.0,100,Sell,234124589
2024-08-23 09:18:21,24350.0,4400,Sell,234124588
2024-08-23 09:18:21,24350.0,200,Sell,234124590
2024-08-23 09:18:23,24350.0,600,Sell,234124644
2024-08-23 09:18:23,24350.0,1000,Buy,234124650
2024-08-23 09:18:26,24350.0,900,Buy,234124703
2024-08-23 09:18:32,24350.0,4800,Sell,234124833
2024-08-23 09:18:33,24350.0,1000,Sell,234124863
2024-08-23 09:18:35,24350.0,900,Sell,234124910
2024-08-23 09:18:36,24350.0,2400,Sell,234124970
2024-08-23 09:18:44,24350.0,400,Buy,234125162
2024-08-23 09:18:58,24350.0,100,Buy,234125532
2024-08-23 09:19:00,24350.0,100,Buy,234125583
2024-08-23 09:19:02,24300.0,300,Sell,234125663
2024-08-23 09:19:02,24300.0,4500,Sell,234125664
2024-08-23 09:19:07,24300.0,500,Sell,234125785
2024-08-23 09:19:07,24300.0,2500,Sell,234125786
2024-08-23 09:19:08,24300.0,1900,Sell,234125810
2024-08-23 09:19:08,24300.0,300,Sell,234125811
2024-08-23 09:19:08,24300.0,2600,Sell,234125812
2024-08-23 09:19:10,24300.0,100,Sell,234125854
2024-08-23 09:19:10,24300.0,500,Sell,234125855
2024-08-23 09:19:13,24300.0,200,Sell,234125956
2024-08-23 09:19:18,24300.0,1000,Sell,234126074
2024-08-23 09:19:18,24300.0,4800,Sell,234126068
2024-08-23 09:19:21,24300.0,500,Sell,234126193
2024-08-23 09:19:24,24300.0,2200,Sell,234126250
2024-08-23 09:19:27,24300.0,100,Sell,234126303
2024-08-23 09:19:29,24300.0,100,Sell,234126358
2024-08-23 09:19:33,24300.0,2000,Sell,234126450
2024-08-23 09:19:38,24350.0,200,Buy,234126567
2024-08-23 09:19:46,24350.0,1200,Buy,234126746
2024-08-23 09:19:50,24350.0,300,Buy,234126831
2024-08-23 09:19:54,24350.0,100,Buy,234126951
2024-08-23 09:19:54,24350.0,700,Buy,234126950
2024-08-23 09:19:54,24350.0,500,Buy,234126952
2024-08-23 09:19:54,24350.0,1000,Buy,234126949
2024-08-23 09:19:54,24350.0,1000,Buy,234126954
2024-08-23 09:19:54,24350.0,600,Buy,234126955
2024-08-23 09:19:54,24350.0,1000,Buy,234126953
2024-08-23 09:19:54,24350.0,200,Buy,234126948
2024-08-23 09:19:54,24350.0,15000,Buy,234126946
2024-08-23 09:19:54,24350.0,500,Buy,234126947
2024-08-23 09:19:54,24350.0,500,Buy,234126945
2024-08-23 09:19:54,24350.0,3000,Buy,234126944
2024-08-23 09:19:54,24350.0,200,Buy,234126943
2024-08-23 09:19:54,24350.0,100,Buy,234126942
2024-08-23 09:19:54,24350.0,200,Buy,234126941
2024-08-23 09:19:54,24350.0,100,Buy,234126940
2024-08-23 09:19:54,24350.0,300,Buy,234126939
2024-08-23 09:19:59,24300.0,4800,Sell,234127125
2024-08-23 09:20:14,24350.0,100,Buy,234127422
2024-08-23 09:20:16,24300.0,500,Sell,234127543
2024-08-23 09:20:16,24300.0,3800,Sell,234127541
2024-08-23 09:20:16,24300.0,500,Sell,234127542
2024-08-23 09:20:18,24300.0,400,Sell,234127566
2024-08-23 09:20:31,24350.0,200,Buy,234127836
2024-08-23 09:20:32,24350.0,100,Buy,234127876
2024-08-23 09:21:05,24350.0,2500,Buy,234128747
2024-08-23 09:21:05,24350.0,400,Buy,234128749
2024-08-23 09:21:05,24350.0,30000,Buy,234128748
2024-08-23 09:21:05,24350.0,400,Buy,234128746
2024-08-23 09:21:05,24350.0,900,Buy,234128742
2024-08-23 09:21:05,24350.0,2200,Buy,234128744
2024-08-23 09:21:05,24350.0,300,Buy,234128743
2024-08-23 09:21:05,24350.0,100,Buy,234128741
2024-08-23 09:21:05,24350.0,1000,Buy,234128745
2024-08-23 09:21:07,24350.0,1500,Sell,234128796
2024-08-23 09:21:18,24350.0,1000,Sell,234129117
2024-08-23 09:21:26,24350.0,1000,Sell,234129317
2024-08-23 09:21:30,24350.0,5000,Sell,234129432
2024-08-23 09:21:42,24400.0,500,Buy,234129722
2024-08-23 09:21:45,24400.0,8100,Buy,234129802
2024-08-23 09:21:51,24350.0,300,Sell,234129981
2024-08-23 09:21:51,24350.0,500,Sell,234129980
2024-08-23 09:21:51,24350.0,400,Sell,234129978
2024-08-23 09:21:51,24350.0,500,Sell,234129976
2024-08-23 09:21:51,24350.0,300,Sell,234129977
2024-08-23 09:21:51,24350.0,3000,Sell,234129979
2024-08-23 09:21:59,24400.0,1700,Buy,234130157
2024-08-23 09:22:03,24350.0,10000,Sell,234130252
2024-08-23 09:22:03,24350.0,1000,Sell,234130253
2024-08-23 09:22:03,24350.0,800,Sell,234130254
2024-08-23 09:22:03,24350.0,100,Sell,234130255
2024-08-23 09:22:03,24350.0,3100,Sell,234130256
2024-08-23 09:22:03,24350.0,1000,Sell,234130257
2024-08-23 09:22:15,24350.0,100,Sell,234130526
2024-08-23 09:22:45,24350.0,9600,Sell,234131298
2024-08-23 09:22:45,24350.0,500,Sell,234131297
2024-08-23 09:22:45,24350.0,100,Sell,234131296
2024-08-23 09:22:45,24350.0,100,Sell,234131295
2024-08-23 09:22:45,24350.0,200,Sell,234131292
2024-08-23 09:22:45,24350.0,300,Sell,234131291
2024-08-23 09:22:45,24350.0,800,Sell,234131290
2024-08-23 09:22:45,24350.0,500,Sell,234131294
2024-08-23 09:22:45,24350.0,1000,Sell,234131293
2024-08-23 09:22:54,24350.0,400,Sell,234131540
2024-08-23 09:22:54,24350.0,100,Sell,234131541
2024-08-23 09:22:54,24350.0,500,Sell,234131542
2024-08-23 09:22:55,24350.0,1500,Sell,234131570
2024-08-23 09:22:55,24350.0,5000,Sell,234131571
2024-08-23 09:22:55,24350.0,13500,Sell,234131572
2024-08-23 09:23:16,24350.0,300,Sell,234132043
2024-08-23 09:23:16,24350.0,600,Sell,234132042
2024-08-23 09:23:19,24350.0,200,Sell,234132126
2024-08-23 09:23:23,24350.0,1100,Sell,234132228
2024-08-23 09:23:23,24350.0,100,Sell,234132229
2024-08-23 09:23:23,24350.0,600,Sell,234132227
2024-08-23 09:23:23,24350.0,100,Sell,234132225
2024-08-23 09:23:23,24350.0,100,Sell,234132224
2024-08-23 09:23:23,24350.0,1500,Sell,234132222
2024-08-23 09:23:23,24350.0,1300,Sell,234132226
2024-08-23 09:23:23,24350.0,200,Sell,234132223
2024-08-23 09:23:24,24350.0,1000,Sell,234132242
2024-08-23 09:23:24,24350.0,500,Sell,234132243
2024-08-23 09:23:31,24350.0,2000,Sell,234132404
2024-08-23 09:23:51,24350.0,2500,Sell,234132923
2024-08-23 09:23:51,24350.0,100,Sell,234132924
2024-08-23 09:23:51,24350.0,200,Sell,234132925
2024-08-23 09:23:51,24350.0,200,Sell,234132926
2024-08-23 09:23:51,24350.0,2900,Sell,234132927
2024-08-23 09:23:51,24350.0,200,Sell,234132928
2024-08-23 09:23:51,24350.0,3900,Sell,234132929
2024-08-23 09:23:55,24350.0,300,Sell,234133041
2024-08-23 09:23:55,24350.0,400,Sell,234133040
2024-08-23 09:23:55,24350.0,1100,Sell,234133039
2024-08-23 09:24:12,24350.0,100,Sell,234133492
2024-08-23 09:24:43,24400.0,1000,Buy,234134192
2024-08-23 09:24:49,24350.0,100,Sell,234134277
2024-08-23 09:24:49,24350.0,100,Sell,234134278
2024-08-23 09:24:49,24350.0,900,Sell,234134279
2024-08-23 09:25:06,24400.0,400,Buy,234134761
2024-08-23 09:25:10,24350.0,1100,Sell,234134837
2024-08-23 09:25:10,24350.0,1500,Sell,234134838
2024-08-23 09:25:10,24350.0,2000,Sell,234134839
2024-08-23 09:25:15,24400.0,2000,Buy,234134978
2024-08-23 09:25:19,24400.0,34800,Buy,234135072
2024-08-23 09:25:28,24400.0,1000,Buy,234135289
2024-08-23 09:25:30,24400.0,300,Buy,234135331
2024-08-23 09:25:34,24350.0,100,Sell,234135434
2024-08-23 09:25:34,24350.0,400,Sell,234135435
2024-08-23 09:25:34,24350.0,100,Sell,234135436
2024-08-23 09:25:34,24350.0,500,Sell,234135437
2024-08-23 09:25:34,24350.0,900,Sell,234135438
2024-08-23 09:25:34,24400.0,14700,Buy,234135449
2024-08-23 09:25:34,24400.0,200,Buy,234135451
2024-08-23 09:25:34,24400.0,100,Buy,234135452
2024-08-23 09:25:34,24400.0,200,Buy,234135453
2024-08-23 09:25:34,24400.0,100,Buy,234135454
2024-08-23 09:25:34,24400.0,400,Buy,234135455
2024-08-23 09:25:34,24400.0,1300,Buy,234135456
2024-08-23 09:25:39,24400.0,100,Buy,234135568
2024-08-23 09:25:39,24400.0,400,Buy,234135567
2024-08-23 09:25:48,24400.0,200,Buy,234135750
2024-08-23 09:25:48,24400.0,1800,Buy,234135751
2024-08-23 09:25:52,24400.0,200,Buy,234135882
2024-08-23 09:25:52,24400.0,1000,Buy,234135883
2024-08-23 09:25:52,24400.0,800,Buy,234135884
2024-08-23 09:25:52,24400.0,6300,Buy,234135885
2024-08-23 09:25:55,24400.0,600,Buy,234136030
2024-08-23 09:25:55,24400.0,1000,Buy,234136031
2024-08-23 09:25:55,24400.0,100,Buy,234136032
2024-08-23 09:25:55,24400.0,100,Buy,234136033
2024-08-23 09:25:55,24400.0,100,Buy,234136034
2024-08-23 09:25:55,24400.0,300,Buy,234136035
2024-08-23 09:25:55,24400.0,100,Buy,234136029
2024-08-23 09:25:55,24400.0,5000,Buy,234136037
2024-08-23 09:25:55,24400.0,200,Buy,234136038
2024-08-23 09:25:55,24400.0,1000,Buy,234136039
2024-08-23 09:25:55,24400.0,100,Buy,234136040
2024-08-23 09:25:55,24400.0,68900,Buy,234136041
2024-08-23 09:25:55,24400.0,4000,Buy,234136043
2024-08-23 09:25:55,24400.0,100,Buy,234136036
2024-08-23 09:25:55,24400.0,200,Buy,234136028
2024-08-23 09:25:55,24400.0,200,Buy,234136015
2024-08-23 09:25:55,24400.0,1000,Buy,234136026
2024-08-23 09:25:55,24400.0,100,Buy,234136027
2024-08-23 09:25:55,24400.0,5700,Buy,234136011
2024-08-23 09:25:55,24400.0,100,Buy,234136012
2024-08-23 09:25:55,24400.0,100,Buy,234136013
2024-08-23 09:25:55,24400.0,1500,Buy,234136016
2024-08-23 09:25:55,24400.0,100,Buy,234136017
2024-08-23 09:25:55,24400.0,500,Buy,234136018
2024-08-23 09:25:55,24400.0,50000,Buy,234136014
2024-08-23 09:25:55,24400.0,1000,Buy,234136020
2024-08-23 09:25:55,24400.0,900,Buy,234136021
2024-08-23 09:25:55,24400.0,4000,Buy,234136019
2024-08-23 09:25:55,24400.0,900,Buy,234136022
2024-08-23 09:25:55,24400.0,100,Buy,234136023
2024-08-23 09:25:55,24400.0,5000,Buy,234136024
2024-08-23 09:25:55,24400.0,1000,Buy,234136025
2024-08-23 09:25:56,24400.0,10000,Buy,234136075
2024-08-23 09:25:56,24400.0,100,Buy,234136076
2024-08-23 09:25:57,24400.0,100,Buy,234136139
2024-08-23 09:25:57,24400.0,100,Buy,234136138
2024-08-23 09:25:57,24400.0,1000,Buy,234136137
2024-08-23 09:25:57,24400.0,500,Buy,234136135
2024-08-23 09:25:57,24400.0,200,Buy,234136134
2024-08-23 09:25:57,24400.0,12000,Buy,234136133
2024-08-23 09:25:57,24400.0,1500,Buy,234136136
2024-08-23 09:26:20,24450.0,1000,Buy,234136729
2024-08-23 09:26:26,24450.0,50000,Buy,234136909
2024-08-23 09:26:26,24450.0,9500,Buy,234136912
2024-08-23 09:26:26,24450.0,2500,Buy,234136911
2024-08-23 09:26:26,24450.0,5000,Buy,234136910
2024-08-23 09:26:26,24450.0,500,Buy,234136908
2024-08-23 09:26:26,24450.0,100,Buy,234136907
2024-08-23 09:26:26,24450.0,100,Buy,234136905
2024-08-23 09:26:26,24450.0,1000,Buy,234136904
2024-08-23 09:26:26,24450.0,2000,Buy,234136903
2024-08-23 09:26:26,24450.0,300,Buy,234136902
2024-08-23 09:26:26,24450.0,8000,Buy,234136901
2024-08-23 09:26:26,24450.0,1000,Buy,234136888
2024-08-23 09:26:26,24450.0,100,Buy,234136906
2024-08-23 09:26:42,24500.0,1000,Buy,234137326
2024-08-23 09:26:43,24450.0,200,Sell,234137366
2024-08-23 09:26:58,24500.0,200,Buy,234137709
2024-08-23 09:26:58,24500.0,5000,Buy,234137724
2024-08-23 09:27:04,24500.0,500,Buy,234137944
2024-08-23 09:27:04,24500.0,100,Buy,234137943
2024-08-23 09:27:04,24500.0,500,Buy,234137940
2024-08-23 09:27:04,24500.0,50000,Buy,234137945
2024-08-23 09:27:04,24500.0,100,Buy,234137942
2024-08-23 09:27:04,24500.0,500,Buy,234137946
2024-08-23 09:27:04,24500.0,500,Buy,234137952
2024-08-23 09:27:04,24500.0,5000,Buy,234137948
2024-08-23 09:27:04,24500.0,5000,Buy,234137949
2024-08-23 09:27:04,24500.0,100,Buy,234137950
2024-08-23 09:27:04,24500.0,5000,Buy,234137951
2024-08-23 09:27:04,24500.0,100,Buy,234137953
2024-08-23 09:27:04,24500.0,700,Buy,234137947
2024-08-23 09:27:04,24500.0,500,Buy,234137939
2024-08-23 09:27:04,24500.0,500,Buy,234137941
2024-08-23 09:27:04,24500.0,500,Buy,234137937
2024-08-23 09:27:04,24500.0,10000,Buy,234137924
2024-08-23 09:27:04,24500.0,200,Buy,234137926
2024-08-23 09:27:04,24500.0,100,Buy,234137927
2024-08-23 09:27:04,24500.0,400,Buy,234137928
2024-08-23 09:27:04,24500.0,200,Buy,234137929
2024-08-23 09:27:04,24500.0,5000,Buy,234137930
2024-08-23 09:27:04,24500.0,400,Buy,234137925
2024-08-23 09:27:04,24500.0,200,Buy,234137932
2024-08-23 09:27:04,24500.0,100,Buy,234137931
2024-08-23 09:27:04,24500.0,100,Buy,234137936
2024-08-23 09:27:04,24500.0,3800,Buy,234137923
2024-08-23 09:27:04,24500.0,500,Buy,234137938
2024-08-23 09:27:04,24500.0,10000,Buy,234137934
2024-08-23 09:27:04,24500.0,10000,Buy,234137933
2024-08-23 09:27:04,24500.0,300,Buy,234137935
2024-08-23 09:27:15,24550.0,200,Buy,234138290
2024-08-23 09:27:15,24550.0,10000,Buy,234138291
2024-08-23 09:27:15,24550.0,200,Buy,234138293
2024-08-23 09:27:15,24550.0,100,Buy,234138294
2024-08-23 09:27:15,24550.0,200,Buy,234138295
2024-08-23 09:27:15,24550.0,100,Buy,234138296
2024-08-23 09:27:15,24550.0,100,Buy,234138297
2024-08-23 09:27:15,24550.0,9800,Buy,234138292
2024-08-23 09:27:20,24550.0,100,Buy,234138414
2024-08-23 09:27:23,24550.0,5000,Buy,234138519
2024-08-23 09:27:23,24550.0,200,Buy,234138520
2024-08-23 09:27:23,24550.0,500,Buy,234138518
2024-08-23 09:27:23,24550.0,9400,Buy,234138516
2024-08-23 09:27:23,24550.0,500,Buy,234138509
2024-08-23 09:27:23,24550.0,100,Buy,234138517
2024-08-23 09:27:26,24550.0,1000,Buy,234138599
2024-08-23 09:27:26,24550.0,800,Buy,234138609
2024-08-23 09:27:26,24550.0,1000,Buy,234138610
2024-08-23 09:27:26,24550.0,100,Buy,234138611
2024-08-23 09:27:42,24600.0,100,Buy,234139121
2024-08-23 09:27:42,24600.0,100,Buy,234139122
2024-08-23 09:27:42,24600.0,100,Buy,234139123
2024-08-23 09:27:44,24600.0,1000,Buy,234139214
2024-08-23 09:27:48,24600.0,100,Buy,234139303
2024-08-23 09:27:51,24600.0,100,Buy,234139393
2024-08-23 09:27:53,24600.0,600,Buy,234139443
2024-08-23 09:27:55,24600.0,1000,Buy,234139460
2024-08-23 09:27:55,24600.0,300,Buy,234139457
2024-08-23 09:27:55,24600.0,100,Buy,234139458
2024-08-23 09:27:55,24600.0,1000,Buy,234139459
2024-08-23 09:27:56,24600.0,500,Buy,234139534
2024-08-23 09:27:56,24600.0,500,Buy,234139526
2024-08-23 09:27:56,24600.0,100,Buy,234139532
2024-08-23 09:27:56,24600.0,100,Buy,234139531
2024-08-23 09:27:56,24600.0,100,Buy,234139530
2024-08-23 09:27:56,24600.0,2500,Buy,234139529
2024-08-23 09:27:56,24600.0,100,Buy,234139528
2024-08-23 09:27:56,24600.0,100,Buy,234139527
2024-08-23 09:27:56,24600.0,100,Buy,234139525
2024-08-23 09:27:56,24600.0,600,Buy,234139533
2024-08-23 09:27:56,24600.0,40000,Buy,234139523
2024-08-23 09:27:56,24600.0,200,Buy,234139522
2024-08-23 09:27:56,24600.0,5500,Buy,234139521
2024-08-23 09:27:56,24600.0,100,Buy,234139520
2024-08-23 09:27:56,24600.0,1000,Buy,234139519
2024-08-23 09:27:56,24600.0,300,Buy,234139518
2024-08-23 09:27:56,24600.0,100,Buy,234139517
2024-08-23 09:27:56,24600.0,2000,Buy,234139516
2024-08-23 09:27:56,24600.0,1000,Buy,234139515
2024-08-23 09:27:56,24600.0,100,Buy,234139513
2024-08-23 09:27:56,24600.0,100,Buy,234139524
2024-08-23 09:27:57,24600.0,100,Sell,234139564
2024-08-23 09:28:02,24650.0,100,Buy,234139724
2024-08-23 09:28:02,24650.0,600,Buy,234139723
2024-08-23 09:28:02,24650.0,100,Buy,234139722
2024-08-23 09:28:08,24650.0,100,Buy,234139915
2024-08-23 09:28:08,24650.0,300,Buy,234139913
2024-08-23 09:28:08,24650.0,200,Buy,234139914
2024-08-23 09:28:13,24650.0,100,Buy,234140030
2024-08-23 09:28:13,24650.0,100,Buy,234140031
2024-08-23 09:28:14,24650.0,300,Buy,234140087
2024-08-23 09:28:17,24650.0,100,Buy,234140187
2024-08-23 09:28:17,24650.0,500,Buy,234140195
2024-08-23 09:28:17,24650.0,1300,Buy,234140196
2024-08-23 09:28:17,24650.0,2000,Buy,234140197
2024-08-23 09:28:17,24650.0,1200,Buy,234140198
2024-08-23 09:28:19,24650.0,2000,Buy,234140243
2024-08-23 09:28:24,24650.0,2400,Buy,234140346
2024-08-23 09:28:25,24650.0,300,Buy,234140360
2024-08-23 09:28:34,24650.0,100,Buy,234140653
2024-08-23 09:28:37,24650.0,700,Buy,234140714
2024-08-23 09:28:38,24650.0,1000,Buy,234140741
2024-08-23 09:28:39,24650.0,1000,Buy,234140748
2024-08-23 09:28:39,24650.0,5000,Buy,234140765
2024-08-23 09:28:40,24650.0,300,Buy,234140783
2024-08-23 09:28:41,24650.0,26000,Buy,234140829
2024-08-23 09:28:41,24650.0,500,Buy,234140830
2024-08-23 09:28:41,24650.0,500,Buy,234140831
2024-08-23 09:28:41,24650.0,23000,Buy,234140832
2024-08-23 09:28:44,24650.0,500,Buy,234140932
2024-08-23 09:28:45,24650.0,2100,Buy,234140945
2024-08-23 09:28:45,24650.0,3500,Buy,234140941
2024-08-23 09:28:45,24650.0,100,Buy,234140939
2024-08-23 09:28:45,24650.0,100,Buy,234140940
2024-08-23 09:28:46,24650.0,1000,Buy,234140964
2024-08-23 09:28:46,24650.0,2000,Buy,234140967
2024-08-23 09:28:52,24650.0,200,Buy,234141155
2024-08-23 09:28:55,24650.0,10000,Buy,234141257
2024-08-23 09:28:56,24650.0,500,Buy,234141304
2024-08-23 09:28:56,24650.0,1000,Buy,234141345
2024-08-23 09:28:57,24650.0,1000,Buy,234141347
2024-08-23 09:28:58,24650.0,4400,Buy,234141387
2024-08-23 09:29:02,24650.0,300,Buy,234141537
2024-08-23 09:29:02,24650.0,4500,Buy,234141538
2024-08-23 09:29:08,24650.0,2000,Buy,234141735
2024-08-23 09:29:14,24650.0,1000,Buy,234141904
2024-08-23 09:29:14,24650.0,5000,Buy,234141903
2024-08-23 09:29:16,24600.0,44900,Sell,234141924
2024-08-23 09:29:16,24600.0,1000,Sell,234141925
2024-08-23 09:29:16,24600.0,1000,Sell,234141926
2024-08-23 09:29:16,24600.0,10000,Sell,234141927
2024-08-23 09:29:16,24600.0,1000,Sell,234141928
2024-08-23 09:29:16,24600.0,300,Sell,234141929
2024-08-23 09:29:16,24600.0,200,Sell,234141930
2024-08-23 09:29:16,24600.0,500,Sell,234141931
2024-08-23 09:29:17,24600.0,500,Buy,234141963
2024-08-23 09:29:35,24550.0,100,Sell,234142504
2024-08-23 09:29:41,24600.0,1000,Buy,234142755
2024-08-23 09:29:43,24550.0,200,Sell,234142810
2024-08-23 09:29:43,24550.0,900,Sell,234142816
2024-08-23 09:29:43,24550.0,100,Sell,234142814
2024-08-23 09:29:43,24550.0,200,Sell,234142815
2024-08-23 09:29:43,24550.0,300,Sell,234142813
2024-08-23 09:29:43,24550.0,500,Sell,234142812
2024-08-23 09:29:43,24550.0,1000,Sell,234142811
2024-08-23 09:29:45,24550.0,1000,Sell,234142939
2024-08-23 09:29:57,24600.0,1000,Buy,234143285
2024-08-23 09:29:58,24550.0,100,Sell,234143325
2024-08-23 09:29:58,24550.0,1000,Sell,234143326
2024-08-23 09:29:58,24550.0,100,Sell,234143327
2024-08-23 09:29:58,24550.0,2700,Sell,234143328
2024-08-23 09:30:37,24550.0,1000,Sell,234144485
2024-08-23 09:31:02,24600.0,1000,Buy,234145279
2024-08-23 09:31:09,24600.0,200,Buy,234145455
2024-08-23 09:31:11,24600.0,27000,Buy,234145506
2024-08-23 09:31:15,24600.0,400,Buy,234145609
2024-08-23 09:31:22,24600.0,2000,Buy,234145787
2024-08-23 09:31:28,24600.0,200,Buy,234145980
2024-08-23 09:31:30,24600.0,900,Buy,234146037
2024-08-23 09:31:31,24600.0,300,Buy,234146048
2024-08-23 09:31:32,24600.0,1500,Buy,234146069
2024-08-23 09:31:34,24600.0,1000,Buy,234146125
2024-08-23 09:31:42,24600.0,200,Buy,234146317
2024-08-23 09:31:45,24600.0,3900,Buy,234146463
2024-08-23 09:31:45,24600.0,1100,Buy,234146464
2024-08-23 09:31:46,24600.0,1400,Buy,234146493
2024-08-23 09:31:46,24600.0,200,Buy,234146494
2024-08-23 09:31:46,24600.0,100,Buy,234146495
2024-08-23 09:31:46,24600.0,300,Buy,234146496
2024-08-23 09:31:51,24600.0,1000,Buy,234146652
2024-08-23 09:31:52,24600.0,500,Buy,234146679
2024-08-23 09:31:54,24600.0,100,Buy,234146711
2024-08-23 09:31:56,24600.0,1100,Buy,234146787
2024-08-23 09:31:56,24600.0,3900,Buy,234146788
2024-08-23 09:31:57,24600.0,1100,Buy,234146791
2024-08-23 09:31:57,24600.0,2000,Buy,234146792
2024-08-23 09:31:57,24600.0,200,Buy,234146793
2024-08-23 09:31:57,24600.0,200,Buy,234146794
2024-08-23 09:31:57,24600.0,500,Buy,234146795
2024-08-23 09:31:57,24600.0,100,Buy,234146796
2024-08-23 09:31:57,24600.0,1900,Buy,234146797
2024-08-23 09:31:57,24600.0,1200,Buy,234146810
2024-08-23 09:31:57,24600.0,200,Buy,234146811
2024-08-23 09:31:57,24600.0,3600,Buy,234146812
2024-08-23 09:31:59,24600.0,500,Buy,234146858
2024-08-23 09:32:01,24600.0,300,Buy,234146903
2024-08-23 09:32:01,24600.0,100,Buy,234146902
2024-08-23 09:32:01,24600.0,100,Buy,234146901
2024-08-23 09:32:01,24600.0,1000,Buy,234146899
2024-08-23 09:32:01,24600.0,500,Buy,234146898
2024-08-23 09:32:01,24600.0,900,Buy,234146897
2024-08-23 09:32:01,24600.0,200,Buy,234146900
2024-08-23 09:32:11,24600.0,200,Sell,234147148
2024-08-23 09:32:12,24650.0,1000,Buy,234147187
2024-08-23 09:32:13,24650.0,100,Buy,234147203
2024-08-23 09:32:23,24600.0,4800,Sell,234147501
2024-08-23 09:32:23,24600.0,200,Sell,234147502
2024-08-23 09:32:32,24650.0,4000,Buy,234147706
2024-08-23 09:32:33,24650.0,2000,Buy,234147738
2024-08-23 09:32:37,24600.0,17200,Sell,234147849
2024-08-23 09:32:37,24600.0,2000,Sell,234147848
2024-08-23 09:32:37,24600.0,1500,Sell,234147847
2024-08-23 09:32:37,24600.0,800,Sell,234147845
2024-08-23 09:32:37,24600.0,500,Sell,234147846
2024-08-23 09:32:38,24650.0,10000,Buy,234147864
2024-08-23 09:32:43,24600.0,5000,Sell,234147945
2024-08-23 09:32:44,24600.0,2000,Sell,234147986
2024-08-23 09:32:44,24600.0,3800,Sell,234147987
2024-08-23 09:32:44,24600.0,1100,Sell,234147988
2024-08-23 09:32:44,24600.0,1000,Sell,234147989
2024-08-23 09:32:44,24600.0,7800,Sell,234147985
2024-08-23 09:32:52,24600.0,5000,Buy,234148172
2024-08-23 09:32:52,24600.0,200,Buy,234148183
2024-08-23 09:32:55,24600.0,100,Buy,234148236
2024-08-23 09:32:55,24600.0,100,Buy,234148237
2024-08-23 09:32:56,24550.0,500,Sell,234148258
2024-08-23 09:32:57,24600.0,1000,Buy,234148265
2024-08-23 09:33:05,24600.0,100,Buy,234148426
2024-08-23 09:33:08,24550.0,500,Sell,234148523
2024-08-23 09:33:12,24600.0,100,Buy,234148649
2024-08-23 09:33:17,24600.0,100,Buy,234148787
2024-08-23 09:33:21,24600.0,5000,Buy,234148861
2024-08-23 09:33:36,24550.0,6000,Sell,234149254
2024-08-23 09:33:36,24550.0,3000,Sell,234149253
2024-08-23 09:33:36,24550.0,300,Sell,234149249
2024-08-23 09:33:36,24550.0,200,Sell,234149251
2024-08-23 09:33:36,24550.0,200,Sell,234149250
2024-08-23 09:33:36,24550.0,300,Sell,234149252
2024-08-23 09:33:37,24600.0,500,Buy,234149275
2024-08-23 09:33:46,24600.0,2800,Buy,234149496
2024-08-23 09:33:46,24600.0,300,Buy,234149497
2024-08-23 09:33:51,24600.0,300,Buy,234149595
2024-08-23 09:33:51,24600.0,100,Buy,234149603
2024-08-23 09:33:51,24600.0,2500,Buy,234149604
2024-08-23 09:33:52,24600.0,400,Buy,234149630
2024-08-23 09:33:53,24600.0,1100,Buy,234149648
2024-08-23 09:33:53,24600.0,500,Buy,234149647
2024-08-23 09:33:53,24600.0,200,Buy,234149646
2024-08-23 09:33:53,24600.0,100,Buy,234149643
2024-08-23 09:33:53,24600.0,500,Buy,234149644
2024-08-23 09:33:53,24600.0,100,Buy,234149645
2024-08-23 09:33:53,24600.0,400,Buy,234149642
2024-08-23 09:33:53,24600.0,97100,Buy,234149641
2024-08-23 09:33:57,24550.0,100,Sell,234149729
2024-08-23 09:33:57,24550.0,1900,Sell,234149730
2024-08-23 09:33:57,24550.0,5000,Sell,234149731
2024-08-23 09:33:57,24550.0,3100,Sell,234149732
2024-08-23 09:33:58,24600.0,300,Buy,234149739
2024-08-23 09:34:09,24600.0,400,Buy,234149979
2024-08-23 09:34:59,24600.0,5000,Buy,234151422
2024-08-23 09:35:01,24550.0,1100,Sell,234151491
2024-08-23 09:35:01,24550.0,1000,Sell,234151490
2024-08-23 09:35:01,24550.0,1000,Sell,234151489
2024-08-23 09:35:01,24550.0,1000,Sell,234151488
2024-08-23 09:35:01,24550.0,2000,Sell,234151487
2024-08-23 09:35:01,24550.0,3000,Sell,234151484
2024-08-23 09:35:01,24550.0,1000,Sell,234151483
2024-08-23 09:35:01,24550.0,6900,Sell,234151482
2024-08-23 09:35:01,24550.0,2000,Sell,234151486
2024-08-23 09:35:01,24550.0,1000,Sell,234151485
2024-08-23 09:35:16,24600.0,100,Buy,234151876
2024-08-23 09:35:26,24550.0,500,Sell,234152071
2024-08-23 09:35:26,24550.0,100,Sell,234152072
2024-08-23 09:35:26,24550.0,400,Sell,234152073
2024-08-23 09:35:31,24550.0,100,Sell,234152170
2024-08-23 09:35:39,24550.0,5000,Sell,234152298
2024-08-23 09:35:39,24550.0,2900,Sell,234152299
2024-08-23 09:35:39,24550.0,1000,Sell,234152297
2024-08-23 09:35:39,24550.0,2000,Sell,234152295
2024-08-23 09:35:39,24550.0,100,Sell,234152293
2024-08-23 09:35:39,24550.0,200,Sell,234152296
2024-08-23 09:35:39,24550.0,900,Sell,234152294
2024-08-23 09:35:45,24550.0,400,Sell,234152455
2024-08-23 09:35:52,24550.0,200,Sell,234152589
2024-08-23 09:36:09,24550.0,800,Sell,234153141
2024-08-23 09:36:16,24550.0,100,Sell,234153296
2024-08-23 09:36:26,24550.0,3600,Sell,234153567
2024-08-23 09:36:26,24550.0,2400,Sell,234153568
2024-08-23 09:36:36,24550.0,200,Sell,234153869
2024-08-23 09:36:37,24550.0,400,Sell,234153880
2024-08-23 09:36:37,24550.0,2600,Sell,234153881
2024-08-23 09:36:43,24550.0,7400,Sell,234153975
2024-08-23 09:36:43,24550.0,100,Sell,234153976
2024-08-23 09:36:43,24550.0,2100,Sell,234153977
2024-08-23 09:36:45,24550.0,1000,Sell,234154097
2024-08-23 09:37:02,24550.0,1100,Sell,234154489
2024-08-23 09:37:02,24550.0,1900,Sell,234154488
2024-08-23 09:37:04,24550.0,200,Sell,234154550
2024-08-23 09:37:05,24550.0,700,Sell,234154560
2024-08-23 09:37:05,24550.0,300,Sell,234154561
2024-08-23 09:37:05,24550.0,200,Sell,234154615
2024-08-23 09:37:07,24550.0,500,Sell,234154655
2024-08-23 09:37:07,24550.0,500,Sell,234154656
2024-08-23 09:37:11,24550.0,5000,Sell,234154731
2024-08-23 09:37:14,24550.0,3000,Sell,234154801
2024-08-23 09:37:19,24550.0,10000,Sell,234154985
2024-08-23 09:37:22,24550.0,500,Sell,234155094
2024-08-23 09:37:24,24550.0,5000,Sell,234155133
2024-08-23 09:37:27,24550.0,1000,Sell,234155205
2024-08-23 09:37:28,24550.0,500,Sell,234155220
2024-08-23 09:37:31,24550.0,20000,Sell,234155277
2024-08-23 09:37:31,24550.0,1000,Sell,234155276
2024-08-23 09:37:33,24550.0,1000,Sell,234155321
2024-08-23 09:37:35,24550.0,8200,Sell,234155383
2024-08-23 09:37:35,24550.0,1200,Sell,234155394
2024-08-23 09:37:35,24550.0,1900,Sell,234155395
2024-08-23 09:37:35,24550.0,4500,Sell,234155396
2024-08-23 09:37:35,24550.0,100,Sell,234155397
2024-08-23 09:37:35,24550.0,100,Sell,234155398
2024-08-23 09:37:35,24550.0,300,Sell,234155380
2024-08-23 09:38:05,24500.0,5000,Sell,234156107
2024-08-23 09:38:20,24500.0,100,Sell,234156428
2024-08-23 09:38:20,24550.0,10000,Buy,234156450
2024-08-23 09:38:22,24500.0,100,Sell,234156481
2024-08-23 09:38:39,24500.0,1000,Sell,234156821
2024-08-23 09:39:12,24500.0,1000,Sell,234157501
2024-08-23 09:39:16,24500.0,2000,Sell,234157575
2024-08-23 09:39:17,24500.0,200,Sell,234157598
2024-08-23 09:39:18,24500.0,200,Sell,234157606
2024-08-23 09:39:19,24500.0,5000,Sell,234157626
2024-08-23 09:39:24,24500.0,200,Sell,234157701
2024-08-23 09:39:27,24500.0,500,Sell,234157763
2024-08-23 09:39:31,24500.0,500,Sell,234157845
2024-08-23 09:39:41,24500.0,3000,Sell,234157978
2024-08-23 09:40:39,24500.0,5000,Sell,234159081
2024-08-23 09:40:55,24500.0,1500,Sell,234159333
2024-08-23 09:40:57,24550.0,1000,Buy,234159471
2024-08-23 09:40:59,24500.0,100,Sell,234159522
2024-08-23 09:41:01,24550.0,2200,Buy,234159566
2024-08-23 09:41:11,24500.0,100,Sell,234159879
2024-08-23 09:41:16,24550.0,2000,Buy,234159973
2024-08-23 09:41:23,24500.0,500,Sell,234160058
2024-08-23 09:41:39,24500.0,12800,Sell,234160356
2024-08-23 09:41:58,24500.0,100,Sell,234160820
2024-08-23 09:42:09,24550.0,4000,Buy,234160981
2024-08-23 09:42:09,24550.0,200,Buy,234160961
2024-08-23 09:42:23,24500.0,500,Sell,234161195
2024-08-23 09:42:24,24500.0,600,Sell,234161218
2024-08-23 09:42:41,24550.0,19000,Buy,234161490
2024-08-23 09:42:55,24550.0,300,Buy,234161727
2024-08-23 09:42:56,24500.0,300,Sell,234161740
2024-08-23 09:43:00,24550.0,20000,Buy,234161818
2024-08-23 09:43:07,24500.0,400,Sell,234161914
2024-08-23 09:43:23,24550.0,1000,Buy,234162170
2024-08-23 09:43:27,24550.0,20000,Buy,234162215
2024-08-23 09:43:42,24550.0,3000,Buy,234162509
2024-08-23 09:43:50,24550.0,300,Buy,234162730
2024-08-23 09:43:51,24550.0,500,Buy,234162739
2024-08-23 09:43:52,24550.0,200,Buy,234162747
2024-08-23 09:43:53,24550.0,2500,Buy,234162762
2024-08-23 09:43:53,24550.0,800,Buy,234162761
2024-08-23 09:43:53,24550.0,1000,Buy,234162760
2024-08-23 09:43:53,24550.0,2000,Buy,234162759
2024-08-23 09:43:53,24550.0,200,Buy,234162757
2024-08-23 09:43:53,24550.0,200,Buy,234162756
2024-08-23 09:43:53,24550.0,3000,Buy,234162755
2024-08-23 09:43:53,24550.0,5000,Buy,234162754
2024-08-23 09:43:53,24550.0,10300,Buy,234162753
2024-08-23 09:43:53,24550.0,5000,Buy,234162758
2024-08-23 09:43:54,24550.0,2500,Buy,234162775
2024-08-23 09:43:54,24550.0,5000,Buy,234162776
2024-08-23 09:43:54,24550.0,900,Buy,234162777
2024-08-23 09:43:54,24550.0,1600,Buy,234162778
2024-08-23 09:43:56,24550.0,1200,Buy,234162823
2024-08-23 09:43:56,24550.0,2000,Buy,234162822
2024-08-23 09:43:56,24550.0,2000,Buy,234162821
2024-08-23 09:43:56,24550.0,1400,Buy,234162817
2024-08-23 09:43:56,24550.0,100,Buy,234162819
2024-08-23 09:43:56,24550.0,2000,Buy,234162818
2024-08-23 09:43:56,24550.0,200,Buy,234162820
2024-08-23 09:44:00,24550.0,100,Buy,234162901
2024-08-23 09:44:00,24550.0,700,Buy,234162902
2024-08-23 09:44:00,24550.0,100,Buy,234162899
2024-08-23 09:44:00,24550.0,800,Buy,234162898
2024-08-23 09:44:00,24550.0,300,Buy,234162900
2024-08-23 09:44:02,24550.0,100,Buy,234162958
2024-08-23 09:44:02,24550.0,100,Buy,234162957
2024-08-23 09:44:02,24550.0,8100,Buy,234162959
2024-08-23 09:44:02,24550.0,200,Buy,234162955
2024-08-23 09:44:02,24550.0,100,Buy,234162954
2024-08-23 09:44:02,24550.0,6400,Buy,234162953
2024-08-23 09:44:02,24550.0,5000,Buy,234162956
2024-08-23 09:44:10,24550.0,100,Buy,234163068
2024-08-23 09:44:11,24550.0,5000,Buy,234163080
2024-08-23 09:44:11,24550.0,3700,Buy,234163081
2024-08-23 09:44:11,24550.0,100,Buy,234163082
2024-08-23 09:44:12,24600.0,1400,Buy,234163113
2024-08-23 09:44:37,24600.0,200,Buy,234163537
2024-08-23 09:44:41,24600.0,1000,Buy,234163606
2024-08-23 09:44:41,24600.0,2000,Buy,234163605
2024-08-23 09:44:41,24600.0,3100,Buy,234163607
2024-08-23 09:44:41,24600.0,300,Buy,234163603
2024-08-23 09:44:41,24600.0,11500,Buy,234163602
2024-08-23 09:44:41,24600.0,100,Buy,234163604
2024-08-23 09:45:07,24600.0,2000,Buy,234164109
2024-08-23 09:45:12,24600.0,5000,Buy,234164205
2024-08-23 09:45:12,24600.0,3700,Buy,234164206
2024-08-23 09:45:12,24600.0,1000,Buy,234164207
2024-08-23 09:45:12,24600.0,5000,Buy,234164208
2024-08-23 09:45:12,24600.0,200,Buy,234164209
2024-08-23 09:45:12,24600.0,200,Buy,234164210
2024-08-23 09:45:12,24600.0,100,Buy,234164211
2024-08-23 09:45:12,24600.0,300,Buy,234164212
2024-08-23 09:45:12,24600.0,2000,Buy,234164214
2024-08-23 09:45:12,24600.0,2000,Buy,234164215
2024-08-23 09:45:12,24600.0,500,Buy,234164216
2024-08-23 09:45:12,24600.0,700,Buy,234164217
2024-08-23 09:45:12,24600.0,2000,Buy,234164204
2024-08-23 09:45:12,24600.0,2000,Buy,234164218
2024-08-23 09:45:12,24600.0,2000,Buy,234164219
2024-08-23 09:45:12,24600.0,100,Buy,234164220
2024-08-23 09:45:12,24600.0,3400,Buy,234164221
2024-08-23 09:45:12,24600.0,1000,Buy,234164213
2024-08-23 09:45:12,24600.0,100,Buy,234164203
2024-08-23 09:45:12,24600.0,2100,Buy,234164187
2024-08-23 09:45:12,24600.0,5000,Buy,234164201
2024-08-23 09:45:12,24600.0,10900,Buy,234164183
2024-08-23 09:45:12,24600.0,100,Buy,234164184
2024-08-23 09:45:12,24600.0,18600,Buy,234164185
2024-08-23 09:45:12,24600.0,5000,Buy,234164186
2024-08-23 09:45:12,24600.0,100,Buy,234164188
2024-08-23 09:45:12,24600.0,500,Buy,234164202
2024-08-23 09:45:12,24600.0,1000,Buy,234164190
2024-08-23 09:45:12,24600.0,100,Buy,234164191
2024-08-23 09:45:12,24600.0,100,Buy,234164189
2024-08-23 09:45:12,24600.0,400,Buy,234164193
2024-08-23 09:45:12,24600.0,1200,Buy,234164194
2024-08-23 09:45:12,24600.0,100,Buy,234164195
2024-08-23 09:45:12,24600.0,15000,Buy,234164196
2024-08-23 09:45:12,24600.0,2000,Buy,234164197
2024-08-23 09:45:12,24600.0,5000,Buy,234164198
2024-08-23 09:45:12,24600.0,500,Buy,234164199
2024-08-23 09:45:12,24600.0,100,Buy,234164200
2024-08-23 09:45:12,24600.0,900,Buy,234164192
2024-08-23 09:45:17,24600.0,500,Buy,234164316
2024-08-23 09:45:25,24600.0,5000,Buy,234164440
2024-08-23 09:45:25,24600.0,100,Buy,234164439
2024-08-23 09:45:25,24600.0,10000,Buy,234164438
2024-08-23 09:45:25,24600.0,500,Buy,234164437
2024-08-23 09:45:25,24600.0,400,Buy,234164436
2024-08-23 09:45:25,24600.0,10000,Buy,234164435
2024-08-23 09:45:25,24600.0,100,Buy,234164430
2024-08-23 09:45:25,24600.0,100,Buy,234164431
2024-08-23 09:45:25,24600.0,2500,Buy,234164429
2024-08-23 09:45:25,24600.0,1000,Buy,234164428
2024-08-23 09:45:25,24600.0,500,Buy,234164427
2024-08-23 09:45:25,24600.0,100,Buy,234164426
2024-08-23 09:45:25,24600.0,1100,Buy,234164425
2024-08-23 09:45:25,24600.0,300,Buy,234164432
2024-08-23 09:45:40,24600.0,13500,Sell,234164721
2024-08-23 09:45:42,24600.0,2000,Sell,234164805
2024-08-23 09:45:45,24600.0,2000,Sell,234164856
2024-08-23 09:45:59,24600.0,3000,Sell,234165033
2024-08-23 09:46:02,24650.0,100,Buy,234165078
2024-08-23 09:46:05,24600.0,200,Sell,234165131
2024-08-23 09:46:13,24600.0,300,Sell,234165231
2024-08-23 09:46:25,24600.0,500,Sell,234165410
2024-08-23 09:46:27,24650.0,3900,Buy,234165444
2024-08-23 09:46:27,24650.0,5500,Buy,234165443
2024-08-23 09:46:27,24650.0,1000,Buy,234165442
2024-08-23 09:46:27,24650.0,500,Buy,234165439
2024-08-23 09:46:27,24650.0,100,Buy,234165441
2024-08-23 09:46:27,24650.0,20000,Buy,234165440
2024-08-23 09:46:27,24650.0,500,Buy,234165438
2024-08-23 09:46:27,24650.0,1000,Buy,234165433
2024-08-23 09:46:27,24650.0,300,Buy,234165436
2024-08-23 09:46:27,24650.0,100,Buy,234165429
2024-08-23 09:46:27,24650.0,100,Buy,234165431
2024-08-23 09:46:27,24650.0,600,Buy,234165437
2024-08-23 09:46:27,24650.0,2000,Buy,234165434
2024-08-23 09:46:27,24650.0,200,Buy,234165432
2024-08-23 09:46:27,24650.0,100,Buy,234165435
2024-08-23 09:46:36,24650.0,1100,Buy,234165604
2024-08-23 09:46:36,24650.0,5000,Buy,234165605
2024-08-23 09:46:36,24650.0,100,Buy,234165606
2024-08-23 09:46:36,24650.0,300,Buy,234165607
2024-08-23 09:46:36,24650.0,9500,Buy,234165608
2024-08-23 09:46:43,24650.0,100,Buy,234165745
2024-08-23 09:46:43,24600.0,100,Sell,234165747
2024-08-23 09:46:43,24650.0,400,Buy,234165751
2024-08-23 09:46:43,24650.0,100,Buy,234165752
2024-08-23 09:46:59,24600.0,100,Sell,234166040
2024-08-23 09:47:19,24650.0,200,Buy,234166367
2024-08-23 09:47:26,24650.0,100,Buy,234166508
2024-08-23 09:47:26,24650.0,100,Buy,234166507
2024-08-23 09:47:26,24650.0,600,Buy,234166509
2024-08-23 09:47:26,24650.0,300,Buy,234166505
2024-08-23 09:47:26,24650.0,700,Buy,234166504
2024-08-23 09:47:26,24650.0,200,Buy,234166506
2024-08-23 09:47:27,24600.0,200,Sell,234166528
2024-08-23 09:47:34,24600.0,100,Sell,234166633
2024-08-23 09:47:41,24650.0,600,Buy,234166757
2024-08-23 09:47:41,24650.0,200,Buy,234166755
2024-08-23 09:47:41,24650.0,500,Buy,234166756
2024-08-23 09:47:41,24650.0,100,Buy,234166753
2024-08-23 09:47:41,24650.0,1000,Buy,234166752
2024-08-23 09:47:41,24650.0,400,Buy,234166751
2024-08-23 09:47:41,24650.0,100,Buy,234166754
2024-08-23 09:47:46,24600.0,2100,Sell,234166873
2024-08-23 09:47:46,24600.0,1000,Sell,234166872
2024-08-23 09:47:46,24600.0,500,Sell,234166868
2024-08-23 09:47:46,24600.0,1000,Sell,234166871
2024-08-23 09:47:46,24600.0,5000,Sell,234166870
2024-08-23 09:47:46,24600.0,100,Sell,234166869
2024-08-23 09:47:46,24600.0,700,Sell,234166867
2024-08-23 09:47:46,24600.0,1000,Sell,234166861
2024-08-23 09:47:46,24600.0,300,Sell,234166865
2024-08-23 09:47:46,24600.0,1000,Sell,234166866
2024-08-23 09:47:46,24600.0,44300,Sell,234166859
2024-08-23 09:47:46,24600.0,1000,Sell,234166860
2024-08-23 09:47:46,24600.0,100,Sell,234166863
2024-08-23 09:47:46,24600.0,400,Sell,234166864
2024-08-23 09:47:46,24600.0,1000,Sell,234166862
2024-08-23 09:47:51,24600.0,500,Sell,234166957
2024-08-23 09:47:52,24600.0,100,Sell,234166987
2024-08-23 09:47:55,24600.0,100,Buy,234167047
2024-08-23 09:47:55,24600.0,2300,Sell,234167034
2024-08-23 09:47:55,24600.0,300,Sell,234167035
2024-08-23 09:47:56,24600.0,2000,Buy,234167057
2024-08-23 09:48:07,24600.0,1000,Buy,234167323
2024-08-23 09:48:07,24600.0,300,Buy,234167320
2024-08-23 09:48:07,24600.0,200,Buy,234167321
2024-08-23 09:48:07,24600.0,500,Buy,234167322
2024-08-23 09:48:18,24600.0,1000,Buy,234167514
2024-08-23 09:48:49,24600.0,500,Buy,234168047
2024-08-23 09:49:11,24600.0,100,Buy,234168456
2024-08-23 09:49:19,24600.0,5000,Buy,234168536
2024-08-23 09:49:23,24600.0,1000,Buy,234168598
2024-08-23 09:49:34,24600.0,4000,Buy,234168747
2024-08-23 09:50:22,24600.0,1000,Buy,234169712
2024-08-23 09:50:33,24550.0,3200,Sell,234169877
2024-08-23 09:50:33,24550.0,600,Sell,234169876
2024-08-23 09:50:33,24550.0,500,Sell,234169875
2024-08-23 09:50:33,24600.0,300,Buy,234169866
2024-08-23 09:50:33,24550.0,700,Sell,234169873
2024-08-23 09:50:33,24550.0,2400,Sell,234169872
2024-08-23 09:50:33,24550.0,1400,Sell,234169871
2024-08-23 09:50:33,24550.0,4400,Sell,234169874
2024-08-23 09:50:34,24550.0,900,Sell,234169879
2024-08-23 09:50:34,24600.0,200,Buy,234169883
2024-08-23 09:50:42,24550.0,2000,Sell,234170015
2024-08-23 09:50:42,24550.0,100,Sell,234170013
2024-08-23 09:50:42,24550.0,1900,Sell,234170016
2024-08-23 09:50:42,24550.0,100,Sell,234170011
2024-08-23 09:50:42,24550.0,15000,Sell,234170012
2024-08-23 09:50:42,24550.0,200,Sell,234170009
2024-08-23 09:50:42,24550.0,200,Sell,234170014
2024-08-23 09:50:42,24550.0,500,Sell,234170010
2024-08-23 09:50:57,24550.0,100,Sell,234170242
2024-08-23 09:51:02,24550.0,500,Sell,234170363
2024-08-23 09:51:04,24550.0,1000,Sell,234170386
2024-08-23 09:51:05,24550.0,6500,Sell,234170405
2024-08-23 09:51:05,24550.0,2500,Sell,234170407
2024-08-23 09:51:05,24550.0,1000,Sell,234170406
2024-08-23 09:51:08,24550.0,2000,Sell,234170474
2024-08-23 09:51:22,24550.0,1000,Sell,234170711
2024-08-23 09:51:26,24550.0,1500,Sell,234170760
2024-08-23 09:51:27,24550.0,1000,Sell,234170775
2024-08-23 09:51:40,24550.0,100,Sell,234170986
2024-08-23 09:51:40,24550.0,4300,Sell,234170969
2024-08-23 09:51:48,24600.0,100,Buy,234171051
2024-08-23 09:51:49,24550.0,200,Sell,234171063
2024-08-23 09:52:19,24550.0,100,Sell,234171580
2024-08-23 09:52:27,24550.0,2900,Buy,234171805
2024-08-23 09:52:27,24550.0,200,Sell,234171790
2024-08-23 09:52:27,24550.0,2000,Sell,234171788
2024-08-23 09:52:27,24550.0,1200,Sell,234171787
2024-08-23 09:52:27,24550.0,1000,Sell,234171786
2024-08-23 09:52:27,24550.0,2100,Sell,234171785
2024-08-23 09:52:27,24550.0,3000,Sell,234171784
2024-08-23 09:52:27,24550.0,100,Sell,234171789
2024-08-23 09:52:27,24550.0,4500,Sell,234171782
2024-08-23 09:52:27,24550.0,1000,Sell,234171781
2024-08-23 09:52:27,24550.0,800,Sell,234171780
2024-08-23 09:52:27,24550.0,800,Sell,234171779
2024-08-23 09:52:27,24550.0,1000,Sell,234171778
2024-08-23 09:52:27,24550.0,300,Sell,234171777
2024-08-23 09:52:27,24550.0,7300,Sell,234171776
2024-08-23 09:52:27,24550.0,200,Sell,234171783
2024-08-23 09:52:30,24550.0,400,Buy,234171845
2024-08-23 09:52:30,24550.0,100,Buy,234171846
2024-08-23 09:52:32,24550.0,300,Buy,234171890
2024-08-23 09:52:40,24550.0,1000,Buy,234171985
2024-08-23 09:53:02,24550.0,1100,Buy,234172334
2024-08-23 09:53:13,24550.0,100,Buy,234172547
2024-08-23 09:53:26,24550.0,200,Buy,234172759
2024-08-23 09:53:29,24550.0,1000,Buy,234172817
2024-08-23 09:53:40,24550.0,2000,Buy,234173012
2024-08-23 09:53:52,24550.0,800,Buy,234173300
2024-08-23 09:53:52,24550.0,1000,Buy,234173304
2024-08-23 09:54:00,24550.0,3000,Buy,234173437
2024-08-23 09:54:06,24550.0,200,Buy,234173566
2024-08-23 09:54:10,24550.0,3000,Buy,234173655
2024-08-23 09:54:19,24550.0,1000,Buy,234173787
2024-08-23 09:54:47,24550.0,2000,Buy,234174407
2024-08-23 09:54:48,24550.0,2100,Buy,234174424
2024-08-23 09:54:52,24550.0,900,Buy,234174538
2024-08-23 09:54:57,24550.0,1400,Buy,234174619
2024-08-23 09:54:57,24550.0,500,Buy,234174620
2024-08-23 09:54:57,24550.0,2000,Buy,234174621
2024-08-23 09:54:57,24550.0,100,Buy,234174622
2024-08-23 09:55:03,24550.0,1000,Buy,234174760
2024-08-23 09:55:03,24550.0,400,Buy,234174759
2024-08-23 09:55:03,24550.0,100,Buy,234174758
2024-08-23 09:55:03,24550.0,2100,Buy,234174761
2024-08-23 09:55:03,24550.0,300,Buy,234174756
2024-08-23 09:55:03,24550.0,100,Buy,234174755
2024-08-23 09:55:03,24550.0,100,Buy,234174757
2024-08-23 09:55:03,24550.0,900,Buy,234174754
2024-08-23 09:55:05,24550.0,900,Buy,234174805
2024-08-23 09:55:14,24550.0,200,Buy,234174970
2024-08-23 09:55:25,24500.0,4000,Sell,234175137
2024-08-23 09:55:32,24550.0,200,Buy,234175278
2024-08-23 09:55:44,24550.0,500,Buy,234175480
2024-08-23 09:55:55,24550.0,10000,Buy,234175650
2024-08-23 09:55:56,24550.0,1500,Buy,234175679
2024-08-23 09:56:00,24550.0,4600,Buy,234175745
2024-08-23 09:56:00,24550.0,1000,Buy,234175746
2024-08-23 09:56:00,24550.0,5000,Buy,234175747
2024-08-23 09:56:00,24550.0,1000,Buy,234175748
2024-08-23 09:56:04,24550.0,100,Sell,234175812
2024-08-23 09:56:16,24550.0,500,Sell,234175985
2024-08-23 09:56:23,24550.0,2000,Sell,234176124
2024-08-23 09:57:00,24550.0,200,Sell,234176826
2024-08-23 09:57:09,24550.0,20000,Sell,234177128
2024-08-23 09:57:19,24550.0,600,Sell,234177298
2024-08-23 09:57:34,24550.0,900,Sell,234177537
2024-08-23 09:57:43,24550.0,500,Sell,234177739
2024-08-23 09:57:54,24600.0,500,Buy,234177973
2024-08-23 09:58:36,24550.0,2000,Sell,234178714
2024-08-23 09:59:12,24550.0,200,Sell,234179506
2024-08-23 09:59:19,24550.0,15500,Sell,234179712
2024-08-23 09:59:20,24550.0,100,Sell,234179728
2024-08-23 09:59:20,24550.0,100,Sell,234179727
2024-08-23 09:59:20,24550.0,100,Sell,234179726
2024-08-23 09:59:20,24550.0,100,Sell,234179725
2024-08-23 09:59:20,24550.0,200,Sell,234179724
2024-08-23 09:59:20,24550.0,1000,Sell,234179723
2024-08-23 09:59:20,24550.0,100,Sell,234179721
2024-08-23 09:59:20,24550.0,100,Sell,234179722
2024-08-23 09:59:20,24550.0,1000,Sell,234179719
2024-08-23 09:59:20,24550.0,600,Sell,234179718
2024-08-23 09:59:20,24550.0,1000,Sell,234179717
2024-08-23 09:59:20,24550.0,20000,Sell,234179716
2024-08-23 09:59:20,24550.0,200,Sell,234179715
2024-08-23 09:59:20,24550.0,100,Sell,234179714
2024-08-23 09:59:20,24550.0,1000,Sell,234179713
2024-08-23 09:59:20,24550.0,1000,Sell,234179720
2024-08-23 09:59:58,24550.0,7800,Buy,234180782
2024-08-23 09:59:58,24550.0,100,Buy,234180783
2024-08-23 09:59:58,24550.0,100,Buy,234180784
2024-08-23 09:59:58,24550.0,600,Buy,234180785
2024-08-23 09:59:58,24550.0,1400,Buy,234180786
2024-08-23 10:00:06,24550.0,300,Buy,234181004
2024-08-23 10:00:06,24550.0,500,Buy,234181003
2024-08-23 10:00:06,24550.0,5000,Buy,234181002
2024-08-23 10:00:06,24550.0,100,Buy,234181000
2024-08-23 10:00:06,24550.0,3000,Buy,234180999
2024-08-23 10:00:06,24550.0,600,Buy,234180998
2024-08-23 10:00:06,24550.0,500,Buy,234181001
2024-08-23 10:00:13,24550.0,700,Buy,234181134
2024-08-23 10:00:13,24550.0,1000,Buy,234181135
2024-08-23 10:00:16,24550.0,100,Sell,234181198
2024-08-23 10:00:17,24550.0,500,Sell,234181211
2024-08-23 10:00:19,24550.0,2000,Sell,234181263
2024-08-23 10:00:35,24550.0,500,Sell,234181630
2024-08-23 10:00:41,24550.0,800,Sell,234181749
2024-08-23 10:00:42,24550.0,5000,Sell,234181762
2024-08-23 10:00:46,24550.0,1000,Sell,234181862
2024-08-23 10:00:46,24550.0,17000,Sell,234181867
2024-08-23 10:00:47,24550.0,1000,Sell,234181899
2024-08-23 10:01:01,24550.0,400,Sell,234182223
2024-08-23 10:01:01,24550.0,200,Sell,234182224
2024-08-23 10:01:20,24550.0,2000,Sell,234182586
2024-08-23 10:01:30,24550.0,200,Sell,234182863
2024-08-23 10:01:30,24550.0,300,Sell,234182864
2024-08-23 10:01:30,24550.0,300,Sell,234182862
2024-08-23 10:01:32,24550.0,1700,Sell,234182873
2024-08-23 10:01:32,24550.0,3300,Sell,234182874
2024-08-23 10:01:35,24550.0,300,Sell,234182972
2024-08-23 10:01:43,24550.0,2000,Sell,234183111
2024-08-23 10:01:53,24600.0,300,Buy,234183323
2024-08-23 10:01:59,24550.0,100,Sell,234183428
2024-08-23 10:02:00,24550.0,200,Sell,234183522
2024-08-23 10:02:06,24550.0,2000,Sell,234183648
2024-08-23 10:02:14,24550.0,500,Sell,234183930
2024-08-23 10:02:39,24600.0,100,Buy,234184689
2024-08-23 10:03:19,24550.0,300,Sell,234185807
2024-08-23 10:03:19,24550.0,1600,Sell,234185805
2024-08-23 10:03:19,24550.0,100,Sell,234185806
2024-08-23 10:03:24,24550.0,200,Sell,234185971
2024-08-23 10:03:25,24550.0,500,Sell,234185996
2024-08-23 10:03:25,24550.0,2100,Sell,234185997
2024-08-23 10:03:36,24550.0,7500,Sell,234186404
2024-08-23 10:03:41,24550.0,200,Sell,234186522
2024-08-23 10:03:41,24550.0,500,Sell,234186521
2024-08-23 10:03:41,24550.0,1000,Sell,234186520
2024-08-23 10:03:41,24550.0,4000,Sell,234186519
2024-08-23 10:03:41,24550.0,2900,Sell,234186523
2024-08-23 10:03:41,24550.0,20000,Sell,234186517
2024-08-23 10:03:41,24550.0,100,Sell,234186516
2024-08-23 10:03:41,24550.0,500,Sell,234186515
2024-08-23 10:03:41,24550.0,400,Sell,234186514
2024-08-23 10:03:41,24550.0,400,Sell,234186518
2024-08-23 10:03:49,24550.0,100,Sell,234186702
2024-08-23 10:03:58,24550.0,1300,Sell,234187016
2024-08-23 10:04:03,24550.0,2200,Sell,234187131
2024-08-23 10:04:13,24550.0,1300,Sell,234187365
2024-08-23 10:04:21,24550.0,100,Sell,234187547
2024-08-23 10:04:21,24550.0,500,Sell,234187546
2024-08-23 10:04:21,24550.0,2200,Sell,234187543
2024-08-23 10:04:21,24550.0,1000,Sell,234187544
2024-08-23 10:04:21,24550.0,200,Sell,234187545
2024-08-23 10:04:31,24550.0,100,Buy,234187747
2024-08-23 10:04:43,24500.0,500,Sell,234188045
2024-08-23 10:04:49,24550.0,900,Buy,234188150
2024-08-23 10:04:49,24550.0,300,Buy,234188156
2024-08-23 10:04:57,24500.0,5000,Sell,234188300
2024-08-23 10:05:13,24500.0,800,Sell,234188872
2024-08-23 10:05:28,24500.0,100,Sell,234189190
2024-08-23 10:05:36,24500.0,300,Sell,234189299
2024-08-23 10:05:50,24500.0,100,Sell,234189572
2024-08-23 10:05:57,24500.0,5000,Sell,234189731
2024-08-23 10:06:01,24550.0,200,Buy,234189784
2024-08-23 10:06:08,24500.0,1000,Sell,234189881
2024-08-23 10:06:13,24550.0,1000,Buy,234190012
2024-08-23 10:06:17,24550.0,600,Buy,234190139
2024-08-23 10:06:17,24550.0,1000,Buy,234190140
2024-08-23 10:06:17,24550.0,200,Buy,234190141
2024-08-23 10:06:17,24550.0,700,Buy,234190142
2024-08-23 10:06:17,24550.0,500,Buy,234190138
2024-08-23 10:06:20,24500.0,5000,Sell,234190171
2024-08-23 10:06:59,24500.0,400,Sell,234191038
2024-08-23 10:07:02,24500.0,900,Sell,234191093
2024-08-23 10:07:06,24500.0,3000,Sell,234191169
2024-08-23 10:07:06,24500.0,100,Sell,234191179
2024-08-23 10:07:28,24500.0,800,Sell,234191619
2024-08-23 10:07:44,24500.0,1200,Sell,234191971
2024-08-23 10:07:44,24500.0,700,Sell,234191970
2024-08-23 10:07:44,24500.0,200,Sell,234191969
2024-08-23 10:07:44,24500.0,1000,Sell,234191968
2024-08-23 10:07:44,24500.0,4000,Sell,234191967
2024-08-23 10:07:44,24500.0,200,Sell,234191962
2024-08-23 10:07:44,24500.0,500,Sell,234191965
2024-08-23 10:07:44,24500.0,500,Sell,234191964
2024-08-23 10:07:44,24500.0,100,Sell,234191963
2024-08-23 10:07:44,24500.0,21400,Sell,234191960
2024-08-23 10:07:44,24500.0,200,Sell,234191966
2024-08-23 10:07:44,24500.0,1000,Sell,234191961
2024-08-23 10:08:05,24500.0,200,Sell,234192477
2024-08-23 10:08:05,24500.0,800,Sell,234192475
2024-08-23 10:08:05,24500.0,1000,Sell,234192476
2024-08-23 10:08:07,24500.0,4800,Sell,234192509
2024-08-23 10:08:07,24500.0,200,Sell,234192510
2024-08-23 10:08:09,24500.0,100,Sell,234192545
2024-08-23 10:08:09,24500.0,200,Sell,234192546
2024-08-23 10:08:09,24500.0,4700,Sell,234192547
2024-08-23 10:08:23,24500.0,200,Sell,234192892
2024-08-23 10:08:39,24500.0,400,Sell,234193249
2024-08-23 10:08:39,24500.0,100,Sell,234193250
2024-08-23 10:08:39,24500.0,100,Sell,234193251
2024-08-23 10:08:39,24500.0,100,Sell,234193248
2024-08-23 10:08:39,24500.0,2300,Sell,234193253
2024-08-23 10:08:39,24500.0,5000,Sell,234193254
2024-08-23 10:08:39,24500.0,1000,Sell,234193255
2024-08-23 10:08:39,24500.0,600,Sell,234193256
2024-08-23 10:08:39,24500.0,30000,Sell,234193257
2024-08-23 10:08:39,24500.0,500,Sell,234193258
2024-08-23 10:08:39,24500.0,10000,Sell,234193260
2024-08-23 10:08:39,24500.0,1500,Sell,234193261
2024-08-23 10:08:39,24500.0,1000,Sell,234193265
2024-08-23 10:08:39,24500.0,100,Sell,234193266
2024-08-23 10:08:39,24500.0,800,Sell,234193267
2024-08-23 10:08:39,24500.0,500,Sell,234193268
2024-08-23 10:08:39,24500.0,300,Sell,234193269
2024-08-23 10:08:39,24500.0,1000,Sell,234193270
2024-08-23 10:08:39,24500.0,700,Sell,234193271
2024-08-23 10:08:39,24500.0,500,Sell,234193275
2024-08-23 10:08:39,24500.0,300,Sell,234193259
2024-08-23 10:08:39,24500.0,500,Sell,234193247
2024-08-23 10:08:39,24500.0,100,Sell,234193252
2024-08-23 10:08:39,24500.0,1000,Sell,234193245
2024-08-23 10:08:39,24500.0,1000,Sell,234193246
2024-08-23 10:08:39,24500.0,100,Sell,234193224
2024-08-23 10:08:39,24500.0,100,Sell,234193225
2024-08-23 10:08:39,24500.0,200,Sell,234193226
2024-08-23 10:08:39,24500.0,2000,Sell,234193227
2024-08-23 10:08:39,24500.0,1900,Sell,234193229
2024-08-23 10:08:39,24500.0,200,Sell,234193230
2024-08-23 10:08:39,24500.0,1000,Sell,234193231
2024-08-23 10:08:39,24500.0,100,Sell,234193232
2024-08-23 10:08:39,24500.0,400,Sell,234193233
2024-08-23 10:08:39,24500.0,100,Sell,234193228
2024-08-23 10:08:39,24500.0,100,Sell,234193235
2024-08-23 10:08:39,24500.0,30000,Sell,234193236
2024-08-23 10:08:39,24500.0,100,Sell,234193237
2024-08-23 10:08:39,24500.0,500,Sell,234193238
2024-08-23 10:08:39,24500.0,100,Sell,234193239
2024-08-23 10:08:39,24500.0,600,Sell,234193244
2024-08-23 10:08:39,24500.0,500,Sell,234193240
2024-08-23 10:08:39,24500.0,1000,Sell,234193241
2024-08-23 10:08:39,24500.0,100,Sell,234193242
2024-08-23 10:08:39,24500.0,1000,Sell,234193243
2024-08-23 10:08:39,24500.0,1000,Sell,234193234
2024-08-23 10:08:41,24500.0,200,Sell,234193330
2024-08-23 10:08:41,24500.0,300,Sell,234193328
2024-08-23 10:08:41,24500.0,800,Sell,234193327
2024-08-23 10:08:41,24500.0,200,Sell,234193329
2024-08-23 10:08:43,24500.0,800,Sell,234193375
2024-08-23 10:08:43,24500.0,200,Sell,234193376
2024-08-23 10:08:48,24500.0,1000,Sell,234193481
2024-08-23 10:08:55,24500.0,800,Sell,234193642
2024-08-23 10:08:55,24500.0,200,Sell,234193643
2024-08-23 10:09:00,24500.0,800,Sell,234193721
2024-08-23 10:09:00,24500.0,200,Sell,234193722
2024-08-23 10:09:03,24500.0,1400,Sell,234193772
2024-08-23 10:09:03,24500.0,400,Sell,234193771
2024-08-23 10:09:03,24500.0,100,Sell,234193768
2024-08-23 10:09:03,24500.0,300,Sell,234193769
2024-08-23 10:09:03,24500.0,200,Sell,234193770
2024-08-23 10:09:07,24500.0,500,Sell,234193845
2024-08-23 10:09:08,24500.0,100,Sell,234193860
2024-08-23 10:09:08,24500.0,900,Sell,234193861
2024-08-23 10:09:10,24500.0,2000,Sell,234193890
2024-08-23 10:09:16,24500.0,500,Sell,234193985
2024-08-23 10:09:17,24500.0,2000,Sell,234194004
2024-08-23 10:09:19,24500.0,500,Sell,234194088
2024-08-23 10:09:33,24500.0,4100,Sell,234194383
2024-08-23 10:09:33,24500.0,1000,Sell,234194384
2024-08-23 10:09:33,24500.0,500,Sell,234194385
2024-08-23 10:09:33,24500.0,100,Sell,234194386
2024-08-23 10:09:33,24500.0,100,Sell,234194387
2024-08-23 10:09:33,24500.0,700,Sell,234194388
2024-08-23 10:09:34,24500.0,300,Sell,234194392
2024-08-23 10:09:39,24500.0,200,Sell,234194529
2024-08-23 10:09:39,24500.0,1000,Sell,234194530
2024-08-23 10:09:39,24500.0,500,Sell,234194531
2024-08-23 10:09:39,24500.0,300,Sell,234194532
2024-08-23 10:09:39,24500.0,1000,Sell,234194528
2024-08-23 10:09:55,24500.0,100,Sell,234194894
2024-08-23 10:09:55,24500.0,500,Sell,234194895
2024-08-23 10:09:55,24500.0,300,Sell,234194896
2024-08-23 10:09:55,24500.0,100,Sell,234194897
2024-08-23 10:10:04,24500.0,100,Sell,234195038
2024-08-23 10:10:04,24500.0,200,Sell,234195039
2024-08-23 10:10:07,24500.0,500,Sell,234195090
2024-08-23 10:10:07,24500.0,1000,Sell,234195094
2024-08-23 10:10:10,24500.0,100,Sell,234195140
2024-08-23 10:10:10,24500.0,300,Sell,234195142
2024-08-23 10:10:10,24500.0,1500,Sell,234195141
2024-08-23 10:10:10,24500.0,18300,Sell,234195138
2024-08-23 10:10:10,24500.0,600,Sell,234195139
2024-08-23 10:10:20,24500.0,29200,Buy,234195413
2024-08-23 10:10:20,24500.0,800,Buy,234195414
2024-08-23 10:10:22,24500.0,1000,Buy,234195524
2024-08-23 10:10:32,24450.0,10000,Sell,234195783
2024-08-23 10:10:33,24450.0,300,Sell,234195829
2024-08-23 10:10:33,24450.0,500,Sell,234195828
2024-08-23 10:10:33,24450.0,1000,Sell,234195827
2024-08-23 10:10:33,24450.0,1000,Sell,234195826
2024-08-23 10:10:33,24450.0,100,Sell,234195825
2024-08-23 10:10:33,24450.0,500,Sell,234195824
2024-08-23 10:10:33,24450.0,500,Sell,234195822
2024-08-23 10:10:33,24450.0,2500,Sell,234195830
2024-08-23 10:10:33,24450.0,100,Sell,234195821
2024-08-23 10:10:33,24450.0,3400,Sell,234195820
2024-08-23 10:10:33,24450.0,300,Sell,234195819
2024-08-23 10:10:33,24450.0,300,Sell,234195818
2024-08-23 10:10:33,24450.0,500,Sell,234195823
2024-08-23 10:10:33,24450.0,1200,Sell,234195831
2024-08-23 10:10:33,24450.0,5000,Sell,234195835
2024-08-23 10:10:33,24450.0,500,Sell,234195833
2024-08-23 10:10:33,24450.0,1000,Sell,234195834
2024-08-23 10:10:33,24450.0,100,Sell,234195817
2024-08-23 10:10:33,24450.0,30000,Sell,234195836
2024-08-23 10:10:33,24450.0,1000,Sell,234195837
2024-08-23 10:10:33,24450.0,100,Sell,234195838
2024-08-23 10:10:33,24450.0,500,Sell,234195839
2024-08-23 10:10:33,24450.0,1000,Sell,234195840
2024-08-23 10:10:33,24400.0,4600,Sell,234195841
2024-08-23 10:10:33,24400.0,100,Sell,234195843
2024-08-23 10:10:33,24400.0,50000,Sell,234195844
2024-08-23 10:10:33,24400.0,200,Sell,234195845
2024-08-23 10:10:33,24400.0,500,Sell,234195846
2024-08-23 10:10:33,24400.0,36400,Sell,234195847
2024-08-23 10:10:33,24450.0,2000,Sell,234195832
2024-08-23 10:10:33,24450.0,100,Sell,234195816
2024-08-23 10:10:33,24400.0,2000,Sell,234195842
2024-08-23 10:10:33,24450.0,300,Sell,234195814
2024-08-23 10:10:33,24450.0,500,Sell,234195784
2024-08-23 10:10:33,24450.0,100,Sell,234195785
2024-08-23 10:10:33,24450.0,200,Sell,234195786
2024-08-23 10:10:33,24450.0,100,Sell,234195787
2024-08-23 10:10:33,24450.0,1000,Sell,234195788
2024-08-23 10:10:33,24450.0,100,Sell,234195789
2024-08-23 10:10:33,24450.0,500,Sell,234195790
2024-08-23 10:10:33,24450.0,200,Sell,234195791
2024-08-23 10:10:33,24450.0,100,Sell,234195793
2024-08-23 10:10:33,24450.0,100,Sell,234195794
2024-08-23 10:10:33,24450.0,300,Sell,234195795
2024-08-23 10:10:33,24450.0,10000,Sell,234195796
2024-08-23 10:10:33,24450.0,200,Sell,234195797
2024-08-23 10:10:33,24450.0,500,Sell,234195798
2024-08-23 10:10:33,24450.0,100,Sell,234195792
2024-08-23 10:10:33,24450.0,100,Sell,234195800
2024-08-23 10:10:33,24450.0,1000,Sell,234195799
2024-08-23 10:10:33,24450.0,500,Sell,234195812
2024-08-23 10:10:33,24450.0,200,Sell,234195811
2024-08-23 10:10:33,24450.0,5000,Sell,234195810
2024-08-23 10:10:33,24450.0,5000,Sell,234195809
2024-08-23 10:10:33,24450.0,2000,Sell,234195808
2024-08-23 10:10:33,24450.0,2000,Sell,234195807
2024-08-23 10:10:33,24450.0,1500,Sell,234195813
2024-08-23 10:10:33,24450.0,200,Sell,234195815
2024-08-23 10:10:33,24450.0,5000,Sell,234195805
2024-08-23 10:10:33,24450.0,100,Sell,234195804
2024-08-23 10:10:33,24450.0,5000,Sell,234195803
2024-08-23 10:10:33,24450.0,100,Sell,234195802
2024-08-23 10:10:33,24450.0,500,Sell,234195801
2024-08-23 10:10:33,24450.0,200,Sell,234195806
2024-08-23 10:10:56,24400.0,100,Sell,234196449
2024-08-23 10:11:05,24400.0,300,Sell,234196665
2024-08-23 10:11:21,24400.0,4500,Sell,234197091
2024-08-23 10:11:46,24450.0,1000,Sell,234197566
2024-08-23 10:12:59,24450.0,100,Sell,234199689
2024-08-23 10:13:07,24450.0,400,Sell,234199894
2024-08-23 10:13:08,24450.0,1500,Sell,234199908
2024-08-23 10:13:08,24450.0,3500,Sell,234199909
2024-08-23 10:13:32,24450.0,2800,Sell,234200436
2024-08-23 10:13:48,24450.0,500,Sell,234200944
2024-08-23 10:13:50,24450.0,500,Sell,234200971
2024-08-23 10:14:06,24450.0,100,Sell,234201233
2024-08-23 10:14:18,24450.0,100,Sell,234201541
2024-08-23 10:14:32,24450.0,200,Sell,234201807
2024-08-23 10:14:34,24450.0,100,Sell,234201869
2024-08-23 10:14:42,24450.0,100,Sell,234202055
2024-08-23 10:14:52,24450.0,5200,Sell,234202244
2024-08-23 10:15:06,24500.0,1000,Buy,234202566
2024-08-23 10:15:06,24500.0,100,Buy,234202583
2024-08-23 10:15:06,24500.0,23000,Buy,234202582
2024-08-23 10:15:06,24500.0,5000,Buy,234202581
2024-08-23 10:15:06,24500.0,10000,Buy,234202580
2024-08-23 10:15:06,24500.0,5000,Buy,234202579
2024-08-23 10:15:06,24500.0,200,Buy,234202578
2024-08-23 10:15:06,24500.0,300,Buy,234202577
2024-08-23 10:15:06,24500.0,100,Buy,234202576
2024-08-23 10:15:06,24500.0,400,Buy,234202575
2024-08-23 10:15:06,24500.0,4600,Buy,234202573
2024-08-23 10:15:06,24500.0,300,Buy,234202572
2024-08-23 10:15:06,24500.0,3000,Buy,234202571
2024-08-23 10:15:06,24500.0,100,Buy,234202570
2024-08-23 10:15:06,24500.0,1000,Buy,234202569
2024-08-23 10:15:06,24500.0,300,Buy,234202568
2024-08-23 10:15:06,24500.0,500,Buy,234202567
2024-08-23 10:15:06,24500.0,1800,Buy,234202584
2024-08-23 10:15:06,24500.0,1700,Buy,234202574
2024-08-23 10:15:11,24500.0,100,Sell,234202645
2024-08-23 10:15:19,24450.0,1900,Sell,234202765
2024-08-23 10:15:19,24450.0,600,Sell,234202766
2024-08-23 10:15:19,24500.0,1500,Sell,234202762
2024-08-23 10:15:55,24500.0,100,Buy,234203794
2024-08-23 10:15:56,24450.0,400,Sell,234203822
2024-08-23 10:16:07,24500.0,500,Sell,234204113
2024-08-23 10:16:07,24450.0,2000,Sell,234204114
2024-08-23 10:16:07,24450.0,500,Sell,234204115
2024-08-23 10:16:07,24450.0,100,Sell,234204116
2024-08-23 10:16:07,24450.0,100,Sell,234204117
2024-08-23 10:16:07,24450.0,1800,Sell,234204118
2024-08-23 10:16:18,24500.0,500,Sell,234204328
2024-08-23 10:16:22,24500.0,200,Sell,234204401
2024-08-23 10:16:33,24500.0,200,Buy,234204687
2024-08-23 10:16:37,24500.0,200,Buy,234204764
2024-08-23 10:16:43,24500.0,2500,Buy,234204905
2024-08-23 10:16:55,24500.0,1400,Buy,234205193
2024-08-23 10:17:21,24450.0,1400,Sell,234205709
2024-08-23 10:17:35,24450.0,200,Sell,234205903
2024-08-23 10:17:38,24500.0,400,Buy,234205962
2024-08-23 10:17:38,24500.0,1000,Buy,234205961
2024-08-23 10:17:38,24500.0,2100,Buy,234205960
2024-08-23 10:17:38,24500.0,500,Buy,234205958
2024-08-23 10:17:38,24500.0,500,Buy,234205959
2024-08-23 10:17:38,24500.0,5500,Buy,234205957
2024-08-23 10:17:46,24500.0,100,Buy,234206075
2024-08-23 10:17:55,24500.0,1000,Buy,234206198
2024-08-23 10:17:55,24500.0,100,Buy,234206200
2024-08-23 10:17:55,24500.0,400,Buy,234206197
2024-08-23 10:17:55,24500.0,100,Buy,234206199
2024-08-23 10:17:57,24500.0,600,Sell,234206220
2024-08-23 10:18:12,24550.0,200,Buy,234206547
2024-08-23 10:19:26,24500.0,4300,Sell,234207908
2024-08-23 10:19:26,24500.0,700,Sell,234207909
2024-08-23 10:19:49,24500.0,3300,Sell,234208288
2024-08-23 10:19:49,24500.0,200,Sell,234208289
2024-08-23 10:19:49,24500.0,100,Sell,234208290
2024-08-23 10:19:49,24500.0,500,Sell,234208291
2024-08-23 10:19:49,24500.0,5000,Sell,234208292
2024-08-23 10:19:49,24500.0,1400,Sell,234208293
2024-08-23 10:19:56,24500.0,400,Sell,234208388
2024-08-23 10:20:03,24500.0,500,Sell,234208494
2024-08-23 10:20:03,24500.0,100,Sell,234208495
2024-08-23 10:20:03,24500.0,3200,Sell,234208492
2024-08-23 10:20:03,24500.0,500,Sell,234208493
2024-08-23 10:20:05,24500.0,1700,Sell,234208519
2024-08-23 10:20:05,24500.0,300,Sell,234208518
2024-08-23 10:20:08,24500.0,500,Sell,234208544
2024-08-23 10:20:09,24550.0,100,Buy,234208549
2024-08-23 10:20:33,24500.0,2800,Sell,234209003
2024-08-23 10:20:33,24500.0,6100,Sell,234209004
2024-08-23 10:20:33,24500.0,1000,Sell,234209005
2024-08-23 10:20:37,24500.0,100,Buy,234209066
2024-08-23 10:20:51,24500.0,5000,Buy,234209376
2024-08-23 10:20:55,24500.0,5000,Sell,234209433
2024-08-23 10:21:35,24500.0,100,Sell,234210365
2024-08-23 10:21:35,24500.0,100,Sell,234210366
2024-08-23 10:21:49,24500.0,500,Sell,234210756
2024-08-23 10:21:49,24500.0,200,Sell,234210754
2024-08-23 10:21:49,24500.0,500,Sell,234210741
2024-08-23 10:21:49,24500.0,300,Sell,234210755
2024-08-23 10:21:58,24500.0,500,Sell,234210926
2024-08-23 10:22:02,24500.0,4000,Sell,234211009
2024-08-23 10:22:02,24500.0,8000,Sell,234211010
2024-08-23 10:22:05,24500.0,500,Sell,234211048
2024-08-23 10:22:12,24500.0,1000,Sell,234211249
2024-08-23 10:22:18,24500.0,3500,Sell,234211350
2024-08-23 10:22:21,24500.0,5000,Sell,234211389
2024-08-23 10:22:25,24500.0,1500,Sell,234211474
2024-08-23 10:22:30,24500.0,4000,Sell,234211532
2024-08-23 10:22:48,24500.0,1500,Sell,234211841
2024-08-23 10:22:48,24500.0,100,Sell,234211842
2024-08-23 10:22:48,24500.0,400,Sell,234211843
2024-08-23 10:23:05,24500.0,200,Sell,234212122
2024-08-23 10:23:05,24500.0,300,Sell,234212123
2024-08-23 10:23:26,24500.0,700,Sell,234212429
2024-08-23 10:23:32,24550.0,500,Buy,234212533
2024-08-23 10:23:32,24550.0,500,Buy,234212534
2024-08-23 10:23:43,24500.0,200,Sell,234212729
2024-08-23 10:23:43,24500.0,800,Sell,234212730
2024-08-23 10:23:53,24500.0,2000,Sell,234212893
2024-08-23 10:23:58,24500.0,100,Sell,234212998
2024-08-23 10:23:58,24500.0,200,Sell,234212999
2024-08-23 10:23:58,24500.0,100,Sell,234213000
2024-08-23 10:24:00,24500.0,100,Sell,234213030
2024-08-23 10:24:00,24500.0,600,Sell,234213031
2024-08-23 10:24:07,24500.0,400,Sell,234213156
2024-08-23 10:24:12,24500.0,2000,Sell,234213252
2024-08-23 10:24:17,24500.0,200,Sell,234213319
2024-08-23 10:24:58,24500.0,100,Sell,234213927
2024-08-23 10:25:12,24500.0,600,Sell,234214150
2024-08-23 10:25:49,24500.0,100,Sell,234214883
2024-08-23 10:25:49,24500.0,1000,Sell,234214884
2024-08-23 10:25:49,24500.0,200,Sell,234214885
2024-08-23 10:25:49,24500.0,1000,Sell,234214886
2024-08-23 10:25:49,24500.0,500,Sell,234214887
2024-08-23 10:25:49,24500.0,300,Sell,234214888
2024-08-23 10:26:21,24500.0,2500,Sell,234215670
2024-08-23 10:26:42,24500.0,100,Sell,234216264
2024-08-23 10:27:13,24500.0,200,Sell,234217336
2024-08-23 10:27:26,24550.0,1000,Buy,234217810
2024-08-23 10:27:26,24550.0,1500,Buy,234217811
2024-08-23 10:27:26,24550.0,7900,Buy,234217812
2024-08-23 10:27:26,24550.0,100,Buy,234217813
2024-08-23 10:27:26,24550.0,200,Buy,234217819
2024-08-23 10:27:26,24550.0,10800,Buy,234217817
2024-08-23 10:27:26,24550.0,1000,Buy,234217818
2024-08-23 10:27:26,24550.0,100,Buy,234217809
2024-08-23 10:27:26,24550.0,100,Buy,234217814
2024-08-23 10:27:26,24550.0,10000,Buy,234217808
2024-08-23 10:27:26,24550.0,200,Buy,234217816
2024-08-23 10:27:26,24550.0,100,Buy,234217806
2024-08-23 10:27:26,24550.0,200,Buy,234217807
2024-08-23 10:27:26,24550.0,49500,Buy,234217796
2024-08-23 10:27:26,24550.0,50000,Buy,234217797
2024-08-23 10:27:26,24550.0,200,Buy,234217798
2024-08-23 10:27:26,24550.0,5000,Buy,234217799
2024-08-23 10:27:26,24550.0,2000,Buy,234217815
2024-08-23 10:27:26,24550.0,3000,Buy,234217801
2024-08-23 10:27:26,24550.0,2000,Buy,234217802
2024-08-23 10:27:26,24550.0,300,Buy,234217803
2024-08-23 10:27:26,24550.0,300,Buy,234217804
2024-08-23 10:27:26,24550.0,2600,Buy,234217805
2024-08-23 10:27:26,24550.0,100,Buy,234217800
2024-08-23 10:27:27,24550.0,400,Buy,234217827
2024-08-23 10:27:27,24550.0,3000,Buy,234217821
2024-08-23 10:27:27,24550.0,3000,Buy,234217822
2024-08-23 10:27:27,24550.0,100,Buy,234217823
2024-08-23 10:27:27,24550.0,500,Buy,234217824
2024-08-23 10:27:27,24550.0,1000,Buy,234217825
2024-08-23 10:27:27,24550.0,600,Buy,234217826
2024-08-23 10:27:27,24550.0,500,Buy,234217828
2024-08-23 10:27:27,24550.0,2000,Buy,234217829
2024-08-23 10:27:27,24550.0,700,Buy,234217830
2024-08-23 10:27:34,24550.0,1300,Buy,234218026
2024-08-23 10:27:34,24550.0,200,Buy,234218027
2024-08-23 10:27:38,24550.0,200,Sell,234218104
2024-08-23 10:27:58,24550.0,1000,Sell,234218557
2024-08-23 10:28:00,24550.0,500,Sell,234218599
2024-08-23 10:28:02,24600.0,4000,Buy,234218641
2024-08-23 10:28:07,24550.0,1100,Sell,234218778
2024-08-23 10:28:11,24550.0,700,Sell,234218852
2024-08-23 10:28:11,24550.0,1300,Sell,234218853
2024-08-23 10:29:29,24550.0,100,Sell,234220435
2024-08-23 10:29:36,24550.0,100,Sell,234220534
2024-08-23 10:29:40,24550.0,100,Sell,234220640
2024-08-23 10:29:41,24550.0,200,Sell,234220649
2024-08-23 10:29:43,24550.0,100,Sell,234220685
2024-08-23 10:30:17,24550.0,200,Sell,234221411
2024-08-23 10:30:17,24550.0,100,Sell,234221410
2024-08-23 10:30:17,24550.0,200,Sell,234221409
2024-08-23 10:30:17,24550.0,1100,Sell,234221406
2024-08-23 10:30:17,24550.0,300,Sell,234221408
2024-08-23 10:30:17,24550.0,100,Sell,234221407
2024-08-23 10:30:19,24550.0,500,Sell,234221439
2024-08-23 10:30:44,24550.0,300,Sell,234221906
2024-08-23 10:30:48,24550.0,100,Sell,234221969
2024-08-23 10:31:01,24550.0,400,Sell,234222195
2024-08-23 10:31:01,24550.0,2600,Sell,234222196
2024-08-23 10:31:04,24600.0,1900,Buy,234222319
2024-08-23 10:31:04,24600.0,1000,Buy,234222320
2024-08-23 10:31:04,24600.0,2000,Buy,234222321
2024-08-23 10:31:04,24600.0,100,Buy,234222322
2024-08-23 10:31:51,24600.0,900,Buy,234223235
2024-08-23 10:31:51,24600.0,1000,Buy,234223236
2024-08-23 10:31:51,24600.0,1000,Buy,234223237
2024-08-23 10:31:51,24600.0,100,Buy,234223238
2024-08-23 10:31:51,24600.0,3000,Buy,234223239
2024-08-23 10:31:58,24600.0,700,Buy,234223379
2024-08-23 10:31:58,24600.0,300,Buy,234223378
2024-08-23 10:31:58,24600.0,2000,Buy,234223377
2024-08-23 10:32:05,24600.0,74300,Buy,234223509
2024-08-23 10:32:05,24600.0,100,Buy,234223510
2024-08-23 10:32:05,24600.0,5000,Buy,234223511
2024-08-23 10:32:05,24600.0,100,Buy,234223512
2024-08-23 10:32:05,24600.0,600,Buy,234223513
2024-08-23 10:32:05,24600.0,1000,Buy,234223514
2024-08-23 10:32:05,24600.0,500,Buy,234223515
2024-08-23 10:32:05,24600.0,100,Buy,234223516
2024-08-23 10:32:05,24600.0,1200,Buy,234223517
2024-08-23 10:32:05,24600.0,10000,Buy,234223518
2024-08-23 10:32:05,24600.0,500,Buy,234223519
2024-08-23 10:32:05,24600.0,3500,Buy,234223520
2024-08-23 10:32:06,24550.0,2000,Sell,234223534
2024-08-23 10:32:07,24600.0,400,Buy,234223542
2024-08-23 10:32:15,24600.0,100,Buy,234223658
2024-08-23 10:32:22,24600.0,300,Buy,234223766
2024-08-23 10:32:39,24600.0,700,Buy,234224023
2024-08-23 10:32:39,24600.0,2000,Buy,234224024
2024-08-23 10:32:39,24600.0,500,Buy,234224025
2024-08-23 10:32:39,24600.0,400,Buy,234224026
2024-08-23 10:32:40,24600.0,5600,Buy,234224051
2024-08-23 10:32:40,24600.0,500,Buy,234224052
2024-08-23 10:32:40,24600.0,500,Buy,234224053
2024-08-23 10:32:41,24600.0,1000,Buy,234224067
2024-08-23 10:33:09,24600.0,300,Buy,234224521
2024-08-23 10:33:28,24600.0,5000,Buy,234224773
2024-08-23 10:33:33,24600.0,500,Buy,234224836
2024-08-23 10:33:37,24600.0,400,Buy,234224955
2024-08-23 10:33:56,24550.0,100,Sell,234225214
2024-08-23 10:33:57,24600.0,200,Buy,234225247
2024-08-23 10:34:02,24600.0,4000,Buy,234225354
2024-08-23 10:34:44,24600.0,200,Buy,234225867
2024-08-23 10:34:56,24600.0,1000,Buy,234226026
2024-08-23 10:35:04,24550.0,300,Sell,234226163
2024-08-23 10:35:10,24550.0,100,Sell,234226250
2024-08-23 10:35:18,24550.0,10000,Sell,234226368
2024-08-23 10:35:22,24550.0,800,Sell,234226425
2024-08-23 10:35:25,24550.0,100,Sell,234226485
2024-08-23 10:35:41,24550.0,3000,Sell,234226684
2024-08-23 10:35:41,24550.0,500,Sell,234226688
2024-08-23 10:35:47,24550.0,500,Sell,234226778
2024-08-23 10:35:50,24600.0,100,Buy,234226839
2024-08-23 10:35:54,24600.0,5400,Buy,234226922
2024-08-23 10:35:54,24600.0,2000,Buy,234226921
2024-08-23 10:35:54,24600.0,100,Buy,234226919
2024-08-23 10:35:54,24600.0,500,Buy,234226918
2024-08-23 10:35:54,24600.0,100,Buy,234226920
2024-08-23 10:35:54,24600.0,6000,Buy,234226917
2024-08-23 10:35:56,24550.0,200,Sell,234226947
2024-08-23 10:36:21,24550.0,1000,Sell,234227353
2024-08-23 10:36:47,24550.0,13800,Sell,234227770
2024-08-23 10:36:47,24550.0,500,Sell,234227771
2024-08-23 10:36:47,24550.0,1000,Sell,234227772
2024-08-23 10:36:47,24550.0,100,Sell,234227773
2024-08-23 10:36:47,24550.0,1500,Sell,234227774
2024-08-23 10:36:47,24550.0,100,Sell,234227775
2024-08-23 10:36:47,24550.0,500,Sell,234227777
2024-08-23 10:36:47,24550.0,20000,Sell,234227778
2024-08-23 10:36:47,24550.0,1200,Sell,234227779
2024-08-23 10:36:47,24550.0,10000,Sell,234227780
2024-08-23 10:36:47,24550.0,1300,Sell,234227781
2024-08-23 10:36:48,24550.0,200,Sell,234227823
2024-08-23 10:36:48,24550.0,500,Sell,234227821
2024-08-23 10:36:48,24550.0,600,Sell,234227822
2024-08-23 10:36:48,24550.0,700,Sell,234227820
2024-08-23 10:36:58,24550.0,300,Sell,234228022
2024-08-23 10:37:07,24550.0,400,Sell,234228137
2024-08-23 10:37:42,24550.0,100,Sell,234228710
2024-08-23 10:37:48,24550.0,400,Sell,234228816
2024-08-23 10:37:49,24550.0,6200,Sell,234228830
2024-08-23 10:37:49,24550.0,200,Sell,234228831
2024-08-23 10:37:49,24550.0,100,Sell,234228832
2024-08-23 10:37:49,24550.0,6500,Sell,234228833
2024-08-23 10:37:57,24550.0,2000,Sell,234228892
2024-08-23 10:38:01,24550.0,500,Sell,234228980
2024-08-23 10:38:07,24550.0,500,Sell,234229052
2024-08-23 10:38:08,24550.0,100,Sell,234229064
2024-08-23 10:38:15,24550.0,10000,Sell,234229158
2024-08-23 10:38:32,24600.0,200,Buy,234229426
2024-08-23 10:38:33,24600.0,1200,Buy,234229437
2024-08-23 10:38:34,24550.0,400,Sell,234229456
2024-08-23 10:38:34,24550.0,600,Sell,234229457
2024-08-23 10:38:38,24550.0,400,Sell,234229527
2024-08-23 10:38:38,24550.0,100,Sell,234229528
2024-08-23 10:38:38,24550.0,500,Sell,234229529
2024-08-23 10:38:57,24550.0,100,Sell,234229794
2024-08-23 10:38:57,24550.0,2900,Sell,234229795
2024-08-23 10:39:20,24550.0,1000,Sell,234230101
2024-08-23 10:39:53,24550.0,9300,Sell,234230498
2024-08-23 10:39:53,24550.0,1200,Sell,234230497
2024-08-23 10:39:57,24550.0,3000,Sell,234230526
2024-08-23 10:40:06,24600.0,600,Buy,234230644
2024-08-23 10:40:06,24600.0,100,Buy,234230643
2024-08-23 10:40:06,24600.0,2000,Buy,234230642
2024-08-23 10:40:06,24600.0,300,Buy,234230641
2024-08-23 10:40:06,24600.0,100,Buy,234230638
2024-08-23 10:40:06,24600.0,2000,Buy,234230639
2024-08-23 10:40:06,24600.0,1000,Buy,234230637
2024-08-23 10:40:06,24600.0,5900,Buy,234230636
2024-08-23 10:40:06,24600.0,1000,Buy,234230640
2024-08-23 10:40:49,24550.0,1800,Sell,234231409
2024-08-23 10:40:49,24550.0,2000,Sell,234231410
2024-08-23 10:40:49,24550.0,100,Sell,234231411
2024-08-23 10:40:49,24550.0,200,Sell,234231412
2024-08-23 10:40:49,24550.0,100,Sell,234231413
2024-08-23 10:40:49,24550.0,4000,Sell,234231414
2024-08-23 10:40:49,24550.0,1800,Sell,234231415
2024-08-23 10:41:09,24550.0,1000,Sell,234231709
2024-08-23 10:41:12,24550.0,300,Sell,234231744
2024-08-23 10:41:12,24550.0,200,Sell,234231743
2024-08-23 10:41:19,24550.0,100,Sell,234231827
2024-08-23 10:41:21,24550.0,300,Sell,234231846
2024-08-23 10:41:26,24550.0,100,Buy,234231920
2024-08-23 10:41:26,24550.0,500,Sell,234231915
2024-08-23 10:41:26,24550.0,300,Sell,234231910
2024-08-23 10:41:26,24550.0,100,Sell,234231913
2024-08-23 10:41:26,24550.0,200,Sell,234231914
2024-08-23 10:41:33,24550.0,400,Buy,234231992
2024-08-23 10:41:33,24550.0,4100,Buy,234231991
2024-08-23 10:41:33,24550.0,500,Buy,234231993
2024-08-23 10:42:02,24500.0,8000,Sell,234232353
2024-08-23 10:42:02,24500.0,2000,Sell,234232352
2024-08-23 10:42:02,24500.0,1000,Sell,234232351
2024-08-23 10:42:02,24500.0,900,Sell,234232346
2024-08-23 10:42:02,24500.0,400,Sell,234232349
2024-08-23 10:42:02,24500.0,2000,Sell,234232348
2024-08-23 10:42:02,24500.0,500,Sell,234232347
2024-08-23 10:42:02,24500.0,200,Sell,234232350
2024-08-23 10:42:05,24550.0,2000,Buy,234232386
2024-08-23 10:42:55,24550.0,14100,Buy,234233050
2024-08-23 10:42:57,24550.0,200,Buy,234233064
2024-08-23 10:43:16,24550.0,400,Buy,234233357
2024-08-23 10:44:31,24550.0,200,Buy,234234333
2024-08-23 10:44:32,24500.0,5000,Sell,234234347
2024-08-23 10:44:55,24550.0,100,Buy,234234565
2024-08-23 10:45:02,24500.0,1500,Sell,234234651
2024-08-23 10:45:27,24500.0,1000,Sell,234235008
2024-08-23 10:45:28,24550.0,500,Buy,234235016
2024-08-23 10:45:39,24500.0,500,Sell,234235205
2024-08-23 10:45:39,24500.0,1200,Sell,234235206
2024-08-23 10:45:39,24500.0,2300,Sell,234235207
2024-08-23 10:46:18,24500.0,100,Sell,234235734
2024-08-23 10:46:44,24500.0,500,Sell,234236038
2024-08-23 10:47:13,24500.0,100,Sell,234236945
2024-08-23 10:47:20,24500.0,2500,Sell,234236993
2024-08-23 10:47:26,24500.0,800,Sell,234237067
2024-08-23 10:47:26,24500.0,3800,Sell,234237066
2024-08-23 10:47:59,24500.0,200,Sell,234237580
2024-08-23 10:48:13,24500.0,100,Sell,234237850
2024-08-23 10:48:25,24500.0,200,Sell,234237960
2024-08-23 10:48:30,24500.0,500,Sell,234238008
2024-08-23 10:49:26,24550.0,1900,Buy,234238732
2024-08-23 10:49:49,24550.0,100,Buy,234239058
2024-08-23 10:49:49,24550.0,1000,Buy,234239059
2024-08-23 10:49:49,24550.0,600,Buy,234239060
2024-08-23 10:49:49,24550.0,200,Buy,234239061
2024-08-23 10:49:59,24550.0,1900,Buy,234239161
2024-08-23 10:50:00,24500.0,200,Sell,234239164
2024-08-23 10:50:15,24550.0,1900,Buy,234239353
2024-08-23 10:50:23,24550.0,10000,Buy,234239433
2024-08-23 10:50:28,24550.0,1900,Buy,234239475
2024-08-23 10:50:40,24550.0,1900,Buy,234239612
2024-08-23 10:50:48,24550.0,900,Buy,234239693
2024-08-23 10:50:50,24500.0,100,Sell,234239760
2024-08-23 10:51:01,24500.0,200,Sell,234239907
2024-08-23 10:51:01,24500.0,6900,Sell,234239908
2024-08-23 10:51:01,24500.0,2900,Sell,234239906
2024-08-23 10:51:22,24500.0,2000,Sell,234240151
2024-08-23 10:51:31,24550.0,1900,Buy,234240230
2024-08-23 10:51:45,24550.0,500,Buy,234240485
2024-08-23 10:51:51,24550.0,1900,Buy,234240589
2024-08-23 10:51:59,24550.0,1900,Buy,234240725
2024-08-23 10:52:12,24550.0,1900,Buy,234240862
2024-08-23 10:52:12,24550.0,14100,Buy,234240872
2024-08-23 10:52:21,24500.0,3000,Sell,234241010
2024-08-23 10:52:38,24550.0,3000,Buy,234241242
2024-08-23 10:52:47,24500.0,200,Sell,234241355
2024-08-23 10:52:49,24500.0,10000,Sell,234241375
2024-08-23 10:53:02,24500.0,100,Sell,234241504
2024-08-23 10:53:22,24550.0,1900,Buy,234241727
2024-08-23 10:53:24,24500.0,200,Sell,234241768
2024-08-23 10:53:24,24500.0,3000,Sell,234241765
2024-08-23 10:53:32,24550.0,1900,Buy,234241840
2024-08-23 10:53:43,24550.0,1900,Buy,234241941
2024-08-23 10:53:44,24500.0,100,Sell,234241952
2024-08-23 10:53:58,24550.0,400,Buy,234242143
2024-08-23 10:53:58,24550.0,1000,Buy,234242144
2024-08-23 10:53:58,24550.0,100,Buy,234242145
2024-08-23 10:53:58,24550.0,400,Buy,234242146
2024-08-23 10:54:00,24500.0,300,Sell,234242161
2024-08-23 10:55:09,24550.0,100,Buy,234243008
2024-08-23 10:55:09,24550.0,200,Buy,234243009
2024-08-23 10:55:09,24550.0,500,Buy,234243010
2024-08-23 10:55:09,24550.0,1100,Buy,234243011
2024-08-23 10:55:20,24550.0,1900,Buy,234243177
2024-08-23 10:55:28,24550.0,1900,Buy,234243268
2024-08-23 10:55:35,24500.0,1000,Sell,234243331
2024-08-23 10:55:38,24550.0,1900,Buy,234243363
2024-08-23 10:55:49,24550.0,1900,Buy,234243554
2024-08-23 10:55:59,24550.0,500,Buy,234243648
2024-08-23 10:55:59,24550.0,1400,Buy,234243649
2024-08-23 10:56:32,24500.0,500,Sell,234244066
2024-08-23 10:56:48,24550.0,3000,Buy,234244226
2024-08-23 10:57:05,24550.0,600,Buy,234244435
2024-08-23 10:57:05,24550.0,100,Buy,234244436
2024-08-23 10:57:05,24550.0,2300,Buy,234244437
2024-08-23 10:57:42,24550.0,3000,Buy,234244971
2024-08-23 10:57:49,24550.0,100,Buy,234245071
2024-08-23 10:57:51,24550.0,1000,Buy,234245094
2024-08-23 10:57:51,24550.0,300,Buy,234245091
2024-08-23 10:57:56,24550.0,3000,Buy,234245139
2024-08-23 10:58:06,24550.0,100,Buy,234245282
2024-08-23 10:58:06,24550.0,100,Buy,234245283
2024-08-23 10:58:06,24550.0,100,Buy,234245284
2024-08-23 10:58:06,24550.0,900,Buy,234245285
2024-08-23 10:58:06,24550.0,100,Buy,234245286
2024-08-23 10:58:06,24550.0,1400,Buy,234245293
2024-08-23 10:58:06,24550.0,300,Buy,234245281
2024-08-23 10:58:16,24550.0,600,Buy,234245485
2024-08-23 10:58:16,24550.0,500,Buy,234245486
2024-08-23 10:58:16,24550.0,400,Buy,234245487
2024-08-23 10:58:16,24550.0,100,Buy,234245488
2024-08-23 10:58:16,24550.0,1400,Buy,234245489
2024-08-23 10:58:17,24550.0,4000,Buy,234245504
2024-08-23 10:58:17,24550.0,2800,Buy,234245503
2024-08-23 10:58:18,24550.0,200,Buy,234245512
2024-08-23 10:58:18,24550.0,800,Buy,234245513
2024-08-23 10:58:18,24550.0,11100,Buy,234245514
2024-08-23 10:58:18,24550.0,2000,Buy,234245511
2024-08-23 10:58:23,24550.0,2000,Buy,234245571
2024-08-23 10:58:24,24550.0,700,Buy,234245584
2024-08-23 10:58:26,24550.0,3000,Buy,234245712
2024-08-23 10:58:45,24550.0,3000,Buy,234245925
2024-08-23 10:58:46,24550.0,200,Buy,234245952
2024-08-23 10:58:46,24550.0,1000,Buy,234245953
2024-08-23 10:58:46,24550.0,100,Buy,234245954
2024-08-23 10:58:46,24550.0,2000,Buy,234245955
2024-08-23 10:58:46,24550.0,600,Buy,234245956
2024-08-23 10:58:46,24550.0,1100,Buy,234245957
2024-08-23 10:58:49,24550.0,200,Buy,234245989
2024-08-23 10:58:59,24550.0,1200,Buy,234246131
2024-08-23 10:58:59,24550.0,500,Buy,234246134
2024-08-23 10:58:59,24550.0,200,Buy,234246130
2024-08-23 10:58:59,24550.0,100,Buy,234246132
2024-08-23 10:58:59,24550.0,1000,Buy,234246133
2024-08-23 10:59:06,24550.0,1000,Buy,234246216
2024-08-23 10:59:06,24550.0,500,Buy,234246217
2024-08-23 10:59:06,24550.0,1500,Buy,234246215
2024-08-23 10:59:09,24550.0,500,Buy,234246285
2024-08-23 10:59:09,24550.0,1500,Buy,234246286
2024-08-23 10:59:09,24550.0,1000,Buy,234246287
2024-08-23 10:59:24,24550.0,400,Buy,234246441
2024-08-23 10:59:24,24550.0,400,Buy,234246442
2024-08-23 10:59:33,24550.0,200,Buy,234246562
2024-08-23 10:59:50,24550.0,500,Buy,234246726
2024-08-23 11:00:08,24550.0,500,Buy,234246944
2024-08-23 11:00:24,24500.0,500,Sell,234247100
2024-08-23 11:00:29,24550.0,100,Buy,234247143
2024-08-23 11:01:00,24550.0,200,Buy,234247856
2024-08-23 11:01:23,24500.0,2500,Sell,234248085
2024-08-23 11:02:11,24500.0,400,Sell,234248645
2024-08-23 11:02:49,24500.0,2800,Sell,234249076
2024-08-23 11:03:06,24500.0,100,Sell,234249360
2024-08-23 11:03:08,24500.0,800,Sell,234249416
2024-08-23 11:04:11,24500.0,17500,Sell,234250330
2024-08-23 11:04:12,24500.0,100,Sell,234250331
2024-08-23 11:04:12,24500.0,100,Sell,234250332
2024-08-23 11:04:12,24500.0,200,Sell,234250333
2024-08-23 11:04:12,24500.0,2100,Sell,234250334
2024-08-23 11:04:14,24500.0,1000,Sell,234250357
2024-08-23 11:04:23,24550.0,1900,Buy,234250485
2024-08-23 11:04:25,24500.0,100,Sell,234250498
2024-08-23 11:04:25,24500.0,1900,Sell,234250497
2024-08-23 11:04:30,24500.0,100,Sell,234250700
2024-08-23 11:04:58,24500.0,2700,Sell,234251000
2024-08-23 11:05:00,24500.0,200,Sell,234251019
2024-08-23 11:05:17,24500.0,900,Sell,234251217
2024-08-23 11:05:17,24500.0,100,Sell,234251218
2024-08-23 11:05:30,24550.0,100,Buy,234251399
2024-08-23 11:06:12,24500.0,10600,Sell,234251986
2024-08-23 11:06:12,24500.0,500,Sell,234251985
2024-08-23 11:06:12,24500.0,100,Sell,234251984
2024-08-23 11:06:12,24500.0,900,Sell,234251981
2024-08-23 11:06:12,24500.0,100,Sell,234251980
2024-08-23 11:06:12,24500.0,5000,Sell,234251983
2024-08-23 11:06:12,24500.0,2000,Sell,234251978
2024-08-23 11:06:12,24500.0,300,Sell,234251979
2024-08-23 11:06:12,24500.0,2200,Sell,234251973
2024-08-23 11:06:12,24500.0,500,Sell,234251974
2024-08-23 11:06:12,24500.0,2000,Sell,234251982
2024-08-23 11:06:12,24500.0,500,Sell,234251976
2024-08-23 11:06:12,24500.0,1900,Sell,234251977
2024-08-23 11:06:12,24500.0,400,Sell,234251975
2024-08-23 11:06:17,24550.0,100,Buy,234252053
2024-08-23 11:06:46,24500.0,100,Sell,234252667
2024-08-23 11:06:46,24500.0,400,Sell,234252666
2024-08-23 11:06:50,24500.0,100,Sell,234252729
2024-08-23 11:06:50,24500.0,45600,Sell,234252735
2024-08-23 11:06:50,24500.0,100,Sell,234252734
2024-08-23 11:06:50,24500.0,200,Sell,234252733
2024-08-23 11:06:50,24500.0,100,Sell,234252732
2024-08-23 11:06:50,24500.0,4000,Sell,234252731
2024-08-23 11:06:50,24500.0,500,Sell,234252730
2024-08-23 11:06:50,24500.0,1000,Sell,234252728
2024-08-23 11:06:50,24500.0,1000,Sell,234252726
2024-08-23 11:06:50,24500.0,2000,Sell,234252725
2024-08-23 11:06:50,24500.0,200,Sell,234252724
2024-08-23 11:06:50,24500.0,100,Sell,234252723
2024-08-23 11:06:50,24500.0,200,Sell,234252722
2024-08-23 11:06:50,24500.0,400,Sell,234252721
2024-08-23 11:06:50,24500.0,400,Sell,234252720
2024-08-23 11:06:50,24500.0,14100,Sell,234252727
2024-08-23 11:07:01,24500.0,100,Sell,234252940
2024-08-23 11:07:18,24500.0,1500,Sell,234253198
2024-08-23 11:07:24,24500.0,500,Sell,234253573
2024-08-23 11:07:27,24500.0,100,Sell,234253667
2024-08-23 11:07:27,24500.0,5000,Sell,234253668
2024-08-23 11:07:27,24500.0,29200,Sell,234253669
2024-08-23 11:07:27,24500.0,1000,Sell,234253670
2024-08-23 11:07:27,24500.0,100,Sell,234253672
2024-08-23 11:07:27,24500.0,500,Sell,234253678
2024-08-23 11:07:27,24500.0,200,Sell,234253675
2024-08-23 11:07:27,24500.0,10000,Sell,234253676
2024-08-23 11:07:27,24500.0,200,Sell,234253677
2024-08-23 11:07:27,24500.0,200,Sell,234253666
2024-08-23 11:07:27,24500.0,500,Sell,234253679
2024-08-23 11:07:27,24500.0,100,Sell,234253674
2024-08-23 11:07:27,24500.0,200,Sell,234253665
2024-08-23 11:07:27,24500.0,1000,Sell,234253671
2024-08-23 11:07:27,24500.0,2000,Sell,234253663
2024-08-23 11:07:27,24500.0,33300,Sell,234253650
2024-08-23 11:07:27,24500.0,200,Sell,234253651
2024-08-23 11:07:27,24500.0,500,Sell,234253652
2024-08-23 11:07:27,24500.0,100,Sell,234253653
2024-08-23 11:07:27,24500.0,200,Sell,234253655
2024-08-23 11:07:27,24500.0,2000,Sell,234253656
2024-08-23 11:07:27,24500.0,200,Sell,234253654
2024-08-23 11:07:27,24500.0,1000,Sell,234253658
2024-08-23 11:07:27,24500.0,500,Sell,234253659
2024-08-23 11:07:27,24500.0,200,Sell,234253660
2024-08-23 11:07:27,24500.0,2000,Sell,234253661
2024-08-23 11:07:27,24500.0,100,Sell,234253662
2024-08-23 11:07:27,24500.0,500,Sell,234253657
2024-08-23 11:07:27,24500.0,2000,Sell,234253664
2024-08-23 11:07:38,24450.0,600,Sell,234253875
2024-08-23 11:07:53,24500.0,5000,Buy,234254115
2024-08-23 11:07:55,24450.0,500,Sell,234254131
2024-08-23 11:08:06,24500.0,800,Buy,234254245
2024-08-23 11:08:19,24450.0,100,Sell,234254489
2024-08-23 11:08:20,24500.0,100,Buy,234254546
2024-08-23 11:08:34,24500.0,300,Buy,234254835
2024-08-23 11:08:36,24500.0,700,Buy,234254899
2024-08-23 11:08:36,24500.0,500,Buy,234254900
2024-08-23 11:08:36,24500.0,100,Buy,234254901
2024-08-23 11:08:36,24500.0,2000,Buy,234254902
2024-08-23 11:08:36,24500.0,1700,Buy,234254903
2024-08-23 11:08:47,24500.0,100,Buy,234255101
2024-08-23 11:09:08,24450.0,500,Sell,234255517
2024-08-23 11:09:46,24450.0,100,Sell,234256148
2024-08-23 11:10:20,24500.0,300,Buy,234256855
2024-08-23 11:10:47,24500.0,100,Buy,234257190
2024-08-23 11:10:59,24500.0,300,Buy,234257401
2024-08-23 11:11:01,24500.0,200,Buy,234257444
2024-08-23 11:11:19,24500.0,100,Buy,234257782
2024-08-23 11:11:57,24500.0,300,Buy,234258471
2024-08-23 11:12:08,24500.0,500,Buy,234258618
2024-08-23 11:12:19,24500.0,100,Buy,234258764
2024-08-23 11:12:28,24500.0,300,Buy,234258920
2024-08-23 11:12:28,24500.0,200,Buy,234258919
2024-08-23 11:14:03,24500.0,1100,Buy,234260952
2024-08-23 11:14:03,24500.0,3800,Buy,234260953
2024-08-23 11:14:12,24450.0,800,Sell,234261166
2024-08-23 11:14:26,24450.0,500,Sell,234261449
2024-08-23 11:14:26,24450.0,100,Sell,234261450
2024-08-23 11:14:26,24450.0,7000,Sell,234261451
2024-08-23 11:14:26,24450.0,2400,Sell,234261448
2024-08-23 11:14:41,24500.0,300,Buy,234261746
2024-08-23 11:15:20,24450.0,100,Sell,234262667
2024-08-23 11:15:32,24450.0,100,Sell,234262995
2024-08-23 11:15:54,24450.0,300,Sell,234263485
2024-08-23 11:15:57,24450.0,100,Sell,234263533
2024-08-23 11:16:07,24450.0,500,Sell,234263851
2024-08-23 11:16:14,24450.0,100,Sell,234264335
2024-08-23 11:16:20,24500.0,100,Buy,234264498
2024-08-23 11:16:23,24450.0,1000,Sell,234264625
2024-08-23 11:16:26,24450.0,3000,Sell,234264666
2024-08-23 11:16:48,24450.0,500,Sell,234265144
2024-08-23 11:17:09,24450.0,2300,Sell,234265668
2024-08-23 11:17:09,24450.0,100,Sell,234265669
2024-08-23 11:17:09,24450.0,400,Sell,234265670
2024-08-23 11:17:09,24450.0,100,Sell,234265671
2024-08-23 11:17:09,24450.0,400,Sell,234265672
2024-08-23 11:17:09,24450.0,500,Sell,234265673
2024-08-23 11:17:09,24450.0,1600,Sell,234265674
2024-08-23 11:17:12,24450.0,1000,Sell,234265722
2024-08-23 11:17:15,24450.0,100,Sell,234265791
2024-08-23 11:17:15,24450.0,400,Sell,234265792
2024-08-23 11:17:15,24450.0,100,Sell,234265790
2024-08-23 11:17:15,24450.0,300,Sell,234265794
2024-08-23 11:17:15,24450.0,5000,Sell,234265788
2024-08-23 11:17:15,24450.0,200,Sell,234265789
2024-08-23 11:17:15,24450.0,2400,Sell,234265786
2024-08-23 11:17:15,24450.0,500,Sell,234265793
2024-08-23 11:17:15,24450.0,1000,Sell,234265787
2024-08-23 11:17:21,24450.0,400,Sell,234265897
2024-08-23 11:17:23,24450.0,300,Sell,234265933
2024-08-23 11:17:23,24450.0,700,Sell,234265934
2024-08-23 11:17:24,24450.0,1700,Sell,234265993
2024-08-23 11:17:36,24450.0,2000,Sell,234266246
2024-08-23 11:17:36,24450.0,1600,Sell,234266263
2024-08-23 11:17:36,24450.0,500,Sell,234266264
2024-08-23 11:17:36,24450.0,3600,Sell,234266265
2024-08-23 11:17:36,24450.0,500,Sell,234266266
2024-08-23 11:17:36,24450.0,200,Sell,234266267
2024-08-23 11:17:36,24450.0,100,Sell,234266268
2024-08-23 11:17:36,24450.0,3500,Sell,234266269
2024-08-23 11:17:40,24450.0,200,Sell,234266309
2024-08-23 11:18:01,24450.0,300,Sell,234266752
2024-08-23 11:18:01,24450.0,9000,Sell,234266753
2024-08-23 11:18:01,24450.0,100,Sell,234266754
2024-08-23 11:18:01,24450.0,100,Sell,234266755
2024-08-23 11:18:01,24450.0,1000,Sell,234266756
2024-08-23 11:18:01,24450.0,2000,Sell,234266757
2024-08-23 11:18:01,24450.0,400,Sell,234266758
2024-08-23 11:18:01,24450.0,100,Sell,234266759
2024-08-23 11:18:01,24450.0,5600,Sell,234266760
2024-08-23 11:18:01,24450.0,1300,Sell,234266750
2024-08-23 11:18:01,24450.0,100,Sell,234266751
2024-08-23 11:18:05,24450.0,4000,Sell,234266938
2024-08-23 11:18:20,24450.0,400,Sell,234267154
2024-08-23 11:18:20,24450.0,600,Sell,234267155
2024-08-23 11:18:21,24450.0,500,Sell,234267158
2024-08-23 11:18:24,24450.0,400,Sell,234267212
2024-08-23 11:18:32,24500.0,500,Buy,234267458
2024-08-23 11:18:53,24450.0,2600,Sell,234267844
2024-08-23 11:18:53,24450.0,300,Sell,234267837
2024-08-23 11:19:13,24450.0,8000,Sell,234268262
2024-08-23 11:19:20,24450.0,500,Sell,234268395
2024-08-23 11:20:23,24450.0,4000,Sell,234269658
2024-08-23 11:20:31,24450.0,2000,Sell,234269853
2024-08-23 11:20:32,24450.0,100,Sell,234269862
2024-08-23 11:20:34,24450.0,5300,Sell,234269895
2024-08-23 11:20:48,24450.0,2000,Sell,234270218
2024-08-23 11:20:48,24450.0,1800,Sell,234270216
2024-08-23 11:20:48,24450.0,100,Sell,234270217
2024-08-23 11:20:48,24450.0,100,Sell,234270214
2024-08-23 11:20:48,24450.0,5700,Sell,234270213
2024-08-23 11:20:48,24450.0,300,Sell,234270215
2024-08-23 11:20:59,24450.0,2600,Sell,234270441
2024-08-23 11:21:00,24450.0,1000,Sell,234270455
2024-08-23 11:21:00,24450.0,400,Sell,234270463
2024-08-23 11:21:00,24450.0,2000,Sell,234270462
2024-08-23 11:21:00,24450.0,300,Sell,234270461
2024-08-23 11:21:00,24450.0,100,Sell,234270460
2024-08-23 11:21:00,24450.0,100,Sell,234270458
2024-08-23 11:21:00,24450.0,1000,Sell,234270457
2024-08-23 11:21:00,24450.0,100,Sell,234270456
2024-08-23 11:21:00,24450.0,1000,Sell,234270454
2024-08-23 11:21:00,24450.0,200,Sell,234270459
2024-08-23 11:21:00,24450.0,1000,Sell,234270452
2024-08-23 11:21:00,24450.0,5000,Sell,234270451
2024-08-23 11:21:00,24450.0,200,Sell,234270450
2024-08-23 11:21:00,24450.0,100,Sell,234270449
2024-08-23 11:21:00,24450.0,200,Sell,234270448
2024-08-23 11:21:00,24450.0,100,Sell,234270447
2024-08-23 11:21:00,24450.0,300,Sell,234270446
2024-08-23 11:21:00,24450.0,10000,Sell,234270445
2024-08-23 11:21:00,24450.0,1000,Sell,234270444
2024-08-23 11:21:00,24450.0,500,Sell,234270443
2024-08-23 11:21:00,24450.0,100,Sell,234270453
2024-08-23 11:21:52,24450.0,500,Buy,234271777
2024-08-23 11:21:57,24400.0,100,Sell,234271988
2024-08-23 11:22:01,24450.0,2200,Buy,234272166
2024-08-23 11:22:01,24450.0,800,Buy,234272169
2024-08-23 11:22:28,24450.0,100,Buy,234272706
2024-08-23 11:22:36,24450.0,100,Buy,234272885
2024-08-23 11:22:38,24450.0,100,Buy,234272933
2024-08-23 11:22:46,24450.0,1000,Buy,234273169
2024-08-23 11:22:46,24450.0,800,Buy,234273170
2024-08-23 11:22:46,24450.0,2000,Buy,234273168
2024-08-23 11:22:46,24450.0,2900,Buy,234273163
2024-08-23 11:22:46,24450.0,1000,Buy,234273166
2024-08-23 11:22:46,24450.0,3000,Buy,234273165
2024-08-23 11:22:46,24450.0,2000,Buy,234273164
2024-08-23 11:22:46,24450.0,2000,Buy,234273167
2024-08-23 11:22:50,24450.0,500,Buy,234273291
2024-08-23 11:23:05,24450.0,200,Buy,234273763
2024-08-23 11:23:41,24450.0,500,Buy,234274845
2024-08-23 11:24:17,24450.0,100,Buy,234275502
2024-08-23 11:24:32,24400.0,2300,Sell,234275934
2024-08-23 11:24:32,24400.0,100,Sell,234275933
2024-08-23 11:24:32,24400.0,2000,Sell,234275932
2024-08-23 11:24:32,24400.0,100,Sell,234275931
2024-08-23 11:24:32,24400.0,100,Sell,234275930
2024-08-23 11:24:32,24400.0,1000,Sell,234275927
2024-08-23 11:24:32,24400.0,200,Sell,234275929
2024-08-23 11:24:32,24400.0,1000,Sell,234275928
2024-08-23 11:24:32,24400.0,2000,Sell,234275920
2024-08-23 11:24:32,24400.0,100,Sell,234275921
2024-08-23 11:24:32,24400.0,100,Sell,234275922
2024-08-23 11:24:32,24400.0,100,Sell,234275926
2024-08-23 11:24:32,24400.0,500,Sell,234275924
2024-08-23 11:24:32,24400.0,100,Sell,234275925
2024-08-23 11:24:32,24400.0,300,Sell,234275923
2024-08-23 11:24:33,24450.0,2000,Buy,234275945
2024-08-23 11:24:38,24400.0,2700,Sell,234276073
2024-08-23 11:24:38,24400.0,300,Sell,234276074
2024-08-23 11:24:39,24450.0,6400,Buy,234276082
2024-08-23 11:24:39,24450.0,1000,Buy,234276083
2024-08-23 11:24:39,24450.0,1000,Buy,234276084
2024-08-23 11:24:39,24500.0,600,Buy,234276085
2024-08-23 11:24:55,24500.0,200,Buy,234276483
2024-08-23 11:25:13,24500.0,100,Buy,234276760
2024-08-23 11:25:13,24450.0,1000,Sell,234276763
2024-08-23 11:25:16,24450.0,200,Sell,234276865
2024-08-23 11:25:18,24450.0,3500,Sell,234276933
2024-08-23 11:25:45,24450.0,500,Sell,234277444
2024-08-23 11:25:45,24450.0,200,Sell,234277445
2024-08-23 11:25:45,24450.0,200,Sell,234277446
2024-08-23 11:25:45,24450.0,500,Sell,234277447
2024-08-23 11:25:45,24400.0,700,Sell,234277448
2024-08-23 11:25:45,24400.0,600,Sell,234277449
2024-08-23 11:25:45,24450.0,300,Sell,234277443
2024-08-23 11:26:06,24400.0,400,Sell,234277849
2024-08-23 11:26:06,24400.0,100,Sell,234277850
2024-08-23 11:26:06,24400.0,1500,Sell,234277851
2024-08-23 11:26:27,24450.0,4000,Sell,234278354
2024-08-23 11:26:40,24450.0,1000,Buy,234278792
2024-08-23 11:26:40,24450.0,5000,Buy,234278793
2024-08-23 11:26:40,24450.0,1500,Buy,234278794
2024-08-23 11:27:00,24450.0,3000,Sell,234279544
2024-08-23 11:27:06,24450.0,5000,Sell,234279624
2024-08-23 11:27:31,24450.0,1300,Sell,234280103
2024-08-23 11:27:31,24450.0,3700,Sell,234280102
2024-08-23 11:27:35,24450.0,1000,Sell,234280237
2024-08-23 11:27:57,24450.0,1000,Sell,234280582
2024-08-23 11:28:00,24450.0,11500,Sell,234280662
2024-08-23 11:28:00,24450.0,500,Sell,234280663
2024-08-23 11:28:00,24450.0,100,Sell,234280664
2024-08-23 11:28:18,24450.0,500,Buy,234281098
2024-08-23 11:28:42,24450.0,2000,Buy,234281535
2024-08-23 11:28:42,24400.0,3000,Sell,234281538
2024-08-23 11:29:00,24400.0,500,Sell,234282093
2024-08-23 11:29:00,24400.0,1000,Sell,234282094
2024-08-23 11:29:00,24450.0,400,Buy,234282096
2024-08-23 11:29:16,24400.0,500,Sell,234282457
2024-08-23 11:29:16,24400.0,1400,Sell,234282460
2024-08-23 11:29:16,24400.0,1000,Sell,234282459
2024-08-23 11:29:16,24400.0,100,Sell,234282458
2024-08-23 11:29:16,24400.0,500,Sell,234282455
2024-08-23 11:29:16,24400.0,100,Sell,234282454
2024-08-23 11:29:16,24400.0,200,Sell,234282453
2024-08-23 11:29:16,24400.0,10000,Sell,234282452
2024-08-23 11:29:16,24400.0,300,Sell,234282451
2024-08-23 11:29:16,24400.0,10000,Sell,234282456
2024-08-23 11:29:28,24400.0,100,Sell,234282720
2024-08-23 11:29:28,24400.0,1000,Sell,234282721
2024-08-23 11:29:28,24400.0,2000,Sell,234282722
2024-08-23 11:29:28,24400.0,900,Sell,234282723
2024-08-23 12:59:36,24400.0,900,Sell,234283071
2024-08-23 12:59:36,24400.0,500,Sell,234283072
2024-08-23 12:59:37,24400.0,400,Sell,234283486
2024-08-23 12:59:37,24400.0,200,Sell,234283666
2024-08-23 12:59:37,24400.0,100,Sell,234283487
2024-08-23 12:59:37,24400.0,1900,Sell,234283485
2024-08-23 12:59:37,24400.0,1700,Sell,234283276
2024-08-23 12:59:37,24400.0,700,Sell,234283279
2024-08-23 12:59:37,24400.0,500,Sell,234283277
2024-08-23 12:59:37,24400.0,400,Sell,234283344
2024-08-23 12:59:37,24400.0,100,Sell,234283278
2024-08-23 12:59:38,24400.0,1000,Sell,234283897
2024-08-23 12:59:38,24400.0,100,Sell,234283924
2024-08-23 12:59:38,24400.0,200,Sell,234283925
2024-08-23 12:59:38,24400.0,400,Sell,234283926
2024-08-23 12:59:38,24400.0,600,Sell,234283927
2024-08-23 12:59:38,24400.0,100,Sell,234284117
2024-08-23 12:59:38,24400.0,200,Sell,234284118
2024-08-23 12:59:38,24400.0,100,Sell,234284119
2024-08-23 12:59:38,24450.0,100,Buy,234284120
2024-08-23 12:59:40,24400.0,400,Sell,234284834
2024-08-23 12:59:41,24400.0,1200,Sell,234285097
2024-08-23 12:59:41,24400.0,100,Sell,234284990
2024-08-23 12:59:42,24400.0,600,Sell,234285168
2024-08-23 12:59:42,24450.0,300,Buy,234285508
2024-08-23 12:59:42,24400.0,400,Sell,234285507
2024-08-23 12:59:45,24400.0,500,Sell,234285874
2024-08-23 12:59:45,24400.0,1000,Sell,234285937
2024-08-23 12:59:46,24400.0,2800,Sell,234286027
2024-08-23 12:59:46,24400.0,100,Sell,234286028
2024-08-23 12:59:46,24400.0,1000,Sell,234286029
2024-08-23 12:59:46,24400.0,1000,Sell,234286030
2024-08-23 12:59:46,24400.0,100,Sell,234286031
2024-08-23 12:59:47,24450.0,100,Buy,234286312
2024-08-23 12:59:48,24400.0,100,Sell,234286373
2024-08-23 12:59:48,24400.0,1000,Sell,234286372
2024-08-23 12:59:48,24400.0,500,Sell,234286371
2024-08-23 12:59:48,24400.0,1000,Sell,234286369
2024-08-23 12:59:48,24400.0,14100,Sell,234286368
2024-08-23 12:59:48,24400.0,100,Sell,234286367
2024-08-23 12:59:48,24400.0,200,Sell,234286366
2024-08-23 12:59:48,24400.0,3000,Sell,234286370
2024-08-23 12:59:49,24400.0,100,Sell,234286599
2024-08-23 12:59:50,24400.0,9800,Sell,234286777
2024-08-23 12:59:50,24400.0,200,Sell,234286778
2024-08-23 12:59:51,24400.0,1600,Sell,234286803
2024-08-23 12:59:55,24400.0,200,Sell,234287219
2024-08-23 12:59:59,24400.0,100,Sell,234287444
2024-08-23 13:00:00,24400.0,300,Sell,234287497
2024-08-23 13:00:00,24400.0,100,Sell,234287510
2024-08-23 13:00:01,24400.0,100,Sell,234287559
2024-08-23 13:00:01,24400.0,300,Sell,234287560
2024-08-23 13:00:05,24400.0,1000,Sell,234287910
2024-08-23 13:00:12,24400.0,2600,Sell,234288556
2024-08-23 13:00:12,24400.0,500,Sell,234288538
2024-08-23 13:00:12,24400.0,800,Sell,234288554
2024-08-23 13:00:12,24400.0,100,Sell,234288555
2024-08-23 13:00:13,24400.0,100,Sell,234288627
2024-08-23 13:00:16,24400.0,2300,Sell,234288686
2024-08-23 13:00:16,24400.0,100,Sell,234288687
2024-08-23 13:00:16,24400.0,1000,Sell,234288688
2024-08-23 13:00:16,24400.0,100,Sell,234288689
2024-08-23 13:00:16,24400.0,2500,Sell,234288690
2024-08-23 13:00:16,24400.0,500,Sell,234288691
2024-08-23 13:00:16,24400.0,5000,Sell,234288712
2024-08-23 13:00:16,24400.0,100,Sell,234288713
2024-08-23 13:00:16,24400.0,100,Sell,234288714
2024-08-23 13:00:16,24400.0,100,Sell,234288715
2024-08-23 13:00:16,24400.0,100,Sell,234288717
2024-08-23 13:00:16,24400.0,200,Sell,234288744
2024-08-23 13:00:16,24400.0,200,Sell,234288745
2024-08-23 13:00:16,24400.0,5000,Sell,234288746
2024-08-23 13:00:16,24400.0,500,Sell,234288747
2024-08-23 13:00:16,24400.0,100,Sell,234288748
2024-08-23 13:00:16,24400.0,100,Sell,234288749
2024-08-23 13:00:16,24400.0,100,Sell,234288750
2024-08-23 13:00:16,24400.0,500,Sell,234288751
2024-08-23 13:00:16,24400.0,2000,Sell,234288752
2024-08-23 13:00:16,24400.0,1000,Sell,234288753
2024-08-23 13:00:16,24400.0,500,Sell,234288743
2024-08-23 13:00:16,24400.0,200,Sell,234288754
2024-08-23 13:00:16,24400.0,1000,Sell,234288756
2024-08-23 13:00:16,24400.0,500,Sell,234288757
2024-08-23 13:00:16,24400.0,2000,Sell,234288758
2024-08-23 13:00:16,24400.0,300,Sell,234288759
2024-08-23 13:00:16,24400.0,500,Sell,234288760
2024-08-23 13:00:16,24400.0,100,Sell,234288761
2024-08-23 13:00:16,24400.0,100,Sell,234288762
2024-08-23 13:00:16,24400.0,600,Sell,234288763
2024-08-23 13:00:16,24400.0,200,Sell,234288764
2024-08-23 13:00:16,24400.0,38500,Sell,234288765
2024-08-23 13:00:16,24400.0,300,Sell,234288755
2024-08-23 13:00:16,24400.0,500,Sell,234288742
2024-08-23 13:00:16,24400.0,100,Sell,234288716
2024-08-23 13:00:16,24400.0,5000,Sell,234288740
2024-08-23 13:00:16,24400.0,100,Sell,234288718
2024-08-23 13:00:16,24400.0,100,Sell,234288719
2024-08-23 13:00:16,24400.0,100,Sell,234288720
2024-08-23 13:00:16,24400.0,300,Sell,234288721
2024-08-23 13:00:16,24400.0,5000,Sell,234288722
2024-08-23 13:00:16,24400.0,3000,Sell,234288723
2024-08-23 13:00:16,24400.0,1000,Sell,234288724
2024-08-23 13:00:16,24400.0,500,Sell,234288725
2024-08-23 13:00:16,24400.0,1500,Sell,234288726
2024-08-23 13:00:16,24400.0,5000,Sell,234288727
2024-08-23 13:00:16,24400.0,100,Sell,234288728
2024-08-23 13:00:16,24400.0,700,Sell,234288741
2024-08-23 13:00:16,24400.0,2000,Sell,234288730
2024-08-23 13:00:16,24400.0,1000,Sell,234288731
2024-08-23 13:00:16,24400.0,4400,Sell,234288732
2024-08-23 13:00:16,24400.0,1000,Sell,234288733
2024-08-23 13:00:16,24400.0,100,Sell,234288734
2024-08-23 13:00:16,24400.0,500,Sell,234288735
2024-08-23 13:00:16,24400.0,1000,Sell,234288736
2024-08-23 13:00:16,24400.0,100,Sell,234288737
2024-08-23 13:00:16,24400.0,200,Sell,234288738
