time,price,volume,match_type,id
2024-07-23 09:14:41,25350.0,212300,ATO/ATC,225457799
2024-07-23 09:14:42,25200.0,100,Sell,225457971
2024-07-23 09:14:42,25200.0,100,Sell,225457963
2024-07-23 09:14:42,25250.0,100,Sell,225457927
2024-07-23 09:14:42,25200.0,100,Sell,225457961
2024-07-23 09:14:42,25200.0,100,Sell,225457962
2024-07-23 09:15:02,25200.0,100,Sell,225458204
2024-07-23 09:15:02,25200.0,300,Sell,225458208
2024-07-23 09:15:02,25200.0,300,Sell,225458207
2024-07-23 09:15:02,25200.0,200,Sell,225458203
2024-07-23 09:15:02,25200.0,100,Sell,225458205
2024-07-23 09:15:02,25200.0,1000,Sell,225458206
2024-07-23 09:15:04,25200.0,200,Sell,225458238
2024-07-23 09:15:04,25200.0,100,Sell,225458239
2024-07-23 09:15:04,25200.0,200,Sell,225458240
2024-07-23 09:15:04,25200.0,1000,Sell,225458241
2024-07-23 09:15:08,25200.0,500,Sell,225458276
2024-07-23 09:15:15,25200.0,10000,Sell,225458388
2024-07-23 09:15:17,25200.0,1000,Sell,225458408
2024-07-23 09:15:19,25300.0,500,Buy,225458437
2024-07-23 09:15:19,25350.0,3900,Buy,225458438
2024-07-23 09:15:20,25200.0,2000,Sell,225458450
2024-07-23 09:15:21,25200.0,12000,Sell,225458472
2024-07-23 09:15:29,25300.0,700,Buy,225458568
2024-07-23 09:15:31,25300.0,300,Buy,225458590
2024-07-23 09:15:34,25300.0,100,Sell,225458641
2024-07-23 09:15:41,25350.0,200,Buy,225458743
2024-07-23 09:15:41,25350.0,200,Buy,225458744
2024-07-23 09:15:47,25300.0,1000,Sell,225458833
2024-07-23 09:15:53,25300.0,100,Sell,225458920
2024-07-23 09:15:53,25300.0,900,Sell,225458921
2024-07-23 09:15:53,25300.0,1200,Sell,225458922
2024-07-23 09:15:53,25300.0,300,Sell,225458923
2024-07-23 09:15:58,25300.0,800,Sell,225459042
2024-07-23 09:15:58,25300.0,200,Sell,225459041
2024-07-23 09:15:59,25300.0,100,Sell,225459058
2024-07-23 09:15:59,25300.0,900,Sell,225459056
2024-07-23 09:15:59,25300.0,100,Sell,225459057
2024-07-23 09:16:08,25300.0,100,Sell,225459206
2024-07-23 09:16:08,25300.0,1000,Sell,225459207
2024-07-23 09:16:08,25300.0,5000,Sell,225459208
2024-07-23 09:16:08,25300.0,500,Sell,225459209
2024-07-23 09:16:08,25300.0,500,Sell,225459210
2024-07-23 09:16:08,25300.0,800,Sell,225459205
2024-07-23 09:16:14,25250.0,400,Sell,225459331
2024-07-23 09:16:16,25300.0,100,Buy,225459371
2024-07-23 09:16:16,25300.0,30000,Buy,225459379
2024-07-23 09:16:18,25300.0,100,Buy,225459401
2024-07-23 09:16:24,25300.0,100,Buy,225459483
2024-07-23 09:16:33,25300.0,3000,Buy,225459644
2024-07-23 09:16:35,25300.0,200,Buy,225459668
2024-07-23 09:16:37,25300.0,300,Buy,225459700
2024-07-23 09:16:39,25300.0,4300,Buy,225459749
2024-07-23 09:16:39,25300.0,700,Buy,225459748
2024-07-23 09:16:43,25300.0,5700,Buy,225459851
2024-07-23 09:16:43,25300.0,1300,Buy,225459854
2024-07-23 09:16:49,25300.0,1000,Buy,225459942
2024-07-23 09:16:59,25300.0,100,Buy,225460136
2024-07-23 09:17:05,25300.0,2000,Buy,225460294
2024-07-23 09:17:10,25300.0,1600,Buy,225460407
2024-07-23 09:17:10,25300.0,600,Buy,225460408
2024-07-23 09:17:10,25300.0,1700,Buy,225460409
2024-07-23 09:17:10,25300.0,500,Buy,225460410
2024-07-23 09:17:10,25300.0,7000,Buy,225460411
2024-07-23 09:17:10,25300.0,1300,Buy,225460412
2024-07-23 09:17:10,25300.0,7300,Buy,225460413
2024-07-23 09:17:11,25300.0,1400,Buy,225460423
2024-07-23 09:17:14,25300.0,1500,Buy,225460513
2024-07-23 09:17:17,25300.0,500,Buy,225460570
2024-07-23 09:17:17,25300.0,5000,Buy,225460565
2024-07-23 09:17:19,25300.0,14300,Buy,225460605
2024-07-23 09:17:19,25300.0,6100,Buy,225460606
2024-07-23 09:17:23,25250.0,4600,Sell,225460671
2024-07-23 09:17:23,25250.0,10000,Sell,225460672
2024-07-23 09:17:23,25250.0,5400,Sell,225460673
2024-07-23 09:17:25,25250.0,1000,Sell,225460704
2024-07-23 09:17:29,25300.0,100,Buy,225460770
2024-07-23 09:17:33,25300.0,300,Buy,225460834
2024-07-23 09:17:34,25250.0,400,Sell,225460842
2024-07-23 09:17:37,25250.0,700,Sell,225460904
2024-07-23 09:17:38,25250.0,300,Sell,225460909
2024-07-23 09:17:41,25300.0,200,Buy,225460976
2024-07-23 09:17:44,25250.0,200,Sell,225461048
2024-07-23 09:17:49,25300.0,5700,Buy,225461144
2024-07-23 09:17:49,25300.0,2000,Buy,225461143
2024-07-23 09:17:49,25300.0,2300,Buy,225461142
2024-07-23 09:17:50,25300.0,1000,Buy,225461155
2024-07-23 09:17:55,25300.0,8500,Buy,225461253
2024-07-23 09:17:55,25300.0,100,Buy,225461254
2024-07-23 09:17:55,25300.0,1400,Buy,225461255
2024-07-23 09:18:00,25300.0,100,Buy,225461362
2024-07-23 09:18:15,25300.0,1000,Buy,225461710
2024-07-23 09:18:16,25250.0,5000,Sell,225461716
2024-07-23 09:18:17,25250.0,7000,Sell,225461741
2024-07-23 09:18:17,25250.0,1000,Sell,225461742
2024-07-23 09:18:17,25250.0,1600,Sell,225461743
2024-07-23 09:18:17,25250.0,400,Sell,225461744
2024-07-23 09:18:19,25300.0,1100,Buy,225461783
2024-07-23 09:18:20,25250.0,500,Sell,225461826
2024-07-23 09:18:20,25250.0,1400,Sell,225461827
2024-07-23 09:18:20,25250.0,2000,Sell,225461825
2024-07-23 09:18:20,25250.0,100,Sell,225461824
2024-07-23 09:18:24,25250.0,3600,Sell,225461876
2024-07-23 09:18:24,25250.0,5000,Sell,225461877
2024-07-23 09:18:24,25250.0,400,Sell,225461878
2024-07-23 09:18:24,25250.0,1000,Sell,225461879
2024-07-23 09:18:26,25250.0,200,Sell,225461929
2024-07-23 09:18:26,25250.0,1000,Sell,225461930
2024-07-23 09:18:26,25250.0,500,Sell,225461931
2024-07-23 09:18:28,25250.0,500,Buy,225461989
2024-07-23 09:18:28,25250.0,5000,Buy,225461997
2024-07-23 09:18:46,25250.0,200,Buy,225462362
2024-07-23 09:18:48,25250.0,1000,Buy,225462400
2024-07-23 09:18:49,25250.0,500,Buy,225462417
2024-07-23 09:18:54,25250.0,3000,Buy,225462504
2024-07-23 09:18:57,25250.0,200,Buy,225462563
2024-07-23 09:19:00,25200.0,3000,Sell,225462627
2024-07-23 09:19:03,25200.0,3500,Sell,225462678
2024-07-23 09:19:10,25250.0,600,Buy,225462829
2024-07-23 09:19:10,25200.0,200,Sell,225462823
2024-07-23 09:19:12,25200.0,1000,Sell,225462856
2024-07-23 09:19:12,25200.0,500,Sell,225462857
2024-07-23 09:19:12,25200.0,1900,Sell,225462865
2024-07-23 09:19:17,25200.0,2000,Sell,225463006
2024-07-23 09:19:17,25200.0,500,Sell,225463007
2024-07-23 09:19:17,25200.0,400,Sell,225463008
2024-07-23 09:19:17,25200.0,3000,Sell,225463009
2024-07-23 09:19:17,25200.0,300,Sell,225463005
2024-07-23 09:19:17,25200.0,500,Sell,225463011
2024-07-23 09:19:17,25200.0,5000,Sell,225463013
2024-07-23 09:19:17,25200.0,500,Sell,225463014
2024-07-23 09:19:17,25200.0,200,Sell,225463010
2024-07-23 09:19:17,25200.0,100,Sell,225463004
2024-07-23 09:19:17,25200.0,300,Sell,225463012
2024-07-23 09:19:17,25200.0,600,Sell,225463002
2024-07-23 09:19:17,25200.0,100,Sell,225462993
2024-07-23 09:19:17,25200.0,272800,Sell,225462994
2024-07-23 09:19:17,25200.0,1000,Sell,225462995
2024-07-23 09:19:17,25200.0,100,Sell,225462996
2024-07-23 09:19:17,25200.0,100,Sell,225463003
2024-07-23 09:19:17,25200.0,1000,Sell,225462998
2024-07-23 09:19:17,25200.0,1000,Sell,225462999
2024-07-23 09:19:17,25200.0,5000,Sell,225463000
2024-07-23 09:19:17,25200.0,1000,Sell,225463001
2024-07-23 09:19:17,25200.0,200,Sell,225462997
2024-07-23 09:19:20,25200.0,600,Buy,225463071
2024-07-23 09:19:20,25150.0,100,Sell,225463080
2024-07-23 09:19:20,25150.0,200,Sell,225463081
2024-07-23 09:19:20,25150.0,100,Sell,225463082
2024-07-23 09:19:20,25150.0,300,Sell,225463083
2024-07-23 09:19:20,25150.0,300,Sell,225463084
2024-07-23 09:19:20,25200.0,900,Buy,225463085
2024-07-23 09:19:22,25200.0,400,Buy,225463115
2024-07-23 09:19:25,25200.0,800,Buy,225463242
2024-07-23 09:19:27,25200.0,200,Buy,225463304
2024-07-23 09:19:46,25200.0,1000,Buy,225463736
2024-07-23 09:19:48,25200.0,200,Buy,225463776
2024-07-23 09:19:52,25200.0,100,Buy,225463860
2024-07-23 09:19:55,25150.0,200,Sell,225463945
2024-07-23 09:19:55,25200.0,1000,Buy,225463953
2024-07-23 09:19:55,25200.0,200,Buy,225463944
2024-07-23 09:19:56,25200.0,500,Buy,225463971
2024-07-23 09:20:03,25200.0,500,Buy,225464131
2024-07-23 09:20:03,25200.0,400,Buy,225464132
2024-07-23 09:20:03,25200.0,2600,Buy,225464134
2024-07-23 09:20:03,25200.0,1500,Buy,225464133
2024-07-23 09:20:04,25200.0,200,Buy,225464143
2024-07-23 09:20:07,25200.0,400,Buy,225464236
2024-07-23 09:20:08,25200.0,2000,Buy,225464273
2024-07-23 09:20:09,25200.0,1000,Buy,225464303
2024-07-23 09:20:15,25200.0,1000,Buy,225464444
2024-07-23 09:20:17,25200.0,300,Buy,225464495
2024-07-23 09:20:18,25200.0,1000,Buy,225464519
2024-07-23 09:20:20,25200.0,100,Buy,225464559
2024-07-23 09:20:23,25200.0,500,Buy,225464634
2024-07-23 09:20:25,25200.0,100,Buy,225464685
2024-07-23 09:20:25,25200.0,900,Buy,225464670
2024-07-23 09:20:25,25200.0,500,Buy,225464671
2024-07-23 09:20:27,25150.0,2000,Sell,225464727
2024-07-23 09:20:28,25200.0,2000,Buy,225464746
2024-07-23 09:20:32,25200.0,100,Buy,225464863
2024-07-23 09:20:37,25200.0,1000,Buy,225464954
2024-07-23 09:20:38,25200.0,700,Buy,225464966
2024-07-23 09:20:43,25150.0,1000,Sell,225465072
2024-07-23 09:20:46,25200.0,300,Buy,225465147
2024-07-23 09:20:49,25200.0,300,Buy,225465220
2024-07-23 09:20:49,25200.0,700,Buy,225465221
2024-07-23 09:20:49,25200.0,1600,Buy,225465228
2024-07-23 09:20:50,25200.0,100,Buy,225465237
2024-07-23 09:20:51,25200.0,200,Buy,225465290
2024-07-23 09:21:11,25200.0,800,Buy,225465842
2024-07-23 09:21:11,25200.0,200,Buy,225465843
2024-07-23 09:21:23,25200.0,200,Buy,225466128
2024-07-23 09:21:26,25200.0,600,Buy,225466176
2024-07-23 09:21:26,25200.0,400,Buy,225466177
2024-07-23 09:21:47,25200.0,100,Buy,225466581
2024-07-23 09:21:47,25200.0,4500,Buy,225466586
2024-07-23 09:21:47,25200.0,2300,Buy,225466587
2024-07-23 09:21:53,25200.0,200,Buy,225466702
2024-07-23 09:21:56,25200.0,1600,Buy,225466750
2024-07-23 09:21:56,25200.0,3900,Buy,225466765
2024-07-23 09:21:56,25200.0,6100,Buy,225466766
2024-07-23 09:21:57,25150.0,200000,Sell,225466788
2024-07-23 09:22:11,25200.0,1000,Buy,225467161
2024-07-23 09:22:12,25200.0,100,Buy,225467163
2024-07-23 09:22:13,25150.0,1000,Sell,225467210
2024-07-23 09:22:13,25150.0,2000,Sell,225467209
2024-07-23 09:22:13,25150.0,500,Sell,225467204
2024-07-23 09:22:13,25150.0,1000,Sell,225467206
2024-07-23 09:22:13,25150.0,600,Sell,225467205
2024-07-23 09:22:13,25150.0,100,Sell,225467203
2024-07-23 09:22:13,25150.0,2000,Sell,225467197
2024-07-23 09:22:13,25150.0,2000,Sell,225467201
2024-07-23 09:22:13,25150.0,100,Sell,225467200
2024-07-23 09:22:13,25150.0,500,Sell,225467199
2024-07-23 09:22:13,25150.0,200,Sell,225467198
2024-07-23 09:22:13,25150.0,5000,Sell,225467196
2024-07-23 09:22:13,25150.0,34500,Sell,225467195
2024-07-23 09:22:13,25150.0,500,Sell,225467202
2024-07-23 09:22:24,25100.0,100,Sell,225467492
2024-07-23 09:22:24,25100.0,200,Sell,225467493
2024-07-23 09:22:24,25100.0,4700,Sell,225467494
2024-07-23 09:22:24,25100.0,300,Sell,225467504
2024-07-23 09:22:24,25100.0,11500,Sell,225467505
2024-07-23 09:22:24,25150.0,2000,Buy,225467515
2024-07-23 09:22:26,25150.0,100,Buy,225467610
2024-07-23 09:22:30,25100.0,3100,Sell,225467766
2024-07-23 09:22:30,25100.0,200,Sell,225467765
2024-07-23 09:22:30,25100.0,900,Sell,225467763
2024-07-23 09:22:30,25100.0,6800,Sell,225467762
2024-07-23 09:22:30,25150.0,400,Buy,225467733
2024-07-23 09:22:30,25100.0,1000,Sell,225467764
2024-07-23 09:22:33,25100.0,1000,Sell,225467823
2024-07-23 09:22:38,25150.0,1000,Buy,225467961
2024-07-23 09:22:38,25100.0,100,Sell,225467969
2024-07-23 09:22:51,25100.0,100,Sell,225468257
2024-07-23 09:22:51,25100.0,700,Sell,225468258
2024-07-23 09:22:51,25100.0,100,Sell,225468259
2024-07-23 09:22:51,25100.0,100,Sell,225468260
2024-07-23 09:22:51,25100.0,1000,Sell,225468261
2024-07-23 09:22:51,25100.0,100,Sell,225468262
2024-07-23 09:22:54,25100.0,1100,Sell,225468323
2024-07-23 09:22:54,25100.0,1000,Sell,225468321
2024-07-23 09:22:54,25100.0,1000,Sell,225468322
2024-07-23 09:22:54,25100.0,500,Sell,225468319
2024-07-23 09:22:54,25100.0,900,Sell,225468317
2024-07-23 09:22:54,25100.0,400,Sell,225468320
2024-07-23 09:22:54,25100.0,100,Sell,225468318
2024-07-23 09:22:56,25100.0,900,Sell,225468378
2024-07-23 09:22:58,25100.0,100,Buy,225468449
2024-07-23 09:23:01,25150.0,1000,Buy,225468520
2024-07-23 09:23:08,25150.0,2000,Buy,225468664
2024-07-23 09:23:08,25100.0,100,Sell,225468665
2024-07-23 09:23:08,25100.0,300,Sell,225468667
2024-07-23 09:23:08,25100.0,100,Sell,225468666
2024-07-23 09:23:10,25100.0,100,Sell,225468698
2024-07-23 09:23:11,25100.0,4600,Sell,225468723
2024-07-23 09:23:11,25100.0,100,Sell,225468724
2024-07-23 09:23:11,25100.0,1000,Sell,225468725
2024-07-23 09:23:11,25100.0,400,Sell,225468726
2024-07-23 09:23:13,25050.0,2500,Sell,225468756
2024-07-23 09:23:13,25100.0,200,Buy,225468769
2024-07-23 09:23:13,25050.0,2000,Sell,225468754
2024-07-23 09:23:13,25050.0,2000,Sell,225468753
2024-07-23 09:23:13,25050.0,2000,Sell,225468752
2024-07-23 09:23:13,25050.0,2000,Sell,225468755
2024-07-23 09:23:15,25050.0,1000,Sell,225468823
2024-07-23 09:23:18,25100.0,300,Buy,225468872
2024-07-23 09:23:36,25100.0,700,Buy,225469334
2024-07-23 09:23:39,25050.0,2000,Sell,225469453
2024-07-23 09:23:40,25050.0,10000,Sell,225469464
2024-07-23 09:23:45,25050.0,2000,Sell,225469569
2024-07-23 09:23:55,25050.0,100,Sell,225469834
2024-07-23 09:23:56,25100.0,3000,Buy,225469868
2024-07-23 09:23:58,25050.0,500,Sell,225469897
2024-07-23 09:24:01,25100.0,200,Buy,225469974
2024-07-23 09:24:02,25050.0,100,Sell,225470005
2024-07-23 09:24:04,25050.0,100,Sell,225470055
2024-07-23 09:24:05,25050.0,1000,Sell,225470060
2024-07-23 09:24:05,25050.0,1700,Sell,225470058
2024-07-23 09:24:05,25050.0,300,Sell,225470059
2024-07-23 09:24:08,25050.0,9000,Sell,225470149
2024-07-23 09:24:08,25050.0,5000,Sell,225470150
2024-07-23 09:24:08,25050.0,200,Sell,225470151
2024-07-23 09:24:08,25050.0,1000,Sell,225470152
2024-07-23 09:24:08,25050.0,100,Sell,225470153
2024-07-23 09:24:10,25050.0,300,Sell,225470192
2024-07-23 09:24:10,25050.0,200,Sell,225470193
2024-07-23 09:24:11,25050.0,100,Sell,225470221
2024-07-23 09:24:14,25050.0,500,Sell,225470271
2024-07-23 09:24:19,25050.0,200,Sell,225470389
2024-07-23 09:24:19,25050.0,300,Sell,225470390
2024-07-23 09:24:19,25050.0,300,Sell,225470391
2024-07-23 09:24:20,25050.0,200,Sell,225470418
2024-07-23 09:24:20,25050.0,200,Sell,225470419
2024-07-23 09:24:20,25050.0,100,Sell,225470417
2024-07-23 09:24:20,25050.0,700,Sell,225470416
2024-07-23 09:24:22,25050.0,800,Sell,225470476
2024-07-23 09:24:22,25050.0,200,Sell,225470477
2024-07-23 09:24:25,25050.0,100,Sell,225470529
2024-07-23 09:24:27,25050.0,400,Sell,225470603
2024-07-23 09:24:27,25050.0,100,Sell,225470604
2024-07-23 09:24:29,25050.0,100,Sell,225470633
2024-07-23 09:24:34,25050.0,1000,Sell,225470723
2024-07-23 09:24:34,25050.0,200,Sell,225470722
2024-07-23 09:24:45,25050.0,300,Sell,225470908
2024-07-23 09:24:53,25050.0,300,Sell,225471060
2024-07-23 09:24:53,25050.0,1000,Sell,225471061
2024-07-23 09:24:53,25050.0,200,Sell,225471059
2024-07-23 09:24:53,25050.0,2800,Sell,225471063
2024-07-23 09:24:53,25050.0,200,Sell,225471062
2024-07-23 09:24:53,25050.0,1000,Sell,225471058
2024-07-23 09:24:53,25050.0,400,Sell,225471067
2024-07-23 09:24:53,25050.0,200,Sell,225471056
2024-07-23 09:24:53,25050.0,100,Sell,225471055
2024-07-23 09:24:53,25050.0,1000,Sell,225471054
2024-07-23 09:24:53,25050.0,500,Sell,225471053
2024-07-23 09:24:53,25050.0,300,Sell,225471052
2024-07-23 09:24:53,25050.0,2300,Sell,225471051
2024-07-23 09:24:53,25050.0,100,Sell,225471057
2024-07-23 09:24:55,25000.0,500,Sell,225471106
2024-07-23 09:24:55,25100.0,200,Buy,225471101
2024-07-23 09:24:55,25000.0,2900,Sell,225471087
2024-07-23 09:24:55,25000.0,100,Sell,225471086
2024-07-23 09:24:55,25000.0,100,Sell,225471084
2024-07-23 09:24:55,25000.0,100,Sell,225471083
2024-07-23 09:24:55,25050.0,2000,Sell,225471082
2024-07-23 09:24:55,25050.0,1800,Sell,225471081
2024-07-23 09:24:55,25000.0,3000,Sell,225471085
2024-07-23 09:24:57,25050.0,100,Buy,225471152
2024-07-23 09:24:59,25000.0,1400,Sell,225471181
2024-07-23 09:24:59,25000.0,1100,Sell,225471180
2024-07-23 09:24:59,25000.0,200,Sell,225471182
2024-07-23 09:24:59,25000.0,100,Sell,225471178
2024-07-23 09:24:59,25000.0,600,Sell,225471177
2024-07-23 09:24:59,25000.0,200,Sell,225471179
2024-07-23 09:25:02,25050.0,1000,Buy,225471253
2024-07-23 09:25:03,25050.0,200,Buy,225471262
2024-07-23 09:25:08,25050.0,700,Buy,225471379
2024-07-23 09:25:08,25050.0,1300,Buy,225471380
2024-07-23 09:25:11,25000.0,400,Sell,225471447
2024-07-23 09:25:11,25000.0,500,Sell,225471446
2024-07-23 09:25:11,25000.0,100,Sell,225471445
2024-07-23 09:25:11,25000.0,3000,Sell,225471444
2024-07-23 09:25:11,25000.0,100,Sell,225471442
2024-07-23 09:25:11,25000.0,500,Sell,225471441
2024-07-23 09:25:11,25000.0,200,Sell,225471440
2024-07-23 09:25:11,25000.0,200,Sell,225471439
2024-07-23 09:25:11,25000.0,5000,Sell,225471443
2024-07-23 09:25:12,25050.0,1500,Buy,225471489
2024-07-23 09:25:14,25050.0,3000,Buy,225471532
2024-07-23 09:25:15,25000.0,500,Sell,225471578
2024-07-23 09:25:15,25000.0,1800,Sell,225471582
2024-07-23 09:25:15,25000.0,1000,Sell,225471581
2024-07-23 09:25:15,25000.0,300,Sell,225471580
2024-07-23 09:25:15,25000.0,100,Sell,225471579
2024-07-23 09:25:15,25000.0,1000,Sell,225471577
2024-07-23 09:25:15,25000.0,600,Sell,225471570
2024-07-23 09:25:15,25000.0,1000,Sell,225471575
2024-07-23 09:25:15,25000.0,100,Sell,225471571
2024-07-23 09:25:15,25000.0,500,Sell,225471572
2024-07-23 09:25:15,25000.0,1000,Sell,225471576
2024-07-23 09:25:15,25000.0,1000,Sell,225471574
2024-07-23 09:25:15,25000.0,1100,Sell,225471573
2024-07-23 09:25:18,25000.0,1000,Sell,225471659
2024-07-23 09:25:24,25000.0,1100,Sell,225471797
2024-07-23 09:25:24,25000.0,1200,Sell,225471796
2024-07-23 09:25:24,25000.0,1000,Sell,225471795
2024-07-23 09:25:24,25000.0,5000,Sell,225471794
2024-07-23 09:25:24,25000.0,1100,Sell,225471793
2024-07-23 09:25:24,25000.0,1000,Sell,225471790
2024-07-23 09:25:24,25000.0,1000,Sell,225471789
2024-07-23 09:25:24,25000.0,2200,Sell,225471788
2024-07-23 09:25:24,25050.0,1000,Buy,225471772
2024-07-23 09:25:24,25000.0,200,Sell,225471792
2024-07-23 09:25:24,25000.0,200,Sell,225471791
2024-07-23 09:25:25,25050.0,3000,Buy,225471811
2024-07-23 09:25:29,25050.0,800,Buy,225471883
2024-07-23 09:25:29,25050.0,200,Buy,225471882
2024-07-23 09:25:31,25000.0,100,Sell,225471910
2024-07-23 09:25:33,25050.0,2000,Buy,225472007
2024-07-23 09:25:35,25050.0,1000,Buy,225472029
2024-07-23 09:25:41,25050.0,100,Buy,225472166
2024-07-23 09:25:43,25000.0,100,Sell,225472212
2024-07-23 09:25:47,25000.0,100,Sell,225472319
2024-07-23 09:25:49,25000.0,100,Sell,225472347
2024-07-23 09:25:52,25000.0,100,Sell,225472401
2024-07-23 09:26:03,25050.0,100,Buy,225472648
2024-07-23 09:26:04,25000.0,500,Sell,225472671
2024-07-23 09:26:04,25000.0,100,Sell,225472672
2024-07-23 09:26:04,25000.0,800,Sell,225472673
2024-07-23 09:26:04,25000.0,300,Sell,225472674
2024-07-23 09:26:04,25000.0,100,Sell,225472670
2024-07-23 09:26:04,25000.0,300,Sell,225472676
2024-07-23 09:26:04,25000.0,1000,Sell,225472677
2024-07-23 09:26:04,25000.0,200,Sell,225472678
2024-07-23 09:26:04,25000.0,800,Sell,225472679
2024-07-23 09:26:04,25000.0,5000,Sell,225472675
2024-07-23 09:26:04,25000.0,100,Sell,225472669
2024-07-23 09:26:04,25000.0,1000,Sell,225472659
2024-07-23 09:26:04,25000.0,100,Sell,225472667
2024-07-23 09:26:04,25000.0,1000,Sell,225472666
2024-07-23 09:26:04,25000.0,100,Sell,225472665
2024-07-23 09:26:04,25000.0,300,Sell,225472664
2024-07-23 09:26:04,25000.0,5000,Sell,225472663
2024-07-23 09:26:04,25000.0,100,Sell,225472662
2024-07-23 09:26:04,25000.0,100,Sell,225472661
2024-07-23 09:26:04,25000.0,2000,Sell,225472660
2024-07-23 09:26:04,25000.0,100,Sell,225472658
2024-07-23 09:26:04,25000.0,400,Sell,225472657
2024-07-23 09:26:04,25000.0,100,Sell,225472668
2024-07-23 09:26:06,25000.0,100,Sell,225472709
2024-07-23 09:26:07,25000.0,200,Sell,225472740
2024-07-23 09:26:07,25000.0,100,Sell,225472741
2024-07-23 09:26:07,25000.0,100,Sell,225472742
2024-07-23 09:26:07,25000.0,100,Sell,225472739
2024-07-23 09:26:08,25000.0,300,Sell,225472774
2024-07-23 09:26:08,25000.0,2300,Sell,225472777
2024-07-23 09:26:08,25000.0,1000,Sell,225472776
2024-07-23 09:26:08,25000.0,100,Sell,225472775
2024-07-23 09:26:08,25000.0,10000,Sell,225472773
2024-07-23 09:26:08,25050.0,200,Buy,225472743
2024-07-23 09:26:08,25000.0,100,Sell,225472771
2024-07-23 09:26:08,25000.0,200,Sell,225472768
2024-07-23 09:26:08,25000.0,300,Sell,225472772
2024-07-23 09:26:08,25000.0,500,Sell,225472770
2024-07-23 09:26:08,25000.0,100,Sell,225472769
2024-07-23 09:26:09,25000.0,5000,Sell,225472781
2024-07-23 09:26:13,25000.0,2700,Sell,225472868
2024-07-23 09:26:13,25000.0,500,Sell,225472869
2024-07-23 09:26:13,25000.0,100,Sell,225472870
2024-07-23 09:26:13,25000.0,100,Sell,225472871
2024-07-23 09:26:13,25000.0,100,Sell,225472872
2024-07-23 09:26:18,25000.0,1500,Buy,225472961
2024-07-23 09:26:18,25000.0,2000,Buy,225472962
2024-07-23 09:26:18,25000.0,5000,Buy,225472963
2024-07-23 09:26:18,25000.0,4800,Buy,225472964
2024-07-23 09:26:21,25050.0,600,Buy,225473004
2024-07-23 09:26:21,25050.0,1000,Buy,225473003
2024-07-23 09:26:21,25050.0,100,Buy,225473000
2024-07-23 09:26:21,25050.0,800,Buy,225472999
2024-07-23 09:26:21,25050.0,1500,Buy,225473001
2024-07-23 09:26:21,25050.0,1000,Buy,225473002
2024-07-23 09:26:27,25000.0,100,Sell,225473144
2024-07-23 09:26:29,25050.0,1500,Buy,225473173
2024-07-23 09:26:29,25000.0,10000,Sell,225473177
2024-07-23 09:26:42,25000.0,2800,Sell,225473374
2024-07-23 09:26:43,25000.0,4000,Sell,225473400
2024-07-23 09:26:43,25000.0,500,Sell,225473411
2024-07-23 09:26:49,25000.0,300,Sell,225473523
2024-07-23 09:27:04,25000.0,200,Sell,225473772
2024-07-23 09:27:08,25050.0,1000,Buy,225473876
2024-07-23 09:27:09,25000.0,300,Sell,225473880
2024-07-23 09:27:09,25050.0,200,Buy,225473890
2024-07-23 09:27:10,25000.0,11300,Sell,225473910
2024-07-23 09:27:19,25000.0,200,Sell,225474116
2024-07-23 09:27:20,25050.0,12000,Buy,225474146
2024-07-23 09:27:20,25050.0,2400,Buy,225474158
2024-07-23 09:27:20,25050.0,2000,Buy,225474157
2024-07-23 09:27:20,25050.0,200,Buy,225474156
2024-07-23 09:27:20,25050.0,200,Buy,225474155
2024-07-23 09:27:20,25050.0,2000,Buy,225474154
2024-07-23 09:27:20,25050.0,1500,Buy,225474153
2024-07-23 09:27:20,25050.0,1700,Buy,225474145
2024-07-23 09:27:20,25050.0,2100,Buy,225474151
2024-07-23 09:27:20,25050.0,5000,Buy,225474150
2024-07-23 09:27:20,25050.0,1000,Buy,225474149
2024-07-23 09:27:20,25050.0,100,Buy,225474148
2024-07-23 09:27:20,25050.0,100,Buy,225474147
2024-07-23 09:27:20,25050.0,5000,Buy,225474152
2024-07-23 09:27:22,25050.0,1000,Sell,225474188
2024-07-23 09:27:24,25050.0,500,Sell,225474230
2024-07-23 09:27:25,25050.0,500,Sell,225474258
2024-07-23 09:27:26,25050.0,300,Sell,225474271
2024-07-23 09:27:31,25050.0,1000,Sell,225474354
2024-07-23 09:27:49,25050.0,100,Sell,225474685
2024-07-23 09:27:51,25100.0,100,Buy,225474735
2024-07-23 09:27:51,25050.0,100,Sell,225474734
2024-07-23 09:27:54,25050.0,2000,Sell,225474784
2024-07-23 09:27:55,25050.0,200,Sell,225474795
2024-07-23 09:28:05,25050.0,200,Sell,225474942
2024-07-23 09:28:11,25100.0,200,Buy,225475020
2024-07-23 09:28:21,25050.0,300,Sell,225475185
2024-07-23 09:28:24,25100.0,100,Buy,225475232
2024-07-23 09:28:26,25050.0,100,Sell,225475252
2024-07-23 09:28:28,25050.0,100,Sell,225475276
2024-07-23 09:28:30,25050.0,100,Sell,225475345
2024-07-23 09:28:31,25050.0,100,Sell,225475363
2024-07-23 09:28:33,25050.0,100,Sell,225475395
2024-07-23 09:28:34,25100.0,5000,Buy,225475418
2024-07-23 09:28:34,25050.0,1000,Sell,225475425
2024-07-23 09:28:37,25050.0,10000,Sell,225475462
2024-07-23 09:28:45,25050.0,1700,Sell,225475627
2024-07-23 09:28:45,25050.0,1000,Sell,225475626
2024-07-23 09:28:45,25050.0,500,Sell,225475625
2024-07-23 09:28:45,25050.0,5000,Sell,225475624
2024-07-23 09:28:45,25050.0,100,Sell,225475617
2024-07-23 09:28:45,25050.0,2000,Sell,225475616
2024-07-23 09:28:45,25050.0,500,Sell,225475623
2024-07-23 09:28:45,25050.0,100,Sell,225475614
2024-07-23 09:28:45,25050.0,1800,Sell,225475613
2024-07-23 09:28:45,25050.0,5000,Sell,225475612
2024-07-23 09:28:45,25050.0,2300,Sell,225475611
2024-07-23 09:28:45,25050.0,8000,Sell,225475610
2024-07-23 09:28:45,25050.0,1000,Sell,225475607
2024-07-23 09:28:45,25050.0,2000,Sell,225475615
2024-07-23 09:28:52,25050.0,1200,Sell,225475775
2024-07-23 09:28:52,25050.0,200,Sell,225475784
2024-07-23 09:28:52,25050.0,500,Sell,225475779
2024-07-23 09:28:52,25050.0,3000,Sell,225475778
2024-07-23 09:28:52,25050.0,100,Sell,225475777
2024-07-23 09:28:52,25050.0,100,Sell,225475776
2024-07-23 09:28:52,25050.0,500,Sell,225475774
2024-07-23 09:28:52,25050.0,2700,Sell,225475780
2024-07-23 09:28:52,25050.0,500,Sell,225475772
2024-07-23 09:28:52,25050.0,300,Sell,225475766
2024-07-23 09:28:52,25050.0,1000,Sell,225475767
2024-07-23 09:28:52,25050.0,1000,Sell,225475768
2024-07-23 09:28:52,25050.0,5000,Sell,225475773
2024-07-23 09:28:52,25050.0,100,Sell,225475770
2024-07-23 09:28:52,25050.0,1000,Sell,225475771
2024-07-23 09:28:52,25050.0,3000,Sell,225475769
2024-07-23 09:28:58,25050.0,400,Sell,225475921
2024-07-23 09:28:59,25050.0,100,Sell,225475932
2024-07-23 09:29:08,25050.0,300,Sell,225476178
2024-07-23 09:29:08,25050.0,8000,Sell,225476179
2024-07-23 09:29:08,25050.0,100,Sell,225476180
2024-07-23 09:29:08,25050.0,400,Sell,225476181
2024-07-23 09:29:08,25050.0,2000,Sell,225476182
2024-07-23 09:29:08,25050.0,2000,Sell,225476183
2024-07-23 09:29:08,25050.0,1600,Sell,225476177
2024-07-23 09:29:12,25100.0,200,Buy,225476304
2024-07-23 09:29:43,25100.0,2000,Buy,225476982
2024-07-23 09:29:44,25100.0,100,Buy,225477009
2024-07-23 09:30:07,25100.0,1000,Buy,225477518
2024-07-23 09:30:07,25100.0,200,Buy,225477517
2024-07-23 09:30:09,25100.0,200,Buy,225477557
2024-07-23 09:30:13,25100.0,200,Buy,225477627
2024-07-23 09:30:15,25050.0,100,Sell,225477669
2024-07-23 09:30:15,25050.0,100,Sell,225477675
2024-07-23 09:30:21,25100.0,500,Buy,225477782
2024-07-23 09:30:27,25100.0,100,Buy,225477875
2024-07-23 09:30:29,25050.0,700,Sell,225477906
2024-07-23 09:30:34,25050.0,100,Sell,225478015
2024-07-23 09:30:36,25050.0,100,Sell,225478080
2024-07-23 09:30:37,25050.0,100,Sell,225478128
2024-07-23 09:30:39,25050.0,100,Sell,225478154
2024-07-23 09:30:40,25050.0,100,Sell,225478165
2024-07-23 09:30:52,25100.0,800,Buy,225478421
2024-07-23 09:30:56,25050.0,600,Sell,225478501
2024-07-23 09:30:56,25050.0,200,Sell,225478499
2024-07-23 09:30:56,25050.0,100,Sell,225478500
2024-07-23 09:30:56,25050.0,2000,Sell,225478498
2024-07-23 09:30:56,25050.0,900,Sell,225478496
2024-07-23 09:30:56,25050.0,200,Sell,225478497
2024-07-23 09:31:03,25050.0,300,Sell,225478642
2024-07-23 09:31:15,25050.0,15200,Sell,225478886
2024-07-23 09:31:16,25100.0,200,Buy,225478920
2024-07-23 09:31:23,25050.0,400,Sell,225479093
2024-07-23 09:31:23,25050.0,5000,Sell,225479094
2024-07-23 09:31:23,25050.0,100,Sell,225479095
2024-07-23 09:31:26,25100.0,2000,Buy,225479175
2024-07-23 09:31:32,25050.0,900,Sell,225479361
2024-07-23 09:31:32,25050.0,600,Sell,225479362
2024-07-23 09:31:32,25050.0,8500,Sell,225479363
2024-07-23 09:31:37,25050.0,1500,Sell,225479469
2024-07-23 09:31:37,25050.0,500,Sell,225479470
2024-07-23 09:31:38,25050.0,3000,Sell,225479479
2024-07-23 09:31:39,25050.0,400,Sell,225479498
2024-07-23 09:31:39,25050.0,3100,Sell,225479499
2024-07-23 09:31:39,25050.0,1500,Sell,225479497
2024-07-23 09:31:43,25050.0,5000,Sell,225479573
2024-07-23 09:31:46,25050.0,600,Sell,225479625
2024-07-23 09:32:02,25050.0,100,Sell,225479897
2024-07-23 09:32:04,25050.0,200,Sell,225479913
2024-07-23 09:32:14,25050.0,1000,Sell,225480114
2024-07-23 09:32:14,25050.0,4000,Sell,225480115
2024-07-23 09:32:14,25050.0,1200,Sell,225480113
2024-07-23 09:32:14,25050.0,1000,Sell,225480108
2024-07-23 09:32:14,25050.0,3000,Sell,225480111
2024-07-23 09:32:14,25050.0,5000,Sell,225480110
2024-07-23 09:32:14,25050.0,1000,Sell,225480112
2024-07-23 09:32:17,25050.0,100,Sell,225480217
2024-07-23 09:32:18,25100.0,200,Buy,225480260
2024-07-23 09:32:35,25100.0,100,Buy,225480570
2024-07-23 09:32:38,25050.0,1000,Sell,225480647
2024-07-23 09:32:38,25050.0,100,Sell,225480646
2024-07-23 09:32:38,25050.0,200,Sell,225480645
2024-07-23 09:32:38,25050.0,500,Sell,225480644
2024-07-23 09:32:38,25050.0,500,Sell,225480640
2024-07-23 09:32:38,25050.0,500,Sell,225480643
2024-07-23 09:32:38,25050.0,500,Sell,225480642
2024-07-23 09:32:38,25050.0,1000,Sell,225480641
2024-07-23 09:32:38,25050.0,500,Sell,225480639
2024-07-23 09:32:38,25050.0,100,Sell,225480632
2024-07-23 09:32:38,25050.0,1500,Sell,225480637
2024-07-23 09:32:38,25050.0,3000,Sell,225480638
2024-07-23 09:32:38,25050.0,900,Sell,225480628
2024-07-23 09:32:38,25050.0,1000,Sell,225480629
2024-07-23 09:32:38,25050.0,100,Sell,225480630
2024-07-23 09:32:38,25050.0,100,Sell,225480631
2024-07-23 09:32:38,25050.0,100,Sell,225480633
2024-07-23 09:32:38,25050.0,5000,Sell,225480634
2024-07-23 09:32:38,25050.0,100,Sell,225480635
2024-07-23 09:32:38,25050.0,3300,Sell,225480636
2024-07-23 09:32:51,25050.0,500,Sell,225480897
2024-07-23 09:32:56,25050.0,4000,Sell,225480974
2024-07-23 09:32:56,25050.0,500,Sell,225480972
2024-07-23 09:32:56,25050.0,500,Sell,225480973
2024-07-23 09:33:04,25050.0,1000,Sell,225481125
2024-07-23 09:33:04,25050.0,100,Sell,225481126
2024-07-23 09:33:04,25050.0,200,Sell,225481128
2024-07-23 09:33:04,25050.0,1600,Sell,225481129
2024-07-23 09:33:04,25050.0,100,Sell,225481127
2024-07-23 09:33:10,25050.0,400,Sell,225481299
2024-07-23 09:33:10,25050.0,100,Sell,225481300
2024-07-23 09:33:22,25050.0,200,Buy,225481541
2024-07-23 09:33:30,25050.0,200,Buy,225481731
2024-07-23 09:33:30,25050.0,300,Buy,225481728
2024-07-23 09:33:30,25050.0,100,Buy,225481729
2024-07-23 09:33:30,25050.0,1000,Buy,225481730
2024-07-23 09:33:31,25050.0,400,Sell,225481734
2024-07-23 09:33:46,25050.0,1000,Buy,225482007
2024-07-23 09:33:46,25050.0,400,Buy,225482006
2024-07-23 09:33:46,25050.0,5000,Buy,225482008
2024-07-23 09:33:48,25050.0,100,Buy,225482062
2024-07-23 09:33:54,25050.0,1000,Buy,225482199
2024-07-23 09:34:03,25050.0,500,Buy,225482358
2024-07-23 09:34:04,25100.0,100,Buy,225482371
2024-07-23 09:34:15,25050.0,1000,Buy,225482622
2024-07-23 09:34:24,25100.0,200,Buy,225482762
2024-07-23 09:34:30,25050.0,1000,Sell,225482905
2024-07-23 09:34:47,25050.0,8000,Sell,225483290
2024-07-23 09:34:47,25050.0,8000,Sell,225483291
2024-07-23 09:34:47,25050.0,4300,Sell,225483292
2024-07-23 09:34:49,25050.0,500,Sell,225483326
2024-07-23 09:34:49,25100.0,100,Buy,225483383
2024-07-23 09:35:00,25050.0,1100,Sell,225483619
2024-07-23 09:35:00,25050.0,100,Sell,225483618
2024-07-23 09:35:00,25050.0,500,Sell,225483617
2024-07-23 09:35:00,25050.0,1000,Sell,225483615
2024-07-23 09:35:00,25050.0,100,Sell,225483614
2024-07-23 09:35:00,25050.0,2200,Sell,225483613
2024-07-23 09:35:00,25050.0,5000,Sell,225483616
2024-07-23 09:35:08,25050.0,8900,Sell,225483770
2024-07-23 09:35:08,25050.0,100,Sell,225483771
2024-07-23 09:35:08,25050.0,1800,Sell,225483772
2024-07-23 09:35:10,25050.0,9200,Buy,225483818
2024-07-23 09:35:10,25050.0,500,Buy,225483819
2024-07-23 09:35:10,25050.0,1800,Buy,225483820
2024-07-23 09:35:19,25050.0,3000,Sell,225483946
2024-07-23 09:35:23,25050.0,50000,Sell,225484037
2024-07-23 09:35:24,25050.0,5000,Sell,225484058
2024-07-23 09:35:28,25100.0,100,Buy,225484158
2024-07-23 09:35:29,25050.0,1000,Sell,225484194
2024-07-23 09:35:36,25050.0,300,Sell,225484338
2024-07-23 09:35:36,25050.0,29500,Sell,225484337
2024-07-23 09:35:37,25050.0,200,Buy,225484343
2024-07-23 09:35:40,25050.0,200,Sell,225484403
2024-07-23 09:35:40,25050.0,600,Sell,225484404
2024-07-23 09:35:40,25050.0,100,Sell,225484401
2024-07-23 09:35:44,25050.0,100,Sell,225484495
2024-07-23 09:35:47,25050.0,2000,Sell,225484550
2024-07-23 09:35:52,25050.0,50000,Sell,225484643
2024-07-23 09:36:02,25050.0,28000,Sell,225484754
2024-07-23 09:36:02,25050.0,1000,Sell,225484755
2024-07-23 09:36:02,25050.0,100,Sell,225484756
2024-07-23 09:36:02,25050.0,100,Sell,225484757
2024-07-23 09:36:02,25050.0,800,Sell,225484758
2024-07-23 09:36:08,25050.0,300,Sell,225484879
2024-07-23 09:36:10,25050.0,100,Sell,225484897
2024-07-23 09:36:10,25050.0,300,Sell,225484898
2024-07-23 09:36:24,25050.0,300,Buy,225485168
2024-07-23 09:36:28,25050.0,100,Buy,225485205
2024-07-23 09:36:32,25050.0,1500,Buy,225485287
2024-07-23 09:36:40,25050.0,300,Buy,225485448
2024-07-23 09:36:51,25050.0,2000,Buy,225485716
2024-07-23 09:37:01,25000.0,40000,Sell,225485908
2024-07-23 09:37:03,25050.0,400,Buy,225485994
2024-07-23 09:37:03,25050.0,1000,Buy,225485995
2024-07-23 09:37:03,25050.0,3000,Buy,225485996
2024-07-23 09:37:03,25050.0,300,Buy,225485997
2024-07-23 09:37:05,25050.0,100,Buy,225486035
2024-07-23 09:37:21,25050.0,100,Buy,225486429
2024-07-23 09:37:29,25050.0,200,Buy,225486561
2024-07-23 09:37:51,25050.0,100,Buy,225486989
2024-07-23 09:37:52,25000.0,100,Sell,225487017
2024-07-23 09:38:12,25050.0,100,Buy,225487380
2024-07-23 09:38:15,25000.0,500,Sell,225487442
2024-07-23 09:38:21,25000.0,5000,Sell,225487520
2024-07-23 09:38:22,25000.0,200,Sell,225487537
2024-07-23 09:38:24,25000.0,1200,Sell,225487572
2024-07-23 09:38:24,25000.0,2000,Sell,225487573
2024-07-23 09:38:24,25000.0,500,Sell,225487574
2024-07-23 09:38:24,25000.0,100,Sell,225487575
2024-07-23 09:38:24,25000.0,200,Sell,225487576
2024-07-23 09:38:24,25000.0,1000,Sell,225487577
2024-07-23 09:38:30,25000.0,500,Sell,225487749
2024-07-23 09:38:30,25000.0,500,Sell,225487748
2024-07-23 09:38:30,25000.0,100,Sell,225487747
2024-07-23 09:38:30,25000.0,10000,Sell,225487746
2024-07-23 09:38:30,25000.0,10000,Sell,225487745
2024-07-23 09:38:30,25000.0,100,Sell,225487744
2024-07-23 09:38:30,25000.0,1000,Sell,225487743
2024-07-23 09:38:30,25000.0,600,Sell,225487742
2024-07-23 09:38:30,25000.0,300,Sell,225487739
2024-07-23 09:38:30,25000.0,100,Sell,225487740
2024-07-23 09:38:30,25000.0,100,Sell,225487738
2024-07-23 09:38:30,25000.0,100,Sell,225487737
2024-07-23 09:38:30,25000.0,500,Sell,225487736
2024-07-23 09:38:30,25000.0,100,Sell,225487735
2024-07-23 09:38:30,25000.0,1000,Sell,225487734
2024-07-23 09:38:30,25000.0,1900,Sell,225487733
2024-07-23 09:38:30,25000.0,1000,Sell,225487741
2024-07-23 09:38:30,25000.0,200,Sell,225487751
2024-07-23 09:38:30,25000.0,100,Sell,225487754
2024-07-23 09:38:30,25000.0,500,Sell,225487753
2024-07-23 09:38:30,25000.0,300,Sell,225487771
2024-07-23 09:38:30,25000.0,200,Sell,225487770
2024-07-23 09:38:30,25000.0,200,Sell,225487769
2024-07-23 09:38:30,25000.0,100,Sell,225487768
2024-07-23 09:38:30,25000.0,100,Sell,225487767
2024-07-23 09:38:30,25000.0,200,Sell,225487766
2024-07-23 09:38:30,25000.0,100,Sell,225487765
2024-07-23 09:38:30,25000.0,100,Sell,225487764
2024-07-23 09:38:30,25000.0,200,Sell,225487752
2024-07-23 09:38:30,25000.0,100,Sell,225487763
2024-07-23 09:38:30,25000.0,100,Sell,225487761
2024-07-23 09:38:30,25000.0,100,Sell,225487760
2024-07-23 09:38:30,25000.0,200,Sell,225487759
2024-07-23 09:38:30,25000.0,200,Sell,225487758
2024-07-23 09:38:30,25000.0,100,Sell,225487757
2024-07-23 09:38:30,25000.0,500,Sell,225487756
2024-07-23 09:38:30,25000.0,100,Sell,225487755
2024-07-23 09:38:30,25000.0,2000,Sell,225487732
2024-07-23 09:38:30,25000.0,1000,Sell,225487762
2024-07-23 09:38:30,25000.0,800,Sell,225487731
2024-07-23 09:38:30,25000.0,200,Sell,225487750
2024-07-23 09:38:30,25000.0,500,Sell,225487729
2024-07-23 09:38:30,25000.0,1000,Sell,225487705
2024-07-23 09:38:30,25000.0,1000,Sell,225487704
2024-07-23 09:38:30,25000.0,100,Sell,225487703
2024-07-23 09:38:30,25000.0,1000,Sell,225487702
2024-07-23 09:38:30,25000.0,8800,Sell,225487701
2024-07-23 09:38:30,25000.0,100,Sell,225487700
2024-07-23 09:38:30,25000.0,900,Sell,225487699
2024-07-23 09:38:30,25000.0,300,Sell,225487698
2024-07-23 09:38:30,25000.0,300,Sell,225487697
2024-07-23 09:38:30,25000.0,200,Sell,225487696
2024-07-23 09:38:30,25000.0,1000,Sell,225487695
2024-07-23 09:38:30,25000.0,500,Sell,225487694
2024-07-23 09:38:30,25000.0,500,Sell,225487693
2024-07-23 09:38:30,25000.0,2000,Sell,225487692
2024-07-23 09:38:30,25000.0,500,Sell,225487691
2024-07-23 09:38:30,25000.0,1000,Sell,225487690
2024-07-23 09:38:30,25000.0,200,Sell,225487689
2024-07-23 09:38:30,25000.0,1000,Sell,225487706
2024-07-23 09:38:30,25000.0,500,Sell,225487707
2024-07-23 09:38:30,25000.0,500,Sell,225487708
2024-07-23 09:38:30,25000.0,1000,Sell,225487719
2024-07-23 09:38:30,25000.0,3000,Sell,225487728
2024-07-23 09:38:30,25000.0,1000,Sell,225487727
2024-07-23 09:38:30,25000.0,1000,Sell,225487726
2024-07-23 09:38:30,25000.0,2000,Sell,225487725
2024-07-23 09:38:30,25000.0,100,Sell,225487724
2024-07-23 09:38:30,25000.0,100,Sell,225487723
2024-07-23 09:38:30,25000.0,100,Sell,225487722
2024-07-23 09:38:30,25000.0,100,Sell,225487721
2024-07-23 09:38:30,25000.0,200,Sell,225487720
2024-07-23 09:38:30,25000.0,100,Sell,225487730
2024-07-23 09:38:30,25000.0,1000,Sell,225487718
2024-07-23 09:38:30,25000.0,400,Sell,225487717
2024-07-23 09:38:30,25000.0,500,Sell,225487716
2024-07-23 09:38:30,25000.0,1000,Sell,225487715
2024-07-23 09:38:30,25000.0,200,Sell,225487714
2024-07-23 09:38:30,25000.0,10000,Sell,225487713
2024-07-23 09:38:30,25000.0,100,Sell,225487712
2024-07-23 09:38:30,25000.0,500,Sell,225487711
2024-07-23 09:38:30,25000.0,100,Sell,225487710
2024-07-23 09:38:30,25000.0,20000,Sell,225487709
2024-07-23 09:38:31,25050.0,200,Buy,225487787
2024-07-23 09:38:36,25000.0,1900,Sell,225487913
2024-07-23 09:38:36,25000.0,100,Sell,225487912
2024-07-23 09:38:40,25000.0,1000,Sell,225487971
2024-07-23 09:38:43,25000.0,1000,Sell,225488019
2024-07-23 09:38:45,25000.0,3100,Sell,225488059
2024-07-23 09:38:45,25000.0,500,Sell,225488076
2024-07-23 09:38:45,25000.0,100,Sell,225488075
2024-07-23 09:38:45,25000.0,1000,Sell,225488074
2024-07-23 09:38:45,25000.0,100,Sell,225488073
2024-07-23 09:38:45,25000.0,900,Sell,225488072
2024-07-23 09:38:45,25000.0,300,Sell,225488071
2024-07-23 09:38:45,25000.0,100,Sell,225488070
2024-07-23 09:38:45,25000.0,500,Sell,225488069
2024-07-23 09:38:45,25000.0,200,Sell,225488068
2024-07-23 09:38:45,25000.0,200,Sell,225488066
2024-07-23 09:38:45,25000.0,2000,Sell,225488065
2024-07-23 09:38:45,25000.0,1000,Sell,225488064
2024-07-23 09:38:45,25000.0,200,Sell,225488063
2024-07-23 09:38:45,25000.0,100,Sell,225488062
2024-07-23 09:38:45,25000.0,200,Sell,225488061
2024-07-23 09:38:45,25000.0,12000,Sell,225488060
2024-07-23 09:38:45,25000.0,100,Sell,225488077
2024-07-23 09:38:45,25000.0,1000,Sell,225488067
2024-07-23 09:38:50,25000.0,200,Buy,225488195
2024-07-23 09:39:01,25000.0,500,Buy,225488425
2024-07-23 09:39:11,24950.0,100,Sell,225488593
2024-07-23 09:39:11,24950.0,500,Sell,225488661
2024-07-23 09:39:11,24950.0,3300,Sell,225488605
2024-07-23 09:39:11,24950.0,500,Sell,225488604
2024-07-23 09:39:11,24950.0,10000,Sell,225488603
2024-07-23 09:39:11,24950.0,6900,Sell,225488601
2024-07-23 09:39:11,24950.0,300,Sell,225488602
2024-07-23 09:39:11,24950.0,200,Sell,225488599
2024-07-23 09:39:11,24950.0,3000,Sell,225488598
2024-07-23 09:39:11,24950.0,3000,Sell,225488597
2024-07-23 09:39:11,24950.0,2000,Sell,225488596
2024-07-23 09:39:11,24950.0,500,Sell,225488595
2024-07-23 09:39:11,24950.0,100,Sell,225488594
2024-07-23 09:39:11,24950.0,100,Sell,225488600
2024-07-23 09:39:21,25000.0,300,Buy,225488890
2024-07-23 09:39:28,25000.0,100,Buy,225489026
2024-07-23 09:39:28,25000.0,500,Buy,225489035
2024-07-23 09:39:36,25000.0,200,Buy,225489170
2024-07-23 09:39:38,24950.0,3000,Sell,225489208
2024-07-23 09:39:39,24950.0,1600,Sell,225489219
2024-07-23 09:39:39,24950.0,3200,Sell,225489217
2024-07-23 09:39:39,24950.0,200,Sell,225489218
2024-07-23 09:39:50,24950.0,1500,Sell,225489478
2024-07-23 09:39:52,24950.0,300,Sell,225489515
2024-07-23 09:39:52,24950.0,200,Sell,225489516
2024-07-23 09:39:52,24950.0,200,Sell,225489517
2024-07-23 09:39:52,24950.0,100,Sell,225489518
2024-07-23 09:39:52,24950.0,300,Sell,225489519
2024-07-23 09:39:52,24950.0,100,Sell,225489520
2024-07-23 09:39:52,24950.0,1000,Sell,225489514
2024-07-23 09:39:52,24950.0,1000,Sell,225489521
2024-07-23 09:39:52,24950.0,1000,Sell,225489523
2024-07-23 09:39:52,24950.0,200,Sell,225489524
2024-07-23 09:39:52,24950.0,300,Sell,225489525
2024-07-23 09:39:52,24950.0,100,Sell,225489527
2024-07-23 09:39:52,24950.0,2300,Sell,225489529
2024-07-23 09:39:52,24950.0,100,Sell,225489538
2024-07-23 09:39:52,24950.0,100,Sell,225489522
2024-07-23 09:39:52,24950.0,100,Sell,225489513
2024-07-23 09:39:52,24950.0,6900,Sell,225489496
2024-07-23 09:39:52,24950.0,200,Sell,225489511
2024-07-23 09:39:52,24950.0,300,Sell,225489512
2024-07-23 09:39:52,24950.0,1000,Sell,225489497
2024-07-23 09:39:52,24950.0,10000,Sell,225489498
2024-07-23 09:39:52,24950.0,400,Sell,225489499
2024-07-23 09:39:52,24950.0,200,Sell,225489500
2024-07-23 09:39:52,24950.0,200,Sell,225489501
2024-07-23 09:39:52,24950.0,10000,Sell,225489502
2024-07-23 09:39:52,24950.0,200,Sell,225489528
2024-07-23 09:39:52,24950.0,200,Sell,225489504
2024-07-23 09:39:52,24950.0,1000,Sell,225489505
2024-07-23 09:39:52,24950.0,100,Sell,225489506
2024-07-23 09:39:52,24950.0,500,Sell,225489507
2024-07-23 09:39:52,24950.0,300,Sell,225489503
2024-07-23 09:39:52,24950.0,200,Sell,225489508
2024-07-23 09:39:52,24950.0,1000,Sell,225489509
2024-07-23 09:39:52,24950.0,50000,Sell,225489510
2024-07-23 09:39:55,24900.0,100,Sell,225489582
2024-07-23 09:39:55,24950.0,100,Sell,225489577
2024-07-23 09:39:55,24950.0,100,Sell,225489576
2024-07-23 09:39:55,24950.0,100,Sell,225489581
2024-07-23 09:39:55,24950.0,100,Sell,225489574
2024-07-23 09:39:55,24950.0,100,Sell,225489573
2024-07-23 09:39:55,24950.0,100,Sell,225489572
2024-07-23 09:39:55,24950.0,500,Sell,225489575
2024-07-23 09:39:59,24950.0,6000,Sell,225489665
2024-07-23 09:40:08,24950.0,1000,Sell,225489879
2024-07-23 09:40:10,24950.0,13000,Sell,225489920
2024-07-23 09:40:10,24950.0,7000,Sell,225489921
2024-07-23 09:40:13,24950.0,3000,Sell,225489962
2024-07-23 09:40:13,24950.0,1000,Sell,225489963
2024-07-23 09:40:13,24950.0,2000,Sell,225489964
2024-07-23 09:40:13,24950.0,4000,Sell,225489965
2024-07-23 09:40:14,24950.0,1000,Sell,225490011
2024-07-23 09:40:14,24950.0,300,Sell,225490012
2024-07-23 09:40:15,24950.0,700,Buy,225490021
2024-07-23 09:40:15,24950.0,200,Sell,225490023
2024-07-23 09:40:16,24950.0,400,Sell,225490031
2024-07-23 09:40:20,24950.0,900,Sell,225490133
2024-07-23 09:40:22,24950.0,900,Sell,225490142
2024-07-23 09:40:23,24950.0,1000,Sell,225490198
2024-07-23 09:40:25,24950.0,100,Sell,225490234
2024-07-23 09:40:32,25000.0,5700,Buy,225490369
2024-07-23 09:40:37,25000.0,100,Buy,225490476
2024-07-23 09:40:38,24950.0,600,Sell,225490499
2024-07-23 09:40:39,24950.0,26800,Sell,225490513
2024-07-23 09:40:39,24950.0,5200,Sell,225490512
2024-07-23 09:40:43,24950.0,2100,Sell,225490627
2024-07-23 09:40:45,25000.0,4100,Buy,225490670
2024-07-23 09:40:51,24950.0,100,Sell,225490782
2024-07-23 09:41:04,24950.0,10000,Sell,225491024
2024-07-23 09:41:05,24950.0,500,Sell,225491060
2024-07-23 09:41:10,24950.0,1100,Sell,225491125
2024-07-23 09:41:20,24950.0,2000,Sell,225491295
2024-07-23 09:41:25,24950.0,100,Sell,225491473
2024-07-23 09:41:35,24950.0,500,Sell,225491618
2024-07-23 09:41:37,24950.0,6800,Sell,225491659
2024-07-23 09:41:37,24950.0,200,Sell,225491661
2024-07-23 09:41:37,24950.0,1000,Sell,225491662
2024-07-23 09:41:37,24950.0,100,Sell,225491663
2024-07-23 09:41:37,24950.0,100,Sell,225491664
2024-07-23 09:41:37,24950.0,600,Sell,225491665
2024-07-23 09:41:37,24950.0,200,Sell,225491660
2024-07-23 09:41:38,25000.0,200,Buy,225491672
2024-07-23 09:41:39,24950.0,200,Sell,225491702
2024-07-23 09:41:50,24950.0,100,Sell,225491958
2024-07-23 09:41:50,24950.0,100,Sell,225491947
2024-07-23 09:41:54,24950.0,200,Sell,225492077
2024-07-23 09:41:54,24950.0,100,Sell,225492079
2024-07-23 09:41:54,24950.0,6900,Sell,225492080
2024-07-23 09:41:55,24950.0,100,Sell,225492083
2024-07-23 09:41:55,24950.0,4900,Sell,225492084
2024-07-23 09:41:57,24950.0,1500,Sell,225492125
2024-07-23 09:42:04,24950.0,20000,Sell,225492369
2024-07-23 09:42:04,24950.0,300,Sell,225492370
2024-07-23 09:42:04,24950.0,1000,Sell,225492371
2024-07-23 09:42:04,24950.0,100,Sell,225492374
2024-07-23 09:42:04,24950.0,100,Sell,225492373
2024-07-23 09:42:04,24950.0,100,Sell,225492368
2024-07-23 09:42:04,24950.0,10200,Sell,225492375
2024-07-23 09:42:04,24950.0,2000,Sell,225492387
2024-07-23 09:42:04,24950.0,1000,Sell,225492372
2024-07-23 09:42:04,24950.0,100,Sell,225492367
2024-07-23 09:42:04,24950.0,500,Sell,225492362
2024-07-23 09:42:04,24950.0,500,Sell,225492365
2024-07-23 09:42:04,24950.0,100,Sell,225492366
2024-07-23 09:42:04,24950.0,1600,Sell,225492355
2024-07-23 09:42:04,24950.0,500,Sell,225492356
2024-07-23 09:42:04,24950.0,100,Sell,225492357
2024-07-23 09:42:04,24950.0,2000,Sell,225492358
2024-07-23 09:42:04,24950.0,200,Sell,225492361
2024-07-23 09:42:04,24950.0,500,Sell,225492360
2024-07-23 09:42:04,24950.0,100,Sell,225492359
2024-07-23 09:42:04,24950.0,500,Sell,225492363
2024-07-23 09:42:04,24950.0,500,Sell,225492364
2024-07-23 09:42:09,24950.0,5000,Sell,225492535
2024-07-23 09:42:11,24950.0,500,Sell,225492564
2024-07-23 09:42:14,24950.0,1300,Sell,225492621
2024-07-23 09:42:20,24950.0,5000,Sell,225492764
2024-07-23 09:42:20,24950.0,3000,Sell,225492765
2024-07-23 09:42:20,24950.0,1000,Sell,225492763
2024-07-23 09:42:20,24950.0,31000,Sell,225492762
2024-07-23 09:42:24,24950.0,5000,Sell,225492860
2024-07-23 09:42:39,24950.0,2000,Sell,225493245
2024-07-23 09:42:40,24950.0,100,Sell,225493250
2024-07-23 09:42:40,24950.0,100,Sell,225493251
2024-07-23 09:42:40,24950.0,2000,Sell,225493252
2024-07-23 09:42:40,24950.0,2800,Sell,225493253
2024-07-23 09:42:40,24950.0,200,Sell,225493254
2024-07-23 09:42:42,25000.0,100,Buy,225493354
2024-07-23 09:42:50,24950.0,1300,Sell,225493508
2024-07-23 09:42:52,25000.0,300,Buy,225493546
2024-07-23 09:42:54,25000.0,500,Buy,225493567
2024-07-23 09:43:22,25000.0,200,Buy,225494181
2024-07-23 09:43:29,24950.0,700,Sell,225494337
2024-07-23 09:43:29,24950.0,500,Sell,225494338
2024-07-23 09:43:29,24950.0,5000,Sell,225494339
2024-07-23 09:43:29,24950.0,1000,Sell,225494340
2024-07-23 09:43:29,24950.0,100,Sell,225494341
2024-07-23 09:43:29,24950.0,10000,Sell,225494342
2024-07-23 09:43:29,24950.0,100,Sell,225494343
2024-07-23 09:43:29,24950.0,800,Sell,225494344
2024-07-23 09:43:29,24950.0,1200,Sell,225494345
2024-07-23 09:43:29,24950.0,200,Sell,225494346
2024-07-23 09:43:29,24950.0,400,Sell,225494347
2024-07-23 09:43:30,25000.0,100,Buy,225494362
2024-07-23 09:43:41,24950.0,400,Sell,225494574
2024-07-23 09:43:41,24950.0,1000,Sell,225494572
2024-07-23 09:43:41,24950.0,600,Sell,225494571
2024-07-23 09:43:41,24950.0,500,Sell,225494573
2024-07-23 09:43:43,25000.0,200,Buy,225494623
2024-07-23 09:44:01,24950.0,600,Sell,225495046
2024-07-23 09:44:01,24950.0,100,Sell,225495047
2024-07-23 09:44:01,24950.0,100,Sell,225495048
2024-07-23 09:44:01,24950.0,100,Sell,225495049
2024-07-23 09:44:01,24950.0,100,Sell,225495050
2024-07-23 09:44:01,24950.0,200,Sell,225495051
2024-07-23 09:44:01,24950.0,200,Buy,225495062
2024-07-23 09:44:04,24950.0,200,Buy,225495161
2024-07-23 09:44:07,24950.0,500,Buy,225495205
2024-07-23 09:44:16,24950.0,200,Buy,225495371
2024-07-23 09:44:16,24950.0,100,Buy,225495372
2024-07-23 09:44:16,24950.0,900,Buy,225495369
2024-07-23 09:44:16,24950.0,500,Buy,225495370
2024-07-23 09:44:21,24950.0,300,Sell,225495485
2024-07-23 09:44:21,24950.0,4700,Sell,225495486
2024-07-23 09:44:25,24950.0,100,Sell,225495580
2024-07-23 09:44:26,24950.0,200,Sell,225495609
2024-07-23 09:44:26,24950.0,300,Sell,225495610
2024-07-23 09:44:30,24950.0,12300,Buy,225495724
2024-07-23 09:44:32,24950.0,100,Buy,225495750
2024-07-23 09:44:37,24950.0,2000,Buy,225495824
2024-07-23 09:44:48,24950.0,100,Buy,225496043
2024-07-23 09:44:48,24950.0,100,Buy,225496042
2024-07-23 09:44:51,24900.0,400,Sell,225496137
2024-07-23 09:44:54,24900.0,300,Sell,225496240
2024-07-23 09:44:54,24900.0,200,Sell,225496241
2024-07-23 09:44:54,24900.0,100,Sell,225496243
2024-07-23 09:44:54,24900.0,500,Sell,225496244
2024-07-23 09:44:54,24900.0,100,Sell,225496245
2024-07-23 09:44:54,24900.0,200,Sell,225496246
2024-07-23 09:44:54,24900.0,1000,Sell,225496247
2024-07-23 09:44:54,24900.0,500,Sell,225496248
2024-07-23 09:44:54,24900.0,10000,Sell,225496255
2024-07-23 09:44:54,24900.0,200,Sell,225496250
2024-07-23 09:44:54,24900.0,2000,Sell,225496251
2024-07-23 09:44:54,24900.0,100,Sell,225496252
2024-07-23 09:44:54,24900.0,100,Sell,225496253
2024-07-23 09:44:54,24900.0,100,Sell,225496254
2024-07-23 09:44:54,24900.0,200,Sell,225496256
2024-07-23 09:44:54,24900.0,2000,Sell,225496257
2024-07-23 09:44:54,24900.0,3100,Sell,225496258
2024-07-23 09:44:54,24900.0,400,Sell,225496249
2024-07-23 09:44:54,24900.0,500,Sell,225496238
2024-07-23 09:44:54,24900.0,100,Sell,225496239
2024-07-23 09:44:54,24900.0,1000,Sell,225496236
2024-07-23 09:44:54,24900.0,100,Sell,225496217
2024-07-23 09:44:54,24900.0,1000,Sell,225496218
2024-07-23 09:44:54,24900.0,500,Sell,225496219
2024-07-23 09:44:54,24900.0,3000,Sell,225496221
2024-07-23 09:44:54,24900.0,2000,Sell,225496222
2024-07-23 09:44:54,24900.0,100,Sell,225496223
2024-07-23 09:44:54,24900.0,1000,Sell,225496224
2024-07-23 09:44:54,24900.0,300,Sell,225496225
2024-07-23 09:44:54,24900.0,10000,Sell,225496226
2024-07-23 09:44:54,24900.0,500,Sell,225496220
2024-07-23 09:44:54,24900.0,100,Sell,225496228
2024-07-23 09:44:54,24900.0,100,Sell,225496227
2024-07-23 09:44:54,24900.0,300,Sell,225496235
2024-07-23 09:44:54,24900.0,1000,Sell,225496234
2024-07-23 09:44:54,24900.0,1100,Sell,225496233
2024-07-23 09:44:54,24900.0,300,Sell,225496237
2024-07-23 09:44:54,24900.0,100,Sell,225496232
2024-07-23 09:44:54,24900.0,1000,Sell,225496231
2024-07-23 09:44:54,24900.0,800,Sell,225496230
2024-07-23 09:44:54,24900.0,4000,Sell,225496229
2024-07-23 09:44:55,24950.0,7600,Buy,225496289
2024-07-23 09:45:05,24950.0,400,Buy,225496498
2024-07-23 09:45:05,24950.0,100,Buy,225496497
2024-07-23 09:45:07,24950.0,1800,Buy,225496520
2024-07-23 09:45:07,24950.0,100,Buy,225496521
2024-07-23 09:45:07,24950.0,2000,Buy,225496522
2024-07-23 09:45:07,24950.0,700,Buy,225496523
2024-07-23 09:45:07,24950.0,400,Buy,225496524
2024-07-23 09:45:20,24900.0,100,Sell,225496766
2024-07-23 09:45:27,24900.0,100,Sell,225496882
2024-07-23 09:45:27,24900.0,100,Sell,225496881
2024-07-23 09:45:27,24900.0,200,Sell,225496880
2024-07-23 09:45:27,24900.0,500,Sell,225496879
2024-07-23 09:45:27,24900.0,700,Sell,225496877
2024-07-23 09:45:27,24900.0,100,Sell,225496876
2024-07-23 09:45:27,24900.0,1800,Sell,225496875
2024-07-23 09:45:27,24900.0,500,Sell,225496878
2024-07-23 09:45:31,24900.0,1400,Sell,225496951
2024-07-23 09:45:31,24900.0,800,Sell,225496950
2024-07-23 09:45:31,24900.0,1000,Sell,225496949
2024-07-23 09:45:31,24900.0,100,Sell,225496948
2024-07-23 09:45:31,24900.0,200,Sell,225496947
2024-07-23 09:45:31,24900.0,200,Sell,225496945
2024-07-23 09:45:31,24900.0,100,Sell,225496944
2024-07-23 09:45:31,24900.0,100,Sell,225496943
2024-07-23 09:45:31,24900.0,900,Sell,225496942
2024-07-23 09:45:31,24900.0,200,Sell,225496946
2024-07-23 09:45:36,24900.0,100,Sell,225497084
2024-07-23 09:45:36,24900.0,100,Sell,225497094
2024-07-23 09:45:36,24900.0,500,Sell,225497095
2024-07-23 09:45:37,24950.0,2400,Buy,225497099
2024-07-23 09:45:37,24950.0,2500,Buy,225497096
2024-07-23 09:45:37,24950.0,100,Buy,225497097
2024-07-23 09:45:37,24950.0,15000,Buy,225497098
2024-07-23 09:45:41,24900.0,100,Sell,225497176
2024-07-23 09:45:50,24900.0,100,Sell,225497411
2024-07-23 09:45:50,24900.0,100,Sell,225497401
2024-07-23 09:45:50,24900.0,100,Sell,225497402
2024-07-23 09:45:50,24900.0,2000,Sell,225497403
2024-07-23 09:45:50,24900.0,300,Sell,225497404
2024-07-23 09:45:50,24900.0,100,Sell,225497405
2024-07-23 09:45:50,24900.0,100,Sell,225497406
2024-07-23 09:45:50,24900.0,5000,Sell,225497407
2024-07-23 09:45:50,24900.0,2000,Sell,225497409
2024-07-23 09:45:50,24900.0,1000,Sell,225497410
2024-07-23 09:45:50,24900.0,500,Sell,225497412
2024-07-23 09:45:50,24900.0,100,Sell,225497400
2024-07-23 09:45:50,24900.0,5000,Sell,225497414
2024-07-23 09:45:50,24900.0,100,Sell,225497415
2024-07-23 09:45:50,24900.0,500,Sell,225497416
2024-07-23 09:45:50,24900.0,10000,Sell,225497417
2024-07-23 09:45:50,24900.0,100,Sell,225497418
2024-07-23 09:45:50,24900.0,2000,Sell,225497419
2024-07-23 09:45:50,24900.0,300,Sell,225497420
2024-07-23 09:45:50,24900.0,5000,Sell,225497422
2024-07-23 09:45:50,24900.0,20000,Sell,225497423
2024-07-23 09:45:50,24900.0,200,Sell,225497424
2024-07-23 09:45:50,24900.0,300,Sell,225497413
2024-07-23 09:45:50,24900.0,100,Sell,225497399
2024-07-23 09:45:50,24900.0,100,Sell,225497408
2024-07-23 09:45:50,24900.0,100,Sell,225497397
2024-07-23 09:45:50,24900.0,500,Sell,225497374
2024-07-23 09:45:50,24900.0,200,Sell,225497375
2024-07-23 09:45:50,24900.0,100,Sell,225497376
2024-07-23 09:45:50,24900.0,200,Sell,225497377
2024-07-23 09:45:50,24900.0,3000,Sell,225497378
2024-07-23 09:45:50,24900.0,300,Sell,225497379
2024-07-23 09:45:50,24900.0,500,Sell,225497380
2024-07-23 09:45:50,24900.0,100,Sell,225497381
2024-07-23 09:45:50,24900.0,2000,Sell,225497382
2024-07-23 09:45:50,24900.0,100,Sell,225497383
2024-07-23 09:45:50,24900.0,100,Sell,225497384
2024-07-23 09:45:50,24900.0,500,Sell,225497385
2024-07-23 09:45:50,24900.0,500,Sell,225497398
2024-07-23 09:45:50,24900.0,100,Sell,225497387
2024-07-23 09:45:50,24900.0,100,Sell,225497396
2024-07-23 09:45:50,24900.0,200,Sell,225497395
2024-07-23 09:45:50,24900.0,1000,Sell,225497393
2024-07-23 09:45:50,24900.0,5000,Sell,225497392
2024-07-23 09:45:50,24900.0,1000,Sell,225497394
2024-07-23 09:45:50,24900.0,1000,Sell,225497390
2024-07-23 09:45:50,24900.0,1000,Sell,225497389
2024-07-23 09:45:50,24900.0,1400,Sell,225497373
2024-07-23 09:45:50,24900.0,200,Sell,225497388
2024-07-23 09:45:50,24900.0,2000,Sell,225497391
2024-07-23 09:45:50,24900.0,100,Sell,225497386
2024-07-23 09:45:51,24900.0,200,Buy,225497459
2024-07-23 09:45:51,24900.0,1000,Buy,225497464
2024-07-23 09:45:53,24900.0,100,Buy,225497483
2024-07-23 09:45:54,24900.0,1000,Buy,225497497
2024-07-23 09:45:57,24900.0,7600,Buy,225497612
2024-07-23 09:45:59,24900.0,100,Buy,225497666
2024-07-23 09:46:01,24900.0,5000,Buy,225497711
2024-07-23 09:46:03,24900.0,1000,Buy,225497730
2024-07-23 09:46:04,24900.0,5000,Buy,225497749
2024-07-23 09:46:04,24900.0,200,Buy,225497751
2024-07-23 09:46:05,24900.0,3000,Buy,225497776
2024-07-23 09:46:05,24900.0,300,Buy,225497775
2024-07-23 09:46:05,24900.0,2000,Buy,225497773
2024-07-23 09:46:05,24900.0,2400,Buy,225497772
2024-07-23 09:46:05,24900.0,800,Buy,225497774
2024-07-23 09:46:11,24900.0,500,Sell,225497890
2024-07-23 09:46:12,24900.0,1000,Sell,225497904
2024-07-23 09:46:12,24900.0,100,Sell,225497905
2024-07-23 09:46:15,24900.0,900,Sell,225497981
2024-07-23 09:46:15,24900.0,100,Sell,225497982
2024-07-23 09:46:23,24900.0,6900,Sell,225498107
2024-07-23 09:46:23,24900.0,1000,Sell,225498108
2024-07-23 09:46:23,24900.0,2100,Sell,225498109
2024-07-23 09:46:24,24900.0,300,Sell,225498125
2024-07-23 09:46:28,24900.0,600,Sell,225498215
2024-07-23 09:46:32,24900.0,700,Sell,225498254
2024-07-23 09:46:33,24900.0,3700,Sell,225498269
2024-07-23 09:46:33,24900.0,1300,Sell,225498268
2024-07-23 09:46:44,24900.0,500,Sell,225498462
2024-07-23 09:46:48,24900.0,600,Sell,225498523
2024-07-23 09:46:57,24950.0,200,Buy,225498685
2024-07-23 09:46:57,24900.0,200,Sell,225498702
2024-07-23 09:46:57,24900.0,100,Sell,225498703
2024-07-23 09:46:57,24950.0,100,Buy,225498712
2024-07-23 09:46:59,24900.0,400,Sell,225498732
2024-07-23 09:46:59,24900.0,100,Sell,225498733
2024-07-23 09:47:01,24900.0,600,Sell,225498778
2024-07-23 09:47:06,24900.0,300,Sell,225498910
2024-07-23 09:47:09,24900.0,400,Sell,225498958
2024-07-23 09:47:09,24900.0,100,Sell,225498957
2024-07-23 09:47:19,24900.0,300,Sell,225499121
2024-07-23 09:47:26,24900.0,100,Sell,225499288
2024-07-23 09:47:26,24900.0,200,Sell,225499289
2024-07-23 09:47:26,24900.0,300,Sell,225499290
2024-07-23 09:47:47,24950.0,200,Buy,225499681
2024-07-23 09:47:51,24950.0,500,Buy,225499758
2024-07-23 09:47:55,24900.0,500,Sell,225499851
2024-07-23 09:47:58,24900.0,2000,Sell,225499886
2024-07-23 09:48:01,24950.0,200,Buy,225499945
2024-07-23 09:48:16,24950.0,900,Buy,225500226
2024-07-23 09:48:25,24950.0,300,Buy,225500377
2024-07-23 09:48:50,24950.0,100,Buy,225500859
2024-07-23 09:48:52,24900.0,500,Sell,225500885
2024-07-23 09:49:00,24900.0,100,Sell,225501022
2024-07-23 09:49:03,24950.0,200,Buy,225501108
2024-07-23 09:49:04,24950.0,6700,Buy,225501139
2024-07-23 09:49:04,24950.0,1300,Buy,225501138
2024-07-23 09:49:06,24950.0,500,Buy,225501164
2024-07-23 09:49:11,24950.0,1000,Buy,225501249
2024-07-23 09:49:14,24950.0,10000,Buy,225501299
2024-07-23 09:49:16,24950.0,1800,Buy,225501326
2024-07-23 09:49:16,24950.0,5000,Buy,225501327
2024-07-23 09:49:16,24950.0,10000,Buy,225501328
2024-07-23 09:49:16,24950.0,100,Buy,225501329
2024-07-23 09:49:16,24950.0,41100,Buy,225501330
2024-07-23 09:49:18,24950.0,100,Buy,225501361
2024-07-23 09:49:20,24950.0,700,Buy,225501389
2024-07-23 09:49:20,24950.0,1000,Buy,225501387
2024-07-23 09:49:20,24950.0,2000,Buy,225501388
2024-07-23 09:49:20,24950.0,800,Buy,225501385
2024-07-23 09:49:20,24950.0,1200,Buy,225501369
2024-07-23 09:49:20,24950.0,500,Buy,225501386
2024-07-23 09:49:20,24950.0,8800,Buy,225501368
2024-07-23 09:49:21,24950.0,100,Buy,225501393
2024-07-23 09:49:22,24950.0,200,Buy,225501423
2024-07-23 09:49:22,24950.0,300,Buy,225501424
2024-07-23 09:49:22,24950.0,5000,Buy,225501425
2024-07-23 09:49:22,24950.0,2000,Buy,225501426
2024-07-23 09:49:24,24950.0,100,Sell,225501439
2024-07-23 09:49:42,24950.0,500,Sell,225501744
2024-07-23 09:49:47,24950.0,3500,Sell,225501840
2024-07-23 09:49:54,25000.0,200,Buy,225501996
2024-07-23 09:50:02,24950.0,200,Sell,225502142
2024-07-23 09:50:07,25000.0,100,Buy,225502195
2024-07-23 09:50:07,25000.0,200,Buy,225502203
2024-07-23 09:50:18,24950.0,500,Sell,225502377
2024-07-23 09:50:25,24950.0,10000,Sell,225502482
2024-07-23 09:50:26,24950.0,100,Sell,225502490
2024-07-23 09:50:31,24950.0,7600,Sell,225502581
2024-07-23 09:50:31,24950.0,2400,Sell,225502582
2024-07-23 09:50:39,24950.0,500,Sell,225502713
2024-07-23 09:50:41,24950.0,5000,Sell,225502745
2024-07-23 09:50:42,24950.0,300,Sell,225502785
2024-07-23 09:50:52,24950.0,10000,Sell,225503057
2024-07-23 09:50:55,24950.0,300,Sell,225503101
2024-07-23 09:50:58,24950.0,6500,Sell,225503171
2024-07-23 09:50:58,24950.0,1000,Sell,225503172
2024-07-23 09:50:58,24950.0,2500,Sell,225503173
2024-07-23 09:51:05,24950.0,500,Sell,225503337
2024-07-23 09:51:05,24950.0,17500,Sell,225503340
2024-07-23 09:51:05,24950.0,100,Sell,225503339
2024-07-23 09:51:05,24950.0,300,Sell,225503338
2024-07-23 09:51:05,24950.0,5000,Sell,225503336
2024-07-23 09:51:05,24950.0,5000,Sell,225503335
2024-07-23 09:51:05,24950.0,5000,Sell,225503334
2024-07-23 09:51:05,24950.0,1000,Sell,225503330
2024-07-23 09:51:05,24950.0,2000,Sell,225503331
2024-07-23 09:51:05,24950.0,2500,Sell,225503329
2024-07-23 09:51:05,24950.0,1000,Sell,225503333
2024-07-23 09:51:05,24950.0,100,Sell,225503332
2024-07-23 09:51:06,24950.0,4000,Sell,225503346
2024-07-23 09:51:07,24950.0,800,Sell,225503369
2024-07-23 09:51:09,24950.0,300,Sell,225503406
2024-07-23 09:51:09,24950.0,200,Sell,225503407
2024-07-23 09:51:09,24950.0,500,Sell,225503408
2024-07-23 09:51:11,25000.0,200,Buy,225503459
2024-07-23 09:51:15,24950.0,12000,Sell,225503547
2024-07-23 09:51:15,24950.0,10000,Sell,225503546
2024-07-23 09:51:15,24950.0,2000,Sell,225503545
2024-07-23 09:51:15,24950.0,200,Sell,225503544
2024-07-23 09:51:15,24950.0,6100,Sell,225503543
2024-07-23 09:51:15,24950.0,2000,Sell,225503540
2024-07-23 09:51:15,24950.0,2800,Sell,225503539
2024-07-23 09:51:15,24950.0,200,Sell,225503542
2024-07-23 09:51:15,24950.0,4700,Sell,225503541
2024-07-23 09:51:22,25000.0,5000,Buy,225503717
2024-07-23 09:51:23,25000.0,300,Buy,225503732
2024-07-23 09:51:24,24950.0,500,Sell,225503777
2024-07-23 09:51:29,24950.0,10000,Sell,225503873
2024-07-23 09:51:45,24950.0,2000,Sell,225504165
2024-07-23 09:51:49,25000.0,1000,Buy,225504234
2024-07-23 09:51:51,24950.0,3000,Sell,225504270
2024-07-23 09:51:52,25000.0,4100,Buy,225504297
2024-07-23 09:52:17,25000.0,200,Buy,225504740
2024-07-23 09:52:31,24950.0,500,Sell,225504996
2024-07-23 09:52:31,25000.0,100,Buy,225505014
2024-07-23 09:52:33,25000.0,500,Buy,225505047
2024-07-23 09:52:40,25000.0,30000,Buy,225505183
2024-07-23 09:52:41,25000.0,500,Buy,225505207
2024-07-23 09:52:47,25000.0,15000,Buy,225505325
2024-07-23 09:52:48,25000.0,800,Buy,225505366
2024-07-23 09:52:48,25000.0,500,Buy,225505334
2024-07-23 09:52:48,25000.0,5200,Buy,225505365
2024-07-23 09:52:52,25000.0,100,Buy,225505446
2024-07-23 09:52:52,25000.0,1500,Buy,225505441
2024-07-23 09:52:52,25000.0,2000,Buy,225505442
2024-07-23 09:52:52,25000.0,500,Buy,225505443
2024-07-23 09:52:52,25000.0,1000,Buy,225505444
2024-07-23 09:52:52,25000.0,1000,Buy,225505445
2024-07-23 09:52:52,25000.0,10000,Buy,225505448
2024-07-23 09:52:52,25000.0,500,Buy,225505453
2024-07-23 09:52:52,25000.0,500,Buy,225505450
2024-07-23 09:52:52,25000.0,1400,Buy,225505451
2024-07-23 09:52:52,25000.0,1000,Buy,225505452
2024-07-23 09:52:52,25000.0,900,Buy,225505454
2024-07-23 09:52:52,25000.0,400,Buy,225505455
2024-07-23 09:52:52,25000.0,1000,Buy,225505440
2024-07-23 09:52:52,25000.0,500,Buy,225505449
2024-07-23 09:52:52,25000.0,7300,Buy,225505439
2024-07-23 09:52:52,25000.0,400,Buy,225505447
2024-07-23 09:52:52,25000.0,1000,Buy,225505437
2024-07-23 09:52:52,25000.0,2700,Buy,225505438
2024-07-23 09:52:52,25000.0,400,Buy,225505422
2024-07-23 09:52:52,25000.0,100,Buy,225505423
2024-07-23 09:52:52,25000.0,1000,Buy,225505424
2024-07-23 09:52:52,25000.0,1000,Buy,225505425
2024-07-23 09:52:52,25000.0,200,Buy,225505426
2024-07-23 09:52:52,25000.0,400,Buy,225505428
2024-07-23 09:52:52,25000.0,1000,Buy,225505429
2024-07-23 09:52:52,25000.0,1500,Buy,225505427
2024-07-23 09:52:52,25000.0,200,Buy,225505430
2024-07-23 09:52:52,25000.0,1000,Buy,225505431
2024-07-23 09:52:52,25000.0,200,Buy,225505432
2024-07-23 09:52:52,25000.0,200,Buy,225505433
2024-07-23 09:52:52,25000.0,1000,Buy,225505434
2024-07-23 09:52:52,25000.0,2000,Buy,225505435
2024-07-23 09:52:52,25000.0,1000,Buy,225505436
2024-07-23 09:52:52,25000.0,100,Buy,225505418
2024-07-23 09:52:53,24950.0,10000,Sell,225505477
2024-07-23 09:52:55,25000.0,200,Buy,225505515
2024-07-23 09:52:57,25000.0,400,Buy,225505561
2024-07-23 09:52:57,25000.0,29200,Buy,225505562
2024-07-23 09:52:57,25000.0,10000,Buy,225505560
2024-07-23 09:52:57,25000.0,100,Buy,225505551
2024-07-23 09:52:57,25000.0,900,Buy,225505554
2024-07-23 09:52:57,25000.0,300,Buy,225505553
2024-07-23 09:52:57,25000.0,100,Buy,225505552
2024-07-23 09:52:57,25000.0,400,Buy,225505559
2024-07-23 09:52:59,25000.0,800,Buy,225505591
2024-07-23 09:52:59,25000.0,1000,Buy,225505592
2024-07-23 09:52:59,25000.0,1000,Buy,225505593
2024-07-23 09:52:59,25000.0,200,Buy,225505594
2024-07-23 09:53:00,25000.0,5600,Buy,225505613
2024-07-23 09:53:00,25000.0,1300,Buy,225505612
2024-07-23 09:53:00,25000.0,2000,Buy,225505611
2024-07-23 09:53:00,25000.0,300,Buy,225505610
2024-07-23 09:53:00,25000.0,1000,Buy,225505609
2024-07-23 09:53:00,25000.0,1000,Buy,225505608
2024-07-23 09:53:00,25000.0,300,Buy,225505607
2024-07-23 09:53:00,25000.0,100,Buy,225505603
2024-07-23 09:53:00,25000.0,500,Buy,225505605
2024-07-23 09:53:00,25000.0,100,Buy,225505598
2024-07-23 09:53:00,25000.0,200,Buy,225505599
2024-07-23 09:53:00,25000.0,400,Buy,225505600
2024-07-23 09:53:00,25000.0,600,Buy,225505606
2024-07-23 09:53:00,25000.0,800,Buy,225505602
2024-07-23 09:53:00,25000.0,500,Buy,225505604
2024-07-23 09:53:00,25000.0,300,Buy,225505601
2024-07-23 09:53:01,25000.0,7200,Buy,225505656
2024-07-23 09:53:02,25000.0,1000,Buy,225505679
2024-07-23 09:53:03,25000.0,4100,Buy,225505687
2024-07-23 09:53:03,25000.0,2100,Buy,225505691
2024-07-23 09:53:03,25000.0,2900,Buy,225505692
2024-07-23 09:53:05,25000.0,500,Buy,225505706
2024-07-23 09:53:05,25000.0,5000,Buy,225505708
2024-07-23 09:53:05,24950.0,20000,Sell,225505712
2024-07-23 09:53:06,25000.0,5000,Buy,225505718
2024-07-23 09:53:08,25000.0,1000,Buy,225505762
2024-07-23 09:53:11,25000.0,800,Buy,225505811
2024-07-23 09:53:12,25000.0,4800,Buy,225505830
2024-07-23 09:53:12,25000.0,200,Buy,225505831
2024-07-23 09:53:13,25000.0,800,Buy,225505835
2024-07-23 09:53:13,25000.0,100,Buy,225505836
2024-07-23 09:53:13,25000.0,3000,Buy,225505837
2024-07-23 09:53:13,25000.0,400,Buy,225505838
2024-07-23 09:53:13,25000.0,700,Buy,225505839
2024-07-23 09:53:14,25000.0,100,Buy,225505863
2024-07-23 09:53:14,25000.0,5000,Buy,225505870
2024-07-23 09:53:14,25000.0,200,Buy,225505869
2024-07-23 09:53:14,25000.0,200,Buy,225505867
2024-07-23 09:53:14,25000.0,3000,Buy,225505866
2024-07-23 09:53:14,25000.0,100,Buy,225505865
2024-07-23 09:53:14,25000.0,300,Buy,225505864
2024-07-23 09:53:14,25000.0,100,Buy,225505862
2024-07-23 09:53:14,25000.0,400,Buy,225505868
2024-07-23 09:53:14,25000.0,1000,Buy,225505860
2024-07-23 09:53:14,25000.0,1200,Buy,225505854
2024-07-23 09:53:14,25000.0,9300,Buy,225505852
2024-07-23 09:53:14,25000.0,100,Buy,225505855
2024-07-23 09:53:14,25000.0,10000,Buy,225505853
2024-07-23 09:53:14,25000.0,100,Buy,225505857
2024-07-23 09:53:14,25000.0,1000,Buy,225505858
2024-07-23 09:53:14,25000.0,500,Buy,225505859
2024-07-23 09:53:14,25000.0,100,Buy,225505856
2024-07-23 09:53:14,25000.0,500,Buy,225505861
2024-07-23 09:53:16,25050.0,4800,Buy,225505902
2024-07-23 09:53:20,25050.0,200,Buy,225505990
2024-07-23 09:53:34,25050.0,100,Buy,225506242
2024-07-23 09:53:37,25050.0,100,Buy,225506291
2024-07-23 09:53:50,25000.0,2000,Sell,225506509
2024-07-23 09:54:10,25000.0,200,Sell,225506874
2024-07-23 09:54:14,25000.0,600,Sell,225506934
2024-07-23 09:54:15,25000.0,1000,Sell,225506970
2024-07-23 09:54:18,25000.0,1000,Sell,225507020
2024-07-23 09:54:22,25000.0,1000,Sell,225507111
2024-07-23 09:54:23,25050.0,3400,Buy,225507125
2024-07-23 09:54:25,25000.0,100,Sell,225507173
2024-07-23 09:54:26,25050.0,200,Buy,225507184
2024-07-23 09:54:34,25050.0,100,Buy,225507351
2024-07-23 09:54:34,25050.0,6900,Buy,225507359
2024-07-23 09:54:34,25050.0,20000,Buy,225507358
2024-07-23 09:54:34,25050.0,10000,Buy,225507357
2024-07-23 09:54:34,25050.0,500,Buy,225507356
2024-07-23 09:54:34,25050.0,2000,Buy,225507355
2024-07-23 09:54:34,25050.0,100,Buy,225507354
2024-07-23 09:54:34,25050.0,200,Buy,225507353
2024-07-23 09:54:34,25050.0,500,Buy,225507352
2024-07-23 09:54:34,25050.0,20000,Buy,225507349
2024-07-23 09:54:34,25050.0,20000,Buy,225507350
2024-07-23 09:54:34,25050.0,100,Buy,225507347
2024-07-23 09:54:34,25050.0,10000,Buy,225507338
2024-07-23 09:54:34,25050.0,1000,Buy,225507340
2024-07-23 09:54:34,25050.0,1000,Buy,225507341
2024-07-23 09:54:34,25050.0,100,Buy,225507342
2024-07-23 09:54:34,25050.0,2000,Buy,225507339
2024-07-23 09:54:34,25050.0,1200,Buy,225507344
2024-07-23 09:54:34,25050.0,2000,Buy,225507345
2024-07-23 09:54:34,25050.0,200,Buy,225507346
2024-07-23 09:54:34,25050.0,100,Buy,225507337
2024-07-23 09:54:34,25050.0,1000,Buy,225507343
2024-07-23 09:54:34,25050.0,1000,Buy,225507348
2024-07-23 09:54:36,25050.0,100,Buy,225507426
2024-07-23 09:54:43,25050.0,500,Buy,225507558
2024-07-23 09:54:45,25050.0,900,Buy,225507602
2024-07-23 09:54:53,25050.0,1000,Buy,225507746
2024-07-23 09:54:54,25050.0,2000,Buy,225507758
2024-07-23 09:54:55,25050.0,100,Buy,225507787
2024-07-23 09:54:58,25050.0,400,Buy,225507843
2024-07-23 09:55:03,25050.0,100,Buy,225507919
2024-07-23 09:55:04,25050.0,100,Buy,225507966
2024-07-23 09:55:09,25050.0,100,Buy,225508042
2024-07-23 09:55:15,25050.0,100,Buy,225508160
2024-07-23 09:55:17,25050.0,600,Buy,225508173
2024-07-23 09:55:26,25000.0,100,Sell,225508293
2024-07-23 09:55:28,25050.0,200,Buy,225508340
2024-07-23 09:55:32,25050.0,1000,Buy,225508432
2024-07-23 09:55:36,25050.0,1000,Buy,225508469
2024-07-23 09:55:38,25050.0,1000,Buy,225508508
2024-07-23 09:55:40,25000.0,11900,Sell,225508521
2024-07-23 09:55:41,25050.0,200,Buy,225508530
2024-07-23 09:55:44,25050.0,500,Buy,225508564
2024-07-23 09:55:47,25050.0,500,Buy,225508593
2024-07-23 09:56:00,25050.0,600,Buy,225508822
2024-07-23 09:56:00,25050.0,8100,Buy,225508825
2024-07-23 09:56:00,25050.0,2000,Buy,225508824
2024-07-23 09:56:00,25050.0,100,Buy,225508823
2024-07-23 09:56:00,25050.0,1000,Buy,225508820
2024-07-23 09:56:00,25050.0,500,Buy,225508821
2024-07-23 09:56:00,25050.0,2000,Buy,225508818
2024-07-23 09:56:00,25050.0,2700,Buy,225508813
2024-07-23 09:56:00,25050.0,1000,Buy,225508817
2024-07-23 09:56:00,25050.0,100,Buy,225508816
2024-07-23 09:56:00,25050.0,1000,Buy,225508815
2024-07-23 09:56:00,25050.0,400,Buy,225508814
2024-07-23 09:56:00,25050.0,500,Buy,225508819
2024-07-23 09:56:04,25050.0,100,Buy,225508871
2024-07-23 09:56:11,25050.0,200,Buy,225508952
2024-07-23 09:56:13,25050.0,1600,Buy,225508980
2024-07-23 09:56:13,25050.0,200,Buy,225508981
2024-07-23 09:56:13,25050.0,700,Buy,225508982
2024-07-23 09:56:13,25050.0,300,Buy,225508983
2024-07-23 09:56:13,25050.0,200,Buy,225508984
2024-07-23 09:56:13,25050.0,200,Buy,225508985
2024-07-23 09:56:25,25050.0,500,Buy,225509164
2024-07-23 09:56:25,25050.0,4600,Buy,225509165
2024-07-23 09:56:25,25050.0,100,Buy,225509163
2024-07-23 09:56:25,25050.0,800,Buy,225509162
2024-07-23 09:56:31,25050.0,200,Buy,225509273
2024-07-23 09:56:31,25050.0,100,Buy,225509281
2024-07-23 09:56:33,25000.0,300,Sell,225509316
2024-07-23 09:56:36,25050.0,100,Buy,225509366
2024-07-23 09:56:36,25050.0,1300,Buy,225509367
2024-07-23 09:56:36,25050.0,500,Buy,225509368
2024-07-23 09:56:36,25050.0,5000,Buy,225509375
2024-07-23 09:56:42,25000.0,100,Sell,225509495
2024-07-23 09:56:42,25000.0,53500,Sell,225509497
2024-07-23 09:56:42,25000.0,300,Sell,225509498
2024-07-23 09:56:42,25000.0,800,Sell,225509503
2024-07-23 09:56:42,25000.0,100,Sell,225509500
2024-07-23 09:56:42,25000.0,500,Sell,225509501
2024-07-23 09:56:42,25000.0,500,Sell,225509502
2024-07-23 09:56:42,25000.0,300,Sell,225509499
2024-07-23 09:56:42,25000.0,500,Sell,225509494
2024-07-23 09:56:42,25000.0,300,Sell,225509496
2024-07-23 09:56:42,25000.0,100,Sell,225509492
2024-07-23 09:56:42,25000.0,6800,Sell,225509484
2024-07-23 09:56:42,25000.0,500,Sell,225509485
2024-07-23 09:56:42,25000.0,2000,Sell,225509486
2024-07-23 09:56:42,25000.0,11000,Sell,225509487
2024-07-23 09:56:42,25000.0,400,Sell,225509493
2024-07-23 09:56:42,25000.0,50000,Sell,225509489
2024-07-23 09:56:42,25000.0,600,Sell,225509490
2024-07-23 09:56:42,25000.0,1600,Sell,225509491
2024-07-23 09:56:42,25000.0,100,Sell,225509488
2024-07-23 09:56:44,25050.0,1000,Buy,225509520
2024-07-23 09:56:51,25050.0,500,Buy,225509636
2024-07-23 09:56:51,25000.0,200,Sell,225509637
2024-07-23 09:56:51,25000.0,200,Sell,225509638
2024-07-23 09:56:51,25000.0,200,Sell,225509639
2024-07-23 09:56:53,25000.0,200,Buy,225509662
2024-07-23 09:57:00,25000.0,1000,Buy,225509772
2024-07-23 09:57:04,24950.0,500,Sell,225509846
2024-07-23 09:57:04,24950.0,500,Sell,225509844
2024-07-23 09:57:04,24950.0,1000,Sell,225509845
2024-07-23 09:57:35,25000.0,200,Buy,225510268
2024-07-23 09:57:45,25000.0,1000,Buy,225510417
2024-07-23 09:57:59,24950.0,300,Sell,225510598
2024-07-23 09:58:01,24950.0,600,Sell,225510622
2024-07-23 09:58:23,24950.0,100,Sell,225510975
2024-07-23 09:58:23,24950.0,200,Sell,225510976
2024-07-23 09:58:23,24950.0,100,Sell,225510977
2024-07-23 09:58:23,24950.0,1200,Sell,225510978
2024-07-23 09:58:23,24950.0,100,Sell,225510983
2024-07-23 09:58:23,24950.0,1800,Sell,225510984
2024-07-23 09:58:23,24950.0,6200,Sell,225510985
2024-07-23 09:58:23,24950.0,400,Sell,225510986
2024-07-23 09:58:23,24950.0,3000,Sell,225510988
2024-07-23 09:58:23,24950.0,200,Sell,225510974
2024-07-23 09:58:23,24950.0,100,Sell,225510989
2024-07-23 09:58:23,24950.0,100,Sell,225510990
2024-07-23 09:58:23,24950.0,100,Sell,225510991
2024-07-23 09:58:23,24950.0,18500,Sell,225510992
2024-07-23 09:58:23,24950.0,100,Sell,225510987
2024-07-23 09:58:23,24950.0,100,Sell,225510973
2024-07-23 09:58:23,24950.0,100,Sell,225510959
2024-07-23 09:58:23,24950.0,1000,Sell,225510971
2024-07-23 09:58:23,24950.0,1600,Sell,225510955
2024-07-23 09:58:23,24950.0,200,Sell,225510957
2024-07-23 09:58:23,24950.0,1700,Sell,225510958
2024-07-23 09:58:23,24950.0,500,Sell,225510960
2024-07-23 09:58:23,24950.0,500,Sell,225510961
2024-07-23 09:58:23,24950.0,1700,Sell,225510962
2024-07-23 09:58:23,24950.0,500,Sell,225510963
2024-07-23 09:58:23,24950.0,100,Sell,225510956
2024-07-23 09:58:23,24950.0,1000,Sell,225510965
2024-07-23 09:58:23,24950.0,1000,Sell,225510964
2024-07-23 09:58:23,24950.0,100,Sell,225510970
2024-07-23 09:58:23,24950.0,2200,Sell,225510969
2024-07-23 09:58:23,24950.0,500,Sell,225510972
2024-07-23 09:58:23,24950.0,1000,Sell,225510967
2024-07-23 09:58:23,24950.0,3000,Sell,225510966
2024-07-23 09:58:23,24950.0,1000,Sell,225510968
2024-07-23 09:58:25,24950.0,2000,Sell,225511035
2024-07-23 09:58:26,24950.0,3000,Sell,225511058
2024-07-23 09:58:30,24950.0,100,Sell,225511096
2024-07-23 09:58:34,24950.0,100,Sell,225511159
2024-07-23 09:58:34,24950.0,100,Sell,225511160
2024-07-23 09:58:34,24950.0,400,Sell,225511161
2024-07-23 09:58:34,24950.0,400,Sell,225511158
2024-07-23 09:58:41,25000.0,100,Buy,225511346
2024-07-23 09:58:45,25000.0,100,Buy,225511398
2024-07-23 09:58:54,25000.0,3000,Buy,225511581
2024-07-23 09:59:02,25000.0,100,Buy,225511761
2024-07-23 09:59:12,24950.0,400,Sell,225511912
2024-07-23 09:59:12,24950.0,600,Sell,225511911
2024-07-23 09:59:29,24950.0,300,Sell,225512176
2024-07-23 09:59:29,24950.0,600,Sell,225512174
2024-07-23 09:59:29,24950.0,100,Sell,225512175
2024-07-23 09:59:41,25000.0,100,Buy,225512378
2024-07-23 09:59:54,24900.0,100,Sell,225512629
2024-07-23 09:59:54,24950.0,500,Sell,225512627
2024-07-23 09:59:54,24950.0,500,Sell,225512626
2024-07-23 09:59:54,24950.0,100,Sell,225512628
2024-07-23 09:59:54,24950.0,100,Sell,225512624
2024-07-23 09:59:54,24950.0,400,Sell,225512623
2024-07-23 09:59:54,24950.0,500,Sell,225512622
2024-07-23 09:59:54,24950.0,700,Sell,225512621
2024-07-23 09:59:54,24950.0,100,Sell,225512625
2024-07-23 10:00:09,24950.0,500,Sell,225512918
2024-07-23 10:00:09,24900.0,1400,Sell,225512919
2024-07-23 10:00:16,24950.0,100,Buy,225513045
2024-07-23 10:00:17,24900.0,100,Sell,225513107
2024-07-23 10:00:17,24900.0,7900,Sell,225513109
2024-07-23 10:00:17,24900.0,1000,Sell,225513108
2024-07-23 10:00:17,24900.0,100,Sell,225513106
2024-07-23 10:00:17,24900.0,4500,Sell,225513102
2024-07-23 10:00:17,24900.0,100,Sell,225513104
2024-07-23 10:00:17,24900.0,500,Sell,225513103
2024-07-23 10:00:17,24900.0,100,Sell,225513101
2024-07-23 10:00:17,24900.0,100,Sell,225513105
2024-07-23 10:00:19,24900.0,100,Sell,225513210
2024-07-23 10:00:19,24900.0,1000,Sell,225513209
2024-07-23 10:00:19,24900.0,1000,Sell,225513208
2024-07-23 10:00:19,24900.0,200,Sell,225513207
2024-07-23 10:00:19,24900.0,2000,Sell,225513206
2024-07-23 10:00:19,24900.0,1500,Sell,225513205
2024-07-23 10:00:19,24900.0,500,Sell,225513204
2024-07-23 10:00:19,24900.0,500,Sell,225513203
2024-07-23 10:00:19,24900.0,100,Sell,225513201
2024-07-23 10:00:19,24900.0,100,Sell,225513200
2024-07-23 10:00:19,24900.0,7300,Sell,225513191
2024-07-23 10:00:19,24900.0,100,Sell,225513195
2024-07-23 10:00:19,24900.0,100,Sell,225513196
2024-07-23 10:00:19,24900.0,200,Sell,225513202
2024-07-23 10:00:19,24900.0,100,Sell,225513198
2024-07-23 10:00:19,24900.0,300,Sell,225513199
2024-07-23 10:00:19,24900.0,100,Sell,225513197
2024-07-23 10:00:23,24900.0,100,Sell,225513356
2024-07-23 10:00:24,24950.0,100,Buy,225513383
2024-07-23 10:00:25,24950.0,100,Buy,225513409
2024-07-23 10:00:28,24950.0,200,Sell,225513444
2024-07-23 10:00:29,24900.0,1000,Sell,225513451
2024-07-23 10:00:37,24950.0,300,Buy,225513603
2024-07-23 10:00:37,24950.0,1800,Buy,225513604
2024-07-23 10:00:42,24950.0,100,Buy,225513692
2024-07-23 10:00:42,24950.0,100,Buy,225513693
2024-07-23 10:00:45,24900.0,400,Sell,225513780
2024-07-23 10:00:47,24950.0,1800,Buy,225513816
2024-07-23 10:00:47,24950.0,2200,Buy,225513814
2024-07-23 10:00:47,24950.0,1000,Buy,225513815
2024-07-23 10:00:52,24950.0,500,Buy,225513968
2024-07-23 10:00:59,24950.0,3600,Buy,225514128
2024-07-23 10:00:59,24950.0,500,Buy,225514127
2024-07-23 10:01:09,24900.0,300,Sell,225514394
2024-07-23 10:01:09,24900.0,500,Sell,225514393
2024-07-23 10:01:09,24900.0,500,Sell,225514392
2024-07-23 10:01:09,24900.0,50000,Sell,225514391
2024-07-23 10:01:09,24900.0,200,Sell,225514390
2024-07-23 10:01:09,24900.0,100,Sell,225514389
2024-07-23 10:01:09,24900.0,100,Sell,225514388
2024-07-23 10:01:09,24900.0,100,Sell,225514387
2024-07-23 10:01:09,24900.0,10000,Sell,225514395
2024-07-23 10:01:09,24900.0,100,Sell,225514385
2024-07-23 10:01:09,24900.0,50000,Sell,225514384
2024-07-23 10:01:09,24900.0,1000,Sell,225514383
2024-07-23 10:01:09,24900.0,4000,Sell,225514382
2024-07-23 10:01:09,24900.0,100,Sell,225514381
2024-07-23 10:01:09,24900.0,500,Sell,225514380
2024-07-23 10:01:09,24900.0,5000,Sell,225514386
2024-07-23 10:01:09,24900.0,1000,Sell,225514396
2024-07-23 10:01:09,24900.0,5000,Sell,225514408
2024-07-23 10:01:09,24900.0,500,Sell,225514398
2024-07-23 10:01:09,24900.0,3800,Sell,225514414
2024-07-23 10:01:09,24900.0,2100,Sell,225514413
2024-07-23 10:01:09,24900.0,500,Sell,225514412
2024-07-23 10:01:09,24900.0,100,Sell,225514411
2024-07-23 10:01:09,24900.0,100,Sell,225514410
2024-07-23 10:01:09,24900.0,200,Sell,225514409
2024-07-23 10:01:09,24900.0,500,Sell,225514407
2024-07-23 10:01:09,24900.0,100,Sell,225514406
2024-07-23 10:01:09,24900.0,2000,Sell,225514405
2024-07-23 10:01:09,24900.0,100,Sell,225514404
2024-07-23 10:01:09,24900.0,1000,Sell,225514403
2024-07-23 10:01:09,24900.0,300,Sell,225514402
2024-07-23 10:01:09,24900.0,500,Sell,225514401
2024-07-23 10:01:09,24900.0,1800,Sell,225514379
2024-07-23 10:01:09,24900.0,1000,Sell,225514399
2024-07-23 10:01:09,24900.0,500,Sell,225514397
2024-07-23 10:01:09,24900.0,100,Sell,225514378
2024-07-23 10:01:09,24900.0,100,Sell,225514400
2024-07-23 10:01:09,24900.0,100,Sell,225514376
2024-07-23 10:01:09,24900.0,70000,Sell,225514355
2024-07-23 10:01:09,24900.0,20000,Sell,225514354
2024-07-23 10:01:09,24900.0,100,Sell,225514353
2024-07-23 10:01:09,24900.0,100,Sell,225514352
2024-07-23 10:01:09,24900.0,25000,Sell,225514351
2024-07-23 10:01:09,24900.0,500,Sell,225514350
2024-07-23 10:01:09,24900.0,900,Sell,225514349
2024-07-23 10:01:09,24900.0,500,Sell,225514356
2024-07-23 10:01:09,24900.0,5000,Sell,225514348
2024-07-23 10:01:09,24900.0,500,Sell,225514346
2024-07-23 10:01:09,24900.0,200,Sell,225514345
2024-07-23 10:01:09,24900.0,1000,Sell,225514344
2024-07-23 10:01:09,24900.0,200,Sell,225514343
2024-07-23 10:01:09,24900.0,1000,Sell,225514342
2024-07-23 10:01:09,24900.0,200,Sell,225514341
2024-07-23 10:01:09,24900.0,13400,Sell,225514340
2024-07-23 10:01:09,24900.0,7000,Sell,225514347
2024-07-23 10:01:09,24900.0,10000,Sell,225514357
2024-07-23 10:01:09,24900.0,50000,Sell,225514377
2024-07-23 10:01:09,24900.0,1400,Sell,225514359
2024-07-23 10:01:09,24900.0,500,Sell,225514375
2024-07-23 10:01:09,24900.0,1000,Sell,225514374
2024-07-23 10:01:09,24900.0,100,Sell,225514373
2024-07-23 10:01:09,24900.0,5000,Sell,225514372
2024-07-23 10:01:09,24900.0,5000,Sell,225514371
2024-07-23 10:01:09,24900.0,20000,Sell,225514370
2024-07-23 10:01:09,24900.0,1800,Sell,225514369
2024-07-23 10:01:09,24900.0,300,Sell,225514368
2024-07-23 10:01:09,24900.0,1000,Sell,225514358
2024-07-23 10:01:09,24900.0,100,Sell,225514366
2024-07-23 10:01:09,24900.0,1000,Sell,225514360
2024-07-23 10:01:09,24900.0,2600,Sell,225514361
2024-07-23 10:01:09,24900.0,5000,Sell,225514362
2024-07-23 10:01:09,24900.0,100,Sell,225514367
2024-07-23 10:01:09,24900.0,200,Sell,225514364
2024-07-23 10:01:09,24900.0,400,Sell,225514365
2024-07-23 10:01:09,24900.0,5000,Sell,225514363
2024-07-23 10:01:16,24900.0,1000,Sell,225514498
2024-07-23 10:01:35,24900.0,200,Sell,225514806
2024-07-23 10:01:35,24900.0,300,Sell,225514807
2024-07-23 10:01:35,24950.0,15200,Buy,225514814
2024-07-23 10:01:35,24950.0,1000,Buy,225514815
2024-07-23 10:01:35,24950.0,100,Buy,225514816
2024-07-23 10:01:35,24950.0,115000,Buy,225514817
2024-07-23 10:01:35,24950.0,900,Buy,225514818
2024-07-23 10:01:35,24950.0,1700,Buy,225514819
2024-07-23 10:01:35,24950.0,5000,Buy,225514820
2024-07-23 10:01:35,24950.0,6400,Buy,225514813
2024-07-23 10:01:47,25000.0,100,Buy,225515016
2024-07-23 10:02:17,24950.0,2400,Sell,225515420
2024-07-23 10:02:22,24950.0,2600,Sell,225515507
2024-07-23 10:02:22,24950.0,500,Sell,225515511
2024-07-23 10:02:30,24900.0,100,Sell,225515626
2024-07-23 10:02:32,24950.0,4100,Buy,225515691
2024-07-23 10:02:36,24950.0,2000,Buy,225515771
2024-07-23 10:02:37,24950.0,400,Buy,225515778
2024-07-23 10:02:45,24900.0,100,Sell,225515899
2024-07-23 10:02:48,24950.0,200,Buy,225516014
2024-07-23 10:02:50,24950.0,200,Buy,225516048
2024-07-23 10:02:56,24950.0,100,Buy,225516140
2024-07-23 10:02:56,24950.0,100,Buy,225516143
2024-07-23 10:02:57,24950.0,100,Buy,225516164
2024-07-23 10:02:57,24950.0,300,Buy,225516169
2024-07-23 10:02:57,24950.0,300,Buy,225516170
2024-07-23 10:03:08,24950.0,100,Buy,225516323
2024-07-23 10:03:09,24950.0,100,Buy,225516333
2024-07-23 10:03:09,24950.0,100,Buy,225516332
2024-07-23 10:03:13,24950.0,100,Buy,225516388
2024-07-23 10:03:13,24950.0,100,Buy,225516389
2024-07-23 10:03:13,24950.0,2600,Buy,225516391
2024-07-23 10:03:13,24950.0,500,Buy,225516390
2024-07-23 10:03:17,24950.0,400,Buy,225516473
2024-07-23 10:03:19,24950.0,1000,Buy,225516523
2024-07-23 10:03:28,24950.0,1000,Buy,225516666
2024-07-23 10:03:31,24950.0,500,Sell,225516690
2024-07-23 10:03:45,24950.0,100,Sell,225516916
2024-07-23 10:03:47,24950.0,400,Sell,225516929
2024-07-23 10:03:52,25000.0,100,Buy,225516998
2024-07-23 10:03:57,24950.0,100,Sell,225517072
2024-07-23 10:03:58,24950.0,200,Buy,225517076
2024-07-23 10:04:01,24900.0,100,Sell,225517114
2024-07-23 10:04:02,24950.0,200,Buy,225517138
2024-07-23 10:04:03,25000.0,200,Buy,225517165
2024-07-23 10:04:09,25000.0,2700,Buy,225517261
2024-07-23 10:04:21,25000.0,2700,Buy,225517571
2024-07-23 10:04:22,24950.0,500,Sell,225517578
2024-07-23 10:04:25,24950.0,4300,Sell,225517658
2024-07-23 10:04:25,24950.0,500,Sell,225517659
2024-07-23 10:04:25,24950.0,200,Sell,225517660
2024-07-23 10:04:25,25000.0,2700,Buy,225517661
2024-07-23 10:04:29,25000.0,2700,Buy,225517729
2024-07-23 10:04:31,25000.0,2700,Buy,225517757
2024-07-23 10:04:33,25000.0,1500,Buy,225517802
2024-07-23 10:04:33,25000.0,200,Buy,225517803
2024-07-23 10:04:33,25000.0,1000,Buy,225517804
2024-07-23 10:04:44,24950.0,3500,Sell,225517966
2024-07-23 10:04:44,24950.0,500,Sell,225517967
2024-07-23 10:04:44,24950.0,300,Sell,225517964
2024-07-23 10:04:44,24950.0,500,Sell,225517965
2024-07-23 10:04:47,24950.0,2500,Buy,225518029
2024-07-23 10:04:47,24950.0,2700,Buy,225518028
2024-07-23 10:04:50,25000.0,2500,Buy,225518071
2024-07-23 10:04:50,25000.0,200,Buy,225518072
2024-07-23 10:04:53,25000.0,2700,Buy,225518145
2024-07-23 10:04:54,25000.0,200,Buy,225518159
2024-07-23 10:04:56,24950.0,2500,Sell,225518199
2024-07-23 10:04:56,24950.0,100,Sell,225518200
2024-07-23 10:04:57,24950.0,2400,Buy,225518220
2024-07-23 10:04:57,25000.0,300,Buy,225518221
2024-07-23 10:05:09,24950.0,700,Sell,225518392
2024-07-23 10:05:20,24950.0,5000,Sell,225518618
2024-07-23 10:05:34,24950.0,5000,Sell,225518942
2024-07-23 10:05:41,24950.0,5000,Sell,225519140
2024-07-23 10:05:42,24950.0,500,Sell,225519176
2024-07-23 10:05:59,25000.0,100,Buy,225519438
2024-07-23 10:06:06,24950.0,3800,Sell,225519538
2024-07-23 10:06:06,24950.0,200,Sell,225519539
2024-07-23 10:06:06,24950.0,2000,Sell,225519540
2024-07-23 10:06:06,24950.0,100,Sell,225519541
2024-07-23 10:06:06,24950.0,100,Sell,225519542
2024-07-23 10:06:06,24950.0,100,Sell,225519543
2024-07-23 10:06:06,24950.0,100,Sell,225519544
2024-07-23 10:06:06,24950.0,5000,Sell,225519545
2024-07-23 10:06:06,24950.0,1000,Sell,225519546
2024-07-23 10:06:06,24950.0,100,Sell,225519547
2024-07-23 10:06:06,24950.0,1800,Sell,225519548
2024-07-23 10:06:07,24900.0,500,Sell,225519577
2024-07-23 10:06:19,24950.0,200,Buy,225519782
2024-07-23 10:06:23,24900.0,1300,Sell,225519845
2024-07-23 10:06:23,24900.0,100,Sell,225519844
2024-07-23 10:06:23,24900.0,100,Sell,225519842
2024-07-23 10:06:23,24900.0,900,Sell,225519841
2024-07-23 10:06:23,24900.0,100,Sell,225519843
2024-07-23 10:06:27,24950.0,100,Buy,225519881
2024-07-23 10:06:31,24950.0,5000,Buy,225520001
2024-07-23 10:06:35,24950.0,400,Buy,225520056
2024-07-23 10:06:35,24950.0,1500,Buy,225520058
2024-07-23 10:06:40,24950.0,1000,Buy,225520156
2024-07-23 10:06:43,24950.0,900,Buy,225520202
2024-07-23 10:06:46,24900.0,1100,Sell,225520289
2024-07-23 10:06:51,24950.0,100,Buy,225520378
2024-07-23 10:06:54,24900.0,200,Sell,225520466
2024-07-23 10:06:54,24900.0,1000,Sell,225520464
2024-07-23 10:06:54,24900.0,100,Sell,225520465
2024-07-23 10:06:54,24900.0,1000,Sell,225520463
2024-07-23 10:06:54,24900.0,2000,Sell,225520462
2024-07-23 10:06:54,24900.0,3300,Sell,225520461
2024-07-23 10:07:00,24950.0,200,Buy,225520561
2024-07-23 10:07:01,24950.0,500,Buy,225520566
2024-07-23 10:07:05,24900.0,200,Sell,225520681
2024-07-23 10:07:24,24900.0,4600,Sell,225521022
2024-07-23 10:07:24,24900.0,400,Sell,225521023
2024-07-23 10:07:34,24900.0,100,Sell,225521295
2024-07-23 10:07:41,24900.0,100,Sell,225521439
2024-07-23 10:07:41,24900.0,400,Sell,225521440
2024-07-23 10:07:47,24900.0,100,Sell,225521561
2024-07-23 10:07:47,24900.0,900,Sell,225521562
2024-07-23 10:07:50,24900.0,100,Sell,225521598
2024-07-23 10:07:50,24900.0,1000,Sell,225521599
2024-07-23 10:07:50,24900.0,100,Sell,225521600
2024-07-23 10:07:50,24900.0,100,Sell,225521601
2024-07-23 10:07:50,24900.0,300,Sell,225521602
2024-07-23 10:07:50,24900.0,100,Sell,225521603
2024-07-23 10:07:50,24900.0,100,Sell,225521604
2024-07-23 10:07:50,24900.0,28200,Sell,225521605
2024-07-23 10:07:51,24900.0,8900,Sell,225521635
2024-07-23 10:07:51,24900.0,800,Sell,225521634
2024-07-23 10:07:51,24900.0,100,Sell,225521631
2024-07-23 10:07:51,24900.0,500,Sell,225521632
2024-07-23 10:07:51,24900.0,1800,Sell,225521630
2024-07-23 10:07:51,24900.0,900,Sell,225521633
2024-07-23 10:07:53,24900.0,1000,Sell,225521674
2024-07-23 10:07:55,24900.0,200,Sell,225521730
2024-07-23 10:07:55,24900.0,7900,Sell,225521731
2024-07-23 10:07:55,24900.0,300,Sell,225521729
2024-07-23 10:07:55,24900.0,400,Sell,225521727
2024-07-23 10:07:55,24900.0,100,Sell,225521726
2024-07-23 10:07:55,24900.0,40100,Sell,225521725
2024-07-23 10:07:55,24900.0,1000,Sell,225521728
2024-07-23 10:08:05,24950.0,200,Buy,225521963
2024-07-23 10:08:07,24900.0,100,Sell,225522030
2024-07-23 10:08:07,24900.0,29700,Sell,225522039
2024-07-23 10:08:07,24900.0,100,Sell,225522038
2024-07-23 10:08:07,24900.0,1000,Sell,225522037
2024-07-23 10:08:07,24900.0,5000,Sell,225522036
2024-07-23 10:08:07,24900.0,100,Sell,225522035
2024-07-23 10:08:07,24900.0,200,Sell,225522034
2024-07-23 10:08:07,24900.0,200,Sell,225522033
2024-07-23 10:08:07,24900.0,200,Sell,225522032
2024-07-23 10:08:07,24900.0,500,Sell,225522031
2024-07-23 10:08:07,24900.0,100,Sell,225522029
2024-07-23 10:08:07,24900.0,300,Sell,225522024
2024-07-23 10:08:07,24900.0,100,Sell,225522027
2024-07-23 10:08:07,24900.0,500,Sell,225522028
2024-07-23 10:08:07,24900.0,12100,Sell,225522017
2024-07-23 10:08:07,24900.0,20000,Sell,225522019
2024-07-23 10:08:07,24900.0,10000,Sell,225522020
2024-07-23 10:08:07,24900.0,3000,Sell,225522018
2024-07-23 10:08:07,24900.0,5000,Sell,225522022
2024-07-23 10:08:07,24900.0,100,Sell,225522023
2024-07-23 10:08:07,24900.0,500,Sell,225522025
2024-07-23 10:08:07,24900.0,200,Sell,225522026
2024-07-23 10:08:07,24900.0,1000,Sell,225522021
2024-07-23 10:08:08,24900.0,200,Sell,225522063
2024-07-23 10:08:08,24900.0,100,Sell,225522062
2024-07-23 10:08:08,24900.0,100,Sell,225522061
2024-07-23 10:08:08,24900.0,500,Sell,225522060
2024-07-23 10:08:08,24900.0,500,Sell,225522059
2024-07-23 10:08:08,24900.0,100,Sell,225522058
2024-07-23 10:08:08,24900.0,2000,Sell,225522056
2024-07-23 10:08:08,24900.0,200,Sell,225522054
2024-07-23 10:08:08,24900.0,100,Sell,225522042
2024-07-23 10:08:08,24900.0,200,Sell,225522057
2024-07-23 10:08:08,24900.0,100,Sell,225522055
2024-07-23 10:08:09,24900.0,1100,Sell,225522074
2024-07-23 10:08:09,24900.0,100,Sell,225522091
2024-07-23 10:08:09,24900.0,2900,Sell,225522090
2024-07-23 10:08:09,24900.0,100,Sell,225522073
2024-07-23 10:08:09,24900.0,1200,Sell,225522071
2024-07-23 10:08:09,24900.0,800,Sell,225522072
2024-07-23 10:08:09,24900.0,1800,Sell,225522070
2024-07-23 10:08:20,24900.0,500,Buy,225522266
2024-07-23 10:08:20,24900.0,300,Buy,225522271
2024-07-23 10:08:22,24900.0,300,Buy,225522287
2024-07-23 10:08:28,24900.0,400,Buy,225522400
2024-07-23 10:08:28,24900.0,600,Buy,225522401
2024-07-23 10:08:30,24900.0,400,Buy,225522424
2024-07-23 10:08:31,24900.0,600,Buy,225522427
2024-07-23 10:08:37,24900.0,100,Buy,225522549
2024-07-23 10:08:38,24850.0,100,Sell,225522566
2024-07-23 10:08:38,24850.0,100,Sell,225522565
2024-07-23 10:08:56,24850.0,100,Sell,225522896
2024-07-23 10:08:56,24850.0,200,Sell,225522897
2024-07-23 10:09:00,24900.0,2800,Buy,225523076
2024-07-23 10:09:00,24900.0,1200,Buy,225523077
2024-07-23 10:09:02,24900.0,2000,Buy,225523105
2024-07-23 10:09:03,24900.0,500,Buy,225523123
2024-07-23 10:09:07,24900.0,100,Buy,225523204
2024-07-23 10:09:07,24900.0,1000,Buy,225523203
2024-07-23 10:09:09,24900.0,100,Buy,225523233
2024-07-23 10:09:18,24900.0,100,Buy,225523366
2024-07-23 10:09:22,24900.0,2000,Buy,225523422
2024-07-23 10:09:28,24900.0,100,Buy,225523588
2024-07-23 10:09:31,24900.0,400,Buy,225523616
2024-07-23 10:09:38,24900.0,100,Buy,225523726
2024-07-23 10:09:39,24900.0,2900,Buy,225523770
2024-07-23 10:09:39,24900.0,100,Buy,225523769
2024-07-23 10:09:39,24900.0,1000,Buy,225523768
2024-07-23 10:09:39,24900.0,100,Buy,225523767
2024-07-23 10:09:39,24900.0,1600,Buy,225523765
2024-07-23 10:09:39,24900.0,800,Buy,225523764
2024-07-23 10:09:39,24900.0,500,Buy,225523763
2024-07-23 10:09:39,24900.0,2400,Buy,225523762
2024-07-23 10:09:39,24900.0,600,Buy,225523766
2024-07-23 10:09:40,24900.0,9000,Buy,225523787
2024-07-23 10:09:40,24900.0,200,Buy,225523789
2024-07-23 10:09:40,24900.0,3000,Buy,225523786
2024-07-23 10:09:40,24900.0,100,Buy,225523779
2024-07-23 10:09:40,24900.0,1000,Buy,225523784
2024-07-23 10:09:40,24900.0,1000,Buy,225523783
2024-07-23 10:09:40,24900.0,7000,Buy,225523780
2024-07-23 10:09:40,24900.0,1000,Buy,225523785
2024-07-23 10:09:43,24850.0,500,Sell,225523831
2024-07-23 10:09:46,24900.0,400,Buy,225523859
2024-07-23 10:09:48,24900.0,400,Buy,225523882
2024-07-23 10:09:48,24900.0,1600,Buy,225523884
2024-07-23 10:09:52,24900.0,100,Buy,225523943
2024-07-23 10:09:58,24900.0,1000,Buy,225524023
2024-07-23 10:10:00,24900.0,500,Buy,225524063
2024-07-23 10:10:02,24900.0,2000,Buy,225524119
2024-07-23 10:10:02,24900.0,800,Buy,225524120
2024-07-23 10:10:02,24900.0,200,Buy,225524115
2024-07-23 10:10:05,24900.0,1000,Sell,225524152
2024-07-23 10:10:06,24850.0,2200,Sell,225524166
2024-07-23 10:10:06,24850.0,500,Sell,225524164
2024-07-23 10:10:06,24850.0,4000,Sell,225524165
2024-07-23 10:10:06,24850.0,9300,Sell,225524163
2024-07-23 10:10:06,24900.0,200,Sell,225524158
2024-07-23 10:10:06,24900.0,100,Sell,225524161
2024-07-23 10:10:06,24900.0,100,Sell,225524160
2024-07-23 10:10:06,24900.0,500,Sell,225524159
2024-07-23 10:10:06,24900.0,1000,Sell,225524155
2024-07-23 10:10:06,24900.0,100,Sell,225524162
2024-07-23 10:10:10,24950.0,100,Buy,225524216
2024-07-23 10:10:17,24950.0,1000,Buy,225524291
2024-07-23 10:10:18,24900.0,2000,Sell,225524301
2024-07-23 10:10:18,24900.0,500,Sell,225524302
2024-07-23 10:10:21,24900.0,1500,Buy,225524377
2024-07-23 10:10:36,24900.0,1000,Buy,225524654
2024-07-23 10:10:40,24900.0,200,Buy,225524731
2024-07-23 10:10:54,24900.0,900,Buy,225524963
2024-07-23 10:10:57,24900.0,100,Buy,225524998
2024-07-23 10:10:59,24900.0,200,Buy,225525036
2024-07-23 10:11:00,24900.0,100,Buy,225525045
2024-07-23 10:11:01,24900.0,500,Buy,225525063
2024-07-23 10:11:07,24900.0,900,Buy,225525173
2024-07-23 10:11:09,24900.0,200,Buy,225525199
2024-07-23 10:11:11,24900.0,200,Buy,225525231
2024-07-23 10:11:13,24900.0,200,Buy,225525267
2024-07-23 10:11:25,24900.0,1500,Buy,225525401
2024-07-23 10:11:25,24900.0,3500,Buy,225525402
2024-07-23 10:11:35,24900.0,100,Buy,225525531
2024-07-23 10:11:36,24900.0,100,Buy,225525538
2024-07-23 10:11:38,24900.0,200,Buy,225525558
2024-07-23 10:11:39,24900.0,100,Buy,225525563
2024-07-23 10:11:39,24900.0,1000,Buy,225525564
2024-07-23 10:11:39,24900.0,4000,Buy,225525565
2024-07-23 10:11:39,24900.0,900,Buy,225525566
2024-07-23 10:11:39,24900.0,300,Buy,225525567
2024-07-23 10:11:39,24900.0,700,Buy,225525568
2024-07-23 10:11:39,24900.0,1500,Buy,225525569
2024-07-23 10:11:39,24900.0,300,Buy,225525570
2024-07-23 10:11:39,24900.0,700,Buy,225525571
2024-07-23 10:11:43,24900.0,200,Buy,225525614
2024-07-23 10:11:45,24900.0,3000,Buy,225525677
2024-07-23 10:11:57,24900.0,3900,Buy,225525864
2024-07-23 10:11:57,24900.0,800,Buy,225525865
2024-07-23 10:11:58,24900.0,300,Buy,225525870
2024-07-23 10:12:04,24900.0,100,Buy,225525963
2024-07-23 10:12:11,24900.0,100,Buy,225526067
2024-07-23 10:12:13,24900.0,500,Buy,225526096
2024-07-23 10:12:14,24900.0,100,Buy,225526106
2024-07-23 10:12:18,24900.0,100,Buy,225526188
2024-07-23 10:12:23,24900.0,200,Buy,225526248
2024-07-23 10:12:23,24900.0,1800,Buy,225526249
2024-07-23 10:12:28,24900.0,100,Buy,225526332
2024-07-23 10:12:38,24900.0,100,Buy,225526468
2024-07-23 10:12:50,24900.0,100,Buy,225526642
2024-07-23 10:13:00,24900.0,2000,Buy,225526811
2024-07-23 10:13:00,24900.0,200,Buy,225526817
2024-07-23 10:13:04,24900.0,100,Buy,225526921
2024-07-23 10:13:04,24900.0,1000,Buy,225526922
2024-07-23 10:13:14,24900.0,100,Buy,225527157
2024-07-23 10:13:15,24900.0,1000,Buy,225527161
2024-07-23 10:13:22,24850.0,3000,Sell,225527375
2024-07-23 10:13:22,24850.0,200,Sell,225527376
2024-07-23 10:13:22,24850.0,1800,Sell,225527374
2024-07-23 10:13:22,24900.0,100,Buy,225527372
2024-07-23 10:13:25,24850.0,100,Sell,225527451
2024-07-23 10:13:25,24850.0,1900,Sell,225527453
2024-07-23 10:13:30,24850.0,100,Sell,225527566
2024-07-23 10:13:30,24850.0,100,Sell,225527567
2024-07-23 10:13:30,24850.0,500,Sell,225527568
2024-07-23 10:13:30,24850.0,3000,Sell,225527569
2024-07-23 10:13:30,24850.0,100,Sell,225527570
2024-07-23 10:13:30,24850.0,500,Sell,225527571
2024-07-23 10:13:30,24850.0,700,Sell,225527572
2024-07-23 10:13:34,24900.0,100,Buy,225527618
2024-07-23 10:13:47,24850.0,1000,Sell,225527841
2024-07-23 10:13:50,24850.0,100,Sell,225527895
2024-07-23 10:13:50,24850.0,1100,Sell,225527896
2024-07-23 10:13:50,24850.0,3300,Sell,225527894
2024-07-23 10:13:59,24850.0,48900,Sell,225528030
2024-07-23 10:13:59,24850.0,100,Sell,225528031
2024-07-23 10:13:59,24850.0,1000,Sell,225528032
2024-07-23 10:14:02,24850.0,1000,Sell,225528071
2024-07-23 10:14:12,24900.0,3300,Buy,225528283
2024-07-23 10:14:12,24900.0,800,Buy,225528284
2024-07-23 10:14:15,24900.0,200,Buy,225528347
2024-07-23 10:14:17,24850.0,10000,Sell,225528374
2024-07-23 10:14:19,24850.0,30000,Sell,225528395
2024-07-23 10:14:24,24850.0,10000,Sell,225528495
2024-07-23 10:14:32,24850.0,2000,Sell,225528611
2024-07-23 10:14:50,24850.0,100,Sell,225528988
2024-07-23 10:14:50,24850.0,300,Sell,225528981
2024-07-23 10:14:50,24850.0,100,Sell,225528982
2024-07-23 10:14:50,24850.0,100,Sell,225528983
2024-07-23 10:14:50,24850.0,100,Sell,225528984
2024-07-23 10:14:50,24850.0,100,Sell,225528985
2024-07-23 10:14:50,24850.0,5000,Sell,225528986
2024-07-23 10:14:50,24850.0,100,Sell,225528987
2024-07-23 10:14:50,24850.0,2500,Sell,225528989
2024-07-23 10:14:50,24850.0,800,Sell,225528980
2024-07-23 10:14:50,24850.0,500,Sell,225528991
2024-07-23 10:14:50,24850.0,100,Sell,225528992
2024-07-23 10:14:50,24850.0,5000,Sell,225528993
2024-07-23 10:14:50,24850.0,500,Sell,225528997
2024-07-23 10:14:50,24850.0,100,Sell,225528998
2024-07-23 10:14:50,24850.0,500,Sell,225528999
2024-07-23 10:14:50,24850.0,100,Sell,225529000
2024-07-23 10:14:50,24850.0,26800,Sell,225529001
2024-07-23 10:14:50,24850.0,100,Sell,225528990
2024-07-23 10:14:50,24850.0,100,Sell,225528979
2024-07-23 10:14:50,24850.0,100,Sell,225528958
2024-07-23 10:14:50,24850.0,500,Sell,225528977
2024-07-23 10:14:50,24850.0,1000,Sell,225528978
2024-07-23 10:14:50,24850.0,2000,Sell,225528957
2024-07-23 10:14:50,24850.0,46000,Sell,225528956
2024-07-23 10:14:50,24850.0,300,Sell,225528959
2024-07-23 10:14:50,24850.0,100,Sell,225528961
2024-07-23 10:14:50,24850.0,2700,Sell,225528962
2024-07-23 10:14:50,24850.0,200,Sell,225528963
2024-07-23 10:14:50,24850.0,400,Sell,225528964
2024-07-23 10:14:50,24850.0,1000,Sell,225528965
2024-07-23 10:14:50,24850.0,200,Sell,225528960
2024-07-23 10:14:50,24850.0,400,Sell,225528968
2024-07-23 10:14:50,24850.0,100,Sell,225528969
2024-07-23 10:14:50,24850.0,100,Sell,225528970
2024-07-23 10:14:50,24850.0,2000,Sell,225528971
2024-07-23 10:14:50,24850.0,500,Sell,225528972
2024-07-23 10:14:50,24850.0,2000,Sell,225528973
2024-07-23 10:14:50,24850.0,5000,Sell,225528974
2024-07-23 10:14:50,24850.0,400,Sell,225528975
2024-07-23 10:14:50,24850.0,1000,Sell,225528967
2024-07-23 10:14:50,24850.0,1000,Sell,225528976
2024-07-23 10:14:59,24850.0,2000,Sell,225529120
2024-07-23 10:15:01,24850.0,100,Sell,225529161
2024-07-23 10:15:01,24850.0,1000,Sell,225529162
2024-07-23 10:15:01,24850.0,100,Sell,225529163
2024-07-23 10:15:01,24850.0,100,Sell,225529164
2024-07-23 10:15:01,24850.0,400,Sell,225529169
2024-07-23 10:15:01,24850.0,1000,Sell,225529166
2024-07-23 10:15:01,24850.0,800,Sell,225529167
2024-07-23 10:15:01,24850.0,500,Sell,225529168
2024-07-23 10:15:01,24850.0,200,Sell,225529160
2024-07-23 10:15:01,24850.0,1000,Sell,225529165
2024-07-23 10:15:01,24850.0,1000,Sell,225529159
2024-07-23 10:15:01,24850.0,5000,Sell,225529152
2024-07-23 10:15:01,24850.0,20000,Sell,225529157
2024-07-23 10:15:01,24850.0,200,Sell,225529158
2024-07-23 10:15:01,24850.0,300,Sell,225529147
2024-07-23 10:15:01,24850.0,200,Sell,225529148
2024-07-23 10:15:01,24850.0,1000,Sell,225529149
2024-07-23 10:15:01,24850.0,100,Sell,225529150
2024-07-23 10:15:01,24850.0,7500,Sell,225529146
2024-07-23 10:15:01,24850.0,500,Sell,225529153
2024-07-23 10:15:01,24850.0,5000,Sell,225529154
2024-07-23 10:15:01,24850.0,1000,Sell,225529155
2024-07-23 10:15:01,24850.0,1000,Sell,225529156
2024-07-23 10:15:01,24850.0,1000,Sell,225529151
2024-07-23 10:15:02,24850.0,100,Sell,225529195
2024-07-23 10:15:04,24850.0,4000,Sell,225529238
2024-07-23 10:15:05,24850.0,2800,Sell,225529278
2024-07-23 10:15:05,24850.0,1000,Sell,225529277
2024-07-23 10:15:05,24850.0,100,Sell,225529276
2024-07-23 10:15:05,24850.0,1000,Sell,225529275
2024-07-23 10:15:05,24850.0,400,Sell,225529252
2024-07-23 10:15:05,24850.0,100,Sell,225529274
2024-07-23 10:15:05,24850.0,100,Sell,225529251
2024-07-23 10:15:05,24850.0,500,Sell,225529247
2024-07-23 10:15:05,24850.0,300,Sell,225529249
2024-07-23 10:15:05,24850.0,100,Sell,225529248
2024-07-23 10:15:05,24850.0,500,Sell,225529246
2024-07-23 10:15:05,24850.0,2000,Sell,225529245
2024-07-23 10:15:05,24850.0,500,Sell,225529244
2024-07-23 10:15:05,24850.0,500,Sell,225529243
2024-07-23 10:15:05,24850.0,100,Sell,225529250
2024-07-23 10:15:06,24850.0,100,Sell,225529314
2024-07-23 10:15:06,24850.0,500,Sell,225529315
2024-07-23 10:15:06,24850.0,2000,Sell,225529316
2024-07-23 10:15:06,24850.0,200,Sell,225529317
2024-07-23 10:15:06,24850.0,100,Sell,225529318
2024-07-23 10:15:06,24850.0,300,Sell,225529319
2024-07-23 10:15:06,24850.0,100,Sell,225529320
2024-07-23 10:15:06,24850.0,300,Sell,225529321
2024-07-23 10:15:06,24850.0,200,Sell,225529326
2024-07-23 10:15:06,24850.0,500,Sell,225529323
2024-07-23 10:15:06,24850.0,3000,Sell,225529324
2024-07-23 10:15:06,24850.0,200,Sell,225529313
2024-07-23 10:15:06,24850.0,5000,Sell,225529327
2024-07-23 10:15:06,24850.0,1000,Sell,225529328
2024-07-23 10:15:06,24850.0,3000,Sell,225529329
2024-07-23 10:15:06,24850.0,1000,Sell,225529330
2024-07-23 10:15:06,24850.0,100,Sell,225529331
2024-07-23 10:15:06,24850.0,1000,Sell,225529322
2024-07-23 10:15:06,24850.0,2000,Sell,225529311
2024-07-23 10:15:06,24850.0,100,Sell,225529312
2024-07-23 10:15:06,24850.0,100,Sell,225529297
2024-07-23 10:15:06,24850.0,200,Sell,225529292
2024-07-23 10:15:06,24850.0,5000,Sell,225529293
2024-07-23 10:15:06,24850.0,100,Sell,225529294
2024-07-23 10:15:06,24850.0,500,Sell,225529295
2024-07-23 10:15:06,24850.0,1000,Sell,225529296
2024-07-23 10:15:06,24850.0,5000,Sell,225529310
2024-07-23 10:15:06,24850.0,400,Sell,225529299
2024-07-23 10:15:06,24850.0,500,Sell,225529300
2024-07-23 10:15:06,24850.0,4000,Sell,225529298
2024-07-23 10:15:06,24850.0,100,Sell,225529302
2024-07-23 10:15:06,24850.0,100,Sell,225529303
2024-07-23 10:15:06,24850.0,300,Sell,225529304
2024-07-23 10:15:06,24850.0,400,Sell,225529305
2024-07-23 10:15:06,24850.0,3000,Sell,225529306
