time,price,volume,match_type,id
2024-08-29 09:14:58,24650.0,141200,ATO/ATC,235599591
2024-08-29 09:14:59,24700.0,100,Buy,235599743
2024-08-29 09:14:59,24700.0,1900,Buy,235599742
2024-08-29 09:14:59,24700.0,100,Buy,235599741
2024-08-29 09:14:59,24700.0,4000,Buy,235599740
2024-08-29 09:14:59,24700.0,100,Buy,235599734
2024-08-29 09:14:59,24700.0,100,Buy,235599738
2024-08-29 09:14:59,24700.0,500,Buy,235599735
2024-08-29 09:14:59,24700.0,2000,Buy,235599739
2024-08-29 09:14:59,24700.0,400,Buy,235599737
2024-08-29 09:14:59,24700.0,100,Buy,235599736
2024-08-29 09:15:19,24700.0,100,Buy,235600013
2024-08-29 09:15:22,24700.0,100,Buy,235600037
2024-08-29 09:15:30,24700.0,700,Buy,235600162
2024-08-29 09:15:30,24700.0,200,Buy,235600163
2024-08-29 09:15:30,24700.0,4100,Buy,235600164
2024-08-29 09:15:49,24700.0,500,Buy,235600410
2024-08-29 09:15:53,24700.0,25000,Buy,235600490
2024-08-29 09:15:53,24700.0,100,Buy,235600489
2024-08-29 09:15:53,24700.0,2000,Buy,235600488
2024-08-29 09:15:53,24700.0,300,Buy,235600487
2024-08-29 09:15:53,24700.0,200,Buy,235600486
2024-08-29 09:15:53,24700.0,200,Buy,235600485
2024-08-29 09:15:53,24700.0,200,Buy,235600484
2024-08-29 09:15:53,24700.0,100,Buy,235600483
2024-08-29 09:15:53,24700.0,1000,Buy,235600481
2024-08-29 09:15:53,24700.0,1000,Buy,235600480
2024-08-29 09:15:53,24700.0,1000,Buy,235600479
2024-08-29 09:15:53,24700.0,300,Buy,235600478
2024-08-29 09:15:53,24700.0,1800,Buy,235600477
2024-08-29 09:15:53,24700.0,200,Buy,235600476
2024-08-29 09:15:53,24700.0,500,Buy,235600475
2024-08-29 09:15:53,24700.0,400,Buy,235600474
2024-08-29 09:15:53,24700.0,1000,Buy,235600482
2024-08-29 09:15:57,24700.0,100,Sell,235600561
2024-08-29 09:16:00,24700.0,200,Sell,235600591
2024-08-29 09:16:05,24700.0,1400,Sell,235600676
2024-08-29 09:16:05,24700.0,5000,Sell,235600677
2024-08-29 09:16:05,24700.0,2000,Sell,235600678
2024-08-29 09:16:05,24700.0,1600,Buy,235600680
2024-08-29 09:16:09,24700.0,2000,Sell,235600758
2024-08-29 09:16:16,24700.0,1000,Sell,235600843
2024-08-29 09:16:23,24750.0,500,Buy,235600991
2024-08-29 09:16:23,24750.0,900,Buy,235600993
2024-08-29 09:16:23,24750.0,100,Buy,235600990
2024-08-29 09:16:23,24750.0,100,Buy,235600992
2024-08-29 09:16:39,24700.0,400,Sell,235601266
2024-08-29 09:16:39,24700.0,2600,Sell,235601267
2024-08-29 09:16:39,24700.0,2400,Sell,235601268
2024-08-29 09:16:39,24700.0,400,Sell,235601269
2024-08-29 09:16:39,24700.0,100,Sell,235601270
2024-08-29 09:16:39,24700.0,3000,Sell,235601271
2024-08-29 09:16:40,24750.0,300,Buy,235601295
2024-08-29 09:16:40,24750.0,200,Buy,235601294
2024-08-29 09:16:40,24750.0,100,Buy,235601293
2024-08-29 09:16:40,24750.0,72000,Buy,235601296
2024-08-29 09:16:40,24750.0,100,Buy,235601291
2024-08-29 09:16:40,24750.0,5000,Buy,235601290
2024-08-29 09:16:40,24750.0,200,Buy,235601292
2024-08-29 09:16:40,24750.0,1100,Buy,235601289
2024-08-29 09:16:47,24750.0,500,Buy,235601433
2024-08-29 09:16:49,24750.0,2000,Buy,235601467
2024-08-29 09:16:57,24750.0,100,Buy,235601570
2024-08-29 09:16:59,24750.0,100,Buy,235601603
2024-08-29 09:17:04,24750.0,100,Buy,235601662
2024-08-29 09:17:06,24700.0,1000,Sell,235601700
2024-08-29 09:17:06,24700.0,4300,Sell,235601709
2024-08-29 09:17:06,24700.0,300,Sell,235601702
2024-08-29 09:17:06,24700.0,1700,Sell,235601703
2024-08-29 09:17:06,24700.0,5000,Sell,235601704
2024-08-29 09:17:06,24700.0,3100,Sell,235601705
2024-08-29 09:17:06,24700.0,1600,Sell,235601706
2024-08-29 09:17:06,24700.0,1000,Sell,235601707
2024-08-29 09:17:06,24700.0,1000,Sell,235601708
2024-08-29 09:17:06,24700.0,2000,Sell,235601701
2024-08-29 09:17:07,24750.0,22000,Buy,235601720
2024-08-29 09:17:11,24750.0,1600,Buy,235601834
2024-08-29 09:17:12,24750.0,700,Buy,235601858
2024-08-29 09:17:12,24750.0,1600,Buy,235601855
2024-08-29 09:17:12,24750.0,5000,Buy,235601856
2024-08-29 09:17:12,24750.0,700,Buy,235601857
2024-08-29 09:17:16,24750.0,1000,Buy,235601899
2024-08-29 09:17:17,24750.0,43000,Sell,235601935
2024-08-29 09:17:17,24750.0,300,Buy,235601934
2024-08-29 09:17:17,24750.0,500,Buy,235601933
2024-08-29 09:17:17,24750.0,5000,Buy,235601932
2024-08-29 09:17:17,24750.0,1600,Buy,235601931
2024-08-29 09:17:17,24750.0,100,Buy,235601930
2024-08-29 09:17:17,24750.0,5000,Buy,235601929
2024-08-29 09:17:17,24750.0,300,Buy,235601928
2024-08-29 09:17:17,24750.0,200,Buy,235601927
2024-08-29 09:17:17,24750.0,200,Buy,235601926
2024-08-29 09:17:17,24750.0,400,Buy,235601925
2024-08-29 09:17:17,24750.0,3000,Buy,235601924
2024-08-29 09:17:17,24750.0,2000,Buy,235601923
2024-08-29 09:17:17,24750.0,1000,Buy,235601917
2024-08-29 09:17:17,24750.0,7000,Buy,235601916
2024-08-29 09:17:17,24750.0,5000,Buy,235601915
2024-08-29 09:17:17,24750.0,100,Buy,235601914
2024-08-29 09:17:17,24750.0,1000,Buy,235601913
2024-08-29 09:17:17,24750.0,1000,Buy,235601912
2024-08-29 09:17:17,24750.0,1000,Buy,235601911
2024-08-29 09:17:17,24750.0,500,Buy,235601910
2024-08-29 09:17:17,24750.0,10000,Buy,235601909
2024-08-29 09:17:17,24750.0,400,Buy,235601908
2024-08-29 09:17:17,24750.0,1300,Buy,235601907
2024-08-29 09:17:17,24750.0,10000,Buy,235601919
2024-08-29 09:17:17,24750.0,100,Buy,235601918
2024-08-29 09:17:18,24750.0,1700,Buy,235601958
2024-08-29 09:17:18,24750.0,20000,Buy,235601955
2024-08-29 09:17:21,24750.0,10000,Buy,235602018
2024-08-29 09:17:22,24750.0,1000,Buy,235602023
2024-08-29 09:17:23,24750.0,1100,Buy,235602043
2024-08-29 09:17:23,24750.0,300,Buy,235602050
2024-08-29 09:17:25,24750.0,200,Buy,235602080
2024-08-29 09:17:25,24750.0,3100,Buy,235602083
2024-08-29 09:17:27,24750.0,1000,Buy,235602156
2024-08-29 09:17:28,24750.0,500,Buy,235602182
2024-08-29 09:17:33,24750.0,2000,Buy,235602316
2024-08-29 09:17:33,24750.0,5000,Buy,235602320
2024-08-29 09:17:38,24750.0,200,Buy,235602391
2024-08-29 09:17:43,24750.0,10900,Buy,235602463
2024-08-29 09:17:43,24750.0,200,Buy,235602464
2024-08-29 09:17:43,24750.0,500,Buy,235602465
2024-08-29 09:17:43,24750.0,400,Buy,235602466
2024-08-29 09:17:43,24750.0,10000,Buy,235602467
2024-08-29 09:17:43,24750.0,3500,Buy,235602468
2024-08-29 09:17:45,24750.0,100,Buy,235602507
2024-08-29 09:17:45,24750.0,1500,Buy,235602506
2024-08-29 09:17:47,24800.0,100,Buy,235602548
2024-08-29 09:17:47,24800.0,500,Buy,235602549
2024-08-29 09:17:47,24800.0,400,Buy,235602550
2024-08-29 09:17:50,24750.0,2100,Sell,235602613
2024-08-29 09:17:55,24750.0,500,Sell,235602696
2024-08-29 09:18:01,24750.0,25000,Sell,235602781
2024-08-29 09:18:06,24750.0,200,Sell,235602872
2024-08-29 09:18:08,24750.0,5000,Sell,235602907
2024-08-29 09:18:09,24750.0,200,Sell,235602926
2024-08-29 09:18:09,24750.0,100,Sell,235602934
2024-08-29 09:18:15,24750.0,4000,Sell,235603066
2024-08-29 09:18:16,24750.0,100,Sell,235603079
2024-08-29 09:18:35,24800.0,2000,Buy,235603460
2024-08-29 09:18:35,24800.0,200,Buy,235603459
2024-08-29 09:18:35,24800.0,2000,Buy,235603457
2024-08-29 09:18:35,24800.0,500,Buy,235603458
2024-08-29 09:18:35,24800.0,400,Buy,235603455
2024-08-29 09:18:35,24800.0,1000,Buy,235603454
2024-08-29 09:18:35,24800.0,100,Buy,235603453
2024-08-29 09:18:35,24800.0,1800,Buy,235603456
2024-08-29 09:18:40,24750.0,100,Sell,235603575
2024-08-29 09:18:44,24800.0,4000,Buy,235603640
2024-08-29 09:18:44,24800.0,5000,Buy,235603641
2024-08-29 09:18:44,24800.0,300,Buy,235603642
2024-08-29 09:18:44,24800.0,200,Buy,235603643
2024-08-29 09:18:44,24800.0,500,Buy,235603644
2024-08-29 09:18:47,24750.0,2000,Sell,235603697
2024-08-29 09:18:49,24800.0,500,Buy,235603731
2024-08-29 09:18:49,24800.0,500,Buy,235603729
2024-08-29 09:18:49,24800.0,1000,Buy,235603730
2024-08-29 09:18:52,24800.0,500,Buy,235603783
2024-08-29 09:18:52,24800.0,500,Buy,235603784
2024-08-29 09:18:55,24800.0,200,Buy,235603833
2024-08-29 09:18:56,24800.0,500,Buy,235603865
2024-08-29 09:19:02,24800.0,1000,Buy,235603994
2024-08-29 09:19:05,24750.0,200,Sell,235604063
2024-08-29 09:19:08,24800.0,1000,Buy,235604094
2024-08-29 09:19:08,24800.0,800,Buy,235604091
2024-08-29 09:19:08,24800.0,800,Buy,235604089
2024-08-29 09:19:08,24800.0,400,Buy,235604090
2024-08-29 09:19:08,24800.0,3000,Buy,235604088
2024-08-29 09:19:24,24800.0,500,Buy,235604508
2024-08-29 09:19:24,24800.0,2000,Buy,235604511
2024-08-29 09:19:33,24800.0,200,Buy,235604679
2024-08-29 09:19:37,24800.0,200,Buy,235604800
2024-08-29 09:19:37,24750.0,3000,Sell,235604813
2024-08-29 09:19:40,24800.0,300,Buy,235604850
2024-08-29 09:19:40,24800.0,500,Buy,235604851
2024-08-29 09:19:40,24800.0,200,Buy,235604852
2024-08-29 09:19:41,24800.0,300,Buy,235604878
2024-08-29 09:19:41,24800.0,11700,Buy,235604879
2024-08-29 09:19:42,24750.0,500,Sell,235604953
2024-08-29 09:19:42,24750.0,1000,Sell,235604954
2024-08-29 09:19:42,24750.0,700,Sell,235604952
2024-08-29 09:19:42,24750.0,3200,Sell,235604956
2024-08-29 09:19:42,24800.0,500,Buy,235604969
2024-08-29 09:19:42,24750.0,1000,Sell,235604955
2024-08-29 09:19:42,24750.0,1000,Sell,235604951
2024-08-29 09:19:42,24750.0,1900,Sell,235604943
2024-08-29 09:19:42,24750.0,400,Sell,235604949
2024-08-29 09:19:42,24750.0,800,Sell,235604948
2024-08-29 09:19:42,24750.0,100,Sell,235604947
2024-08-29 09:19:42,24750.0,1000,Sell,235604946
2024-08-29 09:19:42,24750.0,100,Sell,235604945
2024-08-29 09:19:42,24750.0,2500,Sell,235604944
2024-08-29 09:19:42,24750.0,4900,Sell,235604942
2024-08-29 09:19:42,24750.0,5900,Sell,235604950
2024-08-29 09:19:46,24800.0,1200,Buy,235605018
2024-08-29 09:19:51,24800.0,700,Buy,235605116
2024-08-29 09:19:57,24750.0,200,Sell,235605281
2024-08-29 09:20:06,24750.0,500,Sell,235605535
2024-08-29 09:20:06,24750.0,500,Sell,235605534
2024-08-29 09:20:06,24750.0,800,Sell,235605533
2024-08-29 09:20:06,24750.0,2000,Sell,235605532
2024-08-29 09:20:06,24750.0,200,Sell,235605531
2024-08-29 09:20:06,24750.0,100,Sell,235605527
2024-08-29 09:20:06,24750.0,2000,Sell,235605529
2024-08-29 09:20:06,24750.0,5000,Sell,235605528
2024-08-29 09:20:06,24750.0,2000,Sell,235605526
2024-08-29 09:20:06,24750.0,1000,Sell,235605525
2024-08-29 09:20:06,24750.0,12400,Sell,235605524
2024-08-29 09:20:06,24750.0,100,Sell,235605530
2024-08-29 09:20:09,24750.0,3000,Buy,235605607
2024-08-29 09:20:12,24750.0,100,Buy,235605644
2024-08-29 09:20:12,24750.0,300,Buy,235605657
2024-08-29 09:20:12,24750.0,200,Buy,235605658
2024-08-29 09:20:13,24750.0,15400,Buy,235605663
2024-08-29 09:20:13,24750.0,300,Buy,235605661
2024-08-29 09:20:13,24750.0,100,Buy,235605662
2024-08-29 09:20:16,24750.0,1000,Buy,235605732
2024-08-29 09:20:16,24750.0,100,Buy,235605744
2024-08-29 09:20:19,24750.0,4000,Buy,235605791
2024-08-29 09:20:22,24750.0,19800,Buy,235605886
2024-08-29 09:20:24,24750.0,500,Buy,235605933
2024-08-29 09:20:24,24750.0,100,Buy,235605935
2024-08-29 09:20:25,24700.0,500,Sell,235605959
2024-08-29 09:20:25,24700.0,500,Sell,235605960
2024-08-29 09:20:26,24750.0,2000,Buy,235605987
2024-08-29 09:20:28,24750.0,500,Buy,235606014
2024-08-29 09:20:32,24750.0,200,Buy,235606102
2024-08-29 09:20:33,24750.0,500,Buy,235606121
2024-08-29 09:20:35,24750.0,1000,Buy,235606148
2024-08-29 09:20:50,24750.0,1000,Buy,235606485
2024-08-29 09:20:51,24750.0,2000,Buy,235606504
2024-08-29 09:20:52,24750.0,1000,Buy,235606532
2024-08-29 09:20:53,24750.0,900,Buy,235606550
2024-08-29 09:20:53,24750.0,500,Buy,235606551
2024-08-29 09:20:53,24750.0,200,Buy,235606552
2024-08-29 09:20:54,24750.0,300,Buy,235606558
2024-08-29 09:20:54,24750.0,100,Buy,235606559
2024-08-29 09:20:54,24750.0,100,Buy,235606560
2024-08-29 09:20:56,24750.0,2000,Buy,235606608
2024-08-29 09:20:57,24750.0,900,Buy,235606651
2024-08-29 09:20:57,24750.0,500,Buy,235606652
2024-08-29 09:20:57,24750.0,2600,Buy,235606653
2024-08-29 09:20:59,24750.0,500,Buy,235606681
2024-08-29 09:20:59,24750.0,5000,Buy,235606682
2024-08-29 09:20:59,24750.0,100,Buy,235606680
2024-08-29 09:20:59,24750.0,1700,Buy,235606683
2024-08-29 09:20:59,24750.0,1000,Buy,235606678
2024-08-29 09:20:59,24750.0,17400,Buy,235606676
2024-08-29 09:20:59,24750.0,200,Buy,235606679
2024-08-29 09:20:59,24750.0,500,Buy,235606677
2024-08-29 09:21:00,24750.0,200,Buy,235606688
2024-08-29 09:21:00,24750.0,100,Buy,235606689
2024-08-29 09:21:00,24750.0,500,Buy,235606690
2024-08-29 09:21:00,24750.0,5000,Buy,235606691
2024-08-29 09:21:00,24750.0,500,Buy,235606692
2024-08-29 09:21:00,24750.0,100,Buy,235606693
2024-08-29 09:21:00,24750.0,1000,Buy,235606707
2024-08-29 09:21:00,24750.0,3800,Buy,235606694
2024-08-29 09:21:02,24750.0,5200,Buy,235606735
2024-08-29 09:21:02,24750.0,500,Buy,235606736
2024-08-29 09:21:07,24750.0,1000,Sell,235606832
2024-08-29 09:21:15,24750.0,200,Sell,235606999
2024-08-29 09:21:15,24750.0,3300,Sell,235606996
2024-08-29 09:21:15,24750.0,20000,Sell,235606997
2024-08-29 09:21:15,24750.0,500,Sell,235606998
2024-08-29 09:21:16,24750.0,300,Sell,235607019
2024-08-29 09:21:16,24750.0,2000,Sell,235607020
2024-08-29 09:21:17,24750.0,10000,Buy,235607038
2024-08-29 09:21:17,24750.0,100,Buy,235607040
2024-08-29 09:21:19,24750.0,1000,Buy,235607069
2024-08-29 09:21:23,24750.0,900,Buy,235607116
2024-08-29 09:21:25,24750.0,5700,Buy,235607150
2024-08-29 09:21:25,24750.0,100,Buy,235607151
2024-08-29 09:21:31,24750.0,1000,Buy,235607348
2024-08-29 09:21:31,24750.0,100,Buy,235607349
2024-08-29 09:21:34,24750.0,900,Buy,235607380
2024-08-29 09:21:36,24750.0,500,Buy,235607437
2024-08-29 09:21:40,24750.0,300,Buy,235607492
2024-08-29 09:21:41,24750.0,1000,Buy,235607525
2024-08-29 09:21:43,24750.0,100,Buy,235607588
2024-08-29 09:21:49,24750.0,2100,Buy,235607679
2024-08-29 09:21:50,24750.0,500,Buy,235607716
2024-08-29 09:21:51,24750.0,6500,Buy,235607742
2024-08-29 09:21:51,24750.0,100,Buy,235607740
2024-08-29 09:21:51,24750.0,5000,Buy,235607741
2024-08-29 09:21:51,24750.0,3400,Buy,235607739
2024-08-29 09:21:53,24750.0,1000,Buy,235607773
2024-08-29 09:21:55,24750.0,10000,Buy,235607819
2024-08-29 09:21:57,24700.0,300,Sell,235607857
2024-08-29 09:21:58,24750.0,100,Buy,235607876
2024-08-29 09:22:01,24750.0,2400,Buy,235607916
2024-08-29 09:22:01,24750.0,27600,Buy,235607917
2024-08-29 09:22:01,24750.0,2000,Buy,235607918
2024-08-29 09:22:04,24750.0,100,Buy,235608029
2024-08-29 09:22:04,24750.0,100,Buy,235608030
2024-08-29 09:22:04,24750.0,100,Buy,235608031
2024-08-29 09:22:04,24750.0,300,Buy,235608032
2024-08-29 09:22:05,24750.0,400,Buy,235608086
2024-08-29 09:22:05,24750.0,5000,Buy,235608085
2024-08-29 09:22:05,24750.0,100,Buy,235608083
2024-08-29 09:22:05,24750.0,1000,Buy,235608082
2024-08-29 09:22:05,24750.0,100,Buy,235608084
2024-08-29 09:22:07,24750.0,3400,Sell,235608110
2024-08-29 09:22:07,24750.0,2000,Sell,235608111
2024-08-29 09:22:07,24750.0,1000,Sell,235608112
2024-08-29 09:22:07,24750.0,3000,Sell,235608113
2024-08-29 09:22:07,24750.0,1100,Sell,235608114
2024-08-29 09:22:12,24750.0,500,Sell,235608248
2024-08-29 09:22:12,24750.0,900,Buy,235608257
2024-08-29 09:22:12,24750.0,300,Sell,235608249
2024-08-29 09:22:12,24750.0,4000,Sell,235608247
2024-08-29 09:22:12,24750.0,200,Sell,235608246
2024-08-29 09:22:12,24750.0,100,Sell,235608245
2024-08-29 09:22:12,24750.0,100,Sell,235608244
2024-08-29 09:22:12,24750.0,1000,Sell,235608243
2024-08-29 09:22:12,24750.0,2900,Sell,235608242
2024-08-29 09:22:13,24750.0,1000,Sell,235608263
2024-08-29 09:22:25,24800.0,3500,Buy,235608525
2024-08-29 09:22:28,24800.0,100,Buy,235608571
2024-08-29 09:22:33,24800.0,1000,Buy,235608752
2024-08-29 09:22:36,24800.0,5000,Buy,235608791
2024-08-29 09:22:38,24800.0,26200,Buy,235608826
2024-08-29 09:22:46,24800.0,300,Buy,235608966
2024-08-29 09:22:47,24800.0,100,Buy,235608978
2024-08-29 09:22:47,24800.0,5000,Buy,235608979
2024-08-29 09:22:53,24800.0,100,Buy,235609110
2024-08-29 09:22:55,24800.0,1000,Buy,235609243
2024-08-29 09:22:55,24800.0,700,Buy,235609234
2024-08-29 09:22:55,24800.0,500,Buy,235609241
2024-08-29 09:22:55,24800.0,100,Buy,235609240
2024-08-29 09:22:55,24800.0,1200,Buy,235609239
2024-08-29 09:22:55,24800.0,100,Buy,235609238
2024-08-29 09:22:55,24800.0,1000,Buy,235609237
2024-08-29 09:22:55,24800.0,100,Buy,235609236
2024-08-29 09:22:55,24800.0,500,Buy,235609235
2024-08-29 09:22:55,24800.0,100,Buy,235609244
2024-08-29 09:22:55,24800.0,500,Buy,235609242
2024-08-29 09:22:55,24800.0,300,Buy,235609262
2024-08-29 09:22:55,24800.0,5000,Buy,235609232
2024-08-29 09:22:55,24800.0,5000,Buy,235609231
2024-08-29 09:22:55,24800.0,100,Buy,235609230
2024-08-29 09:22:55,24800.0,400,Buy,235609229
2024-08-29 09:22:55,24800.0,100,Buy,235609228
2024-08-29 09:22:55,24800.0,100,Buy,235609227
2024-08-29 09:22:55,24800.0,200,Buy,235609226
2024-08-29 09:22:55,24800.0,1000,Buy,235609225
2024-08-29 09:22:55,24800.0,400,Buy,235609224
2024-08-29 09:22:55,24800.0,300,Buy,235609223
2024-08-29 09:22:55,24800.0,500,Buy,235609222
2024-08-29 09:22:55,24800.0,3000,Buy,235609245
2024-08-29 09:22:55,24800.0,100,Buy,235609233
2024-08-29 09:22:55,24800.0,100,Buy,235609246
2024-08-29 09:22:55,24800.0,2000,Buy,235609269
2024-08-29 09:22:55,24800.0,100,Buy,235609248
2024-08-29 09:22:55,24800.0,18600,Buy,235609274
2024-08-29 09:22:55,24800.0,500,Buy,235609273
2024-08-29 09:22:55,24800.0,800,Buy,235609272
2024-08-29 09:22:55,24800.0,39000,Buy,235609271
2024-08-29 09:22:55,24800.0,15000,Buy,235609270
2024-08-29 09:22:55,24800.0,100,Buy,235609221
2024-08-29 09:22:55,24800.0,600,Buy,235609268
2024-08-29 09:22:55,24800.0,6000,Buy,235609267
2024-08-29 09:22:55,24800.0,20000,Buy,235609266
2024-08-29 09:22:55,24800.0,1000,Buy,235609265
2024-08-29 09:22:55,24800.0,5000,Buy,235609264
2024-08-29 09:22:55,24800.0,500,Buy,235609247
2024-08-29 09:22:55,24800.0,500,Buy,235609263
2024-08-29 09:22:55,24800.0,1000,Buy,235609260
2024-08-29 09:22:55,24800.0,5000,Buy,235609259
2024-08-29 09:22:55,24800.0,2000,Buy,235609257
2024-08-29 09:22:55,24800.0,100,Buy,235609256
2024-08-29 09:22:55,24800.0,500,Buy,235609255
2024-08-29 09:22:55,24800.0,1000,Buy,235609254
2024-08-29 09:22:55,24800.0,100,Buy,235609253
2024-08-29 09:22:55,24800.0,200,Buy,235609252
2024-08-29 09:22:55,24800.0,300,Buy,235609251
2024-08-29 09:22:55,24800.0,200,Buy,235609250
2024-08-29 09:22:55,24800.0,1000,Buy,235609249
2024-08-29 09:22:55,24800.0,20000,Buy,235609261
2024-08-29 09:22:55,24800.0,100,Buy,235609220
2024-08-29 09:22:55,24800.0,200,Buy,235609258
2024-08-29 09:22:55,24800.0,500,Buy,235609218
2024-08-29 09:22:55,24800.0,200,Buy,235609188
2024-08-29 09:22:55,24800.0,100,Buy,235609187
2024-08-29 09:22:55,24800.0,200,Buy,235609186
2024-08-29 09:22:55,24800.0,200,Buy,235609185
2024-08-29 09:22:55,24800.0,100,Buy,235609184
2024-08-29 09:22:55,24800.0,1000,Buy,235609183
2024-08-29 09:22:55,24800.0,500,Buy,235609182
2024-08-29 09:22:55,24800.0,400,Buy,235609181
2024-08-29 09:22:55,24800.0,4600,Buy,235609164
2024-08-29 09:22:55,24800.0,200,Buy,235609180
2024-08-29 09:22:55,24800.0,500,Buy,235609179
2024-08-29 09:22:55,24800.0,200,Buy,235609189
2024-08-29 09:22:55,24800.0,1000,Buy,235609178
2024-08-29 09:22:55,24800.0,100,Buy,235609175
2024-08-29 09:22:55,24800.0,100,Buy,235609174
2024-08-29 09:22:55,24800.0,800,Buy,235609173
2024-08-29 09:22:55,24800.0,500,Buy,235609172
2024-08-29 09:22:55,24800.0,100,Buy,235609171
2024-08-29 09:22:55,24800.0,300,Buy,235609170
2024-08-29 09:22:55,24800.0,200,Buy,235609169
2024-08-29 09:22:55,24800.0,300,Buy,235609168
2024-08-29 09:22:55,24800.0,500,Buy,235609167
2024-08-29 09:22:55,24800.0,500,Buy,235609166
2024-08-29 09:22:55,24800.0,100,Buy,235609165
2024-08-29 09:22:55,24800.0,800,Buy,235609177
2024-08-29 09:22:55,24800.0,100,Buy,235609190
2024-08-29 09:22:55,24800.0,100,Buy,235609176
2024-08-29 09:22:55,24800.0,100,Buy,235609192
2024-08-29 09:22:55,24800.0,1700,Buy,235609191
2024-08-29 09:22:55,24800.0,5000,Buy,235609217
2024-08-29 09:22:55,24800.0,100,Buy,235609216
2024-08-29 09:22:55,24800.0,1000,Buy,235609215
2024-08-29 09:22:55,24800.0,5000,Buy,235609214
2024-08-29 09:22:55,24800.0,1400,Buy,235609213
2024-08-29 09:22:55,24800.0,200,Buy,235609212
2024-08-29 09:22:55,24800.0,200,Buy,235609211
2024-08-29 09:22:55,24800.0,100,Buy,235609210
2024-08-29 09:22:55,24800.0,100,Buy,235609209
2024-08-29 09:22:55,24800.0,400,Buy,235609208
2024-08-29 09:22:55,24800.0,500,Buy,235609207
2024-08-29 09:22:55,24800.0,200,Buy,235609219
2024-08-29 09:22:55,24800.0,100,Buy,235609194
2024-08-29 09:22:55,24800.0,1000,Buy,235609204
2024-08-29 09:22:55,24800.0,200,Buy,235609203
2024-08-29 09:22:55,24800.0,100,Buy,235609202
2024-08-29 09:22:55,24800.0,500,Buy,235609201
2024-08-29 09:22:55,24800.0,100,Buy,235609200
2024-08-29 09:22:55,24800.0,500,Buy,235609199
2024-08-29 09:22:55,24800.0,100,Buy,235609198
2024-08-29 09:22:55,24800.0,200,Buy,235609197
2024-08-29 09:22:55,24800.0,1000,Buy,235609196
2024-08-29 09:22:55,24800.0,100,Buy,235609195
2024-08-29 09:22:55,24800.0,100,Buy,235609206
2024-08-29 09:22:55,24800.0,5000,Buy,235609193
2024-08-29 09:22:58,24800.0,100,Buy,235609362
2024-08-29 09:22:59,24800.0,15000,Buy,235609417
2024-08-29 09:22:59,24800.0,30300,Buy,235609415
2024-08-29 09:22:59,24800.0,1000,Buy,235609370
2024-08-29 09:22:59,24800.0,1000,Buy,235609416
2024-08-29 09:23:00,24800.0,1000,Sell,235609464
2024-08-29 09:23:06,24800.0,900,Sell,235609580
2024-08-29 09:23:07,24800.0,500,Sell,235609601
2024-08-29 09:23:09,24850.0,1500,Buy,235609657
2024-08-29 09:23:09,24850.0,200,Buy,235609656
2024-08-29 09:23:09,24850.0,500,Buy,235609655
2024-08-29 09:23:09,24850.0,400,Buy,235609652
2024-08-29 09:23:09,24850.0,200,Buy,235609653
2024-08-29 09:23:09,24850.0,100,Buy,235609651
2024-08-29 09:23:09,24850.0,100,Buy,235609654
2024-08-29 09:23:11,24850.0,1000,Buy,235609704
2024-08-29 09:23:11,24850.0,100,Buy,235609705
2024-08-29 09:23:11,24850.0,3900,Buy,235609706
2024-08-29 09:23:12,24800.0,1000,Sell,235609718
2024-08-29 09:23:13,24850.0,800,Buy,235609733
2024-08-29 09:23:13,24850.0,200,Buy,235609732
2024-08-29 09:23:13,24850.0,500,Buy,235609731
2024-08-29 09:23:13,24850.0,1100,Buy,235609728
2024-08-29 09:23:13,24850.0,500,Buy,235609730
2024-08-29 09:23:14,24800.0,200,Sell,235609766
2024-08-29 09:23:14,24850.0,85500,Buy,235609749
2024-08-29 09:23:14,24850.0,500,Buy,235609748
2024-08-29 09:23:14,24850.0,100,Buy,235609747
2024-08-29 09:23:14,24850.0,5000,Buy,235609746
2024-08-29 09:23:14,24850.0,100,Buy,235609745
2024-08-29 09:23:14,24850.0,500,Buy,235609744
2024-08-29 09:23:14,24850.0,10000,Buy,235609742
2024-08-29 09:23:14,24850.0,1200,Buy,235609736
2024-08-29 09:23:14,24850.0,100,Buy,235609737
2024-08-29 09:23:14,24850.0,100,Buy,235609738
2024-08-29 09:23:14,24850.0,400,Buy,235609743
2024-08-29 09:23:14,24850.0,300,Buy,235609740
2024-08-29 09:23:14,24850.0,100,Buy,235609741
2024-08-29 09:23:14,24850.0,100,Buy,235609739
2024-08-29 09:23:15,24800.0,4000,Sell,235609777
2024-08-29 09:23:15,24850.0,1000,Buy,235609815
2024-08-29 09:23:16,24850.0,400,Buy,235609819
2024-08-29 09:23:17,24800.0,100,Sell,235609853
2024-08-29 09:23:17,24850.0,500,Buy,235609854
2024-08-29 09:23:18,24850.0,2000,Buy,235609883
2024-08-29 09:23:19,24850.0,1000,Buy,235609923
2024-08-29 09:23:20,24850.0,2000,Buy,235609930
2024-08-29 09:23:20,24850.0,900,Buy,235609933
2024-08-29 09:23:20,24850.0,1000,Buy,235609926
2024-08-29 09:23:21,24850.0,300,Buy,235609965
2024-08-29 09:23:21,24850.0,500,Buy,235609966
2024-08-29 09:23:21,24850.0,500,Buy,235609967
2024-08-29 09:23:21,24850.0,100,Buy,235609968
2024-08-29 09:23:21,24850.0,300,Buy,235609974
2024-08-29 09:23:21,24850.0,200,Buy,235609970
2024-08-29 09:23:21,24850.0,1000,Buy,235609971
2024-08-29 09:23:21,24850.0,1200,Buy,235609972
2024-08-29 09:23:21,24850.0,100,Buy,235609973
2024-08-29 09:23:21,24850.0,100,Buy,235609964
2024-08-29 09:23:21,24850.0,500,Buy,235609969
2024-08-29 09:23:21,24850.0,100,Buy,235609963
2024-08-29 09:23:21,24850.0,1500,Buy,235609944
2024-08-29 09:23:21,24850.0,200,Buy,235609961
2024-08-29 09:23:21,24850.0,100,Buy,235609960
2024-08-29 09:23:21,24850.0,300,Buy,235609959
2024-08-29 09:23:21,24850.0,3100,Buy,235609958
2024-08-29 09:23:21,24850.0,400,Buy,235609943
2024-08-29 09:23:21,24850.0,100,Buy,235609942
2024-08-29 09:23:21,24850.0,4000,Buy,235609975
2024-08-29 09:23:21,24850.0,2500,Buy,235609940
2024-08-29 09:23:21,24850.0,300,Buy,235609939
2024-08-29 09:23:21,24850.0,500,Buy,235609938
2024-08-29 09:23:21,24850.0,5700,Buy,235609937
2024-08-29 09:23:21,24850.0,1400,Buy,235609962
2024-08-29 09:23:21,24850.0,500,Buy,235609941
2024-08-29 09:23:22,24850.0,1000,Buy,235609987
2024-08-29 09:23:23,24850.0,400,Buy,235610009
2024-08-29 09:23:23,24850.0,100,Buy,235610017
2024-08-29 09:23:23,24850.0,100,Buy,235610018
2024-08-29 09:23:23,24850.0,500,Buy,235610019
2024-08-29 09:23:23,24850.0,1000,Buy,235610020
2024-08-29 09:23:23,24850.0,3300,Buy,235610021
2024-08-29 09:23:23,24850.0,1000,Buy,235610008
2024-08-29 09:23:24,24850.0,2500,Buy,235610030
2024-08-29 09:23:24,24850.0,100,Buy,235610040
2024-08-29 09:23:25,24850.0,2200,Buy,235610067
2024-08-29 09:23:25,24850.0,3000,Buy,235610066
2024-08-29 09:23:25,24850.0,500,Buy,235610065
2024-08-29 09:23:25,24850.0,4300,Buy,235610064
2024-08-29 09:23:25,24850.0,700,Buy,235610062
2024-08-29 09:23:25,24850.0,300,Buy,235610061
2024-08-29 09:23:25,24850.0,1000,Buy,235610060
2024-08-29 09:23:25,24850.0,4000,Buy,235610059
2024-08-29 09:23:25,24850.0,100,Buy,235610056
2024-08-29 09:23:27,24850.0,500,Buy,235610097
2024-08-29 09:23:27,24850.0,12300,Buy,235610098
2024-08-29 09:23:27,24850.0,500,Buy,235610099
2024-08-29 09:23:29,24900.0,17900,Buy,235610143
2024-08-29 09:23:29,24900.0,2000,Buy,235610142
2024-08-29 09:23:29,24900.0,100,Buy,235610141
2024-08-29 09:23:29,24900.0,500,Buy,235610140
2024-08-29 09:23:29,24900.0,1000,Buy,235610139
2024-08-29 09:23:29,24850.0,1000,Sell,235610124
2024-08-29 09:23:29,24900.0,600,Buy,235610137
2024-08-29 09:23:29,24900.0,900,Buy,235610136
2024-08-29 09:23:29,24900.0,1100,Buy,235610135
2024-08-29 09:23:29,24900.0,100,Buy,235610134
2024-08-29 09:23:29,24900.0,100,Buy,235610138
2024-08-29 09:23:31,24850.0,100,Sell,235610188
2024-08-29 09:23:38,24900.0,2100,Buy,235610340
2024-08-29 09:23:38,24900.0,400,Buy,235610341
2024-08-29 09:23:38,24900.0,2500,Buy,235610342
2024-08-29 09:23:44,24900.0,400,Buy,235610474
2024-08-29 09:23:45,24900.0,100,Buy,235610522
2024-08-29 09:23:45,24900.0,100,Buy,235610519
2024-08-29 09:23:45,24900.0,1000,Buy,235610520
2024-08-29 09:23:45,24900.0,200,Buy,235610521
2024-08-29 09:23:45,24900.0,100,Buy,235610523
2024-08-29 09:23:45,24900.0,400,Buy,235610518
2024-08-29 09:23:45,24900.0,1000,Buy,235610525
2024-08-29 09:23:45,24900.0,10000,Buy,235610526
2024-08-29 09:23:45,24900.0,100,Buy,235610527
2024-08-29 09:23:45,24900.0,500,Buy,235610528
2024-08-29 09:23:45,24900.0,800,Buy,235610529
2024-08-29 09:23:45,24900.0,400,Buy,235610524
2024-08-29 09:23:45,24900.0,1000,Buy,235610517
2024-08-29 09:23:45,24900.0,100,Buy,235610515
2024-08-29 09:23:45,24900.0,100,Buy,235610502
2024-08-29 09:23:45,24900.0,5000,Buy,235610503
2024-08-29 09:23:45,24900.0,300,Buy,235610504
2024-08-29 09:23:45,24900.0,1000,Buy,235610505
2024-08-29 09:23:45,24900.0,400,Buy,235610506
2024-08-29 09:23:45,24900.0,100,Buy,235610507
2024-08-29 09:23:45,24900.0,200,Buy,235610508
2024-08-29 09:23:45,24900.0,5000,Buy,235610516
2024-08-29 09:23:45,24900.0,200,Buy,235610510
2024-08-29 09:23:45,24900.0,100,Buy,235610511
2024-08-29 09:23:45,24900.0,200,Buy,235610512
2024-08-29 09:23:45,24900.0,500,Buy,235610513
2024-08-29 09:23:45,24900.0,100,Buy,235610514
2024-08-29 09:23:45,24900.0,1000,Buy,235610509
2024-08-29 09:23:48,24900.0,700,Buy,235610616
2024-08-29 09:23:48,24900.0,300,Buy,235610617
2024-08-29 09:23:49,24850.0,100,Sell,235610629
2024-08-29 09:23:50,24900.0,400,Buy,235610681
2024-08-29 09:23:50,24900.0,4500,Buy,235610646
2024-08-29 09:23:50,24900.0,2500,Buy,235610676
2024-08-29 09:23:50,24900.0,200,Buy,235610644
2024-08-29 09:23:50,24900.0,100,Buy,235610642
2024-08-29 09:23:50,24900.0,100,Buy,235610645
2024-08-29 09:23:50,24900.0,100,Buy,235610643
2024-08-29 09:23:52,24900.0,600,Buy,235610725
2024-08-29 09:23:52,24900.0,2000,Buy,235610726
2024-08-29 09:23:52,24900.0,500,Buy,235610727
2024-08-29 09:23:52,24900.0,1000,Buy,235610728
2024-08-29 09:23:52,24900.0,4500,Buy,235610729
2024-08-29 09:23:53,24900.0,6000,Buy,235610749
2024-08-29 09:23:54,24900.0,5400,Buy,235610785
2024-08-29 09:23:54,24900.0,1500,Buy,235610771
2024-08-29 09:23:54,24900.0,500,Buy,235610772
2024-08-29 09:23:54,24900.0,4500,Buy,235610783
2024-08-29 09:23:54,24900.0,100,Buy,235610784
2024-08-29 09:23:57,24900.0,100,Buy,235610818
2024-08-29 09:23:58,24900.0,2000,Buy,235610847
2024-08-29 09:24:00,24900.0,500,Buy,235610902
2024-08-29 09:24:00,24900.0,4300,Buy,235610927
2024-08-29 09:24:00,24900.0,5000,Buy,235610926
2024-08-29 09:24:00,24900.0,600,Buy,235610924
2024-08-29 09:24:00,24900.0,600,Buy,235610916
2024-08-29 09:24:00,24900.0,1000,Buy,235610915
2024-08-29 09:24:00,24900.0,3000,Buy,235610914
2024-08-29 09:24:00,24900.0,200,Buy,235610913
2024-08-29 09:24:00,24900.0,500,Buy,235610912
2024-08-29 09:24:00,24900.0,100,Buy,235610925
2024-08-29 09:24:00,24900.0,1000,Buy,235610910
2024-08-29 09:24:00,24900.0,1000,Buy,235610909
2024-08-29 09:24:00,24900.0,2000,Buy,235610908
2024-08-29 09:24:00,24900.0,100,Buy,235610907
2024-08-29 09:24:00,24900.0,1000,Buy,235610906
2024-08-29 09:24:00,24900.0,1100,Buy,235610905
2024-08-29 09:24:00,24900.0,100,Buy,235610904
2024-08-29 09:24:00,24900.0,100,Buy,235610903
2024-08-29 09:24:00,24900.0,800,Buy,235610911
2024-08-29 09:24:01,24900.0,500,Buy,235610948
2024-08-29 09:24:01,24900.0,500,Buy,235610947
2024-08-29 09:24:01,24900.0,300,Buy,235610946
2024-08-29 09:24:01,24900.0,1000,Buy,235610944
2024-08-29 09:24:01,24900.0,500,Buy,235610943
2024-08-29 09:24:01,24900.0,700,Buy,235610942
2024-08-29 09:24:01,24900.0,500,Buy,235610945
2024-08-29 09:24:02,24900.0,3000,Buy,235610972
2024-08-29 09:24:02,24900.0,900,Buy,235610971
2024-08-29 09:24:02,24900.0,1900,Buy,235610970
2024-08-29 09:24:02,24900.0,1900,Buy,235610969
2024-08-29 09:24:02,24900.0,2400,Buy,235610968
2024-08-29 09:24:02,24900.0,900,Buy,235610967
2024-08-29 09:24:02,24900.0,300,Buy,235610965
2024-08-29 09:24:02,24900.0,900,Buy,235610964
2024-08-29 09:24:02,24900.0,900,Buy,235610963
2024-08-29 09:24:02,24900.0,1700,Buy,235610962
2024-08-29 09:24:02,24900.0,200,Buy,235610961
2024-08-29 09:24:02,24900.0,200,Buy,235610960
2024-08-29 09:24:02,24900.0,4800,Buy,235610966
2024-08-29 09:24:05,24900.0,1300,Buy,235611107
2024-08-29 09:24:05,24900.0,100,Buy,235611086
2024-08-29 09:24:05,24900.0,300,Buy,235611085
2024-08-29 09:24:05,24900.0,700,Buy,235611108
2024-08-29 09:24:05,24900.0,1400,Buy,235611082
2024-08-29 09:24:05,24900.0,1400,Buy,235611081
2024-08-29 09:24:05,24900.0,6600,Buy,235611080
2024-08-29 09:24:05,24900.0,600,Buy,235611083
2024-08-29 09:24:06,24900.0,200,Buy,235611112
2024-08-29 09:24:06,24900.0,500,Buy,235611115
2024-08-29 09:24:06,24900.0,100,Buy,235611116
2024-08-29 09:24:06,24900.0,500,Buy,235611117
2024-08-29 09:24:07,24900.0,1800,Buy,235611119
2024-08-29 09:24:07,24900.0,1200,Buy,235611120
2024-08-29 09:24:07,24900.0,300,Buy,235611121
2024-08-29 09:24:07,24900.0,500,Buy,235611131
2024-08-29 09:24:08,24900.0,1000,Buy,235611161
2024-08-29 09:24:08,24900.0,400,Buy,235611166
2024-08-29 09:24:08,24900.0,400,Buy,235611165
2024-08-29 09:24:08,24900.0,900,Buy,235611160
2024-08-29 09:24:08,24900.0,2200,Buy,235611167
2024-08-29 09:24:08,24900.0,900,Buy,235611158
2024-08-29 09:24:08,24900.0,800,Buy,235611151
2024-08-29 09:24:08,24900.0,900,Buy,235611152
2024-08-29 09:24:08,24900.0,900,Buy,235611159
2024-08-29 09:24:08,24900.0,6300,Buy,235611157
2024-08-29 09:24:08,24900.0,3300,Buy,235611153
2024-08-29 09:24:09,24900.0,200,Buy,235611202
2024-08-29 09:24:09,24900.0,500,Buy,235611201
2024-08-29 09:24:09,24900.0,600,Buy,235611200
2024-08-29 09:24:09,24900.0,100,Buy,235611187
2024-08-29 09:24:09,24900.0,500,Buy,235611198
2024-08-29 09:24:09,24900.0,3000,Buy,235611197
2024-08-29 09:24:09,24900.0,7700,Buy,235611196
2024-08-29 09:24:09,24900.0,2300,Buy,235611195
2024-08-29 09:24:09,24900.0,500,Buy,235611190
2024-08-29 09:24:09,24900.0,5000,Buy,235611189
2024-08-29 09:24:09,24900.0,10500,Buy,235611188
2024-08-29 09:24:09,24900.0,1000,Buy,235611199
2024-08-29 09:24:09,24900.0,100,Buy,235611185
2024-08-29 09:24:09,24900.0,500,Buy,235611184
2024-08-29 09:24:09,24900.0,1600,Buy,235611173
2024-08-29 09:24:09,24900.0,2800,Buy,235611174
2024-08-29 09:24:09,24900.0,3800,Buy,235611175
2024-08-29 09:24:09,24900.0,2000,Buy,235611186
2024-08-29 09:24:09,24900.0,1400,Buy,235611177
2024-08-29 09:24:09,24900.0,2800,Buy,235611176
2024-08-29 09:24:09,24900.0,2200,Buy,235611179
2024-08-29 09:24:09,24900.0,400,Buy,235611180
2024-08-29 09:24:09,24900.0,900,Buy,235611181
2024-08-29 09:24:09,24900.0,100,Buy,235611182
2024-08-29 09:24:09,24900.0,300,Buy,235611183
2024-08-29 09:24:09,24900.0,900,Buy,235611178
2024-08-29 09:24:12,24900.0,300,Sell,235611370
2024-08-29 09:24:13,24900.0,500,Sell,235611383
2024-08-29 09:24:14,24900.0,15000,Sell,235611409
2024-08-29 09:24:15,24950.0,900,Buy,235611474
2024-08-29 09:24:15,24950.0,300,Buy,235611475
2024-08-29 09:24:15,24950.0,200,Buy,235611473
2024-08-29 09:24:15,24950.0,100,Buy,235611472
2024-08-29 09:24:15,24950.0,100,Buy,235611468
2024-08-29 09:24:15,24950.0,1700,Buy,235611470
2024-08-29 09:24:15,24950.0,500,Buy,235611469
2024-08-29 09:24:15,24950.0,100,Buy,235611467
2024-08-29 09:24:15,24950.0,100,Buy,235611471
2024-08-29 09:24:16,24950.0,300,Buy,235611481
2024-08-29 09:24:16,24950.0,200,Buy,235611488
2024-08-29 09:24:17,24950.0,20400,Buy,235611508
2024-08-29 09:24:17,24950.0,1000,Buy,235611507
2024-08-29 09:24:17,24950.0,100,Buy,235611506
2024-08-29 09:24:17,24950.0,100,Buy,235611505
2024-08-29 09:24:17,24950.0,1000,Buy,235611503
2024-08-29 09:24:17,24950.0,300,Buy,235611504
2024-08-29 09:24:17,24950.0,5000,Buy,235611501
2024-08-29 09:24:17,24950.0,5000,Buy,235611500
2024-08-29 09:24:17,24950.0,1000,Buy,235611499
2024-08-29 09:24:17,24950.0,5000,Buy,235611498
2024-08-29 09:24:17,24950.0,11000,Buy,235611497
2024-08-29 09:24:17,24900.0,200,Sell,235611491
2024-08-29 09:24:17,24950.0,100,Buy,235611502
2024-08-29 09:24:20,24950.0,3000,Buy,235611596
2024-08-29 09:24:20,24950.0,14200,Buy,235611621
2024-08-29 09:24:20,24950.0,15800,Buy,235611622
2024-08-29 09:24:21,24950.0,10000,Buy,235611625
2024-08-29 09:24:22,24950.0,100,Buy,235611650
2024-08-29 09:24:23,24950.0,1000,Buy,235611670
2024-08-29 09:24:23,24950.0,3500,Buy,235611672
2024-08-29 09:24:23,24950.0,200,Buy,235611671
2024-08-29 09:24:23,24950.0,200,Buy,235611669
2024-08-29 09:24:23,24950.0,4800,Buy,235611667
2024-08-29 09:24:23,24900.0,1000,Sell,235611666
2024-08-29 09:24:23,24950.0,200,Buy,235611662
2024-08-29 09:24:23,24950.0,6800,Buy,235611661
2024-08-29 09:24:23,24950.0,300,Buy,235611668
2024-08-29 09:24:24,24950.0,400,Buy,235611691
2024-08-29 09:24:24,24950.0,1000,Buy,235611677
2024-08-29 09:24:24,24950.0,5000,Buy,235611678
2024-08-29 09:24:24,24950.0,500,Buy,235611688
2024-08-29 09:24:24,24950.0,100,Buy,235611689
2024-08-29 09:24:24,24950.0,1000,Buy,235611690
2024-08-29 09:24:25,24950.0,300,Buy,235611733
2024-08-29 09:24:25,24950.0,100,Buy,235611732
2024-08-29 09:24:25,24950.0,900,Buy,235611722
2024-08-29 09:24:25,24950.0,100,Buy,235611724
2024-08-29 09:24:25,24950.0,1000,Buy,235611723
2024-08-29 09:24:25,24950.0,500,Buy,235611731
2024-08-29 09:24:25,24950.0,5000,Buy,235611734
2024-08-29 09:24:25,24950.0,2000,Buy,235611739
2024-08-29 09:24:25,24950.0,200,Buy,235611737
2024-08-29 09:24:25,24950.0,500,Buy,235611738
2024-08-29 09:24:25,24950.0,100,Buy,235611740
2024-08-29 09:24:25,24950.0,100,Buy,235611741
2024-08-29 09:24:25,24950.0,600,Buy,235611742
2024-08-29 09:24:25,24950.0,500,Buy,235611735
2024-08-29 09:24:25,24950.0,100,Buy,235611721
2024-08-29 09:24:25,24950.0,100,Buy,235611736
2024-08-29 09:24:25,24950.0,300,Buy,235611714
2024-08-29 09:24:25,24950.0,100,Buy,235611715
2024-08-29 09:24:25,24950.0,600,Buy,235611696
2024-08-29 09:24:25,24950.0,100,Buy,235611697
2024-08-29 09:24:25,24950.0,100,Buy,235611698
2024-08-29 09:24:25,24950.0,400,Buy,235611699
2024-08-29 09:24:25,24950.0,1000,Buy,235611701
2024-08-29 09:24:25,24950.0,500,Buy,235611702
2024-08-29 09:24:25,24950.0,100,Buy,235611700
2024-08-29 09:24:25,24950.0,500,Buy,235611704
2024-08-29 09:24:25,24950.0,500,Buy,235611705
2024-08-29 09:24:25,24950.0,200,Buy,235611706
2024-08-29 09:24:25,24950.0,4800,Buy,235611707
2024-08-29 09:24:25,24950.0,5000,Buy,235611708
2024-08-29 09:24:25,24950.0,1200,Buy,235611709
2024-08-29 09:24:25,24950.0,1800,Buy,235611713
2024-08-29 09:24:25,24950.0,1000,Buy,235611703
2024-08-29 09:24:26,24950.0,5000,Buy,235611760
2024-08-29 09:24:27,24950.0,100,Buy,235611781
2024-08-29 09:24:27,24950.0,100,Buy,235611785
2024-08-29 09:24:27,24950.0,200,Buy,235611784
2024-08-29 09:24:27,24950.0,500,Buy,235611783
2024-08-29 09:24:27,24950.0,200,Buy,235611782
2024-08-29 09:24:27,24950.0,100,Buy,235611780
2024-08-29 09:24:27,24950.0,500,Buy,235611769
2024-08-29 09:24:27,24950.0,100,Buy,235611778
2024-08-29 09:24:27,24950.0,1900,Buy,235611777
2024-08-29 09:24:27,24950.0,3000,Buy,235611775
2024-08-29 09:24:27,24950.0,15100,Buy,235611770
2024-08-29 09:24:27,24950.0,4400,Buy,235611768
2024-08-29 09:24:27,24950.0,100,Buy,235611779
2024-08-29 09:24:29,24950.0,1700,Sell,235611872
2024-08-29 09:24:29,24950.0,500,Sell,235611873
2024-08-29 09:24:29,24950.0,1000,Sell,235611874
2024-08-29 09:24:29,24950.0,100,Buy,235611886
2024-08-29 09:24:29,24950.0,5000,Buy,235611925
2024-08-29 09:24:30,24950.0,300,Sell,235611946
2024-08-29 09:24:30,24950.0,400,Sell,235611939
2024-08-29 09:24:30,24950.0,1600,Buy,235611929
2024-08-29 09:24:30,24950.0,3000,Sell,235611930
2024-08-29 09:24:30,24950.0,400,Sell,235611938
2024-08-29 09:24:30,24950.0,100,Buy,235611928
2024-08-29 09:24:31,24950.0,1000,Sell,235611964
2024-08-29 09:24:32,24950.0,300,Sell,235612003
2024-08-29 09:24:32,25000.0,800,Buy,235612005
2024-08-29 09:24:32,25000.0,5000,Buy,235612006
2024-08-29 09:24:32,25000.0,100,Buy,235612007
2024-08-29 09:24:32,25000.0,500,Buy,235612008
2024-08-29 09:24:32,25000.0,400,Buy,235612010
2024-08-29 09:24:32,25000.0,32700,Buy,235612011
2024-08-29 09:24:32,25000.0,500,Buy,235612009
2024-08-29 09:24:33,25000.0,500,Buy,235612014
2024-08-29 09:24:33,25000.0,100,Buy,235612017
2024-08-29 09:24:33,24950.0,100,Sell,235612018
2024-08-29 09:24:33,25000.0,100,Buy,235612020
2024-08-29 09:24:34,24950.0,2200,Sell,235612037
2024-08-29 09:24:34,24950.0,17800,Sell,235612036
2024-08-29 09:24:34,25000.0,200,Buy,235612031
2024-08-29 09:24:34,24950.0,100,Sell,235612032
2024-08-29 09:24:35,24950.0,800,Sell,235612046
2024-08-29 09:24:35,24950.0,200,Sell,235612047
2024-08-29 09:24:36,24950.0,2800,Sell,235612075
2024-08-29 09:24:36,24950.0,4000,Sell,235612076
2024-08-29 09:24:36,24950.0,3200,Sell,235612077
2024-08-29 09:24:37,25000.0,5000,Buy,235612119
2024-08-29 09:24:38,24950.0,15000,Sell,235612156
2024-08-29 09:24:38,25000.0,15000,Buy,235612155
2024-08-29 09:24:38,25000.0,13000,Buy,235612148
2024-08-29 09:24:39,25000.0,29500,Buy,235612222
2024-08-29 09:24:39,25000.0,1000,Buy,235612221
2024-08-29 09:24:39,25000.0,100,Buy,235612220
2024-08-29 09:24:39,25000.0,2000,Buy,235612219
2024-08-29 09:24:39,25000.0,100,Buy,235612218
2024-08-29 09:24:39,25000.0,500,Buy,235612217
2024-08-29 09:24:39,25000.0,1000,Buy,235612214
2024-08-29 09:24:39,25000.0,500,Buy,235612215
2024-08-29 09:24:39,25000.0,200,Buy,235612213
2024-08-29 09:24:39,25000.0,200,Buy,235612212
2024-08-29 09:24:39,25000.0,500,Buy,235612211
2024-08-29 09:24:39,25000.0,500,Buy,235612210
2024-08-29 09:24:39,25000.0,63400,Buy,235612209
2024-08-29 09:24:39,25000.0,500,Buy,235612216
2024-08-29 09:24:41,25000.0,200,Buy,235612253
2024-08-29 09:24:41,25000.0,800,Buy,235612252
2024-08-29 09:24:41,25000.0,500,Buy,235612251
2024-08-29 09:24:41,25000.0,800,Buy,235612250
2024-08-29 09:24:41,25000.0,1300,Buy,235612249
2024-08-29 09:24:41,24950.0,1000,Sell,235612247
2024-08-29 09:24:41,25000.0,2000,Buy,235612243
2024-08-29 09:24:41,25000.0,1200,Buy,235612245
2024-08-29 09:24:41,25000.0,200,Buy,235612244
2024-08-29 09:24:41,25000.0,100,Buy,235612242
2024-08-29 09:24:41,25000.0,500,Buy,235612241
2024-08-29 09:24:41,25000.0,500,Buy,235612240
2024-08-29 09:24:41,25000.0,500,Buy,235612239
2024-08-29 09:24:41,25000.0,500,Buy,235612246
2024-08-29 09:24:42,25000.0,19200,Buy,235612270
2024-08-29 09:24:42,25000.0,3000,Buy,235612280
2024-08-29 09:24:43,25000.0,5000,Buy,235612321
2024-08-29 09:24:44,25000.0,400,Buy,235612356
2024-08-29 09:24:44,25000.0,5000,Buy,235612355
2024-08-29 09:24:44,25000.0,800,Buy,235612354
2024-08-29 09:24:44,25000.0,300,Buy,235612353
2024-08-29 09:24:44,25000.0,2100,Buy,235612352
2024-08-29 09:24:44,25000.0,500,Buy,235612346
2024-08-29 09:24:44,25000.0,100,Buy,235612334
2024-08-29 09:24:44,25000.0,3000,Buy,235612333
2024-08-29 09:24:44,25000.0,700,Buy,235612331
2024-08-29 09:24:44,25000.0,200,Buy,235612330
2024-08-29 09:24:44,25000.0,300,Buy,235612329
2024-08-29 09:24:44,25000.0,200,Buy,235612328
2024-08-29 09:24:44,25000.0,100,Buy,235612327
2024-08-29 09:24:44,25000.0,2700,Buy,235612326
2024-08-29 09:24:44,25000.0,300,Buy,235612325
2024-08-29 09:24:44,25000.0,2600,Buy,235612324
2024-08-29 09:24:44,25000.0,2900,Buy,235612332
2024-08-29 09:24:45,25000.0,8100,Buy,235612393
2024-08-29 09:24:45,25000.0,2000,Buy,235612394
2024-08-29 09:24:45,25000.0,30000,Buy,235612395
2024-08-29 09:24:45,25000.0,1000,Buy,235612396
2024-08-29 09:24:45,25000.0,1000,Buy,235612404
2024-08-29 09:24:45,25000.0,1000,Buy,235612398
2024-08-29 09:24:45,25000.0,1300,Buy,235612399
2024-08-29 09:24:45,24950.0,100,Sell,235612403
2024-08-29 09:24:45,25000.0,500,Buy,235612397
2024-08-29 09:24:45,25000.0,300,Buy,235612392
2024-08-29 09:24:45,25000.0,1600,Buy,235612376
2024-08-29 09:24:45,25000.0,100,Buy,235612390
2024-08-29 09:24:45,25000.0,1000,Buy,235612391
2024-08-29 09:24:45,25000.0,300,Buy,235612375
2024-08-29 09:24:45,25000.0,200,Buy,235612377
2024-08-29 09:24:45,25000.0,100,Buy,235612378
2024-08-29 09:24:45,25000.0,100,Buy,235612374
2024-08-29 09:24:45,25000.0,300,Buy,235612380
2024-08-29 09:24:45,25000.0,1000,Buy,235612381
2024-08-29 09:24:45,25000.0,100,Buy,235612389
2024-08-29 09:24:45,25000.0,1000,Buy,235612379
2024-08-29 09:24:46,25000.0,1000,Buy,235612438
2024-08-29 09:24:46,25000.0,3900,Buy,235612446
2024-08-29 09:24:46,25000.0,100,Buy,235612445
2024-08-29 09:24:46,25000.0,200,Buy,235612444
2024-08-29 09:24:46,25000.0,300,Buy,235612443
2024-08-29 09:24:46,25000.0,900,Buy,235612442
2024-08-29 09:24:46,25000.0,1000,Buy,235612441
2024-08-29 09:24:46,25000.0,13600,Buy,235612440
2024-08-29 09:24:46,25000.0,1400,Buy,235612439
2024-08-29 09:24:46,25000.0,500,Buy,235612437
2024-08-29 09:24:46,25000.0,200,Buy,235612420
2024-08-29 09:24:46,25000.0,100,Buy,235612421
2024-08-29 09:24:46,25000.0,200,Buy,235612411
2024-08-29 09:24:46,25000.0,500,Buy,235612419
2024-08-29 09:24:46,25000.0,200,Buy,235612418
2024-08-29 09:24:46,25000.0,500,Buy,235612417
2024-08-29 09:24:46,25000.0,200,Buy,235612416
2024-08-29 09:24:46,25000.0,5300,Buy,235612415
2024-08-29 09:24:46,25000.0,200,Buy,235612414
2024-08-29 09:24:46,25000.0,200,Buy,235612413
2024-08-29 09:24:46,25000.0,7400,Buy,235612412
2024-08-29 09:24:46,25000.0,100,Buy,235612436
2024-08-29 09:24:47,25000.0,1400,Buy,235612469
2024-08-29 09:24:47,25000.0,100,Buy,235612467
2024-08-29 09:24:47,25000.0,100,Buy,235612466
2024-08-29 09:24:47,25000.0,200,Buy,235612464
2024-08-29 09:24:47,25000.0,200,Buy,235612465
2024-08-29 09:24:47,25000.0,1800,Buy,235612457
2024-08-29 09:24:47,25000.0,100,Buy,235612456
2024-08-29 09:24:47,25000.0,1100,Buy,235612452
2024-08-29 09:24:47,25000.0,3000,Buy,235612458
2024-08-29 09:24:47,24950.0,4000,Sell,235612448
2024-08-29 09:24:48,25000.0,1000,Buy,235612482
2024-08-29 09:24:48,25000.0,1500,Buy,235612473
2024-08-29 09:24:48,25000.0,500,Buy,235612474
2024-08-29 09:24:48,25000.0,3600,Buy,235612475
2024-08-29 09:24:48,25000.0,1000,Buy,235612478
2024-08-29 09:24:48,25000.0,2000,Buy,235612483
2024-08-29 09:24:49,25000.0,300,Buy,235612508
2024-08-29 09:24:49,25000.0,200,Buy,235612522
2024-08-29 09:24:49,25000.0,300,Buy,235612507
2024-08-29 09:24:49,25000.0,200,Buy,235612524
2024-08-29 09:24:49,25000.0,1200,Buy,235612525
2024-08-29 09:24:49,25000.0,400,Buy,235612523
2024-08-29 09:24:49,25000.0,200,Buy,235612506
2024-08-29 09:24:49,25000.0,12400,Buy,235612498
2024-08-29 09:24:49,25000.0,2000,Buy,235612504
2024-08-29 09:24:49,25000.0,1200,Buy,235612503
2024-08-29 09:24:49,25000.0,800,Buy,235612502
2024-08-29 09:24:49,25000.0,200,Buy,235612501
2024-08-29 09:24:49,25000.0,300,Buy,235612500
2024-08-29 09:24:49,25000.0,500,Buy,235612499
2024-08-29 09:24:49,25000.0,1800,Buy,235612505
2024-08-29 09:24:50,25000.0,2000,Buy,235612536
2024-08-29 09:24:50,25000.0,200,Buy,235612541
2024-08-29 09:24:51,25000.0,900,Buy,235612574
2024-08-29 09:24:51,25000.0,100,Buy,235612575
2024-08-29 09:24:51,25000.0,5000,Buy,235612576
2024-08-29 09:24:51,25000.0,300,Buy,235612577
2024-08-29 09:24:51,24950.0,6000,Sell,235612573
2024-08-29 09:24:51,25000.0,2000,Buy,235612579
2024-08-29 09:24:51,25000.0,600,Buy,235612580
2024-08-29 09:24:51,25000.0,60300,Buy,235612582
2024-08-29 09:24:51,25000.0,100,Buy,235612578
2024-08-29 09:24:51,25000.0,100,Buy,235612560
2024-08-29 09:24:51,25000.0,200,Buy,235612581
2024-08-29 09:24:51,25000.0,200,Buy,235612558
2024-08-29 09:24:51,25000.0,1400,Buy,235612545
2024-08-29 09:24:51,25000.0,3800,Buy,235612546
2024-08-29 09:24:51,25000.0,1500,Buy,235612550
2024-08-29 09:24:51,25000.0,600,Buy,235612551
2024-08-29 09:24:51,25000.0,100,Buy,235612552
2024-08-29 09:24:51,25000.0,100,Buy,235612559
2024-08-29 09:24:51,25000.0,100,Buy,235612554
2024-08-29 09:24:51,25000.0,100,Buy,235612557
2024-08-29 09:24:51,25000.0,200,Buy,235612553
2024-08-29 09:24:51,25000.0,1200,Buy,235612555
2024-08-29 09:24:51,25000.0,300,Buy,235612556
2024-08-29 09:24:52,25000.0,50000,Buy,235612597
2024-08-29 09:24:53,25000.0,1000,Buy,235612609
2024-08-29 09:24:53,25000.0,2000,Buy,235612623
2024-08-29 09:24:53,24950.0,200,Sell,235612624
2024-08-29 09:24:54,25000.0,10000,Buy,235612627
2024-08-29 09:24:54,25000.0,3000,Buy,235612636
2024-08-29 09:24:54,25000.0,300,Buy,235612639
2024-08-29 09:24:54,25000.0,200,Buy,235612643
2024-08-29 09:24:55,25000.0,200,Buy,235612692
2024-08-29 09:24:55,25000.0,200,Buy,235612684
2024-08-29 09:24:55,25000.0,1200,Buy,235612674
2024-08-29 09:24:55,25000.0,500,Buy,235612673
2024-08-29 09:24:55,25000.0,20700,Buy,235612672
2024-08-29 09:24:55,25000.0,100,Buy,235612670
2024-08-29 09:24:55,25000.0,100,Buy,235612669
2024-08-29 09:24:55,25000.0,5000,Buy,235612667
2024-08-29 09:24:55,25000.0,3000,Buy,235612655
2024-08-29 09:24:55,25000.0,200,Buy,235612671
2024-08-29 09:24:55,25000.0,1200,Buy,235612668
2024-08-29 09:24:56,25000.0,1000,Buy,235612718
2024-08-29 09:24:56,25000.0,600,Buy,235612727
2024-08-29 09:24:56,25000.0,100,Buy,235612726
2024-08-29 09:24:56,25000.0,100,Buy,235612725
2024-08-29 09:24:56,25000.0,200,Buy,235612724
2024-08-29 09:24:56,25000.0,5000,Buy,235612723
2024-08-29 09:24:56,25000.0,5000,Buy,235612715
2024-08-29 09:24:56,25000.0,100,Buy,235612713
2024-08-29 09:24:56,25000.0,1000,Buy,235612714
2024-08-29 09:24:56,25000.0,400,Buy,235612709
2024-08-29 09:24:56,25000.0,2800,Buy,235612712
2024-08-29 09:24:56,25000.0,1000,Buy,235612711
2024-08-29 09:24:56,25000.0,200,Buy,235612710
2024-08-29 09:24:57,25000.0,2000,Buy,235612771
2024-08-29 09:24:57,25000.0,9600,Buy,235612741
2024-08-29 09:24:57,25000.0,100,Buy,235612740
2024-08-29 09:24:57,25000.0,100,Buy,235612739
2024-08-29 09:24:57,25000.0,2200,Buy,235612757
2024-08-29 09:24:57,25000.0,10000,Buy,235612737
2024-08-29 09:24:57,25000.0,200,Buy,235612736
2024-08-29 09:24:57,25000.0,100,Buy,235612735
2024-08-29 09:24:57,25000.0,100,Buy,235612734
2024-08-29 09:24:57,25000.0,1900,Buy,235612733
2024-08-29 09:24:57,25000.0,100,Buy,235612738
2024-08-29 09:24:58,25000.0,500,Buy,235612799
2024-08-29 09:24:58,25000.0,500,Buy,235612798
2024-08-29 09:24:58,25000.0,1000,Buy,235612792
2024-08-29 09:24:58,25000.0,5000,Buy,235612796
2024-08-29 09:24:58,25000.0,500,Buy,235612789
2024-08-29 09:24:59,25000.0,100,Buy,235612818
2024-08-29 09:24:59,25000.0,500,Buy,235612826
2024-08-29 09:24:59,25000.0,1200,Buy,235612823
2024-08-29 09:24:59,25000.0,200,Buy,235612822
2024-08-29 09:24:59,25000.0,500,Buy,235612821
2024-08-29 09:24:59,25000.0,100,Buy,235612820
2024-08-29 09:24:59,25000.0,1000,Buy,235612819
2024-08-29 09:24:59,25000.0,300,Buy,235612817
2024-08-29 09:24:59,25000.0,500,Buy,235612815
2024-08-29 09:24:59,25000.0,1000,Buy,235612814
2024-08-29 09:24:59,25000.0,400,Buy,235612813
2024-08-29 09:24:59,25000.0,2700,Buy,235612812
2024-08-29 09:24:59,25000.0,1000,Buy,235612807
2024-08-29 09:24:59,25000.0,5000,Buy,235612806
2024-08-29 09:24:59,25000.0,2000,Buy,235612816
2024-08-29 09:25:00,25000.0,500,Buy,235612850
2024-08-29 09:25:00,25000.0,100,Buy,235612851
2024-08-29 09:25:00,25000.0,500,Buy,235612852
2024-08-29 09:25:00,25000.0,500,Buy,235612853
2024-08-29 09:25:00,25000.0,2100,Buy,235612857
2024-08-29 09:25:00,25000.0,100,Buy,235612855
2024-08-29 09:25:00,25000.0,1000,Buy,235612856
2024-08-29 09:25:00,25000.0,2000,Buy,235612849
2024-08-29 09:25:00,25000.0,1000,Buy,235612858
2024-08-29 09:25:00,25000.0,500,Buy,235612854
2024-08-29 09:25:00,25000.0,500,Buy,235612848
2024-08-29 09:25:00,25000.0,1000,Buy,235612847
2024-08-29 09:25:00,25000.0,400,Buy,235612846
2024-08-29 09:25:00,25000.0,2300,Buy,235612845
2024-08-29 09:25:00,25000.0,2500,Buy,235612844
2024-08-29 09:25:00,25000.0,1200,Buy,235612841
2024-08-29 09:25:00,25000.0,1000,Buy,235612840
2024-08-29 09:25:00,25000.0,500,Buy,235612839
2024-08-29 09:25:00,25000.0,600,Buy,235612838
2024-08-29 09:25:00,25000.0,100,Buy,235612837
2024-08-29 09:25:00,25000.0,300,Buy,235612836
2024-08-29 09:25:00,25000.0,1300,Buy,235612835
2024-08-29 09:25:00,24950.0,500,Sell,235612831
2024-08-29 09:25:01,25000.0,10000,Buy,235612904
2024-08-29 09:25:01,25000.0,5000,Buy,235612897
2024-08-29 09:25:01,25000.0,700,Buy,235612896
2024-08-29 09:25:01,25000.0,2000,Buy,235612886
2024-08-29 09:25:01,25000.0,1000,Buy,235612883
2024-08-29 09:25:01,25000.0,100,Buy,235612877
2024-08-29 09:25:01,25000.0,300,Buy,235612879
2024-08-29 09:25:01,25000.0,500,Buy,235612878
2024-08-29 09:25:01,25000.0,1000,Buy,235612876
2024-08-29 09:25:01,25000.0,100,Buy,235612875
2024-08-29 09:25:01,25000.0,1900,Buy,235612874
2024-08-29 09:25:01,25000.0,2100,Buy,235612880
2024-08-29 09:25:02,25000.0,100,Buy,235612988
2024-08-29 09:25:02,25000.0,500,Buy,235612989
2024-08-29 09:25:02,25000.0,100,Buy,235612990
2024-08-29 09:25:02,25000.0,1000,Buy,235612991
2024-08-29 09:25:02,25000.0,1200,Buy,235612993
2024-08-29 09:25:02,25000.0,100,Buy,235612987
2024-08-29 09:25:02,25000.0,500,Buy,235612994
2024-08-29 09:25:02,25000.0,41100,Buy,235612995
2024-08-29 09:25:02,25000.0,5000,Buy,235612996
2024-08-29 09:25:02,25000.0,100,Buy,235612992
2024-08-29 09:25:02,25000.0,100,Buy,235612986
2024-08-29 09:25:02,25000.0,500,Buy,235612983
2024-08-29 09:25:02,25000.0,500,Buy,235612984
2024-08-29 09:25:02,25000.0,20000,Buy,235612982
2024-08-29 09:25:02,25000.0,500,Buy,235612981
2024-08-29 09:25:02,25000.0,100,Buy,235612980
2024-08-29 09:25:02,25000.0,1200,Buy,235612979
2024-08-29 09:25:02,25000.0,200,Buy,235612978
2024-08-29 09:25:02,25000.0,400,Buy,235612977
2024-08-29 09:25:02,25000.0,100,Buy,235612976
2024-08-29 09:25:02,25000.0,100,Buy,235612975
2024-08-29 09:25:02,25000.0,100,Buy,235612997
2024-08-29 09:25:02,25000.0,800,Buy,235612985
2024-08-29 09:25:02,25000.0,1000,Buy,235612998
2024-08-29 09:25:02,25000.0,200,Buy,235612974
2024-08-29 09:25:02,25000.0,1400,Buy,235613000
2024-08-29 09:25:02,25000.0,100,Buy,235613024
2024-08-29 09:25:02,25000.0,2000,Buy,235613023
2024-08-29 09:25:02,25000.0,5000,Buy,235613022
2024-08-29 09:25:02,25000.0,1000,Buy,235613021
2024-08-29 09:25:02,25000.0,200,Buy,235613020
2024-08-29 09:25:02,25000.0,15000,Buy,235613019
2024-08-29 09:25:02,25000.0,26700,Buy,235613018
2024-08-29 09:25:02,25000.0,23300,Buy,235613017
2024-08-29 09:25:02,25000.0,10000,Buy,235613016
2024-08-29 09:25:02,25000.0,1000,Buy,235613015
2024-08-29 09:25:02,25000.0,2000,Buy,235613014
2024-08-29 09:25:02,25000.0,500,Buy,235613013
2024-08-29 09:25:02,25000.0,1000,Buy,235613012
2024-08-29 09:25:02,25000.0,200,Buy,235613011
2024-08-29 09:25:02,25000.0,200,Buy,235613010
2024-08-29 09:25:02,25000.0,200,Buy,235613009
2024-08-29 09:25:02,25000.0,10000,Buy,235613008
2024-08-29 09:25:02,25000.0,1200,Buy,235613007
2024-08-29 09:25:02,25000.0,200,Buy,235613006
2024-08-29 09:25:02,25000.0,100,Buy,235613005
2024-08-29 09:25:02,25000.0,700,Buy,235613004
2024-08-29 09:25:02,25000.0,400,Buy,235613003
2024-08-29 09:25:02,25000.0,100,Buy,235613002
2024-08-29 09:25:02,25000.0,600,Buy,235612999
2024-08-29 09:25:02,25000.0,1000,Buy,235612973
2024-08-29 09:25:02,25000.0,2000,Buy,235612925
2024-08-29 09:25:02,25000.0,1000,Buy,235612971
2024-08-29 09:25:02,25000.0,1000,Buy,235612936
2024-08-29 09:25:02,25000.0,6000,Buy,235612935
2024-08-29 09:25:02,25000.0,1000,Buy,235612934
2024-08-29 09:25:02,25000.0,5000,Buy,235612933
2024-08-29 09:25:02,25000.0,100,Buy,235612932
2024-08-29 09:25:02,25000.0,200,Buy,235612931
2024-08-29 09:25:02,25000.0,200,Buy,235612930
2024-08-29 09:25:02,25000.0,1000,Buy,235612929
2024-08-29 09:25:02,25000.0,12000,Buy,235612928
2024-08-29 09:25:02,25000.0,200,Buy,235612927
2024-08-29 09:25:02,25000.0,1500,Buy,235612937
2024-08-29 09:25:02,25000.0,1000,Buy,235612926
2024-08-29 09:25:02,25000.0,100,Buy,235612924
2024-08-29 09:25:02,25000.0,500,Buy,235612923
2024-08-29 09:25:02,25000.0,500,Buy,235612922
2024-08-29 09:25:02,25000.0,300,Buy,235612921
2024-08-29 09:25:02,25000.0,9400,Buy,235612917
2024-08-29 09:25:02,25000.0,10000,Buy,235612916
2024-08-29 09:25:02,25000.0,600,Buy,235612915
2024-08-29 09:25:02,25000.0,800,Buy,235612914
2024-08-29 09:25:02,25000.0,28600,Buy,235612913
2024-08-29 09:25:02,25000.0,500,Buy,235612908
2024-08-29 09:25:02,25000.0,100,Buy,235612907
2024-08-29 09:25:02,25000.0,800,Buy,235612938
2024-08-29 09:25:02,25000.0,100,Buy,235612972
2024-08-29 09:25:02,25000.0,300,Buy,235612940
2024-08-29 09:25:02,25000.0,500,Buy,235612970
2024-08-29 09:25:02,25000.0,100,Buy,235612969
2024-08-29 09:25:02,25000.0,1000,Buy,235612968
2024-08-29 09:25:02,25000.0,1000,Buy,235612967
2024-08-29 09:25:02,25000.0,400,Buy,235612966
2024-08-29 09:25:02,25000.0,100,Buy,235612965
2024-08-29 09:25:02,25000.0,1000,Buy,235612964
2024-08-29 09:25:02,25000.0,500,Buy,235612963
2024-08-29 09:25:02,25000.0,100,Buy,235612962
2024-08-29 09:25:02,25000.0,200,Buy,235612961
2024-08-29 09:25:02,25000.0,100,Buy,235612953
2024-08-29 09:25:02,25000.0,10000,Buy,235612939
2024-08-29 09:25:02,25000.0,100,Buy,235612951
2024-08-29 09:25:02,25000.0,100,Buy,235612952
2024-08-29 09:25:02,25000.0,100,Buy,235612941
2024-08-29 09:25:02,25000.0,1000,Buy,235612942
2024-08-29 09:25:02,25000.0,100,Buy,235612944
2024-08-29 09:25:02,25000.0,100,Buy,235612945
2024-08-29 09:25:02,25000.0,100,Buy,235612943
2024-08-29 09:25:02,25000.0,5000,Buy,235612947
2024-08-29 09:25:02,25000.0,2000,Buy,235612948
2024-08-29 09:25:02,25000.0,200,Buy,235612949
2024-08-29 09:25:02,25000.0,400,Buy,235612950
2024-08-29 09:25:02,25000.0,12200,Buy,235612946
2024-08-29 09:25:03,25000.0,1000,Sell,235613053
2024-08-29 09:25:04,25050.0,300,Buy,235613114
2024-08-29 09:25:04,25000.0,100,Sell,235613121
2024-08-29 09:25:04,25050.0,100,Buy,235613115
2024-08-29 09:25:04,25050.0,300,Buy,235613113
2024-08-29 09:25:04,25050.0,300,Buy,235613111
2024-08-29 09:25:04,25050.0,100,Buy,235613110
2024-08-29 09:25:04,25050.0,200,Buy,235613109
2024-08-29 09:25:04,25000.0,5000,Sell,235613095
2024-08-29 09:25:04,25050.0,500,Buy,235613112
2024-08-29 09:25:05,25000.0,100,Sell,235613136
2024-08-29 09:25:06,25000.0,500,Sell,235613156
2024-08-29 09:25:07,25050.0,2200,Buy,235613183
2024-08-29 09:25:07,25050.0,100,Buy,235613182
2024-08-29 09:25:07,25050.0,200,Buy,235613180
2024-08-29 09:25:07,25050.0,100,Buy,235613179
2024-08-29 09:25:07,25050.0,100,Buy,235613181
2024-08-29 09:25:07,25050.0,300,Buy,235613177
2024-08-29 09:25:07,25050.0,500,Buy,235613172
2024-08-29 09:25:07,25050.0,100,Buy,235613171
2024-08-29 09:25:07,25000.0,200,Sell,235613170
2024-08-29 09:25:07,25000.0,10000,Sell,235613165
2024-08-29 09:25:07,25050.0,2000,Buy,235613178
2024-08-29 09:25:08,25000.0,1000,Sell,235613199
2024-08-29 09:25:09,25000.0,200,Sell,235613217
2024-08-29 09:25:10,25050.0,200,Buy,235613241
2024-08-29 09:25:10,25000.0,500,Sell,235613261
2024-08-29 09:25:11,25050.0,400,Buy,235613266
2024-08-29 09:25:11,25000.0,3000,Sell,235613267
2024-08-29 09:25:12,25050.0,500,Buy,235613282
2024-08-29 09:25:12,25050.0,2000,Buy,235613283
2024-08-29 09:25:13,25050.0,1500,Buy,235613295
2024-08-29 09:25:13,25050.0,1000,Buy,235613316
2024-08-29 09:25:14,25050.0,20000,Buy,235613321
2024-08-29 09:25:14,25050.0,100,Buy,235613331
2024-08-29 09:25:15,25050.0,5000,Buy,235613356
2024-08-29 09:25:15,25050.0,6400,Buy,235613355
2024-08-29 09:25:15,25050.0,200,Buy,235613354
2024-08-29 09:25:15,25050.0,4400,Buy,235613341
2024-08-29 09:25:15,25050.0,3300,Buy,235613352
2024-08-29 09:25:15,25050.0,13600,Buy,235613350
2024-08-29 09:25:15,25050.0,800,Buy,235613349
2024-08-29 09:25:15,25050.0,100,Buy,235613353
2024-08-29 09:25:16,25000.0,100,Sell,235613373
2024-08-29 09:25:16,25000.0,1500,Sell,235613399
2024-08-29 09:25:16,25050.0,800,Buy,235613396
2024-08-29 09:25:16,25050.0,1000,Buy,235613395
2024-08-29 09:25:16,25050.0,1000,Buy,235613381
2024-08-29 09:25:16,25000.0,100,Sell,235613376
2024-08-29 09:25:16,25050.0,5000,Buy,235613374
2024-08-29 09:25:16,25000.0,4600,Sell,235613372
2024-08-29 09:25:16,25000.0,900,Sell,235613370
2024-08-29 09:25:16,25000.0,5000,Sell,235613369
2024-08-29 09:25:16,25000.0,2000,Sell,235613368
2024-08-29 09:25:16,25000.0,500,Sell,235613367
2024-08-29 09:25:16,25000.0,200,Sell,235613366
2024-08-29 09:25:16,25000.0,1000,Sell,235613365
2024-08-29 09:25:16,25000.0,2400,Sell,235613364
2024-08-29 09:25:16,25000.0,28400,Sell,235613363
2024-08-29 09:25:16,25000.0,15000,Sell,235613371
2024-08-29 09:25:17,25050.0,2000,Buy,235613421
2024-08-29 09:25:17,25050.0,200,Buy,235613424
2024-08-29 09:25:17,25050.0,200,Buy,235613423
2024-08-29 09:25:17,25050.0,100,Buy,235613422
2024-08-29 09:25:17,25050.0,1000,Buy,235613411
2024-08-29 09:25:17,25050.0,1500,Buy,235613406
2024-08-29 09:25:17,25050.0,100,Buy,235613409
2024-08-29 09:25:17,25050.0,500,Buy,235613408
2024-08-29 09:25:17,25050.0,1000,Buy,235613407
2024-08-29 09:25:17,25050.0,100,Buy,235613405
2024-08-29 09:25:17,25050.0,5800,Buy,235613404
2024-08-29 09:25:17,25050.0,10000,Buy,235613410
2024-08-29 09:25:18,25100.0,200,Buy,235613467
2024-08-29 09:25:18,25050.0,500,Sell,235613471
2024-08-29 09:25:18,25100.0,100,Buy,235613473
2024-08-29 09:25:18,25100.0,100,Buy,235613474
2024-08-29 09:25:20,25100.0,200,Buy,235613519
2024-08-29 09:25:20,25100.0,100,Buy,235613517
2024-08-29 09:25:20,25100.0,100,Buy,235613518
2024-08-29 09:25:21,25050.0,200,Sell,235613528
2024-08-29 09:25:21,25100.0,7800,Buy,235613531
2024-08-29 09:25:21,25100.0,2200,Buy,235613532
2024-08-29 09:25:22,25100.0,1300,Buy,235613570
2024-08-29 09:25:22,25100.0,2000,Buy,235613586
2024-08-29 09:25:22,25100.0,4100,Buy,235613575
2024-08-29 09:25:22,25100.0,400,Buy,235613574
2024-08-29 09:25:22,25100.0,100,Buy,235613573
2024-08-29 09:25:22,25100.0,100,Buy,235613572
2024-08-29 09:25:22,25100.0,200,Buy,235613571
2024-08-29 09:25:22,25100.0,500,Buy,235613569
2024-08-29 09:25:22,25100.0,1900,Buy,235613567
2024-08-29 09:25:22,25100.0,100,Buy,235613568
2024-08-29 09:25:22,25100.0,500,Buy,235613560
2024-08-29 09:25:22,25100.0,100,Buy,235613561
2024-08-29 09:25:22,25100.0,200,Buy,235613562
2024-08-29 09:25:22,25100.0,800,Buy,235613559
2024-08-29 09:25:22,25100.0,100,Buy,235613564
2024-08-29 09:25:22,25100.0,300,Buy,235613565
2024-08-29 09:25:22,25100.0,3000,Buy,235613566
2024-08-29 09:25:22,25100.0,100,Buy,235613563
2024-08-29 09:25:23,25100.0,200,Buy,235613600
2024-08-29 09:25:23,25050.0,24800,Sell,235613594
2024-08-29 09:25:23,25050.0,3900,Sell,235613593
2024-08-29 09:25:23,25100.0,200,Buy,235613595
2024-08-29 09:25:23,25050.0,6000,Sell,235613591
2024-08-29 09:25:23,25050.0,10000,Sell,235613590
2024-08-29 09:25:23,25050.0,300,Sell,235613589
2024-08-29 09:25:23,25050.0,5000,Sell,235613592
2024-08-29 09:25:24,25100.0,2000,Buy,235613647
2024-08-29 09:25:24,25100.0,3500,Buy,235613626
2024-08-29 09:25:24,25100.0,2800,Buy,235613627
2024-08-29 09:25:24,25100.0,100,Buy,235613628
2024-08-29 09:25:24,25100.0,500,Buy,235613629
2024-08-29 09:25:24,25100.0,500,Buy,235613630
2024-08-29 09:25:24,25100.0,2000,Buy,235613631
2024-08-29 09:25:24,25100.0,1000,Buy,235613632
2024-08-29 09:25:24,25100.0,100,Buy,235613633
2024-08-29 09:25:24,25100.0,200,Buy,235613634
2024-08-29 09:25:24,25100.0,4300,Buy,235613635
2024-08-29 09:25:24,25050.0,20000,Sell,235613625
2024-08-29 09:25:25,25100.0,6400,Buy,235613660
2024-08-29 09:25:25,25100.0,200,Buy,235613661
2024-08-29 09:25:27,25100.0,2000,Buy,235613744
2024-08-29 09:25:28,25100.0,400,Buy,235613757
2024-08-29 09:25:28,25100.0,2000,Buy,235613760
2024-08-29 09:25:29,25100.0,300,Buy,235613780
2024-08-29 09:25:29,25100.0,2000,Buy,235613781
2024-08-29 09:25:29,25100.0,20000,Buy,235613782
2024-08-29 09:25:30,25100.0,200,Buy,235613818
2024-08-29 09:25:30,25100.0,2000,Buy,235613817
2024-08-29 09:25:30,25100.0,7500,Buy,235613804
2024-08-29 09:25:30,25100.0,200,Buy,235613799
2024-08-29 09:25:30,25100.0,500,Buy,235613796
2024-08-29 09:25:31,25050.0,11100,Sell,235613824
2024-08-29 09:25:31,25100.0,1000,Buy,235613838
2024-08-29 09:25:32,25100.0,100,Buy,235613870
2024-08-29 09:25:32,25100.0,200,Buy,235613869
2024-08-29 09:25:32,25100.0,200,Buy,235613868
2024-08-29 09:25:32,25100.0,100,Buy,235613851
2024-08-29 09:25:32,25100.0,100,Buy,235613866
2024-08-29 09:25:32,25100.0,100,Buy,235613865
2024-08-29 09:25:32,25100.0,3800,Buy,235613867
2024-08-29 09:25:33,25100.0,1700,Buy,235613883
2024-08-29 09:25:33,25100.0,500,Buy,235613895
2024-08-29 09:25:33,25050.0,200,Sell,235613894
2024-08-29 09:25:34,25100.0,300,Buy,235613910
2024-08-29 09:25:34,25100.0,1300,Buy,235613913
2024-08-29 09:25:35,25100.0,1000,Buy,235613930
2024-08-29 09:25:35,25100.0,3400,Buy,235613921
2024-08-29 09:25:35,25100.0,100,Buy,235613920
2024-08-29 09:25:36,25100.0,1200,Buy,235613937
2024-08-29 09:25:36,25100.0,1000,Buy,235613938
2024-08-29 09:25:36,25100.0,100,Buy,235613975
2024-08-29 09:25:36,25100.0,21000,Buy,235613976
2024-08-29 09:25:37,25100.0,1000,Buy,235614084
2024-08-29 09:25:37,25100.0,4100,Buy,235614082
2024-08-29 09:25:37,25100.0,100,Buy,235614081
2024-08-29 09:25:37,25100.0,500,Buy,235614080
2024-08-29 09:25:37,25100.0,100,Buy,235614079
2024-08-29 09:25:37,25100.0,100,Buy,235614078
2024-08-29 09:25:37,25100.0,200,Buy,235614077
2024-08-29 09:25:37,25100.0,500,Buy,235614076
2024-08-29 09:25:37,25100.0,600,Buy,235614074
2024-08-29 09:25:37,25100.0,500,Buy,235614073
2024-08-29 09:25:37,25100.0,200,Buy,235614072
2024-08-29 09:25:37,25100.0,300,Buy,235614069
2024-08-29 09:25:37,25100.0,1700,Buy,235614068
2024-08-29 09:25:37,25100.0,1000,Buy,235614067
2024-08-29 09:25:37,25100.0,900,Buy,235613999
2024-08-29 09:25:37,25050.0,200,Sell,235613981
2024-08-29 09:25:37,25100.0,1000,Buy,235613980
2024-08-29 09:25:37,25100.0,100,Buy,235614075
2024-08-29 09:25:38,25100.0,1400,Buy,235614108
2024-08-29 09:25:38,25100.0,200,Buy,235614107
2024-08-29 09:25:38,25050.0,1000,Sell,235614099
2024-08-29 09:25:38,25100.0,2100,Buy,235614100
2024-08-29 09:25:38,25100.0,10000,Buy,235614103
2024-08-29 09:25:39,25100.0,1400,Buy,235614112
2024-08-29 09:25:39,25100.0,300,Buy,235614117
2024-08-29 09:25:39,25100.0,1400,Buy,235614118
2024-08-29 09:25:39,25100.0,400,Buy,235614129
2024-08-29 09:25:39,25100.0,2000,Buy,235614130
2024-08-29 09:25:39,25100.0,700,Buy,235614131
2024-08-29 09:25:39,25100.0,200,Buy,235614132
2024-08-29 09:25:39,25100.0,1100,Buy,235614133
2024-08-29 09:25:40,25100.0,600,Buy,235614202
2024-08-29 09:25:40,25100.0,5000,Buy,235614201
2024-08-29 09:25:40,25100.0,100,Buy,235614200
2024-08-29 09:25:40,25100.0,34200,Buy,235614195
2024-08-29 09:25:40,25100.0,200,Buy,235614198
2024-08-29 09:25:40,25100.0,5000,Buy,235614197
2024-08-29 09:25:40,25100.0,100,Buy,235614196
2024-08-29 09:25:40,25100.0,200,Buy,235614199
2024-08-29 09:25:40,25100.0,500,Buy,235614203
2024-08-29 09:25:40,25100.0,100,Buy,235614194
2024-08-29 09:25:40,25100.0,500,Buy,235614206
2024-08-29 09:25:40,25100.0,100,Buy,235614207
2024-08-29 09:25:40,25100.0,100,Buy,235614208
2024-08-29 09:25:40,25100.0,200,Buy,235614209
2024-08-29 09:25:40,25100.0,1000,Buy,235614210
2024-08-29 09:25:40,25100.0,5000,Buy,235614211
2024-08-29 09:25:40,25100.0,15000,Buy,235614212
2024-08-29 09:25:40,25100.0,400,Buy,235614213
2024-08-29 09:25:40,25100.0,1000,Buy,235614204
2024-08-29 09:25:40,25100.0,100,Buy,235614193
2024-08-29 09:25:40,25100.0,1000,Buy,235614205
2024-08-29 09:25:40,25100.0,1000,Buy,235614192
2024-08-29 09:25:40,25100.0,8900,Buy,235614164
2024-08-29 09:25:40,25100.0,11100,Buy,235614165
2024-08-29 09:25:40,25100.0,3900,Buy,235614172
2024-08-29 09:25:40,25100.0,200,Buy,235614173
2024-08-29 09:25:40,25100.0,100,Buy,235614174
2024-08-29 09:25:40,25100.0,1500,Buy,235614175
2024-08-29 09:25:40,25100.0,5000,Buy,235614176
2024-08-29 09:25:40,25100.0,600,Buy,235614177
2024-08-29 09:25:40,25100.0,500,Buy,235614178
2024-08-29 09:25:40,25100.0,100,Buy,235614179
2024-08-29 09:25:40,25100.0,200,Buy,235614191
2024-08-29 09:25:40,25100.0,5000,Buy,235614181
2024-08-29 09:25:40,25100.0,100,Buy,235614190
2024-08-29 09:25:40,25100.0,10000,Buy,235614189
2024-08-29 09:25:40,25100.0,500,Buy,235614188
2024-08-29 09:25:40,25100.0,100,Buy,235614187
2024-08-29 09:25:40,25100.0,500,Buy,235614180
2024-08-29 09:25:40,25100.0,300,Buy,235614185
2024-08-29 09:25:40,25100.0,100,Buy,235614184
2024-08-29 09:25:40,25100.0,100,Buy,235614183
2024-08-29 09:25:40,25100.0,1000,Buy,235614182
2024-08-29 09:25:40,25100.0,1000,Buy,235614186
2024-08-29 09:25:41,25100.0,100,Sell,235614232
2024-08-29 09:25:42,25100.0,1000,Sell,235614254
2024-08-29 09:25:42,25100.0,500,Sell,235614253
2024-08-29 09:25:43,25100.0,2000,Sell,235614270
2024-08-29 09:25:44,25100.0,1000,Sell,235614322
2024-08-29 09:25:44,25100.0,2000,Sell,235614323
2024-08-29 09:25:45,25100.0,100,Sell,235614338
2024-08-29 09:25:47,25100.0,10000,Sell,235614388
2024-08-29 09:25:47,25150.0,4600,Buy,235614387
2024-08-29 09:25:47,25150.0,100,Buy,235614386
2024-08-29 09:25:47,25150.0,1000,Buy,235614385
2024-08-29 09:25:47,25150.0,1000,Buy,235614384
2024-08-29 09:25:47,25150.0,3300,Buy,235614383
2024-08-29 09:25:47,25150.0,1700,Buy,235614381
2024-08-29 09:25:47,25150.0,1000,Buy,235614380
2024-08-29 09:25:47,25150.0,50000,Buy,235614378
2024-08-29 09:25:47,25150.0,1000,Buy,235614379
2024-08-29 09:25:47,25150.0,100,Buy,235614372
2024-08-29 09:25:47,25150.0,5600,Buy,235614373
2024-08-29 09:25:47,25150.0,200,Buy,235614374
2024-08-29 09:25:47,25150.0,100,Buy,235614375
2024-08-29 09:25:47,25150.0,100,Buy,235614376
2024-08-29 09:25:47,25150.0,200,Buy,235614377
2024-08-29 09:25:48,25100.0,100,Sell,235614399
2024-08-29 09:25:48,25150.0,200,Buy,235614406
2024-08-29 09:25:48,25100.0,300,Sell,235614407
2024-08-29 09:25:49,25150.0,500,Buy,235614444
2024-08-29 09:25:50,25100.0,1000,Sell,235614451
2024-08-29 09:25:51,25100.0,20300,Sell,235614480
2024-08-29 09:25:51,25100.0,800,Sell,235614474
2024-08-29 09:25:51,25150.0,500,Buy,235614470
2024-08-29 09:25:51,25150.0,1000,Buy,235614473
2024-08-29 09:25:51,25150.0,300,Buy,235614466
2024-08-29 09:25:52,25150.0,2900,Buy,235614490
2024-08-29 09:25:52,25150.0,100,Buy,235614491
2024-08-29 09:25:52,25150.0,100,Buy,235614493
2024-08-29 09:25:53,25150.0,100,Buy,235614505
2024-08-29 09:25:53,25150.0,500,Buy,235614506
2024-08-29 09:25:53,25150.0,500,Buy,235614516
2024-08-29 09:25:54,25100.0,300,Sell,235614524
2024-08-29 09:25:55,25150.0,2000,Buy,235614550
2024-08-29 09:25:55,25150.0,500,Buy,235614544
2024-08-29 09:25:55,25150.0,8700,Buy,235614542
2024-08-29 09:25:55,25100.0,200,Sell,235614539
2024-08-29 09:25:55,25150.0,1300,Buy,235614543
2024-08-29 09:25:56,25100.0,500,Sell,235614566
2024-08-29 09:25:56,25150.0,100,Buy,235614567
2024-08-29 09:25:56,25100.0,100,Sell,235614574
2024-08-29 09:25:56,25100.0,4000,Sell,235614575
2024-08-29 09:25:57,25150.0,2400,Buy,235614584
2024-08-29 09:25:58,25100.0,1100,Sell,235614644
2024-08-29 09:25:58,25150.0,2000,Buy,235614637
2024-08-29 09:25:58,25150.0,1100,Buy,235614625
2024-08-29 09:25:58,25150.0,500,Buy,235614623
2024-08-29 09:25:58,25150.0,500,Buy,235614622
2024-08-29 09:25:58,25150.0,2700,Buy,235614621
2024-08-29 09:25:58,25150.0,1000,Buy,235614620
2024-08-29 09:25:58,25150.0,200,Buy,235614624
2024-08-29 09:25:59,25150.0,300,Buy,235614666
2024-08-29 09:25:59,25150.0,3000,Buy,235614669
2024-08-29 09:25:59,25150.0,2000,Buy,235614668
2024-08-29 09:25:59,25150.0,200,Buy,235614667
2024-08-29 09:25:59,25150.0,200,Buy,235614665
2024-08-29 09:25:59,25150.0,500,Buy,235614664
2024-08-29 09:25:59,25150.0,100,Buy,235614662
2024-08-29 09:25:59,25150.0,500,Buy,235614661
2024-08-29 09:25:59,25150.0,10000,Buy,235614660
2024-08-29 09:25:59,25150.0,100,Buy,235614659
2024-08-29 09:25:59,25150.0,2500,Buy,235614658
2024-08-29 09:25:59,25150.0,1600,Buy,235614657
2024-08-29 09:25:59,25150.0,200,Buy,235614663
2024-08-29 09:26:01,25100.0,1000,Sell,235614708
2024-08-29 09:26:01,25100.0,200,Sell,235614709
2024-08-29 09:26:01,25100.0,2500,Sell,235614710
2024-08-29 09:26:01,25100.0,300,Sell,235614711
2024-08-29 09:26:01,25100.0,300,Sell,235614712
2024-08-29 09:26:01,25100.0,3400,Sell,235614713
2024-08-29 09:26:01,25100.0,5000,Sell,235614714
2024-08-29 09:26:01,25100.0,400,Sell,235614715
2024-08-29 09:26:01,25100.0,300,Sell,235614719
2024-08-29 09:26:01,25100.0,7000,Sell,235614717
2024-08-29 09:26:01,25100.0,1000,Sell,235614718
2024-08-29 09:26:01,25100.0,100,Sell,235614720
2024-08-29 09:26:01,25100.0,2600,Sell,235614721
2024-08-29 09:26:01,25150.0,100,Sell,235614727
2024-08-29 09:26:01,25150.0,400,Sell,235614728
2024-08-29 09:26:01,25100.0,12000,Sell,235614716
2024-08-29 09:26:01,25100.0,4000,Sell,235614707
2024-08-29 09:26:01,25150.0,100,Sell,235614691
2024-08-29 09:26:01,25100.0,2000,Sell,235614705
2024-08-29 09:26:01,25150.0,8800,Sell,235614687
2024-08-29 09:26:01,25150.0,5000,Sell,235614688
2024-08-29 09:26:01,25150.0,100,Sell,235614689
2024-08-29 09:26:01,25150.0,600,Sell,235614690
2024-08-29 09:26:01,25150.0,200,Sell,235614692
2024-08-29 09:26:01,25150.0,4600,Sell,235614693
2024-08-29 09:26:01,25150.0,200,Sell,235614694
2024-08-29 09:26:01,25100.0,500,Sell,235614706
2024-08-29 09:26:01,25150.0,1000,Sell,235614695
2024-08-29 09:26:01,25100.0,20000,Sell,235614697
2024-08-29 09:26:01,25100.0,5000,Sell,235614698
2024-08-29 09:26:01,25100.0,200,Sell,235614699
2024-08-29 09:26:01,25100.0,200,Sell,235614701
2024-08-29 09:26:01,25100.0,1000,Sell,235614702
2024-08-29 09:26:01,25100.0,6700,Sell,235614703
2024-08-29 09:26:01,25100.0,1300,Sell,235614704
2024-08-29 09:26:01,25100.0,2400,Sell,235614696
2024-08-29 09:26:02,25150.0,200,Sell,235614745
2024-08-29 09:26:02,25200.0,400,Buy,235614730
2024-08-29 09:26:02,25150.0,200,Sell,235614739
2024-08-29 09:26:02,25200.0,100,Buy,235614740
2024-08-29 09:26:04,25200.0,1000,Buy,235614828
2024-08-29 09:26:04,25200.0,1000,Buy,235614827
2024-08-29 09:26:04,25200.0,5000,Buy,235614826
2024-08-29 09:26:04,25200.0,200,Buy,235614825
2024-08-29 09:26:04,25200.0,100,Buy,235614824
2024-08-29 09:26:04,25200.0,200,Buy,235614823
2024-08-29 09:26:04,25200.0,200,Buy,235614822
2024-08-29 09:26:04,25200.0,2000,Buy,235614821
2024-08-29 09:26:04,25200.0,10000,Buy,235614820
2024-08-29 09:26:04,25200.0,200,Buy,235614819
2024-08-29 09:26:04,25200.0,100,Buy,235614818
2024-08-29 09:26:04,25200.0,2000,Buy,235614817
2024-08-29 09:26:04,25200.0,500,Buy,235614816
2024-08-29 09:26:04,25200.0,100,Buy,235614815
2024-08-29 09:26:04,25200.0,300,Buy,235614814
2024-08-29 09:26:04,25200.0,500,Buy,235614813
2024-08-29 09:26:04,25200.0,200,Buy,235614812
2024-08-29 09:26:04,25200.0,1000,Buy,235614811
2024-08-29 09:26:04,25200.0,100,Buy,235614810
2024-08-29 09:26:04,25200.0,400,Buy,235614809
2024-08-29 09:26:04,25200.0,300,Buy,235614808
2024-08-29 09:26:04,25150.0,100,Sell,235614807
2024-08-29 09:26:05,25200.0,100,Buy,235614864
2024-08-29 09:26:05,25150.0,1100,Sell,235614861
2024-08-29 09:26:05,25150.0,1000,Sell,235614862
2024-08-29 09:26:05,25150.0,900,Sell,235614859
2024-08-29 09:26:05,25150.0,100,Sell,235614844
2024-08-29 09:26:05,25150.0,100,Sell,235614852
2024-08-29 09:26:05,25150.0,2000,Sell,235614860
2024-08-29 09:26:06,25200.0,200,Buy,235614890
2024-08-29 09:26:06,25150.0,100,Sell,235614921
2024-08-29 09:26:06,25150.0,1900,Sell,235614924
2024-08-29 09:26:06,25150.0,200,Sell,235614925
2024-08-29 09:26:07,25150.0,200,Buy,235614944
2024-08-29 09:26:08,25150.0,500,Buy,235614970
2024-08-29 09:26:08,25150.0,500,Buy,235614976
2024-08-29 09:26:09,25150.0,100,Buy,235614992
2024-08-29 09:26:10,25150.0,1000,Buy,235615017
2024-08-29 09:26:11,25150.0,100,Buy,235615033
2024-08-29 09:26:12,25150.0,100,Buy,235615069
2024-08-29 09:26:12,25150.0,1000,Buy,235615063
2024-08-29 09:26:12,25100.0,1400,Sell,235615059
2024-08-29 09:26:12,25100.0,500,Sell,235615056
2024-08-29 09:26:12,25100.0,1000,Sell,235615057
2024-08-29 09:26:12,25100.0,1000,Sell,235615055
2024-08-29 09:26:12,25100.0,300,Sell,235615054
2024-08-29 09:26:12,25100.0,800,Sell,235615058
2024-08-29 09:26:13,25150.0,500,Buy,235615083
2024-08-29 09:26:13,25150.0,1200,Buy,235615087
2024-08-29 09:26:14,25150.0,1500,Buy,235615089
2024-08-29 09:26:14,25150.0,100,Buy,235615100
2024-08-29 09:26:15,25150.0,400,Buy,235615117
2024-08-29 09:26:16,25100.0,200,Sell,235615165
2024-08-29 09:26:16,25100.0,5000,Sell,235615167
2024-08-29 09:26:16,25100.0,1000,Sell,235615166
2024-08-29 09:26:16,25100.0,3000,Sell,235615164
2024-08-29 09:26:16,25100.0,1800,Sell,235615168
2024-08-29 09:26:16,25100.0,1000,Sell,235615162
2024-08-29 09:26:16,25100.0,1000,Sell,235615161
2024-08-29 09:26:16,25100.0,18600,Sell,235615160
2024-08-29 09:26:16,25150.0,500,Buy,235615126
2024-08-29 09:26:16,25150.0,1000,Buy,235615120
2024-08-29 09:26:16,25100.0,100,Sell,235615163
2024-08-29 09:26:17,25150.0,14300,Buy,235615208
2024-08-29 09:26:17,25150.0,1000,Buy,235615207
2024-08-29 09:26:17,25150.0,200,Buy,235615206
2024-08-29 09:26:17,25150.0,200,Buy,235615205
2024-08-29 09:26:17,25150.0,100,Buy,235615202
2024-08-29 09:26:17,25150.0,200,Buy,235615203
2024-08-29 09:26:17,25150.0,300,Buy,235615201
2024-08-29 09:26:17,25150.0,500,Buy,235615200
2024-08-29 09:26:17,25150.0,200,Buy,235615199
2024-08-29 09:26:17,25150.0,3000,Buy,235615204
2024-08-29 09:26:18,25150.0,6000,Buy,235615262
2024-08-29 09:26:18,25150.0,1900,Buy,235615266
2024-08-29 09:26:18,25150.0,700,Buy,235615256
2024-08-29 09:26:18,25150.0,100,Buy,235615248
2024-08-29 09:26:19,25150.0,1700,Buy,235615279
2024-08-29 09:26:20,25150.0,14000,Buy,235615284
2024-08-29 09:26:20,25150.0,400,Buy,235615291
2024-08-29 09:26:20,25100.0,3200,Sell,235615296
2024-08-29 09:26:20,25100.0,500,Sell,235615307
2024-08-29 09:26:20,25100.0,100,Sell,235615308
2024-08-29 09:26:20,25100.0,2000,Sell,235615309
2024-08-29 09:26:20,25100.0,300,Sell,235615310
2024-08-29 09:26:21,25100.0,1200,Buy,235615316
2024-08-29 09:26:21,25100.0,10000,Buy,235615321
2024-08-29 09:26:21,25100.0,2000,Buy,235615329
2024-08-29 09:26:22,25100.0,300,Buy,235615341
2024-08-29 09:26:22,25100.0,1000,Buy,235615342
2024-08-29 09:26:24,25050.0,1000,Sell,235615404
2024-08-29 09:26:24,25050.0,600,Sell,235615403
2024-08-29 09:26:24,25050.0,3800,Sell,235615406
2024-08-29 09:26:24,25050.0,200,Sell,235615405
2024-08-29 09:26:24,25050.0,400,Sell,235615402
2024-08-29 09:26:24,25050.0,1000,Sell,235615397
2024-08-29 09:26:24,25050.0,1000,Sell,235615400
2024-08-29 09:26:24,25050.0,100,Sell,235615399
2024-08-29 09:26:24,25050.0,500,Sell,235615398
2024-08-29 09:26:24,25050.0,1000,Sell,235615396
2024-08-29 09:26:24,25050.0,1000,Sell,235615401
2024-08-29 09:26:25,25050.0,5800,Buy,235615441
2024-08-29 09:26:25,25050.0,900,Sell,235615438
2024-08-29 09:26:25,25050.0,1300,Sell,235615437
2024-08-29 09:26:25,25050.0,100,Sell,235615435
2024-08-29 09:26:25,25050.0,1200,Sell,235615434
2024-08-29 09:26:25,25050.0,20000,Sell,235615433
2024-08-29 09:26:25,25050.0,800,Sell,235615436
2024-08-29 09:26:25,25050.0,4000,Sell,235615431
2024-08-29 09:26:25,25050.0,1000,Sell,235615430
2024-08-29 09:26:25,25050.0,400,Sell,235615429
2024-08-29 09:26:25,25050.0,10000,Sell,235615428
2024-08-29 09:26:25,25050.0,5900,Sell,235615427
2024-08-29 09:26:25,25050.0,1900,Sell,235615426
2024-08-29 09:26:25,25050.0,1000,Sell,235615432
2024-08-29 09:26:26,25050.0,100,Buy,235615479
2024-08-29 09:26:30,25050.0,200,Buy,235615613
2024-08-29 09:26:30,25050.0,600,Buy,235615612
2024-08-29 09:26:30,25050.0,1000,Buy,235615603
2024-08-29 09:26:31,25050.0,1000,Buy,235615626
2024-08-29 09:26:32,25050.0,1200,Buy,235615642
2024-08-29 09:26:33,25000.0,500,Sell,235615653
2024-08-29 09:26:33,25050.0,300,Buy,235615656
2024-08-29 09:26:34,25050.0,900,Buy,235615690
2024-08-29 09:26:35,25050.0,200,Buy,235615730
2024-08-29 09:26:36,25050.0,200,Buy,235615753
2024-08-29 09:26:36,25050.0,2000,Buy,235615752
2024-08-29 09:26:38,25050.0,500,Buy,235615843
2024-08-29 09:26:41,25050.0,1300,Buy,235615884
2024-08-29 09:26:44,25000.0,100,Sell,235615957
2024-08-29 09:26:45,25050.0,1300,Buy,235615986
2024-08-29 09:26:46,25050.0,1000,Buy,235616045
2024-08-29 09:26:46,25050.0,100,Buy,235616055
2024-08-29 09:26:47,25050.0,2300,Buy,235616072
2024-08-29 09:26:48,25050.0,3800,Buy,235616083
2024-08-29 09:26:48,25050.0,6000,Buy,235616084
2024-08-29 09:26:49,25050.0,2000,Buy,235616108
2024-08-29 09:26:50,25050.0,500,Buy,235616137
2024-08-29 09:26:51,25050.0,500,Buy,235616147
2024-08-29 09:26:53,25050.0,4000,Buy,235616177
2024-08-29 09:26:54,25050.0,200,Buy,235616201
2024-08-29 09:26:55,25050.0,500,Buy,235616206
2024-08-29 09:26:56,25050.0,10000,Buy,235616228
2024-08-29 09:26:57,25050.0,1100,Buy,235616248
2024-08-29 09:26:57,25050.0,3300,Buy,235616249
2024-08-29 09:26:57,25000.0,500,Sell,235616254
2024-08-29 09:26:57,25050.0,2900,Buy,235616239
2024-08-29 09:26:58,25050.0,11700,Buy,235616269
2024-08-29 09:26:58,25050.0,3700,Buy,235616270
2024-08-29 09:26:59,25050.0,600,Buy,235616278
2024-08-29 09:26:59,25050.0,500,Buy,235616279
2024-08-29 09:27:00,25000.0,2600,Sell,235616305
2024-08-29 09:27:00,25000.0,1400,Sell,235616306
2024-08-29 09:27:01,25000.0,1600,Sell,235616322
2024-08-29 09:27:01,25000.0,400,Sell,235616323
2024-08-29 09:27:03,25050.0,100,Buy,235616361
2024-08-29 09:27:03,25000.0,600,Sell,235616359
2024-08-29 09:27:03,25000.0,400,Sell,235616360
2024-08-29 09:27:04,25050.0,2000,Buy,235616373
2024-08-29 09:27:06,25050.0,200,Buy,235616454
2024-08-29 09:27:06,25050.0,700,Buy,235616457
2024-08-29 09:27:06,25050.0,100,Buy,235616458
2024-08-29 09:27:07,25050.0,500,Buy,235616476
2024-08-29 09:27:10,25050.0,200,Buy,235616538
2024-08-29 09:27:10,25050.0,200,Buy,235616547
2024-08-29 09:27:10,25000.0,500,Sell,235616552
2024-08-29 09:27:10,25050.0,200,Buy,235616553
2024-08-29 09:27:10,25050.0,900,Buy,235616554
2024-08-29 09:27:11,25050.0,4500,Buy,235616579
2024-08-29 09:27:11,25050.0,500,Buy,235616578
2024-08-29 09:27:11,25050.0,100,Buy,235616577
2024-08-29 09:27:11,25050.0,2000,Buy,235616576
2024-08-29 09:27:11,25050.0,3600,Buy,235616568
2024-08-29 09:27:11,25050.0,48900,Buy,235616567
2024-08-29 09:27:11,25050.0,6800,Buy,235616575
2024-08-29 09:27:13,25050.0,100,Buy,235616617
2024-08-29 09:27:14,25050.0,1000,Buy,235616621
2024-08-29 09:27:15,25050.0,1800,Buy,235616633
2024-08-29 09:27:15,25050.0,1000,Buy,235616646
2024-08-29 09:27:16,25050.0,6600,Buy,235616655
2024-08-29 09:27:16,25050.0,200,Buy,235616656
2024-08-29 09:27:16,25050.0,5000,Buy,235616657
2024-08-29 09:27:16,25050.0,100,Buy,235616658
2024-08-29 09:27:18,25050.0,2000,Buy,235616699
2024-08-29 09:27:18,25050.0,300,Buy,235616698
2024-08-29 09:27:18,25050.0,100,Buy,235616701
2024-08-29 09:27:18,25050.0,200,Buy,235616696
2024-08-29 09:27:18,25050.0,2400,Buy,235616697
2024-08-29 09:27:18,25050.0,1100,Buy,235616682
2024-08-29 09:27:18,25050.0,200,Buy,235616700
2024-08-29 09:27:18,25050.0,1000,Buy,235616695
2024-08-29 09:27:19,25050.0,100,Sell,235616752
2024-08-29 09:27:19,25050.0,300,Buy,235616750
2024-08-29 09:27:19,25050.0,500,Buy,235616749
2024-08-29 09:27:19,25050.0,100,Buy,235616748
2024-08-29 09:27:19,25050.0,10000,Buy,235616747
2024-08-29 09:27:19,25050.0,1000,Buy,235616746
2024-08-29 09:27:19,25050.0,100,Buy,235616704
2024-08-29 09:27:19,25050.0,200,Buy,235616744
2024-08-29 09:27:19,25050.0,1000,Buy,235616745
2024-08-29 09:27:19,25050.0,900,Buy,235616705
2024-08-29 09:27:19,25050.0,100,Buy,235616706
2024-08-29 09:27:19,25050.0,500,Sell,235616751
2024-08-29 09:27:19,25050.0,200,Buy,235616741
2024-08-29 09:27:19,25050.0,800,Buy,235616742
2024-08-29 09:27:19,25050.0,1000,Buy,235616740
2024-08-29 09:27:20,25050.0,2000,Sell,235616802
2024-08-29 09:27:20,25050.0,100,Sell,235616822
2024-08-29 09:27:20,25050.0,400,Sell,235616823
2024-08-29 09:27:21,25050.0,2000,Buy,235616837
2024-08-29 09:27:21,25050.0,100,Buy,235616845
2024-08-29 09:27:21,25050.0,2000,Buy,235616846
2024-08-29 09:27:22,25050.0,2000,Buy,235616860
2024-08-29 09:27:23,25050.0,300,Buy,235616861
2024-08-29 09:27:23,25050.0,1000,Buy,235616862
2024-08-29 09:27:23,25050.0,1500,Buy,235616875
2024-08-29 09:27:24,25050.0,2600,Buy,235616886
2024-08-29 09:27:25,25050.0,2000,Buy,235616914
2024-08-29 09:27:25,25050.0,500,Buy,235616913
2024-08-29 09:27:25,25050.0,1000,Buy,235616908
2024-08-29 09:27:25,25050.0,500,Buy,235616911
2024-08-29 09:27:26,25050.0,100,Buy,235616924
2024-08-29 09:27:27,25050.0,100,Buy,235616933
2024-08-29 09:27:28,25050.0,1000,Buy,235616963
2024-08-29 09:27:28,25050.0,1000,Buy,235616968
2024-08-29 09:27:28,25050.0,100,Buy,235616969
2024-08-29 09:27:29,25050.0,2000,Buy,235616978
2024-08-29 09:27:29,25050.0,3000,Buy,235616990
2024-08-29 09:27:29,25050.0,100,Buy,235616991
2024-08-29 09:27:29,25050.0,3000,Buy,235616992
2024-08-29 09:27:29,25050.0,1000,Buy,235616993
2024-08-29 09:27:29,25050.0,4900,Buy,235616994
2024-08-29 09:27:30,25050.0,500,Buy,235617013
2024-08-29 09:27:31,25050.0,20000,Buy,235617031
2024-08-29 09:27:31,25050.0,4000,Buy,235617034
2024-08-29 09:27:32,25050.0,500,Buy,235617054
2024-08-29 09:27:34,25050.0,2200,Buy,235617097
2024-08-29 09:27:34,25050.0,700,Buy,235617096
2024-08-29 09:27:34,25000.0,100,Sell,235617093
2024-08-29 09:27:34,25050.0,1000,Buy,235617094
2024-08-29 09:27:34,25050.0,100,Buy,235617095
2024-08-29 09:27:34,25050.0,100,Buy,235617088
2024-08-29 09:27:35,25050.0,11800,Buy,235617100
2024-08-29 09:27:35,25050.0,500,Buy,235617101
2024-08-29 09:27:36,25050.0,500,Sell,235617155
2024-08-29 09:27:36,25050.0,500,Sell,235617156
2024-08-29 09:27:37,25050.0,100,Sell,235617165
2024-08-29 09:27:40,25050.0,200,Sell,235617284
2024-08-29 09:27:41,25050.0,2000,Sell,235617300
2024-08-29 09:27:41,25050.0,400,Sell,235617301
2024-08-29 09:27:43,25050.0,100,Sell,235617356
2024-08-29 09:27:45,25050.0,500,Sell,235617392
2024-08-29 09:27:46,25050.0,1000,Sell,235617405
2024-08-29 09:27:48,25050.0,4800,Sell,235617484
2024-08-29 09:27:48,25050.0,200,Sell,235617483
2024-08-29 09:27:49,25050.0,1000,Sell,235617502
2024-08-29 09:27:49,25050.0,4600,Sell,235617506
2024-08-29 09:27:49,25050.0,8700,Sell,235617505
2024-08-29 09:27:49,25050.0,200,Sell,235617501
2024-08-29 09:27:49,25050.0,400,Sell,235617503
2024-08-29 09:27:49,25050.0,100,Sell,235617504
2024-08-29 09:27:50,25100.0,1000,Buy,235617566
2024-08-29 09:27:51,25050.0,200,Sell,235617588
2024-08-29 09:27:51,25100.0,1500,Buy,235617592
2024-08-29 09:27:51,25050.0,200,Sell,235617593
2024-08-29 09:27:51,25050.0,200,Sell,235617594
2024-08-29 09:27:51,25050.0,2600,Sell,235617595
2024-08-29 09:27:52,25050.0,500,Sell,235617608
2024-08-29 09:27:53,25100.0,2900,Buy,235617625
2024-08-29 09:27:54,25050.0,3000,Buy,235617652
2024-08-29 09:27:54,25050.0,200,Sell,235617651
2024-08-29 09:27:54,25050.0,1000,Sell,235617650
2024-08-29 09:27:54,25050.0,300,Sell,235617648
2024-08-29 09:27:54,25050.0,800,Sell,235617647
2024-08-29 09:27:54,25050.0,100,Sell,235617636
2024-08-29 09:27:54,25050.0,5000,Sell,235617649
2024-08-29 09:27:54,25050.0,16800,Sell,235617646
2024-08-29 09:27:57,25000.0,4000,Sell,235617718
2024-08-29 09:27:57,25000.0,200,Sell,235617719
2024-08-29 09:27:58,25050.0,300,Buy,235617723
2024-08-29 09:28:00,25050.0,3000,Buy,235617751
2024-08-29 09:28:01,25050.0,100,Buy,235617778
2024-08-29 09:28:01,25050.0,1000,Buy,235617779
2024-08-29 09:28:02,25050.0,4600,Buy,235617781
2024-08-29 09:28:03,25050.0,500,Buy,235617813
2024-08-29 09:28:04,25050.0,100,Buy,235617842
2024-08-29 09:28:05,25050.0,2300,Buy,235617851
2024-08-29 09:28:06,25050.0,500,Buy,235617885
2024-08-29 09:28:06,25050.0,500,Buy,235617884
2024-08-29 09:28:06,25050.0,1000,Buy,235617854
2024-08-29 09:28:06,25050.0,10000,Buy,235617867
2024-08-29 09:28:06,25050.0,200,Buy,235617881
2024-08-29 09:28:07,25050.0,500,Buy,235617903
2024-08-29 09:28:07,25050.0,1000,Buy,235617904
2024-08-29 09:28:07,25050.0,1000,Buy,235617905
2024-08-29 09:28:07,25050.0,2500,Buy,235617906
2024-08-29 09:28:07,25050.0,1000,Buy,235617907
2024-08-29 09:28:09,25050.0,400,Buy,235617932
2024-08-29 09:28:09,25050.0,2100,Buy,235617943
2024-08-29 09:28:09,25050.0,1000,Buy,235617944
2024-08-29 09:28:09,25050.0,500,Buy,235617945
2024-08-29 09:28:16,25050.0,4000,Sell,235618066
2024-08-29 09:28:19,25050.0,1000,Sell,235618141
2024-08-29 09:28:19,25050.0,100,Sell,235618122
2024-08-29 09:28:19,25100.0,100,Buy,235618130
2024-08-29 09:28:20,25050.0,100,Sell,235618144
2024-08-29 09:28:22,25100.0,1000,Buy,235618181
2024-08-29 09:28:22,25050.0,500,Sell,235618185
2024-08-29 09:28:28,25050.0,100,Sell,235618352
2024-08-29 09:28:29,25050.0,100,Sell,235618362
2024-08-29 09:28:29,25050.0,500,Sell,235618370
2024-08-29 09:28:31,25050.0,300,Sell,235618401
2024-08-29 09:28:32,25050.0,300,Sell,235618503
2024-08-29 09:28:33,25050.0,2200,Sell,235618526
2024-08-29 09:28:33,25050.0,2100,Sell,235618523
2024-08-29 09:28:33,25050.0,800,Sell,235618525
2024-08-29 09:28:34,25050.0,200,Sell,235618540
2024-08-29 09:28:34,25050.0,100,Sell,235618548
2024-08-29 09:28:35,25100.0,2000,Buy,235618562
2024-08-29 09:28:37,25050.0,3000,Sell,235618604
2024-08-29 09:28:37,25100.0,100,Buy,235618614
2024-08-29 09:28:37,25050.0,3000,Sell,235618617
2024-08-29 09:28:39,25100.0,10000,Buy,235618648
2024-08-29 09:28:41,25050.0,1500,Sell,235618747
2024-08-29 09:28:41,25050.0,500,Sell,235618748
2024-08-29 09:28:44,25100.0,2000,Buy,235618835
2024-08-29 09:28:47,25100.0,1000,Buy,235618877
2024-08-29 09:28:50,25100.0,700,Buy,235618955
2024-08-29 09:28:53,25100.0,300,Buy,235619007
2024-08-29 09:28:56,25100.0,3000,Buy,235619048
2024-08-29 09:28:58,25050.0,500,Sell,235619090
2024-08-29 09:28:58,25050.0,1000,Sell,235619091
2024-08-29 09:28:58,25100.0,2000,Buy,235619101
2024-08-29 09:28:59,25100.0,47000,Buy,235619110
2024-08-29 09:28:59,25100.0,500,Buy,235619109
2024-08-29 09:28:59,25100.0,51800,Buy,235619105
2024-08-29 09:28:59,25100.0,100,Buy,235619107
2024-08-29 09:28:59,25100.0,500,Buy,235619106
2024-08-29 09:28:59,25100.0,100,Buy,235619108
2024-08-29 09:29:02,25100.0,500,Buy,235619170
2024-08-29 09:29:03,25100.0,300,Buy,235619219
2024-08-29 09:29:04,25050.0,200,Sell,235619243
2024-08-29 09:29:06,25100.0,900,Buy,235619257
2024-08-29 09:29:09,25100.0,1300,Buy,235619297
2024-08-29 09:29:09,25100.0,1000,Buy,235619298
2024-08-29 09:29:09,25100.0,500,Buy,235619299
2024-08-29 09:29:09,25100.0,17200,Buy,235619300
2024-08-29 09:29:09,25100.0,1900,Buy,235619311
2024-08-29 09:29:11,25100.0,300,Buy,235619346
2024-08-29 09:29:11,25100.0,900,Buy,235619336
2024-08-29 09:29:11,25100.0,100,Buy,235619337
2024-08-29 09:29:14,25100.0,200,Buy,235619471
2024-08-29 09:29:14,25100.0,1000,Buy,235619445
2024-08-29 09:29:14,25100.0,500,Buy,235619446
2024-08-29 09:29:14,25100.0,1200,Buy,235619447
2024-08-29 09:29:14,25100.0,200,Buy,235619444
2024-08-29 09:29:14,25100.0,500,Buy,235619449
2024-08-29 09:29:14,25100.0,500,Buy,235619450
2024-08-29 09:29:14,25100.0,600,Buy,235619451
2024-08-29 09:29:14,25100.0,100,Buy,235619452
2024-08-29 09:29:14,25100.0,100,Buy,235619453
2024-08-29 09:29:14,25100.0,100,Buy,235619454
2024-08-29 09:29:14,25100.0,2000,Buy,235619455
2024-08-29 09:29:14,25100.0,100,Buy,235619456
2024-08-29 09:29:14,25100.0,500,Buy,235619458
2024-08-29 09:29:14,25100.0,100,Buy,235619460
2024-08-29 09:29:14,25100.0,100,Buy,235619461
2024-08-29 09:29:14,25100.0,2000,Buy,235619462
2024-08-29 09:29:14,25100.0,2000,Buy,235619463
2024-08-29 09:29:14,25100.0,2000,Buy,235619464
2024-08-29 09:29:14,25100.0,100,Buy,235619465
2024-08-29 09:29:14,25100.0,100,Buy,235619466
2024-08-29 09:29:14,25100.0,400,Buy,235619467
2024-08-29 09:29:14,25100.0,2000,Buy,235619468
2024-08-29 09:29:14,25100.0,200,Buy,235619469
2024-08-29 09:29:14,25100.0,500,Buy,235619470
2024-08-29 09:29:14,25100.0,400,Buy,235619459
2024-08-29 09:29:14,25100.0,9000,Buy,235619443
2024-08-29 09:29:14,25100.0,200,Buy,235619448
2024-08-29 09:29:14,25100.0,800,Buy,235619441
2024-08-29 09:29:14,25100.0,800,Buy,235619407
2024-08-29 09:29:14,25100.0,48800,Buy,235619415
2024-08-29 09:29:14,25100.0,1000,Buy,235619416
2024-08-29 09:29:14,25100.0,200,Buy,235619417
2024-08-29 09:29:14,25100.0,500,Buy,235619418
2024-08-29 09:29:14,25100.0,1000,Buy,235619419
2024-08-29 09:29:14,25100.0,1000,Buy,235619420
2024-08-29 09:29:14,25100.0,100,Buy,235619421
2024-08-29 09:29:14,25100.0,200,Buy,235619422
2024-08-29 09:29:14,25100.0,200,Buy,235619423
2024-08-29 09:29:14,25100.0,100,Buy,235619424
2024-08-29 09:29:14,25100.0,500,Buy,235619425
2024-08-29 09:29:14,25100.0,200,Buy,235619426
2024-08-29 09:29:14,25100.0,300,Buy,235619442
2024-08-29 09:29:14,25100.0,1000,Buy,235619428
2024-08-29 09:29:14,25100.0,1600,Buy,235619440
2024-08-29 09:29:14,25100.0,1000,Buy,235619439
2024-08-29 09:29:14,25100.0,2000,Buy,235619437
2024-08-29 09:29:14,25100.0,500,Buy,235619436
2024-08-29 09:29:14,25100.0,3000,Buy,235619435
2024-08-29 09:29:14,25100.0,5000,Buy,235619438
2024-08-29 09:29:14,25100.0,100,Buy,235619433
2024-08-29 09:29:14,25100.0,500,Buy,235619432
2024-08-29 09:29:14,25100.0,2500,Buy,235619431
2024-08-29 09:29:14,25100.0,500,Buy,235619430
2024-08-29 09:29:14,25100.0,100,Buy,235619429
2024-08-29 09:29:14,25100.0,500,Buy,235619434
2024-08-29 09:29:14,25100.0,100,Buy,235619427
2024-08-29 09:29:16,25100.0,1800,Buy,235619535
2024-08-29 09:29:16,25100.0,200,Buy,235619536
2024-08-29 09:29:17,25100.0,1000,Buy,235619566
2024-08-29 09:29:17,25100.0,1000,Buy,235619576
2024-08-29 09:29:19,25100.0,200,Buy,235619607
2024-08-29 09:29:19,25100.0,300,Buy,235619608
2024-08-29 09:29:19,25100.0,100,Buy,235619609
2024-08-29 09:29:21,25100.0,1000,Buy,235619659
2024-08-29 09:29:22,25100.0,1200,Buy,235619660
2024-08-29 09:29:22,25100.0,6000,Buy,235619666
2024-08-29 09:29:25,25100.0,500,Buy,235619764
2024-08-29 09:29:25,25050.0,2000,Sell,235619732
2024-08-29 09:29:25,25050.0,300,Sell,235619733
2024-08-29 09:29:25,25050.0,200,Sell,235619734
2024-08-29 09:29:25,25050.0,2400,Sell,235619736
2024-08-29 09:29:25,25050.0,1000,Sell,235619737
2024-08-29 09:29:25,25050.0,200,Sell,235619738
2024-08-29 09:29:25,25050.0,100,Sell,235619739
2024-08-29 09:29:25,25050.0,1000,Sell,235619740
2024-08-29 09:29:25,25050.0,300,Sell,235619741
2024-08-29 09:29:25,25050.0,500,Sell,235619731
2024-08-29 09:29:25,25050.0,11700,Sell,235619744
2024-08-29 09:29:25,25050.0,200,Sell,235619745
2024-08-29 09:29:25,25050.0,50000,Sell,235619746
2024-08-29 09:29:25,25050.0,2000,Sell,235619747
2024-08-29 09:29:25,25050.0,500,Sell,235619748
2024-08-29 09:29:25,25050.0,1700,Sell,235619749
2024-08-29 09:29:25,25050.0,2200,Sell,235619750
2024-08-29 09:29:25,25050.0,500,Sell,235619742
2024-08-29 09:29:25,25050.0,4000,Sell,235619730
2024-08-29 09:29:25,25050.0,500,Sell,235619743
2024-08-29 09:29:25,25050.0,300,Sell,235619728
2024-08-29 09:29:25,25050.0,20000,Sell,235619729
2024-08-29 09:29:25,25050.0,13800,Sell,235619708
2024-08-29 09:29:25,25050.0,200,Sell,235619709
2024-08-29 09:29:25,25050.0,900,Sell,235619710
2024-08-29 09:29:25,25050.0,19700,Sell,235619711
2024-08-29 09:29:25,25050.0,5000,Sell,235619712
2024-08-29 09:29:25,25050.0,100,Sell,235619713
2024-08-29 09:29:25,25050.0,3000,Sell,235619714
2024-08-29 09:29:25,25050.0,300,Sell,235619715
2024-08-29 09:29:25,25050.0,2000,Sell,235619716
2024-08-29 09:29:25,25050.0,10000,Sell,235619717
2024-08-29 09:29:25,25050.0,4000,Sell,235619735
2024-08-29 09:29:25,25050.0,10000,Sell,235619719
2024-08-29 09:29:25,25050.0,500,Sell,235619727
2024-08-29 09:29:25,25050.0,200,Sell,235619726
2024-08-29 09:29:25,25050.0,100,Sell,235619725
2024-08-29 09:29:25,25050.0,100,Sell,235619724
2024-08-29 09:29:25,25050.0,100,Sell,235619718
2024-08-29 09:29:25,25050.0,1800,Sell,235619723
2024-08-29 09:29:25,25050.0,2000,Sell,235619722
2024-08-29 09:29:25,25050.0,24000,Sell,235619721
2024-08-29 09:29:25,25050.0,1000,Sell,235619720
2024-08-29 09:29:26,25100.0,15000,Buy,235619800
2024-08-29 09:29:26,25100.0,500,Buy,235619794
2024-08-29 09:29:26,25100.0,5000,Buy,235619795
2024-08-29 09:29:26,25100.0,100,Buy,235619796
2024-08-29 09:29:26,25100.0,500,Buy,235619797
2024-08-29 09:29:26,25100.0,5000,Buy,235619798
2024-08-29 09:29:26,25100.0,500,Buy,235619799
2024-08-29 09:29:26,25100.0,1600,Buy,235619793
2024-08-29 09:29:26,25100.0,2000,Buy,235619801
2024-08-29 09:29:26,25100.0,2000,Buy,235619805
2024-08-29 09:29:26,25100.0,100,Buy,235619803
2024-08-29 09:29:26,25100.0,100,Buy,235619804
2024-08-29 09:29:26,25100.0,500,Buy,235619792
2024-08-29 09:29:26,25100.0,2000,Buy,235619806
2024-08-29 09:29:26,25100.0,19200,Sell,235619822
2024-08-29 09:29:26,25100.0,1000,Sell,235619823
2024-08-29 09:29:26,25050.0,1800,Sell,235619824
2024-08-29 09:29:26,25050.0,700,Sell,235619825
2024-08-29 09:29:26,25050.0,300,Sell,235619826
2024-08-29 09:29:26,25050.0,10000,Sell,235619827
2024-08-29 09:29:26,25050.0,1000,Sell,235619828
2024-08-29 09:29:26,25100.0,1000,Buy,235619802
2024-08-29 09:29:26,25100.0,500,Buy,235619791
2024-08-29 09:29:26,25100.0,100,Buy,235619787
2024-08-29 09:29:26,25100.0,100,Buy,235619789
2024-08-29 09:29:26,25100.0,1200,Buy,235619767
2024-08-29 09:29:26,25100.0,200,Buy,235619768
2024-08-29 09:29:26,25100.0,5000,Buy,235619769
2024-08-29 09:29:26,25100.0,100,Buy,235619770
2024-08-29 09:29:26,25100.0,30000,Buy,235619771
2024-08-29 09:29:26,25100.0,100,Buy,235619772
2024-08-29 09:29:26,25100.0,2200,Buy,235619773
2024-08-29 09:29:26,25100.0,200,Buy,235619774
2024-08-29 09:29:26,25100.0,200,Buy,235619790
2024-08-29 09:29:26,25100.0,500,Buy,235619776
2024-08-29 09:29:26,25100.0,1000,Buy,235619775
2024-08-29 09:29:26,25100.0,300,Buy,235619778
2024-08-29 09:29:26,25100.0,200,Buy,235619779
2024-08-29 09:29:26,25100.0,500,Buy,235619781
2024-08-29 09:29:26,25100.0,100,Buy,235619782
2024-08-29 09:29:26,25100.0,300,Buy,235619783
2024-08-29 09:29:26,25100.0,200,Buy,235619784
2024-08-29 09:29:26,25100.0,100,Buy,235619785
2024-08-29 09:29:26,25100.0,2000,Buy,235619786
2024-08-29 09:29:26,25100.0,500,Buy,235619788
2024-08-29 09:29:26,25100.0,200,Buy,235619777
2024-08-29 09:29:26,25100.0,100,Buy,235619780
2024-08-29 09:29:28,25050.0,11000,Buy,235619864
2024-08-29 09:29:28,25050.0,5000,Buy,235619863
2024-08-29 09:29:29,25100.0,5000,Buy,235619873
2024-08-29 09:29:29,25100.0,10000,Buy,235619877
2024-08-29 09:29:30,25100.0,300,Sell,235619901
2024-08-29 09:29:32,25100.0,10000,Sell,235619955
2024-08-29 09:29:34,25100.0,500,Sell,235619994
2024-08-29 09:29:35,25100.0,1000,Sell,235620014
2024-08-29 09:29:36,25100.0,200,Sell,235620026
2024-08-29 09:29:36,25100.0,500,Sell,235620027
2024-08-29 09:29:38,25100.0,300,Buy,235620063
2024-08-29 09:29:38,25100.0,200,Buy,235620064
2024-08-29 09:29:42,25100.0,800,Buy,235620159
2024-08-29 09:29:42,25050.0,500,Sell,235620160
2024-08-29 09:29:43,25100.0,500,Buy,235620184
2024-08-29 09:29:44,25100.0,200,Buy,235620230
2024-08-29 09:29:47,25100.0,2000,Buy,235620290
2024-08-29 09:29:50,25100.0,300,Buy,235620335
2024-08-29 09:29:52,25100.0,2000,Buy,235620359
2024-08-29 09:29:56,25100.0,1000,Buy,235620411
2024-08-29 09:29:56,25100.0,2000,Buy,235620410
2024-08-29 09:29:56,25100.0,100,Buy,235620409
2024-08-29 09:29:56,25100.0,100,Buy,235620408
2024-08-29 09:29:56,25100.0,100,Buy,235620407
2024-08-29 09:29:56,25100.0,1000,Buy,235620401
2024-08-29 09:29:56,25100.0,1000,Buy,235620404
2024-08-29 09:29:56,25100.0,500,Buy,235620403
2024-08-29 09:29:56,25100.0,500,Buy,235620402
2024-08-29 09:29:56,25100.0,25300,Sell,235620421
2024-08-29 09:29:56,25100.0,100,Buy,235620400
2024-08-29 09:29:56,25100.0,100,Buy,235620406
2024-08-29 09:29:56,25100.0,1000,Buy,235620398
2024-08-29 09:29:56,25100.0,100,Buy,235620399
2024-08-29 09:29:56,25100.0,4200,Buy,235620388
2024-08-29 09:29:56,25100.0,10000,Buy,235620389
2024-08-29 09:29:56,25100.0,15000,Buy,235620390
2024-08-29 09:29:56,25100.0,100,Buy,235620391
2024-08-29 09:29:56,25100.0,2000,Buy,235620392
2024-08-29 09:29:56,25100.0,1000,Buy,235620405
2024-08-29 09:29:56,25100.0,200,Buy,235620394
2024-08-29 09:29:56,25100.0,100,Buy,235620393
2024-08-29 09:29:56,25100.0,2000,Buy,235620395
2024-08-29 09:29:56,25100.0,100,Buy,235620396
2024-08-29 09:29:56,25100.0,5200,Buy,235620397
2024-08-29 09:29:57,25100.0,1000,Sell,235620428
2024-08-29 09:29:58,25100.0,500,Sell,235620444
2024-08-29 09:29:58,25100.0,1200,Sell,235620449
2024-08-29 09:29:58,25100.0,300,Sell,235620450
2024-08-29 09:30:00,25100.0,500,Sell,235620506
2024-08-29 09:30:00,25100.0,100,Sell,235620507
2024-08-29 09:30:01,25100.0,400,Sell,235620536
2024-08-29 09:30:01,25100.0,1100,Sell,235620516
2024-08-29 09:30:01,25100.0,1000,Sell,235620533
2024-08-29 09:30:02,25100.0,200,Sell,235620541
2024-08-29 09:30:03,25100.0,100,Sell,235620551
2024-08-29 09:30:03,25100.0,100,Sell,235620562
2024-08-29 09:30:04,25100.0,200,Sell,235620568
2024-08-29 09:30:04,25100.0,500,Sell,235620572
2024-08-29 09:30:07,25100.0,500,Sell,235620607
2024-08-29 09:30:07,25100.0,8000,Sell,235620610
2024-08-29 09:30:07,25100.0,100,Sell,235620621
2024-08-29 09:30:09,25100.0,1000,Sell,235620644
2024-08-29 09:30:09,25100.0,200,Sell,235620645
2024-08-29 09:30:09,25100.0,1500,Sell,235620646
2024-08-29 09:30:09,25100.0,900,Sell,235620647
2024-08-29 09:30:09,25100.0,11400,Sell,235620643
2024-08-29 09:30:10,25100.0,4100,Sell,235620668
2024-08-29 09:30:10,25100.0,900,Sell,235620669
2024-08-29 09:30:12,25100.0,1000,Sell,235620689
2024-08-29 09:30:13,25100.0,300,Sell,235620729
2024-08-29 09:30:14,25100.0,100,Sell,235620753
2024-08-29 09:30:14,25100.0,500,Sell,235620749
2024-08-29 09:30:15,25100.0,1200,Sell,235620774
2024-08-29 09:30:15,25100.0,800,Sell,235620773
2024-08-29 09:30:16,25100.0,3100,Sell,235620776
2024-08-29 09:30:16,25100.0,2400,Sell,235620777
2024-08-29 09:30:17,25100.0,2000,Sell,235620810
2024-08-29 09:30:17,25100.0,1000,Sell,235620809
2024-08-29 09:30:17,25100.0,300,Sell,235620808
2024-08-29 09:30:17,25100.0,1800,Sell,235620807
2024-08-29 09:30:17,25100.0,3000,Buy,235620813
2024-08-29 09:30:17,25100.0,1000,Sell,235620805
2024-08-29 09:30:17,25100.0,1800,Sell,235620804
2024-08-29 09:30:17,25100.0,500,Sell,235620803
2024-08-29 09:30:17,25100.0,20000,Sell,235620802
2024-08-29 09:30:17,25100.0,100,Sell,235620806
2024-08-29 09:30:17,25100.0,600,Sell,235620801
2024-08-29 09:30:19,25100.0,2200,Buy,235620841
2024-08-29 09:30:25,25100.0,300,Buy,235620946
2024-08-29 09:30:26,25100.0,1000,Buy,235620959
2024-08-29 09:30:27,25100.0,300,Buy,235620986
2024-08-29 09:30:27,25100.0,900,Buy,235620995
2024-08-29 09:30:29,25100.0,1900,Buy,235621021
2024-08-29 09:30:31,25050.0,100,Sell,235621053
2024-08-29 09:30:33,25050.0,200,Sell,235621083
2024-08-29 09:30:34,25100.0,6000,Buy,235621100
2024-08-29 09:30:36,25100.0,5300,Buy,235621138
2024-08-29 09:30:36,25100.0,1000,Buy,235621139
2024-08-29 09:30:36,25100.0,200,Buy,235621140
2024-08-29 09:30:36,25100.0,1500,Buy,235621141
2024-08-29 09:30:36,25100.0,5000,Buy,235621142
2024-08-29 09:30:38,25100.0,2000,Buy,235621168
2024-08-29 09:30:42,25100.0,500,Buy,235621243
2024-08-29 09:30:49,25100.0,1000,Buy,235621341
2024-08-29 09:30:49,25100.0,2000,Buy,235621333
2024-08-29 09:30:57,25100.0,100,Buy,235621684
2024-08-29 09:31:02,25100.0,5000,Buy,235621778
2024-08-29 09:31:07,25100.0,800,Buy,235621947
2024-08-29 09:31:12,25100.0,600,Buy,235622080
2024-08-29 09:31:12,25100.0,200,Buy,235622079
2024-08-29 09:31:12,25100.0,100,Buy,235622077
2024-08-29 09:31:12,25100.0,2000,Buy,235622078
2024-08-29 09:31:12,25100.0,100,Buy,235622075
2024-08-29 09:31:12,25100.0,1900,Buy,235622074
2024-08-29 09:31:12,25100.0,200,Buy,235622069
2024-08-29 09:31:12,25050.0,500,Sell,235622052
2024-08-29 09:31:12,25100.0,100,Buy,235622076
2024-08-29 09:31:15,25050.0,400,Sell,235622177
