time,price,volume,match_type,id
2024-08-09 09:14:38,23200.0,80800,ATO/ATC,230423332
2024-08-09 09:14:52,23250.0,100,Buy,230423827
2024-08-09 09:14:52,23250.0,100,Buy,230423828
2024-08-09 09:15:28,23250.0,2400,Buy,230424707
2024-08-09 09:15:28,23250.0,200,Sell,230424704
2024-08-09 09:15:28,23250.0,9800,Sell,230424700
2024-08-09 09:15:28,23250.0,100,Sell,230424702
2024-08-09 09:15:28,23250.0,100,Sell,230424703
2024-08-09 09:15:28,23250.0,5000,Sell,230424701
2024-08-09 09:15:46,23250.0,1000,Sell,230425041
2024-08-09 09:16:07,23250.0,5000,Sell,230425674
2024-08-09 09:16:11,23250.0,1600,Sell,230425750
2024-08-09 09:16:11,23250.0,1300,Sell,230425751
2024-08-09 09:16:11,23250.0,5000,Sell,230425752
2024-08-09 09:16:11,23250.0,1000,Sell,230425753
2024-08-09 09:16:11,23250.0,1100,Sell,230425754
2024-08-09 09:16:19,23300.0,100,Buy,230425915
2024-08-09 09:16:19,23300.0,1900,Buy,230425916
2024-08-09 09:16:21,23250.0,4000,Sell,230425935
2024-08-09 09:16:26,23300.0,500,Buy,230426053
2024-08-09 09:16:46,23300.0,500,Buy,230426588
2024-08-09 09:17:05,23300.0,5000,Buy,230427058
2024-08-09 09:17:08,23300.0,100,Buy,230427163
2024-08-09 09:17:08,23300.0,500,Buy,230427162
2024-08-09 09:17:08,23300.0,200,Buy,230427161
2024-08-09 09:17:08,23300.0,2100,Buy,230427157
2024-08-09 09:17:08,23300.0,1000,Buy,230427159
2024-08-09 09:17:08,23300.0,100,Buy,230427158
2024-08-09 09:17:08,23300.0,1000,Buy,230427160
2024-08-09 09:17:18,23300.0,200,Buy,230427435
2024-08-09 09:17:18,23300.0,100,Buy,230427438
2024-08-09 09:17:18,23300.0,100,Buy,230427437
2024-08-09 09:17:18,23300.0,500,Buy,230427436
2024-08-09 09:17:18,23300.0,500,Buy,230427434
2024-08-09 09:17:18,23300.0,200,Buy,230427427
2024-08-09 09:17:18,23300.0,300,Buy,230427432
2024-08-09 09:17:18,23300.0,10000,Buy,230427431
2024-08-09 09:17:18,23300.0,500,Buy,230427430
2024-08-09 09:17:18,23300.0,1000,Buy,230427429
2024-08-09 09:17:18,23300.0,1500,Buy,230427428
2024-08-09 09:17:18,23300.0,100,Buy,230427433
2024-08-09 09:17:21,23350.0,2000,Buy,230427533
2024-08-09 09:17:21,23350.0,100,Buy,230427540
2024-08-09 09:17:21,23350.0,200,Buy,230427539
2024-08-09 09:17:21,23350.0,100,Buy,230427538
2024-08-09 09:17:21,23350.0,100,Buy,230427535
2024-08-09 09:17:21,23350.0,1000,Buy,230427534
2024-08-09 09:17:21,23350.0,200,Buy,230427532
2024-08-09 09:17:21,23350.0,500,Buy,230427527
2024-08-09 09:17:21,23350.0,200,Buy,230427530
2024-08-09 09:17:21,23350.0,500,Buy,230427529
2024-08-09 09:17:21,23350.0,100,Buy,230427528
2024-08-09 09:17:21,23350.0,100,Buy,230427524
2024-08-09 09:17:21,23350.0,10000,Buy,230427526
2024-08-09 09:17:21,23350.0,500,Buy,230427525
2024-08-09 09:17:21,23350.0,100,Buy,230427531
2024-08-09 09:17:26,23350.0,5000,Sell,230427686
2024-08-09 09:17:26,23350.0,10100,Sell,230427688
2024-08-09 09:17:26,23350.0,4900,Sell,230427689
2024-08-09 09:17:30,23350.0,5100,Sell,230427788
2024-08-09 09:17:39,23350.0,1000,Buy,230427969
2024-08-09 09:17:40,23300.0,200,Sell,230428001
2024-08-09 09:17:44,23300.0,100,Sell,230428083
2024-08-09 09:17:51,23350.0,100,Buy,230428251
2024-08-09 09:17:51,23350.0,3900,Buy,230428250
2024-08-09 09:18:09,23350.0,1000,Buy,230428665
2024-08-09 09:18:16,23350.0,200,Buy,230428819
2024-08-09 09:18:16,23350.0,200,Buy,230428820
2024-08-09 09:18:16,23350.0,200,Buy,230428821
2024-08-09 09:18:41,23350.0,100,Buy,230429426
2024-08-09 09:18:45,23350.0,500,Buy,230429555
2024-08-09 09:18:45,23350.0,6400,Buy,230429561
2024-08-09 09:18:45,23350.0,500,Buy,230429560
2024-08-09 09:18:45,23350.0,200,Buy,230429559
2024-08-09 09:18:45,23350.0,16800,Buy,230429558
2024-08-09 09:18:45,23350.0,100,Buy,230429557
2024-08-09 09:18:45,23350.0,100,Buy,230429556
2024-08-09 09:18:45,23350.0,300,Buy,230429554
2024-08-09 09:18:45,23350.0,700,Buy,230429545
2024-08-09 09:18:45,23350.0,2000,Buy,230429552
2024-08-09 09:18:45,23350.0,500,Buy,230429551
2024-08-09 09:18:45,23350.0,100,Buy,230429550
2024-08-09 09:18:45,23350.0,2000,Buy,230429549
2024-08-09 09:18:45,23350.0,100,Buy,230429548
2024-08-09 09:18:45,23350.0,500,Buy,230429547
2024-08-09 09:18:45,23350.0,9200,Buy,230429546
2024-08-09 09:18:45,23350.0,3000,Buy,230429553
2024-08-09 09:19:07,23350.0,1700,Buy,230430027
2024-08-09 09:19:20,23350.0,1900,Buy,230430381
2024-08-09 09:19:20,23350.0,2200,Buy,230430382
2024-08-09 09:19:25,23350.0,200,Buy,230430503
2024-08-09 09:19:59,23300.0,1000,Sell,230431314
2024-08-09 09:20:05,23350.0,600,Buy,230431476
2024-08-09 09:20:05,23350.0,400,Buy,230431477
2024-08-09 09:20:12,23350.0,200,Buy,230431640
2024-08-09 09:20:12,23350.0,1400,Buy,230431641
2024-08-09 09:20:12,23350.0,100,Buy,230431638
2024-08-09 09:20:12,23350.0,1000,Buy,230431639
2024-08-09 09:20:14,23300.0,200,Sell,230431677
2024-08-09 09:20:30,23300.0,200,Sell,230432047
2024-08-09 09:20:39,23300.0,3300,Sell,230432247
2024-08-09 09:20:39,23300.0,1000,Sell,230432248
2024-08-09 09:20:39,23300.0,700,Sell,230432249
2024-08-09 09:20:47,23300.0,100,Sell,230432426
2024-08-09 09:21:03,23300.0,100,Sell,230432736
2024-08-09 09:21:20,23300.0,500,Sell,230433188
2024-08-09 09:21:20,23300.0,500,Sell,230433189
2024-08-09 09:21:20,23300.0,2000,Sell,230433190
2024-08-09 09:21:20,23300.0,500,Sell,230433185
2024-08-09 09:21:20,23300.0,300,Sell,230433192
2024-08-09 09:21:20,23300.0,100,Sell,230433193
2024-08-09 09:21:20,23300.0,100,Sell,230433194
2024-08-09 09:21:20,23300.0,10000,Sell,230433191
2024-08-09 09:21:20,23300.0,200,Sell,230433184
2024-08-09 09:21:20,23300.0,100,Sell,230433174
2024-08-09 09:21:20,23300.0,5000,Sell,230433182
2024-08-09 09:21:20,23300.0,2000,Sell,230433181
2024-08-09 09:21:20,23300.0,10000,Sell,230433180
2024-08-09 09:21:20,23300.0,1200,Sell,230433179
2024-08-09 09:21:20,23300.0,200,Sell,230433178
2024-08-09 09:21:20,23300.0,700,Sell,230433177
2024-08-09 09:21:20,23300.0,5000,Sell,230433176
2024-08-09 09:21:20,23300.0,5000,Sell,230433175
2024-08-09 09:21:20,23300.0,3000,Sell,230433183
2024-08-09 09:21:31,23250.0,1000,Sell,230433381
2024-08-09 09:21:34,23300.0,1000,Buy,230433437
2024-08-09 09:21:34,23250.0,1000,Sell,230433458
2024-08-09 09:21:36,23250.0,200,Sell,230433554
2024-08-09 09:21:36,23250.0,1000,Sell,230433555
2024-08-09 09:21:36,23250.0,2000,Sell,230433553
2024-08-09 09:21:36,23250.0,4500,Sell,230433556
2024-08-09 09:21:36,23250.0,100,Sell,230433551
2024-08-09 09:21:36,23250.0,4000,Sell,230433550
2024-08-09 09:21:36,23250.0,100,Sell,230433549
2024-08-09 09:21:36,23250.0,200,Sell,230433552
2024-08-09 09:21:36,23250.0,2900,Sell,230433548
2024-08-09 09:22:10,23250.0,10500,Sell,230434414
2024-08-09 09:22:10,23250.0,4500,Sell,230434415
2024-08-09 09:22:12,23250.0,15500,Sell,230434469
2024-08-09 09:22:12,23250.0,2500,Sell,230434470
2024-08-09 09:22:20,23250.0,100,Sell,230434655
2024-08-09 09:22:23,23300.0,100,Buy,230434706
2024-08-09 09:22:26,23250.0,200,Sell,230434854
2024-08-09 09:22:47,23250.0,5000,Sell,230435396
2024-08-09 09:23:03,23300.0,800,Buy,230435772
2024-08-09 09:23:34,23250.0,1000,Sell,230436505
2024-08-09 09:23:44,23250.0,5000,Sell,230436778
2024-08-09 09:23:59,23300.0,1000,Buy,230437076
2024-08-09 09:24:21,23300.0,300,Buy,230437654
2024-08-09 09:24:51,23300.0,100,Buy,230438277
2024-08-09 09:24:59,23250.0,1000,Sell,230438491
2024-08-09 09:25:01,23250.0,1000,Sell,230438529
2024-08-09 09:25:06,23250.0,4200,Sell,230438629
2024-08-09 09:25:06,23250.0,5000,Sell,230438630
2024-08-09 09:25:06,23250.0,100,Sell,230438631
2024-08-09 09:25:06,23250.0,200,Sell,230438632
2024-08-09 09:25:06,23250.0,100,Sell,230438633
2024-08-09 09:25:06,23250.0,200,Sell,230438634
2024-08-09 09:25:06,23250.0,200,Sell,230438635
2024-08-09 09:25:16,23300.0,200,Buy,230438889
2024-08-09 09:25:23,23250.0,5000,Sell,230439039
2024-08-09 09:25:42,23250.0,1000,Sell,230439395
2024-08-09 09:25:48,23300.0,100,Buy,230439561
2024-08-09 09:25:50,23250.0,4000,Sell,230439597
2024-08-09 09:25:50,23250.0,1000,Sell,230439598
2024-08-09 09:25:59,23250.0,200,Sell,230439809
2024-08-09 09:25:59,23250.0,100,Sell,230439820
2024-08-09 09:26:06,23250.0,2000,Sell,230440025
2024-08-09 09:26:18,23250.0,1000,Sell,230440305
2024-08-09 09:26:18,23250.0,700,Sell,230440306
2024-08-09 09:26:18,23250.0,100,Sell,230440307
2024-08-09 09:26:18,23250.0,100,Sell,230440308
2024-08-09 09:26:18,23250.0,100,Sell,230440309
2024-08-09 09:26:22,23250.0,400,Sell,230440376
2024-08-09 09:26:22,23250.0,100,Sell,230440377
2024-08-09 09:26:32,23250.0,4700,Sell,230440620
2024-08-09 09:26:50,23250.0,300,Sell,230441113
2024-08-09 09:27:10,23250.0,1000,Sell,230441605
2024-08-09 09:27:11,23250.0,4000,Sell,230441625
2024-08-09 09:27:22,23300.0,21100,Buy,230441830
2024-08-09 09:27:26,23250.0,500,Sell,230441892
2024-08-09 09:28:02,23300.0,100,Buy,230442608
2024-08-09 09:28:26,23250.0,2000,Sell,230443082
2024-08-09 09:28:26,23250.0,1700,Sell,230443089
2024-08-09 09:28:26,23250.0,300,Sell,230443088
2024-08-09 09:28:26,23250.0,3000,Sell,230443085
2024-08-09 09:28:26,23250.0,200,Sell,230443084
2024-08-09 09:28:26,23250.0,4000,Sell,230443083
2024-08-09 09:28:26,23250.0,300,Sell,230443081
2024-08-09 09:28:26,23250.0,1000,Sell,230443087
2024-08-09 09:28:26,23250.0,2000,Sell,230443079
2024-08-09 09:28:26,23250.0,1000,Sell,230443078
2024-08-09 09:28:26,23250.0,100,Sell,230443077
2024-08-09 09:28:26,23250.0,3000,Sell,230443076
2024-08-09 09:28:26,23250.0,400,Sell,230443075
2024-08-09 09:28:26,23250.0,100,Sell,230443080
2024-08-09 09:28:26,23250.0,700,Sell,230443074
2024-08-09 09:28:26,23250.0,1900,Sell,230443073
2024-08-09 09:28:26,23250.0,4400,Sell,230443072
2024-08-09 09:28:51,23250.0,3700,Sell,230443605
2024-08-09 09:28:51,23250.0,200,Sell,230443604
2024-08-09 09:28:51,23250.0,3300,Sell,230443601
2024-08-09 09:28:51,23250.0,300,Sell,230443602
2024-08-09 09:28:51,23250.0,100,Sell,230443603
2024-08-09 09:29:08,23250.0,800,Sell,230443939
2024-08-09 09:29:21,23300.0,500,Buy,230444239
2024-08-09 09:29:35,23250.0,500,Sell,230444725
2024-08-09 09:29:35,23250.0,400,Sell,230444726
2024-08-09 09:29:35,23250.0,1100,Sell,230444727
2024-08-09 09:29:41,23300.0,500,Buy,230444858
2024-08-09 09:29:56,23300.0,500,Buy,230445216
2024-08-09 09:29:58,23250.0,900,Sell,230445253
2024-08-09 09:29:58,23250.0,4100,Sell,230445254
2024-08-09 09:30:05,23250.0,300,Sell,230445416
2024-08-09 09:30:50,23300.0,100,Buy,230446389
2024-08-09 09:31:01,23300.0,1600,Buy,230446588
2024-08-09 09:31:29,23300.0,500,Buy,230447110
2024-08-09 09:31:30,23300.0,10600,Buy,230447138
2024-08-09 09:31:30,23300.0,1000,Buy,230447139
2024-08-09 09:31:30,23300.0,500,Buy,230447140
2024-08-09 09:31:30,23300.0,7900,Buy,230447141
2024-08-09 09:33:04,23250.0,15500,Sell,230448913
2024-08-09 09:33:07,23300.0,1000,Buy,230448963
2024-08-09 09:33:12,23300.0,100,Buy,230449050
2024-08-09 09:33:12,23300.0,600,Buy,230449051
2024-08-09 09:33:12,23300.0,1100,Buy,230449048
2024-08-09 09:33:12,23300.0,200,Buy,230449049
2024-08-09 09:33:14,23250.0,100,Sell,230449090
2024-08-09 09:33:15,23300.0,200,Buy,230449110
2024-08-09 09:33:22,23300.0,1000,Buy,230449297
2024-08-09 09:33:30,23300.0,600,Buy,230449433
2024-08-09 09:33:34,23300.0,1000,Buy,230449482
2024-08-09 09:33:51,23300.0,2700,Buy,230449806
2024-08-09 09:33:51,23300.0,300,Buy,230449807
2024-08-09 09:33:51,23300.0,1000,Buy,230449808
2024-08-09 09:33:51,23300.0,6000,Buy,230449809
2024-08-09 09:34:22,23300.0,100,Buy,230450333
2024-08-09 09:34:38,23250.0,500,Sell,230450626
2024-08-09 09:34:44,23250.0,100,Sell,230450737
2024-08-09 09:34:45,23250.0,100,Sell,230450746
2024-08-09 09:34:51,23300.0,400,Buy,230450867
2024-08-09 09:34:51,23300.0,2400,Buy,230450868
2024-08-09 09:34:51,23300.0,6900,Buy,230450865
2024-08-09 09:34:51,23300.0,300,Buy,230450866
2024-08-09 09:34:53,23300.0,2500,Buy,230450897
2024-08-09 09:34:54,23300.0,1000,Buy,230450906
2024-08-09 09:35:09,23300.0,1000,Buy,230451162
2024-08-09 09:35:14,23300.0,500,Buy,230451251
2024-08-09 09:35:15,23300.0,6000,Buy,230451279
2024-08-09 09:35:19,23300.0,200,Buy,230451337
2024-08-09 09:35:35,23250.0,1500,Sell,230451651
2024-08-09 09:35:35,23250.0,500,Sell,230451650
2024-08-09 09:35:35,23250.0,1000,Sell,230451649
2024-08-09 09:35:35,23250.0,100,Sell,230451648
2024-08-09 09:35:35,23250.0,400,Sell,230451644
2024-08-09 09:35:35,23250.0,1100,Sell,230451646
2024-08-09 09:35:35,23250.0,1000,Sell,230451645
2024-08-09 09:35:35,23250.0,5000,Sell,230451643
2024-08-09 09:35:35,23250.0,4300,Sell,230451642
2024-08-09 09:35:35,23250.0,8000,Sell,230451647
2024-08-09 09:35:47,23300.0,100,Buy,230451887
2024-08-09 09:35:51,23250.0,400,Sell,230451962
2024-08-09 09:35:51,23250.0,500,Sell,230451960
2024-08-09 09:35:51,23250.0,100,Sell,230451961
2024-08-09 09:36:22,23250.0,400,Sell,230452491
2024-08-09 09:37:00,23250.0,500,Sell,230453192
2024-08-09 09:37:30,23300.0,500,Buy,230453701
2024-08-09 09:37:30,23300.0,1400,Buy,230453705
2024-08-09 09:37:30,23300.0,600,Buy,230453704
2024-08-09 09:37:30,23300.0,1300,Buy,230453700
2024-08-09 09:37:30,23300.0,700,Buy,230453702
2024-08-09 09:37:30,23300.0,500,Buy,230453703
2024-08-09 09:37:42,23250.0,700,Sell,230453922
2024-08-09 09:37:42,23250.0,300,Sell,230453923
2024-08-09 09:37:45,23300.0,3600,Buy,230453980
2024-08-09 09:37:45,23300.0,500,Buy,230453981
2024-08-09 09:37:45,23300.0,1000,Buy,230453982
2024-08-09 09:37:45,23300.0,4900,Buy,230453983
2024-08-09 09:37:51,23300.0,400,Buy,230454108
2024-08-09 09:37:53,23300.0,4700,Buy,230454157
2024-08-09 09:37:53,23300.0,3000,Buy,230454158
2024-08-09 09:37:53,23300.0,100,Buy,230454159
2024-08-09 09:37:53,23300.0,2200,Buy,230454160
2024-08-09 09:37:55,23300.0,600,Buy,230454197
2024-08-09 09:37:55,23300.0,100,Buy,230454196
2024-08-09 09:37:55,23300.0,1000,Buy,230454195
2024-08-09 09:37:55,23300.0,100,Buy,230454193
2024-08-09 09:37:55,23300.0,3000,Buy,230454192
2024-08-09 09:37:55,23300.0,300,Buy,230454175
2024-08-09 09:37:55,23300.0,200,Buy,230454194
2024-08-09 09:37:55,23300.0,700,Buy,230454176
2024-08-09 09:38:02,23300.0,100,Buy,230454393
2024-08-09 09:38:33,23300.0,800,Buy,230454906
2024-08-09 09:38:33,23300.0,1200,Buy,230454907
2024-08-09 09:38:34,23300.0,2000,Buy,230454918
2024-08-09 09:38:37,23300.0,1800,Buy,230454976
2024-08-09 09:38:37,23300.0,200,Buy,230454977
2024-08-09 09:38:40,23300.0,2000,Buy,230455051
2024-08-09 09:38:45,23300.0,500,Buy,230455144
2024-08-09 09:38:59,23300.0,1000,Buy,230455378
2024-08-09 09:39:15,23300.0,400,Buy,230455652
2024-08-09 09:39:18,23300.0,100,Buy,230455680
2024-08-09 09:39:25,23300.0,1200,Buy,230455800
2024-08-09 09:39:25,23300.0,3800,Buy,230455799
2024-08-09 09:39:28,23300.0,1000,Buy,230455846
2024-08-09 09:39:33,23300.0,2000,Buy,230455951
2024-08-09 09:39:37,23300.0,100,Buy,230455995
2024-08-09 09:39:45,23300.0,5000,Buy,230456087
2024-08-09 09:39:49,23300.0,100,Buy,230456156
2024-08-09 09:39:52,23300.0,3900,Buy,230456193
2024-08-09 09:40:00,23300.0,2100,Buy,230456313
2024-08-09 09:40:03,23300.0,600,Buy,230456381
2024-08-09 09:40:04,23300.0,800,Buy,230456393
2024-08-09 09:40:04,23300.0,4000,Buy,230456391
2024-08-09 09:40:04,23300.0,200,Buy,230456392
2024-08-09 09:40:10,23300.0,100,Buy,230456514
2024-08-09 09:40:13,23300.0,6000,Buy,230456573
2024-08-09 09:40:18,23300.0,100,Buy,230456633
2024-08-09 09:40:19,23300.0,10000,Buy,230456656
2024-08-09 09:40:20,23300.0,900,Buy,230456683
2024-08-09 09:40:20,23300.0,1000,Buy,230456682
2024-08-09 09:40:20,23300.0,100,Buy,230456681
2024-08-09 09:40:20,23300.0,3000,Buy,230456680
2024-08-09 09:40:21,23300.0,1000,Buy,230456696
2024-08-09 09:40:23,23300.0,100,Buy,230456716
2024-08-09 09:40:23,23300.0,200,Buy,230456717
2024-08-09 09:40:23,23300.0,200,Buy,230456718
2024-08-09 09:40:24,23300.0,5600,Buy,230456762
2024-08-09 09:40:24,23300.0,200,Buy,230456763
2024-08-09 09:40:24,23300.0,100,Buy,230456764
2024-08-09 09:40:24,23300.0,3000,Buy,230456765
2024-08-09 09:40:24,23300.0,1200,Buy,230456766
2024-08-09 09:40:24,23300.0,1000,Buy,230456769
2024-08-09 09:40:24,23300.0,100,Buy,230456768
2024-08-09 09:40:24,23300.0,4300,Buy,230456761
2024-08-09 09:40:24,23300.0,100,Buy,230456770
2024-08-09 09:40:24,23300.0,500,Buy,230456771
2024-08-09 09:40:24,23300.0,100,Buy,230456767
2024-08-09 09:40:24,23300.0,700,Buy,230456754
2024-08-09 09:40:24,23300.0,700,Buy,230456741
2024-08-09 09:40:24,23300.0,200,Buy,230456752
2024-08-09 09:40:24,23300.0,900,Buy,230456753
2024-08-09 09:40:24,23300.0,100,Buy,230456742
2024-08-09 09:40:24,23300.0,400,Buy,230456743
2024-08-09 09:40:24,23300.0,1000,Buy,230456744
2024-08-09 09:40:24,23300.0,2000,Buy,230456745
2024-08-09 09:40:24,23300.0,2100,Buy,230456740
2024-08-09 09:40:24,23300.0,400,Buy,230456747
2024-08-09 09:40:24,23300.0,100,Buy,230456746
2024-08-09 09:40:24,23300.0,100,Buy,230456750
2024-08-09 09:40:24,23300.0,200,Buy,230456751
2024-08-09 09:40:24,23300.0,1000,Buy,230456748
2024-08-09 09:40:24,23300.0,100,Buy,230456749
2024-08-09 09:40:26,23300.0,200,Sell,230456825
2024-08-09 09:41:33,23300.0,1000,Sell,230457898
2024-08-09 09:41:43,23300.0,800,Sell,230458054
2024-08-09 09:41:47,23300.0,100,Sell,230458128
2024-08-09 09:42:08,23350.0,200,Buy,230458495
2024-08-09 09:42:08,23350.0,300,Buy,230458496
2024-08-09 09:42:08,23350.0,1500,Buy,230458497
2024-08-09 09:42:09,23300.0,1200,Sell,230458519
2024-08-09 09:42:09,23300.0,8800,Sell,230458520
2024-08-09 09:42:29,23350.0,1500,Buy,230458797
2024-08-09 09:42:29,23350.0,100,Buy,230458795
2024-08-09 09:42:29,23350.0,100,Buy,230458796
2024-08-09 09:42:36,23350.0,1000,Buy,230458932
2024-08-09 09:42:39,23350.0,1000,Buy,230458982
2024-08-09 09:42:51,23350.0,100,Buy,230459194
2024-08-09 09:42:54,23350.0,1000,Buy,230459248
2024-08-09 09:43:00,23350.0,1000,Buy,230459400
2024-08-09 09:43:10,23350.0,2500,Buy,230459554
2024-08-09 09:43:18,23350.0,1900,Buy,230459651
2024-08-09 09:43:18,23350.0,100,Buy,230459652
2024-08-09 09:43:25,23350.0,300,Buy,230459769
2024-08-09 09:43:25,23350.0,500,Buy,230459770
2024-08-09 09:43:25,23350.0,200,Buy,230459771
2024-08-09 09:43:35,23350.0,1000,Buy,230459928
2024-08-09 09:44:02,23350.0,1000,Buy,230460385
2024-08-09 09:44:12,23350.0,1000,Buy,230460533
2024-08-09 09:44:12,23350.0,2000,Buy,230460534
2024-08-09 09:44:23,23350.0,2000,Buy,230460742
2024-08-09 09:44:29,23350.0,1000,Buy,230460871
2024-08-09 09:44:32,23350.0,2000,Buy,230460896
2024-08-09 09:45:44,23350.0,1400,Buy,230462056
2024-08-09 09:45:44,23350.0,100,Buy,230462059
2024-08-09 09:45:44,23350.0,100,Buy,230462060
2024-08-09 09:45:44,23350.0,200,Buy,230462061
2024-08-09 09:45:44,23350.0,200,Buy,230462062
2024-08-09 09:45:44,23350.0,700,Buy,230462063
2024-08-09 09:45:45,23350.0,1500,Buy,230462078
2024-08-09 09:45:45,23350.0,100,Buy,230462077
2024-08-09 09:45:45,23350.0,300,Buy,230462075
2024-08-09 09:45:45,23350.0,200,Buy,230462076
2024-08-09 09:45:54,23350.0,5000,Buy,230462225
2024-08-09 09:45:58,23350.0,3000,Buy,230462286
2024-08-09 09:47:12,23300.0,200,Sell,230463715
2024-08-09 09:47:17,23350.0,200,Buy,230463804
2024-08-09 09:47:21,23300.0,100,Sell,230463870
2024-08-09 09:48:02,23300.0,900,Sell,230464695
2024-08-09 09:48:02,23300.0,2000,Sell,230464696
2024-08-09 09:48:02,23300.0,100,Sell,230464697
2024-08-09 09:48:02,23300.0,2000,Sell,230464698
2024-08-09 09:48:36,23300.0,1000,Sell,230465386
2024-08-09 09:48:37,23300.0,1000,Sell,230465398
2024-08-09 09:48:38,23300.0,200,Sell,230465429
2024-08-09 09:48:40,23300.0,200,Sell,230465471
2024-08-09 09:49:12,23300.0,700,Sell,230466200
2024-08-09 09:49:12,23300.0,600,Sell,230466199
2024-08-09 09:49:12,23300.0,300,Sell,230466198
2024-08-09 09:49:12,23300.0,1500,Sell,230466194
2024-08-09 09:49:12,23300.0,1000,Sell,230466196
2024-08-09 09:49:12,23300.0,400,Sell,230466195
2024-08-09 09:49:12,23300.0,400,Sell,230466193
2024-08-09 09:49:12,23300.0,100,Sell,230466197
2024-08-09 09:49:17,23300.0,600,Sell,230466289
2024-08-09 09:49:26,23300.0,100,Sell,230466446
2024-08-09 09:49:29,23300.0,100,Sell,230466493
2024-08-09 09:49:29,23300.0,1100,Sell,230466494
2024-08-09 09:49:31,23300.0,3000,Sell,230466534
2024-08-09 09:49:46,23300.0,3900,Sell,230466840
2024-08-09 09:49:46,23300.0,5000,Sell,230466839
2024-08-09 09:49:46,23300.0,200,Sell,230466838
2024-08-09 09:49:46,23300.0,900,Sell,230466837
2024-08-09 09:49:47,23300.0,100,Sell,230466846
2024-08-09 09:50:03,23300.0,400,Sell,230467198
2024-08-09 09:50:24,23300.0,600,Sell,230467682
2024-08-09 09:50:24,23300.0,3900,Sell,230467683
2024-08-09 09:50:31,23300.0,100,Sell,230467861
2024-08-09 09:50:54,23300.0,100,Sell,230468445
2024-08-09 09:51:10,23300.0,500,Sell,230468857
2024-08-09 09:51:31,23300.0,200,Sell,230469399
2024-08-09 09:51:31,23300.0,100,Sell,230469398
2024-08-09 09:51:31,23300.0,1000,Sell,230469397
2024-08-09 09:51:31,23300.0,5000,Sell,230469392
2024-08-09 09:51:31,23300.0,400,Sell,230469393
2024-08-09 09:51:31,23300.0,500,Sell,230469400
2024-08-09 09:51:31,23300.0,1000,Sell,230469396
2024-08-09 09:51:31,23300.0,1000,Sell,230469401
2024-08-09 09:51:31,23300.0,100,Sell,230469405
2024-08-09 09:51:31,23300.0,500,Sell,230469403
2024-08-09 09:51:31,23300.0,500,Sell,230469404
2024-08-09 09:51:31,23300.0,10000,Sell,230469391
2024-08-09 09:51:31,23300.0,100,Sell,230469406
2024-08-09 09:51:31,23300.0,500,Sell,230469407
2024-08-09 09:51:31,23300.0,300,Sell,230469408
2024-08-09 09:51:31,23300.0,1000,Sell,230469409
2024-08-09 09:51:31,23300.0,400,Sell,230469410
2024-08-09 09:51:31,23300.0,5000,Sell,230469402
2024-08-09 09:51:31,23300.0,1000,Sell,230469390
2024-08-09 09:51:31,23300.0,3000,Sell,230469395
2024-08-09 09:51:31,23300.0,300,Sell,230469388
2024-08-09 09:51:31,23300.0,1000,Sell,230469389
2024-08-09 09:51:31,23300.0,400,Sell,230469369
2024-08-09 09:51:31,23300.0,1000,Sell,230469370
2024-08-09 09:51:31,23300.0,500,Sell,230469371
2024-08-09 09:51:31,23300.0,100,Sell,230469372
2024-08-09 09:51:31,23300.0,500,Sell,230469373
2024-08-09 09:51:31,23300.0,1500,Sell,230469374
2024-08-09 09:51:31,23300.0,200,Sell,230469375
2024-08-09 09:51:31,23300.0,2900,Sell,230469376
2024-08-09 09:51:31,23300.0,1000,Sell,230469377
2024-08-09 09:51:31,23300.0,100,Sell,230469394
2024-08-09 09:51:31,23300.0,2000,Sell,230469379
2024-08-09 09:51:31,23300.0,200,Sell,230469386
2024-08-09 09:51:31,23300.0,1500,Sell,230469385
2024-08-09 09:51:31,23300.0,100,Sell,230469378
2024-08-09 09:51:31,23300.0,200,Sell,230469384
2024-08-09 09:51:31,23300.0,5000,Sell,230469387
2024-08-09 09:51:31,23300.0,3000,Sell,230469382
2024-08-09 09:51:31,23300.0,400,Sell,230469381
2024-08-09 09:51:31,23300.0,100,Sell,230469380
2024-08-09 09:51:31,23300.0,400,Sell,230469383
2024-08-09 09:51:45,23300.0,10000,Buy,230469689
2024-08-09 09:51:48,23300.0,5000,Buy,230469749
2024-08-09 09:51:57,23300.0,35000,Buy,230469973
2024-08-09 09:51:57,23300.0,3000,Buy,230469974
2024-08-09 09:51:57,23300.0,200,Buy,230469975
2024-08-09 09:52:22,23300.0,100,Sell,230470655
2024-08-09 09:52:29,23300.0,200,Sell,230470809
2024-08-09 09:52:39,23300.0,100,Sell,230471044
2024-08-09 09:52:40,23300.0,1400,Sell,230471150
2024-08-09 09:52:40,23300.0,1600,Sell,230471151
2024-08-09 09:53:00,23300.0,3000,Sell,230471787
2024-08-09 09:53:00,23300.0,200,Sell,230471786
2024-08-09 09:53:00,23300.0,400,Sell,230471784
2024-08-09 09:53:00,23300.0,1400,Sell,230471785
2024-08-09 09:53:03,23300.0,100,Sell,230471887
2024-08-09 09:53:05,23300.0,1500,Sell,230471928
2024-08-09 09:53:34,23350.0,100,Buy,230472903
2024-08-09 09:53:38,23300.0,100,Sell,230473007
2024-08-09 09:53:45,23350.0,1700,Buy,230473160
2024-08-09 09:53:45,23350.0,200,Buy,230473158
2024-08-09 09:53:45,23350.0,100,Buy,230473159
2024-08-09 09:53:47,23350.0,100,Buy,230473222
2024-08-09 09:53:50,23300.0,300,Sell,230473322
2024-08-09 09:53:50,23300.0,700,Sell,230473323
2024-08-09 09:53:56,23350.0,1000,Buy,230473465
2024-08-09 09:53:56,23350.0,1400,Buy,230473479
2024-08-09 09:54:12,23350.0,100,Buy,230473836
2024-08-09 09:54:14,23350.0,6100,Buy,230473889
2024-08-09 09:54:14,23350.0,200,Buy,230473888
2024-08-09 09:54:14,23350.0,1300,Buy,230473887
2024-08-09 09:54:14,23350.0,4000,Buy,230473886
2024-08-09 09:54:14,23350.0,2000,Buy,230473885
2024-08-09 09:54:14,23350.0,1000,Buy,230473884
2024-08-09 09:54:14,23350.0,100,Buy,230473882
2024-08-09 09:54:14,23350.0,100,Buy,230473881
2024-08-09 09:54:14,23350.0,4000,Buy,230473880
2024-08-09 09:54:14,23350.0,1000,Buy,230473879
2024-08-09 09:54:14,23350.0,4500,Buy,230473877
2024-08-09 09:54:14,23350.0,5700,Buy,230473876
2024-08-09 09:54:14,23350.0,3000,Buy,230473883
2024-08-09 09:54:14,23350.0,200,Buy,230473878
2024-08-09 09:54:27,23350.0,1500,Buy,230474182
2024-08-09 09:54:48,23350.0,200,Buy,230474619
2024-08-09 09:54:48,23350.0,1000,Buy,230474628
2024-08-09 09:55:12,23350.0,100,Buy,230475499
2024-08-09 09:55:17,23350.0,2000,Buy,230475642
2024-08-09 09:55:23,23350.0,100,Buy,230475839
2024-08-09 09:55:25,23350.0,300,Buy,230475863
2024-08-09 09:55:25,23350.0,500,Buy,230475885
2024-08-09 09:55:25,23350.0,100,Buy,230475886
2024-08-09 09:55:25,23350.0,500,Buy,230475887
2024-08-09 09:55:25,23350.0,200,Buy,230475888
2024-08-09 09:55:25,23350.0,100,Buy,230475889
2024-08-09 09:55:25,23350.0,100,Buy,230475890
2024-08-09 09:55:25,23350.0,500,Buy,230475891
2024-08-09 09:55:25,23350.0,600,Buy,230475883
2024-08-09 09:55:25,23350.0,2500,Buy,230475892
2024-08-09 09:55:25,23350.0,500,Buy,230475894
2024-08-09 09:55:25,23350.0,1000,Buy,230475895
2024-08-09 09:55:25,23350.0,200,Buy,230475896
2024-08-09 09:55:25,23350.0,2000,Buy,230475897
2024-08-09 09:55:25,23350.0,300,Buy,230475898
2024-08-09 09:55:25,23350.0,1000,Buy,230475899
2024-08-09 09:55:25,23350.0,15000,Buy,230475900
2024-08-09 09:55:25,23350.0,500,Buy,230475893
2024-08-09 09:55:25,23350.0,100,Buy,230475882
2024-08-09 09:55:25,23350.0,9000,Buy,230475862
2024-08-09 09:55:25,23350.0,7000,Buy,230475880
2024-08-09 09:55:25,23350.0,10000,Buy,230475864
2024-08-09 09:55:25,23350.0,300,Buy,230475865
2024-08-09 09:55:25,23350.0,1000,Buy,230475866
2024-08-09 09:55:25,23350.0,500,Buy,230475867
2024-08-09 09:55:25,23350.0,2200,Buy,230475868
2024-08-09 09:55:25,23350.0,200,Buy,230475869
2024-08-09 09:55:25,23350.0,400,Buy,230475870
2024-08-09 09:55:25,23350.0,2000,Buy,230475871
2024-08-09 09:55:25,23350.0,3000,Buy,230475881
2024-08-09 09:55:25,23350.0,100,Buy,230475873
2024-08-09 09:55:25,23350.0,500,Buy,230475874
2024-08-09 09:55:25,23350.0,200,Buy,230475875
2024-08-09 09:55:25,23350.0,1000,Buy,230475876
2024-08-09 09:55:25,23350.0,2000,Buy,230475877
2024-08-09 09:55:25,23350.0,100,Buy,230475878
2024-08-09 09:55:25,23350.0,700,Buy,230475879
2024-08-09 09:55:25,23350.0,300,Buy,230475872
2024-08-09 09:56:13,23350.0,10000,Sell,230477374
2024-08-09 09:56:22,23350.0,3000,Sell,230477645
2024-08-09 09:56:34,23350.0,2000,Sell,230478023
2024-08-09 09:56:34,23350.0,400,Sell,230478021
2024-08-09 09:56:34,23350.0,200,Sell,230478020
2024-08-09 09:56:34,23350.0,500,Sell,230478019
2024-08-09 09:56:34,23350.0,100,Sell,230478018
2024-08-09 09:56:34,23350.0,100,Sell,230478022
2024-08-09 09:56:34,23350.0,5000,Sell,230478016
2024-08-09 09:56:34,23350.0,5000,Sell,230478015
2024-08-09 09:56:34,23350.0,3000,Sell,230478014
2024-08-09 09:56:34,23350.0,5000,Sell,230478013
2024-08-09 09:56:34,23350.0,2000,Sell,230478017
2024-08-09 09:56:34,23350.0,3000,Sell,230478012
2024-08-09 09:56:34,23350.0,20500,Sell,230478011
2024-08-09 09:56:45,23350.0,200,Buy,230478276
2024-08-09 09:56:49,23350.0,1400,Buy,230478412
2024-08-09 09:56:50,23350.0,100,Buy,230478433
2024-08-09 09:56:50,23350.0,1600,Buy,230478432
2024-08-09 09:56:58,23350.0,100,Sell,230478633
2024-08-09 09:57:06,23350.0,1000,Sell,230478834
2024-08-09 09:57:20,23350.0,100,Sell,230479193
2024-08-09 09:57:22,23350.0,100,Sell,230479243
2024-08-09 09:57:22,23350.0,100,Sell,230479244
2024-08-09 09:57:33,23350.0,200,Sell,230479552
2024-08-09 09:57:33,23350.0,800,Sell,230479553
2024-08-09 09:57:38,23400.0,200,Buy,230479626
2024-08-09 09:57:39,23350.0,500,Sell,230479642
2024-08-09 09:57:39,23350.0,200,Sell,230479641
2024-08-09 09:57:53,23400.0,300,Buy,230479950
2024-08-09 09:57:59,23400.0,100,Buy,230480069
2024-08-09 09:57:59,23400.0,100,Buy,230480068
2024-08-09 09:57:59,23400.0,500,Buy,230480067
2024-08-09 09:58:08,23400.0,100,Buy,230480348
2024-08-09 09:58:08,23400.0,500,Buy,230480349
2024-08-09 09:58:08,23400.0,1400,Buy,230480350
2024-08-09 09:58:22,23400.0,100,Buy,230480701
2024-08-09 09:58:41,23350.0,100,Sell,230481147
2024-08-09 09:58:45,23350.0,400,Sell,230481239
2024-08-09 09:58:45,23350.0,100,Sell,230481240
2024-08-09 09:59:03,23400.0,500,Buy,230481742
2024-08-09 09:59:05,23350.0,700,Sell,230481791
2024-08-09 09:59:32,23350.0,500,Sell,230482627
2024-08-09 10:00:02,23350.0,100,Sell,230483382
2024-08-09 10:00:05,23350.0,200,Sell,230483413
2024-08-09 10:00:09,23350.0,500,Sell,230483467
2024-08-09 10:00:17,23350.0,200,Sell,230483676
2024-08-09 10:00:26,23350.0,200,Sell,230483880
2024-08-09 10:00:45,23400.0,100,Buy,230484435
2024-08-09 10:00:45,23350.0,300,Sell,230484448
2024-08-09 10:00:59,23350.0,200,Sell,230484716
2024-08-09 10:00:59,23350.0,2800,Sell,230484717
2024-08-09 10:01:14,23350.0,200,Sell,230485037
2024-08-09 10:01:14,23350.0,5000,Sell,230485038
2024-08-09 10:01:14,23350.0,4800,Sell,230485039
2024-08-09 10:01:26,23350.0,400,Sell,230485303
2024-08-09 10:01:26,23350.0,2000,Sell,230485302
2024-08-09 10:01:26,23350.0,300,Sell,230485299
2024-08-09 10:01:26,23350.0,1000,Sell,230485300
2024-08-09 10:01:26,23350.0,100,Sell,230485301
2024-08-09 10:01:26,23350.0,200,Sell,230485298
2024-08-09 10:01:27,23350.0,2100,Sell,230485321
2024-08-09 10:01:27,23350.0,200,Sell,230485322
2024-08-09 10:01:27,23350.0,700,Sell,230485323
2024-08-09 10:01:28,23350.0,200,Sell,230485375
2024-08-09 10:01:40,23350.0,1400,Sell,230485588
2024-08-09 10:01:40,23350.0,100,Sell,230485587
2024-08-09 10:01:48,23400.0,300,Buy,230485749
2024-08-09 10:01:52,23350.0,1000,Sell,230485824
2024-08-09 10:01:57,23400.0,100,Buy,230486008
2024-08-09 10:01:57,23400.0,200,Buy,230486007
2024-08-09 10:01:57,23400.0,1000,Buy,230486006
2024-08-09 10:01:57,23400.0,1000,Buy,230486005
2024-08-09 10:01:57,23400.0,1000,Buy,230486004
2024-08-09 10:01:57,23400.0,500,Buy,230486003
2024-08-09 10:01:57,23400.0,500,Buy,230486002
2024-08-09 10:01:57,23400.0,500,Buy,230486000
2024-08-09 10:01:57,23400.0,4000,Buy,230486009
2024-08-09 10:01:57,23400.0,1000,Buy,230485999
2024-08-09 10:01:57,23400.0,200,Buy,230485998
2024-08-09 10:01:57,23400.0,100,Buy,230485997
2024-08-09 10:01:57,23400.0,200,Buy,230485994
2024-08-09 10:01:57,23400.0,1000,Buy,230485996
2024-08-09 10:01:57,23400.0,1000,Buy,230485995
2024-08-09 10:01:57,23400.0,200,Buy,230486001
2024-08-09 10:01:57,23400.0,500,Buy,230486010
2024-08-09 10:01:57,23400.0,100,Buy,230486022
2024-08-09 10:01:57,23400.0,1500,Buy,230486012
2024-08-09 10:01:57,23400.0,600,Buy,230486028
2024-08-09 10:01:57,23400.0,4500,Buy,230486027
2024-08-09 10:01:57,23400.0,200,Buy,230486026
2024-08-09 10:01:57,23400.0,500,Buy,230486025
2024-08-09 10:01:57,23400.0,3000,Buy,230486024
2024-08-09 10:01:57,23400.0,100,Buy,230486023
2024-08-09 10:01:57,23400.0,400,Buy,230486021
2024-08-09 10:01:57,23400.0,3700,Buy,230486020
2024-08-09 10:01:57,23400.0,100,Buy,230486019
2024-08-09 10:01:57,23400.0,2000,Buy,230486018
2024-08-09 10:01:57,23400.0,300,Buy,230486017
2024-08-09 10:01:57,23400.0,100,Buy,230486016
2024-08-09 10:01:57,23400.0,200,Buy,230486015
2024-08-09 10:01:57,23400.0,900,Buy,230486014
2024-08-09 10:01:57,23400.0,100,Buy,230486013
2024-08-09 10:01:57,23400.0,300,Buy,230486011
2024-08-09 10:01:57,23400.0,5000,Buy,230485993
2024-08-09 10:01:57,23400.0,100,Buy,230485988
2024-08-09 10:01:57,23400.0,3100,Buy,230485991
2024-08-09 10:01:57,23400.0,5000,Buy,230485967
2024-08-09 10:01:57,23400.0,10000,Buy,230485966
2024-08-09 10:01:57,23400.0,500,Buy,230485965
2024-08-09 10:01:57,23400.0,5000,Buy,230485964
2024-08-09 10:01:57,23400.0,300,Buy,230485963
2024-08-09 10:01:57,23400.0,1000,Buy,230485962
2024-08-09 10:01:57,23400.0,100,Buy,230485961
2024-08-09 10:01:57,23400.0,40000,Buy,230485960
2024-08-09 10:01:57,23400.0,200,Buy,230485959
2024-08-09 10:01:57,23400.0,100,Buy,230485958
2024-08-09 10:01:57,23400.0,200,Buy,230485957
2024-08-09 10:01:57,23400.0,2300,Buy,230485956
2024-08-09 10:01:57,23400.0,20000,Buy,230485955
2024-08-09 10:01:57,23400.0,12600,Buy,230485954
2024-08-09 10:01:57,23400.0,1000,Buy,230485992
2024-08-09 10:01:57,23400.0,200,Buy,230485968
2024-08-09 10:01:57,23400.0,300,Buy,230485969
2024-08-09 10:01:57,23400.0,200,Buy,230485976
2024-08-09 10:01:57,23400.0,100,Buy,230485971
2024-08-09 10:01:57,23400.0,100,Buy,230485990
2024-08-09 10:01:57,23400.0,2000,Buy,230485989
2024-08-09 10:01:57,23400.0,1000,Buy,230485987
2024-08-09 10:01:57,23400.0,400,Buy,230485986
2024-08-09 10:01:57,23400.0,1200,Buy,230485985
2024-08-09 10:01:57,23400.0,1000,Buy,230485983
2024-08-09 10:01:57,23400.0,300,Buy,230485982
2024-08-09 10:01:57,23400.0,5000,Buy,230485984
2024-08-09 10:01:57,23400.0,200,Buy,230485978
2024-08-09 10:01:57,23400.0,200,Buy,230485977
2024-08-09 10:01:57,23400.0,500,Buy,230485970
2024-08-09 10:01:57,23400.0,200,Buy,230485975
2024-08-09 10:01:57,23400.0,100,Buy,230485974
2024-08-09 10:01:57,23400.0,1000,Buy,230485973
2024-08-09 10:01:57,23400.0,100,Buy,230485972
2024-08-09 10:01:57,23400.0,5000,Buy,230485981
2024-08-09 10:02:00,23400.0,1000,Sell,230486167
2024-08-09 10:02:29,23400.0,2000,Sell,230486773
2024-08-09 10:02:31,23400.0,1000,Sell,230486808
2024-08-09 10:02:33,23400.0,100,Sell,230486861
2024-08-09 10:02:33,23400.0,1000,Sell,230486862
2024-08-09 10:02:33,23400.0,1700,Sell,230486860
2024-08-09 10:02:33,23400.0,500,Sell,230486848
2024-08-09 10:02:33,23400.0,1500,Sell,230486858
2024-08-09 10:02:33,23400.0,1000,Sell,230486857
2024-08-09 10:02:33,23400.0,38300,Sell,230486856
2024-08-09 10:02:33,23400.0,100,Sell,230486859
2024-08-09 10:02:34,23400.0,3000,Buy,230486871
2024-08-09 10:02:41,23400.0,100,Buy,230487001
2024-08-09 10:02:51,23400.0,2000,Buy,230487208
2024-08-09 10:02:59,23400.0,1200,Buy,230487362
2024-08-09 10:02:59,23400.0,200,Buy,230487363
2024-08-09 10:02:59,23400.0,500,Buy,230487364
2024-08-09 10:02:59,23400.0,1100,Buy,230487365
2024-08-09 10:03:03,23400.0,900,Buy,230487441
2024-08-09 10:03:03,23400.0,100,Buy,230487442
2024-08-09 10:03:05,23400.0,500,Buy,230487482
2024-08-09 10:03:08,23400.0,800,Buy,230487548
2024-08-09 10:03:08,23400.0,500,Buy,230487547
2024-08-09 10:03:08,23400.0,1000,Buy,230487544
2024-08-09 10:03:08,23400.0,500,Buy,230487545
2024-08-09 10:03:08,23400.0,200,Buy,230487546
2024-08-09 10:03:17,23400.0,3000,Buy,230487697
2024-08-09 10:03:18,23400.0,1200,Buy,230487710
2024-08-09 10:03:18,23400.0,3800,Buy,230487711
2024-08-09 10:03:24,23400.0,500,Buy,230487812
2024-08-09 10:03:25,23400.0,3300,Buy,230487829
2024-08-09 10:03:25,23400.0,1700,Buy,230487828
2024-08-09 10:03:27,23400.0,100,Buy,230487890
2024-08-09 10:03:27,23400.0,200,Buy,230487882
2024-08-09 10:03:27,23400.0,1500,Buy,230487888
2024-08-09 10:03:27,23400.0,200,Buy,230487889
2024-08-09 10:03:44,23450.0,100,Buy,230488249
2024-08-09 10:03:45,23400.0,8000,Sell,230488256
2024-08-09 10:03:46,23400.0,200,Sell,230488264
2024-08-09 10:03:47,23400.0,1800,Buy,230488274
2024-08-09 10:03:48,23400.0,1000,Sell,230488296
2024-08-09 10:03:48,23400.0,100,Sell,230488295
2024-08-09 10:03:48,23400.0,3200,Sell,230488294
2024-08-09 10:04:17,23400.0,300,Buy,230488908
2024-08-09 10:04:17,23400.0,700,Buy,230488907
2024-08-09 10:04:18,23400.0,1700,Buy,230488939
2024-08-09 10:04:18,23400.0,2200,Buy,230488940
2024-08-09 10:04:24,23400.0,100,Buy,230489023
2024-08-09 10:04:25,23400.0,500,Buy,230489045
2024-08-09 10:04:33,23400.0,300,Buy,230489186
2024-08-09 10:04:37,23400.0,500,Buy,230489259
2024-08-09 10:04:48,23400.0,200,Buy,230489581
2024-08-09 10:04:56,23400.0,500,Buy,230489749
2024-08-09 10:04:56,23400.0,600,Buy,230489748
2024-08-09 10:04:56,23400.0,300,Buy,230489751
2024-08-09 10:04:56,23400.0,100,Buy,230489750
2024-08-09 10:05:02,23400.0,1700,Buy,230489882
2024-08-09 10:05:02,23400.0,500,Buy,230489883
2024-08-09 10:05:02,23400.0,800,Buy,230489884
2024-08-09 10:05:05,23400.0,100,Buy,230489973
2024-08-09 10:05:05,23400.0,100,Buy,230489974
2024-08-09 10:05:05,23400.0,1700,Buy,230489975
2024-08-09 10:05:14,23400.0,300,Buy,230490118
2024-08-09 10:05:14,23400.0,200,Buy,230490119
2024-08-09 10:05:15,23400.0,200,Buy,230490153
2024-08-09 10:05:15,23400.0,800,Buy,230490152
2024-08-09 10:05:23,23400.0,300,Buy,230490347
2024-08-09 10:05:23,23400.0,100,Buy,230490349
2024-08-09 10:05:23,23400.0,700,Buy,230490348
2024-08-09 10:05:25,23400.0,200,Buy,230490380
2024-08-09 10:05:25,23400.0,200,Buy,230490399
2024-08-09 10:07:04,23400.0,1500,Sell,230492583
2024-08-09 10:07:13,23400.0,6000,Sell,230492767
2024-08-09 10:07:25,23400.0,500,Sell,230493064
2024-08-09 10:07:25,23400.0,3000,Sell,230493068
2024-08-09 10:07:27,23400.0,2000,Sell,230493125
2024-08-09 10:07:32,23400.0,1000,Sell,230493283
2024-08-09 10:07:39,23400.0,500,Sell,230493447
2024-08-09 10:07:51,23400.0,200,Sell,230493751
2024-08-09 10:07:53,23400.0,5000,Sell,230493772
2024-08-09 10:07:54,23400.0,200,Sell,230493799
2024-08-09 10:08:08,23400.0,1000,Sell,230494100
2024-08-09 10:08:27,23400.0,4000,Sell,230494505
2024-08-09 10:08:30,23400.0,100,Sell,230494544
2024-08-09 10:08:30,23400.0,1400,Sell,230494550
2024-08-09 10:08:30,23400.0,5000,Sell,230494549
2024-08-09 10:08:30,23400.0,3000,Sell,230494548
2024-08-09 10:08:30,23400.0,4900,Sell,230494543
2024-08-09 10:08:30,23400.0,100,Sell,230494546
2024-08-09 10:08:30,23400.0,500,Sell,230494545
2024-08-09 10:08:30,23400.0,5000,Sell,230494547
2024-08-09 10:08:32,23400.0,2000,Sell,230494621
2024-08-09 10:08:32,23400.0,400,Sell,230494619
2024-08-09 10:08:32,23400.0,5000,Sell,230494618
2024-08-09 10:08:32,23400.0,1000,Sell,230494622
2024-08-09 10:08:32,23400.0,500,Sell,230494616
2024-08-09 10:08:32,23400.0,500,Sell,230494617
2024-08-09 10:08:32,23400.0,3600,Sell,230494613
2024-08-09 10:08:32,23400.0,3000,Sell,230494620
2024-08-09 10:08:32,23400.0,600,Sell,230494615
2024-08-09 10:08:32,23400.0,500,Sell,230494614
2024-08-09 10:08:37,23350.0,600,Sell,230494723
2024-08-09 10:08:37,23350.0,400,Sell,230494724
2024-08-09 10:08:37,23350.0,3000,Sell,230494725
2024-08-09 10:08:37,23350.0,5000,Sell,230494727
2024-08-09 10:08:37,23350.0,100,Sell,230494728
2024-08-09 10:08:37,23350.0,900,Sell,230494729
2024-08-09 10:08:37,23350.0,2000,Sell,230494726
2024-08-09 10:09:34,23350.0,200,Sell,230495917
2024-08-09 10:09:36,23350.0,100,Sell,230495941
2024-08-09 10:09:37,23350.0,200,Sell,230495962
2024-08-09 10:09:38,23350.0,1000,Sell,230495977
2024-08-09 10:09:53,23350.0,500,Sell,230496274
2024-08-09 10:10:02,23400.0,100,Buy,230496415
2024-08-09 10:10:03,23350.0,100,Sell,230496428
2024-08-09 10:10:10,23350.0,1000,Sell,230496614
2024-08-09 10:10:34,23400.0,2800,Buy,230497126
2024-08-09 10:10:34,23400.0,300,Buy,230497127
2024-08-09 10:10:34,23400.0,1900,Buy,230497128
2024-08-09 10:10:41,23350.0,1000,Sell,230497258
2024-08-09 10:10:41,23350.0,200,Sell,230497259
2024-08-09 10:10:41,23350.0,1800,Sell,230497260
2024-08-09 10:10:46,23350.0,300,Sell,230497319
2024-08-09 10:11:13,23350.0,900,Sell,230497971
2024-08-09 10:11:13,23350.0,200,Sell,230497972
2024-08-09 10:11:13,23350.0,400,Sell,230497975
2024-08-09 10:11:20,23400.0,8100,Buy,230498158
2024-08-09 10:11:20,23400.0,1900,Buy,230498159
2024-08-09 10:11:21,23350.0,400,Sell,230498165
2024-08-09 10:11:21,23350.0,600,Sell,230498164
2024-08-09 10:11:41,23400.0,1000,Buy,230498542
2024-08-09 10:11:49,23400.0,2100,Buy,230498663
2024-08-09 10:11:49,23400.0,1500,Buy,230498664
2024-08-09 10:11:49,23400.0,1000,Buy,230498665
2024-08-09 10:11:49,23400.0,500,Buy,230498666
2024-08-09 10:11:49,23400.0,1900,Buy,230498667
2024-08-09 10:12:20,23400.0,100,Buy,230499207
2024-08-09 10:12:24,23400.0,200,Buy,230499251
2024-08-09 10:12:42,23400.0,1500,Buy,230499709
2024-08-09 10:12:42,23400.0,1000,Buy,230499717
2024-08-09 10:12:56,23400.0,300,Buy,230499937
2024-08-09 10:12:56,23400.0,100,Buy,230499938
2024-08-09 10:13:03,23350.0,1000,Sell,230500050
2024-08-09 10:13:28,23350.0,800,Sell,230500450
2024-08-09 10:13:47,23350.0,200,Sell,230500781
2024-08-09 10:14:00,23350.0,100,Sell,230500972
2024-08-09 10:14:00,23350.0,600,Sell,230500970
2024-08-09 10:14:00,23350.0,200,Sell,230500971
2024-08-09 10:14:31,23350.0,100,Sell,230501492
2024-08-09 10:14:44,23350.0,300,Sell,230501674
2024-08-09 10:14:47,23350.0,100,Sell,230501725
2024-08-09 10:14:47,23350.0,3000,Sell,230501726
2024-08-09 10:14:47,23350.0,200,Sell,230501727
2024-08-09 10:14:47,23350.0,1000,Sell,230501728
2024-08-09 10:14:47,23350.0,100,Sell,230501729
2024-08-09 10:14:47,23350.0,600,Sell,230501730
2024-08-09 10:14:48,23350.0,1000,Sell,230501752
2024-08-09 10:14:51,23350.0,400,Sell,230501793
2024-08-09 10:15:11,23350.0,3000,Sell,230502115
2024-08-09 10:15:11,23350.0,1000,Sell,230502121
2024-08-09 10:15:11,23350.0,100,Sell,230502122
2024-08-09 10:15:11,23350.0,3000,Sell,230502123
2024-08-09 10:15:11,23350.0,500,Sell,230502126
2024-08-09 10:15:11,23350.0,1000,Sell,230502124
2024-08-09 10:15:11,23350.0,100,Sell,230502125
2024-08-09 10:15:11,23350.0,400,Sell,230502114
2024-08-09 10:15:11,23350.0,100,Sell,230502127
2024-08-09 10:15:11,23350.0,1000,Sell,230502132
2024-08-09 10:15:11,23350.0,100,Sell,230502129
2024-08-09 10:15:11,23350.0,100,Sell,230502130
2024-08-09 10:15:11,23350.0,200,Sell,230502131
2024-08-09 10:15:11,23350.0,100,Sell,230502133
2024-08-09 10:15:11,23350.0,4000,Sell,230502134
2024-08-09 10:15:11,23350.0,100,Sell,230502135
2024-08-09 10:15:11,23350.0,5000,Sell,230502136
2024-08-09 10:15:11,23350.0,3000,Buy,230502140
2024-08-09 10:15:11,23350.0,200,Sell,230502128
2024-08-09 10:15:11,23350.0,500,Sell,230502113
2024-08-09 10:15:11,23350.0,200,Sell,230502110
2024-08-09 10:15:11,23350.0,2500,Sell,230502111
2024-08-09 10:15:11,23350.0,1000,Sell,230502091
2024-08-09 10:15:11,23350.0,200,Sell,230502092
2024-08-09 10:15:11,23350.0,500,Sell,230502093
2024-08-09 10:15:11,23350.0,5000,Sell,230502094
2024-08-09 10:15:11,23350.0,5000,Sell,230502095
2024-08-09 10:15:11,23350.0,400,Sell,230502096
2024-08-09 10:15:11,23350.0,1500,Sell,230502112
2024-08-09 10:15:11,23350.0,2000,Sell,230502098
2024-08-09 10:15:11,23350.0,500,Sell,230502099
2024-08-09 10:15:11,23350.0,2000,Sell,230502097
2024-08-09 10:15:11,23350.0,3000,Sell,230502101
2024-08-09 10:15:11,23350.0,2000,Sell,230502102
2024-08-09 10:15:11,23350.0,500,Sell,230502103
2024-08-09 10:15:11,23350.0,100,Sell,230502104
2024-08-09 10:15:11,23350.0,400,Sell,230502105
2024-08-09 10:15:11,23350.0,1000,Sell,230502106
2024-08-09 10:15:11,23350.0,500,Sell,230502107
2024-08-09 10:15:11,23350.0,100,Sell,230502109
2024-08-09 10:15:11,23350.0,600,Sell,230502100
2024-08-09 10:15:11,23350.0,2500,Sell,230502108
2024-08-09 10:15:49,23350.0,400,Buy,230502744
2024-08-09 10:16:10,23350.0,6000,Buy,230503015
2024-08-09 10:16:24,23300.0,500,Sell,230503280
2024-08-09 10:16:25,23350.0,100,Buy,230503302
2024-08-09 10:16:27,23300.0,100,Sell,230503335
2024-08-09 10:17:03,23300.0,100,Sell,230503869
2024-08-09 10:17:07,23300.0,700,Sell,230503908
2024-08-09 10:17:07,23300.0,300,Sell,230503907
2024-08-09 10:17:37,23300.0,100,Sell,230504346
2024-08-09 10:17:39,23300.0,200,Sell,230504362
2024-08-09 10:17:39,23300.0,200,Sell,230504363
2024-08-09 10:17:39,23300.0,600,Sell,230504364
2024-08-09 10:18:00,23300.0,300,Sell,230504723
2024-08-09 10:18:08,23300.0,100,Sell,230504853
2024-08-09 10:18:09,23300.0,300,Sell,230504864
2024-08-09 10:18:54,23300.0,300,Sell,230505551
2024-08-09 10:19:18,23300.0,200,Sell,230505904
2024-08-09 10:19:22,23300.0,300,Sell,230505937
2024-08-09 10:19:27,23300.0,1600,Sell,230506011
2024-08-09 10:19:27,23300.0,100,Sell,230506010
2024-08-09 10:19:27,23300.0,2900,Sell,230506007
2024-08-09 10:19:27,23300.0,100,Sell,230506008
2024-08-09 10:19:27,23300.0,300,Sell,230506009
2024-08-09 10:19:52,23300.0,3700,Sell,230506354
2024-08-09 10:20:02,23300.0,100,Sell,230506501
2024-08-09 10:20:14,23300.0,500,Sell,230506743
2024-08-09 10:20:14,23300.0,1500,Sell,230506744
2024-08-09 10:20:14,23300.0,1000,Sell,230506742
2024-08-09 10:20:14,23300.0,1700,Sell,230506745
2024-08-09 10:20:14,23300.0,100,Sell,230506740
2024-08-09 10:20:14,23300.0,100,Sell,230506739
2024-08-09 10:20:14,23300.0,500,Sell,230506741
2024-08-09 10:20:14,23300.0,4600,Sell,230506738
2024-08-09 10:20:40,23300.0,500,Sell,230507111
2024-08-09 10:20:43,23300.0,400,Sell,230507138
2024-08-09 10:20:48,23300.0,300,Sell,230507229
2024-08-09 10:20:48,23300.0,500,Sell,230507230
2024-08-09 10:20:48,23300.0,200,Sell,230507231
2024-08-09 10:20:48,23300.0,500,Sell,230507232
2024-08-09 10:20:48,23300.0,10000,Sell,230507233
2024-08-09 10:20:48,23300.0,1000,Sell,230507234
2024-08-09 10:20:48,23300.0,20000,Sell,230507235
2024-08-09 10:20:48,23300.0,5000,Sell,230507236
2024-08-09 10:20:48,23300.0,20000,Sell,230507237
2024-08-09 10:20:48,23300.0,400,Sell,230507238
2024-08-09 10:20:48,23300.0,2000,Sell,230507241
2024-08-09 10:20:48,23300.0,400,Sell,230507242
2024-08-09 10:20:48,23300.0,500,Sell,230507243
2024-08-09 10:20:48,23300.0,2000,Sell,230507244
2024-08-09 10:20:48,23300.0,200,Sell,230507245
2024-08-09 10:20:48,23300.0,100,Sell,230507246
2024-08-09 10:20:48,23300.0,100,Sell,230507247
2024-08-09 10:20:48,23300.0,300,Sell,230507248
2024-08-09 10:20:48,23300.0,2800,Sell,230507249
2024-08-09 10:20:48,23300.0,100,Sell,230507228
2024-08-09 10:20:48,23300.0,300,Sell,230507239
2024-08-09 10:20:48,23300.0,100,Sell,230507227
2024-08-09 10:20:48,23300.0,300,Sell,230507240
2024-08-09 10:20:48,23300.0,300,Sell,230507225
2024-08-09 10:20:48,23300.0,700,Sell,230507226
2024-08-09 10:20:48,23300.0,10300,Sell,230507204
2024-08-09 10:20:48,23300.0,1000,Sell,230507205
2024-08-09 10:20:48,23300.0,1000,Sell,230507206
2024-08-09 10:20:48,23300.0,2000,Sell,230507207
2024-08-09 10:20:48,23300.0,5000,Sell,230507208
2024-08-09 10:20:48,23300.0,500,Sell,230507210
2024-08-09 10:20:48,23300.0,500,Sell,230507211
2024-08-09 10:20:48,23300.0,100,Sell,230507212
2024-08-09 10:20:48,23300.0,1000,Sell,230507213
2024-08-09 10:20:48,23300.0,3000,Sell,230507209
2024-08-09 10:20:48,23300.0,100,Sell,230507215
2024-08-09 10:20:48,23300.0,400,Sell,230507216
2024-08-09 10:20:48,23300.0,2000,Sell,230507217
2024-08-09 10:20:48,23300.0,100,Sell,230507218
2024-08-09 10:20:48,23300.0,2000,Sell,230507224
2024-08-09 10:20:48,23300.0,800,Sell,230507219
2024-08-09 10:20:48,23300.0,1000,Sell,230507220
2024-08-09 10:20:48,23300.0,500,Sell,230507221
2024-08-09 10:20:48,23300.0,200,Sell,230507222
2024-08-09 10:20:48,23300.0,300,Sell,230507223
2024-08-09 10:20:48,23300.0,100,Sell,230507214
2024-08-09 10:20:55,23300.0,1000,Sell,230507337
2024-08-09 10:21:10,23350.0,2000,Buy,230507553
2024-08-09 10:21:26,23300.0,1000,Sell,230507804
2024-08-09 10:21:46,23300.0,2000,Sell,230508107
2024-08-09 10:21:46,23300.0,3000,Sell,230508114
2024-08-09 10:22:00,23300.0,8600,Sell,230508416
2024-08-09 10:22:00,23300.0,300,Sell,230508412
2024-08-09 10:22:00,23300.0,300,Sell,230508414
2024-08-09 10:22:00,23300.0,5000,Sell,230508413
2024-08-09 10:22:00,23300.0,200,Sell,230508411
2024-08-09 10:22:00,23300.0,500,Sell,230508415
2024-08-09 10:22:00,23300.0,1000,Sell,230508409
2024-08-09 10:22:00,23300.0,200,Sell,230508408
2024-08-09 10:22:00,23300.0,100,Sell,230508407
2024-08-09 10:22:00,23300.0,100,Sell,230508406
2024-08-09 10:22:00,23300.0,500,Sell,230508405
2024-08-09 10:22:00,23300.0,15200,Sell,230508404
2024-08-09 10:22:00,23300.0,3000,Sell,230508410
2024-08-09 10:22:05,23300.0,200,Sell,230508497
2024-08-09 10:22:13,23300.0,500,Sell,230508604
2024-08-09 10:22:23,23300.0,700,Sell,230508743
2024-08-09 10:22:40,23350.0,7500,Buy,230508966
2024-08-09 10:23:19,23350.0,100,Buy,230509507
2024-08-09 10:23:20,23350.0,100,Buy,230509509
2024-08-09 10:23:36,23350.0,600,Buy,230509838
2024-08-09 10:23:43,23250.0,100,Sell,230509955
2024-08-09 10:23:43,23250.0,200,Sell,230509954
2024-08-09 10:23:43,23250.0,200,Sell,230509953
2024-08-09 10:23:43,23250.0,3000,Sell,230509952
2024-08-09 10:23:43,23250.0,1000,Sell,230509951
2024-08-09 10:23:43,23250.0,5000,Sell,230509950
2024-08-09 10:23:43,23250.0,500,Sell,230509949
2024-08-09 10:23:43,23300.0,500,Sell,230509946
2024-08-09 10:23:43,23300.0,100,Sell,230509948
2024-08-09 10:23:43,23300.0,100,Sell,230509947
2024-08-09 10:23:43,23250.0,200,Sell,230509956
2024-08-09 10:23:43,23300.0,100,Sell,230509945
2024-08-09 10:23:43,23300.0,200,Sell,230509939
2024-08-09 10:23:43,23300.0,3000,Sell,230509943
2024-08-09 10:23:43,23300.0,200,Sell,230509942
2024-08-09 10:23:43,23300.0,3000,Sell,230509941
2024-08-09 10:23:43,23300.0,200,Sell,230509940
2024-08-09 10:23:43,23300.0,100,Sell,230509938
2024-08-09 10:23:43,23300.0,400,Sell,230509937
2024-08-09 10:23:43,23300.0,300,Sell,230509936
2024-08-09 10:23:43,23300.0,3000,Sell,230509935
2024-08-09 10:23:43,23300.0,100,Sell,230509934
2024-08-09 10:23:43,23300.0,3000,Sell,230509933
2024-08-09 10:23:43,23300.0,12600,Sell,230509932
2024-08-09 10:23:43,23350.0,100,Buy,230509931
2024-08-09 10:23:43,23300.0,600,Sell,230509944
2024-08-09 10:23:44,23250.0,2300,Sell,230509957
2024-08-09 10:23:44,23250.0,700,Sell,230509984
2024-08-09 10:23:44,23250.0,300,Sell,230509985
2024-08-09 10:23:55,23300.0,1000,Sell,230510221
2024-08-09 10:24:18,23300.0,4300,Sell,230510627
2024-08-09 10:24:18,23300.0,2000,Sell,230510626
2024-08-09 10:24:18,23300.0,2000,Sell,230510628
2024-08-09 10:24:53,23300.0,1000,Buy,230511182
2024-08-09 10:24:55,23300.0,100,Buy,230511203
2024-08-09 10:25:05,23300.0,100,Buy,230511374
2024-08-09 10:25:05,23300.0,100,Buy,230511365
2024-08-09 10:25:05,23300.0,500,Buy,230511372
2024-08-09 10:25:05,23300.0,1000,Buy,230511373
2024-08-09 10:25:43,23300.0,300,Sell,230512017
2024-08-09 10:25:55,23300.0,500,Sell,230512223
2024-08-09 10:26:10,23300.0,100,Sell,230512542
2024-08-09 10:26:18,23300.0,100,Sell,230512658
2024-08-09 10:26:23,23300.0,400,Sell,230512704
2024-08-09 10:26:23,23300.0,200,Sell,230512705
2024-08-09 10:26:23,23300.0,1400,Sell,230512706
2024-08-09 10:26:43,23350.0,200,Buy,230513142
2024-08-09 10:26:58,23350.0,100,Buy,230513484
2024-08-09 10:27:15,23300.0,100,Sell,230513919
2024-08-09 10:27:23,23300.0,1500,Sell,230514070
2024-08-09 10:27:23,23300.0,2000,Sell,230514071
2024-08-09 10:27:23,23300.0,3000,Sell,230514072
2024-08-09 10:27:23,23300.0,5000,Sell,230514073
2024-08-09 10:27:23,23300.0,100,Sell,230514074
2024-08-09 10:27:29,23300.0,500,Buy,230514200
2024-08-09 10:27:30,23300.0,5000,Buy,230514234
2024-08-09 10:27:40,23300.0,800,Buy,230514353
2024-08-09 10:28:03,23300.0,500,Buy,230514703
2024-08-09 10:28:54,23300.0,200,Buy,230515385
2024-08-09 10:29:18,23300.0,200,Buy,230515680
2024-08-09 10:29:21,23300.0,3000,Buy,230515718
2024-08-09 10:29:31,23300.0,2000,Buy,230515871
2024-08-09 10:29:31,23300.0,3000,Buy,230515879
2024-08-09 10:29:39,23300.0,4900,Buy,230516000
2024-08-09 10:29:39,23300.0,100,Buy,230515997
2024-08-09 10:29:39,23300.0,1000,Buy,230515996
2024-08-09 10:29:39,23300.0,200,Buy,230515999
2024-08-09 10:29:39,23300.0,10000,Buy,230515994
2024-08-09 10:29:39,23300.0,1000,Buy,230515995
2024-08-09 10:29:39,23300.0,23200,Buy,230515992
2024-08-09 10:29:39,23300.0,500,Buy,230515998
2024-08-09 10:29:39,23300.0,2000,Buy,230515993
2024-08-09 10:29:45,23300.0,800,Sell,230516089
2024-08-09 10:30:42,23300.0,5000,Sell,230516882
2024-08-09 10:30:46,23300.0,1100,Sell,230516969
2024-08-09 10:30:49,23300.0,200,Sell,230517029
2024-08-09 10:30:49,23300.0,700,Sell,230517030
2024-08-09 10:30:55,23300.0,2300,Sell,230517100
2024-08-09 10:30:55,23300.0,2000,Sell,230517101
2024-08-09 10:30:55,23300.0,500,Sell,230517102
2024-08-09 10:30:55,23300.0,500,Sell,230517103
2024-08-09 10:30:55,23300.0,800,Sell,230517104
2024-08-09 10:31:20,23300.0,100,Sell,230517362
2024-08-09 10:31:49,23300.0,2000,Sell,230517740
2024-08-09 10:32:14,23300.0,500,Sell,230518058
2024-08-09 10:32:14,23300.0,100,Sell,230518056
2024-08-09 10:32:14,23300.0,400,Sell,230518057
2024-08-09 10:32:16,23300.0,400,Sell,230518081
2024-08-09 10:32:20,23300.0,100,Sell,230518156
2024-08-09 10:34:14,23300.0,500,Sell,230519512
2024-08-09 10:34:20,23300.0,2500,Sell,230519562
2024-08-09 10:34:20,23300.0,600,Sell,230519563
2024-08-09 10:34:20,23300.0,500,Sell,230519564
2024-08-09 10:34:20,23300.0,2100,Sell,230519565
2024-08-09 10:34:20,23300.0,4300,Sell,230519566
2024-08-09 10:34:33,23300.0,1800,Sell,230519765
2024-08-09 10:34:37,23300.0,100,Sell,230519828
2024-08-09 10:34:59,23300.0,3000,Sell,230520118
2024-08-09 10:37:37,23350.0,3000,Buy,230522197
2024-08-09 10:37:42,23350.0,1500,Buy,230522273
2024-08-09 10:38:01,23350.0,10000,Buy,230522498
2024-08-09 10:38:05,23350.0,3000,Buy,230522550
2024-08-09 10:38:12,23350.0,2700,Buy,230522660
2024-08-09 10:38:12,23350.0,2300,Buy,230522659
2024-08-09 10:38:13,23350.0,100,Buy,230522675
2024-08-09 10:38:13,23350.0,2600,Buy,230522676
2024-08-09 10:38:13,23350.0,300,Buy,230522674
2024-08-09 10:38:36,23350.0,300,Buy,230522969
2024-08-09 10:38:53,23350.0,100,Buy,230523172
2024-08-09 10:38:53,23350.0,300,Buy,230523174
2024-08-09 10:39:21,23350.0,500,Buy,230523548
2024-08-09 10:39:22,23350.0,2200,Buy,230523558
2024-08-09 10:39:22,23350.0,400,Buy,230523559
2024-08-09 10:39:22,23350.0,400,Buy,230523560
2024-08-09 10:39:32,23350.0,700,Buy,230523751
2024-08-09 10:39:32,23350.0,2100,Buy,230523749
2024-08-09 10:39:32,23350.0,200,Buy,230523750
2024-08-09 10:39:38,23350.0,200,Buy,230523849
2024-08-09 10:39:38,23350.0,100,Buy,230523850
2024-08-09 10:39:38,23350.0,5000,Buy,230523851
2024-08-09 10:39:38,23350.0,500,Buy,230523852
2024-08-09 10:39:38,23350.0,100,Buy,230523853
2024-08-09 10:39:38,23350.0,3200,Buy,230523854
2024-08-09 10:39:38,23350.0,900,Buy,230523848
2024-08-09 10:39:43,23350.0,3000,Buy,230523947
2024-08-09 10:39:44,23350.0,100,Buy,230523951
2024-08-09 10:39:50,23350.0,2000,Buy,230524063
2024-08-09 10:40:02,23350.0,3000,Buy,230524231
2024-08-09 10:40:04,23350.0,900,Buy,230524265
2024-08-09 10:40:05,23350.0,300,Buy,230524269
2024-08-09 10:40:14,23350.0,100,Buy,230524448
2024-08-09 10:40:14,23350.0,7500,Buy,230524447
2024-08-09 10:40:19,23350.0,800,Buy,230524510
2024-08-09 10:40:19,23350.0,900,Buy,230524508
2024-08-09 10:40:19,23350.0,300,Buy,230524509
2024-08-09 10:40:22,23350.0,200,Buy,230524549
2024-08-09 10:40:22,23350.0,2000,Buy,230524550
2024-08-09 10:40:22,23350.0,500,Buy,230524551
2024-08-09 10:40:22,23350.0,200,Buy,230524552
2024-08-09 10:40:22,23350.0,100,Buy,230524553
2024-08-09 10:40:22,23350.0,1000,Buy,230524554
2024-08-09 10:40:27,23350.0,1000,Buy,230524629
2024-08-09 10:40:27,23350.0,1100,Buy,230524634
2024-08-09 10:40:27,23350.0,100,Buy,230524635
2024-08-09 10:40:27,23350.0,1800,Buy,230524636
2024-08-09 10:40:29,23350.0,800,Buy,230524652
2024-08-09 10:40:29,23350.0,4200,Buy,230524651
2024-08-09 10:40:51,23300.0,100,Sell,230524948
2024-08-09 10:40:59,23350.0,1000,Buy,230525127
2024-08-09 10:40:59,23350.0,500,Buy,230525128
2024-08-09 10:40:59,23350.0,1300,Buy,230525129
2024-08-09 10:40:59,23350.0,200,Buy,230525126
2024-08-09 10:41:38,23350.0,200,Buy,230525838
2024-08-09 10:41:49,23350.0,3500,Buy,230526065
2024-08-09 10:41:49,23350.0,200,Buy,230526066
2024-08-09 10:41:49,23350.0,6300,Buy,230526067
2024-08-09 10:43:09,23350.0,100,Buy,230527424
2024-08-09 10:43:09,23350.0,100,Buy,230527423
2024-08-09 10:43:09,23350.0,200,Buy,230527422
2024-08-09 10:43:09,23350.0,100,Buy,230527421
2024-08-09 10:43:09,23350.0,2000,Buy,230527420
2024-08-09 10:43:09,23350.0,300,Buy,230527419
2024-08-09 10:43:09,23350.0,1000,Buy,230527417
2024-08-09 10:43:09,23350.0,3700,Buy,230527412
2024-08-09 10:43:09,23350.0,5000,Buy,230527413
2024-08-09 10:43:09,23350.0,100,Buy,230527418
2024-08-09 10:43:09,23350.0,200,Buy,230527415
2024-08-09 10:43:09,23350.0,100,Buy,230527414
2024-08-09 10:43:09,23350.0,10000,Buy,230527416
2024-08-09 10:43:16,23350.0,5000,Sell,230527507
2024-08-09 10:43:29,23350.0,100,Sell,230527705
2024-08-09 10:43:50,23350.0,600,Sell,230527996
2024-08-09 10:44:55,23350.0,10000,Sell,230528900
2024-08-09 10:45:23,23350.0,1000,Sell,230529319
2024-08-09 10:45:54,23350.0,10400,Sell,230529767
2024-08-09 10:45:54,23350.0,3000,Sell,230529768
2024-08-09 10:45:54,23350.0,3000,Sell,230529769
2024-08-09 10:45:54,23350.0,3000,Sell,230529770
2024-08-09 10:45:54,23350.0,100,Sell,230529771
2024-08-09 10:45:54,23350.0,500,Sell,230529772
2024-08-09 10:46:27,23350.0,500,Sell,230530252
2024-08-09 10:46:27,23350.0,3000,Sell,230530251
2024-08-09 10:46:27,23350.0,100,Sell,230530250
2024-08-09 10:46:27,23350.0,5000,Sell,230530248
2024-08-09 10:46:27,23350.0,1500,Sell,230530247
2024-08-09 10:46:27,23350.0,3000,Sell,230530249
2024-08-09 10:46:41,23300.0,100,Sell,230530427
2024-08-09 10:47:02,23350.0,16900,Buy,230530915
2024-08-09 10:47:02,23350.0,200,Buy,230530916
2024-08-09 10:47:02,23350.0,5000,Buy,230530917
2024-08-09 10:47:13,23350.0,400,Sell,230531128
2024-08-09 10:47:14,23350.0,6000,Sell,230531139
2024-08-09 10:47:31,23350.0,200,Sell,230531423
2024-08-09 10:47:41,23350.0,21300,Sell,230531591
2024-08-09 10:47:59,23350.0,3000,Buy,230531828
2024-08-09 10:48:03,23350.0,100,Buy,230531872
2024-08-09 10:48:05,23350.0,3000,Buy,230531912
2024-08-09 10:49:30,23350.0,200,Buy,230533786
2024-08-09 10:49:44,23350.0,100,Buy,230534070
2024-08-09 10:49:45,23350.0,700,Buy,230534084
2024-08-09 10:49:45,23350.0,2300,Buy,230534083
2024-08-09 10:50:12,23350.0,200,Buy,230534709
2024-08-09 10:50:14,23350.0,100,Buy,230534742
2024-08-09 10:50:44,23350.0,200,Buy,230535296
2024-08-09 10:51:16,23350.0,200,Buy,230535803
2024-08-09 10:51:21,23350.0,300,Buy,230535891
2024-08-09 10:51:32,23350.0,100,Buy,230536125
2024-08-09 10:51:39,23350.0,3000,Buy,230536236
2024-08-09 10:51:48,23350.0,200,Buy,230536401
2024-08-09 10:52:10,23300.0,600,Sell,230536785
2024-08-09 10:52:10,23300.0,100,Sell,230536786
2024-08-09 10:52:19,23350.0,200,Buy,230536967
2024-08-09 10:52:25,23300.0,1200,Sell,230537086
2024-08-09 10:52:25,23300.0,1500,Sell,230537085
2024-08-09 10:52:25,23300.0,5000,Sell,230537084
2024-08-09 10:52:25,23300.0,3000,Sell,230537081
2024-08-09 10:52:25,23300.0,2000,Sell,230537082
2024-08-09 10:52:25,23300.0,400,Sell,230537083
2024-08-09 10:52:25,23300.0,1900,Sell,230537080
2024-08-09 10:52:45,23300.0,500,Sell,230537505
2024-08-09 10:52:48,23300.0,100,Sell,230537559
2024-08-09 10:52:48,23300.0,1200,Sell,230537564
2024-08-09 10:52:48,23300.0,3000,Sell,230537565
2024-08-09 10:52:48,23300.0,800,Sell,230537566
2024-08-09 10:52:50,23350.0,200,Buy,230537582
2024-08-09 10:53:22,23350.0,200,Buy,230538100
2024-08-09 10:53:30,23350.0,100,Buy,230538366
2024-08-09 10:53:53,23350.0,200,Buy,230538772
2024-08-09 10:54:23,23350.0,300,Buy,230539287
2024-08-09 10:54:26,23300.0,100,Sell,230539315
2024-08-09 10:54:46,23300.0,100,Sell,230539704
2024-08-09 10:54:46,23300.0,2500,Sell,230539705
2024-08-09 10:54:51,23300.0,2500,Sell,230539737
2024-08-09 10:54:51,23300.0,5500,Sell,230539738
2024-08-09 10:54:53,23300.0,500,Sell,230539761
2024-08-09 10:54:56,23350.0,200,Buy,230539810
2024-08-09 10:54:56,23300.0,1000,Sell,230539811
2024-08-09 10:55:15,23350.0,1000,Buy,230540155
2024-08-09 10:55:27,23350.0,200,Buy,230540309
2024-08-09 10:55:54,23300.0,400,Sell,230540683
2024-08-09 10:55:58,23350.0,200,Buy,230540730
2024-08-09 10:56:22,23350.0,1000,Buy,230541011
2024-08-09 10:56:29,23350.0,200,Buy,230541103
2024-08-09 10:56:57,23350.0,300,Buy,230541516
2024-08-09 10:56:59,23350.0,300,Buy,230541538
2024-08-09 10:57:00,23300.0,200,Sell,230541540
2024-08-09 10:57:15,23300.0,400,Sell,230541720
2024-08-09 10:57:32,23350.0,300,Buy,230542008
2024-08-09 10:57:39,23300.0,700,Sell,230542104
2024-08-09 10:57:40,23300.0,1300,Sell,230542109
2024-08-09 10:57:40,23300.0,3700,Sell,230542110
2024-08-09 10:57:55,23350.0,1700,Buy,230542312
2024-08-09 10:58:05,23300.0,500,Sell,230542434
2024-08-09 10:58:05,23350.0,200,Buy,230542438
2024-08-09 10:58:07,23350.0,3000,Buy,230542476
2024-08-09 10:58:18,23350.0,3000,Buy,230542635
2024-08-09 10:58:29,23350.0,800,Buy,230542773
2024-08-09 10:58:29,23300.0,1000,Sell,230542770
2024-08-09 10:58:29,23350.0,2200,Buy,230542772
2024-08-09 10:58:35,23350.0,200,Buy,230542851
2024-08-09 10:58:59,23350.0,400,Buy,230543117
2024-08-09 10:58:59,23350.0,2600,Buy,230543118
2024-08-09 10:59:06,23350.0,200,Buy,230543194
2024-08-09 10:59:08,23350.0,400,Buy,230543228
2024-08-09 10:59:12,23350.0,6000,Buy,230543301
2024-08-09 10:59:28,23300.0,200,Sell,230543556
2024-08-09 10:59:36,23350.0,200,Buy,230543658
2024-08-09 10:59:42,23350.0,100,Buy,230543724
2024-08-09 11:00:08,23350.0,200,Buy,230544116
2024-08-09 11:00:39,23350.0,200,Buy,230544612
2024-08-09 11:01:06,23300.0,1000,Sell,230544947
2024-08-09 11:01:10,23350.0,100,Buy,230544974
2024-08-09 11:01:10,23350.0,200,Buy,230544975
2024-08-09 11:01:42,23350.0,300,Buy,230545441
2024-08-09 11:01:43,23350.0,100,Buy,230545444
2024-08-09 11:01:57,23300.0,10000,Sell,230545632
2024-08-09 11:02:15,23350.0,200,Buy,230545899
2024-08-09 11:02:48,23350.0,200,Buy,230546304
2024-08-09 11:03:18,23350.0,100,Buy,230546688
2024-08-09 11:03:18,23350.0,200,Buy,230546689
2024-08-09 11:03:42,23300.0,2500,Sell,230547000
2024-08-09 11:03:51,23350.0,100,Buy,230547082
2024-08-09 11:03:51,23350.0,100,Buy,230547083
2024-08-09 11:04:17,23300.0,5000,Sell,230547528
2024-08-09 11:04:21,23350.0,200,Buy,230547570
2024-08-09 11:04:51,23350.0,200,Buy,230548009
2024-08-09 11:05:03,23350.0,800,Buy,230548158
2024-08-09 11:05:03,23300.0,700,Sell,230548170
2024-08-09 11:05:19,23300.0,4000,Sell,230548453
2024-08-09 11:05:22,23350.0,200,Buy,230548480
2024-08-09 11:05:30,23300.0,100,Sell,230548640
2024-08-09 11:05:54,23350.0,300,Buy,230548987
2024-08-09 11:06:01,23300.0,2500,Sell,230549104
2024-08-09 11:06:15,23300.0,100,Sell,230549284
2024-08-09 11:06:22,23300.0,2000,Sell,230549395
2024-08-09 11:06:26,23350.0,200,Buy,230549429
2024-08-09 11:06:32,23300.0,15000,Sell,230549542
2024-08-09 11:06:43,23300.0,5100,Sell,230549672
2024-08-09 11:06:43,23300.0,1700,Sell,230549669
2024-08-09 11:06:43,23300.0,200,Sell,230549670
2024-08-09 11:06:43,23300.0,2000,Sell,230549671
2024-08-09 11:06:52,23300.0,1000,Sell,230549764
2024-08-09 11:06:58,23350.0,200,Buy,230549840
2024-08-09 11:07:10,23300.0,1200,Sell,230550000
2024-08-09 11:07:29,23350.0,300,Buy,230550209
2024-08-09 11:07:32,23300.0,300,Sell,230550257
2024-08-09 11:07:37,23300.0,100,Sell,230550317
2024-08-09 11:08:02,23350.0,200,Buy,230550668
2024-08-09 11:08:18,23300.0,3000,Sell,230550888
2024-08-09 11:08:34,23350.0,200,Buy,230551084
2024-08-09 11:09:05,23350.0,200,Buy,230551477
2024-08-09 11:09:25,23300.0,500,Sell,230551776
2024-08-09 11:09:36,23350.0,200,Buy,230551994
2024-08-09 11:09:58,23300.0,100,Sell,230552330
2024-08-09 11:10:07,23350.0,200,Buy,230552439
2024-08-09 11:10:17,23300.0,2000,Sell,230552615
2024-08-09 11:10:18,23300.0,3000,Sell,230552633
2024-08-09 11:10:30,23300.0,400,Sell,230552862
2024-08-09 11:10:37,23350.0,200,Buy,230552953
2024-08-09 11:11:09,23350.0,200,Buy,230553452
2024-08-09 11:11:10,23300.0,13300,Sell,230553455
2024-08-09 11:11:10,23300.0,500,Sell,230553456
2024-08-09 11:11:10,23300.0,1200,Sell,230553457
2024-08-09 11:11:15,23300.0,100,Sell,230553527
2024-08-09 11:11:40,23350.0,200,Buy,230553891
2024-08-09 11:12:11,23350.0,200,Buy,230554310
2024-08-09 11:12:42,23350.0,200,Buy,230554678
2024-08-09 11:12:48,23300.0,6700,Sell,230554778
2024-08-09 11:12:48,23300.0,300,Sell,230554777
2024-08-09 11:12:48,23300.0,1000,Sell,230554776
2024-08-09 11:12:48,23300.0,2000,Sell,230554775
2024-08-09 11:12:48,23300.0,2900,Sell,230554774
2024-08-09 11:12:48,23300.0,500,Sell,230554773
2024-08-09 11:12:48,23300.0,18700,Sell,230554766
2024-08-09 11:12:48,23300.0,500,Sell,230554771
2024-08-09 11:12:48,23300.0,1100,Sell,230554770
2024-08-09 11:12:48,23300.0,200,Sell,230554769
2024-08-09 11:12:48,23300.0,100,Sell,230554768
2024-08-09 11:12:48,23300.0,1000,Sell,230554767
2024-08-09 11:12:48,23300.0,5000,Sell,230554772
2024-08-09 11:12:51,23300.0,2000,Sell,230554828
2024-08-09 11:13:00,23300.0,800,Sell,230554939
2024-08-09 11:13:00,23300.0,200,Sell,230554938
2024-08-09 11:13:00,23300.0,100,Sell,230554937
2024-08-09 11:13:00,23300.0,400,Sell,230554936
2024-08-09 11:13:00,23300.0,200,Sell,230554934
2024-08-09 11:13:00,23300.0,1000,Sell,230554933
2024-08-09 11:13:00,23300.0,1000,Sell,230554935
2024-08-09 11:13:00,23300.0,1300,Sell,230554932
2024-08-09 11:13:04,23300.0,1000,Sell,230555007
2024-08-09 11:13:04,23300.0,3000,Sell,230554989
2024-08-09 11:13:04,23300.0,2200,Sell,230554993
2024-08-09 11:13:04,23300.0,500,Sell,230554994
2024-08-09 11:13:04,23300.0,100,Sell,230554995
2024-08-09 11:13:04,23300.0,2200,Sell,230554996
2024-08-09 11:13:12,23300.0,200,Sell,230555125
2024-08-09 11:13:13,23350.0,200,Buy,230555142
2024-08-09 11:13:17,23300.0,100,Sell,230555215
2024-08-09 11:13:17,23300.0,1000,Sell,230555209
2024-08-09 11:13:17,23300.0,1000,Sell,230555210
2024-08-09 11:13:32,23300.0,1000,Sell,230555355
2024-08-09 11:13:44,23350.0,200,Buy,230555476
2024-08-09 11:14:01,23300.0,500,Sell,230555628
2024-08-09 11:14:06,23300.0,8000,Sell,230555691
2024-08-09 11:14:06,23300.0,100,Sell,230555692
2024-08-09 11:14:06,23300.0,100,Sell,230555693
2024-08-09 11:14:06,23300.0,300,Sell,230555694
2024-08-09 11:14:06,23300.0,500,Sell,230555695
2024-08-09 11:14:06,23300.0,200,Sell,230555696
2024-08-09 11:14:06,23300.0,800,Sell,230555697
2024-08-09 11:14:09,23300.0,6300,Sell,230555772
2024-08-09 11:14:15,23350.0,200,Buy,230555840
2024-08-09 11:14:17,23300.0,100,Sell,230555848
2024-08-09 11:14:17,23300.0,200,Sell,230555866
2024-08-09 11:14:24,23300.0,900,Sell,230555951
2024-08-09 11:14:24,23300.0,100,Sell,230555955
2024-08-09 11:14:24,23300.0,100,Sell,230555954
2024-08-09 11:14:24,23300.0,100,Sell,230555953
2024-08-09 11:14:24,23300.0,1000,Sell,230555952
2024-08-09 11:14:24,23300.0,100,Sell,230555950
2024-08-09 11:14:24,23300.0,2300,Sell,230555956
2024-08-09 11:14:24,23300.0,200,Sell,230555948
2024-08-09 11:14:24,23300.0,1400,Sell,230555947
2024-08-09 11:14:24,23300.0,300,Sell,230555946
2024-08-09 11:14:24,23300.0,800,Sell,230555945
2024-08-09 11:14:24,23300.0,100,Sell,230555944
2024-08-09 11:14:24,23300.0,2000,Sell,230555949
2024-08-09 11:14:24,23300.0,600,Sell,230555943
2024-08-09 11:14:26,23300.0,700,Sell,230555987
2024-08-09 11:14:28,23300.0,100,Buy,230556018
2024-08-09 11:14:41,23300.0,200,Buy,230556143
2024-08-09 11:14:47,23300.0,300,Buy,230556266
2024-08-09 11:14:53,23300.0,700,Buy,230556322
2024-08-09 11:14:53,23300.0,1500,Buy,230556323
2024-08-09 11:15:20,23300.0,200,Buy,230556650
2024-08-09 11:15:29,23300.0,100,Buy,230556774
2024-08-09 11:15:50,23300.0,200,Buy,230557152
2024-08-09 11:16:21,23300.0,300,Buy,230557542
2024-08-09 11:16:21,23300.0,300,Buy,230557543
2024-08-09 11:16:23,23250.0,800,Sell,230557550
2024-08-09 11:16:23,23250.0,200,Sell,230557549
2024-08-09 11:16:54,23300.0,200,Buy,230557889
2024-08-09 11:17:02,23250.0,1000,Sell,230557969
2024-08-09 11:17:02,23250.0,100,Sell,230557973
2024-08-09 11:17:25,23300.0,300,Buy,230558319
2024-08-09 11:17:39,23300.0,300,Buy,230558571
2024-08-09 11:17:39,23300.0,500,Buy,230558530
2024-08-09 11:17:58,23300.0,300,Buy,230558786
2024-08-09 11:18:22,23250.0,200,Sell,230559015
2024-08-09 11:18:31,23300.0,200,Buy,230559116
2024-08-09 11:18:40,23300.0,300,Buy,230559218
2024-08-09 11:18:50,23300.0,300,Buy,230559305
2024-08-09 11:18:50,23300.0,300,Buy,230559306
2024-08-09 11:18:50,23300.0,400,Buy,230559307
2024-08-09 11:19:04,23300.0,300,Buy,230559438
2024-08-09 11:19:16,23300.0,700,Buy,230559634
2024-08-09 11:19:16,23300.0,300,Buy,230559632
2024-08-09 11:19:16,23300.0,3000,Buy,230559633
2024-08-09 11:19:28,23300.0,500,Buy,230559841
2024-08-09 11:19:35,23300.0,300,Buy,230559906
2024-08-09 11:19:38,23300.0,100,Buy,230559946
2024-08-09 11:19:42,23300.0,300,Buy,230560006
2024-08-09 11:19:49,23300.0,100,Buy,230560095
2024-08-09 11:19:49,23300.0,200,Buy,230560094
2024-08-09 11:19:49,23300.0,100,Buy,230560093
2024-08-09 11:19:49,23300.0,800,Buy,230560089
2024-08-09 11:19:49,23300.0,200,Buy,230560091
2024-08-09 11:19:49,23300.0,500,Buy,230560090
2024-08-09 11:19:49,23300.0,100,Buy,230560092
2024-08-09 11:20:08,23300.0,200,Buy,230560262
2024-08-09 11:20:29,23300.0,500,Buy,230560472
2024-08-09 11:20:37,23300.0,2000,Buy,230560593
2024-08-09 11:20:41,23300.0,300,Buy,230560631
2024-08-09 11:20:43,23300.0,300,Buy,230560673
2024-08-09 11:20:53,23300.0,100,Buy,230560774
2024-08-09 11:21:11,23300.0,300,Buy,230560972
2024-08-09 11:21:43,23300.0,200,Buy,230561339
2024-08-09 11:21:44,23300.0,300,Buy,230561350
2024-08-09 11:21:55,23300.0,2000,Buy,230561489
2024-08-09 11:22:07,23300.0,1300,Buy,230561592
2024-08-09 11:22:07,23300.0,3700,Buy,230561591
2024-08-09 11:22:14,23300.0,200,Buy,230561678
2024-08-09 11:22:34,23300.0,300,Buy,230561894
2024-08-09 11:22:45,23300.0,300,Buy,230561980
2024-08-09 11:22:46,23300.0,200,Buy,230561992
2024-08-09 11:23:03,23300.0,100,Buy,230562204
2024-08-09 11:23:15,23300.0,100,Buy,230562320
2024-08-09 11:23:17,23300.0,200,Buy,230562337
2024-08-09 11:23:22,23300.0,500,Buy,230562416
2024-08-09 11:23:22,23300.0,100,Buy,230562415
2024-08-09 11:23:22,23300.0,100,Buy,230562417
2024-08-09 11:23:22,23300.0,300,Buy,230562414
2024-08-09 11:23:22,23300.0,1000,Buy,230562412
2024-08-09 11:23:22,23300.0,100,Buy,230562411
2024-08-09 11:23:22,23300.0,3300,Buy,230562410
2024-08-09 11:23:22,23300.0,300,Buy,230562413
2024-08-09 11:23:46,23300.0,300,Buy,230562675
2024-08-09 11:23:48,23300.0,300,Buy,230562714
2024-08-09 11:24:20,23300.0,200,Buy,230563070
2024-08-09 11:24:22,23300.0,100,Buy,230563090
2024-08-09 11:24:22,23300.0,100,Buy,230563089
2024-08-09 11:24:24,23300.0,100,Buy,230563099
2024-08-09 11:24:32,23300.0,1000,Buy,230563171
2024-08-09 11:24:40,23300.0,1000,Buy,230563235
2024-08-09 11:24:46,23250.0,400,Sell,230563277
2024-08-09 11:24:54,23300.0,300,Buy,230563388
2024-08-09 11:25:25,23300.0,200,Buy,230563690
2024-08-09 11:25:44,23300.0,400,Buy,230563935
2024-08-09 11:25:44,23300.0,3600,Buy,230563933
2024-08-09 11:25:44,23300.0,1000,Buy,230563934
2024-08-09 11:25:49,23300.0,300,Buy,230564005
2024-08-09 11:25:56,23300.0,300,Buy,230564155
2024-08-09 11:26:10,23300.0,5000,Buy,230564385
2024-08-09 11:26:20,23300.0,100,Buy,230564518
2024-08-09 11:26:26,23300.0,1000,Buy,230564590
2024-08-09 11:26:29,23300.0,300,Buy,230564630
2024-08-09 11:26:50,23300.0,300,Buy,230564897
2024-08-09 11:27:01,23300.0,200,Buy,230564992
2024-08-09 11:27:14,23300.0,100,Buy,230565164
2024-08-09 11:27:23,23300.0,2000,Buy,230565269
2024-08-09 11:27:32,23300.0,300,Buy,230565356
2024-08-09 11:27:51,23300.0,300,Buy,230565602
2024-08-09 11:28:05,23300.0,200,Buy,230565703
2024-08-09 11:28:12,23250.0,1500,Sell,230565767
2024-08-09 11:28:33,23250.0,200,Sell,230566008
2024-08-09 11:28:35,23250.0,200,Sell,230566031
2024-08-09 11:28:35,23250.0,500,Sell,230566030
2024-08-09 11:28:35,23250.0,100,Sell,230566029
2024-08-09 11:28:35,23250.0,3000,Sell,230566028
2024-08-09 11:28:35,23250.0,10800,Sell,230566023
2024-08-09 11:28:35,23250.0,100,Sell,230566026
2024-08-09 11:28:35,23250.0,100,Sell,230566025
2024-08-09 11:28:35,23250.0,1000,Sell,230566024
2024-08-09 11:28:35,23250.0,5000,Sell,230566027
2024-08-09 11:28:50,23250.0,200,Sell,230566187
2024-08-09 11:29:07,23250.0,200,Sell,230566331
2024-08-09 11:29:15,23250.0,700,Sell,230566435
2024-08-09 11:29:15,23250.0,2100,Sell,230566437
2024-08-09 11:29:24,23300.0,100,Buy,230566518
2024-08-09 12:59:37,23300.0,100,Buy,230566936
2024-08-09 12:59:37,23300.0,200,Buy,230566941
2024-08-09 12:59:38,23300.0,100,Buy,230567083
2024-08-09 12:59:38,23300.0,600,Buy,230567410
2024-08-09 12:59:39,23300.0,2000,Buy,230567561
2024-08-09 12:59:39,23300.0,100,Buy,230567560
2024-08-09 12:59:39,23300.0,300,Buy,230567559
2024-08-09 12:59:39,23300.0,10000,Buy,230567558
2024-08-09 12:59:39,23300.0,400,Buy,230567553
2024-08-09 12:59:39,23300.0,2000,Buy,230567556
2024-08-09 12:59:39,23300.0,100,Buy,230567555
2024-08-09 12:59:39,23300.0,200,Buy,230567552
2024-08-09 12:59:39,23300.0,2000,Buy,230567557
2024-08-09 12:59:39,23300.0,3000,Buy,230567550
2024-08-09 12:59:39,23300.0,1000,Buy,230567551
2024-08-09 12:59:39,23300.0,9100,Buy,230567542
2024-08-09 12:59:39,23300.0,200,Buy,230567543
2024-08-09 12:59:39,23300.0,100,Buy,230567544
2024-08-09 12:59:39,23300.0,3000,Buy,230567545
2024-08-09 12:59:39,23300.0,500,Buy,230567554
2024-08-09 12:59:39,23300.0,5000,Buy,230567547
2024-08-09 12:59:39,23300.0,1000,Buy,230567548
2024-08-09 12:59:39,23300.0,8900,Buy,230567546
2024-08-09 12:59:39,23300.0,1000,Buy,230567549
2024-08-09 12:59:41,23300.0,100,Sell,230568502
2024-08-09 12:59:41,23300.0,500,Sell,230568503
2024-08-09 12:59:41,23300.0,900,Sell,230568504
2024-08-09 12:59:41,23300.0,1500,Sell,230568505
2024-08-09 12:59:42,23300.0,900,Sell,230568668
2024-08-09 12:59:42,23300.0,800,Sell,230568667
2024-08-09 12:59:42,23300.0,700,Sell,230568581
2024-08-09 12:59:42,23300.0,1000,Sell,230568606
2024-08-09 12:59:43,23300.0,300,Buy,230568945
2024-08-09 12:59:43,23300.0,300,Buy,230568919
2024-08-09 12:59:43,23300.0,100,Buy,230568928
2024-08-09 12:59:46,23300.0,200,Buy,230569253
2024-08-09 12:59:46,23300.0,100,Buy,230569320
2024-08-09 12:59:48,23250.0,200,Sell,230569435
2024-08-09 12:59:48,23300.0,1200,Buy,230569479
2024-08-09 12:59:52,23300.0,100,Buy,230569901
2024-08-09 12:59:52,23300.0,5000,Buy,230569902
2024-08-09 12:59:52,23300.0,500,Buy,230569903
2024-08-09 12:59:52,23300.0,300,Buy,230569904
2024-08-09 12:59:52,23300.0,300,Buy,230569905
2024-08-09 12:59:52,23300.0,13800,Buy,230569900
2024-08-09 12:59:53,23300.0,1100,Buy,230570040
2024-08-09 12:59:53,23300.0,200,Buy,230570046
2024-08-09 12:59:53,23300.0,100,Buy,230570039
2024-08-09 12:59:53,23300.0,1600,Buy,230570037
2024-08-09 12:59:53,23300.0,100,Buy,230570038
2024-08-09 12:59:53,23300.0,100,Buy,230570028
2024-08-09 12:59:59,23300.0,200,Buy,230570451
2024-08-09 12:59:59,23300.0,100,Buy,230570452
2024-08-09 13:00:09,23250.0,1000,Sell,230570775
2024-08-09 13:00:36,23300.0,200,Buy,230571181
2024-08-09 13:00:55,23300.0,300,Buy,230571519
2024-08-09 13:01:07,23300.0,300,Buy,230571887
2024-08-09 13:01:39,23300.0,200,Buy,230572504
2024-08-09 13:01:51,23250.0,200,Sell,230572795
2024-08-09 13:01:55,23300.0,3900,Buy,230572879
2024-08-09 13:01:55,23300.0,100,Buy,230572880
2024-08-09 13:01:55,23300.0,21000,Buy,230572881
2024-08-09 13:01:58,23300.0,900,Buy,230572954
2024-08-09 13:02:07,23300.0,20000,Buy,230573210
2024-08-09 13:02:11,23300.0,200,Buy,230573350
2024-08-09 13:02:13,23300.0,100,Buy,230573440
2024-08-09 13:02:21,23300.0,5000,Buy,230573575
2024-08-09 13:02:24,23300.0,17200,Buy,230573616
2024-08-09 13:02:24,23300.0,2800,Buy,230573615
2024-08-09 13:02:31,23300.0,5000,Buy,230573793
2024-08-09 13:02:42,23300.0,300,Buy,230574025
2024-08-09 13:02:52,23300.0,800,Buy,230574245
2024-08-09 13:02:57,23300.0,300,Buy,230574388
2024-08-09 13:03:14,23250.0,5000,Sell,230574901
2024-08-09 13:03:15,23300.0,200,Buy,230574917
2024-08-09 13:03:27,23250.0,400,Sell,230575238
2024-08-09 13:03:46,23300.0,200,Buy,230575812
2024-08-09 13:03:58,23300.0,300,Buy,230576057
2024-08-09 13:04:01,23300.0,200,Buy,230576157
2024-08-09 13:04:03,23300.0,4700,Buy,230576202
2024-08-09 13:04:03,23300.0,1000,Buy,230576201
2024-08-09 13:04:03,23300.0,1700,Buy,230576200
2024-08-09 13:04:03,23300.0,2000,Buy,230576198
2024-08-09 13:04:03,23300.0,5500,Buy,230576197
2024-08-09 13:04:03,23300.0,100,Buy,230576199
2024-08-09 13:04:18,23300.0,200,Buy,230576524
2024-08-09 13:04:22,23250.0,2100,Sell,230576638
2024-08-09 13:04:22,23250.0,1900,Sell,230576639
2024-08-09 13:04:41,23300.0,800,Buy,230577058
2024-08-09 13:04:49,23300.0,200,Buy,230577257
2024-08-09 13:05:00,23300.0,300,Buy,230577517
2024-08-09 13:05:20,23300.0,300,Buy,230577933
2024-08-09 13:05:22,23250.0,800,Sell,230577994
2024-08-09 13:05:39,23300.0,500,Buy,230578329
2024-08-09 13:05:48,23250.0,1000,Sell,230578624
2024-08-09 13:05:53,23300.0,200,Buy,230578725
2024-08-09 13:06:01,23300.0,300,Buy,230578884
2024-08-09 13:06:02,23300.0,100,Buy,230578904
2024-08-09 13:06:23,23300.0,200,Buy,230579391
2024-08-09 13:06:26,23250.0,200,Sell,230579453
2024-08-09 13:06:53,23250.0,1600,Sell,230579906
2024-08-09 13:06:53,23250.0,1800,Sell,230579907
2024-08-09 13:06:54,23300.0,200,Buy,230579918
2024-08-09 13:06:57,23250.0,100,Sell,230580001
2024-08-09 13:06:57,23250.0,2000,Sell,230580002
2024-08-09 13:07:12,23250.0,900,Sell,230580247
2024-08-09 13:07:16,23300.0,200,Buy,230580355
2024-08-09 13:07:20,23300.0,1800,Buy,230580435
2024-08-09 13:07:20,23300.0,1000,Buy,230580436
2024-08-09 13:07:20,23300.0,12200,Buy,230580437
2024-08-09 13:07:25,23300.0,200,Buy,230580599
2024-08-09 13:07:48,23300.0,2000,Buy,230581096
2024-08-09 13:07:56,23300.0,300,Buy,230581263
2024-08-09 13:08:03,23300.0,300,Buy,230581443
2024-08-09 13:08:28,23300.0,300,Buy,230582001
2024-08-09 13:08:30,23300.0,200,Buy,230582060
2024-08-09 13:09:01,23300.0,300,Buy,230582935
2024-08-09 13:09:03,23300.0,4200,Buy,230582979
2024-08-09 13:09:03,23300.0,700,Buy,230582980
2024-08-09 13:09:03,23300.0,300,Buy,230582981
2024-08-09 13:09:03,23300.0,200,Buy,230582982
2024-08-09 13:09:03,23300.0,200,Buy,230582983
2024-08-09 13:09:03,23300.0,94400,Buy,230582984
2024-08-09 13:09:04,23300.0,300,Buy,230583005
2024-08-09 13:09:05,23300.0,1000,Buy,230583049
2024-08-09 13:09:07,23300.0,3800,Buy,230583145
2024-08-09 13:09:07,23300.0,200,Buy,230583144
2024-08-09 13:09:07,23300.0,800,Buy,230583143
2024-08-09 13:09:07,23300.0,200,Buy,230583142
2024-08-09 13:09:07,23300.0,800,Buy,230583141
2024-08-09 13:09:07,23300.0,100,Buy,230583140
2024-08-09 13:09:07,23300.0,400,Buy,230583139
2024-08-09 13:09:07,23300.0,100,Buy,230583125
2024-08-09 13:09:07,23300.0,1000,Buy,230583124
2024-08-09 13:09:07,23300.0,2000,Buy,230583146
2024-08-09 13:09:07,23300.0,800,Buy,230583122
2024-08-09 13:09:07,23300.0,200,Buy,230583114
2024-08-09 13:09:07,23300.0,100,Buy,230583113
2024-08-09 13:09:07,23300.0,1000,Buy,230583112
2024-08-09 13:09:07,23300.0,100,Buy,230583111
2024-08-09 13:09:07,23300.0,600,Buy,230583110
2024-08-09 13:09:07,23300.0,400,Buy,230583109
2024-08-09 13:09:07,23300.0,100,Buy,230583108
2024-08-09 13:09:07,23300.0,200,Buy,230583107
2024-08-09 13:09:07,23300.0,4300,Buy,230583106
2024-08-09 13:09:07,23300.0,100,Buy,230583123
2024-08-09 13:09:11,23300.0,100,Buy,230583223
2024-08-09 13:09:11,23300.0,200,Buy,230583221
2024-08-09 13:09:11,23300.0,1500,Buy,230583220
2024-08-09 13:09:11,23300.0,100,Buy,230583219
2024-08-09 13:09:11,23300.0,500,Buy,230583222
2024-08-09 13:09:11,23300.0,1000,Buy,230583217
2024-08-09 13:09:11,23300.0,100,Buy,230583216
2024-08-09 13:09:11,23300.0,1500,Buy,230583215
2024-08-09 13:09:11,23300.0,1000,Buy,230583214
2024-08-09 13:09:11,23300.0,1200,Buy,230583213
2024-08-09 13:09:11,23300.0,1100,Buy,230583218
2024-08-09 13:09:13,23300.0,41700,Sell,230583292
2024-08-09 13:09:13,23300.0,18300,Sell,230583293
2024-08-09 13:09:16,23300.0,100,Sell,230583330
2024-08-09 13:09:25,23300.0,2000,Sell,230583555
2024-08-09 13:09:33,23350.0,300,Buy,230583785
2024-08-09 13:09:40,23300.0,3000,Sell,230583912
2024-08-09 13:09:40,23300.0,3000,Sell,230583911
2024-08-09 13:09:40,23300.0,9600,Sell,230583910
2024-08-09 13:09:43,23300.0,1500,Buy,230583981
2024-08-09 13:09:52,23300.0,100,Buy,230584622
2024-08-09 13:09:57,23300.0,32900,Buy,230584678
2024-08-09 13:09:57,23300.0,200,Buy,230584679
2024-08-09 13:09:58,23350.0,200,Buy,230584707
2024-08-09 13:10:00,23300.0,5000,Sell,230584748
2024-08-09 13:10:06,23350.0,300,Buy,230584873
2024-08-09 13:10:23,23300.0,1000,Sell,230585241
2024-08-09 13:10:23,23300.0,40300,Sell,230585242
2024-08-09 13:10:23,23300.0,100,Sell,230585240
2024-08-09 13:10:23,23300.0,100,Sell,230585237
2024-08-09 13:10:23,23300.0,2000,Sell,230585238
2024-08-09 13:10:23,23300.0,10000,Sell,230585239
2024-08-09 13:10:23,23300.0,46500,Sell,230585236
2024-08-09 13:10:24,23350.0,100,Buy,230585288
2024-08-09 13:10:26,23300.0,9700,Sell,230585380
2024-08-09 13:10:26,23300.0,300,Sell,230585381
2024-08-09 13:10:37,23350.0,200,Buy,230585589
2024-08-09 13:10:38,23350.0,200,Buy,230585626
2024-08-09 13:10:40,23300.0,700,Sell,230585671
2024-08-09 13:10:43,23300.0,1000,Sell,230585745
2024-08-09 13:10:48,23300.0,300,Sell,230585879
2024-08-09 13:10:48,23300.0,200,Sell,230585880
2024-08-09 13:10:51,23300.0,1900,Sell,230585993
2024-08-09 13:10:51,23300.0,10000,Sell,230585994
2024-08-09 13:10:51,23350.0,100,Buy,230585991
2024-08-09 13:10:51,23300.0,100,Sell,230585992
2024-08-09 13:10:55,23350.0,10000,Buy,230586033
2024-08-09 13:10:55,23350.0,5000,Buy,230586034
2024-08-09 13:10:55,23350.0,4000,Buy,230586035
2024-08-09 13:10:55,23350.0,1000,Buy,230586036
2024-08-09 13:10:55,23350.0,100,Buy,230586037
2024-08-09 13:10:55,23350.0,4000,Buy,230586038
2024-08-09 13:10:55,23350.0,400,Buy,230586039
2024-08-09 13:10:55,23350.0,20700,Buy,230586040
2024-08-09 13:10:55,23350.0,4800,Buy,230586032
2024-08-09 13:11:10,23350.0,200,Buy,230586377
2024-08-09 13:11:10,23300.0,2700,Sell,230586387
2024-08-09 13:11:12,23300.0,100,Sell,230586437
2024-08-09 13:11:16,23300.0,1000,Sell,230586547
2024-08-09 13:11:17,23350.0,200,Buy,230586552
2024-08-09 13:11:41,23350.0,200,Buy,230587058
2024-08-09 13:11:41,23350.0,100,Buy,230587048
2024-08-09 13:11:44,23300.0,100,Sell,230587146
2024-08-09 13:11:44,23350.0,100,Buy,230587148
2024-08-09 13:12:10,23350.0,100,Buy,230587702
2024-08-09 13:12:13,23350.0,200,Buy,230587775
2024-08-09 13:12:17,23300.0,1000,Sell,230587815
2024-08-09 13:12:36,23300.0,1000,Sell,230588138
2024-08-09 13:12:37,23350.0,100,Buy,230588168
2024-08-09 13:12:43,23350.0,300,Buy,230588281
2024-08-09 13:13:01,23350.0,2000,Buy,230588645
2024-08-09 13:13:03,23350.0,200,Buy,230588719
2024-08-09 13:13:16,23350.0,300,Buy,230589023
2024-08-09 13:13:17,23300.0,500,Sell,230589030
2024-08-09 13:13:30,23350.0,100,Buy,230589389
2024-08-09 13:13:49,23350.0,300,Buy,230589748
2024-08-09 13:13:50,23300.0,600,Sell,230589766
2024-08-09 13:13:56,23350.0,100,Buy,230589984
2024-08-09 13:14:21,23350.0,200,Buy,230590614
2024-08-09 13:14:23,23350.0,200,Buy,230590669
2024-08-09 13:14:43,23300.0,5000,Sell,230591147
2024-08-09 13:14:49,23350.0,100,Buy,230591258
2024-08-09 13:14:52,23350.0,200,Buy,230591353
2024-08-09 13:15:17,23350.0,100,Buy,230591987
2024-08-09 13:15:18,23350.0,300,Buy,230592017
2024-08-09 13:15:18,23350.0,200,Buy,230592022
2024-08-09 13:15:23,23350.0,300,Buy,230592162
2024-08-09 13:15:38,23350.0,10000,Buy,230592609
2024-08-09 13:15:38,23350.0,1800,Buy,230592610
2024-08-09 13:15:38,23350.0,3200,Buy,230592607
2024-08-09 13:15:38,23350.0,10000,Buy,230592608
2024-08-09 13:15:42,23350.0,100,Buy,230592766
2024-08-09 13:15:42,23350.0,200,Buy,230592762
2024-08-09 13:15:43,23300.0,100,Sell,230592790
2024-08-09 13:15:56,23350.0,200,Buy,230593192
2024-08-09 13:16:09,23350.0,100,Buy,230593469
2024-08-09 13:16:21,23350.0,600,Buy,230593825
2024-08-09 13:16:21,23350.0,100,Buy,230593826
2024-08-09 13:16:21,23350.0,200,Buy,230593827
2024-08-09 13:16:21,23350.0,14100,Buy,230593828
2024-08-09 13:16:22,23350.0,200,Buy,230593842
2024-08-09 13:16:24,23350.0,1000,Buy,230593903
2024-08-09 13:16:27,23350.0,200,Buy,230593974
2024-08-09 13:16:29,23350.0,1000,Buy,230593999
2024-08-09 13:16:35,23350.0,100,Buy,230594155
2024-08-09 13:16:56,23300.0,100,Sell,230594642
2024-08-09 13:16:57,23350.0,500,Buy,230594685
2024-08-09 13:16:58,23350.0,200,Buy,230594704
2024-08-09 13:17:02,23350.0,100,Buy,230594792
2024-08-09 13:17:28,23350.0,200,Buy,230595708
2024-08-09 13:17:28,23300.0,100,Sell,230595722
2024-08-09 13:17:29,23350.0,200,Buy,230595730
2024-08-09 13:17:43,23350.0,2000,Buy,230596158
2024-08-09 13:17:46,23350.0,200,Buy,230596259
2024-08-09 13:17:54,23350.0,100,Buy,230596464
2024-08-09 13:17:55,23350.0,500,Buy,230596480
2024-08-09 13:17:55,23350.0,1000,Buy,230596481
2024-08-09 13:18:00,23350.0,300,Buy,230596584
2024-08-09 13:18:01,23350.0,300,Buy,230596630
2024-08-09 13:18:02,23350.0,10000,Buy,230596644
2024-08-09 13:18:10,23350.0,5000,Buy,230596824
2024-08-09 13:18:21,23350.0,100,Buy,230597173
2024-08-09 13:18:22,23350.0,200,Buy,230597249
2024-08-09 13:18:26,23350.0,100,Buy,230597354
2024-08-09 13:18:26,23350.0,200,Buy,230597355
2024-08-09 13:18:26,23350.0,100,Buy,230597356
2024-08-09 13:18:26,23350.0,600,Buy,230597357
2024-08-09 13:18:26,23350.0,400,Buy,230597358
2024-08-09 13:18:26,23350.0,500,Buy,230597359
2024-08-09 13:18:26,23350.0,800,Buy,230597360
2024-08-09 13:18:26,23350.0,2000,Buy,230597361
2024-08-09 13:18:26,23350.0,500,Buy,230597362
2024-08-09 13:18:27,23350.0,400,Buy,230597391
2024-08-09 13:18:27,23350.0,100,Buy,230597392
2024-08-09 13:18:30,23350.0,3300,Buy,230597494
2024-08-09 13:18:30,23350.0,300,Buy,230597493
2024-08-09 13:18:30,23350.0,100,Buy,230597491
2024-08-09 13:18:30,23350.0,1000,Buy,230597490
2024-08-09 13:18:30,23350.0,100,Buy,230597489
2024-08-09 13:18:30,23350.0,200,Buy,230597492
2024-08-09 13:18:31,23350.0,1000,Buy,230597531
2024-08-09 13:18:32,23350.0,1000,Buy,230597596
2024-08-09 13:18:32,23350.0,2000,Buy,230597587
2024-08-09 13:18:32,23350.0,2000,Buy,230597593
2024-08-09 13:18:32,23350.0,500,Buy,230597592
2024-08-09 13:18:32,23350.0,1000,Buy,230597591
2024-08-09 13:18:32,23350.0,10000,Buy,230597590
2024-08-09 13:18:32,23350.0,1000,Buy,230597589
2024-08-09 13:18:32,23350.0,200,Buy,230597588
2024-08-09 13:18:32,23350.0,400,Buy,230597586
2024-08-09 13:18:32,23350.0,100,Buy,230597595
2024-08-09 13:18:32,23350.0,500,Buy,230597584
2024-08-09 13:18:32,23350.0,5000,Buy,230597585
2024-08-09 13:18:32,23350.0,200,Buy,230597560
2024-08-09 13:18:32,23350.0,800,Buy,230597576
2024-08-09 13:18:32,23350.0,4300,Buy,230597577
2024-08-09 13:18:32,23350.0,3200,Buy,230597578
2024-08-09 13:18:32,23350.0,2000,Buy,230597594
2024-08-09 13:18:32,23350.0,1000,Buy,230597580
2024-08-09 13:18:32,23350.0,1000,Buy,230597583
2024-08-09 13:18:32,23350.0,4000,Buy,230597581
2024-08-09 13:18:32,23350.0,100,Buy,230597582
2024-08-09 13:18:32,23350.0,7000,Buy,230597579
2024-08-09 13:18:33,23350.0,100,Buy,230597598
2024-08-09 13:18:33,23350.0,1000,Buy,230597599
2024-08-09 13:18:33,23350.0,1000,Buy,230597600
2024-08-09 13:18:33,23350.0,300,Buy,230597601
2024-08-09 13:18:33,23350.0,100,Buy,230597602
2024-08-09 13:18:33,23350.0,1000,Buy,230597603
2024-08-09 13:18:33,23350.0,200,Buy,230597604
2024-08-09 13:18:33,23350.0,3800,Buy,230597605
2024-08-09 13:18:33,23350.0,45400,Buy,230597606
2024-08-09 13:18:33,23350.0,100,Buy,230597664
2024-08-09 13:18:35,23350.0,100,Buy,230597719
2024-08-09 13:18:36,23350.0,1700,Buy,230597766
2024-08-09 13:18:36,23350.0,22000,Buy,230597767
2024-08-09 13:18:36,23350.0,200,Buy,230597762
2024-08-09 13:18:42,23350.0,3900,Buy,230597960
2024-08-09 13:18:42,23350.0,2000,Buy,230597978
2024-08-09 13:18:43,23350.0,2000,Buy,230597980
2024-08-09 13:18:45,23300.0,1100,Sell,230598021
2024-08-09 13:18:45,23350.0,2000,Buy,230598024
2024-08-09 13:18:46,23350.0,20000,Buy,230598066
2024-08-09 13:18:46,23350.0,700,Buy,230598069
2024-08-09 13:18:46,23350.0,4000,Buy,230598068
2024-08-09 13:18:46,23350.0,300,Buy,230598067
2024-08-09 13:18:46,23350.0,200,Buy,230598064
2024-08-09 13:18:46,23350.0,300,Buy,230598065
2024-08-09 13:18:46,23350.0,500,Buy,230598062
2024-08-09 13:18:46,23350.0,1000,Buy,230598058
2024-08-09 13:18:46,23350.0,200,Buy,230598059
2024-08-09 13:18:46,23350.0,1000,Buy,230598063
2024-08-09 13:18:46,23350.0,200,Buy,230598061
2024-08-09 13:18:46,23350.0,20600,Buy,230598057
2024-08-09 13:18:46,23350.0,1000,Buy,230598060
2024-08-09 13:18:47,23350.0,300,Buy,230598071
2024-08-09 13:18:47,23350.0,700,Buy,230598072
2024-08-09 13:18:47,23350.0,200,Buy,230598084
2024-08-09 13:18:48,23350.0,100,Buy,230598190
2024-08-09 13:18:48,23350.0,300,Buy,230598196
2024-08-09 13:18:48,23350.0,300,Buy,230598195
2024-08-09 13:18:48,23350.0,100,Buy,230598194
2024-08-09 13:18:48,23350.0,7000,Buy,230598193
2024-08-09 13:18:48,23350.0,200,Buy,230598192
2024-08-09 13:18:48,23350.0,500,Buy,230598191
2024-08-09 13:18:48,23350.0,10000,Buy,230598189
2024-08-09 13:18:48,23350.0,100,Buy,230598187
2024-08-09 13:18:48,23350.0,400,Buy,230598186
2024-08-09 13:18:48,23350.0,100,Buy,230598185
2024-08-09 13:18:48,23350.0,200,Buy,230598184
2024-08-09 13:18:48,23350.0,5000,Buy,230598183
2024-08-09 13:18:48,23350.0,2100,Buy,230598182
2024-08-09 13:18:48,23350.0,300,Buy,230598188
2024-08-09 13:18:54,23350.0,100,Sell,230598358
2024-08-09 13:18:55,23350.0,15300,Sell,230598383
2024-08-09 13:19:03,23400.0,200,Buy,230598645
2024-08-09 13:19:13,23350.0,200,Sell,230598875
2024-08-09 13:19:15,23400.0,100,Buy,230598921
2024-08-09 13:19:18,23350.0,2000,Sell,230599031
2024-08-09 13:19:21,23400.0,900,Buy,230599097
2024-08-09 13:19:21,23400.0,4000,Buy,230599096
2024-08-09 13:19:21,23400.0,200,Buy,230599093
2024-08-09 13:19:21,23400.0,5000,Buy,230599094
2024-08-09 13:19:21,23400.0,1000,Buy,230599095
2024-08-09 13:19:34,23400.0,100,Buy,230599691
2024-08-09 13:19:34,23400.0,100,Buy,230599690
2024-08-09 13:19:39,23350.0,100,Sell,230599833
2024-08-09 13:19:40,23400.0,100,Buy,230599858
2024-08-09 13:19:41,23350.0,300,Sell,230599909
2024-08-09 13:19:56,23400.0,500,Buy,230600491
2024-08-09 13:20:05,23400.0,300,Buy,230600936
2024-08-09 13:20:07,23400.0,200,Buy,230601022
2024-08-09 13:20:33,23400.0,200,Buy,230602030
2024-08-09 13:20:36,23400.0,300,Buy,230602189
2024-08-09 13:21:00,23400.0,100,Buy,230603054
2024-08-09 13:21:05,23400.0,100,Buy,230603318
2024-08-09 13:21:09,23400.0,200,Buy,230603455
2024-08-09 13:21:09,23400.0,100,Buy,230603454
2024-08-09 13:21:12,23400.0,100,Buy,230603555
2024-08-09 13:21:15,23400.0,500,Buy,230603599
2024-08-09 13:21:15,23400.0,500,Buy,230603600
2024-08-09 13:21:15,23400.0,2000,Buy,230603601
2024-08-09 13:21:16,23400.0,100,Buy,230603629
2024-08-09 13:21:19,23400.0,500,Buy,230603714
2024-08-09 13:21:26,23400.0,200,Buy,230603997
2024-08-09 13:21:27,23350.0,200,Sell,230604034
2024-08-09 13:21:28,23400.0,5000,Buy,230604062
2024-08-09 13:21:33,23400.0,5000,Buy,230604161
2024-08-09 13:21:38,23400.0,3000,Buy,230604418
2024-08-09 13:21:40,23400.0,100,Buy,230604535
2024-08-09 13:21:41,23400.0,300,Buy,230604575
2024-08-09 13:21:44,23400.0,500,Buy,230604651
2024-08-09 13:21:45,23400.0,1000,Buy,230604687
2024-08-09 13:21:53,23400.0,100,Buy,230604965
2024-08-09 13:22:02,23400.0,10000,Buy,230605298
2024-08-09 13:22:10,23400.0,1000,Buy,230605530
2024-08-09 13:22:14,23400.0,200,Buy,230605726
2024-08-09 13:22:19,23400.0,100,Buy,230605921
2024-08-09 13:22:44,23400.0,200,Buy,230607346
2024-08-09 13:22:46,23400.0,200,Buy,230607398
2024-08-09 13:22:52,23400.0,100,Buy,230607604
2024-08-09 13:23:12,23400.0,100,Buy,230608246
2024-08-09 13:23:15,23400.0,300,Buy,230608360
2024-08-09 13:23:19,23400.0,300,Buy,230608495
2024-08-09 13:23:26,23400.0,10000,Buy,230608731
2024-08-09 13:23:26,23400.0,10000,Buy,230608746
2024-08-09 13:23:26,23400.0,1000,Buy,230608730
2024-08-09 13:23:26,23400.0,100,Buy,230608733
2024-08-09 13:23:26,23400.0,500,Buy,230608734
2024-08-09 13:23:26,23400.0,900,Buy,230608735
2024-08-09 13:23:26,23400.0,500,Buy,230608737
2024-08-09 13:23:26,23400.0,100,Buy,230608743
2024-08-09 13:23:26,23400.0,100,Buy,230608739
2024-08-09 13:23:26,23400.0,400,Buy,230608740
2024-08-09 13:23:26,23400.0,100,Buy,230608741
2024-08-09 13:23:26,23400.0,1500,Buy,230608742
2024-08-09 13:23:26,23400.0,1000,Buy,230608744
2024-08-09 13:23:26,23400.0,100,Buy,230608745
2024-08-09 13:23:26,23400.0,400,Buy,230608738
2024-08-09 13:23:26,23400.0,1000,Buy,230608729
2024-08-09 13:23:26,23400.0,1000,Buy,230608736
2024-08-09 13:23:26,23400.0,500,Buy,230608727
2024-08-09 13:23:26,23400.0,1000,Buy,230608728
2024-08-09 13:23:26,23400.0,3700,Buy,230608712
2024-08-09 13:23:26,23400.0,100,Buy,230608713
2024-08-09 13:23:26,23400.0,400,Buy,230608714
2024-08-09 13:23:26,23400.0,100,Buy,230608715
2024-08-09 13:23:26,23400.0,800,Buy,230608716
2024-08-09 13:23:26,23400.0,300,Buy,230608717
2024-08-09 13:23:26,23400.0,1000,Buy,230608718
2024-08-09 13:23:26,23400.0,100,Buy,230608732
2024-08-09 13:23:26,23400.0,100,Buy,230608720
2024-08-09 13:23:26,23400.0,100,Buy,230608719
2024-08-09 13:23:26,23400.0,100,Buy,230608725
2024-08-09 13:23:26,23400.0,1600,Buy,230608724
2024-08-09 13:23:26,23400.0,500,Buy,230608726
2024-08-09 13:23:26,23400.0,10000,Buy,230608722
2024-08-09 13:23:26,23400.0,300,Buy,230608723
2024-08-09 13:23:26,23400.0,100,Buy,230608721
2024-08-09 13:23:27,23400.0,100,Buy,230608749
2024-08-09 13:23:27,23400.0,100,Buy,230608750
2024-08-09 13:23:27,23400.0,50000,Buy,230608751
2024-08-09 13:23:27,23400.0,300,Buy,230608752
2024-08-09 13:23:29,23350.0,8400,Sell,230608844
2024-08-09 13:23:29,23350.0,15000,Sell,230608843
2024-08-09 13:23:29,23350.0,1400,Sell,230608842
2024-08-09 13:23:29,23350.0,2000,Sell,230608841
2024-08-09 13:23:29,23350.0,3000,Sell,230608839
2024-08-09 13:23:29,23350.0,100,Sell,230608838
2024-08-09 13:23:29,23350.0,2000,Sell,230608837
2024-08-09 13:23:29,23350.0,5100,Sell,230608836
2024-08-09 13:23:29,23350.0,3000,Sell,230608840
2024-08-09 13:23:32,23350.0,300,Sell,230608909
2024-08-09 13:23:39,23400.0,200,Buy,230609139
2024-08-09 13:23:48,23400.0,200,Buy,230609420
2024-08-09 13:23:52,23400.0,100,Buy,230609573
2024-08-09 13:24:05,23400.0,100,Buy,230609994
2024-08-09 13:24:07,23400.0,1000,Buy,230610045
2024-08-09 13:24:15,23350.0,2600,Sell,230610245
2024-08-09 13:24:15,23350.0,900,Sell,230610243
2024-08-09 13:24:15,23350.0,1500,Sell,230610244
2024-08-09 13:24:18,23400.0,200,Buy,230610365
2024-08-09 13:24:32,23400.0,100,Buy,230610753
2024-08-09 13:24:36,23350.0,7400,Sell,230610889
2024-08-09 13:24:36,23350.0,1000,Sell,230610890
2024-08-09 13:24:36,23350.0,200,Sell,230610891
2024-08-09 13:24:36,23350.0,2000,Sell,230610892
2024-08-09 13:24:36,23350.0,13000,Sell,230610893
2024-08-09 13:24:36,23350.0,1400,Sell,230610894
2024-08-09 13:24:39,23400.0,100,Buy,230610974
2024-08-09 13:24:48,23400.0,300,Buy,230611256
2024-08-09 13:24:58,23400.0,200,Buy,230611653
2024-08-09 13:25:04,23400.0,600,Buy,230611854
2024-08-09 13:25:09,23400.0,2000,Buy,230612197
2024-08-09 13:25:15,23400.0,400,Buy,230612410
2024-08-09 13:25:15,23350.0,1600,Sell,230612397
2024-08-09 13:25:15,23350.0,2000,Sell,230612398
2024-08-09 13:25:15,23350.0,10400,Sell,230612399
2024-08-09 13:25:19,23350.0,5000,Sell,230612525
2024-08-09 13:25:20,23400.0,200,Buy,230612577
2024-08-09 13:25:24,23400.0,2000,Buy,230612756
2024-08-09 13:25:25,23400.0,100,Buy,230612794
2024-08-09 13:25:28,23400.0,2900,Buy,230612929
2024-08-09 13:25:28,23400.0,6800,Buy,230612930
2024-08-09 13:25:32,23400.0,2500,Buy,230613041
2024-08-09 13:25:45,23350.0,200,Sell,230613461
2024-08-09 13:25:51,23400.0,300,Buy,230613607
2024-08-09 13:25:52,23400.0,200,Buy,230613672
2024-08-09 13:25:53,23350.0,200,Sell,230613698
2024-08-09 13:25:59,23400.0,200,Buy,230613887
2024-08-09 13:25:59,23400.0,400,Buy,230613888
2024-08-09 13:26:09,23400.0,100,Buy,230614260
2024-08-09 13:26:17,23400.0,100,Buy,230614473
2024-08-09 13:26:18,23400.0,4400,Buy,230614524
2024-08-09 13:26:18,23400.0,600,Buy,230614523
2024-08-09 13:26:23,23400.0,300,Buy,230614671
2024-08-09 13:26:34,23350.0,1000,Sell,230615029
2024-08-09 13:26:44,23400.0,100,Buy,230615344
2024-08-09 13:26:55,23400.0,200,Buy,230615697
2024-08-09 13:26:55,23400.0,500,Buy,230615698
2024-08-09 13:26:55,23400.0,500,Buy,230615699
2024-08-09 13:26:55,23400.0,100,Buy,230615700
2024-08-09 13:26:55,23400.0,2900,Buy,230615701
2024-08-09 13:27:10,23400.0,100,Buy,230616084
2024-08-09 13:27:10,23400.0,100,Buy,230616085
2024-08-09 13:27:11,23400.0,100,Buy,230616116
2024-08-09 13:27:13,23350.0,500,Sell,230616171
2024-08-09 13:27:25,23350.0,2700,Sell,230616461
2024-08-09 13:27:25,23350.0,2300,Sell,230616462
2024-08-09 13:27:26,23400.0,300,Buy,230616502
2024-08-09 13:27:37,23400.0,100,Buy,230616808
2024-08-09 13:27:38,23350.0,1000,Sell,230616856
2024-08-09 13:27:41,23400.0,300,Buy,230616958
2024-08-09 13:27:42,23350.0,21900,Sell,230616988
2024-08-09 13:27:42,23350.0,1000,Sell,230616989
2024-08-09 13:27:42,23350.0,6000,Sell,230616990
2024-08-09 13:27:42,23350.0,400,Sell,230616991
2024-08-09 13:27:42,23350.0,700,Sell,230616992
2024-08-09 13:27:47,23350.0,400,Sell,230617108
2024-08-09 13:27:54,23350.0,100,Sell,230617356
2024-08-09 13:27:59,23350.0,100,Sell,230617473
2024-08-09 13:27:59,23400.0,300,Buy,230617475
2024-08-09 13:28:00,23350.0,20000,Sell,230617517
2024-08-09 13:28:03,23400.0,200,Buy,230617620
2024-08-09 13:28:03,23350.0,200,Sell,230617619
2024-08-09 13:28:08,23400.0,200,Buy,230617745
2024-08-09 13:28:30,23400.0,100,Buy,230618401
2024-08-09 13:28:31,23400.0,300,Buy,230618435
2024-08-09 13:28:38,23400.0,400,Buy,230618683
2024-08-09 13:28:50,23350.0,300,Sell,230619052
2024-08-09 13:28:53,23400.0,3700,Buy,230619160
2024-08-09 13:28:56,23400.0,100,Buy,230619276
2024-08-09 13:29:03,23400.0,200,Buy,230619473
2024-08-09 13:29:13,23350.0,1000,Sell,230619876
2024-08-09 13:29:23,23400.0,200,Buy,230620234
2024-08-09 13:29:34,23400.0,300,Buy,230620571
2024-08-09 13:29:37,23400.0,100,Buy,230620688
2024-08-09 13:29:49,23400.0,100,Buy,230621079
2024-08-09 13:29:52,23400.0,400,Buy,230621224
2024-08-09 13:29:52,23400.0,100,Buy,230621223
2024-08-09 13:29:52,23400.0,200,Buy,230621222
2024-08-09 13:29:52,23400.0,200,Buy,230621219
2024-08-09 13:29:52,23400.0,2000,Buy,230621221
2024-08-09 13:29:52,23400.0,100,Buy,230621220
2024-08-09 13:29:52,23400.0,1000,Buy,230621225
2024-08-09 13:29:52,23400.0,200,Buy,230621218
2024-08-09 13:29:52,23400.0,200,Buy,230621212
2024-08-09 13:29:52,23400.0,500,Buy,230621216
2024-08-09 13:29:52,23400.0,1500,Buy,230621215
2024-08-09 13:29:52,23400.0,3000,Buy,230621214
2024-08-09 13:29:52,23400.0,1000,Buy,230621213
2024-08-09 13:29:52,23400.0,1600,Buy,230621226
2024-08-09 13:29:52,23400.0,500,Buy,230621210
2024-08-09 13:29:52,23400.0,100,Buy,230621209
2024-08-09 13:29:52,23400.0,400,Buy,230621208
2024-08-09 13:29:52,23400.0,1000,Buy,230621217
2024-08-09 13:29:52,23400.0,1000,Buy,230621211
2024-08-09 13:29:58,23350.0,1000,Sell,230621440
2024-08-09 13:29:59,23350.0,3200,Sell,230621482
2024-08-09 13:30:03,23400.0,100,Buy,230621592
2024-08-09 13:30:06,23400.0,200,Buy,230621695
2024-08-09 13:30:08,23400.0,900,Buy,230621765
2024-08-09 13:30:15,23400.0,1000,Buy,230621932
2024-08-09 13:30:19,23400.0,500,Buy,230622039
2024-08-09 13:30:22,23400.0,200,Buy,230622229
2024-08-09 13:30:38,23400.0,300,Buy,230622774
2024-08-09 13:30:42,23400.0,100,Buy,230622909
2024-08-09 13:30:44,23350.0,5000,Sell,230622960
2024-08-09 13:30:45,23400.0,400,Buy,230622980
2024-08-09 13:31:09,23400.0,100,Buy,230623868
2024-08-09 13:31:11,23400.0,200,Buy,230623988
2024-08-09 13:31:13,23350.0,8000,Sell,230624137
2024-08-09 13:31:13,23350.0,1000,Sell,230624138
2024-08-09 13:31:13,23350.0,1000,Sell,230624139
2024-08-09 13:31:31,23400.0,100,Buy,230624930
2024-08-09 13:31:35,23400.0,200,Buy,230625085
2024-08-09 13:31:42,23400.0,300,Buy,230625298
2024-08-09 13:31:45,23400.0,1000,Buy,230625418
2024-08-09 13:31:56,23400.0,2300,Buy,230626030
2024-08-09 13:32:02,23400.0,100,Buy,230626277
2024-08-09 13:32:14,23400.0,300,Buy,230626771
2024-08-09 13:32:20,23350.0,2000,Sell,230626989
2024-08-09 13:32:20,23350.0,300,Sell,230626990
2024-08-09 13:32:22,23350.0,700,Sell,230627047
2024-08-09 13:32:22,23350.0,300,Sell,230627048
2024-08-09 13:32:28,23400.0,200,Buy,230627718
2024-08-09 13:32:45,23400.0,1000,Buy,230628500
2024-08-09 13:32:46,23400.0,300,Buy,230628522
2024-08-09 13:32:55,23400.0,100,Buy,230628965
2024-08-09 13:32:55,23400.0,100,Buy,230628984
2024-08-09 13:32:57,23400.0,200,Buy,230629070
2024-08-09 13:33:08,23400.0,100,Buy,230629504
2024-08-09 13:33:09,23400.0,300,Buy,230629548
2024-08-09 13:33:09,23350.0,500,Sell,230629566
2024-08-09 13:33:19,23400.0,200,Buy,230630117
2024-08-09 13:33:19,23350.0,500,Sell,230630128
2024-08-09 13:33:22,23400.0,100,Buy,230630252
2024-08-09 13:33:23,23400.0,1000,Buy,230630344
2024-08-09 13:33:24,23350.0,10000,Sell,230630438
2024-08-09 13:33:26,23350.0,8700,Sell,230630528
2024-08-09 13:33:26,23350.0,100,Sell,230630529
2024-08-09 13:33:26,23350.0,100,Sell,230630530
2024-08-09 13:33:26,23350.0,11100,Sell,230630531
2024-08-09 13:33:30,23400.0,100,Buy,230630796
2024-08-09 13:33:39,23400.0,100,Buy,230631282
2024-08-09 13:33:39,23400.0,1000,Buy,230631277
2024-08-09 13:33:39,23350.0,500,Sell,230631281
2024-08-09 13:33:42,23400.0,500,Buy,230631406
2024-08-09 13:33:45,23400.0,1100,Buy,230631540
2024-08-09 13:33:47,23400.0,200,Buy,230631613
2024-08-09 13:33:49,23400.0,100,Buy,230631699
2024-08-09 13:33:49,23400.0,300,Buy,230631716
2024-08-09 13:33:50,23400.0,200,Buy,230631767
2024-08-09 13:33:50,23400.0,100,Buy,230631814
2024-08-09 13:33:55,23400.0,3100,Buy,230632059
2024-08-09 13:33:56,23400.0,300,Buy,230632125
2024-08-09 13:33:59,23400.0,100,Buy,230632257
2024-08-09 13:34:01,23350.0,100,Sell,230632304
2024-08-09 13:34:05,23400.0,200,Buy,230632498
2024-08-09 13:34:05,23350.0,25000,Sell,230632507
2024-08-09 13:34:12,23400.0,100,Buy,230632792
2024-08-09 13:34:14,23350.0,500,Sell,230632891
2024-08-09 13:34:14,23400.0,100,Buy,230632857
2024-08-09 13:34:20,23400.0,100,Buy,230633106
