time,price,volume,match_type,id
2024-07-29 09:14:39,24450.0,227800,ATO/ATC,226839466
2024-07-29 09:14:41,24400.0,100,Sell,226839735
2024-07-29 09:14:47,24400.0,900,Sell,226839917
2024-07-29 09:14:47,24400.0,100,Sell,226839916
2024-07-29 09:14:56,24450.0,700,Buy,226840230
2024-07-29 09:15:07,24450.0,300,Buy,226840476
2024-07-29 09:15:14,24450.0,300,Buy,226840623
2024-07-29 09:15:16,24450.0,1000,Buy,226840698
2024-07-29 09:15:21,24450.0,700,Buy,226840871
2024-07-29 09:15:22,24450.0,1000,Buy,226840888
2024-07-29 09:15:22,24450.0,200,Buy,226840899
2024-07-29 09:15:28,24450.0,100,Buy,226841031
2024-07-29 09:15:37,24450.0,2000,Buy,226841294
2024-07-29 09:15:38,24400.0,600,Sell,226841336
2024-07-29 09:15:38,24400.0,200,Sell,226841337
2024-07-29 09:15:38,24400.0,100,Sell,226841338
2024-07-29 09:15:38,24400.0,100,Sell,226841339
2024-07-29 09:15:52,24400.0,100,Sell,226841790
2024-07-29 09:15:56,24400.0,100,Sell,226841913
2024-07-29 09:15:56,24400.0,500,Sell,226841912
2024-07-29 09:15:56,24400.0,500,Sell,226841911
2024-07-29 09:15:56,24400.0,3000,Sell,226841910
2024-07-29 09:15:56,24400.0,3000,Sell,226841909
2024-07-29 09:15:56,24400.0,100,Sell,226841906
2024-07-29 09:15:56,24400.0,500,Sell,226841907
2024-07-29 09:15:56,24400.0,100,Sell,226841914
2024-07-29 09:15:56,24400.0,1200,Sell,226841904
2024-07-29 09:15:56,24400.0,25000,Sell,226841903
2024-07-29 09:15:56,24400.0,2800,Sell,226841902
2024-07-29 09:15:56,24400.0,100,Sell,226841908
2024-07-29 09:15:56,24400.0,200,Sell,226841905
2024-07-29 09:16:00,24400.0,5500,Buy,226842044
2024-07-29 09:16:00,24400.0,2500,Buy,226842042
2024-07-29 09:16:00,24400.0,2000,Buy,226842043
2024-07-29 09:16:02,24350.0,400,Sell,226842072
2024-07-29 09:16:08,24350.0,200,Sell,226842247
2024-07-29 09:16:14,24350.0,400,Sell,226842458
2024-07-29 09:16:14,24350.0,600,Sell,226842459
2024-07-29 09:16:16,24350.0,500,Sell,226842496
2024-07-29 09:16:20,24350.0,500,Sell,226842625
2024-07-29 09:16:27,24350.0,300,Sell,226842874
2024-07-29 09:16:29,24300.0,400,Sell,226842922
2024-07-29 09:16:29,24300.0,1000,Sell,226842923
2024-07-29 09:16:29,24300.0,100,Sell,226842924
2024-07-29 09:16:29,24300.0,100,Sell,226842925
2024-07-29 09:16:29,24300.0,200,Sell,226842926
2024-07-29 09:16:29,24300.0,1000,Sell,226842927
2024-07-29 09:16:29,24300.0,400,Sell,226842928
2024-07-29 09:16:29,24300.0,100,Sell,226842933
2024-07-29 09:16:29,24300.0,200,Sell,226842930
2024-07-29 09:16:29,24300.0,100,Sell,226842931
2024-07-29 09:16:29,24300.0,1500,Sell,226842932
2024-07-29 09:16:29,24300.0,100,Sell,226842934
2024-07-29 09:16:29,24300.0,200,Sell,226842935
2024-07-29 09:16:29,24300.0,100,Sell,226842929
2024-07-29 09:16:29,24300.0,200,Sell,226842921
2024-07-29 09:16:29,24350.0,2000,Sell,226842906
2024-07-29 09:16:29,24300.0,200,Sell,226842919
2024-07-29 09:16:29,24350.0,12300,Sell,226842907
2024-07-29 09:16:29,24350.0,7000,Sell,226842908
2024-07-29 09:16:29,24350.0,10000,Sell,226842909
2024-07-29 09:16:29,24350.0,100,Sell,226842910
2024-07-29 09:16:29,24300.0,300,Sell,226842920
2024-07-29 09:16:29,24350.0,300,Sell,226842912
2024-07-29 09:16:29,24350.0,10000,Sell,226842911
2024-07-29 09:16:29,24300.0,100,Sell,226842914
2024-07-29 09:16:29,24300.0,100,Sell,226842915
2024-07-29 09:16:29,24300.0,100,Sell,226842916
2024-07-29 09:16:29,24300.0,200,Sell,226842917
2024-07-29 09:16:29,24300.0,100,Sell,226842918
2024-07-29 09:16:29,24300.0,100,Sell,226842913
2024-07-29 09:16:29,24350.0,1400,Sell,226842905
2024-07-29 09:16:34,24400.0,100,Buy,226843111
2024-07-29 09:16:47,24350.0,800,Sell,226843505
2024-07-29 09:16:47,24350.0,600,Sell,226843504
2024-07-29 09:16:47,24350.0,500,Sell,226843503
2024-07-29 09:16:48,24350.0,5000,Buy,226843530
2024-07-29 09:16:52,24350.0,600,Buy,226843629
2024-07-29 09:16:53,24350.0,500,Buy,226843712
2024-07-29 09:17:03,24350.0,500,Sell,226844007
2024-07-29 09:17:06,24350.0,600,Sell,226844123
2024-07-29 09:17:06,24350.0,1000,Sell,226844124
2024-07-29 09:17:06,24350.0,300,Sell,226844125
2024-07-29 09:17:06,24350.0,100,Sell,226844126
2024-07-29 09:17:10,24350.0,100,Sell,226844191
2024-07-29 09:17:10,24350.0,200,Sell,226844192
2024-07-29 09:17:10,24350.0,2700,Sell,226844193
2024-07-29 09:17:12,24350.0,300,Sell,226844245
2024-07-29 09:17:12,24350.0,700,Sell,226844246
2024-07-29 09:17:15,24350.0,100,Sell,226844349
2024-07-29 09:17:21,24350.0,100,Buy,226844565
2024-07-29 09:17:25,24350.0,500,Buy,226844722
2024-07-29 09:17:27,24350.0,400,Sell,226844770
2024-07-29 09:17:28,24300.0,100,Sell,226844846
2024-07-29 09:17:28,24350.0,100,Sell,226844845
2024-07-29 09:17:29,24300.0,900,Sell,226844887
2024-07-29 09:17:29,24300.0,700,Sell,226844886
2024-07-29 09:17:29,24300.0,1000,Sell,226844885
2024-07-29 09:17:29,24300.0,200,Sell,226844884
2024-07-29 09:17:29,24300.0,2100,Sell,226844883
2024-07-29 09:17:29,24300.0,100,Sell,226844882
2024-07-29 09:17:29,24300.0,3000,Sell,226844881
2024-07-29 09:17:29,24300.0,200,Sell,226844880
2024-07-29 09:17:29,24300.0,500,Sell,226844879
2024-07-29 09:17:29,24300.0,200,Sell,226844878
2024-07-29 09:17:29,24300.0,1000,Sell,226844877
2024-07-29 09:17:29,24300.0,200,Sell,226844876
2024-07-29 09:17:29,24300.0,700,Sell,226844875
2024-07-29 09:17:29,24300.0,200,Sell,226844874
2024-07-29 09:17:29,24300.0,100,Sell,226844872
2024-07-29 09:17:29,24300.0,100,Sell,226844861
2024-07-29 09:17:29,24300.0,300,Sell,226844862
2024-07-29 09:17:29,24300.0,100,Sell,226844863
2024-07-29 09:17:29,24300.0,100,Sell,226844864
2024-07-29 09:17:29,24300.0,100,Sell,226844865
2024-07-29 09:17:29,24300.0,200,Sell,226844873
2024-07-29 09:17:29,24300.0,200,Sell,226844867
2024-07-29 09:17:29,24300.0,1000,Sell,226844868
2024-07-29 09:17:29,24300.0,500,Sell,226844869
2024-07-29 09:17:29,24300.0,100,Sell,226844870
2024-07-29 09:17:29,24300.0,100,Sell,226844871
2024-07-29 09:17:29,24300.0,300,Sell,226844866
2024-07-29 09:17:38,24350.0,300,Buy,226845231
2024-07-29 09:17:38,24350.0,200,Buy,226845232
2024-07-29 09:17:41,24300.0,500,Sell,226845319
2024-07-29 09:17:43,24350.0,100,Buy,226845372
2024-07-29 09:18:04,24350.0,200,Buy,226846149
2024-07-29 09:18:04,24350.0,800,Buy,226846150
2024-07-29 09:18:16,24350.0,6800,Buy,226846647
2024-07-29 09:18:16,24350.0,100,Buy,226846648
2024-07-29 09:18:16,24350.0,100,Buy,226846649
2024-07-29 09:18:16,24350.0,200,Buy,226846646
2024-07-29 09:18:23,24350.0,2000,Sell,226846936
2024-07-29 09:18:27,24350.0,800,Sell,226847033
2024-07-29 09:18:27,24350.0,200,Sell,226847034
2024-07-29 09:18:32,24350.0,100,Sell,226847178
2024-07-29 09:18:33,24350.0,100,Buy,226847240
2024-07-29 09:18:33,24350.0,1000,Sell,226847238
2024-07-29 09:18:33,24350.0,4500,Sell,226847239
2024-07-29 09:18:37,24350.0,100,Buy,226847359
2024-07-29 09:18:55,24350.0,100,Buy,226847868
2024-07-29 09:18:57,24350.0,12000,Buy,226847930
2024-07-29 09:18:59,24350.0,400,Buy,226848022
2024-07-29 09:18:59,24350.0,2200,Buy,226848021
2024-07-29 09:18:59,24350.0,500,Buy,226848023
2024-07-29 09:19:06,24350.0,6900,Sell,226848318
2024-07-29 09:19:06,24300.0,7500,Sell,226848319
2024-07-29 09:19:21,24350.0,400,Sell,226848801
2024-07-29 09:19:26,24350.0,4600,Sell,226848967
2024-07-29 09:19:26,24350.0,400,Sell,226848968
2024-07-29 09:19:29,24350.0,100,Sell,226849067
2024-07-29 09:19:31,24350.0,500,Sell,226849148
2024-07-29 09:19:31,24350.0,1700,Sell,226849149
2024-07-29 09:19:31,24350.0,10000,Sell,226849150
2024-07-29 09:19:31,24350.0,300,Sell,226849151
2024-07-29 09:19:43,24350.0,400,Buy,226849470
2024-07-29 09:19:44,24350.0,100,Buy,226849479
2024-07-29 09:19:44,24350.0,4000,Buy,226849478
2024-07-29 09:19:44,24350.0,24700,Buy,226849476
2024-07-29 09:19:44,24350.0,6000,Buy,226849477
2024-07-29 09:19:56,24400.0,1000,Buy,226849868
2024-07-29 09:20:10,24350.0,200,Sell,226850314
2024-07-29 09:20:20,24350.0,10000,Sell,226850589
2024-07-29 09:20:28,24400.0,200,Buy,226850878
2024-07-29 09:20:34,24350.0,500,Sell,226851037
2024-07-29 09:20:48,24350.0,500,Sell,226851430
2024-07-29 09:20:48,24350.0,400,Sell,226851429
2024-07-29 09:20:48,24350.0,3000,Sell,226851427
2024-07-29 09:20:48,24350.0,4500,Sell,226851426
2024-07-29 09:20:48,24350.0,6000,Sell,226851428
2024-07-29 09:20:59,24350.0,1000,Sell,226851816
2024-07-29 09:21:02,24350.0,6000,Sell,226851911
2024-07-29 09:21:06,24350.0,1000,Sell,226852015
2024-07-29 09:21:12,24350.0,600,Sell,226852214
2024-07-29 09:21:12,24350.0,6400,Sell,226852212
2024-07-29 09:21:12,24350.0,100,Sell,226852187
2024-07-29 09:21:12,24350.0,1000,Sell,226852213
2024-07-29 09:21:23,24350.0,1500,Sell,226852672
2024-07-29 09:21:28,24350.0,300,Sell,226852836
2024-07-29 09:21:30,24350.0,2600,Sell,226852900
2024-07-29 09:21:30,24350.0,100,Sell,226852902
2024-07-29 09:21:30,24350.0,2800,Sell,226852903
2024-07-29 09:21:30,24350.0,100,Sell,226852904
2024-07-29 09:21:30,24350.0,2400,Sell,226852905
2024-07-29 09:21:40,24350.0,1000,Sell,226853209
2024-07-29 09:21:45,24350.0,5000,Sell,226853379
2024-07-29 09:21:48,24350.0,1000,Sell,226853535
2024-07-29 09:21:49,24350.0,600,Sell,226853552
2024-07-29 09:21:49,24350.0,1700,Sell,226853553
2024-07-29 09:22:25,24350.0,1500,Sell,226854579
2024-07-29 09:22:39,24350.0,5000,Sell,226854985
2024-07-29 09:22:43,24400.0,300,Buy,226855081
2024-07-29 09:22:51,24350.0,1000,Sell,226855318
2024-07-29 09:22:52,24400.0,100,Buy,226855334
2024-07-29 09:22:52,24350.0,300,Sell,226855338
2024-07-29 09:22:55,24350.0,500,Sell,226855433
2024-07-29 09:22:55,24350.0,4500,Sell,226855434
2024-07-29 09:22:58,24350.0,5500,Sell,226855502
2024-07-29 09:22:58,24350.0,1500,Sell,226855503
2024-07-29 09:22:58,24350.0,5000,Sell,226855504
2024-07-29 09:22:58,24350.0,300,Sell,226855505
2024-07-29 09:22:58,24350.0,1500,Sell,226855506
2024-07-29 09:23:00,24350.0,1200,Buy,226855574
2024-07-29 09:23:01,24300.0,1000,Sell,226855595
2024-07-29 09:23:24,24350.0,1000,Buy,226856180
2024-07-29 09:23:29,24350.0,200,Buy,226856299
2024-07-29 09:23:37,24350.0,100,Buy,226856484
2024-07-29 09:23:37,24350.0,2000,Buy,226856485
2024-07-29 09:23:47,24300.0,100,Sell,226856756
2024-07-29 09:23:57,24300.0,300,Sell,226857003
2024-07-29 09:23:58,24300.0,8700,Sell,226857088
2024-07-29 09:23:58,24300.0,100,Sell,226857086
2024-07-29 09:23:58,24300.0,100,Sell,226857085
2024-07-29 09:23:58,24300.0,2000,Sell,226857084
2024-07-29 09:23:58,24300.0,100,Sell,226857087
2024-07-29 09:23:58,24300.0,1000,Sell,226857082
2024-07-29 09:23:58,24300.0,500,Sell,226857081
2024-07-29 09:23:58,24300.0,1400,Sell,226857080
2024-07-29 09:23:58,24300.0,200,Sell,226857079
2024-07-29 09:23:58,24300.0,300,Sell,226857083
2024-07-29 09:24:00,24300.0,10000,Sell,226857239
2024-07-29 09:24:00,24300.0,17800,Sell,226857245
2024-07-29 09:24:00,24300.0,500,Sell,226857244
2024-07-29 09:24:00,24300.0,100,Sell,226857243
2024-07-29 09:24:00,24300.0,100,Sell,226857242
2024-07-29 09:24:00,24300.0,5000,Sell,226857241
2024-07-29 09:24:00,24300.0,100,Sell,226857240
2024-07-29 09:24:00,24300.0,5000,Sell,226857238
2024-07-29 09:24:00,24300.0,500,Sell,226857234
2024-07-29 09:24:00,24300.0,100,Sell,226857236
2024-07-29 09:24:00,24300.0,300,Sell,226857235
2024-07-29 09:24:00,24300.0,200,Sell,226857233
2024-07-29 09:24:00,24300.0,5000,Sell,226857232
2024-07-29 09:24:00,24300.0,600,Sell,226857231
2024-07-29 09:24:00,24300.0,2000,Sell,226857230
2024-07-29 09:24:00,24300.0,1300,Sell,226857229
2024-07-29 09:24:00,24300.0,1000,Sell,226857237
2024-07-29 09:24:06,24300.0,200,Sell,226857449
2024-07-29 09:24:14,24300.0,100,Sell,226857726
2024-07-29 09:24:24,24300.0,100,Sell,226858020
2024-07-29 09:24:24,24300.0,100,Sell,226858021
2024-07-29 09:24:24,24300.0,100,Sell,226858019
2024-07-29 09:24:24,24300.0,1000,Sell,226858015
2024-07-29 09:24:24,24300.0,300,Sell,226858017
2024-07-29 09:24:24,24300.0,100,Sell,226858016
2024-07-29 09:24:24,24300.0,1900,Sell,226858014
2024-07-29 09:24:24,24300.0,1400,Sell,226858018
2024-07-29 09:24:26,24350.0,3500,Buy,226858059
2024-07-29 09:24:26,24350.0,1000,Buy,226858058
2024-07-29 09:24:26,24350.0,100,Buy,226858057
2024-07-29 09:24:26,24350.0,500,Buy,226858056
2024-07-29 09:24:26,24350.0,500,Buy,226858055
2024-07-29 09:24:26,24350.0,100,Buy,226858060
2024-07-29 09:24:26,24350.0,4000,Buy,226858053
2024-07-29 09:24:26,24350.0,900,Buy,226858052
2024-07-29 09:24:26,24350.0,700,Buy,226858051
2024-07-29 09:24:26,24350.0,1000,Buy,226858050
2024-07-29 09:24:26,24350.0,9000,Buy,226858049
2024-07-29 09:24:26,24350.0,100,Buy,226858054
2024-07-29 09:24:34,24350.0,1000,Sell,226858293
2024-07-29 09:24:41,24350.0,1500,Sell,226858446
2024-07-29 09:24:48,24350.0,5200,Sell,226858598
2024-07-29 09:24:49,24350.0,100,Sell,226858624
2024-07-29 09:24:50,24350.0,10000,Sell,226858640
2024-07-29 09:24:54,24350.0,2000,Sell,226858741
2024-07-29 09:24:56,24350.0,1000,Sell,226858836
2024-07-29 09:25:15,24350.0,4000,Sell,226859283
2024-07-29 09:25:18,24300.0,2000,Sell,226859348
2024-07-29 09:25:18,24300.0,500,Sell,226859347
2024-07-29 09:25:18,24300.0,3000,Sell,226859346
2024-07-29 09:25:18,24300.0,200,Sell,226859345
2024-07-29 09:25:18,24300.0,200,Sell,226859344
2024-07-29 09:25:18,24350.0,500,Sell,226859341
2024-07-29 09:25:18,24350.0,2000,Sell,226859342
2024-07-29 09:25:18,24350.0,100,Sell,226859343
2024-07-29 09:25:18,24350.0,23800,Sell,226859338
2024-07-29 09:25:18,24350.0,800,Sell,226859340
2024-07-29 09:25:18,24350.0,500,Sell,226859339
2024-07-29 09:25:20,24350.0,200,Sell,226859414
2024-07-29 09:25:26,24350.0,200,Buy,226859557
2024-07-29 09:25:26,24350.0,800,Buy,226859556
2024-07-29 09:25:33,24350.0,100,Buy,226859811
2024-07-29 09:25:33,24350.0,700,Buy,226859810
2024-07-29 09:25:35,24350.0,1500,Buy,226859838
2024-07-29 09:25:35,24350.0,100,Buy,226859864
2024-07-29 09:25:36,24350.0,600,Buy,226859875
2024-07-29 09:25:48,24300.0,1000,Sell,226860131
2024-07-29 09:25:53,24350.0,1000,Buy,226860225
2024-07-29 09:26:03,24350.0,500,Buy,226860459
2024-07-29 09:26:05,24350.0,100,Buy,226860484
2024-07-29 09:26:16,24400.0,1000,Buy,226860867
2024-07-29 09:26:16,24350.0,100,Buy,226860842
2024-07-29 09:26:16,24350.0,5000,Buy,226860844
2024-07-29 09:26:16,24350.0,200,Buy,226860840
2024-07-29 09:26:16,24350.0,600,Buy,226860841
2024-07-29 09:26:16,24350.0,1100,Buy,226860838
2024-07-29 09:26:16,24350.0,500,Buy,226860843
2024-07-29 09:26:16,24350.0,500,Buy,226860839
2024-07-29 09:26:19,24350.0,2000,Sell,226860915
2024-07-29 09:26:24,24350.0,200,Sell,226860987
2024-07-29 09:26:28,24350.0,600,Sell,226861066
2024-07-29 09:26:42,24350.0,600,Sell,226861359
2024-07-29 09:26:46,24350.0,500,Sell,226861444
2024-07-29 09:26:48,24350.0,4000,Sell,226861486
2024-07-29 09:26:51,24350.0,500,Sell,226861548
2024-07-29 09:27:18,24350.0,200,Sell,226862117
2024-07-29 09:27:27,24350.0,1000,Sell,226862299
2024-07-29 09:27:37,24350.0,1500,Sell,226862523
2024-07-29 09:27:54,24350.0,2000,Sell,226862911
2024-07-29 09:27:54,24350.0,5800,Sell,226862913
2024-07-29 09:27:54,24350.0,100,Sell,226862912
2024-07-29 09:27:54,24350.0,500,Sell,226862910
2024-07-29 09:27:54,24350.0,200,Sell,226862908
2024-07-29 09:27:54,24350.0,2000,Sell,226862909
2024-07-29 09:27:54,24350.0,2000,Sell,226862907
2024-07-29 09:27:56,24350.0,2600,Sell,226862961
2024-07-29 09:27:56,24350.0,1000,Sell,226862962
2024-07-29 09:27:56,24350.0,100,Sell,226862963
2024-07-29 09:27:56,24350.0,16300,Sell,226862964
2024-07-29 09:28:09,24350.0,100,Sell,226863213
2024-07-29 09:28:10,24350.0,1000,Sell,226863226
2024-07-29 09:28:17,24350.0,14400,Sell,226863436
2024-07-29 09:28:33,24350.0,5900,Sell,226863835
2024-07-29 09:28:34,24350.0,2000,Sell,226863850
2024-07-29 09:28:37,24350.0,400,Sell,226863923
2024-07-29 09:28:42,24350.0,500,Sell,226864021
2024-07-29 09:28:43,24400.0,300,Buy,226864036
2024-07-29 09:28:55,24400.0,2400,Buy,226864337
2024-07-29 09:28:55,24400.0,1000,Buy,226864336
2024-07-29 09:28:55,24400.0,500,Buy,226864335
2024-07-29 09:28:55,24400.0,500,Buy,226864332
2024-07-29 09:28:55,24400.0,2000,Buy,226864333
2024-07-29 09:28:55,24400.0,1500,Buy,226864330
2024-07-29 09:28:55,24400.0,2000,Buy,226864334
2024-07-29 09:28:55,24400.0,100,Buy,226864331
2024-07-29 09:28:58,24400.0,100,Buy,226864382
2024-07-29 09:29:08,24400.0,500,Buy,226864550
2024-07-29 09:29:08,24400.0,900,Buy,226864551
2024-07-29 09:29:17,24400.0,2000,Buy,226864733
2024-07-29 09:29:30,24400.0,2100,Buy,226865082
2024-07-29 09:29:37,24400.0,200,Buy,226865218
2024-07-29 09:29:40,24400.0,100,Buy,226865278
2024-07-29 09:29:58,24400.0,200,Buy,226865698
2024-07-29 09:30:01,24400.0,1000,Buy,226865884
2024-07-29 09:30:20,24400.0,400,Buy,226866318
2024-07-29 09:30:34,24350.0,100,Sell,226866740
2024-07-29 09:31:04,24350.0,5000,Sell,226867393
2024-07-29 09:31:50,24400.0,100,Buy,226868362
2024-07-29 09:31:55,24350.0,2500,Sell,226868448
2024-07-29 09:31:58,24350.0,1000,Sell,226868529
2024-07-29 09:32:00,24350.0,6000,Sell,226868574
2024-07-29 09:32:04,24400.0,500,Buy,226868700
2024-07-29 09:32:05,24350.0,100,Sell,226868717
2024-07-29 09:32:21,24350.0,200,Sell,226869051
2024-07-29 09:32:29,24350.0,1500,Sell,226869232
2024-07-29 09:32:30,24400.0,3000,Buy,226869255
2024-07-29 09:32:31,24350.0,200,Sell,226869281
2024-07-29 09:32:40,24350.0,900,Sell,226869484
2024-07-29 09:32:53,24350.0,4000,Sell,226869788
2024-07-29 09:32:53,24350.0,500,Sell,226869787
2024-07-29 09:32:53,24350.0,100,Sell,226869786
2024-07-29 09:32:53,24350.0,100,Sell,226869785
2024-07-29 09:32:53,24350.0,100,Sell,226869784
2024-07-29 09:32:53,24350.0,500,Sell,226869780
2024-07-29 09:32:53,24350.0,2000,Sell,226869782
2024-07-29 09:32:53,24350.0,400,Sell,226869781
2024-07-29 09:32:53,24350.0,100,Sell,226869778
2024-07-29 09:32:53,24350.0,41900,Sell,226869777
2024-07-29 09:32:53,24350.0,100,Sell,226869783
2024-07-29 09:32:53,24350.0,200,Sell,226869779
2024-07-29 09:32:58,24350.0,1000,Sell,226869899
2024-07-29 09:32:58,24350.0,1500,Sell,226869900
2024-07-29 09:32:58,24350.0,1300,Sell,226869901
2024-07-29 09:32:58,24350.0,1200,Sell,226869902
2024-07-29 09:32:59,24350.0,100,Sell,226869921
2024-07-29 09:33:08,24350.0,500,Sell,226870161
2024-07-29 09:33:08,24350.0,6800,Sell,226870155
2024-07-29 09:33:08,24350.0,3200,Sell,226870154
2024-07-29 09:33:12,24350.0,200,Sell,226870263
2024-07-29 09:33:14,24350.0,2500,Sell,226870308
2024-07-29 09:33:14,24350.0,3600,Sell,226870309
2024-07-29 09:33:15,24350.0,1400,Sell,226870350
2024-07-29 09:33:15,24350.0,300,Sell,226870351
2024-07-29 09:33:15,24350.0,200,Sell,226870352
2024-07-29 09:33:15,24350.0,100,Sell,226870353
2024-07-29 09:33:18,24350.0,9000,Sell,226870412
2024-07-29 09:33:18,24350.0,800,Sell,226870411
2024-07-29 09:33:18,24350.0,200,Sell,226870410
2024-07-29 09:33:19,24350.0,900,Sell,226870441
2024-07-29 09:33:22,24350.0,400,Sell,226870509
2024-07-29 09:33:22,24350.0,1000,Sell,226870518
2024-07-29 09:33:27,24350.0,300,Sell,226870616
2024-07-29 09:33:30,24350.0,500,Sell,226870706
2024-07-29 09:33:30,24350.0,1000,Sell,226870705
2024-07-29 09:33:30,24350.0,100,Sell,226870704
2024-07-29 09:33:30,24350.0,10000,Sell,226870701
2024-07-29 09:33:30,24350.0,300,Sell,226870702
2024-07-29 09:33:30,24350.0,900,Sell,226870700
2024-07-29 09:33:30,24350.0,200,Sell,226870703
2024-07-29 09:33:32,24350.0,500,Sell,226870747
2024-07-29 09:33:32,24350.0,4000,Sell,226870748
2024-07-29 09:33:39,24350.0,100,Sell,226870930
2024-07-29 09:33:51,24350.0,5000,Sell,226871230
2024-07-29 09:33:55,24350.0,200,Sell,226871350
2024-07-29 09:33:58,24350.0,33600,Sell,226871425
2024-07-29 09:33:58,24350.0,700,Sell,226871424
2024-07-29 09:33:58,24350.0,100,Sell,226871423
2024-07-29 09:33:58,24350.0,5000,Sell,226871422
2024-07-29 09:33:58,24350.0,500,Sell,226871418
2024-07-29 09:33:58,24350.0,500,Sell,226871420
2024-07-29 09:33:58,24350.0,300,Sell,226871421
2024-07-29 09:33:58,24350.0,8700,Sell,226871416
2024-07-29 09:33:58,24350.0,100,Sell,226871419
2024-07-29 09:33:58,24350.0,500,Sell,226871417
2024-07-29 09:34:03,24350.0,1000,Sell,226871539
2024-07-29 09:34:03,24350.0,1000,Sell,226871543
2024-07-29 09:34:07,24350.0,2200,Sell,226871614
2024-07-29 09:34:11,24350.0,1000,Sell,226871682
2024-07-29 09:34:23,24350.0,35000,Sell,226871983
2024-07-29 09:34:30,24350.0,5000,Sell,226872122
2024-07-29 09:34:35,24350.0,5000,Sell,226872220
2024-07-29 09:34:39,24350.0,4400,Sell,226872319
2024-07-29 09:34:39,24350.0,1000,Sell,226872318
2024-07-29 09:34:39,24350.0,3000,Sell,226872316
2024-07-29 09:34:39,24350.0,400,Sell,226872317
2024-07-29 09:34:39,24350.0,5000,Sell,226872314
2024-07-29 09:34:39,24350.0,15900,Sell,226872313
2024-07-29 09:34:39,24350.0,300,Sell,226872312
2024-07-29 09:34:39,24350.0,300,Sell,226872315
2024-07-29 09:34:41,24350.0,5600,Sell,226872339
2024-07-29 09:34:41,24350.0,100,Sell,226872340
2024-07-29 09:34:50,24350.0,300,Buy,226872573
2024-07-29 09:34:54,24350.0,5000,Buy,226872642
2024-07-29 09:34:56,24350.0,2700,Buy,226872704
2024-07-29 09:34:59,24350.0,1100,Buy,226872795
2024-07-29 09:34:59,24350.0,1300,Buy,226872791
2024-07-29 09:34:59,24350.0,100,Buy,226872793
2024-07-29 09:34:59,24350.0,500,Buy,226872794
2024-07-29 09:34:59,24350.0,800,Buy,226872792
2024-07-29 09:35:03,24350.0,100,Buy,226872964
2024-07-29 09:35:11,24350.0,300,Buy,226873160
2024-07-29 09:35:39,24350.0,300,Buy,226873871
2024-07-29 09:35:57,24300.0,600,Sell,226874369
2024-07-29 09:35:57,24300.0,10000,Sell,226874368
2024-07-29 09:35:57,24300.0,600,Sell,226874366
2024-07-29 09:35:57,24300.0,2000,Sell,226874365
2024-07-29 09:35:57,24300.0,1000,Sell,226874367
2024-07-29 09:35:57,24300.0,500,Sell,226874363
2024-07-29 09:35:57,24300.0,100,Sell,226874362
2024-07-29 09:35:57,24300.0,200,Sell,226874361
2024-07-29 09:35:57,24300.0,4000,Sell,226874360
2024-07-29 09:35:57,24300.0,1000,Sell,226874364
2024-07-29 09:36:03,24300.0,100,Sell,226874524
2024-07-29 09:36:18,24300.0,100,Sell,226874860
2024-07-29 09:36:20,24350.0,100,Buy,226874929
2024-07-29 09:36:20,24350.0,4500,Buy,226874928
2024-07-29 09:36:20,24350.0,200,Buy,226874932
2024-07-29 09:36:20,24350.0,100,Buy,226874933
2024-07-29 09:36:20,24350.0,10600,Buy,226874931
2024-07-29 09:36:20,24350.0,8000,Buy,226874935
2024-07-29 09:36:20,24350.0,5700,Buy,226874936
2024-07-29 09:36:20,24350.0,100,Buy,226874937
2024-07-29 09:36:20,24350.0,3200,Buy,226874938
2024-07-29 09:36:20,24350.0,100,Buy,226874927
2024-07-29 09:36:20,24350.0,4800,Buy,226874934
2024-07-29 09:36:20,24350.0,26000,Buy,226874926
2024-07-29 09:36:20,24350.0,1000,Buy,226874930
2024-07-29 09:36:20,24350.0,1000,Buy,226874924
2024-07-29 09:36:20,24350.0,3200,Buy,226874907
2024-07-29 09:36:20,24350.0,200,Buy,226874908
2024-07-29 09:36:20,24350.0,5000,Buy,226874909
2024-07-29 09:36:20,24350.0,500,Buy,226874910
2024-07-29 09:36:20,24350.0,600,Buy,226874912
2024-07-29 09:36:20,24350.0,500,Buy,226874911
2024-07-29 09:36:20,24350.0,500,Buy,226874919
2024-07-29 09:36:20,24350.0,200,Buy,226874920
2024-07-29 09:36:20,24350.0,100,Buy,226874921
2024-07-29 09:36:20,24350.0,200,Buy,226874922
2024-07-29 09:36:20,24350.0,10000,Buy,226874923
2024-07-29 09:36:20,24350.0,1900,Buy,226874918
2024-07-29 09:36:20,24350.0,4000,Buy,226874925
2024-07-29 09:36:22,24350.0,1000,Sell,226874958
2024-07-29 09:36:26,24350.0,100,Sell,226875110
2024-07-29 09:36:27,24350.0,1100,Sell,226875127
2024-07-29 09:36:29,24400.0,100,Buy,226875177
2024-07-29 09:36:39,24400.0,2000,Buy,226875428
2024-07-29 09:36:47,24350.0,10000,Sell,226875686
2024-07-29 09:36:48,24350.0,4000,Sell,226875709
2024-07-29 09:36:49,24350.0,1500,Sell,226875734
2024-07-29 09:36:49,24350.0,400,Sell,226875735
2024-07-29 09:36:49,24350.0,3000,Sell,226875737
2024-07-29 09:36:49,24350.0,100,Sell,226875738
2024-07-29 09:36:53,24350.0,1000,Sell,226875883
2024-07-29 09:36:54,24350.0,1800,Sell,226875946
2024-07-29 09:37:00,24400.0,200,Buy,226876058
2024-07-29 09:37:05,24350.0,200,Sell,226876188
2024-07-29 09:37:09,24350.0,3500,Sell,226876242
2024-07-29 09:37:21,24350.0,1500,Sell,226876609
2024-07-29 09:37:25,24350.0,600,Sell,226876678
2024-07-29 09:37:26,24400.0,100,Buy,226876712
2024-07-29 09:37:47,24400.0,300,Buy,226877258
2024-07-29 09:38:04,24400.0,900,Buy,226877759
2024-07-29 09:38:04,24400.0,1800,Buy,226877757
2024-07-29 09:38:04,24400.0,1300,Buy,226877758
2024-07-29 09:38:12,24350.0,2800,Sell,226877949
2024-07-29 09:38:25,24350.0,100,Sell,226878245
2024-07-29 09:38:25,24350.0,1000,Sell,226878246
2024-07-29 09:38:25,24350.0,300,Sell,226878247
2024-07-29 09:38:25,24350.0,2000,Sell,226878248
2024-07-29 09:38:25,24350.0,5000,Sell,226878249
2024-07-29 09:38:48,24400.0,100,Buy,226878806
2024-07-29 09:39:01,24400.0,100,Buy,226879078
2024-07-29 09:39:05,24400.0,200,Buy,226879195
2024-07-29 09:39:05,24400.0,1000,Buy,226879194
2024-07-29 09:39:05,24400.0,1000,Buy,226879193
2024-07-29 09:39:05,24400.0,300,Buy,226879192
2024-07-29 09:39:05,24400.0,3000,Buy,226879191
2024-07-29 09:39:05,24400.0,400,Buy,226879190
2024-07-29 09:39:05,24400.0,1000,Buy,226879189
2024-07-29 09:39:05,24400.0,100,Buy,226879187
2024-07-29 09:39:05,24400.0,500,Buy,226879186
2024-07-29 09:39:05,24400.0,5000,Buy,226879185
2024-07-29 09:39:05,24400.0,100,Buy,226879184
2024-07-29 09:39:05,24400.0,300,Buy,226879183
2024-07-29 09:39:05,24400.0,100,Buy,226879182
2024-07-29 09:39:05,24400.0,5000,Buy,226879188
2024-07-29 09:39:15,24350.0,10000,Sell,226879382
2024-07-29 09:39:37,24350.0,4000,Sell,226879965
2024-07-29 09:39:39,24350.0,300,Sell,226880013
2024-07-29 09:40:07,24350.0,200,Sell,226880702
2024-07-29 09:40:09,24400.0,1100,Buy,226880719
2024-07-29 09:40:09,24400.0,200,Buy,226880718
2024-07-29 09:40:09,24400.0,14200,Buy,226880717
2024-07-29 09:40:09,24400.0,200,Buy,226880716
2024-07-29 09:40:09,24400.0,2000,Buy,226880715
2024-07-29 09:40:09,24400.0,100,Buy,226880713
2024-07-29 09:40:09,24400.0,800,Buy,226880711
2024-07-29 09:40:09,24400.0,1000,Buy,226880714
2024-07-29 09:40:09,24400.0,900,Buy,226880712
2024-07-29 09:40:12,24400.0,4200,Buy,226880805
2024-07-29 09:40:12,24400.0,1700,Buy,226880802
2024-07-29 09:40:12,24400.0,600,Buy,226880803
2024-07-29 09:40:12,24400.0,1500,Buy,226880804
2024-07-29 09:40:13,24350.0,5500,Sell,226880877
2024-07-29 09:40:13,24350.0,200,Sell,226880878
2024-07-29 09:40:13,24350.0,100,Sell,226880879
2024-07-29 09:40:13,24350.0,200,Sell,226880880
2024-07-29 09:40:37,24350.0,4800,Sell,226881448
2024-07-29 09:40:37,24350.0,3200,Sell,226881449
2024-07-29 09:40:41,24400.0,800,Buy,226881509
2024-07-29 09:40:41,24400.0,500,Buy,226881510
2024-07-29 09:40:42,24350.0,300,Sell,226881514
2024-07-29 09:40:45,24350.0,400,Sell,226881595
2024-07-29 09:40:46,24400.0,500,Buy,226881659
2024-07-29 09:41:01,24400.0,200,Buy,226882011
2024-07-29 09:41:10,24400.0,100,Buy,226882234
2024-07-29 09:41:19,24400.0,100,Buy,226882485
2024-07-29 09:41:19,24400.0,100,Buy,226882484
2024-07-29 09:41:19,24400.0,2800,Buy,226882483
2024-07-29 09:41:21,24400.0,1100,Buy,226882549
2024-07-29 09:41:21,24400.0,18900,Buy,226882550
2024-07-29 09:41:33,24400.0,6200,Buy,226882839
2024-07-29 09:41:42,24400.0,10000,Buy,226882998
2024-07-29 09:41:47,24400.0,2500,Buy,226883109
2024-07-29 09:41:50,24400.0,100,Buy,226883167
2024-07-29 09:41:52,24350.0,100,Sell,226883196
2024-07-29 09:41:53,24400.0,200,Buy,226883224
2024-07-29 09:42:06,24350.0,15000,Sell,226883482
2024-07-29 09:42:31,24400.0,5000,Buy,226884056
2024-07-29 09:42:31,24400.0,100,Buy,226884057
2024-07-29 09:42:31,24400.0,3000,Buy,226884055
2024-07-29 09:42:31,24400.0,400,Buy,226884060
2024-07-29 09:42:31,24400.0,16700,Buy,226884061
2024-07-29 09:42:31,24400.0,100,Buy,226884058
2024-07-29 09:42:31,24400.0,500,Buy,226884054
2024-07-29 09:42:31,24400.0,100,Buy,226884059
2024-07-29 09:42:31,24400.0,500,Buy,226884052
2024-07-29 09:42:31,24400.0,1000,Buy,226884051
2024-07-29 09:42:31,24400.0,100,Buy,226884050
2024-07-29 09:42:31,24400.0,100,Buy,226884049
2024-07-29 09:42:31,24400.0,22100,Buy,226884046
2024-07-29 09:42:31,24400.0,100,Buy,226884048
2024-07-29 09:42:31,24400.0,100,Buy,226884047
2024-07-29 09:42:31,24400.0,100,Buy,226884053
2024-07-29 09:42:32,24350.0,100,Sell,226884139
2024-07-29 09:42:57,24400.0,3000,Buy,226884641
2024-07-29 09:42:58,24350.0,200,Sell,226884655
2024-07-29 09:43:18,24350.0,200,Sell,226885032
2024-07-29 09:43:20,24350.0,500,Sell,226885069
2024-07-29 09:43:25,24350.0,500,Sell,226885186
2024-07-29 09:43:25,24350.0,500,Sell,226885177
2024-07-29 09:43:30,24350.0,5100,Sell,226885269
2024-07-29 09:43:36,24350.0,700,Sell,226885396
2024-07-29 09:44:18,24350.0,100,Sell,226886360
2024-07-29 09:44:24,24350.0,400,Sell,226886520
2024-07-29 09:44:31,24350.0,200,Sell,226886664
2024-07-29 09:44:35,24350.0,1500,Sell,226886726
2024-07-29 09:44:46,24400.0,1500,Buy,226886919
2024-07-29 09:45:16,24400.0,20900,Buy,226887454
2024-07-29 09:45:16,24400.0,28800,Buy,226887452
2024-07-29 09:45:16,24400.0,300,Buy,226887453
2024-07-29 09:45:21,24400.0,200,Buy,226887644
2024-07-29 09:45:21,24400.0,100,Buy,226887624
2024-07-29 09:45:21,24400.0,500,Buy,226887625
2024-07-29 09:45:21,24400.0,200,Buy,226887626
2024-07-29 09:45:21,24400.0,100,Buy,226887627
2024-07-29 09:45:21,24400.0,1000,Buy,226887628
2024-07-29 09:45:21,24400.0,1000,Buy,226887629
2024-07-29 09:45:21,24400.0,10000,Buy,226887630
2024-07-29 09:45:21,24400.0,100,Buy,226887631
2024-07-29 09:45:21,24400.0,400,Buy,226887632
2024-07-29 09:45:21,24400.0,1000,Buy,226887638
2024-07-29 09:45:21,24400.0,1200,Buy,226887639
2024-07-29 09:45:21,24400.0,200,Buy,226887640
2024-07-29 09:45:21,24400.0,1000,Buy,226887641
2024-07-29 09:45:21,24400.0,500,Buy,226887623
2024-07-29 09:45:21,24400.0,100,Buy,226887642
2024-07-29 09:45:21,24400.0,500,Buy,226887643
2024-07-29 09:45:21,24400.0,500,Buy,226887637
2024-07-29 09:45:21,24400.0,400,Buy,226887622
2024-07-29 09:45:21,24400.0,400,Buy,226887605
2024-07-29 09:45:21,24400.0,1000,Buy,226887620
2024-07-29 09:45:21,24400.0,500,Buy,226887621
2024-07-29 09:45:21,24400.0,44100,Buy,226887602
2024-07-29 09:45:21,24400.0,200,Buy,226887603
2024-07-29 09:45:21,24400.0,10000,Buy,226887606
2024-07-29 09:45:21,24400.0,200,Buy,226887607
2024-07-29 09:45:21,24400.0,200,Buy,226887608
2024-07-29 09:45:21,24400.0,1000,Buy,226887609
2024-07-29 09:45:21,24400.0,200,Buy,226887610
2024-07-29 09:45:21,24400.0,500,Buy,226887604
2024-07-29 09:45:21,24400.0,100,Buy,226887612
2024-07-29 09:45:21,24400.0,100,Buy,226887613
2024-07-29 09:45:21,24400.0,100,Buy,226887614
2024-07-29 09:45:21,24400.0,500,Buy,226887615
2024-07-29 09:45:21,24400.0,200,Buy,226887616
2024-07-29 09:45:21,24400.0,5000,Buy,226887611
2024-07-29 09:45:21,24400.0,500,Buy,226887617
2024-07-29 09:45:21,24400.0,100,Buy,226887618
2024-07-29 09:45:21,24400.0,500,Buy,226887619
2024-07-29 09:45:28,24400.0,100,Sell,226887782
2024-07-29 09:45:29,24400.0,1500,Sell,226887815
2024-07-29 09:45:34,24400.0,2000,Sell,226887934
2024-07-29 09:45:40,24400.0,2000,Sell,226888067
2024-07-29 09:45:40,24400.0,3000,Sell,226888035
2024-07-29 09:45:46,24400.0,300,Sell,226888165
2024-07-29 09:45:53,24400.0,1100,Sell,226888304
2024-07-29 09:46:02,24400.0,100,Sell,226888500
2024-07-29 09:46:02,24400.0,100,Sell,226888511
2024-07-29 09:46:18,24400.0,3000,Sell,226888865
2024-07-29 09:46:27,24450.0,800,Buy,226889041
2024-07-29 09:46:29,24400.0,2400,Sell,226889089
2024-07-29 09:46:29,24400.0,300,Sell,226889090
2024-07-29 09:46:29,24400.0,4000,Sell,226889091
2024-07-29 09:46:29,24400.0,2700,Sell,226889092
2024-07-29 09:46:29,24400.0,600,Sell,226889093
2024-07-29 09:46:31,24400.0,1600,Sell,226889117
2024-07-29 09:46:31,24400.0,400,Sell,226889114
2024-07-29 09:46:31,24400.0,2000,Sell,226889115
2024-07-29 09:46:32,24400.0,7600,Sell,226889141
2024-07-29 09:46:32,24400.0,2400,Sell,226889140
2024-07-29 09:46:46,24400.0,300,Sell,226889415
2024-07-29 09:46:47,24400.0,100,Sell,226889444
2024-07-29 09:46:58,24400.0,500,Sell,226889707
2024-07-29 09:46:59,24400.0,100,Sell,226889728
2024-07-29 09:47:16,24400.0,100,Sell,226890138
2024-07-29 09:47:39,24400.0,1000,Sell,226890630
2024-07-29 09:47:50,24400.0,300,Sell,226890832
2024-07-29 09:47:50,24400.0,2100,Sell,226890833
2024-07-29 09:47:53,24400.0,100,Sell,226890859
2024-07-29 09:47:55,24400.0,300,Sell,226890930
2024-07-29 09:47:59,24400.0,7000,Sell,226891022
2024-07-29 09:48:09,24450.0,2000,Buy,226891205
2024-07-29 09:48:24,24450.0,300,Buy,226891476
2024-07-29 09:48:30,24450.0,1000,Buy,226891592
2024-07-29 09:48:31,24450.0,100,Buy,226891609
2024-07-29 09:48:52,24450.0,5000,Buy,226892120
2024-07-29 09:48:57,24450.0,3000,Buy,226892203
2024-07-29 09:48:59,24400.0,500,Sell,226892323
2024-07-29 09:48:59,24400.0,2000,Sell,226892324
2024-07-29 09:49:04,24450.0,100,Buy,226892409
2024-07-29 09:49:13,24450.0,200,Buy,226892693
2024-07-29 09:49:17,24450.0,200,Buy,226892838
2024-07-29 09:49:18,24450.0,500,Buy,226892842
2024-07-29 09:49:19,24450.0,100,Buy,226892876
2024-07-29 09:49:25,24450.0,100,Buy,226893032
2024-07-29 09:49:32,24450.0,300,Buy,226893241
2024-07-29 09:49:56,24450.0,5000,Buy,226894053
2024-07-29 09:49:59,24400.0,100,Sell,226894106
2024-07-29 09:49:59,24400.0,600,Sell,226894126
2024-07-29 09:50:11,24400.0,1000,Sell,226894471
2024-07-29 09:50:19,24400.0,200,Sell,226894621
2024-07-29 09:50:20,24400.0,100,Sell,226894646
2024-07-29 09:50:27,24400.0,300,Sell,226894799
2024-07-29 09:50:27,24400.0,3000,Sell,226894798
2024-07-29 09:50:27,24400.0,500,Sell,226894797
2024-07-29 09:50:27,24400.0,200,Sell,226894796
2024-07-29 09:50:27,24400.0,600,Sell,226894795
2024-07-29 09:50:27,24400.0,300,Sell,226894794
2024-07-29 09:50:27,24400.0,1800,Sell,226894793
2024-07-29 09:50:27,24400.0,400,Sell,226894792
2024-07-29 09:50:27,24400.0,5000,Sell,226894791
2024-07-29 09:50:27,24400.0,3000,Sell,226894789
2024-07-29 09:50:27,24400.0,2000,Sell,226894788
2024-07-29 09:50:27,24400.0,2000,Sell,226894787
2024-07-29 09:50:27,24400.0,1500,Sell,226894786
2024-07-29 09:50:27,24400.0,100,Sell,226894785
2024-07-29 09:50:27,24400.0,100,Sell,226894784
2024-07-29 09:50:27,24400.0,1000,Sell,226894783
2024-07-29 09:50:27,24400.0,200,Sell,226894782
2024-07-29 09:50:27,24400.0,26000,Sell,226894781
2024-07-29 09:50:27,24400.0,2000,Sell,226894790
2024-07-29 09:50:31,24450.0,100,Buy,226894996
2024-07-29 09:50:34,24400.0,100,Sell,226895091
2024-07-29 09:50:34,24400.0,5000,Sell,226895090
2024-07-29 09:50:34,24400.0,1000,Sell,226895089
2024-07-29 09:50:34,24400.0,600,Sell,226895088
2024-07-29 09:50:34,24400.0,300,Sell,226895087
2024-07-29 09:50:34,24400.0,500,Sell,226895085
2024-07-29 09:50:34,24400.0,1500,Sell,226895084
2024-07-29 09:50:34,24400.0,200,Sell,226895083
2024-07-29 09:50:34,24400.0,4700,Sell,226895082
2024-07-29 09:50:34,24400.0,500,Sell,226895086
2024-07-29 09:50:36,24450.0,500,Buy,226895215
2024-07-29 09:50:40,24400.0,400,Sell,226895304
2024-07-29 09:50:40,24400.0,100,Sell,226895305
2024-07-29 09:50:41,24400.0,100,Sell,226895353
2024-07-29 09:50:41,24400.0,200,Sell,226895352
2024-07-29 09:50:41,24400.0,200,Sell,226895351
2024-07-29 09:50:41,24400.0,700,Sell,226895350
2024-07-29 09:50:41,24400.0,300,Sell,226895349
2024-07-29 09:50:41,24400.0,600,Sell,226895348
2024-07-29 09:50:41,24400.0,1000,Sell,226895347
2024-07-29 09:50:41,24400.0,7000,Sell,226895345
2024-07-29 09:50:41,24400.0,1900,Sell,226895341
2024-07-29 09:50:41,24400.0,700,Sell,226895342
2024-07-29 09:50:41,24400.0,2000,Sell,226895346
2024-07-29 09:50:41,24400.0,100,Sell,226895344
2024-07-29 09:50:41,24400.0,300,Sell,226895343
2024-07-29 09:50:43,24400.0,600,Buy,226895375
2024-07-29 09:50:44,24400.0,200,Buy,226895403
2024-07-29 09:50:44,24400.0,10000,Buy,226895404
2024-07-29 09:50:45,24400.0,2000,Sell,226895413
2024-07-29 09:50:46,24450.0,200,Buy,226895435
2024-07-29 09:50:53,24400.0,500,Sell,226895620
2024-07-29 09:51:00,24400.0,100,Sell,226895830
2024-07-29 09:51:01,24400.0,4000,Sell,226895838
2024-07-29 09:51:01,24400.0,500,Sell,226895848
2024-07-29 09:51:01,24400.0,6900,Sell,226895836
2024-07-29 09:51:01,24400.0,3000,Sell,226895837
2024-07-29 09:51:05,24450.0,1000,Buy,226895953
2024-07-29 09:51:15,24400.0,500,Sell,226896202
2024-07-29 09:51:15,24400.0,100,Sell,226896199
2024-07-29 09:51:21,24400.0,100,Sell,226896348
2024-07-29 09:51:29,24450.0,200,Buy,226896567
2024-07-29 09:51:34,24400.0,200,Sell,226896662
2024-07-29 09:51:34,24400.0,100,Sell,226896664
2024-07-29 09:51:54,24400.0,1000,Sell,226897112
2024-07-29 09:51:55,24400.0,800,Sell,226897134
2024-07-29 09:51:55,24400.0,5200,Sell,226897135
2024-07-29 09:52:00,24400.0,200,Sell,226897250
2024-07-29 09:52:00,24400.0,500,Sell,226897251
2024-07-29 09:52:00,24400.0,7300,Sell,226897252
2024-07-29 09:52:11,24400.0,300,Sell,226897542
2024-07-29 09:52:11,24400.0,5000,Sell,226897541
2024-07-29 09:52:11,24400.0,2700,Sell,226897539
2024-07-29 09:52:11,24400.0,2000,Sell,226897540
2024-07-29 09:52:25,24450.0,1600,Buy,226897958
2024-07-29 09:52:25,24400.0,700,Sell,226897984
2024-07-29 09:52:25,24400.0,300,Sell,226897985
2024-07-29 09:52:25,24400.0,3000,Sell,226897986
2024-07-29 09:52:27,24450.0,100,Buy,226898016
2024-07-29 09:52:34,24400.0,2500,Sell,226898189
2024-07-29 09:52:39,24400.0,20000,Sell,226898338
2024-07-29 09:52:40,24400.0,100,Sell,226898357
2024-07-29 09:52:45,24400.0,20000,Sell,226898499
2024-07-29 09:52:50,24400.0,1200,Sell,226898624
2024-07-29 09:52:53,24400.0,2400,Sell,226898725
2024-07-29 09:52:53,24400.0,7600,Sell,226898726
2024-07-29 09:52:55,24400.0,200,Sell,226898763
2024-07-29 09:52:57,24400.0,100,Sell,226898829
2024-07-29 09:52:58,24400.0,1500,Sell,226898844
2024-07-29 09:52:59,24400.0,500,Sell,226898872
2024-07-29 09:53:00,24400.0,5000,Sell,226898903
2024-07-29 09:53:04,24400.0,500,Sell,226899089
2024-07-29 09:53:06,24400.0,400,Sell,226899133
2024-07-29 09:53:07,24400.0,4200,Sell,226899171
2024-07-29 09:53:07,24400.0,500,Sell,226899172
2024-07-29 09:53:07,24400.0,300,Sell,226899173
2024-07-29 09:53:11,24400.0,2700,Sell,226899300
2024-07-29 09:53:11,24400.0,1000,Sell,226899301
2024-07-29 09:53:11,24400.0,1300,Sell,226899302
2024-07-29 09:53:13,24400.0,700,Sell,226899393
2024-07-29 09:53:13,24400.0,300,Sell,226899394
2024-07-29 09:53:17,24400.0,200,Sell,226899488
2024-07-29 09:53:17,24400.0,800,Sell,226899484
2024-07-29 09:53:17,24400.0,200,Sell,226899490
2024-07-29 09:53:17,24400.0,500,Sell,226899482
2024-07-29 09:53:17,24400.0,2000,Sell,226899483
2024-07-29 09:53:17,24400.0,700,Sell,226899480
2024-07-29 09:53:17,24400.0,100,Sell,226899489
2024-07-29 09:53:17,24400.0,1000,Sell,226899481
2024-07-29 09:53:20,24400.0,300,Sell,226899544
2024-07-29 09:53:23,24400.0,500,Sell,226899632
2024-07-29 09:53:23,24400.0,500,Sell,226899631
2024-07-29 09:53:26,24400.0,1500,Sell,226899737
2024-07-29 09:53:26,24400.0,400,Sell,226899738
2024-07-29 09:53:26,24400.0,100,Sell,226899739
2024-07-29 09:53:26,24400.0,400,Sell,226899741
2024-07-29 09:53:26,24400.0,600,Sell,226899742
2024-07-29 09:53:28,24400.0,400,Sell,226899818
2024-07-29 09:53:28,24400.0,600,Sell,226899819
2024-07-29 09:53:29,24400.0,100,Sell,226899854
2024-07-29 09:53:36,24400.0,300,Sell,226899993
2024-07-29 09:53:36,24400.0,3000,Sell,226899994
2024-07-29 09:53:36,24400.0,100,Sell,226899995
2024-07-29 09:53:36,24400.0,600,Sell,226899996
2024-07-29 09:53:42,24400.0,4100,Sell,226900122
2024-07-29 09:53:42,24400.0,100,Sell,226900121
2024-07-29 09:53:42,24400.0,300,Sell,226900119
2024-07-29 09:53:42,24400.0,400,Sell,226900118
2024-07-29 09:53:42,24400.0,100,Sell,226900120
2024-07-29 09:53:43,24400.0,300,Sell,226900127
2024-07-29 09:53:50,24400.0,1000,Sell,226900326
2024-07-29 09:53:53,24400.0,1000,Sell,226900390
2024-07-29 09:53:53,24400.0,1000,Sell,226900391
2024-07-29 09:53:56,24400.0,100,Sell,226900467
2024-07-29 09:53:56,24400.0,100,Sell,226900468
2024-07-29 09:53:56,24400.0,100,Sell,226900469
2024-07-29 09:54:00,24400.0,100,Sell,226900589
2024-07-29 09:54:05,24400.0,200,Sell,226900685
2024-07-29 09:54:05,24400.0,800,Sell,226900686
2024-07-29 09:54:08,24400.0,200,Sell,226900755
2024-07-29 09:54:08,24400.0,400,Sell,226900756
2024-07-29 09:54:08,24450.0,100,Buy,226900750
2024-07-29 09:54:08,24400.0,200,Sell,226900754
2024-07-29 09:54:08,24450.0,300,Buy,226900749
2024-07-29 09:54:15,24400.0,400,Buy,226900940
2024-07-29 09:54:15,24400.0,1600,Sell,226900938
2024-07-29 09:54:15,24400.0,2000,Sell,226900939
2024-07-29 09:54:26,24400.0,1600,Sell,226901216
2024-07-29 09:54:26,24400.0,200,Sell,226901217
2024-07-29 09:54:26,24400.0,200,Sell,226901218
2024-07-29 09:54:34,24400.0,3000,Buy,226901480
2024-07-29 09:54:37,24400.0,1500,Sell,226901529
2024-07-29 09:54:38,24400.0,100,Sell,226901571
2024-07-29 09:54:39,24400.0,800,Sell,226901582
2024-07-29 09:54:54,24400.0,700,Sell,226901960
2024-07-29 09:54:54,24400.0,2000,Sell,226901961
2024-07-29 09:55:02,24400.0,400,Sell,226902178
2024-07-29 09:55:12,24400.0,100,Sell,226902479
2024-07-29 09:55:15,24400.0,500,Sell,226902546
2024-07-29 09:55:17,24400.0,400,Sell,226902575
2024-07-29 09:55:21,24400.0,500,Sell,226902761
2024-07-29 09:55:23,24400.0,10000,Sell,226902781
2024-07-29 09:55:23,24400.0,2400,Sell,226902790
2024-07-29 09:55:23,24400.0,2000,Sell,226902788
2024-07-29 09:55:23,24400.0,500,Sell,226902787
2024-07-29 09:55:23,24400.0,30000,Sell,226902789
2024-07-29 09:55:23,24400.0,1000,Sell,226902785
2024-07-29 09:55:23,24400.0,10000,Sell,226902784
2024-07-29 09:55:23,24400.0,1000,Sell,226902783
2024-07-29 09:55:23,24400.0,2000,Sell,226902786
2024-07-29 09:55:23,24400.0,3000,Sell,226902782
2024-07-29 09:55:27,24400.0,1000,Sell,226902885
2024-07-29 09:55:27,24400.0,1000,Sell,226902914
2024-07-29 09:55:27,24400.0,600,Sell,226902925
2024-07-29 09:55:27,24400.0,2200,Sell,226902926
2024-07-29 09:55:31,24400.0,1800,Sell,226903052
2024-07-29 09:55:41,24400.0,1000,Buy,226903330
2024-07-29 09:55:43,24400.0,200,Buy,226903369
2024-07-29 09:55:43,24400.0,200,Buy,226903368
2024-07-29 09:55:50,24400.0,100,Sell,226903540
2024-07-29 09:56:04,24400.0,100,Sell,226903822
2024-07-29 09:56:10,24400.0,700,Sell,226904021
2024-07-29 09:56:10,24400.0,300,Sell,226904022
2024-07-29 09:56:22,24400.0,3700,Sell,226904245
2024-07-29 09:56:22,24400.0,200,Sell,226904246
2024-07-29 09:56:22,24400.0,6100,Sell,226904247
2024-07-29 09:56:25,24400.0,100,Sell,226904299
2024-07-29 09:56:59,24400.0,20000,Sell,226905045
2024-07-29 09:57:01,24400.0,100,Sell,226905105
2024-07-29 09:57:03,24400.0,100,Sell,226905184
2024-07-29 09:57:03,24450.0,100,Buy,226905205
2024-07-29 09:57:03,24450.0,100,Buy,226905206
2024-07-29 09:57:03,24450.0,100,Buy,226905207
2024-07-29 09:57:03,24450.0,100,Buy,226905208
2024-07-29 09:57:03,24450.0,400,Buy,226905209
2024-07-29 09:57:04,24400.0,1000,Sell,226905222
2024-07-29 09:57:05,24400.0,700,Sell,226905234
2024-07-29 09:57:09,24400.0,100,Sell,226905358
2024-07-29 09:57:11,24400.0,1800,Sell,226905393
2024-07-29 09:57:11,24400.0,1000,Sell,226905394
2024-07-29 09:57:11,24400.0,1000,Sell,226905395
2024-07-29 09:57:11,24400.0,900,Sell,226905396
2024-07-29 09:57:11,24400.0,500,Buy,226905397
2024-07-29 09:57:44,24400.0,10000,Buy,226906160
2024-07-29 09:57:47,24400.0,300,Buy,226906265
2024-07-29 09:57:53,24350.0,200,Sell,226906400
2024-07-29 09:57:57,24400.0,200,Buy,226906460
2024-07-29 09:58:01,24400.0,500,Buy,226906530
2024-07-29 09:58:03,24350.0,1000,Sell,226906563
2024-07-29 09:58:04,24400.0,200,Buy,226906569
2024-07-29 09:58:34,24400.0,400,Buy,226907161
2024-07-29 09:58:40,24350.0,1900,Sell,226907238
2024-07-29 09:58:40,24400.0,100,Buy,226907251
2024-07-29 09:58:54,24400.0,6000,Buy,226907471
2024-07-29 09:58:58,24400.0,100,Buy,226907559
2024-07-29 09:59:13,24400.0,800,Buy,226907796
2024-07-29 09:59:19,24400.0,100,Buy,226907931
2024-07-29 09:59:20,24350.0,1000,Sell,226907952
2024-07-29 09:59:22,24400.0,200,Buy,226907966
2024-07-29 09:59:31,24400.0,100,Buy,226908106
2024-07-29 09:59:34,24350.0,200,Sell,226908153
2024-07-29 09:59:47,24350.0,50000,Sell,226908345
2024-07-29 09:59:56,24350.0,400,Sell,226908455
2024-07-29 10:00:07,24350.0,1100,Sell,226908677
2024-07-29 10:00:35,24350.0,1500,Sell,226909176
2024-07-29 10:00:58,24400.0,300,Buy,226909587
2024-07-29 10:01:21,24400.0,300,Buy,226909943
2024-07-29 10:01:38,24400.0,500,Buy,226910183
2024-07-29 10:01:45,24400.0,100,Buy,226910322
2024-07-29 10:01:50,24400.0,200,Buy,226910404
2024-07-29 10:02:08,24400.0,200,Buy,226910814
2024-07-29 10:02:09,24400.0,500,Buy,226910835
2024-07-29 10:02:15,24400.0,200,Buy,226910983
2024-07-29 10:02:16,24400.0,300,Buy,226911005
2024-07-29 10:02:27,24400.0,5000,Buy,226911217
2024-07-29 10:02:30,24400.0,200,Buy,226911284
2024-07-29 10:03:04,24400.0,1000,Buy,226912022
2024-07-29 10:03:41,24400.0,100,Buy,226912733
2024-07-29 10:03:41,24400.0,100,Buy,226912724
2024-07-29 10:03:41,24400.0,5500,Buy,226912732
2024-07-29 10:03:41,24400.0,9100,Buy,226912731
2024-07-29 10:03:41,24400.0,900,Buy,226912730
2024-07-29 10:03:41,24400.0,500,Buy,226912729
2024-07-29 10:03:41,24400.0,2000,Buy,226912728
2024-07-29 10:03:41,24400.0,5000,Buy,226912727
2024-07-29 10:03:41,24400.0,700,Buy,226912726
2024-07-29 10:03:41,24400.0,500,Buy,226912725
2024-07-29 10:03:41,24400.0,1000,Buy,226912723
2024-07-29 10:03:41,24400.0,300,Buy,226912714
2024-07-29 10:03:41,24400.0,100,Buy,226912721
2024-07-29 10:03:41,24400.0,100,Buy,226912722
2024-07-29 10:03:41,24400.0,17000,Buy,226912711
2024-07-29 10:03:41,24400.0,5000,Buy,226912713
2024-07-29 10:03:41,24400.0,2000,Buy,226912715
2024-07-29 10:03:41,24400.0,500,Buy,226912712
2024-07-29 10:03:41,24400.0,500,Buy,226912717
2024-07-29 10:03:41,24400.0,1200,Buy,226912720
2024-07-29 10:03:41,24400.0,200,Buy,226912718
2024-07-29 10:03:41,24400.0,100,Buy,226912719
2024-07-29 10:03:41,24400.0,500,Buy,226912716
2024-07-29 10:03:52,24350.0,2000,Sell,226912883
2024-07-29 10:04:08,24400.0,100,Buy,226913164
2024-07-29 10:04:08,24400.0,500,Buy,226913165
2024-07-29 10:04:08,24400.0,700,Buy,226913166
2024-07-29 10:04:33,24400.0,100,Buy,226913696
2024-07-29 10:04:37,24350.0,200,Sell,226913819
2024-07-29 10:04:37,24350.0,8500,Sell,226913818
2024-07-29 10:04:37,24350.0,400,Sell,226913821
2024-07-29 10:04:37,24350.0,500,Sell,226913817
2024-07-29 10:04:37,24350.0,700,Sell,226913816
2024-07-29 10:04:37,24350.0,600,Sell,226913820
2024-07-29 10:04:37,24350.0,600,Sell,226913815
2024-07-29 10:04:37,24350.0,1600,Sell,226913810
2024-07-29 10:04:37,24350.0,300,Sell,226913813
2024-07-29 10:04:37,24350.0,200,Sell,226913811
2024-07-29 10:04:37,24350.0,500,Sell,226913822
2024-07-29 10:04:37,24350.0,10000,Sell,226913808
2024-07-29 10:04:37,24350.0,100,Sell,226913807
2024-07-29 10:04:37,24350.0,1000,Sell,226913806
2024-07-29 10:04:37,24350.0,200,Sell,226913805
2024-07-29 10:04:37,24350.0,100000,Sell,226913814
2024-07-29 10:04:37,24350.0,200,Sell,226913831
2024-07-29 10:04:37,24350.0,200,Sell,226913835
2024-07-29 10:04:37,24350.0,4000,Sell,226913833
2024-07-29 10:04:37,24350.0,4000,Sell,226913850
2024-07-29 10:04:37,24350.0,100,Sell,226913849
2024-07-29 10:04:37,24350.0,100,Sell,226913848
2024-07-29 10:04:37,24350.0,200,Sell,226913847
2024-07-29 10:04:37,24350.0,200,Sell,226913846
2024-07-29 10:04:37,24350.0,100,Sell,226913845
2024-07-29 10:04:37,24350.0,5000,Sell,226913844
2024-07-29 10:04:37,24350.0,500,Sell,226913843
2024-07-29 10:04:37,24350.0,100,Sell,226913842
2024-07-29 10:04:37,24350.0,200,Sell,226913841
2024-07-29 10:04:37,24350.0,500,Sell,226913840
2024-07-29 10:04:37,24350.0,200,Sell,226913839
2024-07-29 10:04:37,24350.0,300,Sell,226913838
2024-07-29 10:04:37,24350.0,1200,Sell,226913837
2024-07-29 10:04:37,24350.0,1000,Sell,226913836
2024-07-29 10:04:37,24350.0,1700,Sell,226913804
2024-07-29 10:04:37,24350.0,1000,Sell,226913834
2024-07-29 10:04:37,24350.0,4000,Sell,226913832
2024-07-29 10:04:37,24350.0,200,Sell,226913803
2024-07-29 10:04:37,24350.0,10000,Sell,226913812
2024-07-29 10:04:37,24350.0,500,Sell,226913801
2024-07-29 10:04:37,24350.0,1800,Sell,226913779
2024-07-29 10:04:37,24350.0,500,Sell,226913778
2024-07-29 10:04:37,24350.0,700,Sell,226913777
2024-07-29 10:04:37,24350.0,100,Sell,226913776
2024-07-29 10:04:37,24350.0,2000,Sell,226913770
2024-07-29 10:04:37,24350.0,400,Sell,226913769
2024-07-29 10:04:37,24350.0,10000,Sell,226913768
2024-07-29 10:04:37,24350.0,1900,Sell,226913780
2024-07-29 10:04:37,24350.0,200,Sell,226913767
2024-07-29 10:04:37,24350.0,2500,Sell,226913765
2024-07-29 10:04:37,24350.0,1000,Sell,226913764
2024-07-29 10:04:37,24350.0,1000,Sell,226913802
2024-07-29 10:04:37,24350.0,30000,Sell,226913762
2024-07-29 10:04:37,24350.0,1000,Sell,226913761
2024-07-29 10:04:37,24350.0,5000,Sell,226913760
2024-07-29 10:04:37,24350.0,11700,Sell,226913759
2024-07-29 10:04:37,24350.0,200,Sell,226913766
2024-07-29 10:04:37,24350.0,200,Sell,226913781
2024-07-29 10:04:37,24350.0,100,Sell,226913763
2024-07-29 10:04:37,24350.0,1500,Sell,226913783
2024-07-29 10:04:37,24350.0,5000,Sell,226913782
2024-07-29 10:04:37,24350.0,300,Sell,226913800
2024-07-29 10:04:37,24350.0,500,Sell,226913799
2024-07-29 10:04:37,24350.0,100,Sell,226913798
2024-07-29 10:04:37,24350.0,2200,Sell,226913797
2024-07-29 10:04:37,24350.0,100,Sell,226913796
2024-07-29 10:04:37,24350.0,500,Sell,226913795
2024-07-29 10:04:37,24350.0,500,Sell,226913794
2024-07-29 10:04:37,24350.0,300,Sell,226913793
2024-07-29 10:04:37,24350.0,100,Sell,226913809
2024-07-29 10:04:37,24350.0,500,Sell,226913791
2024-07-29 10:04:37,24350.0,3000,Sell,226913790
2024-07-29 10:04:37,24350.0,500,Sell,226913789
2024-07-29 10:04:37,24350.0,24600,Sell,226913788
2024-07-29 10:04:37,24350.0,300,Sell,226913787
2024-07-29 10:04:37,24350.0,10000,Sell,226913786
2024-07-29 10:04:37,24350.0,200,Sell,226913785
2024-07-29 10:04:37,24350.0,200,Sell,226913792
2024-07-29 10:04:37,24350.0,2900,Sell,226913784
2024-07-29 10:04:53,24350.0,15500,Buy,226914235
2024-07-29 10:04:53,24350.0,1800,Buy,226914236
2024-07-29 10:05:02,24350.0,100,Sell,226914389
2024-07-29 10:05:03,24350.0,200,Sell,226914394
2024-07-29 10:05:10,24350.0,300,Sell,226914495
2024-07-29 10:05:14,24350.0,1000,Sell,226914561
2024-07-29 10:05:27,24350.0,100,Sell,226914788
2024-07-29 10:05:33,24400.0,100,Buy,226914886
2024-07-29 10:05:39,24350.0,4000,Sell,226914991
2024-07-29 10:05:39,24350.0,6000,Sell,226914982
2024-07-29 10:05:49,24350.0,1000,Sell,226915197
2024-07-29 10:05:49,24350.0,49000,Sell,226915198
2024-07-29 10:05:50,24350.0,1000,Sell,226915209
2024-07-29 10:05:50,24350.0,500,Sell,226915210
2024-07-29 10:05:50,24350.0,1700,Sell,226915211
2024-07-29 10:05:52,24350.0,100,Sell,226915249
2024-07-29 10:05:59,24350.0,500,Sell,226915363
2024-07-29 10:06:15,24350.0,800,Sell,226915621
2024-07-29 10:06:15,24350.0,5000,Sell,226915622
2024-07-29 10:06:15,24350.0,700,Sell,226915617
2024-07-29 10:06:15,24350.0,300,Sell,226915618
2024-07-29 10:06:30,24350.0,2000,Buy,226915818
2024-07-29 10:06:32,24350.0,200,Buy,226915845
2024-07-29 10:06:35,24350.0,1000,Buy,226915909
2024-07-29 10:06:39,24350.0,800,Buy,226915961
2024-07-29 10:07:07,24350.0,200,Buy,226916382
2024-07-29 10:07:40,24300.0,200,Sell,226916942
2024-07-29 10:07:41,24350.0,300,Buy,226916961
2024-07-29 10:07:43,24350.0,800,Buy,226916987
2024-07-29 10:07:49,24300.0,800,Sell,226917066
2024-07-29 10:07:49,24300.0,4200,Sell,226917067
2024-07-29 10:08:40,24300.0,1000,Sell,226917946
2024-07-29 10:08:40,24300.0,1000,Sell,226917947
2024-07-29 10:08:40,24300.0,100,Sell,226917948
2024-07-29 10:08:40,24300.0,1000,Sell,226917949
2024-07-29 10:08:40,24300.0,500,Sell,226917950
2024-07-29 10:08:40,24300.0,200,Sell,226917951
2024-07-29 10:08:40,24300.0,200,Sell,226917952
2024-07-29 10:08:40,24300.0,5000,Sell,226917953
2024-07-29 10:08:40,24300.0,1000,Sell,226917954
2024-07-29 10:08:40,24300.0,10000,Sell,226917955
2024-07-29 10:08:40,24300.0,100,Sell,226917956
2024-07-29 10:08:40,24300.0,100,Sell,226917957
2024-07-29 10:08:40,24300.0,200,Sell,226917958
2024-07-29 10:08:40,24300.0,800,Sell,226917959
2024-07-29 10:08:40,24300.0,5000,Sell,226917960
2024-07-29 10:08:40,24300.0,10000,Sell,226917962
2024-07-29 10:08:40,24300.0,200,Sell,226917963
2024-07-29 10:08:40,24300.0,3000,Sell,226917964
2024-07-29 10:08:40,24300.0,200,Sell,226917965
2024-07-29 10:08:40,24300.0,800,Sell,226917966
2024-07-29 10:08:40,24300.0,100,Sell,226917967
2024-07-29 10:08:40,24300.0,5000,Sell,226917968
2024-07-29 10:08:40,24300.0,6000,Sell,226917969
2024-07-29 10:08:40,24300.0,800,Sell,226917970
2024-07-29 10:08:40,24300.0,100,Sell,226917971
2024-07-29 10:08:40,24300.0,300,Sell,226917972
2024-07-29 10:08:40,24300.0,10000,Sell,226917973
2024-07-29 10:08:40,24300.0,200,Sell,226917974
2024-07-29 10:08:40,24300.0,1000,Sell,226917975
2024-07-29 10:08:40,24300.0,2000,Sell,226917945
2024-07-29 10:08:40,24300.0,100,Sell,226917944
2024-07-29 10:08:40,24300.0,5800,Sell,226917912
2024-07-29 10:08:40,24300.0,700,Sell,226917942
2024-07-29 10:08:40,24300.0,2400,Sell,226917943
2024-07-29 10:08:40,24300.0,200,Sell,226917913
2024-07-29 10:08:40,24300.0,200,Sell,226917914
2024-07-29 10:08:40,24300.0,2000,Sell,226917915
2024-07-29 10:08:40,24300.0,500,Sell,226917916
2024-07-29 10:08:40,24300.0,300,Sell,226917917
2024-07-29 10:08:40,24300.0,2000,Sell,226917918
2024-07-29 10:08:40,24300.0,500,Sell,226917919
2024-07-29 10:08:40,24300.0,1000,Sell,226917920
2024-07-29 10:08:40,24300.0,100,Sell,226917921
2024-07-29 10:08:40,24300.0,500,Sell,226917922
2024-07-29 10:08:40,24300.0,200,Sell,226917923
2024-07-29 10:08:40,24300.0,2000,Sell,226917924
2024-07-29 10:08:40,24300.0,100,Sell,226917925
2024-07-29 10:08:40,24300.0,100,Sell,226917926
2024-07-29 10:08:40,24300.0,1900,Sell,226917976
2024-07-29 10:08:40,24300.0,2000,Sell,226917928
2024-07-29 10:08:40,24300.0,500,Sell,226917927
2024-07-29 10:08:40,24300.0,1500,Sell,226917940
2024-07-29 10:08:40,24300.0,900,Sell,226917939
2024-07-29 10:08:40,24300.0,500,Sell,226917938
2024-07-29 10:08:40,24300.0,200,Sell,226917937
2024-07-29 10:08:40,24300.0,1000,Sell,226917936
2024-07-29 10:08:40,24300.0,1000,Sell,226917941
2024-07-29 10:08:40,24300.0,200,Sell,226917934
2024-07-29 10:08:40,24300.0,200,Sell,226917933
2024-07-29 10:08:40,24300.0,100,Sell,226917932
2024-07-29 10:08:40,24300.0,5000,Sell,226917931
2024-07-29 10:08:40,24300.0,100,Sell,226917930
2024-07-29 10:08:40,24300.0,100,Sell,226917929
2024-07-29 10:08:40,24300.0,200,Sell,226917935
2024-07-29 10:08:45,24300.0,1600,Sell,226918062
2024-07-29 10:08:45,24300.0,1000,Sell,226918061
2024-07-29 10:08:45,24300.0,200,Sell,226918059
2024-07-29 10:08:45,24300.0,100,Sell,226918058
2024-07-29 10:08:45,24300.0,100,Sell,226918060
2024-07-29 10:08:49,24300.0,200,Sell,226918147
2024-07-29 10:08:55,24300.0,200,Sell,226918322
2024-07-29 10:09:05,24300.0,500,Sell,226918440
2024-07-29 10:09:05,24350.0,5000,Buy,226918441
2024-07-29 10:09:06,24350.0,100,Buy,226918465
2024-07-29 10:09:29,24300.0,40100,Sell,226918853
2024-07-29 10:09:29,24300.0,5800,Sell,226918848
2024-07-29 10:09:29,24300.0,400,Sell,226918849
2024-07-29 10:09:29,24300.0,1000,Sell,226918850
2024-07-29 10:09:29,24300.0,5000,Sell,226918851
2024-07-29 10:09:29,24300.0,500,Sell,226918852
2024-07-29 10:09:34,24300.0,200,Sell,226918914
2024-07-29 10:09:42,24300.0,1200,Sell,226919064
2024-07-29 10:09:49,24300.0,1600,Sell,226919173
2024-07-29 10:09:49,24300.0,200,Sell,226919174
2024-07-29 10:09:49,24300.0,100,Sell,226919175
2024-07-29 10:09:49,24300.0,300,Sell,226919176
2024-07-29 10:09:49,24300.0,400,Sell,226919177
2024-07-29 10:09:49,24300.0,3000,Sell,226919178
2024-07-29 10:09:49,24300.0,200,Sell,226919179
2024-07-29 10:09:49,24300.0,100,Sell,226919180
2024-07-29 10:09:49,24300.0,100,Sell,226919181
2024-07-29 10:09:49,24300.0,4000,Sell,226919172
2024-07-29 10:09:49,24300.0,700,Sell,226919149
2024-07-29 10:09:49,24300.0,300,Sell,226919184
2024-07-29 10:09:49,24300.0,200,Sell,226919185
2024-07-29 10:09:49,24300.0,1000,Sell,226919186
2024-07-29 10:09:49,24300.0,5000,Sell,226919187
2024-07-29 10:09:49,24300.0,100,Sell,226919188
2024-07-29 10:09:49,24300.0,1700,Sell,226919189
2024-07-29 10:09:49,24300.0,1000,Sell,226919190
2024-07-29 10:09:49,24300.0,5400,Sell,226919191
2024-07-29 10:09:49,24300.0,1000,Sell,226919192
2024-07-29 10:09:49,24300.0,3000,Sell,226919183
2024-07-29 10:09:49,24300.0,300,Sell,226919182
2024-07-29 10:09:49,24300.0,2000,Sell,226919171
2024-07-29 10:09:49,24300.0,1500,Sell,226919169
2024-07-29 10:09:49,24300.0,57800,Sell,226919150
2024-07-29 10:09:49,24300.0,100,Sell,226919151
2024-07-29 10:09:49,24300.0,500,Sell,226919152
2024-07-29 10:09:49,24300.0,500,Sell,226919153
2024-07-29 10:09:49,24300.0,500,Sell,226919154
2024-07-29 10:09:49,24300.0,100,Sell,226919193
2024-07-29 10:09:49,24300.0,10000,Sell,226919156
2024-07-29 10:09:49,24300.0,100,Sell,226919157
2024-07-29 10:09:49,24300.0,100,Sell,226919158
2024-07-29 10:09:49,24300.0,100,Sell,226919159
2024-07-29 10:09:49,24300.0,5000,Sell,226919160
2024-07-29 10:09:49,24300.0,20000,Sell,226919161
2024-07-29 10:09:49,24300.0,300,Sell,226919162
2024-07-29 10:09:49,24300.0,2000,Sell,226919163
2024-07-29 10:09:49,24300.0,500,Sell,226919164
2024-07-29 10:09:49,24300.0,9400,Sell,226919165
2024-07-29 10:09:49,24300.0,100,Sell,226919166
2024-07-29 10:09:49,24300.0,100,Sell,226919167
2024-07-29 10:09:49,24300.0,200,Sell,226919168
2024-07-29 10:09:49,24300.0,11000,Sell,226919170
2024-07-29 10:09:49,24300.0,400,Sell,226919155
2024-07-29 10:09:57,24300.0,2000,Buy,226919318
2024-07-29 10:10:00,24300.0,4000,Buy,226919352
2024-07-29 10:10:02,24300.0,5000,Buy,226919394
2024-07-29 10:10:02,24250.0,400,Sell,226919386
2024-07-29 10:10:02,24250.0,2000,Sell,226919385
2024-07-29 10:10:02,24250.0,100,Sell,226919384
2024-07-29 10:10:02,24300.0,3400,Buy,226919376
2024-07-29 10:10:02,24250.0,100,Sell,226919382
2024-07-29 10:10:02,24250.0,100,Sell,226919381
2024-07-29 10:10:02,24250.0,100,Sell,226919380
2024-07-29 10:10:02,24250.0,200,Sell,226919379
2024-07-29 10:10:02,24250.0,2000,Sell,226919383
2024-07-29 10:10:10,24300.0,100,Buy,226919530
2024-07-29 10:10:12,24300.0,100,Buy,226919544
2024-07-29 10:10:15,24300.0,100,Buy,226919568
2024-07-29 10:10:17,24300.0,300,Buy,226919604
2024-07-29 10:10:19,24300.0,100,Buy,226919617
2024-07-29 10:10:21,24300.0,1000,Buy,226919642
2024-07-29 10:10:28,24300.0,600,Buy,226919781
2024-07-29 10:10:29,24300.0,100,Buy,226919800
2024-07-29 10:10:31,24300.0,100,Buy,226919820
2024-07-29 10:10:35,24300.0,1000,Buy,226919886
2024-07-29 10:10:47,24250.0,100,Sell,226920042
2024-07-29 10:10:47,24250.0,900,Sell,226920043
2024-07-29 10:10:55,24300.0,100,Buy,226920135
2024-07-29 10:11:00,24300.0,2500,Buy,226920202
2024-07-29 10:11:00,24300.0,100,Buy,226920203
2024-07-29 10:11:00,24300.0,10000,Buy,226920201
2024-07-29 10:11:00,24300.0,400,Buy,226920204
2024-07-29 10:11:00,24300.0,2000,Buy,226920199
2024-07-29 10:11:00,24300.0,1000,Buy,226920198
2024-07-29 10:11:00,24300.0,1900,Buy,226920197
2024-07-29 10:11:00,24300.0,1000,Buy,226920200
2024-07-29 10:11:00,24300.0,30700,Buy,226920196
2024-07-29 10:11:22,24300.0,1100,Sell,226920515
2024-07-29 10:11:22,24300.0,200,Sell,226920514
2024-07-29 10:11:22,24300.0,200,Sell,226920513
2024-07-29 10:11:22,24300.0,400,Sell,226920511
2024-07-29 10:11:22,24300.0,100,Sell,226920512
2024-07-29 10:11:25,24300.0,2000,Sell,226920561
2024-07-29 10:11:47,24350.0,100,Buy,226920876
2024-07-29 10:11:56,24300.0,200,Sell,226921018
2024-07-29 10:12:07,24300.0,3000,Sell,226921134
2024-07-29 10:12:23,24300.0,500,Sell,226921344
2024-07-29 10:12:23,24300.0,400,Sell,226921351
2024-07-29 10:12:25,24350.0,200,Buy,226921364
2024-07-29 10:12:26,24300.0,1000,Sell,226921383
2024-07-29 10:12:32,24300.0,100,Sell,226921481
2024-07-29 10:12:33,24300.0,500,Sell,226921504
2024-07-29 10:12:44,24300.0,1000,Sell,226921701
2024-07-29 10:13:09,24300.0,300,Sell,226922130
2024-07-29 10:13:26,24350.0,7300,Buy,226922375
2024-07-29 10:14:06,24350.0,6900,Buy,226922885
2024-07-29 10:14:12,24300.0,1000,Sell,226922964
2024-07-29 10:14:26,24300.0,100,Sell,226923187
2024-07-29 10:14:26,24350.0,3000,Buy,226923189
2024-07-29 10:15:02,24350.0,4300,Buy,226923671
2024-07-29 10:15:02,24350.0,10700,Buy,226923672
2024-07-29 10:15:10,24350.0,200,Buy,226923747
2024-07-29 10:15:19,24300.0,100,Sell,226923884
2024-07-29 10:15:21,24300.0,800,Sell,226923951
2024-07-29 10:15:39,24350.0,1000,Buy,226924184
2024-07-29 10:15:42,24300.0,500,Sell,226924266
2024-07-29 10:15:47,24300.0,200,Sell,226924315
2024-07-29 10:15:51,24300.0,10000,Sell,226924433
2024-07-29 10:16:07,24350.0,3000,Buy,226924645
2024-07-29 10:16:13,24350.0,100,Buy,226924795
2024-07-29 10:16:26,24300.0,500,Sell,226925038
2024-07-29 10:16:26,24300.0,600,Sell,226925039
2024-07-29 10:16:26,24300.0,500,Sell,226925040
2024-07-29 10:16:26,24300.0,100,Sell,226925041
2024-07-29 10:16:26,24300.0,1100,Sell,226925042
2024-07-29 10:16:26,24300.0,200,Sell,226925046
2024-07-29 10:16:26,24300.0,27200,Sell,226925037
2024-07-29 10:16:37,24300.0,1000,Sell,226925196
2024-07-29 10:16:37,24300.0,3000,Sell,226925197
2024-07-29 10:16:37,24300.0,100,Sell,226925198
2024-07-29 10:16:37,24300.0,200,Sell,226925199
2024-07-29 10:16:37,24300.0,700,Sell,226925200
2024-07-29 10:16:38,24350.0,400,Buy,226925209
2024-07-29 10:16:55,24350.0,2000,Buy,226925521
2024-07-29 10:17:02,24350.0,1000,Buy,226925711
2024-07-29 10:17:37,24350.0,1600,Buy,226926358
2024-07-29 10:17:43,24350.0,200,Buy,226926427
2024-07-29 10:18:01,24300.0,60000,Sell,226926685
2024-07-29 10:18:03,24350.0,4800,Buy,226926718
2024-07-29 10:18:03,24350.0,200,Buy,226926719
2024-07-29 10:18:03,24350.0,1800,Buy,226926720
2024-07-29 10:18:03,24350.0,200,Buy,226926721
2024-07-29 10:18:03,24350.0,23000,Buy,226926722
2024-07-29 10:18:05,24350.0,100,Buy,226926751
2024-07-29 10:18:08,24300.0,2000,Sell,226926799
2024-07-29 10:18:21,24300.0,3300,Sell,226927005
2024-07-29 10:18:42,24300.0,500,Sell,226927252
2024-07-29 10:18:49,24350.0,1500,Buy,226927359
2024-07-29 10:18:53,24300.0,100,Sell,226927423
2024-07-29 10:19:17,24350.0,300,Buy,226927833
2024-07-29 10:19:25,24300.0,500,Sell,226927916
2024-07-29 10:19:36,24300.0,100,Sell,226928062
2024-07-29 10:19:41,24350.0,100,Buy,226928152
2024-07-29 10:19:57,24300.0,100,Sell,226928323
2024-07-29 10:20:07,24300.0,200,Sell,226928463
2024-07-29 10:20:08,24300.0,100,Sell,226928480
2024-07-29 10:20:14,24300.0,1000,Sell,226928563
2024-07-29 10:20:20,24300.0,200,Sell,226928674
2024-07-29 10:20:21,24300.0,300,Sell,226928682
2024-07-29 10:20:27,24300.0,500,Sell,226928748
2024-07-29 10:20:28,24300.0,100,Sell,226928768
2024-07-29 10:20:42,24300.0,100,Sell,226928968
2024-07-29 10:21:12,24300.0,3000,Sell,226929474
2024-07-29 10:21:27,24300.0,2000,Sell,226929730
2024-07-29 10:21:35,24300.0,24700,Sell,226929854
2024-07-29 10:21:35,24300.0,100,Sell,226929853
2024-07-29 10:21:35,24300.0,25200,Sell,226929852
2024-07-29 10:21:38,24300.0,1100,Sell,226929923
2024-07-29 10:21:38,24300.0,200,Sell,226929922
2024-07-29 10:21:38,24300.0,100,Sell,226929921
2024-07-29 10:21:38,24300.0,1000,Sell,226929920
2024-07-29 10:21:38,24300.0,500,Sell,226929911
2024-07-29 10:21:38,24300.0,700,Sell,226929918
2024-07-29 10:21:38,24300.0,300,Sell,226929917
2024-07-29 10:21:38,24300.0,100,Sell,226929916
2024-07-29 10:21:38,24300.0,4000,Sell,226929915
2024-07-29 10:21:38,24300.0,1000,Sell,226929914
2024-07-29 10:21:38,24300.0,1200,Sell,226929913
2024-07-29 10:21:38,24300.0,500,Sell,226929912
2024-07-29 10:21:38,24300.0,500,Sell,226929910
2024-07-29 10:21:38,24300.0,20000,Sell,226929919
2024-07-29 10:21:38,24300.0,200,Sell,226929908
2024-07-29 10:21:38,24300.0,100,Sell,226929893
2024-07-29 10:21:38,24300.0,25200,Sell,226929896
2024-07-29 10:21:38,24300.0,1000,Sell,226929897
2024-07-29 10:21:38,24300.0,100,Sell,226929898
2024-07-29 10:21:38,24300.0,30000,Sell,226929899
2024-07-29 10:21:38,24300.0,500,Sell,226929900
2024-07-29 10:21:38,24300.0,10000,Sell,226929909
2024-07-29 10:21:38,24300.0,100,Sell,226929902
2024-07-29 10:21:38,24300.0,100,Sell,226929907
2024-07-29 10:21:38,24300.0,200,Sell,226929906
2024-07-29 10:21:38,24300.0,4300,Sell,226929901
2024-07-29 10:21:38,24300.0,2000,Sell,226929904
2024-07-29 10:21:38,24300.0,1800,Sell,226929903
2024-07-29 10:21:38,24300.0,300,Sell,226929905
2024-07-29 10:21:39,24300.0,400,Sell,226929936
2024-07-29 10:21:39,24300.0,100,Sell,226929937
2024-07-29 10:21:40,24300.0,100,Sell,226929944
2024-07-29 10:21:42,24300.0,500,Sell,226929973
2024-07-29 10:21:44,24300.0,100,Sell,226929990
2024-07-29 10:21:44,24300.0,100,Sell,226929991
2024-07-29 10:21:47,24300.0,400,Sell,226930047
2024-07-29 10:21:47,24300.0,100,Sell,226930046
2024-07-29 10:21:47,24300.0,100,Sell,226930045
2024-07-29 10:21:47,24300.0,2100,Sell,226930044
2024-07-29 10:21:47,24300.0,500,Sell,226930043
2024-07-29 10:21:47,24300.0,100,Sell,226930042
2024-07-29 10:21:47,24300.0,100,Sell,226930041
2024-07-29 10:21:47,24300.0,200,Sell,226930037
2024-07-29 10:21:47,24300.0,500,Sell,226930039
2024-07-29 10:21:47,24300.0,100,Sell,226930038
2024-07-29 10:21:47,24300.0,1000,Sell,226930036
2024-07-29 10:21:47,24300.0,1100,Sell,226930034
2024-07-29 10:21:47,24300.0,5000,Sell,226930033
2024-07-29 10:21:47,24300.0,200,Sell,226930032
2024-07-29 10:21:47,24300.0,100,Sell,226930040
2024-07-29 10:21:47,24300.0,400,Sell,226930035
2024-07-29 10:21:49,24300.0,200,Buy,226930119
2024-07-29 10:21:51,24300.0,5000,Buy,226930143
2024-07-29 10:21:57,24300.0,10000,Buy,226930248
2024-07-29 10:22:09,24300.0,1000,Buy,226930458
2024-07-29 10:22:10,24300.0,100,Buy,226930486
2024-07-29 10:22:21,24300.0,1700,Buy,226930628
2024-07-29 10:22:21,24300.0,300,Buy,226930629
2024-07-29 10:22:28,24300.0,200,Buy,226931029
2024-07-29 10:22:28,24300.0,1800,Buy,226931030
2024-07-29 10:22:29,24300.0,1000,Buy,226931038
2024-07-29 10:22:37,24300.0,1000,Buy,226931140
2024-07-29 10:22:48,24300.0,500,Buy,226931675
2024-07-29 10:22:49,24300.0,800,Buy,226931679
2024-07-29 10:22:59,24250.0,100,Sell,226931904
2024-07-29 10:22:59,24250.0,200,Sell,226931907
2024-07-29 10:22:59,24250.0,200,Sell,226931908
2024-07-29 10:22:59,24250.0,500,Sell,226931909
2024-07-29 10:22:59,24250.0,100,Sell,226931911
2024-07-29 10:22:59,24250.0,100,Sell,226931910
2024-07-29 10:22:59,24250.0,500,Sell,226931905
2024-07-29 10:22:59,24250.0,500,Sell,226931912
2024-07-29 10:22:59,24250.0,100,Sell,226931917
2024-07-29 10:22:59,24250.0,10000,Sell,226931914
2024-07-29 10:22:59,24250.0,3300,Sell,226931915
2024-07-29 10:22:59,24250.0,100,Sell,226931916
2024-07-29 10:22:59,24250.0,200,Sell,226931918
2024-07-29 10:22:59,24250.0,200,Sell,226931919
2024-07-29 10:22:59,24250.0,5000,Sell,226931920
2024-07-29 10:22:59,24250.0,10000,Sell,226931921
2024-07-29 10:22:59,24250.0,400,Sell,226931922
2024-07-29 10:22:59,24250.0,300,Sell,226931913
2024-07-29 10:22:59,24250.0,1000,Sell,226931903
2024-07-29 10:22:59,24250.0,500,Sell,226931906
2024-07-29 10:22:59,24250.0,100,Sell,226931897
2024-07-29 10:22:59,24250.0,4100,Sell,226931879
2024-07-29 10:22:59,24250.0,1000,Sell,226931880
2024-07-29 10:22:59,24250.0,100,Sell,226931881
2024-07-29 10:22:59,24250.0,1000,Sell,226931882
2024-07-29 10:22:59,24250.0,200,Sell,226931883
2024-07-29 10:22:59,24250.0,100,Sell,226931884
2024-07-29 10:22:59,24250.0,3000,Sell,226931885
2024-07-29 10:22:59,24250.0,100,Sell,226931886
2024-07-29 10:22:59,24250.0,5000,Sell,226931887
2024-07-29 10:22:59,24250.0,10000,Sell,226931898
2024-07-29 10:22:59,24250.0,200,Sell,226931889
2024-07-29 10:22:59,24250.0,300,Sell,226931890
2024-07-29 10:22:59,24250.0,100,Sell,226931891
2024-07-29 10:22:59,24250.0,300,Sell,226931892
2024-07-29 10:22:59,24250.0,100,Sell,226931893
2024-07-29 10:22:59,24250.0,1000,Sell,226931894
2024-07-29 10:22:59,24250.0,500,Sell,226931895
2024-07-29 10:22:59,24250.0,500,Sell,226931896
2024-07-29 10:22:59,24250.0,3000,Sell,226931888
2024-07-29 10:23:00,24250.0,40700,Sell,226931933
2024-07-29 10:23:00,24250.0,3800,Sell,226931932
2024-07-29 10:23:00,24250.0,100,Sell,226931930
2024-07-29 10:23:00,24250.0,200,Sell,226931929
2024-07-29 10:23:00,24250.0,100,Sell,226931928
2024-07-29 10:23:00,24250.0,1000,Sell,226931931
2024-07-29 10:23:09,24300.0,200,Buy,226932057
2024-07-29 10:23:27,24300.0,100,Buy,226932401
2024-07-29 10:23:47,24300.0,300,Buy,226932688
2024-07-29 10:23:53,24250.0,500,Sell,226932800
2024-07-29 10:23:53,24250.0,20300,Sell,226932802
2024-07-29 10:23:53,24250.0,100,Sell,226932801
2024-07-29 10:23:53,24250.0,100,Sell,226932799
2024-07-29 10:23:53,24250.0,20000,Sell,226932798
2024-07-29 10:23:53,24250.0,200,Sell,226932797
2024-07-29 10:23:53,24250.0,500,Sell,226932796
2024-07-29 10:23:53,24250.0,200,Sell,226932795
2024-07-29 10:23:53,24250.0,100,Sell,226932794
2024-07-29 10:23:53,24250.0,9300,Sell,226932793
2024-07-29 10:23:55,24250.0,100,Sell,226932815
2024-07-29 10:23:58,24300.0,400,Buy,226932878
2024-07-29 10:24:25,24250.0,20000,Sell,226933318
2024-07-29 10:24:35,24250.0,200,Sell,226933509
2024-07-29 10:25:25,24300.0,3700,Buy,226934108
2024-07-29 10:25:25,24300.0,1000,Buy,226934109
2024-07-29 10:25:25,24300.0,2300,Buy,226934110
2024-07-29 10:25:53,24250.0,100,Sell,226934566
2024-07-29 10:26:05,24300.0,100,Buy,226934737
2024-07-29 10:27:13,24300.0,100,Buy,226935770
2024-07-29 10:27:26,24250.0,2000,Sell,226935969
2024-07-29 10:27:32,24250.0,10000,Sell,226936031
2024-07-29 10:27:50,24250.0,10000,Sell,226936280
2024-07-29 10:28:11,24250.0,4000,Sell,226936614
2024-07-29 10:28:17,24250.0,500,Sell,226936698
2024-07-29 10:28:25,24250.0,500,Sell,226936848
2024-07-29 10:28:26,24250.0,5000,Sell,226936876
2024-07-29 10:28:26,24250.0,500,Sell,226936865
2024-07-29 10:28:26,24250.0,1000,Sell,226936866
2024-07-29 10:28:26,24250.0,100,Sell,226936867
2024-07-29 10:28:26,24250.0,10000,Sell,226936868
2024-07-29 10:28:26,24250.0,3000,Sell,226936869
2024-07-29 10:28:26,24250.0,100,Sell,226936870
2024-07-29 10:28:26,24250.0,100,Sell,226936871
2024-07-29 10:28:26,24250.0,100,Sell,226936872
2024-07-29 10:28:26,24250.0,200,Sell,226936873
2024-07-29 10:28:26,24250.0,100,Sell,226936874
2024-07-29 10:28:26,24250.0,100,Sell,226936875
2024-07-29 10:28:26,24250.0,12300,Sell,226936864
2024-07-29 10:29:01,24250.0,3000,Sell,226937367
2024-07-29 10:29:23,24250.0,800,Sell,226937762
2024-07-29 10:29:29,24250.0,200,Sell,226937848
2024-07-29 10:29:32,24250.0,9000,Sell,226937868
2024-07-29 10:29:32,24250.0,41000,Sell,226937867
2024-07-29 10:29:36,24250.0,400,Sell,226937960
2024-07-29 10:29:36,24250.0,700,Sell,226937959
2024-07-29 10:29:36,24250.0,300,Sell,226937958
2024-07-29 10:29:36,24250.0,500,Sell,226937956
2024-07-29 10:29:36,24250.0,100,Sell,226937955
2024-07-29 10:29:36,24250.0,500,Sell,226937954
2024-07-29 10:29:36,24250.0,100,Sell,226937957
2024-07-29 10:29:36,24250.0,200,Sell,226937952
2024-07-29 10:29:36,24250.0,200,Sell,226937951
2024-07-29 10:29:36,24250.0,100,Sell,226937950
2024-07-29 10:29:36,24250.0,200,Sell,226937949
2024-07-29 10:29:36,24250.0,100,Sell,226937948
2024-07-29 10:29:36,24250.0,4500,Sell,226937947
2024-07-29 10:29:36,24250.0,1000,Sell,226937946
2024-07-29 10:29:36,24250.0,100,Sell,226937953
2024-07-29 10:30:07,24250.0,100,Sell,226938408
2024-07-29 10:30:07,24250.0,1000,Sell,226938416
2024-07-29 10:30:07,24250.0,2000,Sell,226938415
2024-07-29 10:30:07,24250.0,5000,Sell,226938414
2024-07-29 10:30:07,24250.0,100,Sell,226938411
2024-07-29 10:30:07,24250.0,200,Sell,226938410
2024-07-29 10:30:07,24250.0,200,Sell,226938409
2024-07-29 10:30:07,24250.0,100,Sell,226938407
2024-07-29 10:30:07,24250.0,100,Sell,226938413
2024-07-29 10:30:07,24250.0,2000,Sell,226938405
2024-07-29 10:30:07,24250.0,5000,Sell,226938406
2024-07-29 10:30:07,24250.0,100,Sell,226938398
2024-07-29 10:30:07,24250.0,5000,Sell,226938399
2024-07-29 10:30:07,24250.0,3000,Sell,226938400
2024-07-29 10:30:07,24250.0,500,Sell,226938412
2024-07-29 10:30:07,24250.0,600,Sell,226938402
2024-07-29 10:30:07,24250.0,100,Sell,226938403
2024-07-29 10:30:07,24250.0,100,Sell,226938404
2024-07-29 10:30:07,24250.0,100,Sell,226938401
2024-07-29 10:30:16,24250.0,500,Buy,226938526
2024-07-29 10:30:18,24250.0,10000,Buy,226938548
2024-07-29 10:30:19,24250.0,100,Buy,226938556
2024-07-29 10:30:23,24250.0,100,Buy,226938645
2024-07-29 10:30:43,24250.0,2000,Buy,226938900
2024-07-29 10:30:48,24200.0,200,Sell,226938972
2024-07-29 10:30:48,24200.0,200,Sell,226938968
2024-07-29 10:30:48,24200.0,100,Sell,226938969
2024-07-29 10:30:48,24200.0,200,Sell,226938970
2024-07-29 10:30:48,24200.0,300,Sell,226938971
2024-07-29 10:30:48,24250.0,1000,Buy,226938974
2024-07-29 10:30:49,24200.0,1000,Sell,226938984
2024-07-29 10:30:54,24250.0,100,Buy,226939042
2024-07-29 10:30:56,24200.0,100,Sell,226939060
2024-07-29 10:31:02,24200.0,2700,Sell,226939127
2024-07-29 10:31:02,24200.0,2000,Sell,226939128
2024-07-29 10:31:02,24200.0,200,Sell,226939129
2024-07-29 10:31:02,24200.0,1000,Sell,226939130
2024-07-29 10:31:02,24200.0,100,Sell,226939131
2024-07-29 10:31:02,24250.0,900,Buy,226939132
2024-07-29 10:31:02,24250.0,10000,Buy,226939133
2024-07-29 10:31:02,24250.0,10000,Buy,226939134
2024-07-29 10:31:02,24250.0,7600,Buy,226939135
2024-07-29 10:31:02,24250.0,1500,Buy,226939136
2024-07-29 10:31:03,24250.0,3000,Buy,226939145
2024-07-29 10:31:07,24250.0,300,Buy,226939222
2024-07-29 10:31:13,24250.0,1000,Buy,226939292
2024-07-29 10:31:16,24250.0,2000,Buy,226939390
2024-07-29 10:31:17,24200.0,1600,Sell,226939393
2024-07-29 10:31:17,24200.0,400,Sell,226939391
2024-07-29 10:31:17,24200.0,200,Sell,226939392
2024-07-29 10:31:20,24250.0,200,Buy,226939438
2024-07-29 10:31:23,24250.0,100,Buy,226939465
2024-07-29 10:31:24,24250.0,900,Buy,226939483
2024-07-29 10:31:24,24250.0,500,Buy,226939484
2024-07-29 10:31:40,24250.0,8400,Sell,226939696
2024-07-29 10:31:40,24250.0,500,Sell,226939697
2024-07-29 10:31:40,24250.0,2000,Sell,226939698
2024-07-29 10:31:40,24250.0,9100,Sell,226939699
2024-07-29 10:31:44,24250.0,300,Sell,226939761
2024-07-29 10:31:49,24200.0,200,Sell,226939861
2024-07-29 10:31:49,24200.0,100,Sell,226939860
2024-07-29 10:31:49,24200.0,4000,Sell,226939859
2024-07-29 10:31:49,24200.0,5000,Sell,226939858
2024-07-29 10:31:49,24200.0,300,Sell,226939857
2024-07-29 10:31:49,24200.0,200,Sell,226939854
2024-07-29 10:31:49,24200.0,100,Sell,226939853
2024-07-29 10:31:49,24200.0,300,Sell,226939851
2024-07-29 10:31:49,24200.0,10000,Sell,226939849
2024-07-29 10:31:49,24200.0,100,Sell,226939848
2024-07-29 10:31:49,24200.0,1500,Sell,226939847
2024-07-29 10:31:49,24200.0,100,Sell,226939846
2024-07-29 10:31:49,24200.0,2400,Sell,226939845
2024-07-29 10:31:49,24250.0,600,Sell,226939844
2024-07-29 10:31:49,24200.0,100,Sell,226939852
2024-07-29 10:31:49,24200.0,5000,Sell,226939850
2024-07-29 10:31:53,24250.0,100,Buy,226939896
2024-07-29 10:32:01,24250.0,1000,Sell,226940025
2024-07-29 10:32:06,24250.0,400,Sell,226940082
2024-07-29 10:32:06,24250.0,500,Sell,226940083
2024-07-29 10:32:09,24250.0,100,Sell,226940116
2024-07-29 10:32:16,24250.0,1000,Sell,226940273
2024-07-29 10:32:32,24300.0,3300,Buy,226940468
2024-07-29 10:32:32,24300.0,16700,Buy,226940466
2024-07-29 10:32:32,24300.0,10000,Buy,226940467
2024-07-29 10:32:40,24250.0,1000,Sell,226940552
2024-07-29 10:32:59,24300.0,200,Buy,226940769
2024-07-29 10:32:59,24300.0,5200,Buy,226940770
2024-07-29 10:32:59,24300.0,500,Buy,226940771
2024-07-29 10:32:59,24300.0,1000,Buy,226940772
2024-07-29 10:32:59,24300.0,3100,Buy,226940773
2024-07-29 10:33:11,24250.0,1000,Sell,226940911
2024-07-29 10:33:11,24250.0,200,Sell,226940910
2024-07-29 10:33:11,24250.0,300,Sell,226940909
2024-07-29 10:33:11,24250.0,500,Sell,226940908
2024-07-29 10:33:11,24250.0,500,Sell,226940907
2024-07-29 10:33:11,24250.0,2400,Sell,226940906
2024-07-29 10:33:14,24300.0,200,Buy,226940945
2024-07-29 10:33:24,24300.0,16700,Buy,226941102
2024-07-29 10:33:24,24300.0,500,Buy,226941103
2024-07-29 10:33:24,24300.0,2800,Buy,226941104
2024-07-29 10:33:28,24300.0,10100,Buy,226941151
2024-07-29 10:33:28,24300.0,100,Buy,226941150
2024-07-29 10:33:28,24300.0,1000,Buy,226941149
2024-07-29 10:33:28,24300.0,100,Buy,226941148
2024-07-29 10:33:28,24300.0,600,Buy,226941143
2024-07-29 10:33:28,24300.0,5000,Buy,226941146
2024-07-29 10:33:28,24300.0,3000,Buy,226941145
2024-07-29 10:33:28,24300.0,10000,Buy,226941144
2024-07-29 10:33:28,24300.0,100,Buy,226941147
2024-07-29 10:33:40,24300.0,200,Buy,226941277
2024-07-29 10:33:59,24300.0,100,Buy,226941593
2024-07-29 10:33:59,24250.0,500,Sell,226941598
2024-07-29 10:34:00,24300.0,200,Buy,226941610
2024-07-29 10:34:02,24300.0,500,Sell,226941647
2024-07-29 10:34:02,24300.0,1000,Buy,226941642
2024-07-29 10:34:02,24300.0,5000,Buy,226941641
2024-07-29 10:34:02,24300.0,100,Buy,226941640
2024-07-29 10:34:02,24300.0,100,Buy,226941638
2024-07-29 10:34:02,24300.0,100,Buy,226941637
2024-07-29 10:34:02,24300.0,1100,Buy,226941635
2024-07-29 10:34:02,24300.0,1000,Buy,226941639
2024-07-29 10:34:02,24300.0,6000,Buy,226941636
2024-07-29 10:34:13,24300.0,5100,Sell,226941799
2024-07-29 10:34:28,24300.0,100,Buy,226941982
2024-07-29 10:34:34,24250.0,500,Sell,226942072
2024-07-29 10:35:06,24250.0,100,Sell,226942595
2024-07-29 10:35:24,24250.0,3000,Sell,226942899
2024-07-29 10:35:27,24250.0,500,Sell,226942935
2024-07-29 10:35:36,24250.0,2000,Sell,226943105
2024-07-29 10:35:58,24250.0,1000,Sell,226943390
2024-07-29 10:36:35,24250.0,100,Sell,226943823
2024-07-29 10:36:35,24250.0,2000,Sell,226943824
2024-07-29 10:36:56,24300.0,200,Buy,226944106
2024-07-29 10:37:03,24300.0,1000,Buy,226944173
2024-07-29 10:37:16,24250.0,100,Sell,226944343
2024-07-29 10:37:43,24250.0,400,Sell,226944694
2024-07-29 10:37:59,24300.0,2900,Buy,226944882
2024-07-29 10:38:16,24250.0,500,Sell,226945125
2024-07-29 10:39:04,24250.0,200,Sell,226945807
2024-07-29 10:39:20,24250.0,1000,Sell,226946089
2024-07-29 10:39:23,24250.0,2000,Sell,226946129
2024-07-29 10:39:33,24250.0,200,Sell,226946265
2024-07-29 10:39:44,24250.0,2000,Sell,226946522
2024-07-29 10:39:50,24250.0,100,Sell,226946607
2024-07-29 10:39:51,24250.0,500,Sell,226946626
2024-07-29 10:39:58,24250.0,1700,Sell,226946713
2024-07-29 10:40:02,24250.0,10600,Sell,226946814
2024-07-29 10:40:02,24250.0,200,Sell,226946815
2024-07-29 10:40:02,24250.0,100,Sell,226946816
2024-07-29 10:40:02,24250.0,3500,Sell,226946817
2024-07-29 10:40:15,24250.0,1000,Sell,226947133
2024-07-29 10:40:24,24250.0,600,Sell,226947305
2024-07-29 10:40:26,24300.0,700,Buy,226947346
2024-07-29 10:40:26,24300.0,1400,Buy,226947347
2024-07-29 10:40:27,24250.0,5000,Sell,226947359
2024-07-29 10:40:31,24250.0,1500,Sell,226947407
2024-07-29 10:40:37,24250.0,5000,Sell,226947503
2024-07-29 10:40:37,24300.0,100,Buy,226947499
2024-07-29 10:40:38,24250.0,1500,Sell,226947521
2024-07-29 10:40:51,24300.0,4000,Buy,226947646
2024-07-29 10:40:51,24300.0,1000,Buy,226947647
2024-07-29 10:40:51,24300.0,1000,Buy,226947648
2024-07-29 10:40:51,24300.0,4000,Buy,226947649
2024-07-29 10:40:53,24300.0,100,Buy,226947662
2024-07-29 10:40:58,24250.0,1000,Sell,226947745
2024-07-29 10:41:02,24250.0,500,Sell,226947764
2024-07-29 10:41:08,24250.0,500,Sell,226947847
2024-07-29 10:41:09,24250.0,200,Sell,226947854
2024-07-29 10:41:10,24250.0,1000,Sell,226947869
2024-07-29 10:41:11,24300.0,900,Buy,226947882
2024-07-29 10:41:11,24300.0,1100,Buy,226947883
2024-07-29 10:41:12,24250.0,2000,Sell,226947900
2024-07-29 10:41:13,24250.0,100,Sell,226947909
2024-07-29 10:41:19,24250.0,1000,Sell,226948035
2024-07-29 10:41:22,24300.0,1900,Buy,226948067
2024-07-29 10:41:22,24300.0,5000,Buy,226948068
2024-07-29 10:41:22,24300.0,1000,Buy,226948069
2024-07-29 10:41:22,24300.0,900,Buy,226948070
2024-07-29 10:41:22,24300.0,1000,Buy,226948071
2024-07-29 10:41:22,24300.0,1000,Buy,226948072
2024-07-29 10:41:22,24300.0,1800,Buy,226948073
2024-07-29 10:41:22,24300.0,400,Buy,226948074
2024-07-29 10:41:22,24300.0,100,Buy,226948075
2024-07-29 10:41:22,24300.0,10000,Buy,226948076
2024-07-29 10:41:22,24300.0,1000,Buy,226948077
2024-07-29 10:41:22,24300.0,600,Buy,226948078
2024-07-29 10:41:23,24300.0,300,Sell,226948083
2024-07-29 10:41:23,24250.0,4700,Sell,226948084
2024-07-29 10:41:29,24250.0,500,Sell,226948194
2024-07-29 10:41:29,24300.0,100,Sell,226948193
2024-07-29 10:41:46,24250.0,400,Sell,226948472
2024-07-29 10:41:54,24250.0,8000,Sell,226948571
2024-07-29 10:42:46,24250.0,1500,Sell,226949138
2024-07-29 10:43:21,24300.0,100,Sell,226949710
2024-07-29 10:43:30,24300.0,400,Buy,226949806
2024-07-29 10:43:30,24300.0,1400,Buy,226949808
2024-07-29 10:43:58,24300.0,500,Sell,226950219
2024-07-29 10:43:59,24300.0,3900,Sell,226950226
2024-07-29 10:43:59,24300.0,3000,Sell,226950227
2024-07-29 10:43:59,24300.0,3100,Sell,226950228
2024-07-29 10:44:04,24300.0,100,Sell,226950315
2024-07-29 10:44:19,24300.0,300,Sell,226950437
2024-07-29 10:44:19,24300.0,1900,Sell,226950448
2024-07-29 10:44:32,24300.0,500,Sell,226950580
2024-07-29 10:44:33,24300.0,600,Sell,226950584
2024-07-29 10:44:34,24300.0,200,Sell,226950594
2024-07-29 10:44:49,24300.0,700,Sell,226950816
2024-07-29 10:44:59,24300.0,400,Sell,226950942
2024-07-29 10:44:59,24300.0,2600,Sell,226950941
2024-07-29 10:45:15,24300.0,1600,Sell,226951150
2024-07-29 10:45:15,24300.0,400,Sell,226951151
2024-07-29 10:45:15,24300.0,600,Sell,226951154
2024-07-29 10:45:15,24300.0,500,Sell,226951155
2024-07-29 10:45:22,24250.0,500,Sell,226951226
2024-07-29 10:45:28,24250.0,2000,Sell,226951281
2024-07-29 10:45:42,24300.0,400,Buy,226951472
2024-07-29 10:45:58,24300.0,1000,Buy,226951704
2024-07-29 10:45:59,24250.0,1000,Sell,226951730
2024-07-29 10:46:27,24300.0,1000,Buy,226952087
2024-07-29 10:46:27,24300.0,500,Buy,226952088
2024-07-29 10:46:36,24250.0,700,Sell,226952228
2024-07-29 10:46:54,24250.0,5000,Sell,226952507
2024-07-29 10:46:55,24250.0,500,Sell,226952515
2024-07-29 10:47:00,24250.0,300,Sell,226952571
2024-07-29 10:47:09,24250.0,500,Sell,226952666
2024-07-29 10:47:59,24250.0,1000,Sell,226953238
2024-07-29 10:47:59,24250.0,1000,Sell,226953236
2024-07-29 10:47:59,24250.0,10000,Sell,226953237
2024-07-29 10:48:40,24250.0,300,Sell,226953743
2024-07-29 10:49:10,24300.0,100,Buy,226954324
2024-07-29 10:49:30,24300.0,300,Buy,226954657
2024-07-29 10:49:30,24300.0,300,Buy,226954658
2024-07-29 10:49:30,24300.0,500,Buy,226954659
2024-07-29 10:49:30,24300.0,900,Buy,226954660
2024-07-29 10:49:49,24300.0,100,Buy,226955018
2024-07-29 10:50:12,24300.0,2000,Buy,226955297
2024-07-29 10:51:02,24250.0,100,Sell,226955897
2024-07-29 10:51:07,24300.0,1200,Buy,226955967
2024-07-29 10:51:26,24250.0,2100,Sell,226956276
2024-07-29 10:51:26,24250.0,2700,Sell,226956274
2024-07-29 10:51:26,24250.0,200,Sell,226956275
2024-07-29 10:52:29,24250.0,100,Sell,226957290
2024-07-29 10:53:18,24250.0,700,Sell,226957903
2024-07-29 10:54:12,24250.0,200,Sell,226958649
2024-07-29 10:54:24,24300.0,300,Buy,226958820
2024-07-29 10:54:37,24300.0,300,Buy,226959025
2024-07-29 10:54:54,24250.0,400,Sell,226959199
2024-07-29 10:54:55,24300.0,100,Buy,226959216
2024-07-29 10:56:48,24300.0,500,Buy,226960878
2024-07-29 10:56:48,24300.0,100,Buy,226960877
2024-07-29 10:56:48,24300.0,2000,Buy,226960876
2024-07-29 10:56:48,24300.0,100,Buy,226960871
2024-07-29 10:56:48,24300.0,400,Buy,226960875
2024-07-29 10:56:48,24300.0,2500,Buy,226960874
2024-07-29 10:56:48,24300.0,100,Buy,226960873
2024-07-29 10:56:48,24300.0,1000,Buy,226960872
2024-07-29 10:56:48,24300.0,500,Buy,226960870
2024-07-29 10:56:48,24300.0,6300,Buy,226960862
2024-07-29 10:56:48,24300.0,15000,Buy,226960868
2024-07-29 10:56:48,24300.0,500,Buy,226960869
2024-07-29 10:56:48,24300.0,5100,Buy,226960855
2024-07-29 10:56:48,24300.0,1000,Buy,226960860
2024-07-29 10:56:48,24300.0,2400,Buy,226960863
2024-07-29 10:56:48,24300.0,1000,Buy,226960861
2024-07-29 10:56:48,24300.0,5000,Buy,226960864
2024-07-29 10:56:48,24300.0,1000,Buy,226960866
2024-07-29 10:56:48,24300.0,500,Buy,226960867
2024-07-29 10:56:48,24300.0,5000,Buy,226960865
2024-07-29 10:57:14,24300.0,500,Buy,226961186
2024-07-29 10:57:14,24300.0,1000,Buy,226961187
2024-07-29 10:57:14,24300.0,4600,Buy,226961188
2024-07-29 10:58:26,24300.0,1000,Buy,226961895
2024-07-29 10:58:26,24300.0,100,Buy,226961896
2024-07-29 10:58:33,24300.0,300,Buy,226961963
2024-07-29 10:58:33,24300.0,400,Buy,226961961
2024-07-29 10:58:33,24300.0,100,Buy,226961962
2024-07-29 10:59:23,24250.0,500,Sell,226962790
2024-07-29 10:59:48,24250.0,1000,Sell,226963078
2024-07-29 11:00:08,24300.0,500,Buy,226963361
2024-07-29 11:00:12,24300.0,1500,Buy,226963460
2024-07-29 11:00:26,24300.0,1600,Buy,226963587
2024-07-29 11:00:42,24300.0,300,Buy,226963826
2024-07-29 11:01:26,24300.0,200,Buy,226964348
2024-07-29 11:02:11,24300.0,200,Buy,226964881
2024-07-29 11:02:25,24300.0,2400,Buy,226965124
2024-07-29 11:02:56,24250.0,100,Sell,226965585
2024-07-29 11:03:08,24300.0,100,Buy,226965939
2024-07-29 11:03:36,24300.0,100,Buy,226966307
2024-07-29 11:03:37,24250.0,100,Sell,226966326
2024-07-29 11:04:03,24250.0,200,Sell,226966662
2024-07-29 11:04:07,24250.0,3800,Sell,226966704
2024-07-29 11:04:08,24250.0,1000,Sell,226966720
2024-07-29 11:04:23,24250.0,15000,Sell,226966936
2024-07-29 11:04:25,24250.0,300,Sell,226966955
2024-07-29 11:04:39,24250.0,3000,Sell,226967145
2024-07-29 11:04:39,24250.0,2000,Sell,226967146
2024-07-29 11:04:39,24250.0,200,Sell,226967147
2024-07-29 11:04:39,24250.0,2000,Sell,226967148
2024-07-29 11:04:39,24250.0,7100,Sell,226967149
2024-07-29 11:04:39,24250.0,100,Sell,226967153
2024-07-29 11:04:39,24250.0,200,Sell,226967151
2024-07-29 11:04:39,24250.0,500,Sell,226967152
2024-07-29 11:04:39,24250.0,500,Sell,226967154
2024-07-29 11:04:39,24250.0,200,Sell,226967144
2024-07-29 11:04:39,24250.0,300,Sell,226967156
2024-07-29 11:04:39,24250.0,2100,Sell,226967150
2024-07-29 11:04:39,24250.0,3000,Sell,226967143
2024-07-29 11:04:39,24250.0,5500,Sell,226967155
2024-07-29 11:04:39,24250.0,5800,Sell,226967141
2024-07-29 11:04:39,24250.0,100,Sell,226967140
2024-07-29 11:04:39,24250.0,100,Sell,226967139
2024-07-29 11:04:39,24250.0,500,Sell,226967138
2024-07-29 11:04:39,24250.0,1000,Sell,226967137
2024-07-29 11:04:39,24250.0,100,Sell,226967136
2024-07-29 11:04:39,24250.0,10000,Sell,226967135
2024-07-29 11:04:39,24250.0,100,Sell,226967134
2024-07-29 11:04:39,24250.0,1000,Sell,226967133
2024-07-29 11:04:39,24250.0,5000,Sell,226967132
2024-07-29 11:04:39,24250.0,50000,Sell,226967131
2024-07-29 11:04:39,24250.0,5000,Sell,226967130
2024-07-29 11:04:39,24250.0,100,Sell,226967142
2024-07-29 11:04:39,24250.0,24500,Sell,226967129
2024-07-29 11:04:58,24250.0,100,Sell,226967392
2024-07-29 11:05:19,24250.0,200,Sell,226967680
2024-07-29 11:05:25,24250.0,500,Sell,226967743
2024-07-29 11:05:26,24250.0,2000,Sell,226967761
2024-07-29 11:05:30,24250.0,4900,Sell,226967831
2024-07-29 11:05:47,24250.0,200,Sell,226968017
2024-07-29 11:06:03,24250.0,3700,Sell,226968185
2024-07-29 11:06:05,24250.0,1000,Sell,226968191
2024-07-29 11:06:07,24250.0,2000,Sell,226968219
2024-07-29 11:06:10,24250.0,100,Sell,226968260
2024-07-29 11:06:10,24250.0,2500,Sell,226968261
2024-07-29 11:06:10,24250.0,100,Sell,226968262
2024-07-29 11:06:10,24250.0,200,Sell,226968264
2024-07-29 11:06:10,24250.0,200,Sell,226968265
2024-07-29 11:06:10,24250.0,200,Sell,226968266
2024-07-29 11:06:10,24250.0,1000,Sell,226968269
2024-07-29 11:06:10,24250.0,700,Sell,226968268
2024-07-29 11:06:10,24250.0,800,Sell,226968259
2024-07-29 11:06:10,24250.0,10000,Sell,226968270
2024-07-29 11:06:10,24250.0,100,Sell,226968271
2024-07-29 11:06:10,24250.0,200,Sell,226968272
2024-07-29 11:06:10,24250.0,500,Sell,226968273
2024-07-29 11:06:10,24250.0,8200,Sell,226968274
2024-07-29 11:06:10,24250.0,200,Sell,226968267
2024-07-29 11:06:10,24250.0,500,Sell,226968258
2024-07-29 11:06:10,24250.0,300,Sell,226968263
2024-07-29 11:06:10,24250.0,500,Sell,226968256
2024-07-29 11:06:10,24250.0,500,Sell,226968242
2024-07-29 11:06:10,24250.0,300,Sell,226968243
2024-07-29 11:06:10,24250.0,200,Sell,226968244
2024-07-29 11:06:10,24250.0,200,Sell,226968245
2024-07-29 11:06:10,24250.0,100,Sell,226968246
2024-07-29 11:06:10,24250.0,3000,Sell,226968247
2024-07-29 11:06:10,24250.0,10100,Sell,226968241
2024-07-29 11:06:10,24250.0,500,Sell,226968248
2024-07-29 11:06:10,24250.0,400,Sell,226968250
2024-07-29 11:06:10,24250.0,200,Sell,226968251
2024-07-29 11:06:10,24250.0,1900,Sell,226968252
2024-07-29 11:06:10,24250.0,2000,Sell,226968253
2024-07-29 11:06:10,24250.0,100,Sell,226968254
2024-07-29 11:06:10,24250.0,500,Sell,226968255
2024-07-29 11:06:10,24250.0,1000,Sell,226968249
2024-07-29 11:06:10,24250.0,2700,Sell,226968257
2024-07-29 11:06:16,24250.0,800,Sell,226968326
2024-07-29 11:06:16,24250.0,200,Sell,226968327
2024-07-29 11:06:19,24250.0,200,Sell,226968352
2024-07-29 11:06:23,24250.0,1000,Sell,226968384
2024-07-29 11:06:28,24250.0,200,Sell,226968452
2024-07-29 11:06:28,24250.0,100,Sell,226968453
2024-07-29 11:06:28,24250.0,1700,Sell,226968454
2024-07-29 11:06:50,24250.0,200,Sell,226968678
2024-07-29 11:06:51,24250.0,500,Sell,226968682
2024-07-29 11:06:57,24250.0,2500,Sell,226968752
2024-07-29 11:07:15,24250.0,2000,Sell,226968910
2024-07-29 11:07:17,24250.0,100,Sell,226968940
2024-07-29 11:07:27,24250.0,10000,Sell,226969042
2024-07-29 11:07:36,24300.0,500,Buy,226969157
2024-07-29 11:07:37,24250.0,500,Sell,226969167
2024-07-29 11:07:38,24250.0,800,Sell,226969191
2024-07-29 11:07:38,24250.0,200,Sell,226969190
2024-07-29 11:07:38,24250.0,2500,Sell,226969188
2024-07-29 11:07:38,24250.0,500,Sell,226969189
2024-07-29 11:07:44,24250.0,500,Sell,226969236
2024-07-29 11:08:00,24250.0,500,Sell,226969399
2024-07-29 11:08:10,24300.0,12500,Buy,226969641
2024-07-29 11:08:32,24250.0,300,Sell,226969891
2024-07-29 11:08:50,24250.0,400,Sell,226970098
2024-07-29 11:08:50,24250.0,100,Sell,226970099
2024-07-29 11:08:50,24250.0,100,Sell,226970100
2024-07-29 11:08:50,24250.0,2000,Sell,226970101
2024-07-29 11:08:50,24250.0,2500,Sell,226970102
2024-07-29 11:08:50,24250.0,600,Sell,226970103
2024-07-29 11:08:50,24250.0,3000,Sell,226970104
2024-07-29 11:08:50,24250.0,1000,Sell,226970105
2024-07-29 11:08:50,24250.0,40300,Sell,226970106
2024-07-29 11:09:16,24250.0,400,Sell,226970436
2024-07-29 11:09:41,24300.0,100,Buy,226970760
2024-07-29 11:09:51,24250.0,10000,Sell,226970962
2024-07-29 11:10:02,24250.0,100,Sell,226971105
2024-07-29 11:10:17,24250.0,1000,Sell,226971286
2024-07-29 11:10:45,24250.0,1000,Sell,226971682
2024-07-29 11:10:57,24250.0,5000,Sell,226971813
2024-07-29 11:10:57,24250.0,500,Sell,226971814
2024-07-29 11:11:07,24250.0,600,Sell,226971936
2024-07-29 11:11:09,24250.0,100,Sell,226971954
2024-07-29 11:11:34,24250.0,500,Sell,226972261
2024-07-29 11:11:35,24250.0,900,Sell,226972279
2024-07-29 11:11:35,24250.0,1000,Sell,226972276
2024-07-29 11:11:35,24250.0,1000,Sell,226972275
2024-07-29 11:11:35,24250.0,100,Sell,226972278
2024-07-29 11:11:35,24250.0,1200,Sell,226972273
2024-07-29 11:11:35,24250.0,3000,Sell,226972274
2024-07-29 11:11:35,24250.0,500,Sell,226972270
2024-07-29 11:11:35,24250.0,200,Sell,226972277
2024-07-29 11:11:35,24250.0,2000,Sell,226972272
2024-07-29 11:11:35,24250.0,100,Sell,226972271
2024-07-29 11:11:44,24250.0,2000,Sell,226972449
2024-07-29 11:12:10,24250.0,500,Sell,226972698
2024-07-29 11:12:25,24250.0,5000,Sell,226972916
2024-07-29 11:12:30,24250.0,600,Sell,226972975
2024-07-29 11:12:30,24250.0,100,Sell,226972976
2024-07-29 11:12:30,24250.0,300,Sell,226972977
2024-07-29 11:12:33,24250.0,700,Sell,226973020
2024-07-29 11:12:33,24250.0,200,Sell,226973021
2024-07-29 11:12:33,24250.0,100,Sell,226973022
2024-07-29 11:12:33,24250.0,200,Sell,226973023
2024-07-29 11:12:33,24250.0,2800,Sell,226973024
2024-07-29 11:12:41,24250.0,900,Sell,226973105
2024-07-29 11:12:53,24250.0,500,Sell,226973228
2024-07-29 11:12:53,24250.0,1600,Sell,226973227
2024-07-29 11:13:07,24250.0,7200,Sell,226973487
2024-07-29 11:13:07,24250.0,1000,Sell,226973489
2024-07-29 11:13:10,24250.0,1500,Sell,226973530
2024-07-29 11:13:11,24250.0,10000,Sell,226973534
2024-07-29 11:13:16,24250.0,1000,Sell,226973586
2024-07-29 11:13:21,24250.0,3000,Sell,226973640
2024-07-29 11:13:36,24250.0,1000,Sell,226973854
2024-07-29 11:13:38,24250.0,10000,Sell,226973871
2024-07-29 11:13:40,24250.0,400,Sell,226973911
2024-07-29 11:13:40,24250.0,100,Sell,226973910
2024-07-29 11:13:40,24250.0,500,Sell,226973909
2024-07-29 11:13:40,24250.0,1000,Sell,226973908
2024-07-29 11:13:40,24250.0,400,Sell,226973907
2024-07-29 11:13:40,24250.0,200,Sell,226973906
2024-07-29 11:13:40,24250.0,100,Sell,226973905
2024-07-29 11:13:40,24250.0,100,Sell,226973904
2024-07-29 11:13:40,24250.0,800,Sell,226973902
2024-07-29 11:13:40,24250.0,300,Sell,226973901
2024-07-29 11:13:40,24250.0,100,Sell,226973900
2024-07-29 11:13:40,24250.0,2000,Sell,226973899
2024-07-29 11:13:40,24250.0,200,Sell,226973898
2024-07-29 11:13:40,24250.0,100,Sell,226973897
2024-07-29 11:13:40,24250.0,9500,Sell,226973896
2024-07-29 11:13:40,24250.0,4000,Sell,226973903
2024-07-29 11:13:52,24250.0,5000,Buy,226974042
2024-07-29 11:14:22,24200.0,300,Sell,226974546
2024-07-29 11:14:22,24200.0,700,Sell,226974547
2024-07-29 11:15:00,24200.0,10000,Sell,226975270
2024-07-29 11:15:02,24200.0,2000,Sell,226975293
2024-07-29 11:15:06,24200.0,500,Sell,226975355
2024-07-29 11:15:07,24200.0,35000,Sell,226975364
2024-07-29 11:15:15,24200.0,1000,Sell,226975440
2024-07-29 11:15:39,24200.0,500,Sell,226975795
2024-07-29 11:16:01,24200.0,1000,Sell,226976129
2024-07-29 11:16:17,24200.0,1000,Sell,226976388
2024-07-29 11:16:22,24200.0,10000,Sell,226976452
2024-07-29 11:16:27,24200.0,15100,Sell,226976555
2024-07-29 11:16:27,24200.0,1000,Sell,226976554
2024-07-29 11:16:27,24200.0,2000,Sell,226976549
2024-07-29 11:16:27,24200.0,100,Sell,226976552
2024-07-29 11:16:27,24200.0,200,Sell,226976551
2024-07-29 11:16:27,24200.0,200,Sell,226976550
2024-07-29 11:16:27,24200.0,1000,Sell,226976548
2024-07-29 11:16:27,24200.0,500,Sell,226976553
2024-07-29 11:16:27,24200.0,800,Sell,226976546
2024-07-29 11:16:27,24200.0,54800,Sell,226976540
2024-07-29 11:16:27,24200.0,100,Sell,226976541
2024-07-29 11:16:27,24200.0,200,Sell,226976542
2024-07-29 11:16:27,24200.0,300,Sell,226976547
2024-07-29 11:16:27,24200.0,500,Sell,226976544
2024-07-29 11:16:27,24200.0,100,Sell,226976545
2024-07-29 11:16:27,24200.0,1000,Sell,226976543
2024-07-29 11:16:39,24200.0,4900,Sell,226976675
2024-07-29 11:16:39,24200.0,500,Sell,226976676
2024-07-29 11:16:39,24200.0,1600,Sell,226976677
2024-07-29 11:16:49,24200.0,500,Sell,226976773
2024-07-29 11:16:52,24200.0,500,Sell,226976822
2024-07-29 11:16:54,24200.0,200,Sell,226976853
2024-07-29 11:16:56,24200.0,200,Sell,226976887
2024-07-29 11:16:57,24200.0,900,Sell,226976909
2024-07-29 11:16:59,24200.0,100,Sell,226976963
2024-07-29 11:17:08,24250.0,500,Buy,226977104
2024-07-29 11:17:20,24200.0,100,Sell,226977279
2024-07-29 11:17:39,24200.0,100,Sell,226977521
2024-07-29 11:17:39,24200.0,900,Sell,226977522
2024-07-29 11:18:12,24200.0,500,Sell,226977995
2024-07-29 11:18:15,24250.0,3800,Buy,226978038
2024-07-29 11:18:23,24200.0,1000,Sell,226978107
2024-07-29 11:18:25,24250.0,100,Buy,226978124
2024-07-29 11:18:46,24250.0,100,Buy,226978341
2024-07-29 11:19:01,24250.0,3800,Buy,226978495
2024-07-29 11:19:01,24250.0,400,Buy,226978496
2024-07-29 11:19:08,24200.0,900,Sell,226978551
2024-07-29 11:19:09,24250.0,1300,Buy,226978574
2024-07-29 11:19:09,24250.0,2500,Buy,226978575
2024-07-29 11:19:15,24250.0,300,Buy,226978602
2024-07-29 11:19:18,24250.0,3800,Buy,226978628
2024-07-29 11:19:25,24250.0,3800,Buy,226978711
2024-07-29 11:19:39,24250.0,3800,Buy,226978913
2024-07-29 11:19:46,24250.0,3800,Buy,226978984
2024-07-29 11:19:47,24200.0,100,Sell,226979008
2024-07-29 11:19:51,24250.0,3800,Buy,226979038
2024-07-29 11:20:01,24250.0,3800,Buy,226979120
2024-07-29 11:20:12,24200.0,1600,Sell,226979211
2024-07-29 11:20:12,24200.0,3400,Sell,226979212
2024-07-29 11:20:12,24250.0,3800,Buy,226979207
2024-07-29 11:20:19,24250.0,200,Buy,226979288
2024-07-29 11:20:23,24250.0,300,Buy,226979339
2024-07-29 11:20:34,24250.0,900,Buy,226979432
2024-07-29 11:20:44,24250.0,11000,Buy,226979506
2024-07-29 11:21:07,24250.0,100,Buy,226979753
2024-07-29 11:21:15,24200.0,10000,Sell,226979827
2024-07-29 11:21:15,24200.0,200,Sell,226979828
2024-07-29 11:21:15,24200.0,200,Sell,226979829
2024-07-29 11:21:15,24200.0,100,Sell,226979830
2024-07-29 11:21:15,24200.0,400,Sell,226979831
2024-07-29 11:21:15,24200.0,100,Sell,226979835
2024-07-29 11:21:15,24200.0,2500,Sell,226979833
2024-07-29 11:21:15,24200.0,300,Sell,226979834
2024-07-29 11:21:15,24200.0,3000,Sell,226979836
2024-07-29 11:21:15,24200.0,19800,Sell,226979837
2024-07-29 11:21:15,24200.0,200,Sell,226979832
2024-07-29 11:21:15,24200.0,500,Sell,226979826
2024-07-29 11:21:15,24200.0,100,Sell,226979823
2024-07-29 11:21:15,24200.0,50000,Sell,226979824
2024-07-29 11:21:15,24200.0,1800,Sell,226979822
2024-07-29 11:21:15,24200.0,200,Sell,226979821
2024-07-29 11:21:15,24200.0,600,Sell,226979820
2024-07-29 11:21:15,24200.0,900,Sell,226979819
2024-07-29 11:21:15,24200.0,200,Sell,226979818
2024-07-29 11:21:15,24200.0,5000,Sell,226979817
2024-07-29 11:21:15,24200.0,1000,Sell,226979816
2024-07-29 11:21:15,24200.0,500,Sell,226979815
2024-07-29 11:21:15,24200.0,200,Sell,226979814
2024-07-29 11:21:15,24200.0,100,Sell,226979813
2024-07-29 11:21:15,24200.0,1100,Sell,226979812
2024-07-29 11:21:15,24200.0,1000,Sell,226979825
2024-07-29 11:21:27,24250.0,500,Buy,226979955
2024-07-29 11:21:44,24250.0,600,Buy,226980159
2024-07-29 11:21:49,24200.0,19500,Sell,226980228
2024-07-29 11:21:49,24250.0,200,Buy,226980225
2024-07-29 11:21:49,24200.0,30200,Sell,226980226
2024-07-29 11:21:49,24200.0,300,Sell,226980227
2024-07-29 11:22:08,24200.0,100,Sell,226980414
2024-07-29 11:22:13,24250.0,200,Buy,226980476
2024-07-29 11:22:30,24200.0,400,Sell,226980669
2024-07-29 11:22:30,24200.0,1000,Sell,226980670
2024-07-29 11:22:30,24200.0,500,Sell,226980671
2024-07-29 11:22:30,24200.0,300,Sell,226980672
2024-07-29 11:22:30,24200.0,100,Sell,226980673
2024-07-29 11:22:30,24200.0,2000,Sell,226980675
2024-07-29 11:22:30,24200.0,100,Sell,226980676
2024-07-29 11:22:30,24200.0,300,Sell,226980677
2024-07-29 11:22:30,24200.0,1000,Sell,226980678
2024-07-29 11:22:30,24200.0,2200,Sell,226980679
2024-07-29 11:22:30,24200.0,100,Sell,226980674
2024-07-29 11:23:08,24200.0,100,Sell,226981021
2024-07-29 11:23:37,24250.0,100,Buy,226981360
2024-07-29 11:23:39,24200.0,100,Sell,226981385
2024-07-29 11:23:49,24200.0,200,Sell,226981529
2024-07-29 11:23:49,24200.0,1000,Sell,226981530
2024-07-29 11:23:49,24200.0,1200,Sell,226981531
2024-07-29 11:23:49,24200.0,7600,Sell,226981528
2024-07-29 11:24:20,24200.0,300,Sell,226981907
2024-07-29 11:24:26,24200.0,1600,Sell,226982003
2024-07-29 11:24:26,24200.0,500,Sell,226982002
2024-07-29 11:24:26,24200.0,2500,Sell,226982001
2024-07-29 11:24:26,24200.0,1000,Sell,226982000
2024-07-29 11:24:26,24200.0,5000,Sell,226981999
2024-07-29 11:24:26,24200.0,500,Sell,226981994
2024-07-29 11:24:26,24200.0,1000,Sell,226981998
2024-07-29 11:24:26,24200.0,300,Sell,226981997
2024-07-29 11:24:26,24200.0,2000,Sell,226981996
2024-07-29 11:24:26,24200.0,500,Sell,226981995
2024-07-29 11:24:26,24200.0,2500,Sell,226981993
2024-07-29 11:24:26,24200.0,1000,Sell,226981985
2024-07-29 11:24:26,24200.0,100,Sell,226981991
2024-07-29 11:24:26,24200.0,700,Sell,226981980
2024-07-29 11:24:26,24200.0,2000,Sell,226981982
2024-07-29 11:24:26,24200.0,100,Sell,226981983
2024-07-29 11:24:26,24200.0,2000,Sell,226981984
2024-07-29 11:24:26,24200.0,5000,Sell,226981981
2024-07-29 11:24:26,24200.0,200,Sell,226981987
2024-07-29 11:24:26,24200.0,7100,Sell,226981988
2024-07-29 11:24:26,24200.0,500,Sell,226981989
2024-07-29 11:24:26,24200.0,5500,Sell,226981990
2024-07-29 11:24:26,24200.0,200,Sell,226981986
2024-07-29 11:24:26,24200.0,200,Sell,226981992
2024-07-29 11:25:03,24200.0,4100,Sell,226982413
2024-07-29 11:25:03,24200.0,400,Sell,226982406
2024-07-29 11:25:03,24200.0,100,Sell,226982407
2024-07-29 11:25:03,24200.0,1000,Sell,226982408
2024-07-29 11:25:03,24200.0,400,Sell,226982409
2024-07-29 11:25:03,24200.0,300,Sell,226982410
2024-07-29 11:25:03,24200.0,200,Sell,226982411
2024-07-29 11:25:03,24200.0,300,Sell,226982412
2024-07-29 11:25:06,24200.0,900,Sell,226982437
2024-07-29 11:25:25,24250.0,100,Buy,226982653
2024-07-29 11:25:42,24250.0,200,Buy,226982812
2024-07-29 11:26:09,24200.0,100,Sell,226983080
2024-07-29 11:26:14,24250.0,200,Buy,226983162
2024-07-29 11:26:15,24200.0,800,Sell,226983199
2024-07-29 11:26:15,24200.0,100,Sell,226983200
2024-07-29 11:26:15,24200.0,400,Sell,226983201
2024-07-29 11:26:15,24200.0,500,Sell,226983202
2024-07-29 11:26:15,24200.0,300,Sell,226983203
2024-07-29 11:26:15,24200.0,1000,Sell,226983204
2024-07-29 11:26:15,24200.0,100,Sell,226983206
2024-07-29 11:26:15,24200.0,100,Sell,226983207
2024-07-29 11:26:15,24200.0,1200,Sell,226983198
2024-07-29 11:26:15,24200.0,10000,Sell,226983208
2024-07-29 11:26:15,24200.0,4000,Sell,226983209
2024-07-29 11:26:15,24200.0,1000,Sell,226983210
2024-07-29 11:26:15,24200.0,500,Sell,226983211
2024-07-29 11:26:15,24200.0,5400,Sell,226983205
2024-07-29 11:26:15,24200.0,100,Sell,226983197
2024-07-29 11:26:15,24200.0,100,Sell,226983184
2024-07-29 11:26:15,24200.0,1000,Sell,226983195
2024-07-29 11:26:15,24200.0,1000,Sell,226983180
2024-07-29 11:26:15,24200.0,500,Sell,226983181
2024-07-29 11:26:15,24200.0,1000,Sell,226983182
2024-07-29 11:26:15,24200.0,200,Sell,226983183
2024-07-29 11:26:15,24200.0,1000,Sell,226983185
2024-07-29 11:26:15,24200.0,200,Sell,226983186
2024-07-29 11:26:15,24200.0,500,Sell,226983196
