time,price,volume,match_type,id
2024-07-24 09:14:39,23800.0,622900,ATO/ATC,225854201
2024-07-24 09:14:41,23750.0,200,Sell,225854621
2024-07-24 09:14:41,23750.0,1000,Sell,225854620
2024-07-24 09:14:41,23750.0,2000,Sell,225854619
2024-07-24 09:14:41,23750.0,200,Sell,225854618
2024-07-24 09:14:41,23750.0,12000,Sell,225854617
2024-07-24 09:14:41,23750.0,800,Sell,225854616
2024-07-24 09:14:41,23750.0,200,Sell,225854615
2024-07-24 09:14:41,23750.0,100,Sell,225854603
2024-07-24 09:14:41,23750.0,100,Sell,225854613
2024-07-24 09:14:41,23750.0,100,Sell,225854604
2024-07-24 09:14:41,23800.0,500,Buy,225854608
2024-07-24 09:14:41,23750.0,400,Sell,225854614
2024-07-24 09:14:41,23750.0,100,Sell,225854611
2024-07-24 09:14:41,23750.0,100,Sell,225854610
2024-07-24 09:14:41,23750.0,200,Sell,225854612
2024-07-24 09:14:46,23750.0,200,Sell,225854844
2024-07-24 09:14:47,23750.0,500,Sell,225854853
2024-07-24 09:14:50,23800.0,600,Buy,225854946
2024-07-24 09:14:50,23800.0,600,Buy,225854947
2024-07-24 09:14:50,23800.0,300,Buy,225854948
2024-07-24 09:14:50,23800.0,2000,Buy,225854949
2024-07-24 09:14:50,23800.0,700,Buy,225854950
2024-07-24 09:14:50,23800.0,5000,Buy,225854951
2024-07-24 09:14:50,23800.0,800,Buy,225854952
2024-07-24 09:14:50,23750.0,300,Sell,225854956
2024-07-24 09:14:52,23800.0,200,Buy,225855049
2024-07-24 09:14:52,23800.0,400,Buy,225855050
2024-07-24 09:14:53,23850.0,100,Buy,225855055
2024-07-24 09:15:01,23800.0,100,Sell,225855307
2024-07-24 09:15:06,23800.0,400,Sell,225855451
2024-07-24 09:15:06,23800.0,1500,Sell,225855450
2024-07-24 09:15:06,23800.0,300,Sell,225855448
2024-07-24 09:15:06,23800.0,500,Sell,225855449
2024-07-24 09:15:07,23800.0,400,Sell,225855478
2024-07-24 09:15:08,23800.0,200,Sell,225855500
2024-07-24 09:15:08,23800.0,500,Sell,225855501
2024-07-24 09:15:09,23800.0,1000,Sell,225855567
2024-07-24 09:15:09,23800.0,9000,Sell,225855570
2024-07-24 09:15:09,23800.0,200,Sell,225855565
2024-07-24 09:15:09,23800.0,500,Sell,225855566
2024-07-24 09:15:10,23800.0,200,Buy,225855589
2024-07-24 09:15:10,23800.0,800,Buy,225855596
2024-07-24 09:15:10,23800.0,300,Buy,225855597
2024-07-24 09:15:10,23850.0,2900,Buy,225855598
2024-07-24 09:15:11,23800.0,100,Buy,225855626
2024-07-24 09:15:15,23800.0,600,Sell,225855721
2024-07-24 09:15:15,23750.0,1000,Sell,225855766
2024-07-24 09:15:17,23800.0,2000,Buy,225855875
2024-07-24 09:15:17,23800.0,4400,Buy,225855874
2024-07-24 09:15:22,23800.0,1000,Sell,225855995
2024-07-24 09:15:29,23800.0,5200,Sell,225856182
2024-07-24 09:15:29,23800.0,7500,Sell,225856183
2024-07-24 09:15:32,23800.0,100,Sell,225856307
2024-07-24 09:15:38,23800.0,300,Sell,225856608
2024-07-24 09:15:41,23800.0,1000,Sell,225856738
2024-07-24 09:15:41,23800.0,500,Buy,225856747
2024-07-24 09:15:41,23800.0,2100,Sell,225856736
2024-07-24 09:15:41,23800.0,2000,Sell,225856737
2024-07-24 09:15:44,23800.0,1000,Buy,225856835
2024-07-24 09:15:45,23750.0,2000,Sell,225856871
2024-07-24 09:15:47,23800.0,500,Buy,225856909
2024-07-24 09:15:49,23750.0,100,Sell,225857008
2024-07-24 09:15:50,23800.0,300,Buy,225857029
2024-07-24 09:15:50,23800.0,1000,Buy,225857030
2024-07-24 09:15:54,23750.0,1000,Sell,225857212
2024-07-24 09:15:54,23800.0,400,Buy,225857187
2024-07-24 09:15:54,23800.0,500,Buy,225857185
2024-07-24 09:15:54,23800.0,11600,Buy,225857184
2024-07-24 09:15:54,23800.0,10000,Buy,225857186
2024-07-24 09:15:56,23800.0,900,Buy,225857269
2024-07-24 09:15:56,23800.0,300,Buy,225857282
2024-07-24 09:15:59,23800.0,200,Buy,225857388
2024-07-24 09:15:59,23750.0,2600,Sell,225857392
2024-07-24 09:16:01,23800.0,200,Buy,225857487
2024-07-24 09:16:01,23800.0,2000,Sell,225857495
2024-07-24 09:16:01,23800.0,2500,Buy,225857492
2024-07-24 09:16:01,23800.0,300,Buy,225857491
2024-07-24 09:16:01,23800.0,100,Buy,225857490
2024-07-24 09:16:01,23800.0,2800,Buy,225857489
2024-07-24 09:16:01,23800.0,1000,Buy,225857488
2024-07-24 09:16:01,23800.0,200,Buy,225857486
2024-07-24 09:16:01,23800.0,200,Buy,225857494
2024-07-24 09:16:01,23800.0,1000,Buy,225857484
2024-07-24 09:16:01,23800.0,200,Buy,225857485
2024-07-24 09:16:01,23800.0,200,Buy,225857476
2024-07-24 09:16:01,23800.0,10000,Buy,225857477
2024-07-24 09:16:01,23800.0,1200,Buy,225857478
2024-07-24 09:16:01,23800.0,100,Buy,225857493
2024-07-24 09:16:01,23800.0,4000,Buy,225857480
2024-07-24 09:16:01,23800.0,300,Buy,225857482
2024-07-24 09:16:01,23800.0,100,Buy,225857483
2024-07-24 09:16:01,23800.0,3000,Buy,225857479
2024-07-24 09:16:01,23800.0,4400,Buy,225857481
2024-07-24 09:16:02,23800.0,300,Sell,225857531
2024-07-24 09:16:02,23800.0,1000,Sell,225857546
2024-07-24 09:16:03,23800.0,600,Sell,225857559
2024-07-24 09:16:05,23800.0,1000,Sell,225857624
2024-07-24 09:16:05,23800.0,600,Sell,225857629
2024-07-24 09:16:05,23800.0,300,Sell,225857630
2024-07-24 09:16:06,23800.0,2000,Sell,225857653
2024-07-24 09:16:06,23800.0,5000,Sell,225857656
2024-07-24 09:16:07,23800.0,100,Sell,225857691
2024-07-24 09:16:07,23800.0,4000,Sell,225857692
2024-07-24 09:16:08,23800.0,100,Sell,225857713
2024-07-24 09:16:08,23800.0,200,Sell,225857732
2024-07-24 09:16:09,23800.0,300,Sell,225857738
2024-07-24 09:16:12,23800.0,300,Sell,225857870
2024-07-24 09:16:12,23800.0,2000,Sell,225857869
2024-07-24 09:16:12,23800.0,50700,Sell,225857867
2024-07-24 09:16:12,23800.0,1000,Sell,225857868
2024-07-24 09:16:14,23800.0,400,Sell,225858034
2024-07-24 09:16:14,23800.0,1000,Sell,225858035
2024-07-24 09:16:14,23800.0,700,Sell,225858033
2024-07-24 09:16:18,23800.0,100,Buy,225858183
2024-07-24 09:16:18,23800.0,2000,Buy,225858184
2024-07-24 09:16:18,23800.0,3000,Buy,225858185
2024-07-24 09:16:19,23800.0,100,Buy,225858248
2024-07-24 09:16:22,23800.0,300,Buy,225858332
2024-07-24 09:16:22,23800.0,2000,Buy,225858333
2024-07-24 09:16:22,23800.0,1000,Buy,225858334
2024-07-24 09:16:22,23800.0,800,Buy,225858335
2024-07-24 09:16:22,23800.0,1900,Buy,225858331
2024-07-24 09:16:26,23800.0,1000,Buy,225858557
2024-07-24 09:16:26,23750.0,2900,Sell,225858559
2024-07-24 09:16:29,23800.0,3800,Buy,225858663
2024-07-24 09:16:29,23800.0,200,Buy,225858662
2024-07-24 09:16:29,23750.0,100,Sell,225858654
2024-07-24 09:16:32,23800.0,800,Buy,225858788
2024-07-24 09:16:33,23800.0,600,Buy,225858827
2024-07-24 09:16:33,23750.0,200,Sell,225858804
2024-07-24 09:16:33,23800.0,400,Buy,225858826
2024-07-24 09:16:34,23800.0,100,Buy,225858873
2024-07-24 09:16:35,23800.0,5000,Buy,225858901
2024-07-24 09:16:36,23750.0,500,Sell,225858950
2024-07-24 09:16:38,23750.0,4000,Sell,225859015
2024-07-24 09:16:42,23800.0,4300,Buy,225859161
2024-07-24 09:16:42,23800.0,5700,Buy,225859162
2024-07-24 09:16:46,23750.0,1000,Sell,225859275
2024-07-24 09:16:46,23800.0,100,Buy,225859276
2024-07-24 09:16:47,23800.0,1000,Buy,225859315
2024-07-24 09:16:47,23750.0,200,Sell,225859312
2024-07-24 09:16:50,23750.0,200,Sell,225859401
2024-07-24 09:16:50,23800.0,500,Buy,225859412
2024-07-24 09:16:52,23750.0,2000,Sell,225859478
2024-07-24 09:16:52,23800.0,100,Buy,225859494
2024-07-24 09:16:53,23750.0,1600,Sell,225859529
2024-07-24 09:16:56,23750.0,2300,Sell,225859658
2024-07-24 09:16:57,23750.0,200,Sell,225859689
2024-07-24 09:16:59,23800.0,100,Buy,225859797
2024-07-24 09:17:00,23750.0,500,Sell,225859826
2024-07-24 09:17:02,23750.0,1000,Sell,225859929
2024-07-24 09:17:02,23750.0,500,Sell,225859930
2024-07-24 09:17:02,23750.0,600,Sell,225859944
2024-07-24 09:17:02,23750.0,400,Sell,225859945
2024-07-24 09:17:09,23750.0,200,Sell,225860228
2024-07-24 09:17:09,23750.0,3000,Sell,225860229
2024-07-24 09:17:10,23750.0,500,Sell,225860261
2024-07-24 09:17:10,23750.0,3000,Sell,225860282
2024-07-24 09:17:11,23750.0,1500,Sell,225860364
2024-07-24 09:17:11,23800.0,100,Buy,225860375
2024-07-24 09:17:13,23750.0,500,Sell,225860430
2024-07-24 09:17:13,23800.0,500,Buy,225860455
2024-07-24 09:17:14,23750.0,5000,Sell,225860478
2024-07-24 09:17:14,23750.0,500,Sell,225860485
2024-07-24 09:17:14,23750.0,3000,Sell,225860491
2024-07-24 09:17:15,23750.0,200,Sell,225860517
2024-07-24 09:17:16,23750.0,4200,Sell,225860551
2024-07-24 09:17:16,23750.0,100,Sell,225860577
2024-07-24 09:17:20,23750.0,5000,Sell,225860781
2024-07-24 09:17:22,23750.0,10000,Sell,225860867
2024-07-24 09:17:22,23750.0,500,Sell,225860838
2024-07-24 09:17:23,23750.0,3000,Sell,225860890
2024-07-24 09:17:23,23800.0,100,Buy,225860871
2024-07-24 09:17:26,23750.0,1000,Sell,225861022
2024-07-24 09:17:26,23750.0,100,Sell,225861023
2024-07-24 09:17:26,23800.0,300,Buy,225861045
2024-07-24 09:17:27,23750.0,1500,Sell,225861202
2024-07-24 09:17:27,23800.0,9000,Buy,225861267
2024-07-24 09:17:27,23750.0,500,Sell,225861268
2024-07-24 09:17:31,23750.0,200,Sell,225861398
2024-07-24 09:17:31,23750.0,2000,Sell,225861419
2024-07-24 09:17:33,23750.0,200,Sell,225861484
2024-07-24 09:17:34,23800.0,500,Buy,225861505
2024-07-24 09:17:34,23800.0,100,Buy,225861506
2024-07-24 09:17:34,23800.0,400,Buy,225861507
2024-07-24 09:17:35,23750.0,500,Sell,225861561
2024-07-24 09:17:36,23750.0,1700,Sell,225861593
2024-07-24 09:17:36,23750.0,2000,Sell,225861615
2024-07-24 09:17:37,23800.0,300,Buy,225861652
2024-07-24 09:17:39,23750.0,5000,Sell,225861699
2024-07-24 09:17:39,23750.0,5000,Sell,225861700
2024-07-24 09:17:39,23800.0,100,Buy,225861717
2024-07-24 09:17:40,23800.0,200,Buy,225861772
2024-07-24 09:17:40,23800.0,200,Buy,225861773
2024-07-24 09:17:40,23800.0,300,Buy,225861789
2024-07-24 09:17:40,23800.0,200,Buy,225861790
2024-07-24 09:17:40,23800.0,200,Buy,225861791
2024-07-24 09:17:40,23800.0,1000,Buy,225861792
2024-07-24 09:17:40,23800.0,1100,Buy,225861793
2024-07-24 09:17:40,23800.0,200,Buy,225861794
2024-07-24 09:17:40,23800.0,500,Buy,225861795
2024-07-24 09:17:40,23800.0,10900,Buy,225861796
2024-07-24 09:17:41,23800.0,10600,Buy,225861823
2024-07-24 09:17:41,23750.0,100000,Sell,225861867
2024-07-24 09:17:41,23800.0,100,Buy,225861821
2024-07-24 09:17:41,23800.0,300,Buy,225861822
2024-07-24 09:17:42,23750.0,800,Sell,225861952
2024-07-24 09:17:43,23750.0,5000,Sell,225861973
2024-07-24 09:17:45,23750.0,400,Sell,225862044
2024-07-24 09:17:45,23750.0,800,Sell,225862045
2024-07-24 09:17:46,23750.0,2000,Sell,225862084
2024-07-24 09:17:47,23750.0,2000,Sell,225862119
2024-07-24 09:17:47,23750.0,100,Sell,225862120
2024-07-24 09:17:48,23750.0,900,Sell,225862152
2024-07-24 09:17:48,23750.0,1000,Sell,225862153
2024-07-24 09:17:48,23750.0,400,Sell,225862154
2024-07-24 09:17:48,23750.0,2000,Sell,225862155
2024-07-24 09:17:48,23750.0,3700,Sell,225862156
2024-07-24 09:17:49,23750.0,2400,Sell,225862199
2024-07-24 09:17:49,23750.0,1100,Sell,225862198
2024-07-24 09:17:49,23750.0,200,Sell,225862197
2024-07-24 09:17:49,23750.0,1300,Sell,225862196
2024-07-24 09:17:51,23750.0,200,Sell,225862261
2024-07-24 09:17:51,23750.0,3000,Sell,225862297
2024-07-24 09:17:51,23750.0,5000,Sell,225862298
2024-07-24 09:17:51,23750.0,400,Sell,225862268
2024-07-24 09:17:52,23750.0,1000,Sell,225862300
2024-07-24 09:17:52,23750.0,500,Sell,225862320
2024-07-24 09:17:53,23750.0,7500,Sell,225862358
2024-07-24 09:17:53,23750.0,500,Sell,225862359
2024-07-24 09:17:53,23750.0,2000,Sell,225862360
2024-07-24 09:17:54,23750.0,500,Sell,225862375
2024-07-24 09:17:54,23750.0,8500,Sell,225862400
2024-07-24 09:17:55,23750.0,2000,Sell,225862423
2024-07-24 09:17:56,23750.0,1500,Sell,225862487
2024-07-24 09:17:56,23750.0,500,Sell,225862488
2024-07-24 09:17:56,23800.0,1700,Buy,225862480
2024-07-24 09:17:56,23750.0,3200,Sell,225862516
2024-07-24 09:17:56,23750.0,200,Sell,225862517
2024-07-24 09:17:56,23750.0,100,Sell,225862515
2024-07-24 09:17:56,23800.0,400,Buy,225862479
2024-07-24 09:17:56,23750.0,500,Sell,225862514
2024-07-24 09:17:56,23750.0,7700,Sell,225862477
2024-07-24 09:17:56,23750.0,100,Sell,225862476
2024-07-24 09:17:56,23750.0,500,Sell,225862475
2024-07-24 09:17:56,23750.0,500,Sell,225862474
2024-07-24 09:17:56,23750.0,1000,Sell,225862473
2024-07-24 09:17:56,23750.0,6600,Sell,225862472
2024-07-24 09:17:56,23750.0,100,Sell,225862471
2024-07-24 09:17:56,23750.0,2000,Sell,225862470
2024-07-24 09:17:56,23800.0,17900,Buy,225862478
2024-07-24 09:17:57,23750.0,1000,Sell,225862559
2024-07-24 09:17:58,23750.0,500,Sell,225862629
2024-07-24 09:17:58,23750.0,300,Sell,225862585
2024-07-24 09:17:59,23800.0,900,Buy,225862691
2024-07-24 09:17:59,23800.0,1000,Buy,225862690
2024-07-24 09:17:59,23800.0,700,Buy,225862689
2024-07-24 09:17:59,23800.0,1500,Buy,225862688
2024-07-24 09:17:59,23800.0,800,Buy,225862687
2024-07-24 09:17:59,23800.0,500,Buy,225862685
2024-07-24 09:17:59,23800.0,100,Buy,225862686
2024-07-24 09:17:59,23800.0,1000,Buy,225862683
2024-07-24 09:17:59,23800.0,100,Buy,225862682
2024-07-24 09:17:59,23800.0,100,Buy,225862681
2024-07-24 09:17:59,23800.0,200,Buy,225862680
2024-07-24 09:17:59,23800.0,300,Buy,225862679
2024-07-24 09:17:59,23800.0,300,Buy,225862667
2024-07-24 09:17:59,23800.0,100,Buy,225862684
2024-07-24 09:18:00,23750.0,1000,Sell,225862726
2024-07-24 09:18:01,23750.0,4900,Sell,225862787
2024-07-24 09:18:01,23750.0,100,Sell,225862785
2024-07-24 09:18:01,23800.0,3000,Buy,225862762
2024-07-24 09:18:01,23750.0,100,Sell,225862784
2024-07-24 09:18:02,23750.0,800,Sell,225862829
2024-07-24 09:18:02,23750.0,1000,Sell,225862828
2024-07-24 09:18:02,23750.0,7600,Sell,225862827
2024-07-24 09:18:02,23750.0,100,Sell,225862826
2024-07-24 09:18:02,23750.0,500,Sell,225862825
2024-07-24 09:18:02,23750.0,5000,Sell,225862824
2024-07-24 09:18:02,23750.0,1000,Sell,225862823
2024-07-24 09:18:02,23750.0,7600,Sell,225862821
2024-07-24 09:18:02,23750.0,700,Sell,225862822
2024-07-24 09:18:02,23750.0,3000,Sell,225862819
2024-07-24 09:18:02,23750.0,1900,Sell,225862791
2024-07-24 09:18:02,23750.0,100,Sell,225862799
2024-07-24 09:18:02,23750.0,400,Sell,225862814
2024-07-24 09:18:02,23750.0,2500,Sell,225862820
2024-07-24 09:18:02,23750.0,200,Sell,225862816
2024-07-24 09:18:02,23750.0,3000,Sell,225862817
2024-07-24 09:18:02,23750.0,15000,Sell,225862818
2024-07-24 09:18:02,23750.0,1600,Sell,225862815
2024-07-24 09:18:05,23750.0,200,Sell,225862932
2024-07-24 09:18:05,23750.0,1000,Buy,225862939
2024-07-24 09:18:05,23750.0,1000,Sell,225862933
2024-07-24 09:18:06,23750.0,200,Buy,225862973
2024-07-24 09:18:06,23750.0,1100,Buy,225862974
2024-07-24 09:18:07,23750.0,3900,Sell,225862997
2024-07-24 09:18:07,23750.0,100,Buy,225863017
2024-07-24 09:18:08,23750.0,14400,Buy,225863085
2024-07-24 09:18:14,23750.0,3000,Buy,225863347
2024-07-24 09:18:16,23750.0,7600,Buy,225863438
2024-07-24 09:18:21,23750.0,1000,Buy,225863714
2024-07-24 09:18:21,23750.0,2000,Buy,225863701
2024-07-24 09:18:21,23750.0,2000,Buy,225863702
2024-07-24 09:18:25,23750.0,200,Buy,225863910
2024-07-24 09:18:25,23750.0,500,Buy,225863926
2024-07-24 09:18:26,23750.0,2100,Buy,225863934
2024-07-24 09:18:28,23750.0,13200,Buy,225864036
2024-07-24 09:18:28,23750.0,24800,Buy,225864037
2024-07-24 09:18:29,23750.0,900,Buy,225864051
2024-07-24 09:18:29,23750.0,5000,Buy,225864052
2024-07-24 09:18:29,23750.0,1000,Buy,225864053
2024-07-24 09:18:29,23750.0,3100,Buy,225864054
2024-07-24 09:18:30,23750.0,200,Buy,225864142
2024-07-24 09:18:31,23750.0,200,Buy,225864210
2024-07-24 09:18:31,23750.0,200,Buy,225864209
2024-07-24 09:18:32,23700.0,27200,Sell,225864270
2024-07-24 09:18:32,23700.0,500,Sell,225864269
2024-07-24 09:18:32,23700.0,100,Sell,225864268
2024-07-24 09:18:32,23700.0,2000,Sell,225864267
2024-07-24 09:18:32,23700.0,100,Sell,225864266
2024-07-24 09:18:32,23700.0,1000,Sell,225864265
2024-07-24 09:18:32,23700.0,1000,Sell,225864264
2024-07-24 09:18:32,23700.0,500,Sell,225864263
2024-07-24 09:18:32,23700.0,1000,Sell,225864260
2024-07-24 09:18:32,23700.0,5000,Sell,225864261
2024-07-24 09:18:32,23700.0,1000,Sell,225864262
2024-07-24 09:18:32,23750.0,500,Buy,225864217
2024-07-24 09:18:32,23700.0,100,Sell,225864254
2024-07-24 09:18:32,23700.0,100,Sell,225864255
2024-07-24 09:18:32,23700.0,100,Sell,225864258
2024-07-24 09:18:32,23700.0,100,Sell,225864257
2024-07-24 09:18:32,23700.0,100,Sell,225864259
2024-07-24 09:18:32,23700.0,100,Sell,225864256
2024-07-24 09:18:33,23700.0,1700,Sell,225864368
2024-07-24 09:18:33,23750.0,1000,Buy,225864363
2024-07-24 09:18:33,23700.0,3000,Sell,225864345
2024-07-24 09:18:33,23700.0,9000,Sell,225864344
2024-07-24 09:18:33,23750.0,4800,Buy,225864314
2024-07-24 09:18:33,23750.0,7400,Buy,225864317
2024-07-24 09:18:33,23750.0,200,Buy,225864315
2024-07-24 09:18:33,23750.0,100,Buy,225864343
2024-07-24 09:18:33,23750.0,2000,Buy,225864316
2024-07-24 09:18:34,23750.0,10000,Buy,225864395
2024-07-24 09:18:34,23750.0,200,Buy,225864425
2024-07-24 09:18:34,23750.0,1000,Buy,225864426
2024-07-24 09:18:35,23750.0,9600,Buy,225864473
2024-07-24 09:18:35,23750.0,500,Buy,225864450
2024-07-24 09:18:35,23750.0,400,Buy,225864448
2024-07-24 09:18:35,23750.0,400,Buy,225864447
2024-07-24 09:18:35,23750.0,200,Buy,225864451
2024-07-24 09:18:35,23750.0,300,Buy,225864445
2024-07-24 09:18:35,23750.0,2000,Buy,225864446
2024-07-24 09:18:35,23750.0,300,Buy,225864441
2024-07-24 09:18:35,23750.0,900,Buy,225864442
2024-07-24 09:18:35,23750.0,4000,Buy,225864449
2024-07-24 09:18:35,23750.0,100,Buy,225864444
2024-07-24 09:18:35,23750.0,900,Buy,225864443
2024-07-24 09:18:36,23750.0,700,Buy,225864564
2024-07-24 09:18:37,23750.0,1000,Buy,225864581
2024-07-24 09:18:37,23750.0,3500,Buy,225864582
2024-07-24 09:18:39,23750.0,10000,Buy,225864670
2024-07-24 09:18:39,23750.0,100,Buy,225864677
2024-07-24 09:18:41,23750.0,800,Buy,225864777
2024-07-24 09:18:41,23750.0,9900,Buy,225864717
2024-07-24 09:18:41,23750.0,100,Buy,225864718
2024-07-24 09:18:41,23700.0,7000,Sell,225864765
2024-07-24 09:18:41,23750.0,400,Buy,225864775
2024-07-24 09:18:41,23750.0,300,Buy,225864776
2024-07-24 09:18:42,23750.0,200,Buy,225864839
2024-07-24 09:18:42,23750.0,1000,Buy,225864783
2024-07-24 09:18:43,23750.0,1800,Sell,225864869
2024-07-24 09:18:43,23750.0,100,Sell,225864870
2024-07-24 09:18:44,23750.0,300,Buy,225864894
2024-07-24 09:18:44,23750.0,100,Buy,225864884
2024-07-24 09:18:44,23750.0,1000,Buy,225864890
2024-07-24 09:18:44,23750.0,5000,Buy,225864893
2024-07-24 09:18:45,23750.0,2000,Sell,225864950
2024-07-24 09:18:48,23750.0,300,Sell,225865059
2024-07-24 09:18:48,23750.0,4000,Sell,225865060
2024-07-24 09:18:48,23750.0,700,Sell,225865061
2024-07-24 09:18:53,23750.0,200,Sell,225865303
2024-07-24 09:18:53,23750.0,300,Sell,225865304
2024-07-24 09:18:55,23800.0,200,Buy,225865421
2024-07-24 09:18:55,23800.0,100,Buy,225865422
2024-07-24 09:18:55,23800.0,200,Buy,225865423
2024-07-24 09:18:55,23800.0,1100,Buy,225865424
2024-07-24 09:18:57,23800.0,1000,Buy,225865507
2024-07-24 09:18:57,23750.0,300,Sell,225865506
2024-07-24 09:18:57,23800.0,200,Buy,225865471
2024-07-24 09:19:01,23800.0,7700,Buy,225865683
2024-07-24 09:19:01,23800.0,500,Buy,225865686
2024-07-24 09:19:01,23800.0,500,Buy,225865684
2024-07-24 09:19:01,23800.0,9000,Buy,225865685
2024-07-24 09:19:02,23800.0,1300,Buy,225865691
2024-07-24 09:19:02,23800.0,500,Buy,225865692
2024-07-24 09:19:02,23800.0,13000,Buy,225865693
2024-07-24 09:19:02,23800.0,10000,Buy,225865694
2024-07-24 09:19:02,23800.0,7500,Buy,225865695
2024-07-24 09:19:03,23800.0,100,Buy,225865736
2024-07-24 09:19:03,23800.0,50000,Buy,225865751
2024-07-24 09:19:04,23750.0,500,Sell,225865787
2024-07-24 09:19:04,23750.0,200,Sell,225865788
2024-07-24 09:19:04,23750.0,1300,Sell,225865789
2024-07-24 09:19:06,23800.0,100,Buy,225865864
2024-07-24 09:19:06,23800.0,2500,Buy,225865865
2024-07-24 09:19:06,23800.0,2400,Buy,225865863
2024-07-24 09:19:06,23750.0,100,Sell,225865819
2024-07-24 09:19:06,23750.0,2000,Sell,225865825
2024-07-24 09:19:07,23800.0,200,Buy,225865904
2024-07-24 09:19:09,23800.0,300,Buy,225865973
2024-07-24 09:19:09,23800.0,500,Buy,225865974
2024-07-24 09:19:09,23800.0,1700,Buy,225865975
2024-07-24 09:19:10,23750.0,100,Sell,225866044
2024-07-24 09:19:11,23800.0,4300,Buy,225866157
2024-07-24 09:19:11,23800.0,3000,Buy,225866156
2024-07-24 09:19:11,23800.0,500,Buy,225866155
2024-07-24 09:19:11,23800.0,500,Buy,225866154
2024-07-24 09:19:11,23800.0,200,Buy,225866153
2024-07-24 09:19:11,23800.0,2000,Buy,225866152
2024-07-24 09:19:11,23800.0,1000,Buy,225866151
2024-07-24 09:19:11,23800.0,500,Buy,225866150
2024-07-24 09:19:11,23800.0,2600,Buy,225866148
2024-07-24 09:19:11,23800.0,300,Buy,225866147
2024-07-24 09:19:11,23800.0,2000,Buy,225866146
2024-07-24 09:19:11,23800.0,500,Buy,225866145
2024-07-24 09:19:11,23800.0,300,Buy,225866144
2024-07-24 09:19:11,23800.0,500,Buy,225866143
2024-07-24 09:19:11,23800.0,10000,Buy,225866142
2024-07-24 09:19:11,23800.0,300,Buy,225866141
2024-07-24 09:19:11,23800.0,2400,Buy,225866149
2024-07-24 09:19:12,23800.0,3000,Buy,225866206
2024-07-24 09:19:12,23800.0,200,Buy,225866209
2024-07-24 09:19:12,23800.0,500,Buy,225866208
2024-07-24 09:19:12,23800.0,2000,Buy,225866207
2024-07-24 09:19:12,23800.0,700,Buy,225866205
2024-07-24 09:19:12,23800.0,100,Buy,225866219
2024-07-24 09:19:12,23750.0,900,Sell,225866168
2024-07-24 09:19:12,23750.0,3900,Sell,225866169
2024-07-24 09:19:12,23750.0,1000,Sell,225866163
2024-07-24 09:19:12,23750.0,200,Sell,225866164
2024-07-24 09:19:12,23800.0,200,Buy,225866210
2024-07-24 09:19:12,23750.0,500,Sell,225866165
2024-07-24 09:19:12,23750.0,500,Sell,225866166
2024-07-24 09:19:12,23750.0,1000,Sell,225866167
2024-07-24 09:19:13,23800.0,1000,Sell,225866262
2024-07-24 09:19:16,23800.0,400,Sell,225866459
2024-07-24 09:19:17,23800.0,1900,Sell,225866496
2024-07-24 09:19:17,23800.0,100,Sell,225866497
2024-07-24 09:19:17,23800.0,2000,Sell,225866498
2024-07-24 09:19:23,23850.0,500,Buy,225866735
2024-07-24 09:19:24,23800.0,2000,Sell,225866756
2024-07-24 09:19:26,23850.0,100,Buy,225866859
2024-07-24 09:19:26,23850.0,100,Buy,225866861
2024-07-24 09:19:26,23850.0,3100,Buy,225866862
2024-07-24 09:19:26,23850.0,1600,Buy,225866858
2024-07-24 09:19:26,23850.0,100,Buy,225866860
2024-07-24 09:19:29,23850.0,200,Buy,225866972
2024-07-24 09:19:29,23850.0,1200,Buy,225866973
2024-07-24 09:19:29,23850.0,200,Buy,225866974
2024-07-24 09:19:29,23850.0,3800,Buy,225866963
2024-07-24 09:19:29,23850.0,300,Buy,225866976
2024-07-24 09:19:29,23850.0,6300,Buy,225866977
2024-07-24 09:19:29,23850.0,2500,Buy,225866971
2024-07-24 09:19:29,23850.0,500,Buy,225866975
2024-07-24 09:19:29,23850.0,500,Buy,225866970
2024-07-24 09:19:29,23850.0,10000,Buy,225866960
2024-07-24 09:19:29,23850.0,10800,Buy,225866968
2024-07-24 09:19:29,23850.0,100,Buy,225866967
2024-07-24 09:19:29,23850.0,100,Buy,225866966
2024-07-24 09:19:29,23850.0,800,Buy,225866965
2024-07-24 09:19:29,23850.0,500,Buy,225866964
2024-07-24 09:19:29,23850.0,5000,Buy,225866962
2024-07-24 09:19:29,23850.0,200,Buy,225866961
2024-07-24 09:19:29,23850.0,6900,Buy,225866959
2024-07-24 09:19:29,23850.0,100,Buy,225866969
2024-07-24 09:19:30,23800.0,1000,Sell,225867012
2024-07-24 09:19:31,23850.0,1000,Buy,225867084
2024-07-24 09:19:32,23850.0,400,Buy,225867124
2024-07-24 09:19:32,23850.0,200,Buy,225867122
2024-07-24 09:19:32,23850.0,2700,Buy,225867121
2024-07-24 09:19:32,23850.0,500,Buy,225867123
2024-07-24 09:19:33,23850.0,800,Buy,225867177
2024-07-24 09:19:33,23850.0,300,Buy,225867178
2024-07-24 09:19:36,23900.0,100,Buy,225867331
2024-07-24 09:19:37,23900.0,10200,Buy,225867386
2024-07-24 09:19:37,23900.0,700,Buy,225867387
2024-07-24 09:19:37,23900.0,300,Buy,225867388
2024-07-24 09:19:37,23900.0,3800,Buy,225867389
2024-07-24 09:19:38,23850.0,1000,Sell,225867436
2024-07-24 09:19:40,23850.0,2900,Sell,225867495
2024-07-24 09:19:40,23850.0,1200,Sell,225867496
2024-07-24 09:19:41,23900.0,120600,Buy,225867528
2024-07-24 09:19:41,23900.0,70000,Buy,225867527
2024-07-24 09:19:41,23900.0,100,Buy,225867525
2024-07-24 09:19:41,23900.0,500,Buy,225867524
2024-07-24 09:19:41,23900.0,100,Buy,225867523
2024-07-24 09:19:41,23900.0,200,Buy,225867526
2024-07-24 09:19:41,23900.0,4500,Buy,225867521
2024-07-24 09:19:41,23900.0,3000,Buy,225867520
2024-07-24 09:19:41,23850.0,700,Sell,225867507
2024-07-24 09:19:41,23900.0,200,Buy,225867519
2024-07-24 09:19:41,23900.0,700,Buy,225867518
2024-07-24 09:19:41,23900.0,100,Buy,225867522
2024-07-24 09:19:44,23900.0,6000,Buy,225867643
2024-07-24 09:19:47,23900.0,4000,Buy,225867786
2024-07-24 09:19:47,23900.0,700,Buy,225867787
2024-07-24 09:19:47,23900.0,13400,Buy,225867784
2024-07-24 09:19:47,23900.0,1000,Buy,225867785
2024-07-24 09:19:48,23900.0,1000,Buy,225867813
2024-07-24 09:19:48,23900.0,1000,Buy,225867840
2024-07-24 09:19:48,23900.0,400,Buy,225867839
2024-07-24 09:19:48,23900.0,100,Buy,225867838
2024-07-24 09:19:48,23900.0,500,Buy,225867837
2024-07-24 09:19:48,23900.0,2500,Buy,225867816
2024-07-24 09:19:48,23900.0,1000,Buy,225867815
2024-07-24 09:19:48,23900.0,300,Buy,225867814
2024-07-24 09:19:48,23900.0,1000,Buy,225867811
2024-07-24 09:19:48,23900.0,300,Buy,225867807
2024-07-24 09:19:48,23900.0,4000,Buy,225867809
2024-07-24 09:19:48,23900.0,100,Buy,225867808
2024-07-24 09:19:48,23900.0,100,Buy,225867810
2024-07-24 09:19:48,23900.0,300,Buy,225867806
2024-07-24 09:19:48,23900.0,500,Buy,225867805
2024-07-24 09:19:48,23900.0,100,Buy,225867804
2024-07-24 09:19:48,23900.0,100,Buy,225867803
2024-07-24 09:19:48,23900.0,1000,Buy,225867802
2024-07-24 09:19:48,23900.0,2700,Buy,225867801
2024-07-24 09:19:52,23900.0,2400,Buy,225867979
2024-07-24 09:19:52,23900.0,2600,Buy,225867980
2024-07-24 09:19:54,23900.0,100,Buy,225868031
2024-07-24 09:19:57,23900.0,200,Buy,225868153
2024-07-24 09:19:57,23900.0,2000,Buy,225868154
2024-07-24 09:19:57,23900.0,100,Buy,225868152
2024-07-24 09:19:57,23900.0,3200,Buy,225868155
2024-07-24 09:19:57,23900.0,100,Buy,225868158
2024-07-24 09:19:57,23900.0,1700,Buy,225868164
2024-07-24 09:19:57,23900.0,400,Buy,225868171
2024-07-24 09:19:57,23900.0,200,Buy,225868166
2024-07-24 09:19:57,23900.0,5000,Buy,225868169
2024-07-24 09:19:57,23900.0,200,Buy,225868170
2024-07-24 09:19:57,23900.0,500,Buy,225868172
2024-07-24 09:19:57,23900.0,400,Buy,225868173
2024-07-24 09:19:57,23900.0,100,Buy,225868151
2024-07-24 09:19:57,23900.0,100,Buy,225868165
2024-07-24 09:19:57,23900.0,600,Buy,225868150
2024-07-24 09:19:57,23900.0,10000,Buy,225868168
2024-07-24 09:19:57,23900.0,3600,Buy,225868148
2024-07-24 09:19:57,23900.0,300,Buy,225868149
2024-07-24 09:19:57,23900.0,17300,Buy,225868134
2024-07-24 09:19:57,23900.0,6600,Buy,225868135
2024-07-24 09:19:57,23900.0,300,Buy,225868136
2024-07-24 09:19:57,23900.0,20000,Buy,225868137
2024-07-24 09:19:57,23900.0,1000,Buy,225868138
2024-07-24 09:19:57,23900.0,500,Buy,225868139
2024-07-24 09:19:57,23900.0,500,Buy,225868167
2024-07-24 09:19:57,23900.0,300,Buy,225868141
2024-07-24 09:19:57,23900.0,200,Buy,225868142
2024-07-24 09:19:57,23900.0,2000,Buy,225868143
2024-07-24 09:19:57,23900.0,500,Buy,225868144
2024-07-24 09:19:57,23900.0,1200,Buy,225868145
2024-07-24 09:19:57,23900.0,500,Buy,225868146
2024-07-24 09:19:57,23900.0,100,Buy,225868140
2024-07-24 09:19:57,23900.0,5000,Buy,225868147
2024-07-24 09:19:58,23900.0,900,Buy,225868231
2024-07-24 09:19:58,23900.0,4100,Buy,225868232
2024-07-24 09:20:00,23900.0,600,Buy,225868297
2024-07-24 09:20:00,23900.0,200,Buy,225868296
2024-07-24 09:20:00,23900.0,900,Buy,225868293
2024-07-24 09:20:00,23900.0,200,Buy,225868294
2024-07-24 09:20:00,23900.0,100,Buy,225868295
2024-07-24 09:20:01,23900.0,400,Buy,225868339
2024-07-24 09:20:01,23900.0,600,Buy,225868340
2024-07-24 09:20:02,23900.0,200,Buy,225868370
2024-07-24 09:20:04,23900.0,1200,Sell,225868514
2024-07-24 09:20:04,23900.0,100,Buy,225868497
2024-07-24 09:20:04,23900.0,100,Buy,225868498
2024-07-24 09:20:04,23900.0,500,Buy,225868499
2024-07-24 09:20:07,23900.0,900,Sell,225868625
2024-07-24 09:20:10,23900.0,300,Sell,225868728
2024-07-24 09:20:13,23950.0,1000,Buy,225868867
2024-07-24 09:20:13,23950.0,1000,Buy,225868869
2024-07-24 09:20:13,23950.0,2000,Buy,225868868
2024-07-24 09:20:13,23950.0,100,Buy,225868866
2024-07-24 09:20:13,23950.0,2400,Buy,225868870
2024-07-24 09:20:13,23950.0,1000,Buy,225868864
2024-07-24 09:20:13,23950.0,200,Buy,225868863
2024-07-24 09:20:13,23950.0,100,Buy,225868862
2024-07-24 09:20:13,23950.0,1200,Buy,225868861
2024-07-24 09:20:13,23950.0,500,Buy,225868860
2024-07-24 09:20:13,23950.0,500,Buy,225868865
2024-07-24 09:20:14,23950.0,1000,Buy,225868920
2024-07-24 09:20:14,23950.0,1500,Buy,225868921
2024-07-24 09:20:14,23950.0,100,Buy,225868918
2024-07-24 09:20:14,23950.0,2600,Buy,225868917
2024-07-24 09:20:14,23950.0,10000,Buy,225868919
2024-07-24 09:20:17,23950.0,1300,Sell,225869006
2024-07-24 09:20:18,23950.0,500,Sell,225869036
2024-07-24 09:20:20,23950.0,100,Sell,225869090
2024-07-24 09:20:20,23950.0,500,Sell,225869105
2024-07-24 09:20:24,23950.0,1200,Sell,225869260
2024-07-24 09:20:26,23950.0,100,Sell,225869310
2024-07-24 09:20:29,23950.0,500,Sell,225869418
2024-07-24 09:20:29,23950.0,11100,Sell,225869415
2024-07-24 09:20:29,23950.0,300,Sell,225869416
2024-07-24 09:20:29,23950.0,1000,Sell,225869417
2024-07-24 09:20:31,23950.0,100,Buy,225869497
2024-07-24 09:20:31,23950.0,3000,Buy,225869503
2024-07-24 09:20:31,23950.0,1000,Buy,225869504
2024-07-24 09:20:34,23950.0,200,Buy,225869588
2024-07-24 09:20:36,24000.0,200,Buy,225869657
2024-07-24 09:20:36,23950.0,100,Sell,225869682
2024-07-24 09:20:36,23950.0,700,Buy,225869655
2024-07-24 09:20:36,23950.0,100,Buy,225869656
2024-07-24 09:20:37,23950.0,1000,Sell,225869752
2024-07-24 09:20:38,23950.0,700,Buy,225869772
2024-07-24 09:20:42,23950.0,300,Buy,225869889
2024-07-24 09:20:42,23950.0,100,Buy,225869896
2024-07-24 09:20:43,23950.0,200,Buy,225869944
2024-07-24 09:20:45,23950.0,3000,Buy,225869990
2024-07-24 09:20:47,23950.0,1000,Buy,225870068
2024-07-24 09:20:47,23950.0,3700,Buy,225870075
2024-07-24 09:20:47,23950.0,1300,Buy,225870079
2024-07-24 09:20:48,23950.0,500,Buy,225870126
2024-07-24 09:20:49,23950.0,100,Buy,225870161
2024-07-24 09:20:53,23950.0,600,Buy,225870316
2024-07-24 09:20:55,23950.0,2000,Buy,225870403
2024-07-24 09:20:56,23950.0,500,Buy,225870457
2024-07-24 09:20:58,23950.0,2000,Buy,225870538
2024-07-24 09:20:59,23950.0,2000,Buy,225870561
2024-07-24 09:21:00,23950.0,1000,Buy,225870577
2024-07-24 09:21:00,23950.0,3500,Buy,225870578
2024-07-24 09:21:00,23950.0,500,Buy,225870579
2024-07-24 09:21:01,23950.0,500,Buy,225870647
2024-07-24 09:21:01,23950.0,200,Buy,225870603
2024-07-24 09:21:02,23950.0,300,Buy,225870673
2024-07-24 09:21:02,23950.0,100,Buy,225870663
2024-07-24 09:21:02,23950.0,200,Buy,225870672
2024-07-24 09:21:03,23950.0,3000,Buy,225870698
2024-07-24 09:21:03,23950.0,200,Buy,225870697
2024-07-24 09:21:03,23950.0,700,Buy,225870693
2024-07-24 09:21:03,23950.0,1000,Buy,225870695
2024-07-24 09:21:03,23950.0,300,Buy,225870696
2024-07-24 09:21:03,23950.0,500,Buy,225870694
2024-07-24 09:21:06,23950.0,100,Sell,225870807
2024-07-24 09:21:07,23950.0,40000,Sell,225870836
2024-07-24 09:21:10,23950.0,3500,Sell,225870957
2024-07-24 09:21:12,23950.0,500,Sell,225871020
2024-07-24 09:21:18,24000.0,200,Buy,225871210
2024-07-24 09:21:18,24000.0,1000,Buy,225871211
2024-07-24 09:21:19,23950.0,2000,Sell,225871261
2024-07-24 09:21:19,23950.0,10000,Sell,225871285
2024-07-24 09:21:19,23950.0,1000,Sell,225871286
2024-07-24 09:21:20,23950.0,2500,Sell,225871310
2024-07-24 09:21:21,23950.0,2000,Sell,225871357
2024-07-24 09:21:21,23950.0,100,Sell,225871354
2024-07-24 09:21:21,23950.0,1000,Sell,225871356
2024-07-24 09:21:21,23950.0,1000,Sell,225871355
2024-07-24 09:21:21,23950.0,34200,Sell,225871351
2024-07-24 09:21:21,23950.0,500,Sell,225871346
2024-07-24 09:21:21,23950.0,1000,Sell,225871353
2024-07-24 09:21:26,23950.0,500,Buy,225871509
2024-07-24 09:21:28,23950.0,200,Buy,225871583
2024-07-24 09:21:29,23950.0,100,Buy,225871588
2024-07-24 09:21:29,23950.0,100,Buy,225871593
2024-07-24 09:21:29,23950.0,5000,Buy,225871604
2024-07-24 09:21:36,23950.0,4500,Buy,225871806
2024-07-24 09:21:38,23950.0,400,Buy,225871885
2024-07-24 09:21:38,23950.0,1000,Buy,225871863
2024-07-24 09:21:40,23950.0,1000,Buy,225871929
2024-07-24 09:21:41,23950.0,200,Buy,225871944
2024-07-24 09:21:42,23950.0,500,Buy,225872002
2024-07-24 09:21:46,23950.0,200,Buy,225872123
2024-07-24 09:21:46,23950.0,300,Buy,225872127
2024-07-24 09:21:46,23950.0,100,Buy,225872128
2024-07-24 09:21:49,23950.0,5000,Buy,225872255
2024-07-24 09:21:53,23950.0,100,Buy,225872379
2024-07-24 09:21:55,23950.0,1500,Buy,225872442
2024-07-24 09:21:55,23950.0,1000,Buy,225872443
2024-07-24 09:21:57,23950.0,1000,Buy,225872477
2024-07-24 09:21:57,23950.0,38000,Buy,225872481
2024-07-24 09:21:57,23950.0,1000,Buy,225872482
2024-07-24 09:21:57,23950.0,2500,Buy,225872483
2024-07-24 09:21:57,23950.0,1000,Buy,225872484
2024-07-24 09:21:57,23950.0,200,Buy,225872485
2024-07-24 09:21:57,23950.0,400,Buy,225872487
2024-07-24 09:21:57,23950.0,1000,Buy,225872488
2024-07-24 09:21:57,23950.0,200,Buy,225872489
2024-07-24 09:21:57,23950.0,600,Buy,225872490
2024-07-24 09:21:57,23950.0,400,Buy,225872491
2024-07-24 09:21:57,23950.0,200,Buy,225872486
2024-07-24 09:21:59,23950.0,1000,Sell,225872572
2024-07-24 09:22:01,23950.0,100,Sell,225872618
2024-07-24 09:22:09,23950.0,40000,Sell,225872925
2024-07-24 09:22:14,23950.0,200,Sell,225873045
2024-07-24 09:22:20,24000.0,100,Buy,225873256
2024-07-24 09:22:21,23950.0,12000,Sell,225873293
2024-07-24 09:22:22,23950.0,5000,Sell,225873314
2024-07-24 09:22:22,23950.0,800,Sell,225873313
2024-07-24 09:22:22,23950.0,200,Sell,225873311
2024-07-24 09:22:22,23950.0,300,Sell,225873310
2024-07-24 09:22:22,23950.0,100,Sell,225873312
2024-07-24 09:22:22,23950.0,100,Sell,225873308
2024-07-24 09:22:22,23950.0,500,Sell,225873307
2024-07-24 09:22:22,23950.0,500,Sell,225873306
2024-07-24 09:22:22,23950.0,1200,Sell,225873305
2024-07-24 09:22:22,23950.0,1000,Sell,225873309
2024-07-24 09:22:23,23950.0,300,Buy,225873343
2024-07-24 09:22:23,23950.0,4700,Buy,225873344
2024-07-24 09:22:25,23950.0,3300,Buy,225873432
2024-07-24 09:22:25,23950.0,16700,Buy,225873433
2024-07-24 09:22:31,23950.0,100,Buy,225873671
2024-07-24 09:22:35,23900.0,1000,Sell,225873807
2024-07-24 09:22:36,23950.0,5000,Buy,225873847
2024-07-24 09:22:39,23950.0,4500,Buy,225873957
2024-07-24 09:22:39,23950.0,100,Buy,225873977
2024-07-24 09:22:41,23950.0,2000,Buy,225874031
2024-07-24 09:22:43,23950.0,400,Buy,225874096
2024-07-24 09:22:51,23950.0,3000,Buy,225874387
2024-07-24 09:22:54,23950.0,100,Buy,225874469
2024-07-24 09:22:54,23950.0,200,Buy,225874471
2024-07-24 09:23:00,23950.0,10000,Buy,225874682
2024-07-24 09:23:04,23950.0,2000,Buy,225874811
2024-07-24 09:23:05,23950.0,2200,Buy,225874843
2024-07-24 09:23:07,23950.0,1000,Buy,225874921
2024-07-24 09:23:09,23950.0,100,Buy,225875040
2024-07-24 09:23:09,23950.0,200,Buy,225875039
2024-07-24 09:23:09,23950.0,28000,Buy,225875038
2024-07-24 09:23:09,23950.0,6100,Buy,225875041
2024-07-24 09:23:09,23950.0,700,Buy,225875036
2024-07-24 09:23:09,23950.0,1300,Buy,225875035
2024-07-24 09:23:09,23950.0,1100,Buy,225875034
2024-07-24 09:23:09,23950.0,1000,Buy,225875037
2024-07-24 09:23:09,23950.0,2700,Buy,225875033
2024-07-24 09:23:12,23900.0,400,Sell,225875135
2024-07-24 09:23:14,23950.0,100,Buy,225875223
2024-07-24 09:23:16,23900.0,3600,Sell,225875273
2024-07-24 09:23:16,23900.0,200,Sell,225875274
2024-07-24 09:23:16,23900.0,100,Sell,225875275
2024-07-24 09:23:16,23900.0,300,Sell,225875276
2024-07-24 09:23:16,23900.0,200,Sell,225875278
2024-07-24 09:23:16,23900.0,5000,Sell,225875279
2024-07-24 09:23:16,23900.0,54700,Sell,225875280
2024-07-24 09:23:16,23900.0,500,Sell,225875277
2024-07-24 09:23:23,23950.0,3000,Buy,225875510
2024-07-24 09:23:24,23900.0,5000,Sell,225875535
2024-07-24 09:23:24,23900.0,4500,Sell,225875541
2024-07-24 09:23:33,23900.0,5000,Sell,225875828
2024-07-24 09:23:34,23900.0,1800,Sell,225875872
2024-07-24 09:23:35,23900.0,100,Sell,225875908
2024-07-24 09:23:35,23900.0,1000,Sell,225875906
2024-07-24 09:23:36,23950.0,100,Buy,225875933
2024-07-24 09:23:37,23900.0,800,Sell,225875964
2024-07-24 09:23:38,23950.0,1000,Buy,225876040
2024-07-24 09:23:38,23950.0,200,Buy,225876039
2024-07-24 09:23:38,23950.0,1000,Buy,225876038
2024-07-24 09:23:38,23950.0,100,Buy,225876034
2024-07-24 09:23:38,23950.0,300,Buy,225876033
2024-07-24 09:23:38,23950.0,10000,Buy,225876032
2024-07-24 09:23:38,23950.0,20000,Buy,225876030
2024-07-24 09:23:38,23950.0,1000,Buy,225876029
2024-07-24 09:23:38,23950.0,100,Buy,225876028
2024-07-24 09:23:38,23950.0,1000,Buy,225876027
2024-07-24 09:23:38,23950.0,10000,Buy,225876026
2024-07-24 09:23:38,23900.0,5000,Sell,225875999
2024-07-24 09:23:38,23950.0,100,Buy,225876024
2024-07-24 09:23:38,23950.0,400,Buy,225876025
2024-07-24 09:23:38,23950.0,700,Buy,225876015
2024-07-24 09:23:38,23950.0,100,Buy,225876016
2024-07-24 09:23:38,23950.0,5000,Buy,225876017
2024-07-24 09:23:38,23950.0,100,Buy,225876018
2024-07-24 09:23:38,23900.0,2000,Sell,225876007
2024-07-24 09:23:38,23950.0,600,Buy,225876031
2024-07-24 09:23:38,23950.0,1000,Buy,225876020
2024-07-24 09:23:38,23950.0,10000,Buy,225876021
2024-07-24 09:23:38,23950.0,600,Buy,225876022
2024-07-24 09:23:38,23950.0,11000,Buy,225876023
2024-07-24 09:23:38,23950.0,5000,Buy,225876019
2024-07-24 09:23:39,23950.0,1000,Sell,225876053
2024-07-24 09:23:39,23950.0,2000,Sell,225876063
2024-07-24 09:23:41,23950.0,5000,Sell,225876159
2024-07-24 09:23:44,23950.0,1700,Sell,225876216
2024-07-24 09:23:44,23950.0,1000,Sell,225876222
2024-07-24 09:23:47,23950.0,500,Sell,225876315
2024-07-24 09:23:49,23950.0,1000,Sell,225876375
2024-07-24 09:23:50,23950.0,500,Sell,225876396
2024-07-24 09:23:50,23950.0,500,Sell,225876397
2024-07-24 09:23:50,23950.0,1000,Buy,225876398
2024-07-24 09:23:52,23950.0,2000,Buy,225876490
2024-07-24 09:23:56,23900.0,100,Sell,225876570
2024-07-24 09:24:01,23900.0,500,Sell,225876771
2024-07-24 09:24:01,23900.0,300,Sell,225876770
2024-07-24 09:24:01,23900.0,200,Sell,225876772
2024-07-24 09:24:05,23950.0,2000,Buy,225876895
2024-07-24 09:24:07,23950.0,44000,Buy,225876978
2024-07-24 09:24:07,23950.0,3000,Buy,225876979
2024-07-24 09:24:07,23950.0,1000,Buy,225876980
2024-07-24 09:24:07,23950.0,1800,Buy,225876981
2024-07-24 09:24:07,23950.0,20400,Buy,225876982
2024-07-24 09:24:07,23950.0,3000,Buy,225876983
2024-07-24 09:24:07,23950.0,10000,Buy,225876984
2024-07-24 09:24:07,23950.0,2500,Buy,225876985
2024-07-24 09:24:07,23950.0,4300,Buy,225876986
2024-07-24 09:24:12,23900.0,1000,Sell,225877157
2024-07-24 09:24:12,23950.0,500,Buy,225877159
2024-07-24 09:24:16,23950.0,100,Buy,225877280
2024-07-24 09:24:16,23900.0,800,Sell,225877273
2024-07-24 09:24:16,23900.0,200,Sell,225877274
2024-07-24 09:24:16,23900.0,1000,Sell,225877275
2024-07-24 09:24:18,23900.0,100,Sell,225877332
2024-07-24 09:24:18,23900.0,29000,Sell,225877338
2024-07-24 09:24:18,23900.0,100,Sell,225877337
2024-07-24 09:24:18,23900.0,200,Sell,225877336
2024-07-24 09:24:18,23900.0,2000,Sell,225877335
2024-07-24 09:24:18,23900.0,200,Sell,225877334
2024-07-24 09:24:18,23900.0,5000,Sell,225877333
2024-07-24 09:24:18,23900.0,500,Sell,225877331
2024-07-24 09:24:18,23900.0,1000,Sell,225877328
2024-07-24 09:24:18,23900.0,3000,Sell,225877329
2024-07-24 09:24:18,23900.0,1000,Sell,225877330
2024-07-24 09:24:18,23900.0,2000,Sell,225877322
2024-07-24 09:24:18,23900.0,100,Sell,225877323
2024-07-24 09:24:18,23900.0,200,Sell,225877324
2024-07-24 09:24:18,23900.0,1000,Sell,225877321
2024-07-24 09:24:18,23900.0,500,Sell,225877326
2024-07-24 09:24:18,23900.0,100,Sell,225877327
2024-07-24 09:24:18,23900.0,2000,Sell,225877325
2024-07-24 09:24:24,23900.0,800,Sell,225877584
2024-07-24 09:24:31,23950.0,5000,Sell,225877827
2024-07-24 09:24:31,23950.0,100,Buy,225877810
2024-07-24 09:24:31,23950.0,1500,Buy,225877818
2024-07-24 09:24:31,23950.0,3000,Buy,225877817
2024-07-24 09:24:31,23950.0,100,Buy,225877816
2024-07-24 09:24:31,23950.0,500,Buy,225877815
2024-07-24 09:24:31,23950.0,1000,Buy,225877814
2024-07-24 09:24:31,23950.0,100,Buy,225877813
2024-07-24 09:24:31,23950.0,500,Buy,225877812
2024-07-24 09:24:31,23950.0,1000,Buy,225877811
2024-07-24 09:24:31,23950.0,1000,Buy,225877809
2024-07-24 09:24:31,23950.0,100,Buy,225877796
2024-07-24 09:24:31,23950.0,100,Buy,225877807
2024-07-24 09:24:31,23950.0,1900,Buy,225877808
2024-07-24 09:24:31,23950.0,900,Buy,225877798
2024-07-24 09:24:31,23950.0,400,Buy,225877799
2024-07-24 09:24:31,23950.0,1000,Buy,225877800
2024-07-24 09:24:31,23950.0,100,Buy,225877801
2024-07-24 09:24:31,23900.0,5000,Sell,225877795
2024-07-24 09:24:31,23950.0,5000,Buy,225877803
2024-07-24 09:24:31,23950.0,500,Buy,225877804
2024-07-24 09:24:31,23950.0,1000,Buy,225877805
2024-07-24 09:24:31,23950.0,2000,Buy,225877802
2024-07-24 09:24:31,23950.0,10000,Buy,225877806
2024-07-24 09:24:35,23950.0,100,Sell,225877997
2024-07-24 09:24:38,23950.0,600,Sell,225878142
2024-07-24 09:24:41,23950.0,2000,Sell,225878281
2024-07-24 09:24:42,23950.0,2000,Sell,225878282
2024-07-24 09:24:43,23950.0,200,Sell,225878303
2024-07-24 09:24:45,23950.0,1500,Sell,225878351
2024-07-24 09:24:45,23950.0,1000,Sell,225878353
2024-07-24 09:24:45,23950.0,1000,Sell,225878397
2024-07-24 09:24:47,23950.0,500,Sell,225878420
2024-07-24 09:24:47,23950.0,2000,Sell,225878421
2024-07-24 09:24:49,23950.0,100,Sell,225878504
2024-07-24 09:24:49,23950.0,200,Sell,225878557
2024-07-24 09:24:50,23950.0,1000,Sell,225878568
2024-07-24 09:24:51,23950.0,1400,Sell,225878596
2024-07-24 09:24:51,23950.0,1400,Sell,225878594
2024-07-24 09:24:51,23950.0,3600,Sell,225878595
2024-07-24 09:24:53,23950.0,500,Sell,225878634
2024-07-24 09:24:54,23950.0,5100,Sell,225878683
2024-07-24 09:24:54,23950.0,2000,Buy,225878698
2024-07-24 09:24:57,23950.0,1000,Buy,225878876
2024-07-24 09:25:03,23900.0,1000,Sell,225879106
2024-07-24 09:25:04,23950.0,1900,Buy,225879153
2024-07-24 09:25:04,23950.0,5000,Buy,225879154
2024-07-24 09:25:04,23950.0,600,Buy,225879155
2024-07-24 09:25:04,23950.0,200,Buy,225879156
2024-07-24 09:25:04,23950.0,3000,Buy,225879158
2024-07-24 09:25:04,23950.0,1000,Buy,225879159
2024-07-24 09:25:04,23950.0,500,Buy,225879160
2024-07-24 09:25:04,23950.0,500,Buy,225879161
2024-07-24 09:25:04,23950.0,8000,Buy,225879162
2024-07-24 09:25:04,23950.0,100,Buy,225879163
2024-07-24 09:25:04,23950.0,500,Buy,225879164
2024-07-24 09:25:04,23950.0,10000,Buy,225879157
2024-07-24 09:25:05,23950.0,500,Sell,225879209
2024-07-24 09:25:06,23950.0,300,Sell,225879233
2024-07-24 09:25:07,23950.0,10000,Sell,225879270
2024-07-24 09:25:07,23950.0,1500,Sell,225879256
2024-07-24 09:25:08,23950.0,1600,Sell,225879298
2024-07-24 09:25:10,23950.0,3000,Sell,225879372
2024-07-24 09:25:10,23950.0,300,Sell,225879384
2024-07-24 09:25:12,23950.0,500,Sell,225879443
2024-07-24 09:25:12,23950.0,5000,Sell,225879462
2024-07-24 09:25:12,23950.0,900,Sell,225879463
2024-07-24 09:25:12,23950.0,500,Sell,225879464
2024-07-24 09:25:13,23950.0,3000,Sell,225879539
2024-07-24 09:25:16,24000.0,100,Buy,225879606
2024-07-24 09:25:16,23950.0,100,Sell,225879631
2024-07-24 09:25:18,23950.0,100,Sell,225879714
2024-07-24 09:25:19,23950.0,5000,Sell,225879729
2024-07-24 09:25:22,23950.0,1000,Sell,225879856
2024-07-24 09:25:24,23950.0,2000,Sell,225879948
2024-07-24 09:25:27,23950.0,400,Sell,225880079
2024-07-24 09:25:28,23950.0,1000,Sell,225880103
2024-07-24 09:25:29,24000.0,3000,Buy,225880168
2024-07-24 09:25:29,23950.0,100,Sell,225880169
2024-07-24 09:25:30,23950.0,15000,Sell,225880208
2024-07-24 09:25:36,23950.0,200,Sell,225880430
2024-07-24 09:25:38,23950.0,500,Sell,225880540
2024-07-24 09:25:45,23950.0,100,Sell,225880733
2024-07-24 09:25:51,23950.0,400,Sell,225880946
2024-07-24 09:25:51,23950.0,5000,Sell,225880947
2024-07-24 09:25:52,23950.0,100,Sell,225880999
2024-07-24 09:25:53,23950.0,25300,Sell,225881046
2024-07-24 09:25:53,23950.0,1000,Sell,225881045
2024-07-24 09:25:53,23950.0,300,Sell,225881044
2024-07-24 09:25:53,23950.0,600,Sell,225881043
2024-07-24 09:25:53,23950.0,3000,Sell,225881031
2024-07-24 09:25:53,23950.0,10600,Sell,225881030
2024-07-24 09:25:53,23950.0,1400,Sell,225881032
2024-07-24 09:25:55,23950.0,1500,Sell,225881106
2024-07-24 09:25:55,23950.0,1300,Sell,225881107
2024-07-24 09:25:55,23950.0,1000,Sell,225881108
2024-07-24 09:25:55,23950.0,1200,Sell,225881109
2024-07-24 09:25:56,23950.0,2000,Sell,225881140
2024-07-24 09:25:57,23950.0,1800,Sell,225881181
2024-07-24 09:25:58,23950.0,200,Buy,225881222
2024-07-24 09:25:58,23950.0,1800,Sell,225881249
2024-07-24 09:26:00,23950.0,700,Buy,225881305
2024-07-24 09:26:01,23950.0,2000,Buy,225881318
2024-07-24 09:26:04,23900.0,5000,Sell,225881458
2024-07-24 09:26:05,23950.0,100,Buy,225881470
2024-07-24 09:26:06,23950.0,300,Buy,225881532
2024-07-24 09:26:08,23950.0,1500,Buy,225881614
2024-07-24 09:26:11,23950.0,100,Buy,225881719
2024-07-24 09:26:20,23900.0,5000,Sell,225882001
2024-07-24 09:26:22,23950.0,100,Buy,225882096
2024-07-24 09:26:22,23950.0,1300,Buy,225882101
2024-07-24 09:26:22,23950.0,300,Buy,225882100
2024-07-24 09:26:22,23950.0,1000,Buy,225882099
2024-07-24 09:26:22,23950.0,5000,Buy,225882097
2024-07-24 09:26:22,23950.0,500,Buy,225882095
2024-07-24 09:26:22,23950.0,1000,Buy,225882098
2024-07-24 09:26:22,23950.0,500,Buy,225882093
2024-07-24 09:26:22,23950.0,100,Buy,225882089
2024-07-24 09:26:22,23950.0,200,Buy,225882090
2024-07-24 09:26:22,23950.0,3000,Buy,225882094
2024-07-24 09:26:22,23950.0,6000,Buy,225882088
2024-07-24 09:26:22,23950.0,500,Buy,225882092
2024-07-24 09:26:22,23950.0,500,Buy,225882091
2024-07-24 09:26:24,23900.0,2000,Sell,225882199
2024-07-24 09:26:27,23950.0,200,Buy,225882262
2024-07-24 09:26:33,23950.0,200,Buy,225882493
2024-07-24 09:26:36,23900.0,1500,Sell,225882588
2024-07-24 09:26:36,23900.0,600,Sell,225882589
2024-07-24 09:26:46,23900.0,100,Sell,225882930
2024-07-24 09:26:46,23900.0,100,Sell,225882929
2024-07-24 09:26:46,23900.0,100,Sell,225882928
2024-07-24 09:27:00,23900.0,500,Sell,225883460
2024-07-24 09:27:00,23900.0,100,Sell,225883461
2024-07-24 09:27:00,23900.0,200,Sell,225883462
2024-07-24 09:27:00,23900.0,200,Sell,225883463
2024-07-24 09:27:02,23900.0,200,Sell,225883528
2024-07-24 09:27:02,23900.0,200,Sell,225883521
2024-07-24 09:27:02,23900.0,300,Sell,225883518
2024-07-24 09:27:02,23900.0,400,Sell,225883519
2024-07-24 09:27:02,23900.0,100,Sell,225883520
2024-07-24 09:27:04,23900.0,100,Sell,225883607
2024-07-24 09:27:06,23900.0,500,Sell,225883688
2024-07-24 09:27:06,23900.0,100,Sell,225883689
2024-07-24 09:27:06,23900.0,500,Sell,225883690
2024-07-24 09:27:06,23900.0,500,Sell,225883691
2024-07-24 09:27:06,23900.0,2000,Sell,225883694
2024-07-24 09:27:06,23900.0,5000,Sell,225883692
2024-07-24 09:27:06,23900.0,1000,Sell,225883693
2024-07-24 09:27:06,23900.0,1000,Sell,225883695
2024-07-24 09:27:06,23900.0,3300,Buy,225883719
2024-07-24 09:27:06,23900.0,1000,Sell,225883697
2024-07-24 09:27:06,23900.0,200,Sell,225883698
2024-07-24 09:27:06,23900.0,100,Sell,225883699
2024-07-24 09:27:06,23900.0,1000,Sell,225883700
2024-07-24 09:27:06,23900.0,1000,Sell,225883701
2024-07-24 09:27:06,23900.0,100,Sell,225883702
2024-07-24 09:27:06,23900.0,300,Sell,225883703
2024-07-24 09:27:06,23900.0,100,Sell,225883704
2024-07-24 09:27:06,23900.0,3000,Sell,225883687
2024-07-24 09:27:06,23900.0,300,Sell,225883696
2024-07-24 09:27:06,23900.0,1000,Sell,225883686
2024-07-24 09:27:06,23900.0,100,Sell,225883678
2024-07-24 09:27:06,23900.0,400,Sell,225883684
2024-07-24 09:27:06,23900.0,1000,Sell,225883654
2024-07-24 09:27:06,23900.0,200,Sell,225883665
2024-07-24 09:27:06,23900.0,200,Sell,225883666
2024-07-24 09:27:06,23900.0,100,Sell,225883667
2024-07-24 09:27:06,23900.0,100000,Sell,225883668
2024-07-24 09:27:06,23900.0,10000,Sell,225883669
2024-07-24 09:27:06,23900.0,5000,Sell,225883685
2024-07-24 09:27:06,23900.0,50000,Sell,225883671
2024-07-24 09:27:06,23900.0,1000,Sell,225883672
2024-07-24 09:27:06,23900.0,3000,Sell,225883670
2024-07-24 09:27:06,23900.0,400,Sell,225883674
2024-07-24 09:27:06,23900.0,300,Sell,225883675
2024-07-24 09:27:06,23900.0,1000,Sell,225883677
2024-07-24 09:27:06,23900.0,3600,Sell,225883679
2024-07-24 09:27:06,23900.0,100,Sell,225883680
2024-07-24 09:27:06,23900.0,300,Sell,225883681
2024-07-24 09:27:06,23900.0,200,Sell,225883682
2024-07-24 09:27:06,23900.0,100,Sell,225883683
2024-07-24 09:27:06,23900.0,1000,Sell,225883673
2024-07-24 09:27:06,23900.0,1000,Sell,225883676
2024-07-24 09:27:09,23900.0,2000,Sell,225883826
2024-07-24 09:27:10,23900.0,1000,Sell,225883873
2024-07-24 09:27:10,23900.0,600,Sell,225883894
2024-07-24 09:27:11,23900.0,7500,Sell,225883916
2024-07-24 09:27:11,23900.0,1000,Sell,225883917
2024-07-24 09:27:12,23900.0,2000,Buy,225883942
2024-07-24 09:27:14,23850.0,500,Sell,225884034
2024-07-24 09:27:16,23850.0,400,Sell,225884120
2024-07-24 09:27:16,23850.0,100,Sell,225884119
2024-07-24 09:27:17,23900.0,2000,Buy,225884163
2024-07-24 09:27:23,23900.0,3300,Buy,225884323
2024-07-24 09:27:25,23850.0,200,Sell,225884412
2024-07-24 09:27:26,23900.0,400,Buy,225884422
2024-07-24 09:27:28,23850.0,200,Sell,225884512
2024-07-24 09:27:28,23850.0,2500,Sell,225884511
2024-07-24 09:27:28,23850.0,1800,Sell,225884510
2024-07-24 09:27:28,23850.0,2000,Sell,225884509
2024-07-24 09:27:28,23850.0,500,Sell,225884508
2024-07-24 09:27:28,23850.0,11600,Sell,225884513
2024-07-24 09:27:28,23850.0,10000,Sell,225884506
2024-07-24 09:27:28,23850.0,100,Sell,225884505
2024-07-24 09:27:28,23850.0,10000,Sell,225884504
2024-07-24 09:27:28,23850.0,500,Sell,225884503
2024-07-24 09:27:28,23850.0,100,Sell,225884502
2024-07-24 09:27:28,23850.0,200,Sell,225884507
2024-07-24 09:27:28,23850.0,500,Sell,225884501
2024-07-24 09:27:32,23850.0,5000,Sell,225884679
2024-07-24 09:27:35,23850.0,100,Sell,225884826
2024-07-24 09:27:37,23850.0,2800,Sell,225884969
2024-07-24 09:27:38,23900.0,3800,Buy,225884985
2024-07-24 09:27:38,23900.0,1000,Buy,225885003
2024-07-24 09:27:38,23900.0,1500,Buy,225885020
2024-07-24 09:27:38,23900.0,2800,Buy,225885004
2024-07-24 09:27:39,23850.0,500,Sell,225885034
2024-07-24 09:27:39,23850.0,100,Sell,225885035
2024-07-24 09:27:39,23850.0,3400,Sell,225885036
2024-07-24 09:27:40,23850.0,1000,Sell,225885056
2024-07-24 09:27:40,23850.0,2000,Sell,225885059
2024-07-24 09:27:44,23850.0,1500,Sell,225885214
2024-07-24 09:27:44,23850.0,1500,Sell,225885215
2024-07-24 09:27:44,23850.0,3700,Sell,225885229
2024-07-24 09:27:46,23850.0,1000,Sell,225885305
2024-07-24 09:27:47,23900.0,200,Buy,225885340
2024-07-24 09:27:49,23850.0,300,Sell,225885371
2024-07-24 09:27:49,23850.0,200,Sell,225885372
2024-07-24 09:27:50,23850.0,500,Sell,225885408
2024-07-24 09:27:53,23850.0,10000,Sell,225885483
2024-07-24 09:28:01,23850.0,1000,Sell,225885829
2024-07-24 09:28:03,23900.0,500,Buy,225885919
2024-07-24 09:28:03,23900.0,1800,Buy,225885920
2024-07-24 09:28:03,23900.0,1000,Buy,225885921
2024-07-24 09:28:03,23900.0,600,Buy,225885922
2024-07-24 09:28:03,23900.0,500,Buy,225885923
2024-07-24 09:28:03,23900.0,1000,Buy,225885924
2024-07-24 09:28:03,23900.0,2200,Buy,225885925
2024-07-24 09:28:12,23900.0,100,Buy,225886268
2024-07-24 09:28:20,23900.0,1000,Buy,225886484
2024-07-24 09:28:23,23850.0,100,Sell,225886609
2024-07-24 09:28:23,23900.0,1700,Buy,225886606
2024-07-24 09:28:23,23900.0,200,Buy,225886607
2024-07-24 09:28:23,23900.0,3100,Buy,225886608
2024-07-24 09:28:29,23900.0,1500,Buy,225886783
2024-07-24 09:28:33,23900.0,1000,Buy,225886932
2024-07-24 09:28:33,23900.0,200,Buy,225886927
2024-07-24 09:28:33,23900.0,700,Buy,225886928
2024-07-24 09:28:33,23900.0,500,Buy,225886929
2024-07-24 09:28:33,23900.0,500,Buy,225886930
2024-07-24 09:28:33,23900.0,1000,Buy,225886931
2024-07-24 09:28:33,23900.0,500,Buy,225886933
2024-07-24 09:28:33,23900.0,5000,Buy,225886946
2024-07-24 09:28:33,23900.0,5000,Buy,225886935
2024-07-24 09:28:33,23900.0,5000,Buy,225886926
2024-07-24 09:28:33,23900.0,600,Buy,225886937
2024-07-24 09:28:33,23900.0,500,Buy,225886938
2024-07-24 09:28:33,23900.0,1000,Buy,225886939
2024-07-24 09:28:33,23900.0,500,Buy,225886940
2024-07-24 09:28:33,23900.0,100,Buy,225886945
2024-07-24 09:28:33,23900.0,500,Buy,225886934
2024-07-24 09:28:33,23900.0,300,Buy,225886925
2024-07-24 09:28:33,23900.0,300,Buy,225886936
2024-07-24 09:28:33,23900.0,100,Buy,225886923
2024-07-24 09:28:33,23900.0,300,Buy,225886907
2024-07-24 09:28:33,23900.0,100,Buy,225886908
2024-07-24 09:28:33,23900.0,1500,Buy,225886909
2024-07-24 09:28:33,23900.0,700,Buy,225886910
2024-07-24 09:28:33,23900.0,2000,Buy,225886911
2024-07-24 09:28:33,23900.0,500,Buy,225886912
2024-07-24 09:28:33,23900.0,2000,Buy,225886914
2024-07-24 09:28:33,23900.0,5000,Buy,225886913
2024-07-24 09:28:33,23900.0,1000,Buy,225886916
2024-07-24 09:28:33,23900.0,400,Buy,225886917
2024-07-24 09:28:33,23900.0,9800,Buy,225886918
2024-07-24 09:28:33,23900.0,200,Buy,225886919
2024-07-24 09:28:33,23900.0,2000,Buy,225886920
2024-07-24 09:28:33,23900.0,2500,Buy,225886921
2024-07-24 09:28:33,23900.0,500,Buy,225886922
2024-07-24 09:28:33,23900.0,9000,Buy,225886915
2024-07-24 09:28:33,23900.0,11000,Buy,225886924
2024-07-24 09:28:40,23900.0,4000,Sell,225887146
2024-07-24 09:28:43,23900.0,5000,Sell,225887271
2024-07-24 09:28:44,23900.0,800,Sell,225887289
2024-07-24 09:28:46,23950.0,100,Buy,225887376
2024-07-24 09:28:47,23900.0,2900,Sell,225887389
2024-07-24 09:28:47,23900.0,500,Sell,225887397
2024-07-24 09:28:53,23900.0,300,Sell,225887535
2024-07-24 09:28:55,23900.0,2100,Sell,225887655
2024-07-24 09:28:56,23900.0,800,Sell,225887676
2024-07-24 09:28:57,23900.0,200,Sell,225887721
2024-07-24 09:28:59,23900.0,1000,Sell,225887795
2024-07-24 09:29:00,23950.0,1200,Buy,225887809
2024-07-24 09:29:00,23950.0,300,Buy,225887810
2024-07-24 09:29:04,23900.0,2000,Sell,225887932
2024-07-24 09:29:07,23900.0,200,Sell,225888049
2024-07-24 09:29:08,23900.0,2000,Sell,225888055
2024-07-24 09:29:10,23900.0,400,Sell,225888118
2024-07-24 09:29:13,23900.0,100,Sell,225888256
2024-07-24 09:29:17,23900.0,1000,Sell,225888397
2024-07-24 09:29:26,23900.0,200,Sell,225888668
2024-07-24 09:29:27,23950.0,100,Buy,225888689
2024-07-24 09:29:28,23950.0,300,Buy,225888742
2024-07-24 09:29:29,23950.0,500,Buy,225888789
2024-07-24 09:29:29,23950.0,200,Buy,225888788
2024-07-24 09:29:29,23950.0,500,Buy,225888787
2024-07-24 09:29:29,23950.0,200,Buy,225888786
2024-07-24 09:29:29,23950.0,100,Buy,225888783
2024-07-24 09:29:29,23950.0,4000,Buy,225888784
2024-07-24 09:29:29,23900.0,1000,Sell,225888774
2024-07-24 09:29:29,23950.0,2000,Buy,225888785
2024-07-24 09:29:29,23950.0,6900,Buy,225888782
2024-07-24 09:29:30,23900.0,3700,Sell,225888881
2024-07-24 09:29:30,23900.0,1300,Sell,225888882
2024-07-24 09:29:31,23900.0,1000,Sell,225888941
2024-07-24 09:29:36,23900.0,100,Sell,225889089
2024-07-24 09:29:37,23950.0,4500,Buy,225889126
2024-07-24 09:29:37,23950.0,5000,Buy,225889155
2024-07-24 09:29:37,23950.0,500,Buy,225889156
2024-07-24 09:29:42,23900.0,2000,Sell,225889393
2024-07-24 09:29:45,23900.0,500,Sell,225889479
2024-07-24 09:29:52,23900.0,9500,Sell,225889788
2024-07-24 09:29:52,23900.0,500,Sell,225889789
2024-07-24 09:29:56,23900.0,500,Sell,225889957
2024-07-24 09:29:56,23900.0,3000,Sell,225889941
2024-07-24 09:29:56,23900.0,1000,Sell,225889944
2024-07-24 09:29:56,23900.0,500,Sell,225889956
2024-07-24 09:30:01,23900.0,1000,Sell,225890072
2024-07-24 09:30:03,23900.0,500,Sell,225890140
2024-07-24 09:30:07,23900.0,100,Sell,225890244
2024-07-24 09:30:18,23900.0,5600,Sell,225890523
2024-07-24 09:30:18,23900.0,400,Sell,225890524
2024-07-24 09:30:18,23900.0,100,Sell,225890556
2024-07-24 09:30:18,23900.0,3200,Sell,225890559
2024-07-24 09:30:18,23900.0,100,Sell,225890561
2024-07-24 09:30:19,23900.0,4000,Sell,225890582
2024-07-24 09:30:22,23900.0,2000,Sell,225890662
2024-07-24 09:30:25,23900.0,2800,Sell,225890749
2024-07-24 09:30:27,23900.0,500,Sell,225890800
2024-07-24 09:30:27,23900.0,14400,Sell,225890801
2024-07-24 09:30:27,23900.0,400,Sell,225890802
2024-07-24 09:30:27,23900.0,4700,Sell,225890799
2024-07-24 09:30:34,23900.0,100,Sell,225890952
2024-07-24 09:30:34,23900.0,100,Sell,225890953
2024-07-24 09:30:36,23950.0,100,Buy,225891033
2024-07-24 09:30:36,23900.0,1600,Sell,225891016
2024-07-24 09:30:36,23950.0,100,Buy,225891032
2024-07-24 09:30:36,23900.0,500,Sell,225891014
2024-07-24 09:30:36,23900.0,1000,Sell,225891015
2024-07-24 09:30:36,23900.0,1900,Sell,225891013
2024-07-24 09:30:42,23900.0,8600,Sell,225891185
2024-07-24 09:30:42,23900.0,400,Sell,225891183
2024-07-24 09:30:42,23900.0,1000,Sell,225891184
2024-07-24 09:30:48,23900.0,3000,Sell,225891441
2024-07-24 09:30:48,23900.0,300,Sell,225891452
2024-07-24 09:30:49,23950.0,400,Buy,225891465
2024-07-24 09:30:51,23950.0,1000,Buy,225891532
2024-07-24 09:30:56,23950.0,100,Buy,225891751
2024-07-24 09:30:57,23950.0,3500,Buy,225891904
2024-07-24 09:30:57,23950.0,100,Buy,225891903
2024-07-24 09:30:57,23950.0,1400,Buy,225891902
2024-07-24 09:31:08,23950.0,1900,Buy,225892188
2024-07-24 09:31:10,23950.0,700,Buy,225892259
2024-07-24 09:31:21,23900.0,500,Sell,225892571
2024-07-24 09:31:26,23950.0,400,Buy,225892716
2024-07-24 09:31:28,23900.0,500,Sell,225892763
2024-07-24 09:31:28,23950.0,700,Buy,225892766
2024-07-24 09:31:29,23900.0,800,Sell,225892819
2024-07-24 09:31:36,23900.0,1000,Sell,225892968
2024-07-24 09:31:39,23900.0,100,Sell,225893033
2024-07-24 09:31:43,23900.0,300,Sell,225893162
2024-07-24 09:31:48,23900.0,1000,Sell,225893329
2024-07-24 09:31:49,23900.0,100,Sell,225893346
2024-07-24 09:31:51,23900.0,3800,Sell,225893404
2024-07-24 09:31:51,23900.0,3800,Sell,225893414
2024-07-24 09:31:51,23900.0,3000,Sell,225893413
2024-07-24 09:31:51,23900.0,600,Sell,225893410
2024-07-24 09:31:51,23900.0,2000,Sell,225893412
2024-07-24 09:31:51,23900.0,100,Sell,225893408
2024-07-24 09:31:51,23900.0,500,Sell,225893407
2024-07-24 09:31:51,23900.0,1000,Sell,225893406
2024-07-24 09:31:51,23900.0,2000,Sell,225893405
2024-07-24 09:31:51,23900.0,3000,Sell,225893409
2024-07-24 09:31:51,23900.0,200,Sell,225893411
2024-07-24 09:31:54,23900.0,500,Sell,225893539
2024-07-24 09:31:55,23900.0,1000,Sell,225893555
2024-07-24 09:32:00,23950.0,200,Buy,225893752
2024-07-24 09:32:00,23950.0,1800,Buy,225893749
2024-07-24 09:32:00,23950.0,1000,Buy,225893750
2024-07-24 09:32:00,23950.0,2000,Buy,225893751
2024-07-24 09:32:01,23900.0,500,Sell,225893783
2024-07-24 09:32:04,23900.0,4500,Sell,225893910
2024-07-24 09:32:08,23900.0,8600,Sell,225894041
2024-07-24 09:32:08,23900.0,100,Sell,225894040
2024-07-24 09:32:08,23900.0,3300,Sell,225894039
2024-07-24 09:32:08,23900.0,4100,Sell,225894034
2024-07-24 09:32:08,23900.0,1000,Sell,225894037
2024-07-24 09:32:08,23900.0,1000,Sell,225894036
2024-07-24 09:32:08,23900.0,6800,Sell,225894035
2024-07-24 09:32:08,23900.0,100,Sell,225894038
2024-07-24 09:32:10,23900.0,100,Sell,225894063
2024-07-24 09:32:13,23900.0,500,Sell,225894153
2024-07-24 09:32:14,23900.0,3800,Sell,225894194
2024-07-24 09:32:18,23900.0,1400,Sell,225894275
2024-07-24 09:32:18,23900.0,500,Sell,225894276
2024-07-24 09:32:18,23900.0,100,Sell,225894277
2024-07-24 09:32:18,23900.0,1000,Sell,225894278
2024-07-24 09:32:21,23950.0,14400,Buy,225894411
2024-07-24 09:32:24,23900.0,3000,Sell,225894530
2024-07-24 09:32:24,23900.0,100,Sell,225894542
2024-07-24 09:32:26,23900.0,4500,Sell,225894614
2024-07-24 09:32:26,23900.0,500,Sell,225894613
2024-07-24 09:32:28,23900.0,300,Sell,225894657
2024-07-24 09:32:29,23900.0,100,Sell,225894707
2024-07-24 09:32:44,23900.0,5100,Sell,225895193
2024-07-24 09:32:44,23900.0,200,Sell,225895217
2024-07-24 09:32:44,23900.0,1000,Sell,225895201
2024-07-24 09:32:44,23900.0,3000,Sell,225895200
2024-07-24 09:32:44,23900.0,100,Sell,225895199
2024-07-24 09:32:44,23900.0,9800,Sell,225895202
2024-07-24 09:32:44,23900.0,600,Sell,225895197
2024-07-24 09:32:44,23900.0,1000,Sell,225895196
2024-07-24 09:32:44,23900.0,1000,Sell,225895195
2024-07-24 09:32:44,23900.0,7600,Sell,225895194
2024-07-24 09:32:44,23900.0,800,Sell,225895198
2024-07-24 09:32:46,23900.0,1100,Sell,225895256
2024-07-24 09:32:52,23900.0,5000,Sell,225895419
2024-07-24 09:32:52,23900.0,8100,Sell,225895423
2024-07-24 09:32:52,23900.0,4200,Sell,225895422
2024-07-24 09:32:52,23900.0,100,Sell,225895421
2024-07-24 09:32:52,23900.0,200,Sell,225895420
2024-07-24 09:32:52,23900.0,100,Sell,225895418
2024-07-24 09:32:52,23900.0,1000,Sell,225895416
2024-07-24 09:32:52,23900.0,1500,Sell,225895411
2024-07-24 09:32:52,23900.0,7400,Sell,225895412
2024-07-24 09:32:52,23900.0,1200,Sell,225895413
2024-07-24 09:32:52,23900.0,600,Sell,225895417
2024-07-24 09:32:52,23900.0,1600,Sell,225895415
2024-07-24 09:32:52,23900.0,500,Sell,225895414
2024-07-24 09:32:54,23900.0,1500,Sell,225895474
2024-07-24 09:32:54,23900.0,1000,Sell,225895468
2024-07-24 09:32:59,23900.0,3000,Sell,225895560
2024-07-24 09:32:59,23900.0,30000,Sell,225895566
2024-07-24 09:33:01,23900.0,100,Sell,225895613
2024-07-24 09:33:05,23900.0,4000,Sell,225895673
2024-07-24 09:33:07,23900.0,100,Sell,225895731
2024-07-24 09:33:07,23900.0,100,Sell,225895730
2024-07-24 09:33:07,23900.0,400,Sell,225895729
2024-07-24 09:33:07,23900.0,500,Sell,225895732
2024-07-24 09:33:07,23900.0,600,Sell,225895727
2024-07-24 09:33:07,23900.0,500,Sell,225895726
2024-07-24 09:33:07,23900.0,2300,Sell,225895725
2024-07-24 09:33:07,23900.0,500,Sell,225895728
2024-07-24 09:33:08,23900.0,1800,Sell,225895741
2024-07-24 09:33:08,23900.0,4200,Sell,225895751
2024-07-24 09:33:08,23900.0,800,Sell,225895752
2024-07-24 09:33:13,23900.0,5000,Sell,225895859
2024-07-24 09:33:13,23900.0,14400,Sell,225895868
2024-07-24 09:33:13,23900.0,15200,Sell,225895865
2024-07-24 09:33:13,23900.0,300,Sell,225895864
2024-07-24 09:33:13,23900.0,5000,Sell,225895863
2024-07-24 09:33:13,23900.0,15000,Sell,225895862
2024-07-24 09:33:13,23900.0,6200,Sell,225895861
2024-07-24 09:33:13,23900.0,200,Sell,225895860
2024-07-24 09:33:13,23900.0,14400,Sell,225895858
2024-07-24 09:33:13,23900.0,1000,Sell,225895867
2024-07-24 09:33:13,23900.0,4000,Sell,225895856
2024-07-24 09:33:13,23900.0,100,Sell,225895857
2024-07-24 09:33:13,23900.0,100,Sell,225895848
2024-07-24 09:33:13,23900.0,1000,Sell,225895849
2024-07-24 09:33:13,23900.0,5000,Sell,225895850
2024-07-24 09:33:13,23900.0,50000,Sell,225895866
2024-07-24 09:33:13,23900.0,11000,Sell,225895852
2024-07-24 09:33:13,23900.0,700,Sell,225895851
2024-07-24 09:33:13,23900.0,200,Sell,225895853
2024-07-24 09:33:13,23900.0,1000,Sell,225895854
2024-07-24 09:33:13,23900.0,2000,Sell,225895855
2024-07-24 09:33:14,23900.0,100,Buy,225895885
2024-07-24 09:33:15,23850.0,400,Sell,225895904
2024-07-24 09:33:21,23900.0,400,Buy,225896033
2024-07-24 09:33:27,23900.0,500,Buy,225896182
2024-07-24 09:33:28,23900.0,32000,Buy,225896202
2024-07-24 09:33:30,23900.0,10000,Buy,225896247
2024-07-24 09:33:32,23900.0,5200,Buy,225896300
2024-07-24 09:33:32,23900.0,4800,Buy,225896301
2024-07-24 09:33:33,23900.0,100,Buy,225896312
2024-07-24 09:33:38,23900.0,2300,Buy,225896423
2024-07-24 09:33:38,23900.0,500,Buy,225896422
2024-07-24 09:33:38,23900.0,5800,Buy,225896424
2024-07-24 09:33:38,23900.0,100,Buy,225896419
2024-07-24 09:33:38,23900.0,200,Buy,225896420
2024-07-24 09:33:38,23900.0,100,Buy,225896421
2024-07-24 09:33:39,23900.0,1000,Sell,225896427
2024-07-24 09:33:41,23900.0,100,Buy,225896463
2024-07-24 09:33:48,23900.0,1400,Buy,225896661
2024-07-24 09:33:48,23900.0,6000,Buy,225896662
2024-07-24 09:33:50,23900.0,500,Sell,225896701
2024-07-24 09:33:55,23900.0,2100,Sell,225896866
2024-07-24 09:33:56,23900.0,700,Sell,225896888
2024-07-24 09:33:59,23900.0,700,Sell,225896966
2024-07-24 09:33:59,23900.0,600,Sell,225896961
2024-07-24 09:34:00,23900.0,100,Sell,225896991
2024-07-24 09:34:00,23900.0,500,Sell,225896992
2024-07-24 09:34:00,23900.0,400,Sell,225896990
2024-07-24 09:34:01,23900.0,100,Sell,225897014
2024-07-24 09:34:10,23900.0,400,Sell,225897231
2024-07-24 09:34:10,23900.0,100,Sell,225897232
2024-07-24 09:34:16,23900.0,900,Sell,225897441
2024-07-24 09:34:16,23900.0,100,Sell,225897442
2024-07-24 09:34:20,23900.0,1200,Sell,225897536
2024-07-24 09:34:28,23900.0,1000,Sell,225897696
2024-07-24 09:34:32,23900.0,7700,Sell,225897813
2024-07-24 09:34:32,23900.0,2000,Sell,225897814
2024-07-24 09:34:32,23900.0,2000,Sell,225897815
2024-07-24 09:34:32,23900.0,1300,Sell,225897816
2024-07-24 09:34:32,23950.0,1700,Buy,225897812
2024-07-24 09:34:44,23900.0,1300,Sell,225898089
2024-07-24 09:34:44,23900.0,500,Sell,225898090
2024-07-24 09:34:44,23900.0,3200,Sell,225898091
2024-07-24 09:34:44,23950.0,100,Buy,225898094
2024-07-24 09:34:45,23900.0,2000,Sell,225898121
2024-07-24 09:34:52,23900.0,300,Sell,225898275
2024-07-24 09:34:57,23900.0,500,Sell,225898399
2024-07-24 09:34:59,23900.0,1000,Sell,225898428
2024-07-24 09:35:00,23950.0,4200,Buy,225898480
2024-07-24 09:35:00,23950.0,8000,Buy,225898479
2024-07-24 09:35:00,23900.0,1000,Sell,225898507
2024-07-24 09:35:00,23950.0,100,Buy,225898477
2024-07-24 09:35:00,23950.0,1600,Buy,225898476
2024-07-24 09:35:00,23950.0,500,Buy,225898478
2024-07-24 09:35:05,23900.0,200,Sell,225898713
2024-07-24 09:35:14,23950.0,5000,Buy,225898969
2024-07-24 09:35:14,23950.0,200,Buy,225898970
2024-07-24 09:35:14,23950.0,2000,Buy,225898971
2024-07-24 09:35:14,23950.0,10000,Buy,225898972
2024-07-24 09:35:14,23950.0,5000,Buy,225898973
2024-07-24 09:35:14,23950.0,200,Buy,225898974
2024-07-24 09:35:14,23950.0,1000,Buy,225898980
2024-07-24 09:35:14,23950.0,500,Buy,225898982
2024-07-24 09:35:14,23950.0,100,Buy,225898983
2024-07-24 09:35:14,23950.0,500,Buy,225898984
2024-07-24 09:35:14,23950.0,800,Buy,225898985
2024-07-24 09:35:14,23950.0,3000,Buy,225898986
2024-07-24 09:35:14,23950.0,1000,Buy,225898987
2024-07-24 09:35:14,23950.0,9900,Buy,225898988
2024-07-24 09:35:14,23950.0,1200,Buy,225898981
2024-07-24 09:35:14,23950.0,2000,Buy,225898967
2024-07-24 09:35:14,23950.0,1000,Buy,225898968
2024-07-24 09:35:14,23950.0,100,Buy,225898965
2024-07-24 09:35:14,23950.0,1000,Buy,225898966
2024-07-24 09:35:14,23950.0,800,Buy,225898950
2024-07-24 09:35:14,23950.0,700,Buy,225898951
2024-07-24 09:35:14,23950.0,2000,Buy,225898952
2024-07-24 09:35:14,23950.0,500,Buy,225898954
2024-07-24 09:35:14,23950.0,1000,Buy,225898955
2024-07-24 09:35:14,23950.0,5000,Buy,225898956
2024-07-24 09:35:14,23950.0,50000,Buy,225898953
2024-07-24 09:35:14,23950.0,8000,Buy,225898958
2024-07-24 09:35:14,23950.0,1000,Buy,225898959
2024-07-24 09:35:14,23950.0,15500,Buy,225898960
2024-07-24 09:35:14,23950.0,500,Buy,225898961
2024-07-24 09:35:14,23950.0,100,Buy,225898962
2024-07-24 09:35:14,23950.0,200,Buy,225898963
2024-07-24 09:35:14,23950.0,100,Buy,225898957
2024-07-24 09:35:14,23950.0,100,Buy,225898964
2024-07-24 09:35:28,23950.0,100,Buy,225899386
2024-07-24 09:35:29,23950.0,100,Buy,225899400
2024-07-24 09:35:29,23950.0,500,Buy,225899401
2024-07-24 09:35:29,23950.0,1000,Buy,225899402
2024-07-24 09:35:29,23950.0,4100,Buy,225899405
2024-07-24 09:35:29,23950.0,100,Buy,225899404
2024-07-24 09:35:29,23950.0,1000,Buy,225899399
2024-07-24 09:35:29,23950.0,2000,Buy,225899403
2024-07-24 09:35:29,23950.0,300,Buy,225899398
2024-07-24 09:35:29,23950.0,500,Buy,225899390
2024-07-24 09:35:29,23950.0,2000,Buy,225899396
2024-07-24 09:35:29,23950.0,1500,Buy,225899395
2024-07-24 09:35:29,23950.0,1000,Buy,225899394
2024-07-24 09:35:29,23950.0,3000,Buy,225899393
2024-07-24 09:35:29,23950.0,100,Buy,225899392
2024-07-24 09:35:29,23950.0,8000,Buy,225899391
2024-07-24 09:35:29,23950.0,500,Buy,225899389
2024-07-24 09:35:29,23950.0,100,Buy,225899388
2024-07-24 09:35:29,23950.0,100,Buy,225899397
2024-07-24 09:35:32,23950.0,10300,Buy,225899515
2024-07-24 09:35:34,23950.0,500,Buy,225899564
2024-07-24 09:35:34,23950.0,100,Buy,225899566
2024-07-24 09:35:37,23950.0,2000,Buy,225899642
2024-07-24 09:35:40,23900.0,3500,Sell,225899713
2024-07-24 09:35:44,23950.0,1200,Buy,225899836
2024-07-24 09:35:44,23900.0,100,Sell,225899843
2024-07-24 09:35:45,23950.0,200,Buy,225899846
2024-07-24 09:35:48,23950.0,1600,Buy,225899919
2024-07-24 09:35:48,23950.0,400,Buy,225899920
2024-07-24 09:35:48,23950.0,6700,Buy,225899921
2024-07-24 09:35:50,23950.0,300,Buy,225899985
2024-07-24 09:35:50,23950.0,200,Buy,225899986
2024-07-24 09:35:51,23950.0,100,Buy,225899999
2024-07-24 09:35:55,23950.0,200,Buy,225900097
2024-07-24 09:35:55,23950.0,300,Buy,225900098
2024-07-24 09:36:01,23950.0,700,Buy,225900210
2024-07-24 09:36:01,23950.0,1300,Buy,225900211
2024-07-24 09:36:01,23950.0,500,Buy,225900212
2024-07-24 09:36:01,23950.0,300,Buy,225900213
2024-07-24 09:36:01,23950.0,2000,Buy,225900214
2024-07-24 09:36:01,23950.0,1200,Buy,225900215
2024-07-24 09:36:05,23950.0,200,Buy,225900358
2024-07-24 09:36:05,23950.0,800,Buy,225900356
2024-07-24 09:36:05,23950.0,4000,Buy,225900357
2024-07-24 09:36:07,23950.0,800,Buy,225900382
2024-07-24 09:36:07,23950.0,2200,Buy,225900383
2024-07-24 09:36:08,23950.0,2800,Buy,225900429
2024-07-24 09:36:08,23950.0,1900,Buy,225900430
2024-07-24 09:36:10,23900.0,500,Sell,225900476
2024-07-24 09:36:18,23950.0,5000,Buy,225900667
2024-07-24 09:36:18,23900.0,100,Sell,225900668
2024-07-24 09:36:19,23950.0,3100,Buy,225900674
2024-07-24 09:36:19,23950.0,100,Buy,225900675
2024-07-24 09:36:19,23950.0,300,Buy,225900676
2024-07-24 09:36:19,23950.0,600,Buy,225900677
2024-07-24 09:36:19,23950.0,200,Buy,225900717
2024-07-24 09:36:24,23950.0,300,Buy,225900830
2024-07-24 09:36:25,23950.0,1300,Buy,225900843
2024-07-24 09:36:25,23950.0,500,Buy,225900842
2024-07-24 09:36:25,23950.0,200,Buy,225900841
2024-07-24 09:36:25,23950.0,700,Buy,225900840
2024-07-24 09:36:25,23950.0,2000,Buy,225900839
2024-07-24 09:36:29,23950.0,300,Buy,225900902
2024-07-24 09:36:29,23950.0,2200,Buy,225900906
2024-07-24 09:36:29,23950.0,1700,Buy,225900907
2024-07-24 09:36:30,23950.0,100,Buy,225900942
2024-07-24 09:36:30,23950.0,300,Buy,225900943
2024-07-24 09:36:35,23950.0,2700,Buy,225901028
2024-07-24 09:36:35,23950.0,1000,Buy,225901027
2024-07-24 09:36:35,23950.0,300,Buy,225901026
2024-07-24 09:36:35,23950.0,1000,Buy,225901025
2024-07-24 09:36:36,23900.0,4000,Sell,225901119
2024-07-24 09:36:37,23950.0,1000,Buy,225901142
2024-07-24 09:36:37,23950.0,100,Buy,225901141
2024-07-24 09:36:37,23950.0,500,Buy,225901140
2024-07-24 09:36:37,23950.0,200,Buy,225901139
2024-07-24 09:36:37,23950.0,100,Buy,225901138
2024-07-24 09:36:37,23950.0,500,Buy,225901137
2024-07-24 09:36:37,23950.0,500,Buy,225901136
2024-07-24 09:36:37,23950.0,500,Buy,225901135
2024-07-24 09:36:37,23950.0,500,Buy,225901134
2024-07-24 09:36:37,23950.0,200,Buy,225901133
2024-07-24 09:36:37,23950.0,700,Buy,225901132
2024-07-24 09:36:44,23950.0,400,Sell,225901312
2024-07-24 09:36:47,23950.0,300,Sell,225901391
2024-07-24 09:36:47,23950.0,300,Sell,225901392
2024-07-24 09:36:47,23950.0,100,Sell,225901393
2024-07-24 09:36:47,23950.0,300,Sell,225901394
2024-07-24 09:36:49,23950.0,200,Sell,225901443
2024-07-24 09:36:49,23950.0,3800,Sell,225901444
2024-07-24 09:36:52,24000.0,1200,Buy,225901509
2024-07-24 09:36:52,24000.0,200,Buy,225901508
2024-07-24 09:36:52,24000.0,100,Buy,225901507
2024-07-24 09:36:52,24000.0,100,Buy,225901506
2024-07-24 09:36:52,24000.0,4300,Buy,225901510
2024-07-24 09:36:52,24000.0,500,Buy,225901504
2024-07-24 09:36:52,24000.0,800,Buy,225901501
2024-07-24 09:36:52,24000.0,900,Buy,225901505
2024-07-24 09:36:52,24000.0,300,Buy,225901503
2024-07-24 09:36:52,24000.0,500,Buy,225901502
2024-07-24 09:36:53,23950.0,200,Sell,225901545
2024-07-24 09:36:53,23950.0,100,Sell,225901544
2024-07-24 09:36:59,23950.0,900,Sell,225901777
2024-07-24 09:37:08,23950.0,300,Buy,225901966
2024-07-24 09:37:17,23950.0,700,Sell,225902142
2024-07-24 09:37:19,23950.0,1800,Sell,225902201
2024-07-24 09:37:19,23950.0,200,Sell,225902202
2024-07-24 09:37:21,23950.0,100,Sell,225902230
2024-07-24 09:37:37,23950.0,700,Sell,225902657
2024-07-24 09:37:37,23950.0,300,Sell,225902658
2024-07-24 09:37:47,23950.0,600,Sell,225902922
2024-07-24 09:37:47,23950.0,200,Sell,225902918
2024-07-24 09:37:47,23950.0,4000,Sell,225902919
2024-07-24 09:37:47,23950.0,500,Sell,225902920
2024-07-24 09:37:47,23950.0,4000,Sell,225902921
2024-07-24 09:37:51,23950.0,300,Sell,225903002
2024-07-24 09:37:51,23950.0,600,Sell,225903003
2024-07-24 09:37:55,24000.0,4600,Buy,225903096
2024-07-24 09:37:55,24000.0,9800,Buy,225903097
2024-07-24 09:38:08,24000.0,3000,Buy,225903476
2024-07-24 09:38:11,24000.0,1000,Buy,225903527
2024-07-24 09:38:13,24000.0,100,Buy,225903556
2024-07-24 09:38:15,24000.0,100,Buy,225903599
2024-07-24 09:38:17,24000.0,1000,Buy,225903637
2024-07-24 09:38:17,24000.0,1000,Buy,225903638
2024-07-24 09:38:18,24000.0,1700,Buy,225903702
2024-07-24 09:38:18,24000.0,500,Buy,225903701
2024-07-24 09:38:18,24000.0,3000,Buy,225903699
2024-07-24 09:38:18,24000.0,9000,Buy,225903698
2024-07-24 09:38:18,24000.0,200,Buy,225903700
2024-07-24 09:38:26,24000.0,1000,Buy,225903893
2024-07-24 09:38:28,24000.0,4300,Buy,225903943
2024-07-24 09:38:37,24000.0,300,Buy,225904104
2024-07-24 09:38:45,24000.0,400,Buy,225904244
2024-07-24 09:38:48,24000.0,1000,Buy,225904332
2024-07-24 09:39:01,24000.0,200,Buy,225904613
2024-07-24 09:39:02,24000.0,300,Buy,225904638
2024-07-24 09:39:04,24000.0,100,Buy,225904670
2024-07-24 09:39:05,24000.0,100,Buy,225904748
2024-07-24 09:39:05,24000.0,400,Buy,225904762
2024-07-24 09:39:05,24000.0,100,Buy,225904761
2024-07-24 09:39:05,24000.0,100,Buy,225904760
2024-07-24 09:39:05,24000.0,2000,Buy,225904759
2024-07-24 09:39:05,24000.0,11700,Buy,225904758
2024-07-24 09:39:05,24000.0,2000,Buy,225904757
2024-07-24 09:39:05,24000.0,500,Buy,225904747
2024-07-24 09:39:05,24000.0,400,Buy,225904756
2024-07-24 09:39:05,24000.0,100,Buy,225904754
2024-07-24 09:39:05,24000.0,1000,Buy,225904753
2024-07-24 09:39:05,24000.0,1000,Buy,225904752
2024-07-24 09:39:05,24000.0,600,Buy,225904751
2024-07-24 09:39:05,24000.0,100,Buy,225904750
2024-07-24 09:39:05,24000.0,200,Buy,225904749
2024-07-24 09:39:05,24000.0,1000,Buy,225904763
2024-07-24 09:39:05,24000.0,400,Buy,225904755
2024-07-24 09:39:05,24000.0,2000,Buy,225904764
2024-07-24 09:39:05,24000.0,200,Buy,225904766
2024-07-24 09:39:05,24000.0,100,Buy,225904746
2024-07-24 09:39:05,24000.0,2000,Buy,225904781
2024-07-24 09:39:05,24000.0,1000,Buy,225904780
2024-07-24 09:39:05,24000.0,2200,Buy,225904779
2024-07-24 09:39:05,24000.0,10400,Buy,225904778
2024-07-24 09:39:05,24000.0,2000,Buy,225904777
2024-07-24 09:39:05,24000.0,200,Buy,225904776
2024-07-24 09:39:05,24000.0,100,Buy,225904765
2024-07-24 09:39:05,24000.0,10000,Buy,225904775
2024-07-24 09:39:05,24000.0,500,Buy,225904773
2024-07-24 09:39:05,24000.0,3000,Buy,225904772
2024-07-24 09:39:05,24000.0,3000,Buy,225904771
2024-07-24 09:39:05,24000.0,1000,Buy,225904770
2024-07-24 09:39:05,24000.0,500,Buy,225904769
2024-07-24 09:39:05,24000.0,100,Buy,225904768
2024-07-24 09:39:05,24000.0,100,Buy,225904767
2024-07-24 09:39:05,24000.0,100,Buy,225904774
2024-07-24 09:39:05,24000.0,1000,Buy,225904745
2024-07-24 09:39:05,24000.0,100,Buy,225904743
2024-07-24 09:39:05,24000.0,1000,Buy,225904744
2024-07-24 09:39:05,24000.0,300,Buy,225904721
2024-07-24 09:39:05,24000.0,100,Buy,225904720
2024-07-24 09:39:05,24000.0,100,Buy,225904719
2024-07-24 09:39:05,24000.0,500,Buy,225904718
2024-07-24 09:39:05,24000.0,2000,Buy,225904717
2024-07-24 09:39:05,24000.0,2000,Buy,225904716
2024-07-24 09:39:05,24000.0,500,Buy,225904715
2024-07-24 09:39:05,24000.0,10000,Buy,225904714
2024-07-24 09:39:05,24000.0,10000,Buy,225904713
2024-07-24 09:39:05,24000.0,10000,Buy,225904711
2024-07-24 09:39:05,24000.0,100,Buy,225904710
2024-07-24 09:39:05,24000.0,20000,Buy,225904709
2024-07-24 09:39:05,24000.0,1500,Buy,225904708
2024-07-24 09:39:05,24000.0,20000,Buy,225904707
2024-07-24 09:39:05,24000.0,700,Buy,225904706
2024-07-24 09:39:05,24000.0,500,Buy,225904722
2024-07-24 09:39:05,24000.0,500,Buy,225904723
2024-07-24 09:39:05,24000.0,200,Buy,225904712
2024-07-24 09:39:05,24000.0,100,Buy,225904725
2024-07-24 09:39:05,24000.0,1000,Buy,225904724
2024-07-24 09:39:05,24000.0,1000,Buy,225904742
2024-07-24 09:39:05,24000.0,1000,Buy,225904741
2024-07-24 09:39:05,24000.0,1000,Buy,225904740
2024-07-24 09:39:05,24000.0,100,Buy,225904738
2024-07-24 09:39:05,24000.0,100,Buy,225904737
2024-07-24 09:39:05,24000.0,1000,Buy,225904736
2024-07-24 09:39:05,24000.0,5000,Buy,225904735
2024-07-24 09:39:05,24000.0,2000,Buy,225904739
2024-07-24 09:39:05,24000.0,500,Buy,225904733
2024-07-24 09:39:05,24000.0,2000,Buy,225904731
2024-07-24 09:39:05,24000.0,2000,Buy,225904730
2024-07-24 09:39:05,24000.0,15000,Buy,225904729
2024-07-24 09:39:05,24000.0,10000,Buy,225904728
2024-07-24 09:39:05,24000.0,200,Buy,225904727
2024-07-24 09:39:05,24000.0,100,Buy,225904734
2024-07-24 09:39:05,24000.0,100,Buy,225904726
2024-07-24 09:39:06,24000.0,4000,Buy,225904819
2024-07-24 09:39:06,24000.0,400,Buy,225904818
2024-07-24 09:39:06,24000.0,5000,Buy,225904817
2024-07-24 09:39:06,24000.0,100,Buy,225904816
2024-07-24 09:39:06,24000.0,5000,Buy,225904813
2024-07-24 09:39:06,24000.0,2500,Buy,225904814
2024-07-24 09:39:06,24000.0,2000,Buy,225904812
2024-07-24 09:39:06,24000.0,1000,Buy,225904820
2024-07-24 09:39:06,24000.0,2000,Buy,225904811
2024-07-24 09:39:06,24000.0,1000,Buy,225904815
2024-07-24 09:39:06,24000.0,500,Buy,225904821
2024-07-24 09:39:06,24000.0,400,Buy,225904831
2024-07-24 09:39:06,24000.0,500,Buy,225904824
2024-07-24 09:39:06,24000.0,300,Buy,225904825
2024-07-24 09:39:06,24000.0,500,Buy,225904826
2024-07-24 09:39:06,24000.0,10000,Buy,225904827
2024-07-24 09:39:06,24000.0,400,Buy,225904828
2024-07-24 09:39:06,24000.0,400,Buy,225904829
2024-07-24 09:39:06,24000.0,200000,Buy,225904830
2024-07-24 09:39:06,24000.0,5000,Buy,225904832
2024-07-24 09:39:06,24000.0,1400,Buy,225904833
2024-07-24 09:39:06,24000.0,300,Buy,225904834
2024-07-24 09:39:06,24000.0,500,Buy,225904810
2024-07-24 09:39:06,24000.0,1500,Buy,225904823
2024-07-24 09:39:06,24000.0,100,Buy,225904809
2024-07-24 09:39:06,24000.0,2000,Buy,225904822
2024-07-24 09:39:06,24000.0,200,Buy,225904807
2024-07-24 09:39:06,24000.0,1000,Buy,225904808
2024-07-24 09:39:06,24000.0,500,Buy,225904784
2024-07-24 09:39:06,24000.0,5000,Buy,225904785
2024-07-24 09:39:06,24000.0,100,Buy,225904786
2024-07-24 09:39:06,24000.0,1000,Buy,225904787
2024-07-24 09:39:06,24000.0,1000,Buy,225904789
2024-07-24 09:39:06,24000.0,10000,Buy,225904790
2024-07-24 09:39:06,24000.0,1000,Buy,225904791
2024-07-24 09:39:06,24000.0,1000,Buy,225904792
2024-07-24 09:39:06,24000.0,5000,Buy,225904793
2024-07-24 09:39:06,24000.0,30000,Buy,225904794
2024-07-24 09:39:06,24000.0,2000,Buy,225904795
2024-07-24 09:39:06,24000.0,500,Buy,225904788
2024-07-24 09:39:06,24000.0,1000,Buy,225904796
2024-07-24 09:39:06,24000.0,1000,Buy,225904783
2024-07-24 09:39:06,24000.0,900,Buy,225904805
2024-07-24 09:39:06,24000.0,3200,Buy,225904804
2024-07-24 09:39:06,24000.0,200,Buy,225904802
2024-07-24 09:39:06,24000.0,1000,Buy,225904806
2024-07-24 09:39:06,24000.0,1000,Buy,225904803
2024-07-24 09:39:06,24000.0,500,Buy,225904800
2024-07-24 09:39:06,24000.0,500,Buy,225904799
2024-07-24 09:39:06,24000.0,1500,Buy,225904798
2024-07-24 09:39:06,24000.0,500,Buy,225904797
2024-07-24 09:39:06,24000.0,100,Buy,225904801
2024-07-24 09:39:08,24000.0,500,Buy,225904907
2024-07-24 09:39:08,24000.0,500,Buy,225904903
2024-07-24 09:39:08,24000.0,1500,Buy,225904904
2024-07-24 09:39:08,24000.0,500,Buy,225904905
2024-07-24 09:39:08,24000.0,300,Buy,225904906
2024-07-24 09:39:08,24000.0,500,Buy,225904908
2024-07-24 09:39:08,24000.0,500,Buy,225904913
2024-07-24 09:39:08,24000.0,1000,Buy,225904910
2024-07-24 09:39:08,24000.0,200,Buy,225904911
2024-07-24 09:39:08,24000.0,500,Buy,225904912
2024-07-24 09:39:08,24000.0,500,Buy,225904914
2024-07-24 09:39:08,24000.0,100,Buy,225904915
2024-07-24 09:39:08,24000.0,2000,Buy,225904901
2024-07-24 09:39:08,24000.0,100,Buy,225904909
2024-07-24 09:39:08,24000.0,2000,Buy,225904900
2024-07-24 09:39:08,24000.0,100,Buy,225904902
2024-07-24 09:39:08,24000.0,5000,Buy,225904898
2024-07-24 09:39:08,24000.0,100,Buy,225904883
2024-07-24 09:39:08,24000.0,100,Buy,225904884
2024-07-24 09:39:08,24000.0,1000,Buy,225904885
2024-07-24 09:39:08,24000.0,4000,Buy,225904886
2024-07-24 09:39:08,24000.0,100,Buy,225904887
2024-07-24 09:39:08,24000.0,100,Buy,225904899
2024-07-24 09:39:08,24000.0,1000,Buy,225904889
2024-07-24 09:39:08,24000.0,1500,Buy,225904888
2024-07-24 09:39:08,24000.0,100,Buy,225904891
2024-07-24 09:39:08,24000.0,100,Buy,225904892
2024-07-24 09:39:08,24000.0,1000,Buy,225904893
2024-07-24 09:39:08,24000.0,1000,Buy,225904894
2024-07-24 09:39:08,24000.0,1000,Buy,225904895
2024-07-24 09:39:08,24000.0,1000,Buy,225904896
2024-07-24 09:39:08,24000.0,200,Buy,225904897
2024-07-24 09:39:08,24000.0,500,Buy,225904890
2024-07-24 09:39:15,24050.0,200,Buy,225905103
2024-07-24 09:39:16,24000.0,300,Sell,225905119
2024-07-24 09:39:30,24050.0,100,Buy,225905453
2024-07-24 09:39:30,24050.0,900,Buy,225905454
2024-07-24 09:39:32,24050.0,5000,Buy,225905515
2024-07-24 09:39:32,24050.0,3700,Buy,225905516
2024-07-24 09:39:32,24050.0,1100,Buy,225905513
2024-07-24 09:39:32,24050.0,1000,Buy,225905514
2024-07-24 09:39:34,24050.0,6300,Buy,225905548
2024-07-24 09:39:34,24050.0,2000,Buy,225905549
2024-07-24 09:39:34,24050.0,6100,Buy,225905550
2024-07-24 09:39:35,24000.0,600,Sell,225905611
2024-07-24 09:39:36,24050.0,100,Buy,225905620
2024-07-24 09:39:36,24000.0,100,Sell,225905633
2024-07-24 09:39:37,24000.0,1000,Sell,225905647
2024-07-24 09:39:39,24050.0,7700,Buy,225905700
2024-07-24 09:39:39,24050.0,100,Buy,225905698
2024-07-24 09:39:39,24050.0,500,Buy,225905697
2024-07-24 09:39:39,24050.0,8500,Buy,225905696
2024-07-24 09:39:39,24050.0,5000,Buy,225905695
2024-07-24 09:39:39,24050.0,1000,Buy,225905694
2024-07-24 09:39:39,24050.0,5000,Buy,225905689
2024-07-24 09:39:39,24050.0,200,Buy,225905692
2024-07-24 09:39:39,24050.0,2000,Buy,225905691
2024-07-24 09:39:39,24050.0,5000,Buy,225905690
2024-07-24 09:39:39,24050.0,500,Buy,225905688
2024-07-24 09:39:39,24050.0,1000,Buy,225905687
2024-07-24 09:39:39,24050.0,100,Buy,225905684
2024-07-24 09:39:39,24050.0,3000,Buy,225905693
2024-07-24 09:39:39,24050.0,500,Buy,225905699
2024-07-24 09:39:40,24050.0,3000,Buy,225905723
2024-07-24 09:39:42,24050.0,2000,Buy,225905773
2024-07-24 09:39:45,24050.0,100,Buy,225905822
2024-07-24 09:39:46,24050.0,100,Buy,225905870
2024-07-24 09:39:47,24050.0,5000,Buy,225905888
2024-07-24 09:39:51,24050.0,300,Buy,225905984
2024-07-24 09:39:52,24050.0,6500,Buy,225906018
2024-07-24 09:39:56,24050.0,13700,Buy,225906130
2024-07-24 09:39:57,24000.0,5000,Sell,225906145
2024-07-24 09:39:58,24050.0,200,Buy,225906174
2024-07-24 09:39:59,24000.0,2400,Sell,225906191
2024-07-24 09:40:02,24050.0,100,Buy,225906250
2024-07-24 09:40:02,24050.0,1400,Buy,225906249
2024-07-24 09:40:03,24050.0,1000,Buy,225906295
2024-07-24 09:40:05,24050.0,500,Buy,225906389
2024-07-24 09:40:07,24050.0,400,Buy,225906416
2024-07-24 09:40:07,24050.0,100,Buy,225906417
2024-07-24 09:40:07,24050.0,200,Buy,225906421
2024-07-24 09:40:11,24050.0,200,Buy,225906508
2024-07-24 09:40:11,24050.0,100,Buy,225906507
2024-07-24 09:40:11,24050.0,100,Buy,225906504
2024-07-24 09:40:11,24050.0,300,Buy,225906505
2024-07-24 09:40:11,24050.0,200,Buy,225906503
2024-07-24 09:40:11,24050.0,1000,Buy,225906506
2024-07-24 09:40:13,24050.0,2800,Buy,225906591
2024-07-24 09:40:13,24050.0,200,Buy,225906592
2024-07-24 09:40:16,24050.0,1000,Buy,225906643
2024-07-24 09:40:20,24050.0,100,Buy,225906717
2024-07-24 09:40:21,24050.0,700,Buy,225906750
2024-07-24 09:40:23,24050.0,4100,Buy,225906817
2024-07-24 09:40:26,24050.0,500,Buy,225906899
2024-07-24 09:40:27,24050.0,1000,Buy,225906936
2024-07-24 09:40:27,24050.0,500,Buy,225906940
2024-07-24 09:40:27,24050.0,500,Buy,225906939
2024-07-24 09:40:27,24050.0,100,Buy,225906935
2024-07-24 09:40:27,24050.0,500,Buy,225906938
2024-07-24 09:40:27,24050.0,200,Buy,225906933
2024-07-24 09:40:27,24050.0,100,Buy,225906934
2024-07-24 09:40:27,24050.0,3400,Buy,225906930
2024-07-24 09:40:27,24050.0,500,Buy,225906937
2024-07-24 09:40:27,24050.0,100,Buy,225906932
2024-07-24 09:40:27,24050.0,500,Buy,225906931
2024-07-24 09:40:28,24100.0,100,Buy,225906950
2024-07-24 09:40:29,24050.0,100,Sell,225906961
2024-07-24 09:40:30,24050.0,1000,Sell,225906985
2024-07-24 09:40:30,24100.0,300,Buy,225906986
2024-07-24 09:40:30,24100.0,100,Buy,225906987
2024-07-24 09:40:30,24100.0,1600,Buy,225906988
2024-07-24 09:40:32,24050.0,1500,Sell,225907010
2024-07-24 09:40:33,24050.0,2000,Buy,225907035
2024-07-24 09:40:33,24050.0,300,Buy,225907033
2024-07-24 09:40:33,24050.0,500,Buy,225907032
2024-07-24 09:40:35,24050.0,3000,Buy,225907064
2024-07-24 09:40:35,24050.0,1000,Buy,225907065
2024-07-24 09:40:40,24050.0,400,Sell,225907199
2024-07-24 09:40:41,24100.0,83100,Buy,225907248
2024-07-24 09:40:41,24100.0,200,Buy,225907247
2024-07-24 09:40:41,24100.0,200,Buy,225907246
2024-07-24 09:40:41,24100.0,2500,Buy,225907245
2024-07-24 09:40:41,24100.0,10000,Buy,225907242
2024-07-24 09:40:41,24100.0,20000,Buy,225907243
2024-07-24 09:40:41,24100.0,500,Buy,225907241
2024-07-24 09:40:41,24050.0,500,Sell,225907224
2024-07-24 09:40:41,24100.0,20000,Buy,225907244
2024-07-24 09:40:41,24100.0,18600,Buy,225907240
2024-07-24 09:40:43,24050.0,100,Sell,225907264
2024-07-24 09:40:43,24050.0,100,Sell,225907265
2024-07-24 09:40:43,24050.0,100,Sell,225907292
2024-07-24 09:40:44,24050.0,200,Sell,225907309
2024-07-24 09:40:44,24050.0,100,Sell,225907310
2024-07-24 09:40:49,24050.0,2700,Buy,225907488
2024-07-24 09:40:49,24050.0,1000,Buy,225907489
2024-07-24 09:40:49,24050.0,100,Buy,225907490
2024-07-24 09:40:52,24050.0,300,Sell,225907556
2024-07-24 09:40:54,24050.0,1000,Sell,225907597
2024-07-24 09:41:02,24050.0,1500,Sell,225907769
2024-07-24 09:41:07,24050.0,2500,Sell,225907909
2024-07-24 09:41:11,24050.0,5000,Sell,225908043
2024-07-24 09:41:12,24050.0,100,Sell,225908057
2024-07-24 09:41:12,24050.0,600,Sell,225908058
2024-07-24 09:41:12,24050.0,300,Sell,225908056
2024-07-24 09:41:17,24100.0,50000,Buy,225908232
2024-07-24 09:41:19,24050.0,1700,Sell,225908264
2024-07-24 09:41:22,24050.0,500,Sell,225908301
2024-07-24 09:41:23,24050.0,200,Sell,225908324
2024-07-24 09:41:29,24100.0,1200,Buy,225908491
2024-07-24 09:41:29,24100.0,10100,Buy,225908506
2024-07-24 09:41:29,24100.0,1000,Buy,225908497
2024-07-24 09:41:29,24100.0,100,Buy,225908496
2024-07-24 09:41:29,24100.0,8000,Buy,225908495
2024-07-24 09:41:29,24100.0,400,Buy,225908494
2024-07-24 09:41:29,24100.0,100,Buy,225908493
2024-07-24 09:41:29,24100.0,1000,Buy,225908492
2024-07-24 09:41:29,24100.0,400,Buy,225908489
2024-07-24 09:41:29,24100.0,5000,Buy,225908490
2024-07-24 09:41:29,24100.0,66900,Buy,225908480
2024-07-24 09:41:29,24100.0,1000,Buy,225908488
2024-07-24 09:41:29,24100.0,1000,Buy,225908481
2024-07-24 09:41:29,24100.0,300,Buy,225908482
2024-07-24 09:41:29,24100.0,1000,Buy,225908483
2024-07-24 09:41:29,24050.0,300,Sell,225908479
2024-07-24 09:41:29,24100.0,500,Buy,225908485
2024-07-24 09:41:29,24100.0,500,Buy,225908486
2024-07-24 09:41:29,24100.0,1000,Buy,225908487
2024-07-24 09:41:29,24100.0,500,Buy,225908484
2024-07-24 09:41:31,24100.0,6700,Buy,225908602
2024-07-24 09:41:35,24100.0,3000,Buy,225908666
2024-07-24 09:41:43,24100.0,200,Buy,225908826
2024-07-24 09:41:45,24100.0,1700,Buy,225908914
2024-07-24 09:41:52,24100.0,100,Buy,225909030
2024-07-24 09:41:55,24100.0,1400,Buy,225909123
2024-07-24 09:41:55,24100.0,200,Buy,225909122
2024-07-24 09:41:55,24100.0,1900,Buy,225909121
2024-07-24 09:41:55,24100.0,200,Buy,225909131
2024-07-24 09:41:55,24100.0,500,Buy,225909130
2024-07-24 09:41:55,24100.0,2000,Buy,225909120
2024-07-24 09:41:55,24100.0,100,Buy,225909115
2024-07-24 09:41:55,24100.0,200,Buy,225909118
2024-07-24 09:41:55,24100.0,500,Buy,225909117
2024-07-24 09:41:55,24100.0,100,Buy,225909116
2024-07-24 09:41:55,24100.0,100,Buy,225909114
2024-07-24 09:41:55,24100.0,500,Buy,225909113
2024-07-24 09:41:55,24100.0,1000,Buy,225909119
2024-07-24 09:41:58,24100.0,500,Buy,225909190
2024-07-24 09:41:58,24100.0,100,Buy,225909189
2024-07-24 09:41:58,24100.0,200,Buy,225909188
2024-07-24 09:41:58,24100.0,500,Buy,225909187
2024-07-24 09:41:58,24100.0,2000,Buy,225909191
2024-07-24 09:41:58,24100.0,1000,Buy,225909185
2024-07-24 09:41:58,24100.0,500,Buy,225909184
2024-07-24 09:41:58,24100.0,100,Buy,225909183
2024-07-24 09:41:58,24100.0,400,Buy,225909182
2024-07-24 09:41:58,24100.0,2900,Buy,225909181
2024-07-24 09:41:58,24100.0,400,Buy,225909186
2024-07-24 09:42:00,24100.0,100,Buy,225909249
2024-07-24 09:42:00,24100.0,3000,Buy,225909248
2024-07-24 09:42:00,24100.0,500,Buy,225909247
2024-07-24 09:42:00,24100.0,100,Buy,225909246
2024-07-24 09:42:00,24100.0,100,Buy,225909245
2024-07-24 09:42:00,24100.0,500,Buy,225909243
2024-07-24 09:42:00,24100.0,100,Buy,225909242
2024-07-24 09:42:00,24100.0,500,Buy,225909241
2024-07-24 09:42:00,24100.0,100,Buy,225909244
2024-07-24 09:42:02,24100.0,1000,Buy,225909326
2024-07-24 09:42:04,24050.0,300,Sell,225909349
2024-07-24 09:42:05,24100.0,5000,Buy,225909421
2024-07-24 09:42:06,24100.0,500,Buy,225909461
2024-07-24 09:42:06,24100.0,2800,Buy,225909462
2024-07-24 09:42:06,24100.0,1000,Buy,225909460
2024-07-24 09:42:06,24100.0,1000,Buy,225909464
2024-07-24 09:42:06,24100.0,1000,Buy,225909463
2024-07-24 09:42:06,24100.0,500,Buy,225909459
2024-07-24 09:42:06,24100.0,800,Buy,225909465
2024-07-24 09:42:06,24100.0,3000,Buy,225909457
2024-07-24 09:42:06,24100.0,500,Buy,225909456
2024-07-24 09:42:06,24100.0,100,Buy,225909455
2024-07-24 09:42:06,24100.0,500,Buy,225909454
2024-07-24 09:42:06,24100.0,200,Buy,225909453
2024-07-24 09:42:06,24100.0,1000,Buy,225909458
2024-07-24 09:42:06,24100.0,1900,Buy,225909452
2024-07-24 09:42:08,24100.0,25200,Sell,225909516
2024-07-24 09:42:08,24100.0,500,Sell,225909517
2024-07-24 09:42:15,24100.0,10000,Buy,225909665
2024-07-24 09:42:16,24100.0,100,Buy,225909677
2024-07-24 09:42:21,24050.0,2700,Sell,225909785
2024-07-24 09:42:21,24100.0,200,Buy,225909778
2024-07-24 09:42:27,24100.0,1000,Buy,225909911
2024-07-24 09:42:30,24050.0,2100,Sell,225909986
2024-07-24 09:42:44,24050.0,100,Sell,225910311
2024-07-24 09:42:45,24050.0,100,Sell,225910320
2024-07-24 09:42:54,24050.0,200,Sell,225910572
2024-07-24 09:42:54,24050.0,200,Sell,225910571
2024-07-24 09:42:54,24050.0,100,Sell,225910570
2024-07-24 09:42:54,24050.0,100,Sell,225910566
2024-07-24 09:42:54,24050.0,200,Sell,225910565
2024-07-24 09:42:54,24050.0,100,Sell,225910564
2024-07-24 09:42:54,24050.0,200,Sell,225910563
2024-07-24 09:42:54,24050.0,1000,Sell,225910562
2024-07-24 09:42:54,24050.0,1000,Sell,225910561
2024-07-24 09:42:54,24050.0,2000,Sell,225910560
2024-07-24 09:42:54,24050.0,100,Sell,225910559
2024-07-24 09:42:54,24050.0,20000,Sell,225910558
2024-07-24 09:42:54,24050.0,3000,Sell,225910567
2024-07-24 09:42:54,24050.0,1800,Sell,225910556
2024-07-24 09:42:54,24050.0,1200,Sell,225910544
2024-07-24 09:42:54,24050.0,900,Sell,225910557
2024-07-24 09:42:54,24050.0,500,Sell,225910546
2024-07-24 09:42:54,24050.0,500,Sell,225910547
2024-07-24 09:42:54,24050.0,100,Sell,225910548
2024-07-24 09:42:54,24050.0,8000,Sell,225910549
2024-07-24 09:42:54,24050.0,100,Sell,225910545
2024-07-24 09:42:54,24050.0,200,Sell,225910551
2024-07-24 09:42:54,24050.0,4000,Sell,225910552
2024-07-24 09:42:54,24050.0,1500,Sell,225910553
2024-07-24 09:42:54,24050.0,400,Sell,225910550
2024-07-24 09:42:54,24050.0,25000,Sell,225910554
2024-07-24 09:42:54,24050.0,100,Sell,225910555
2024-07-24 09:42:59,24050.0,500,Buy,225910721
2024-07-24 09:43:00,24050.0,100,Buy,225910758
2024-07-24 09:43:13,24050.0,100,Buy,225911016
2024-07-24 09:43:17,24000.0,2000,Sell,225911159
2024-07-24 09:43:17,24000.0,300,Sell,225911156
2024-07-24 09:43:17,24000.0,300,Sell,225911155
2024-07-24 09:43:17,24000.0,300,Sell,225911153
2024-07-24 09:43:17,24000.0,100,Sell,225911160
2024-07-24 09:43:17,24000.0,200,Sell,225911152
2024-07-24 09:43:17,24000.0,300,Sell,225911154
2024-07-24 09:43:17,24000.0,1900,Sell,225911161
2024-07-24 09:43:17,24000.0,100,Sell,225911168
2024-07-24 09:43:17,24000.0,400,Sell,225911163
2024-07-24 09:43:17,24000.0,300,Sell,225911164
2024-07-24 09:43:17,24000.0,500,Sell,225911165
2024-07-24 09:43:17,24000.0,400,Sell,225911166
2024-07-24 09:43:17,24000.0,1000,Sell,225911167
2024-07-24 09:43:17,24000.0,200,Sell,225911169
2024-07-24 09:43:17,24000.0,500,Sell,225911151
2024-07-24 09:43:17,24000.0,15000,Sell,225911162
2024-07-24 09:43:17,24000.0,200,Sell,225911150
2024-07-24 09:43:17,24000.0,13200,Sell,225911134
2024-07-24 09:43:17,24000.0,7000,Sell,225911148
2024-07-24 09:43:17,24050.0,2000,Buy,225911130
2024-07-24 09:43:17,24000.0,61300,Sell,225911132
2024-07-24 09:43:17,24000.0,500,Sell,225911135
2024-07-24 09:43:17,24000.0,1000,Sell,225911136
2024-07-24 09:43:17,24000.0,100,Sell,225911137
2024-07-24 09:43:17,24000.0,900,Sell,225911138
2024-07-24 09:43:17,24000.0,10000,Sell,225911149
2024-07-24 09:43:17,24000.0,200,Sell,225911139
2024-07-24 09:43:17,24000.0,1000,Sell,225911141
2024-07-24 09:43:17,24000.0,12900,Sell,225911142
2024-07-24 09:43:17,24000.0,5000,Sell,225911143
2024-07-24 09:43:17,24000.0,100,Sell,225911144
2024-07-24 09:43:17,24000.0,60000,Sell,225911145
2024-07-24 09:43:17,24000.0,1000,Sell,225911146
2024-07-24 09:43:17,24000.0,100,Sell,225911147
2024-07-24 09:43:17,24000.0,25000,Sell,225911140
2024-07-24 09:43:17,24000.0,300,Sell,225911133
2024-07-24 09:43:18,24000.0,100,Buy,225911172
2024-07-24 09:43:20,24000.0,100,Buy,225911241
2024-07-24 09:43:27,23950.0,400,Sell,225911367
2024-07-24 09:43:28,24000.0,5000,Buy,225911371
2024-07-24 09:43:35,24000.0,1000,Buy,225911489
2024-07-24 09:43:37,24000.0,3000,Buy,225911523
2024-07-24 09:43:38,24000.0,67200,Buy,225911526
2024-07-24 09:43:38,24000.0,100,Buy,225911527
2024-07-24 09:43:38,24000.0,2000,Buy,225911528
2024-07-24 09:43:38,24000.0,5000,Buy,225911529
2024-07-24 09:43:38,24000.0,300,Buy,225911530
2024-07-24 09:43:38,24000.0,10000,Buy,225911531
2024-07-24 09:43:38,24000.0,10000,Buy,225911532
2024-07-24 09:43:38,24000.0,500,Buy,225911533
2024-07-24 09:43:38,24000.0,200,Buy,225911534
2024-07-24 09:43:41,24000.0,3000,Sell,225911597
2024-07-24 09:43:42,24000.0,300,Sell,225911637
2024-07-24 09:43:43,24000.0,200,Sell,225911662
2024-07-24 09:43:43,24000.0,100,Sell,225911663
2024-07-24 09:43:43,24000.0,1400,Sell,225911660
2024-07-24 09:43:43,24000.0,7200,Sell,225911661
2024-07-24 09:43:44,24000.0,3300,Buy,225911698
2024-07-24 09:43:49,24000.0,100,Sell,225911827
2024-07-24 09:43:53,24000.0,200,Sell,225911914
2024-07-24 09:43:56,24000.0,200,Sell,225912014
2024-07-24 09:43:58,24000.0,500,Buy,225912044
2024-07-24 09:43:58,24000.0,1500,Sell,225912040
2024-07-24 09:43:58,24000.0,100,Sell,225912041
2024-07-24 09:43:58,24000.0,3000,Sell,225912038
2024-07-24 09:43:58,24000.0,2100,Sell,225912037
2024-07-24 09:43:58,24000.0,500,Sell,225912039
2024-07-24 09:44:00,24000.0,700,Buy,225912106
2024-07-24 09:44:09,24000.0,5000,Buy,225912288
2024-07-24 09:44:10,24000.0,500,Buy,225912303
2024-07-24 09:44:17,24000.0,1000,Buy,225912479
2024-07-24 09:44:18,23950.0,2000,Sell,225912501
2024-07-24 09:44:19,23950.0,900,Sell,225912530
2024-07-24 09:44:28,23950.0,900,Sell,225912766
2024-07-24 09:44:32,23950.0,200,Sell,225912846
2024-07-24 09:44:33,24000.0,10000,Buy,225912867
2024-07-24 09:44:44,24000.0,100,Buy,225913094
2024-07-24 09:45:00,23950.0,100,Sell,225913420
2024-07-24 09:45:00,23950.0,5700,Sell,225913421
2024-07-24 09:45:00,23950.0,1000,Sell,225913422
2024-07-24 09:45:00,23950.0,100,Sell,225913423
2024-07-24 09:45:00,23950.0,100,Sell,225913424
2024-07-24 09:45:00,23950.0,1000,Sell,225913425
2024-07-24 09:45:00,23950.0,300,Sell,225913427
2024-07-24 09:45:00,23950.0,2500,Sell,225913428
2024-07-24 09:45:00,23950.0,100,Sell,225913429
2024-07-24 09:45:00,23950.0,1500,Sell,225913430
2024-07-24 09:45:00,23950.0,4600,Sell,225913431
2024-07-24 09:45:00,23950.0,7000,Sell,225913419
2024-07-24 09:45:00,23950.0,800,Sell,225913426
2024-07-24 09:45:05,24000.0,100,Buy,225913663
2024-07-24 09:45:11,23950.0,100,Sell,225913802
2024-07-24 09:45:14,23950.0,3000,Sell,225913853
2024-07-24 09:45:15,24000.0,1000,Buy,225913866
2024-07-24 09:45:16,23950.0,100,Sell,225913884
2024-07-24 09:45:22,24000.0,1000,Buy,225914045
2024-07-24 09:45:27,23950.0,10000,Sell,225914123
2024-07-24 09:45:41,23950.0,600,Sell,225914471
2024-07-24 09:45:43,23950.0,400,Sell,225914528
2024-07-24 09:45:49,23950.0,1000,Sell,225914675
2024-07-24 09:45:50,23950.0,10000,Sell,225914709
2024-07-24 09:45:50,23950.0,1600,Sell,225914717
2024-07-24 09:45:50,23950.0,100,Sell,225914716
2024-07-24 09:45:50,23950.0,5000,Sell,225914715
2024-07-24 09:45:50,23950.0,500,Sell,225914714
2024-07-24 09:45:50,23950.0,300,Sell,225914713
2024-07-24 09:45:50,23950.0,500,Sell,225914712
2024-07-24 09:45:50,23950.0,300,Sell,225914711
2024-07-24 09:45:50,23950.0,200,Sell,225914710
2024-07-24 09:45:50,23950.0,100,Sell,225914708
2024-07-24 09:45:50,23950.0,1000,Sell,225914707
2024-07-24 09:45:50,24000.0,100,Buy,225914693
2024-07-24 09:45:50,23950.0,2200,Sell,225914696
2024-07-24 09:45:50,23950.0,1000,Sell,225914697
2024-07-24 09:45:50,23950.0,1000,Sell,225914698
2024-07-24 09:45:50,23950.0,2400,Sell,225914699
2024-07-24 09:45:50,23950.0,100,Sell,225914700
2024-07-24 09:45:50,23950.0,100,Sell,225914706
2024-07-24 09:45:50,23950.0,1000,Sell,225914702
2024-07-24 09:45:50,23950.0,800,Sell,225914705
2024-07-24 09:45:50,23950.0,1000,Sell,225914701
2024-07-24 09:45:50,23950.0,700,Sell,225914703
2024-07-24 09:45:50,23950.0,100,Sell,225914704
2024-07-24 09:45:53,23950.0,3400,Sell,225914751
2024-07-24 09:45:53,23950.0,1600,Sell,225914752
2024-07-24 09:45:56,24000.0,50000,Buy,225914822
2024-07-24 09:46:00,23950.0,600,Sell,225914917
2024-07-24 09:46:09,23950.0,1000,Sell,225915075
2024-07-24 09:46:20,23950.0,500,Sell,225915305
2024-07-24 09:46:29,24000.0,100,Buy,225915539
2024-07-24 09:46:33,24000.0,200,Buy,225915618
2024-07-24 09:46:36,23950.0,22100,Sell,225915684
2024-07-24 09:46:36,23950.0,300,Sell,225915683
2024-07-24 09:46:36,23950.0,100,Sell,225915682
2024-07-24 09:46:36,23950.0,3500,Sell,225915681
2024-07-24 09:46:36,23950.0,700,Sell,225915680
2024-07-24 09:46:36,23950.0,1000,Sell,225915679
2024-07-24 09:46:36,23950.0,200,Sell,225915675
2024-07-24 09:46:36,23950.0,200,Sell,225915677
2024-07-24 09:46:36,23950.0,1000,Sell,225915676
2024-07-24 09:46:36,23950.0,200,Sell,225915674
2024-07-24 09:46:36,23950.0,300,Sell,225915672
2024-07-24 09:46:36,23950.0,300,Sell,225915678
2024-07-24 09:46:36,23950.0,100,Sell,225915673
2024-07-24 09:46:43,24000.0,500,Buy,225915866
2024-07-24 09:46:52,23950.0,100,Sell,225916038
2024-07-24 09:46:53,23950.0,1000,Sell,225916061
2024-07-24 09:46:56,24000.0,1000,Buy,225916149
2024-07-24 09:47:11,23950.0,10000,Sell,225916500
2024-07-24 09:47:14,24000.0,100,Buy,225916554
2024-07-24 09:47:16,23950.0,1000,Sell,225916603
2024-07-24 09:47:23,24000.0,5000,Buy,225916917
2024-07-24 09:47:25,23950.0,10000,Sell,225916957
2024-07-24 09:47:29,24000.0,100,Buy,225917072
2024-07-24 09:47:36,23950.0,3000,Sell,225917209
2024-07-24 09:47:38,23950.0,200,Sell,225917223
2024-07-24 09:47:44,23950.0,2600,Sell,225917398
2024-07-24 09:47:44,23950.0,2400,Sell,225917399
2024-07-24 09:47:45,23950.0,800,Sell,225917410
2024-07-24 09:47:46,23950.0,1000,Sell,225917444
2024-07-24 09:47:47,24000.0,400,Buy,225917455
2024-07-24 09:47:59,24000.0,14400,Buy,225917907
2024-07-24 09:48:02,23950.0,1000,Sell,225918028
2024-07-24 09:48:04,24000.0,200,Buy,225918072
2024-07-24 09:48:07,24000.0,4900,Buy,225918148
2024-07-24 09:48:07,24000.0,800,Buy,225918147
2024-07-24 09:48:19,24000.0,300,Buy,225918486
2024-07-24 09:48:26,24000.0,2800,Buy,225918689
2024-07-24 09:48:26,24000.0,300,Buy,225918690
2024-07-24 09:48:26,24000.0,1300,Buy,225918691
2024-07-24 09:48:26,24000.0,5000,Buy,225918692
2024-07-24 09:48:26,24000.0,1800,Buy,225918693
2024-07-24 09:48:26,24000.0,400,Buy,225918694
2024-07-24 09:48:26,24000.0,300,Buy,225918695
2024-07-24 09:48:26,24000.0,2500,Buy,225918696
2024-07-24 09:48:41,24000.0,1500,Buy,225919093
2024-07-24 09:48:41,24000.0,2100,Buy,225919094
2024-07-24 09:48:41,24000.0,100,Buy,225919095
2024-07-24 09:48:41,24000.0,400,Buy,225919096
2024-07-24 09:48:41,24000.0,1600,Buy,225919097
2024-07-24 09:48:46,24000.0,3400,Buy,225919205
2024-07-24 09:48:46,24000.0,2300,Buy,225919206
2024-07-24 09:48:50,23950.0,4800,Sell,225919277
2024-07-24 09:48:50,24000.0,1000,Buy,225919289
2024-07-24 09:48:50,24000.0,2000,Buy,225919288
2024-07-24 09:48:50,23950.0,1700,Sell,225919280
2024-07-24 09:48:50,23950.0,200,Sell,225919279
2024-07-24 09:48:50,24000.0,2700,Buy,225919287
2024-07-24 09:48:50,23950.0,300,Sell,225919278
2024-07-24 09:48:54,24000.0,200,Buy,225919414
2024-07-24 09:48:54,24000.0,1000,Buy,225919415
2024-07-24 09:48:54,24000.0,2000,Buy,225919416
2024-07-24 09:48:54,24000.0,1000,Buy,225919417
2024-07-24 09:48:54,24000.0,1500,Buy,225919418
2024-07-24 09:48:56,24000.0,500,Buy,225919441
2024-07-24 09:48:56,24000.0,1400,Buy,225919442
2024-07-24 09:49:15,24000.0,2000,Buy,225919914
2024-07-24 09:49:15,24000.0,700,Buy,225919916
2024-07-24 09:49:15,24000.0,500,Buy,225919915
2024-07-24 09:49:15,24000.0,600,Buy,225919911
2024-07-24 09:49:15,24000.0,200,Buy,225919912
2024-07-24 09:49:15,24000.0,1000,Buy,225919913
2024-07-24 09:49:20,24000.0,500,Buy,225919996
2024-07-24 09:49:21,24000.0,500,Buy,225920010
2024-07-24 09:49:21,24000.0,500,Buy,225920009
