time,price,volume,match_type,id
2024-07-30 09:14:41,24100.0,67900,ATO/ATC,227139706
2024-07-30 09:14:50,24100.0,100,Sell,227140025
2024-07-30 09:14:50,24100.0,200,Sell,227140024
2024-07-30 09:14:50,24100.0,1000,Sell,227140012
2024-07-30 09:14:50,24100.0,5000,Sell,227140011
2024-07-30 09:14:50,24100.0,500,Sell,227140010
2024-07-30 09:14:50,24100.0,100,Sell,227140009
2024-07-30 09:14:50,24100.0,500,Sell,227140008
2024-07-30 09:14:50,24100.0,5000,Sell,227140007
2024-07-30 09:14:50,24100.0,200,Sell,227140006
2024-07-30 09:14:50,24100.0,3500,Sell,227140005
2024-07-30 09:14:50,24100.0,200,Sell,227140004
2024-07-30 09:14:50,24100.0,100,Sell,227140003
2024-07-30 09:14:50,24100.0,200,Sell,227140002
2024-07-30 09:14:50,24100.0,100,Sell,227140001
2024-07-30 09:14:50,24100.0,12300,Sell,227139986
2024-07-30 09:14:50,24100.0,700,Sell,227139999
2024-07-30 09:14:50,24100.0,400,Sell,227139987
2024-07-30 09:14:50,24100.0,300,Sell,227139988
2024-07-30 09:14:50,24100.0,6500,Sell,227139989
2024-07-30 09:14:50,24100.0,500,Sell,227139990
2024-07-30 09:14:50,24100.0,100,Sell,227139991
2024-07-30 09:14:50,24100.0,200,Sell,227139992
2024-07-30 09:14:50,24100.0,800,Sell,227140000
2024-07-30 09:14:50,24100.0,600,Sell,227139994
2024-07-30 09:14:50,24100.0,700,Sell,227139998
2024-07-30 09:14:50,24100.0,100,Sell,227139997
2024-07-30 09:14:50,24100.0,100,Sell,227139993
2024-07-30 09:14:50,24100.0,5000,Sell,227139995
2024-07-30 09:14:50,24100.0,5000,Sell,227139996
2024-07-30 09:14:56,24100.0,1000,Sell,227140144
2024-07-30 09:14:56,24100.0,200,Sell,227140154
2024-07-30 09:14:56,24100.0,1000,Sell,227140153
2024-07-30 09:14:56,24100.0,2000,Sell,227140152
2024-07-30 09:14:56,24100.0,100,Sell,227140151
2024-07-30 09:14:56,24100.0,200,Sell,227140150
2024-07-30 09:14:56,24100.0,100,Sell,227140143
2024-07-30 09:14:56,24100.0,2000,Sell,227140148
2024-07-30 09:14:56,24100.0,200,Sell,227140145
2024-07-30 09:14:56,24100.0,300,Sell,227140149
2024-07-30 09:14:56,24100.0,100,Sell,227140147
2024-07-30 09:14:56,24100.0,1000,Sell,227140146
2024-07-30 09:15:10,24100.0,100,Sell,227140856
2024-07-30 09:15:10,24100.0,600,Sell,227140857
2024-07-30 09:15:32,24100.0,500,Sell,227141768
2024-07-30 09:15:32,24100.0,2000,Sell,227141767
2024-07-30 09:15:32,24100.0,200,Sell,227141769
2024-07-30 09:15:32,24100.0,100,Sell,227141765
2024-07-30 09:15:32,24100.0,2000,Sell,227141764
2024-07-30 09:15:32,24100.0,400,Sell,227141763
2024-07-30 09:15:32,24100.0,100,Sell,227141766
2024-07-30 09:15:44,24100.0,200,Buy,227142223
2024-07-30 09:15:49,24100.0,100,Buy,227142389
2024-07-30 09:15:57,24100.0,100,Buy,227142555
2024-07-30 09:15:58,24100.0,5000,Buy,227142581
2024-07-30 09:16:09,24100.0,5000,Buy,227142836
2024-07-30 09:16:16,24050.0,1000,Sell,227143045
2024-07-30 09:16:16,24050.0,100,Sell,227143050
2024-07-30 09:16:16,24050.0,100,Sell,227143049
2024-07-30 09:16:16,24050.0,100,Sell,227143048
2024-07-30 09:16:16,24050.0,200,Sell,227143047
2024-07-30 09:16:16,24050.0,100,Sell,227143046
2024-07-30 09:16:16,24050.0,3000,Sell,227143044
2024-07-30 09:16:16,24050.0,1000,Sell,227143042
2024-07-30 09:16:16,24050.0,5000,Sell,227143043
2024-07-30 09:16:16,24050.0,100,Sell,227143037
2024-07-30 09:16:16,24050.0,100,Sell,227143038
2024-07-30 09:16:16,24050.0,100,Sell,227143041
2024-07-30 09:16:16,24050.0,500,Sell,227143040
2024-07-30 09:16:16,24050.0,1000,Sell,227143039
2024-07-30 09:16:44,24050.0,2700,Buy,227143782
2024-07-30 09:16:49,24050.0,1000,Buy,227143900
2024-07-30 09:16:50,24000.0,1000,Sell,227144005
2024-07-30 09:16:50,24000.0,11300,Sell,227143980
2024-07-30 09:16:50,24000.0,1000,Sell,227144016
2024-07-30 09:16:50,24000.0,2500,Sell,227143977
2024-07-30 09:16:50,24000.0,200,Sell,227143976
2024-07-30 09:16:50,24000.0,100,Sell,227143952
2024-07-30 09:16:50,24000.0,200,Sell,227143978
2024-07-30 09:16:50,24000.0,200,Sell,227143979
2024-07-30 09:16:51,24000.0,700,Sell,227144052
2024-07-30 09:16:51,24000.0,1000,Sell,227144084
2024-07-30 09:16:51,24000.0,12000,Sell,227144088
2024-07-30 09:16:51,24000.0,700,Sell,227144089
2024-07-30 09:16:51,24000.0,2000,Sell,227144095
2024-07-30 09:16:54,24050.0,200,Buy,227144191
2024-07-30 09:17:02,24000.0,300,Sell,227144446
2024-07-30 09:17:02,24000.0,700,Sell,227144447
2024-07-30 09:17:08,24050.0,100,Buy,227144645
2024-07-30 09:17:14,24050.0,500,Buy,227144811
2024-07-30 09:17:14,24000.0,10000,Sell,227144808
2024-07-30 09:17:18,24000.0,300,Sell,227144997
2024-07-30 09:17:24,24050.0,3000,Buy,227145131
2024-07-30 09:17:25,24000.0,1000,Sell,227145166
2024-07-30 09:17:25,24050.0,3500,Buy,227145168
2024-07-30 09:17:26,24050.0,10000,Buy,227145197
2024-07-30 09:17:32,24000.0,2000,Sell,227145511
2024-07-30 09:17:38,24000.0,700,Sell,227145726
2024-07-30 09:17:39,24000.0,200,Sell,227145735
2024-07-30 09:17:46,24000.0,14400,Sell,227146022
2024-07-30 09:17:48,24000.0,500,Sell,227146162
2024-07-30 09:17:48,24000.0,1000,Sell,227146163
2024-07-30 09:17:48,24000.0,300,Sell,227146164
2024-07-30 09:17:48,24000.0,200,Sell,227146166
2024-07-30 09:17:48,24000.0,500,Sell,227146167
2024-07-30 09:17:48,24000.0,100,Sell,227146172
2024-07-30 09:17:48,24000.0,400,Sell,227146169
2024-07-30 09:17:48,24000.0,5000,Sell,227146170
2024-07-30 09:17:48,24000.0,6000,Sell,227146171
2024-07-30 09:17:48,24000.0,1000,Sell,227146161
2024-07-30 09:17:48,24000.0,200,Sell,227146173
2024-07-30 09:17:48,24000.0,100,Sell,227146168
2024-07-30 09:17:48,24000.0,100,Sell,227146160
2024-07-30 09:17:48,24000.0,200,Sell,227146165
2024-07-30 09:17:48,24000.0,100,Sell,227146158
2024-07-30 09:17:48,24000.0,100,Sell,227146159
2024-07-30 09:17:48,24000.0,1100,Sell,227146121
2024-07-30 09:17:48,24000.0,200,Sell,227146147
2024-07-30 09:17:48,24000.0,300,Sell,227146148
2024-07-30 09:17:48,24000.0,500,Sell,227146149
2024-07-30 09:17:48,24000.0,500,Sell,227146151
2024-07-30 09:17:48,24000.0,100,Sell,227146150
2024-07-30 09:17:48,24000.0,200,Sell,227146153
2024-07-30 09:17:48,24000.0,700,Sell,227146120
2024-07-30 09:17:48,24000.0,100,Sell,227146154
2024-07-30 09:17:48,24000.0,100,Sell,227146155
2024-07-30 09:17:48,24000.0,100,Sell,227146156
2024-07-30 09:17:48,24000.0,200,Sell,227146157
2024-07-30 09:17:48,24000.0,100,Sell,227146152
2024-07-30 09:17:49,24050.0,100,Buy,227146182
2024-07-30 09:17:51,24050.0,500,Buy,227146305
2024-07-30 09:17:55,24000.0,100,Sell,227146499
2024-07-30 09:17:56,24000.0,1200,Sell,227146530
2024-07-30 09:17:56,24000.0,100,Sell,227146529
2024-07-30 09:17:56,24000.0,200,Sell,227146525
2024-07-30 09:17:56,24000.0,100,Sell,227146527
2024-07-30 09:17:56,24000.0,200,Sell,227146526
2024-07-30 09:17:56,24000.0,2000,Sell,227146528
2024-07-30 09:17:59,24000.0,1800,Sell,227146644
2024-07-30 09:17:59,24000.0,1000,Sell,227146645
2024-07-30 09:17:59,24000.0,500,Sell,227146646
2024-07-30 09:17:59,24000.0,5000,Sell,227146647
2024-07-30 09:17:59,24000.0,1700,Sell,227146648
2024-07-30 09:18:03,24000.0,1000,Sell,227146767
2024-07-30 09:18:13,24000.0,1900,Sell,227147092
2024-07-30 09:18:13,24000.0,100,Sell,227147091
2024-07-30 09:18:13,24000.0,100,Sell,227147090
2024-07-30 09:18:13,24000.0,2000,Sell,227147089
2024-07-30 09:18:13,24000.0,3000,Sell,227147088
2024-07-30 09:18:13,24000.0,100,Sell,227147087
2024-07-30 09:18:13,24000.0,500,Sell,227147083
2024-07-30 09:18:13,24000.0,300,Sell,227147085
2024-07-30 09:18:13,24000.0,1000,Sell,227147086
2024-07-30 09:18:13,24000.0,300,Sell,227147064
2024-07-30 09:18:13,24000.0,100,Sell,227147080
2024-07-30 09:18:13,24000.0,1000,Sell,227147082
2024-07-30 09:18:13,24000.0,1000,Sell,227147081
2024-07-30 09:18:13,24000.0,3000,Sell,227147084
2024-07-30 09:18:16,24000.0,1100,Sell,227147218
2024-07-30 09:18:16,24000.0,900,Sell,227147219
2024-07-30 09:18:17,24000.0,100,Sell,227147256
2024-07-30 09:18:17,24000.0,500,Sell,227147257
2024-07-30 09:18:17,24000.0,4400,Sell,227147258
2024-07-30 09:18:22,24000.0,300,Sell,227147408
2024-07-30 09:18:25,24000.0,200,Sell,227147487
2024-07-30 09:18:25,24000.0,100,Sell,227147486
2024-07-30 09:18:25,24000.0,300,Sell,227147485
2024-07-30 09:18:27,24000.0,1600,Sell,227147564
2024-07-30 09:18:27,24000.0,200,Sell,227147565
2024-07-30 09:18:27,24000.0,300,Sell,227147566
2024-07-30 09:18:27,24000.0,200,Sell,227147567
2024-07-30 09:18:27,24000.0,200,Sell,227147568
2024-07-30 09:18:27,24000.0,500,Sell,227147569
2024-07-30 09:18:27,24000.0,100,Sell,227147575
2024-07-30 09:18:27,24000.0,1000,Sell,227147571
2024-07-30 09:18:27,24000.0,300,Sell,227147572
2024-07-30 09:18:27,24000.0,3000,Sell,227147573
2024-07-30 09:18:27,24000.0,100,Sell,227147574
2024-07-30 09:18:27,24000.0,100,Sell,227147563
2024-07-30 09:18:27,24000.0,800,Sell,227147576
2024-07-30 09:18:27,24000.0,500,Sell,227147570
2024-07-30 09:18:27,24000.0,1900,Sell,227147561
2024-07-30 09:18:27,24000.0,200,Sell,227147562
2024-07-30 09:18:27,24000.0,700,Sell,227147547
2024-07-30 09:18:27,24000.0,200,Sell,227147545
2024-07-30 09:18:27,24000.0,400,Sell,227147546
2024-07-30 09:18:27,24000.0,100,Sell,227147560
2024-07-30 09:18:27,24000.0,100,Sell,227147548
2024-07-30 09:18:27,24000.0,400,Sell,227147549
2024-07-30 09:18:27,24000.0,600,Sell,227147551
2024-07-30 09:18:27,24000.0,100,Sell,227147552
2024-07-30 09:18:27,24000.0,1000,Sell,227147550
2024-07-30 09:18:27,24000.0,400,Sell,227147554
2024-07-30 09:18:27,24000.0,100,Sell,227147555
2024-07-30 09:18:27,24000.0,100,Sell,227147556
2024-07-30 09:18:27,24000.0,3000,Sell,227147557
2024-07-30 09:18:27,24000.0,700,Sell,227147558
2024-07-30 09:18:27,24000.0,100,Sell,227147559
2024-07-30 09:18:27,24000.0,1000,Sell,227147553
2024-07-30 09:18:32,24050.0,100,Buy,227147749
2024-07-30 09:18:35,24050.0,100,Buy,227147820
2024-07-30 09:18:40,24000.0,200,Sell,227148052
2024-07-30 09:18:40,24000.0,100,Sell,227148053
2024-07-30 09:18:40,24000.0,100,Sell,227148051
2024-07-30 09:18:40,24000.0,4700,Sell,227148054
2024-07-30 09:18:40,24000.0,500,Sell,227148049
2024-07-30 09:18:40,24000.0,200,Sell,227148048
2024-07-30 09:18:40,24000.0,1000,Sell,227148047
2024-07-30 09:18:40,24000.0,3100,Sell,227148046
2024-07-30 09:18:40,24000.0,100,Sell,227148050
2024-07-30 09:18:43,24000.0,100,Sell,227148113
2024-07-30 09:18:46,24000.0,200,Sell,227148252
2024-07-30 09:18:46,24000.0,800,Sell,227148253
2024-07-30 09:18:47,24000.0,1200,Sell,227148328
2024-07-30 09:18:47,24000.0,1000,Sell,227148329
2024-07-30 09:18:47,24000.0,100,Sell,227148330
2024-07-30 09:18:47,24000.0,2700,Sell,227148331
2024-07-30 09:18:56,24000.0,1000,Sell,227148644
2024-07-30 09:18:56,24000.0,100,Sell,227148642
2024-07-30 09:18:56,24000.0,2000,Sell,227148641
2024-07-30 09:18:56,24000.0,200,Sell,227148643
2024-07-30 09:18:56,24000.0,100,Sell,227148639
2024-07-30 09:18:56,24000.0,200,Sell,227148638
2024-07-30 09:18:56,24000.0,1300,Sell,227148637
2024-07-30 09:18:56,24000.0,4900,Sell,227148640
2024-07-30 09:18:58,24000.0,1400,Buy,227148725
2024-07-30 09:19:06,23950.0,100,Sell,227148977
2024-07-30 09:19:06,23950.0,1000,Sell,227148972
2024-07-30 09:19:06,23950.0,300,Sell,227148973
2024-07-30 09:19:06,23950.0,500,Sell,227148974
2024-07-30 09:19:06,23950.0,1000,Sell,227148975
2024-07-30 09:19:06,23950.0,500,Sell,227148976
2024-07-30 09:19:06,23950.0,400,Sell,227148978
2024-07-30 09:19:06,23950.0,100,Sell,227148984
2024-07-30 09:19:06,23950.0,100,Sell,227148980
2024-07-30 09:19:06,23950.0,100,Sell,227148981
2024-07-30 09:19:06,23950.0,1400,Sell,227148982
2024-07-30 09:19:06,23950.0,500,Sell,227148983
2024-07-30 09:19:06,23950.0,100,Sell,227148971
2024-07-30 09:19:06,23950.0,6300,Sell,227148985
2024-07-30 09:19:06,23950.0,1500,Sell,227148986
2024-07-30 09:19:06,23950.0,100,Sell,227148979
2024-07-30 09:19:06,23950.0,1000,Sell,227148970
2024-07-30 09:19:06,23950.0,2700,Sell,227148965
2024-07-30 09:19:06,23950.0,2500,Sell,227148968
2024-07-30 09:19:06,23950.0,300,Sell,227148940
2024-07-30 09:19:06,23950.0,100,Sell,227148941
2024-07-30 09:19:06,23950.0,100,Sell,227148954
2024-07-30 09:19:06,23950.0,100,Sell,227148955
2024-07-30 09:19:06,23950.0,1000,Sell,227148956
2024-07-30 09:19:06,23950.0,100,Sell,227148969
2024-07-30 09:19:06,23950.0,100,Sell,227148958
2024-07-30 09:19:06,23950.0,100,Sell,227148957
2024-07-30 09:19:06,23950.0,500,Sell,227148960
2024-07-30 09:19:06,23950.0,200,Sell,227148961
2024-07-30 09:19:06,23950.0,100,Sell,227148962
2024-07-30 09:19:06,23950.0,5000,Sell,227148963
2024-07-30 09:19:06,23950.0,2300,Sell,227148964
2024-07-30 09:19:06,23950.0,1000,Sell,227148966
2024-07-30 09:19:06,23950.0,200,Sell,227148967
2024-07-30 09:19:06,23950.0,500,Sell,227148959
2024-07-30 09:19:08,23950.0,500,Sell,227149063
2024-07-30 09:19:12,23950.0,200,Sell,227149154
2024-07-30 09:19:16,23950.0,1500,Sell,227149371
2024-07-30 09:19:18,24000.0,100,Buy,227149478
2024-07-30 09:19:23,24000.0,100,Buy,227149615
2024-07-30 09:19:24,23950.0,200,Sell,227149638
2024-07-30 09:19:31,23950.0,100,Sell,227149845
2024-07-30 09:19:31,23950.0,200,Sell,227149859
2024-07-30 09:19:31,23950.0,9800,Sell,227149844
2024-07-30 09:19:31,23950.0,100,Sell,227149846
2024-07-30 09:19:37,23950.0,1000,Sell,227150060
2024-07-30 09:19:38,23950.0,100,Sell,227150120
2024-07-30 09:19:39,24000.0,5700,Buy,227150182
2024-07-30 09:19:53,23950.0,1100,Sell,227150716
2024-07-30 09:20:05,24000.0,1000,Buy,227151088
2024-07-30 09:20:07,23950.0,300,Sell,227151130
2024-07-30 09:20:10,23950.0,100,Sell,227151241
2024-07-30 09:20:10,23950.0,1000,Sell,227151240
2024-07-30 09:20:10,23950.0,300,Sell,227151239
2024-07-30 09:20:10,23950.0,100,Sell,227151238
2024-07-30 09:20:10,23950.0,500,Sell,227151237
2024-07-30 09:20:10,23950.0,1000,Sell,227151236
2024-07-30 09:20:10,23950.0,100,Sell,227151235
2024-07-30 09:20:10,23950.0,100,Sell,227151234
2024-07-30 09:20:10,23950.0,100,Sell,227151233
2024-07-30 09:20:10,23950.0,100,Sell,227151229
2024-07-30 09:20:10,23950.0,100,Sell,227151231
2024-07-30 09:20:10,23950.0,100,Sell,227151230
2024-07-30 09:20:10,23950.0,100,Sell,227151242
2024-07-30 09:20:10,23950.0,600,Sell,227151227
2024-07-30 09:20:10,23950.0,200,Sell,227151226
2024-07-30 09:20:10,23950.0,500,Sell,227151225
2024-07-30 09:20:10,23950.0,500,Sell,227151224
2024-07-30 09:20:10,23950.0,1600,Sell,227151223
2024-07-30 09:20:10,23950.0,700,Sell,227151197
2024-07-30 09:20:10,23950.0,2700,Sell,227151232
2024-07-30 09:20:10,23950.0,200,Sell,227151228
2024-07-30 09:20:13,23950.0,100,Sell,227151282
2024-07-30 09:20:15,23950.0,300,Sell,227151362
2024-07-30 09:20:15,23950.0,2000,Sell,227151363
2024-07-30 09:20:15,23950.0,3000,Sell,227151364
2024-07-30 09:20:15,23950.0,300,Sell,227151365
2024-07-30 09:20:15,23950.0,100,Sell,227151366
2024-07-30 09:20:15,23950.0,4200,Sell,227151367
2024-07-30 09:20:15,23950.0,100,Sell,227151361
2024-07-30 09:20:16,23950.0,100,Sell,227151402
2024-07-30 09:20:17,23950.0,100,Sell,227151452
2024-07-30 09:20:18,23950.0,600,Sell,227151460
2024-07-30 09:20:18,23950.0,500,Sell,227151461
2024-07-30 09:20:18,23950.0,400,Sell,227151462
2024-07-30 09:20:18,23950.0,500,Sell,227151463
2024-07-30 09:20:33,24000.0,20000,Buy,227151879
2024-07-30 09:20:34,23950.0,300,Sell,227151933
2024-07-30 09:20:35,23950.0,3000,Sell,227151955
2024-07-30 09:20:54,23950.0,100,Sell,227152523
2024-07-30 09:21:00,23950.0,1500,Sell,227152685
2024-07-30 09:21:03,23950.0,300,Sell,227152774
2024-07-30 09:21:11,23950.0,400,Sell,227152995
2024-07-30 09:21:24,23950.0,1000,Sell,227153401
2024-07-30 09:21:24,23950.0,100,Sell,227153400
2024-07-30 09:21:24,23950.0,1000,Sell,227153399
2024-07-30 09:21:24,23950.0,20000,Sell,227153398
2024-07-30 09:21:24,23950.0,200,Sell,227153397
2024-07-30 09:21:24,23950.0,300,Sell,227153396
2024-07-30 09:21:24,23950.0,100,Sell,227153395
2024-07-30 09:21:24,23950.0,700,Sell,227153393
2024-07-30 09:21:24,23950.0,500,Sell,227153394
2024-07-30 09:21:24,23950.0,20000,Sell,227153392
2024-07-30 09:21:24,23950.0,8900,Sell,227153388
2024-07-30 09:21:24,23950.0,10000,Sell,227153390
2024-07-30 09:21:24,23950.0,1000,Sell,227153389
2024-07-30 09:21:24,23950.0,300,Sell,227153387
2024-07-30 09:21:24,23950.0,100,Sell,227153386
2024-07-30 09:21:24,23950.0,200,Sell,227153385
2024-07-30 09:21:24,23950.0,600,Sell,227153384
2024-07-30 09:21:24,23950.0,5000,Sell,227153383
2024-07-30 09:21:24,23950.0,100,Sell,227153382
2024-07-30 09:21:24,23950.0,28900,Sell,227153381
2024-07-30 09:21:24,23950.0,1000,Sell,227153391
2024-07-30 09:21:26,24000.0,200,Buy,227153451
2024-07-30 09:21:32,23950.0,100,Sell,227153648
2024-07-30 09:21:32,23950.0,900,Sell,227153649
2024-07-30 09:21:33,23950.0,100,Sell,227153693
2024-07-30 09:21:36,23950.0,1000,Sell,227153782
2024-07-30 09:21:36,23950.0,300,Sell,227153773
2024-07-30 09:21:46,23950.0,100,Sell,227154051
2024-07-30 09:22:07,23950.0,2600,Sell,227154613
2024-07-30 09:22:07,23950.0,100,Sell,227154614
2024-07-30 09:22:07,23950.0,500,Sell,227154615
2024-07-30 09:22:07,23950.0,1600,Sell,227154616
2024-07-30 09:22:07,23950.0,1200,Sell,227154617
2024-07-30 09:22:10,23950.0,400,Sell,227154728
2024-07-30 09:22:10,23950.0,200,Sell,227154726
2024-07-30 09:22:10,23950.0,1800,Sell,227154725
2024-07-30 09:22:10,23950.0,1000,Sell,227154727
2024-07-30 09:22:10,23950.0,600,Sell,227154723
2024-07-30 09:22:10,23950.0,100,Sell,227154722
2024-07-30 09:22:10,23950.0,800,Sell,227154721
2024-07-30 09:22:10,23950.0,100,Sell,227154724
2024-07-30 09:22:21,23950.0,7000,Sell,227154996
2024-07-30 09:22:21,23950.0,500,Sell,227154997
2024-07-30 09:22:21,23950.0,10000,Sell,227154998
2024-07-30 09:22:21,23950.0,100,Sell,227154999
2024-07-30 09:22:21,23950.0,1000,Sell,227155000
2024-07-30 09:22:22,23950.0,2000,Sell,227155025
2024-07-30 09:22:22,23950.0,20000,Sell,227155024
2024-07-30 09:22:22,23950.0,400,Sell,227155023
2024-07-30 09:22:22,23950.0,1000,Sell,227155022
2024-07-30 09:22:22,23950.0,100,Sell,227155021
2024-07-30 09:22:22,23950.0,100,Sell,227155020
2024-07-30 09:22:22,23950.0,100,Sell,227155019
2024-07-30 09:22:22,23950.0,500,Sell,227155016
2024-07-30 09:22:22,23950.0,100,Sell,227155017
2024-07-30 09:22:22,23950.0,500,Sell,227155015
2024-07-30 09:22:22,23950.0,1500,Sell,227155014
2024-07-30 09:22:22,23950.0,1400,Sell,227155013
2024-07-30 09:22:22,23950.0,1000,Sell,227155012
2024-07-30 09:22:22,23950.0,1500,Sell,227155011
2024-07-30 09:22:22,23950.0,500,Sell,227155010
2024-07-30 09:22:22,23950.0,400,Sell,227155018
2024-07-30 09:22:23,23950.0,300,Buy,227155059
2024-07-30 09:22:39,23950.0,1000,Sell,227155524
2024-07-30 09:23:05,23950.0,100,Sell,227156416
2024-07-30 09:23:08,23950.0,100,Sell,227156479
2024-07-30 09:23:08,23950.0,300,Sell,227156480
2024-07-30 09:23:08,23950.0,500,Sell,227156477
2024-07-30 09:23:08,23950.0,100,Sell,227156478
2024-07-30 09:23:08,23950.0,1000,Sell,227156476
2024-07-30 09:23:19,23950.0,100,Sell,227156790
2024-07-30 09:23:19,23950.0,600,Sell,227156789
2024-07-30 09:23:19,23950.0,100,Sell,227156788
2024-07-30 09:23:19,23950.0,700,Sell,227156787
2024-07-30 09:23:19,23950.0,100,Sell,227156786
2024-07-30 09:23:19,23950.0,300,Sell,227156785
2024-07-30 09:23:19,23950.0,9700,Sell,227156778
2024-07-30 09:23:19,23950.0,100,Sell,227156783
2024-07-30 09:23:19,23950.0,300,Sell,227156782
2024-07-30 09:23:19,23950.0,1000,Sell,227156781
2024-07-30 09:23:19,23950.0,1000,Sell,227156780
2024-07-30 09:23:19,23950.0,1000,Sell,227156779
2024-07-30 09:23:19,23950.0,500,Sell,227156784
2024-07-30 09:23:26,23950.0,300,Buy,227156988
2024-07-30 09:23:26,23950.0,2300,Buy,227156987
2024-07-30 09:23:36,23950.0,5000,Sell,227157264
2024-07-30 09:23:47,23950.0,2000,Sell,227157540
2024-07-30 09:23:54,23950.0,400,Sell,227157723
2024-07-30 09:23:54,23950.0,2300,Sell,227157725
2024-07-30 09:23:54,23950.0,300,Sell,227157724
2024-07-30 09:24:02,23950.0,500,Sell,227157909
2024-07-30 09:24:07,24000.0,100,Buy,227158041
2024-07-30 09:24:14,23950.0,100,Sell,227158233
2024-07-30 09:24:15,23950.0,100,Sell,227158289
2024-07-30 09:24:17,23950.0,5000,Sell,227158320
2024-07-30 09:24:22,23950.0,100,Sell,227158451
2024-07-30 09:24:25,24000.0,3000,Buy,227158510
2024-07-30 09:24:25,24000.0,700,Buy,227158517
2024-07-30 09:24:26,24000.0,2700,Buy,227158544
2024-07-30 09:24:30,23950.0,1000,Sell,227158651
2024-07-30 09:24:32,23950.0,4000,Sell,227158680
2024-07-30 09:24:35,23950.0,200,Sell,227158721
2024-07-30 09:24:37,24000.0,200,Buy,227158804
2024-07-30 09:24:37,24000.0,1800,Buy,227158805
2024-07-30 09:24:45,23950.0,1000,Sell,227159009
2024-07-30 09:24:49,23950.0,2000,Sell,227159139
2024-07-30 09:24:52,23950.0,100,Sell,227159197
2024-07-30 09:24:58,24000.0,2000,Buy,227159424
2024-07-30 09:25:00,23950.0,400,Sell,227159473
2024-07-30 09:25:12,24000.0,2700,Buy,227159822
2024-07-30 09:25:17,24000.0,600,Buy,227159941
2024-07-30 09:25:23,24000.0,900,Buy,227160072
2024-07-30 09:25:23,24000.0,300,Buy,227160073
2024-07-30 09:25:39,24000.0,500,Buy,227160493
2024-07-30 09:25:47,23950.0,100,Sell,227160740
2024-07-30 09:25:54,24000.0,500,Buy,227160907
2024-07-30 09:25:54,24000.0,300,Buy,227160908
2024-07-30 09:25:54,23950.0,500,Sell,227160913
2024-07-30 09:25:54,24000.0,100,Buy,227160919
2024-07-30 09:25:54,24000.0,200,Buy,227160906
2024-07-30 09:25:57,24000.0,500,Buy,227161046
2024-07-30 09:25:57,24000.0,500,Buy,227161047
2024-07-30 09:26:06,24000.0,500,Buy,227161308
2024-07-30 09:26:11,24000.0,2700,Buy,227161412
2024-07-30 09:26:13,23950.0,100,Sell,227161475
2024-07-30 09:26:16,24000.0,100,Buy,227161530
2024-07-30 09:26:26,24000.0,100,Buy,227161807
2024-07-30 09:26:31,24000.0,100,Buy,227161972
2024-07-30 09:26:31,24000.0,500,Buy,227161965
2024-07-30 09:26:31,24000.0,2100,Buy,227161964
2024-07-30 09:26:31,24000.0,100,Buy,227161966
2024-07-30 09:26:33,24000.0,800,Buy,227162009
2024-07-30 09:26:33,24000.0,2200,Buy,227162010
2024-07-30 09:26:36,24000.0,100,Buy,227162080
2024-07-30 09:26:38,24000.0,100,Buy,227162134
2024-07-30 09:26:39,24000.0,2600,Buy,227162146
2024-07-30 09:26:39,24000.0,100,Buy,227162147
2024-07-30 09:26:44,24000.0,300,Buy,227162286
2024-07-30 09:26:44,24000.0,500,Buy,227162287
2024-07-30 09:26:44,24000.0,1500,Buy,227162288
2024-07-30 09:26:44,24000.0,400,Buy,227162289
2024-07-30 09:26:44,24000.0,600,Buy,227162307
2024-07-30 09:26:44,24000.0,400,Buy,227162308
2024-07-30 09:26:46,24000.0,100,Buy,227162364
2024-07-30 09:26:46,24000.0,16100,Buy,227162365
2024-07-30 09:26:46,24000.0,100,Buy,227162362
2024-07-30 09:26:46,24000.0,8600,Buy,227162361
2024-07-30 09:26:46,24000.0,100,Buy,227162363
2024-07-30 09:26:49,24000.0,500,Buy,227162430
2024-07-30 09:26:51,24000.0,2700,Buy,227162499
2024-07-30 09:26:52,24000.0,2500,Buy,227162515
2024-07-30 09:26:55,24000.0,1000,Buy,227162608
2024-07-30 09:26:56,24000.0,1000,Buy,227162618
2024-07-30 09:26:59,24000.0,2700,Buy,227162721
2024-07-30 09:27:02,24000.0,500,Buy,227162818
2024-07-30 09:27:06,24000.0,1300,Buy,227162912
2024-07-30 09:27:08,23950.0,2000,Sell,227163008
2024-07-30 09:27:08,23950.0,200,Sell,227163007
2024-07-30 09:27:08,23950.0,10000,Sell,227163003
2024-07-30 09:27:08,23950.0,900,Sell,227163006
2024-07-30 09:27:08,23950.0,500,Sell,227163005
2024-07-30 09:27:08,23950.0,500,Sell,227163004
2024-07-30 09:27:08,23950.0,13200,Sell,227163009
2024-07-30 09:27:08,23950.0,100,Sell,227163002
2024-07-30 09:27:08,23950.0,100,Sell,227162995
2024-07-30 09:27:08,23950.0,500,Sell,227163000
2024-07-30 09:27:08,23950.0,100,Sell,227162999
2024-07-30 09:27:08,23950.0,1000,Sell,227162998
2024-07-30 09:27:08,23950.0,500,Sell,227162997
2024-07-30 09:27:08,23950.0,300,Sell,227162996
2024-07-30 09:27:08,23950.0,500,Sell,227162994
2024-07-30 09:27:08,23950.0,100,Sell,227162993
2024-07-30 09:27:08,23950.0,2500,Sell,227162992
2024-07-30 09:27:08,23950.0,1000,Sell,227163001
2024-07-30 09:27:10,24000.0,200,Buy,227163039
2024-07-30 09:27:12,24000.0,300,Buy,227163096
2024-07-30 09:27:21,23950.0,8400,Sell,227163357
2024-07-30 09:27:22,24000.0,100,Buy,227163368
2024-07-30 09:27:24,24000.0,1600,Buy,227163414
2024-07-30 09:27:25,24000.0,500,Buy,227163585
2024-07-30 09:27:28,24000.0,19000,Buy,227163666
2024-07-30 09:27:28,24000.0,1000,Buy,227163667
2024-07-30 09:27:37,23950.0,200,Sell,227163903
2024-07-30 09:27:45,24000.0,100,Buy,227164098
2024-07-30 09:27:52,24000.0,1000,Buy,227164289
2024-07-30 09:27:54,24000.0,200,Buy,227164356
2024-07-30 09:28:01,24000.0,100,Buy,227164557
2024-07-30 09:28:02,24000.0,500,Buy,227164620
2024-07-30 09:28:03,24000.0,20000,Buy,227164634
2024-07-30 09:28:04,24000.0,100,Buy,227164660
2024-07-30 09:28:05,24000.0,400,Buy,227164686
2024-07-30 09:28:05,24000.0,100,Buy,227164670
2024-07-30 09:28:08,24000.0,100,Buy,227164773
2024-07-30 09:28:10,23950.0,500,Sell,227164824
2024-07-30 09:28:12,24000.0,1000,Buy,227164880
2024-07-30 09:28:12,24000.0,200,Buy,227164868
2024-07-30 09:28:14,24000.0,100,Buy,227164918
2024-07-30 09:28:14,24000.0,1200,Buy,227164942
2024-07-30 09:28:14,24000.0,300,Buy,227164941
2024-07-30 09:28:14,24000.0,200,Buy,227164917
2024-07-30 09:28:14,24000.0,1300,Buy,227164939
2024-07-30 09:28:14,24000.0,700,Buy,227164919
2024-07-30 09:28:14,24000.0,200,Buy,227164940
2024-07-30 09:28:16,24000.0,200,Buy,227164966
2024-07-30 09:28:16,24000.0,100,Buy,227164967
2024-07-30 09:28:16,24000.0,100,Buy,227164968
2024-07-30 09:28:16,24000.0,600,Buy,227164969
2024-07-30 09:28:16,24000.0,100,Buy,227164970
2024-07-30 09:28:17,24000.0,2000,Buy,227164992
2024-07-30 09:28:17,24000.0,2000,Buy,227165002
2024-07-30 09:28:18,24000.0,400,Buy,227165009
2024-07-30 09:28:19,24000.0,400,Buy,227165053
2024-07-30 09:28:20,24000.0,200,Buy,227165081
2024-07-30 09:28:20,24000.0,600,Buy,227165082
2024-07-30 09:28:20,24000.0,200,Buy,227165080
2024-07-30 09:28:21,24000.0,1400,Buy,227165139
2024-07-30 09:28:21,24000.0,1000,Buy,227165142
2024-07-30 09:28:21,24000.0,1000,Buy,227165143
2024-07-30 09:28:21,24000.0,600,Buy,227165144
2024-07-30 09:28:21,24000.0,1000,Buy,227165145
2024-07-30 09:28:21,24000.0,1400,Buy,227165146
2024-07-30 09:28:37,24000.0,2000,Sell,227165683
2024-07-30 09:28:40,24000.0,1000,Sell,227165771
2024-07-30 09:28:40,24000.0,500,Sell,227165772
2024-07-30 09:28:40,24000.0,1600,Sell,227165769
2024-07-30 09:28:40,24000.0,1000,Sell,227165768
2024-07-30 09:28:40,24000.0,5600,Sell,227165767
2024-07-30 09:28:40,24000.0,2000,Sell,227165770
2024-07-30 09:28:41,24000.0,3000,Buy,227165819
2024-07-30 09:28:42,24000.0,5300,Buy,227165842
2024-07-30 09:28:42,24000.0,100,Sell,227165843
2024-07-30 09:28:43,24050.0,100,Buy,227165884
2024-07-30 09:29:00,24050.0,5000,Buy,227166446
2024-07-30 09:29:09,24000.0,100,Sell,227166816
2024-07-30 09:29:09,24000.0,300,Sell,227166815
2024-07-30 09:29:09,24000.0,21000,Sell,227166814
2024-07-30 09:29:09,24000.0,600,Sell,227166813
2024-07-30 09:29:09,24000.0,1300,Sell,227166812
2024-07-30 09:29:09,24000.0,200,Sell,227166810
2024-07-30 09:29:09,24000.0,100,Sell,227166809
2024-07-30 09:29:09,24000.0,2500,Sell,227166808
2024-07-30 09:29:09,24000.0,14600,Sell,227166807
2024-07-30 09:29:09,24000.0,100,Sell,227166811
2024-07-30 09:29:15,24000.0,500,Buy,227167057
2024-07-30 09:29:22,24000.0,400,Buy,227167321
2024-07-30 09:29:22,24000.0,100,Buy,227167322
2024-07-30 09:29:23,24000.0,4000,Buy,227167372
2024-07-30 09:29:24,24000.0,100,Buy,227167389
2024-07-30 09:29:25,24000.0,4000,Buy,227167422
2024-07-30 09:29:26,24000.0,100,Buy,227167454
2024-07-30 09:29:26,24000.0,100,Buy,227167455
2024-07-30 09:29:27,24000.0,300,Buy,227167485
2024-07-30 09:29:28,24000.0,100,Buy,227167505
2024-07-30 09:29:53,24000.0,500,Sell,227168395
2024-07-30 09:29:53,24000.0,1000,Sell,227168394
2024-07-30 09:29:53,24000.0,20000,Sell,227168393
2024-07-30 09:29:53,24000.0,100,Sell,227168392
2024-07-30 09:29:53,24000.0,200,Sell,227168386
2024-07-30 09:29:53,24000.0,2700,Sell,227168390
2024-07-30 09:29:53,24000.0,200,Sell,227168387
2024-07-30 09:29:53,24000.0,1000,Sell,227168391
2024-07-30 09:29:53,24000.0,5000,Sell,227168389
2024-07-30 09:29:53,24000.0,600,Sell,227168388
2024-07-30 09:30:02,23950.0,1800,Sell,227168655
2024-07-30 09:30:02,23950.0,100,Sell,227168654
2024-07-30 09:30:02,23950.0,2000,Sell,227168653
2024-07-30 09:30:02,23950.0,400,Sell,227168651
2024-07-30 09:30:02,23950.0,100,Sell,227168652
2024-07-30 09:30:02,23950.0,100,Sell,227168648
2024-07-30 09:30:02,23950.0,900,Sell,227168647
2024-07-30 09:30:02,23950.0,100,Sell,227168646
2024-07-30 09:30:02,23950.0,1000,Sell,227168645
2024-07-30 09:30:02,23950.0,7700,Sell,227168644
2024-07-30 09:30:02,23950.0,100,Sell,227168649
2024-07-30 09:30:02,23950.0,100,Sell,227168650
2024-07-30 09:30:03,24000.0,600,Buy,227168831
2024-07-30 09:30:06,24000.0,1000,Buy,227168900
2024-07-30 09:30:08,24000.0,1000,Buy,227168953
2024-07-30 09:30:10,24000.0,200,Buy,227169019
2024-07-30 09:30:11,24000.0,4500,Buy,227169033
2024-07-30 09:30:18,24000.0,500,Buy,227169270
2024-07-30 09:30:18,24000.0,2700,Buy,227169269
2024-07-30 09:30:20,24000.0,1000,Buy,227169379
2024-07-30 09:30:25,24000.0,100,Buy,227169496
2024-07-30 09:30:32,24000.0,100,Buy,227169727
2024-07-30 09:30:34,24000.0,400,Buy,227169778
2024-07-30 09:30:36,24000.0,56600,Buy,227169846
2024-07-30 09:30:36,24000.0,2000,Buy,227169847
2024-07-30 09:30:42,24050.0,2000,Buy,227170015
2024-07-30 09:30:46,24050.0,2700,Buy,227170190
2024-07-30 09:30:52,24000.0,1000,Sell,227170333
2024-07-30 09:30:52,24000.0,300,Sell,227170346
2024-07-30 09:30:53,24000.0,1000,Sell,227170365
2024-07-30 09:31:02,24000.0,100,Sell,227170668
2024-07-30 09:31:02,24000.0,1200,Sell,227170676
2024-07-30 09:31:11,24000.0,600,Sell,227170918
2024-07-30 09:31:12,24000.0,200,Sell,227170957
2024-07-30 09:31:18,24000.0,100,Sell,227171126
2024-07-30 09:31:23,24000.0,2400,Sell,227171292
2024-07-30 09:31:23,24000.0,100,Sell,227171278
2024-07-30 09:31:23,24000.0,300,Sell,227171279
2024-07-30 09:31:23,24000.0,1000,Sell,227171280
2024-07-30 09:31:23,24000.0,500,Sell,227171281
2024-07-30 09:31:23,24000.0,1000,Sell,227171282
2024-07-30 09:31:23,24000.0,200,Sell,227171283
2024-07-30 09:31:23,24000.0,1200,Sell,227171284
2024-07-30 09:31:23,24000.0,300,Sell,227171285
2024-07-30 09:31:23,24000.0,300,Sell,227171286
2024-07-30 09:31:23,24000.0,200,Sell,227171291
2024-07-30 09:31:23,24000.0,6900,Sell,227171277
2024-07-30 09:31:27,24000.0,2000,Sell,227171415
2024-07-30 09:31:32,24000.0,500,Sell,227171596
2024-07-30 09:31:34,24000.0,300,Sell,227171632
2024-07-30 09:31:36,24000.0,300,Sell,227171668
2024-07-30 09:31:36,24000.0,1000,Sell,227171680
2024-07-30 09:31:36,24000.0,300,Sell,227171679
2024-07-30 09:31:36,24000.0,2400,Sell,227171678
2024-07-30 09:31:36,24000.0,500,Sell,227171677
2024-07-30 09:31:36,24000.0,1000,Sell,227171676
2024-07-30 09:31:36,24000.0,1000,Sell,227171675
2024-07-30 09:31:36,24000.0,12800,Sell,227171667
2024-07-30 09:31:36,24000.0,14000,Sell,227171673
2024-07-30 09:31:36,24000.0,1000,Sell,227171672
2024-07-30 09:31:36,24000.0,200,Sell,227171671
2024-07-30 09:31:36,24000.0,200,Sell,227171670
2024-07-30 09:31:36,24000.0,1000,Sell,227171669
2024-07-30 09:31:36,24000.0,100,Sell,227171674
2024-07-30 09:31:38,24000.0,100,Buy,227171732
2024-07-30 09:31:43,24000.0,100,Buy,227171874
2024-07-30 09:31:47,24000.0,200,Buy,227171982
2024-07-30 09:31:49,24000.0,5000,Buy,227172060
2024-07-30 09:31:54,24000.0,500,Buy,227172199
2024-07-30 09:31:58,24000.0,100,Buy,227172341
2024-07-30 09:32:04,24000.0,1000,Buy,227172478
2024-07-30 09:32:07,23950.0,200,Sell,227172608
2024-07-30 09:32:07,23950.0,7800,Sell,227172609
2024-07-30 09:32:11,24000.0,6500,Buy,227172725
2024-07-30 09:32:12,24000.0,50700,Buy,227172758
2024-07-30 09:32:12,24000.0,49300,Buy,227172759
2024-07-30 09:32:13,24000.0,700,Buy,227172781
2024-07-30 09:32:13,24000.0,200,Buy,227172782
2024-07-30 09:32:13,24000.0,100,Buy,227172783
2024-07-30 09:32:21,24000.0,700,Sell,227173108
2024-07-30 09:32:21,24000.0,2000,Sell,227173106
2024-07-30 09:32:21,24000.0,100,Sell,227173107
2024-07-30 09:32:22,24000.0,300,Buy,227173131
2024-07-30 09:32:34,24000.0,200,Buy,227173495
2024-07-30 09:32:40,24000.0,400,Buy,227173656
2024-07-30 09:32:40,24000.0,500,Buy,227173647
2024-07-30 09:32:41,24000.0,100,Buy,227173670
2024-07-30 09:32:42,23950.0,2000,Sell,227173696
2024-07-30 09:32:59,24000.0,2000,Buy,227174109
2024-07-30 09:33:19,23950.0,200,Sell,227174539
2024-07-30 09:33:19,23950.0,1300,Sell,227174540
2024-07-30 09:33:20,24000.0,4800,Buy,227174572
2024-07-30 09:33:20,24000.0,1000,Buy,227174573
2024-07-30 09:33:26,23950.0,1500,Sell,227174718
2024-07-30 09:33:26,23950.0,300,Sell,227174717
2024-07-30 09:33:26,24000.0,300,Buy,227174696
2024-07-30 09:33:26,23950.0,500,Sell,227174716
2024-07-30 09:33:26,23950.0,700,Sell,227174715
2024-07-30 09:33:30,24000.0,500,Buy,227174810
2024-07-30 09:33:39,24000.0,7100,Buy,227175051
2024-07-30 09:33:39,24000.0,100,Buy,227175052
2024-07-30 09:33:39,24000.0,1000,Buy,227175053
2024-07-30 09:33:39,24000.0,1800,Buy,227175054
2024-07-30 09:33:40,24000.0,1000,Buy,227175087
2024-07-30 09:33:41,24000.0,200,Buy,227175103
2024-07-30 09:33:44,24000.0,1100,Buy,227175167
2024-07-30 09:33:44,24000.0,2000,Buy,227175166
2024-07-30 09:33:50,24000.0,100,Sell,227175332
2024-07-30 09:33:50,24000.0,6900,Sell,227175331
2024-07-30 09:33:52,24000.0,2000,Buy,227175425
2024-07-30 09:33:52,24000.0,700,Buy,227175440
2024-07-30 09:33:56,24000.0,1600,Buy,227175521
2024-07-30 09:34:00,24000.0,200,Buy,227175644
2024-07-30 09:34:08,23950.0,2500,Sell,227175848
2024-07-30 09:34:08,23950.0,500,Sell,227175849
2024-07-30 09:34:14,24000.0,2000,Buy,227176016
2024-07-30 09:34:29,24000.0,200,Buy,227176390
2024-07-30 09:34:39,24000.0,100,Buy,227176610
2024-07-30 09:34:41,24000.0,5000,Buy,227176647
2024-07-30 09:34:42,24000.0,5000,Buy,227176650
2024-07-30 09:34:45,24000.0,2000,Buy,227176712
2024-07-30 09:34:48,24000.0,5000,Buy,227176822
2024-07-30 09:34:49,24000.0,100,Buy,227176825
2024-07-30 09:34:50,23950.0,500,Sell,227176867
2024-07-30 09:34:50,23950.0,500,Sell,227176868
2024-07-30 09:34:51,24000.0,1600,Buy,227176884
2024-07-30 09:34:52,24000.0,1000,Buy,227176901
2024-07-30 09:34:55,23950.0,500,Sell,227176976
2024-07-30 09:34:55,23950.0,1000,Sell,227176979
2024-07-30 09:34:55,23950.0,1000,Sell,227176978
2024-07-30 09:34:55,23950.0,600,Sell,227176977
2024-07-30 09:34:55,23950.0,100,Sell,227176975
2024-07-30 09:34:55,23950.0,1000,Sell,227176980
2024-07-30 09:34:55,23950.0,500,Sell,227176973
2024-07-30 09:34:55,23950.0,100,Sell,227176972
2024-07-30 09:34:55,23950.0,200,Sell,227176971
2024-07-30 09:34:55,23950.0,500,Sell,227176970
2024-07-30 09:34:55,23950.0,3000,Sell,227176974
2024-07-30 09:34:55,23950.0,500,Sell,227176969
2024-07-30 09:35:19,24000.0,2400,Buy,227177563
2024-07-30 09:35:28,24000.0,100,Buy,227177778
2024-07-30 09:35:42,24000.0,400,Buy,227178138
2024-07-30 09:35:42,24000.0,1000,Buy,227178139
2024-07-30 09:35:49,24000.0,100,Buy,227178280
2024-07-30 09:35:53,24000.0,100,Buy,227178375
2024-07-30 09:35:58,24000.0,12400,Buy,227178451
2024-07-30 09:35:58,24000.0,4000,Buy,227178452
2024-07-30 09:35:58,24000.0,500,Buy,227178453
2024-07-30 09:35:58,24000.0,100,Buy,227178454
2024-07-30 09:35:58,24000.0,100,Buy,227178455
2024-07-30 09:35:59,24000.0,200,Buy,227178475
2024-07-30 09:36:26,24000.0,300,Buy,227179053
2024-07-30 09:36:30,24000.0,3800,Buy,227179150
2024-07-30 09:36:36,24000.0,4000,Buy,227179279
2024-07-30 09:36:36,24000.0,5000,Buy,227179280
2024-07-30 09:36:39,24000.0,200,Buy,227179331
2024-07-30 09:36:42,24000.0,100,Buy,227179398
2024-07-30 09:36:45,24000.0,6200,Buy,227179454
2024-07-30 09:36:45,24000.0,1000,Buy,227179455
2024-07-30 09:36:45,24000.0,2800,Buy,227179456
2024-07-30 09:36:50,24000.0,4100,Buy,227179608
2024-07-30 09:36:52,24000.0,1200,Buy,227179651
2024-07-30 09:36:54,24000.0,1000,Buy,227179716
2024-07-30 09:36:57,24000.0,3200,Buy,227179793
2024-07-30 09:37:00,24000.0,1000,Buy,227179866
2024-07-30 09:37:02,24000.0,500,Buy,227179911
2024-07-30 09:37:02,24000.0,2700,Buy,227179912
2024-07-30 09:37:02,24000.0,1600,Buy,227179910
2024-07-30 09:37:02,24000.0,500,Buy,227179908
2024-07-30 09:37:02,24000.0,1300,Buy,227179907
2024-07-30 09:37:02,24000.0,400,Buy,227179909
2024-07-30 09:37:04,24000.0,800,Buy,227179935
2024-07-30 09:37:06,24000.0,600,Buy,227180005
2024-07-30 09:37:07,24000.0,1200,Buy,227180020
2024-07-30 09:37:08,23950.0,300,Sell,227180035
2024-07-30 09:37:09,24000.0,100,Buy,227180046
2024-07-30 09:37:09,24000.0,200,Buy,227180053
2024-07-30 09:37:12,24000.0,2000,Buy,227180148
2024-07-30 09:37:14,24000.0,200,Buy,227180189
2024-07-30 09:37:15,24000.0,1000,Buy,227180249
2024-07-30 09:37:16,24000.0,1000,Buy,227180262
2024-07-30 09:37:17,24000.0,200,Buy,227180310
2024-07-30 09:37:17,24000.0,1200,Buy,227180311
2024-07-30 09:37:17,24000.0,800,Buy,227180308
2024-07-30 09:37:17,24000.0,200,Buy,227180307
2024-07-30 09:37:17,24000.0,1000,Buy,227180309
2024-07-30 09:37:21,24000.0,3000,Sell,227180368
2024-07-30 09:37:27,24000.0,200,Sell,227180515
2024-07-30 09:37:38,24000.0,500,Sell,227180805
2024-07-30 09:37:38,24000.0,1000,Sell,227180804
2024-07-30 09:37:38,24000.0,800,Sell,227180802
2024-07-30 09:37:38,24000.0,200,Sell,227180803
2024-07-30 09:37:38,24000.0,100,Sell,227180777
2024-07-30 09:37:38,24000.0,100,Sell,227180776
2024-07-30 09:37:38,24000.0,5200,Sell,227180775
2024-07-30 09:37:38,24000.0,4600,Sell,227180778
2024-07-30 09:37:41,24000.0,1400,Buy,227180880
2024-07-30 09:37:45,24000.0,1000,Buy,227180996
2024-07-30 09:37:47,24000.0,9500,Buy,227181064
2024-07-30 09:37:47,24000.0,500,Buy,227181065
2024-07-30 09:37:49,24000.0,100,Buy,227181088
2024-07-30 09:37:52,24000.0,800,Buy,227181140
2024-07-30 09:37:52,24000.0,400,Buy,227181138
2024-07-30 09:37:52,24000.0,5000,Buy,227181139
2024-07-30 09:37:56,24000.0,2800,Sell,227181239
2024-07-30 09:38:09,24000.0,2000,Buy,227181485
2024-07-30 09:38:16,24000.0,3000,Buy,227181723
2024-07-30 09:38:22,24000.0,100,Buy,227181861
2024-07-30 09:38:28,24000.0,100,Buy,227181943
2024-07-30 09:38:31,24000.0,2400,Buy,227182006
2024-07-30 09:38:39,24000.0,100,Buy,227182136
2024-07-30 09:38:50,24000.0,200,Buy,227182347
2024-07-30 09:38:58,23950.0,600,Sell,227182503
2024-07-30 09:39:01,23950.0,900,Sell,227182582
2024-07-30 09:39:12,23950.0,1000,Sell,227182862
2024-07-30 09:39:22,24000.0,2500,Buy,227183087
2024-07-30 09:39:23,23950.0,1000,Sell,227183101
2024-07-30 09:39:36,23950.0,500,Sell,227183350
2024-07-30 09:39:36,23950.0,100,Sell,227183349
2024-07-30 09:39:36,23950.0,100,Sell,227183348
2024-07-30 09:39:36,23950.0,200,Sell,227183346
2024-07-30 09:39:36,23950.0,100,Sell,227183347
2024-07-30 09:39:37,23950.0,100,Sell,227183365
2024-07-30 09:39:37,23950.0,100,Sell,227183366
2024-07-30 09:39:37,23950.0,400,Sell,227183367
2024-07-30 09:39:37,23950.0,100,Sell,227183368
2024-07-30 09:39:37,23950.0,2300,Sell,227183369
2024-07-30 09:40:02,23950.0,5000,Sell,227183852
2024-07-30 09:40:02,23950.0,8500,Sell,227183882
2024-07-30 09:40:02,23950.0,500,Sell,227183881
2024-07-30 09:40:02,23950.0,500,Sell,227183880
2024-07-30 09:40:02,23950.0,2800,Sell,227183854
2024-07-30 09:40:02,23950.0,200,Sell,227183853
2024-07-30 09:40:02,23950.0,200,Sell,227183851
2024-07-30 09:40:02,23950.0,200,Sell,227183848
2024-07-30 09:40:02,23950.0,400,Sell,227183849
2024-07-30 09:40:02,23950.0,2700,Sell,227183843
2024-07-30 09:40:02,23950.0,7000,Sell,227183847
2024-07-30 09:40:02,23950.0,200,Sell,227183846
2024-07-30 09:40:02,23950.0,1300,Sell,227183845
2024-07-30 09:40:02,23950.0,500,Sell,227183844
2024-07-30 09:40:02,23950.0,5000,Sell,227183850
2024-07-30 09:40:11,23950.0,200,Sell,227184079
2024-07-30 09:40:11,23950.0,1500,Sell,227184085
2024-07-30 09:40:17,24000.0,500,Buy,227184181
2024-07-30 09:40:18,23950.0,1000,Sell,227184203
2024-07-30 09:40:25,23950.0,100,Sell,227184394
2024-07-30 09:40:33,23950.0,2000,Sell,227184542
2024-07-30 09:40:35,23950.0,1800,Sell,227184603
2024-07-30 09:40:35,23950.0,500,Sell,227184602
2024-07-30 09:40:35,23950.0,500,Sell,227184600
2024-07-30 09:40:35,23950.0,700,Sell,227184599
2024-07-30 09:40:35,23950.0,500,Sell,227184601
2024-07-30 09:40:38,23950.0,10000,Sell,227184666
2024-07-30 09:40:38,23950.0,100,Sell,227184667
2024-07-30 09:40:38,23950.0,2000,Sell,227184668
2024-07-30 09:40:38,23950.0,1000,Sell,227184669
2024-07-30 09:40:38,23950.0,100,Sell,227184670
2024-07-30 09:40:38,23950.0,100,Sell,227184671
2024-07-30 09:40:38,23950.0,600,Sell,227184672
2024-07-30 09:40:38,23950.0,1000,Sell,227184674
2024-07-30 09:40:38,23950.0,100,Sell,227184675
2024-07-30 09:40:38,23950.0,100,Sell,227184676
2024-07-30 09:40:38,23950.0,3500,Sell,227184677
2024-07-30 09:40:38,23950.0,500,Sell,227184678
2024-07-30 09:40:38,23950.0,200,Sell,227184673
2024-07-30 09:40:38,23950.0,1000,Sell,227184665
2024-07-30 09:40:38,23950.0,400,Sell,227184662
2024-07-30 09:40:38,23950.0,2000,Sell,227184663
2024-07-30 09:40:38,23950.0,200,Sell,227184661
2024-07-30 09:40:38,23950.0,1000,Sell,227184660
2024-07-30 09:40:38,23950.0,200,Sell,227184659
2024-07-30 09:40:38,23950.0,100,Sell,227184658
2024-07-30 09:40:38,23950.0,100,Sell,227184657
2024-07-30 09:40:38,23950.0,1000,Sell,227184656
2024-07-30 09:40:38,23950.0,1000,Sell,227184655
2024-07-30 09:40:38,23950.0,300,Sell,227184654
2024-07-30 09:40:38,23950.0,100,Sell,227184653
2024-07-30 09:40:38,23950.0,1000,Sell,227184652
2024-07-30 09:40:38,23950.0,100,Sell,227184651
2024-07-30 09:40:38,23950.0,200,Sell,227184650
2024-07-30 09:40:38,23950.0,2000,Sell,227184664
2024-07-30 09:40:44,23950.0,400,Sell,227184756
2024-07-30 09:40:44,23950.0,1000,Sell,227184755
2024-07-30 09:40:44,23950.0,500,Sell,227184752
2024-07-30 09:40:44,23950.0,100,Sell,227184753
2024-07-30 09:40:44,23950.0,3000,Sell,227184754
2024-07-30 09:40:45,23950.0,300,Sell,227184806
2024-07-30 09:40:45,23950.0,100,Sell,227184805
2024-07-30 09:40:45,23950.0,800,Sell,227184800
2024-07-30 09:40:45,23950.0,4400,Sell,227184804
2024-07-30 09:40:45,23950.0,500,Sell,227184803
2024-07-30 09:40:45,23950.0,200,Sell,227184802
2024-07-30 09:40:45,23950.0,100,Sell,227184801
2024-07-30 09:40:45,23950.0,500,Sell,227184799
2024-07-30 09:40:45,23950.0,1000,Sell,227184791
2024-07-30 09:40:45,23950.0,1000,Sell,227184797
2024-07-30 09:40:45,23950.0,100,Sell,227184789
2024-07-30 09:40:45,23950.0,5000,Sell,227184790
2024-07-30 09:40:45,23950.0,2000,Sell,227184792
2024-07-30 09:40:45,23950.0,3300,Sell,227184798
2024-07-30 09:40:45,23950.0,1000,Sell,227184794
2024-07-30 09:40:45,23950.0,100,Sell,227184795
2024-07-30 09:40:45,23950.0,1000,Sell,227184796
2024-07-30 09:40:45,23950.0,100,Sell,227184793
2024-07-30 09:40:58,23950.0,100,Sell,227185125
2024-07-30 09:41:13,23950.0,100,Sell,227185397
2024-07-30 09:41:13,23950.0,200,Sell,227185398
2024-07-30 09:41:13,23950.0,100,Sell,227185396
2024-07-30 09:41:40,23950.0,300,Sell,227185971
2024-07-30 09:41:40,23950.0,200,Sell,227185972
2024-07-30 09:41:42,23950.0,100,Sell,227186004
2024-07-30 09:41:44,23950.0,400,Sell,227186047
2024-07-30 09:41:47,24000.0,19300,Buy,227186084
2024-07-30 09:41:47,24000.0,700,Buy,227186083
2024-07-30 09:41:49,23950.0,100,Sell,227186172
2024-07-30 09:41:49,23950.0,500,Sell,227186173
2024-07-30 09:41:50,23950.0,100,Sell,227186196
2024-07-30 09:41:58,24000.0,200,Buy,227186334
2024-07-30 09:42:10,23950.0,100,Sell,227186538
2024-07-30 09:42:10,23950.0,100,Sell,227186539
2024-07-30 09:42:18,23950.0,800,Sell,227186653
2024-07-30 09:42:26,23950.0,100,Sell,227186763
2024-07-30 09:42:26,23950.0,100,Sell,227186764
2024-07-30 09:42:26,23950.0,800,Sell,227186765
2024-07-30 09:42:31,23950.0,100,Sell,227186825
2024-07-30 09:42:41,24000.0,200,Buy,227187035
2024-07-30 09:42:44,23950.0,3000,Sell,227187088
2024-07-30 09:42:44,23950.0,500,Sell,227187092
2024-07-30 09:42:44,23950.0,500,Sell,227187091
2024-07-30 09:42:44,23950.0,1000,Sell,227187090
2024-07-30 09:42:44,23950.0,3000,Sell,227187089
2024-07-30 09:42:44,23950.0,300,Sell,227187087
2024-07-30 09:42:44,23950.0,100,Sell,227187081
2024-07-30 09:42:44,23950.0,1000,Sell,227187085
2024-07-30 09:42:44,23950.0,5000,Sell,227187084
2024-07-30 09:42:44,23950.0,1000,Sell,227187083
2024-07-30 09:42:44,23950.0,500,Sell,227187082
2024-07-30 09:42:44,23950.0,100,Sell,227187080
2024-07-30 09:42:44,23950.0,4000,Sell,227187086
2024-07-30 09:42:59,23950.0,100,Sell,227187416
2024-07-30 09:42:59,23950.0,500,Sell,227187417
2024-07-30 09:43:05,23950.0,100,Sell,227187519
2024-07-30 09:43:05,23950.0,900,Sell,227187520
2024-07-30 09:43:09,23950.0,3200,Sell,227187602
2024-07-30 09:43:09,23950.0,5000,Sell,227187601
2024-07-30 09:43:09,23950.0,100,Sell,227187599
2024-07-30 09:43:09,23950.0,700,Sell,227187598
2024-07-30 09:43:09,23950.0,500,Sell,227187600
2024-07-30 09:43:25,23950.0,200,Sell,227188073
2024-07-30 09:43:25,23950.0,600,Sell,227188072
2024-07-30 09:43:25,23950.0,400,Sell,227188037
2024-07-30 09:43:25,23950.0,500,Sell,227188036
2024-07-30 09:43:25,23950.0,1000,Sell,227188031
2024-07-30 09:43:25,23950.0,100,Sell,227188035
2024-07-30 09:43:25,23950.0,500,Sell,227188034
2024-07-30 09:43:25,23950.0,200,Sell,227188033
2024-07-30 09:43:25,23950.0,500,Sell,227188032
2024-07-30 09:43:25,23950.0,2000,Sell,227188030
2024-07-30 09:43:25,23950.0,100,Sell,227188023
2024-07-30 09:43:25,23950.0,100,Sell,227188028
2024-07-30 09:43:25,23950.0,200,Sell,227188029
2024-07-30 09:43:25,23950.0,500,Sell,227188020
2024-07-30 09:43:25,23950.0,200,Sell,227188021
2024-07-30 09:43:25,23950.0,100,Sell,227188022
2024-07-30 09:43:25,23950.0,6800,Sell,227188019
2024-07-30 09:43:25,23950.0,400,Sell,227188025
2024-07-30 09:43:25,23950.0,400,Sell,227188026
2024-07-30 09:43:25,23950.0,300,Sell,227188027
2024-07-30 09:43:25,23950.0,100,Sell,227188024
2024-07-30 09:43:36,23950.0,600,Sell,227188263
2024-07-30 09:43:43,23950.0,500,Sell,227188428
2024-07-30 09:43:43,23950.0,100,Sell,227188432
2024-07-30 09:43:43,23950.0,5000,Sell,227188431
2024-07-30 09:43:43,23950.0,800,Sell,227188430
2024-07-30 09:43:43,23950.0,1000,Sell,227188429
2024-07-30 09:43:43,23950.0,1000,Sell,227188427
2024-07-30 09:43:43,23950.0,2600,Sell,227188433
2024-07-30 09:43:43,23950.0,100,Sell,227188425
2024-07-30 09:43:43,23950.0,400,Sell,227188424
2024-07-30 09:43:43,23950.0,200,Sell,227188423
2024-07-30 09:43:43,23950.0,2000,Sell,227188422
2024-07-30 09:43:43,23950.0,36000,Sell,227188421
2024-07-30 09:43:43,23950.0,3100,Sell,227188420
2024-07-30 09:43:43,23950.0,200,Sell,227188419
2024-07-30 09:43:43,23950.0,2000,Sell,227188426
2024-07-30 09:44:11,23950.0,2000,Sell,227188963
2024-07-30 09:44:12,23950.0,1400,Sell,227188980
2024-07-30 09:44:12,23950.0,400,Sell,227188978
2024-07-30 09:44:12,23950.0,500,Sell,227188979
2024-07-30 09:44:17,23950.0,4900,Sell,227189087
2024-07-30 09:44:17,23950.0,500,Sell,227189086
2024-07-30 09:44:17,23950.0,100,Sell,227189085
2024-07-30 09:44:17,23950.0,500,Sell,227189084
2024-07-30 09:44:17,23950.0,1000,Sell,227189083
2024-07-30 09:44:17,23950.0,1000,Sell,227189080
2024-07-30 09:44:17,23950.0,1100,Sell,227189081
2024-07-30 09:44:17,23950.0,400,Sell,227189079
2024-07-30 09:44:17,23950.0,200,Sell,227189078
2024-07-30 09:44:17,23950.0,100,Sell,227189077
2024-07-30 09:44:17,23950.0,100,Sell,227189076
2024-07-30 09:44:17,23950.0,100,Sell,227189082
2024-07-30 09:44:22,23950.0,1000,Buy,227189208
2024-07-30 09:44:22,23950.0,200,Sell,227189200
2024-07-30 09:44:22,23950.0,200,Sell,227189194
2024-07-30 09:44:22,23950.0,2000,Sell,227189198
2024-07-30 09:44:22,23950.0,1000,Sell,227189197
2024-07-30 09:44:22,23950.0,100,Sell,227189196
2024-07-30 09:44:22,23950.0,1000,Sell,227189193
2024-07-30 09:44:22,23950.0,1500,Sell,227189199
2024-07-30 09:44:22,23950.0,100,Sell,227189191
2024-07-30 09:44:22,23950.0,200,Sell,227189192
2024-07-30 09:44:22,23950.0,100,Sell,227189185
2024-07-30 09:44:22,23950.0,200,Sell,227189186
2024-07-30 09:44:22,23950.0,3000,Sell,227189187
2024-07-30 09:44:22,23950.0,100,Sell,227189195
2024-07-30 09:44:22,23950.0,2000,Sell,227189189
2024-07-30 09:44:22,23950.0,100,Sell,227189188
2024-07-30 09:44:22,23950.0,1000,Sell,227189190
2024-07-30 09:44:26,23900.0,2200,Sell,227189289
2024-07-30 09:44:26,23900.0,400,Sell,227189286
2024-07-30 09:44:26,23900.0,400,Sell,227189287
2024-07-30 09:44:26,23900.0,2000,Sell,227189288
2024-07-30 09:44:27,23900.0,700,Sell,227189312
2024-07-30 09:44:27,23900.0,300,Sell,227189314
2024-07-30 09:44:28,23900.0,1000,Sell,227189333
2024-07-30 09:44:30,23950.0,1000,Buy,227189385
2024-07-30 09:44:41,23950.0,5400,Buy,227189588
2024-07-30 09:44:44,23950.0,1000,Buy,227189622
2024-07-30 09:44:46,23950.0,100,Buy,227189670
2024-07-30 09:44:52,23950.0,1300,Buy,227189832
2024-07-30 09:44:54,23950.0,100,Buy,227189858
2024-07-30 09:45:01,23950.0,22500,Buy,227190018
2024-07-30 09:45:01,23950.0,200,Buy,227190019
2024-07-30 09:45:01,23950.0,300,Buy,227190038
2024-07-30 09:45:05,23950.0,900,Buy,227190108
2024-07-30 09:45:14,23950.0,500,Buy,227190265
2024-07-30 09:45:18,23950.0,500,Buy,227190360
2024-07-30 09:45:23,23950.0,100,Buy,227190450
2024-07-30 09:45:24,23950.0,100,Buy,227190459
2024-07-30 09:45:24,23950.0,2100,Buy,227190455
2024-07-30 09:45:37,23900.0,100,Sell,227190667
2024-07-30 09:45:38,23950.0,100,Buy,227190717
2024-07-30 09:45:38,23950.0,100,Buy,227190716
2024-07-30 09:45:47,23950.0,100,Buy,227190918
2024-07-30 09:46:05,23950.0,800,Buy,227191298
2024-07-30 09:46:05,23950.0,100,Buy,227191299
2024-07-30 09:46:05,23950.0,100,Buy,227191300
2024-07-30 09:46:06,23950.0,100,Buy,227191308
2024-07-30 09:46:06,23950.0,900,Buy,227191309
2024-07-30 09:46:06,23950.0,10000,Buy,227191310
2024-07-30 09:46:13,23950.0,300,Buy,227191433
2024-07-30 09:46:15,23900.0,100,Sell,227191454
2024-07-30 09:46:19,23900.0,1000,Sell,227191639
2024-07-30 09:46:24,23950.0,1000,Buy,227191711
2024-07-30 09:46:27,23900.0,200,Sell,227191829
2024-07-30 09:46:36,23900.0,1000,Sell,227191974
2024-07-30 09:46:39,23900.0,10000,Sell,227192211
2024-07-30 09:46:43,23900.0,3000,Sell,227192303
2024-07-30 09:46:56,23900.0,1100,Sell,227192524
2024-07-30 09:47:08,23900.0,100,Sell,227192819
2024-07-30 09:47:11,23900.0,300,Sell,227192885
2024-07-30 09:47:20,23900.0,1100,Sell,227193110
2024-07-30 09:47:24,23900.0,100,Sell,227193237
2024-07-30 09:47:41,23900.0,1000,Sell,227193597
2024-07-30 09:47:46,23900.0,900,Sell,227193693
2024-07-30 09:47:48,23900.0,4000,Sell,227193728
2024-07-30 09:47:50,23900.0,1800,Sell,227193740
2024-07-30 09:47:50,23900.0,18200,Sell,227193741
2024-07-30 09:48:03,23900.0,400,Sell,227194035
2024-07-30 09:48:03,23900.0,200,Sell,227194033
2024-07-30 09:48:03,23900.0,2000,Sell,227194034
2024-07-30 09:48:03,23900.0,500,Sell,227194031
2024-07-30 09:48:03,23900.0,11800,Sell,227194030
2024-07-30 09:48:03,23900.0,100,Sell,227194032
2024-07-30 09:48:09,23900.0,100,Sell,227194284
2024-07-30 09:48:09,23900.0,100,Sell,227194288
2024-07-30 09:48:09,23900.0,400,Sell,227194287
2024-07-30 09:48:09,23900.0,100,Sell,227194286
2024-07-30 09:48:09,23900.0,100,Sell,227194285
2024-07-30 09:48:09,23900.0,100,Sell,227194283
2024-07-30 09:48:09,23900.0,1000,Sell,227194278
2024-07-30 09:48:09,23900.0,300,Sell,227194281
2024-07-30 09:48:09,23900.0,100,Sell,227194280
2024-07-30 09:48:09,23900.0,2000,Sell,227194279
2024-07-30 09:48:09,23900.0,100,Sell,227194289
2024-07-30 09:48:09,23900.0,100,Sell,227194277
2024-07-30 09:48:09,23900.0,100,Sell,227194276
2024-07-30 09:48:09,23900.0,5000,Sell,227194275
2024-07-30 09:48:09,23900.0,500,Sell,227194282
2024-07-30 09:48:09,23900.0,500,Sell,227194290
2024-07-30 09:48:09,23900.0,100,Sell,227194296
2024-07-30 09:48:09,23900.0,100,Sell,227194292
2024-07-30 09:48:09,23900.0,1000,Sell,227194274
2024-07-30 09:48:09,23900.0,400,Sell,227194307
2024-07-30 09:48:09,23900.0,100,Sell,227194306
2024-07-30 09:48:09,23900.0,100,Sell,227194305
2024-07-30 09:48:09,23900.0,100,Sell,227194304
2024-07-30 09:48:09,23900.0,500,Sell,227194303
2024-07-30 09:48:09,23900.0,1000,Sell,227194302
2024-07-30 09:48:09,23900.0,1000,Sell,227194301
2024-07-30 09:48:09,23900.0,500,Sell,227194300
2024-07-30 09:48:09,23900.0,100,Sell,227194299
2024-07-30 09:48:09,23900.0,300,Sell,227194298
2024-07-30 09:48:09,23900.0,200,Sell,227194297
2024-07-30 09:48:09,23900.0,200,Sell,227194295
2024-07-30 09:48:09,23900.0,1500,Sell,227194294
2024-07-30 09:48:09,23900.0,500,Sell,227194293
2024-07-30 09:48:09,23900.0,100,Sell,227194291
2024-07-30 09:48:09,23900.0,3000,Sell,227194272
2024-07-30 09:48:09,23900.0,500,Sell,227194273
2024-07-30 09:48:09,23900.0,100,Sell,227194270
2024-07-30 09:48:09,23900.0,300,Sell,227194250
2024-07-30 09:48:09,23900.0,1000,Sell,227194249
2024-07-30 09:48:09,23900.0,200,Sell,227194248
2024-07-30 09:48:09,23900.0,100,Sell,227194247
2024-07-30 09:48:09,23900.0,100,Sell,227194243
2024-07-30 09:48:09,23900.0,1000,Sell,227194242
2024-07-30 09:48:09,23900.0,600,Sell,227194241
2024-07-30 09:48:09,23900.0,1000,Sell,227194251
2024-07-30 09:48:09,23900.0,2500,Sell,227194240
2024-07-30 09:48:09,23900.0,100,Sell,227194238
2024-07-30 09:48:09,23900.0,200,Sell,227194237
2024-07-30 09:48:09,23900.0,100,Sell,227194236
2024-07-30 09:48:09,23900.0,100,Sell,227194235
2024-07-30 09:48:09,23900.0,100,Sell,227194234
2024-07-30 09:48:09,23900.0,200,Sell,227194233
2024-07-30 09:48:09,23900.0,3000,Sell,227194271
2024-07-30 09:48:09,23900.0,300,Sell,227194239
2024-07-30 09:48:09,23900.0,2000,Sell,227194252
2024-07-30 09:48:09,23900.0,100,Sell,227194232
2024-07-30 09:48:09,23900.0,300,Sell,227194254
2024-07-30 09:48:09,23900.0,5000,Sell,227194253
2024-07-30 09:48:09,23900.0,100,Sell,227194269
2024-07-30 09:48:09,23900.0,200,Sell,227194267
2024-07-30 09:48:09,23900.0,5000,Sell,227194266
2024-07-30 09:48:09,23900.0,400,Sell,227194265
2024-07-30 09:48:09,23900.0,100,Sell,227194264
2024-07-30 09:48:09,23900.0,200,Sell,227194263
2024-07-30 09:48:09,23900.0,2000,Sell,227194268
2024-07-30 09:48:09,23900.0,500,Sell,227194261
2024-07-30 09:48:09,23900.0,1000,Sell,227194260
2024-07-30 09:48:09,23900.0,100,Sell,227194259
2024-07-30 09:48:09,23900.0,100,Sell,227194258
2024-07-30 09:48:09,23900.0,1000,Sell,227194257
2024-07-30 09:48:09,23900.0,4000,Sell,227194256
2024-07-30 09:48:09,23900.0,40000,Sell,227194262
2024-07-30 09:48:09,23900.0,5000,Sell,227194255
2024-07-30 09:48:10,23900.0,100,Sell,227194400
2024-07-30 09:48:10,23900.0,100,Sell,227194401
2024-07-30 09:48:10,23900.0,200,Sell,227194402
2024-07-30 09:48:10,23900.0,2000,Sell,227194403
2024-07-30 09:48:10,23900.0,1000,Sell,227194404
2024-07-30 09:48:10,23900.0,500,Sell,227194407
2024-07-30 09:48:10,23900.0,5000,Sell,227194406
2024-07-30 09:48:10,23900.0,500,Sell,227194408
2024-07-30 09:48:10,23900.0,20000,Sell,227194409
2024-07-30 09:48:10,23900.0,100,Sell,227194410
2024-07-30 09:48:10,23900.0,400,Sell,227194399
2024-07-30 09:48:10,23900.0,500,Sell,227194405
2024-07-30 09:48:10,23900.0,2400,Sell,227194398
2024-07-30 09:48:10,23900.0,100,Sell,227194390
2024-07-30 09:48:10,23900.0,100,Sell,227194396
2024-07-30 09:48:10,23900.0,1000,Sell,227194395
2024-07-30 09:48:10,23900.0,1000,Sell,227194394
2024-07-30 09:48:10,23900.0,100,Sell,227194393
2024-07-30 09:48:10,23900.0,500,Sell,227194392
2024-07-30 09:48:10,23900.0,100,Sell,227194391
2024-07-30 09:48:10,23900.0,100,Sell,227194411
2024-07-30 09:48:10,23900.0,12300,Sell,227194389
2024-07-30 09:48:10,23900.0,500,Sell,227194388
2024-07-30 09:48:10,23900.0,100,Sell,227194387
2024-07-30 09:48:10,23900.0,100,Sell,227194386
2024-07-30 09:48:10,23900.0,2000,Sell,227194385
2024-07-30 09:48:10,23900.0,2000,Sell,227194384
2024-07-30 09:48:10,23900.0,500,Sell,227194397
2024-07-30 09:48:10,23900.0,100,Sell,227194412
2024-07-30 09:48:10,23900.0,100,Sell,227194421
2024-07-30 09:48:10,23900.0,100,Sell,227194414
2024-07-30 09:48:10,23900.0,500,Sell,227194443
2024-07-30 09:48:10,23900.0,2500,Sell,227194442
2024-07-30 09:48:10,23900.0,2500,Sell,227194441
2024-07-30 09:48:10,23900.0,500,Sell,227194440
2024-07-30 09:48:10,23900.0,300,Sell,227194439
2024-07-30 09:48:10,23900.0,100,Sell,227194438
2024-07-30 09:48:10,23900.0,100,Sell,227194437
2024-07-30 09:48:10,23900.0,300,Sell,227194436
2024-07-30 09:48:10,23900.0,200,Sell,227194435
2024-07-30 09:48:10,23900.0,300,Sell,227194434
2024-07-30 09:48:10,23900.0,300,Sell,227194433
2024-07-30 09:48:10,23900.0,1000,Sell,227194432
2024-07-30 09:48:10,23900.0,1000,Sell,227194383
2024-07-30 09:48:10,23900.0,300,Sell,227194413
2024-07-30 09:48:10,23900.0,100,Sell,227194430
2024-07-30 09:48:10,23900.0,500,Sell,227194428
2024-07-30 09:48:10,23900.0,100,Sell,227194427
2024-07-30 09:48:10,23900.0,100,Sell,227194426
2024-07-30 09:48:10,23900.0,200,Sell,227194425
2024-07-30 09:48:10,23900.0,100,Sell,227194424
2024-07-30 09:48:10,23900.0,1600,Sell,227194423
2024-07-30 09:48:10,23900.0,100,Sell,227194422
2024-07-30 09:48:10,23900.0,100,Sell,227194420
2024-07-30 09:48:10,23900.0,200,Sell,227194419
2024-07-30 09:48:10,23900.0,100,Sell,227194418
2024-07-30 09:48:10,23900.0,1000,Sell,227194417
2024-07-30 09:48:10,23900.0,1000,Sell,227194416
2024-07-30 09:48:10,23900.0,100,Sell,227194415
2024-07-30 09:48:10,23900.0,300,Sell,227194429
2024-07-30 09:48:10,23900.0,500,Sell,227194382
2024-07-30 09:48:10,23900.0,100,Sell,227194431
2024-07-30 09:48:10,23900.0,100,Sell,227194380
2024-07-30 09:48:10,23900.0,5000,Sell,227194347
2024-07-30 09:48:10,23900.0,100,Sell,227194346
2024-07-30 09:48:10,23900.0,5400,Sell,227194345
2024-07-30 09:48:10,23900.0,100,Sell,227194344
2024-07-30 09:48:10,23900.0,100,Sell,227194343
2024-07-30 09:48:10,23900.0,100,Sell,227194341
2024-07-30 09:48:10,23900.0,500,Sell,227194340
2024-07-30 09:48:10,23900.0,100,Sell,227194339
2024-07-30 09:48:10,23900.0,1500,Sell,227194338
2024-07-30 09:48:10,23900.0,100,Sell,227194337
2024-07-30 09:48:10,23900.0,100,Sell,227194336
2024-07-30 09:48:10,23900.0,300,Sell,227194335
2024-07-30 09:48:10,23900.0,100,Sell,227194334
2024-07-30 09:48:10,23900.0,1000,Sell,227194348
2024-07-30 09:48:10,23900.0,500,Sell,227194333
2024-07-30 09:48:10,23900.0,400,Sell,227194331
2024-07-30 09:48:10,23900.0,2000,Sell,227194330
2024-07-30 09:48:10,23900.0,10000,Sell,227194329
2024-07-30 09:48:10,23900.0,100,Sell,227194328
2024-07-30 09:48:10,23900.0,100,Sell,227194327
2024-07-30 09:48:10,23900.0,100,Sell,227194326
2024-07-30 09:48:10,23900.0,1000,Sell,227194325
2024-07-30 09:48:10,23900.0,200,Sell,227194324
2024-07-30 09:48:10,23900.0,200,Sell,227194323
2024-07-30 09:48:10,23900.0,100,Sell,227194322
2024-07-30 09:48:10,23900.0,2000,Sell,227194321
2024-07-30 09:48:10,23900.0,600,Sell,227194320
2024-07-30 09:48:10,23900.0,1000,Sell,227194381
2024-07-30 09:48:10,23900.0,100,Sell,227194332
2024-07-30 09:48:10,23900.0,1000,Sell,227194349
2024-07-30 09:48:10,23900.0,100,Sell,227194342
2024-07-30 09:48:10,23900.0,1000,Sell,227194351
2024-07-30 09:48:10,23900.0,500,Sell,227194379
2024-07-30 09:48:10,23900.0,200,Sell,227194378
2024-07-30 09:48:10,23900.0,100,Sell,227194377
2024-07-30 09:48:10,23900.0,100,Sell,227194376
2024-07-30 09:48:10,23900.0,100,Sell,227194375
2024-07-30 09:48:10,23900.0,500,Sell,227194374
2024-07-30 09:48:10,23900.0,200,Sell,227194373
2024-07-30 09:48:10,23900.0,300,Sell,227194350
2024-07-30 09:48:10,23900.0,1000,Sell,227194371
2024-07-30 09:48:10,23900.0,200,Sell,227194370
2024-07-30 09:48:10,23900.0,500,Sell,227194369
2024-07-30 09:48:10,23900.0,2000,Sell,227194368
2024-07-30 09:48:10,23900.0,100,Sell,227194367
2024-07-30 09:48:10,23900.0,2000,Sell,227194366
2024-07-30 09:48:10,23900.0,1000,Sell,227194372
2024-07-30 09:48:10,23900.0,1000,Sell,227194364
2024-07-30 09:48:10,23900.0,1000,Sell,227194365
2024-07-30 09:48:10,23900.0,100,Sell,227194352
2024-07-30 09:48:10,23900.0,100,Sell,227194353
2024-07-30 09:48:10,23900.0,1000,Sell,227194354
2024-07-30 09:48:10,23900.0,600,Sell,227194355
2024-07-30 09:48:10,23900.0,300,Sell,227194357
2024-07-30 09:48:10,23900.0,100,Sell,227194356
2024-07-30 09:48:10,23900.0,1000,Sell,227194359
2024-07-30 09:48:10,23900.0,1000,Sell,227194360
2024-07-30 09:48:10,23900.0,1000,Sell,227194361
2024-07-30 09:48:10,23900.0,2000,Sell,227194362
2024-07-30 09:48:10,23900.0,100,Sell,227194363
2024-07-30 09:48:10,23900.0,100,Sell,227194358
2024-07-30 09:48:11,23900.0,100,Sell,227194476
2024-07-30 09:48:11,23900.0,1000,Sell,227194480
2024-07-30 09:48:11,23900.0,500,Sell,227194477
2024-07-30 09:48:11,23900.0,300,Sell,227194478
2024-07-30 09:48:11,23900.0,100,Sell,227194479
2024-07-30 09:48:11,23900.0,300,Sell,227194481
2024-07-30 09:48:11,23900.0,100,Sell,227194488
2024-07-30 09:48:11,23900.0,200,Sell,227194483
2024-07-30 09:48:11,23900.0,3000,Sell,227194484
2024-07-30 09:48:11,23900.0,100,Sell,227194485
2024-07-30 09:48:11,23900.0,1000,Sell,227194486
2024-07-30 09:48:11,23900.0,300,Sell,227194487
2024-07-30 09:48:11,23900.0,100,Sell,227194475
2024-07-30 09:48:11,23900.0,12000,Sell,227194482
2024-07-30 09:48:11,23900.0,100,Sell,227194474
2024-07-30 09:48:11,23900.0,1000,Sell,227194466
2024-07-30 09:48:11,23900.0,1000,Sell,227194472
2024-07-30 09:48:11,23900.0,200,Sell,227194473
2024-07-30 09:48:11,23900.0,100,Sell,227194459
2024-07-30 09:48:11,23900.0,2000,Sell,227194460
2024-07-30 09:48:11,23900.0,500,Sell,227194462
2024-07-30 09:48:11,23900.0,1000,Sell,227194463
2024-07-30 09:48:11,23900.0,5000,Sell,227194464
2024-07-30 09:48:11,23900.0,100,Sell,227194461
2024-07-30 09:48:11,23900.0,2500,Sell,227194458
2024-07-30 09:48:11,23900.0,10000,Sell,227194467
2024-07-30 09:48:11,23900.0,200,Sell,227194468
2024-07-30 09:48:11,23900.0,1900,Sell,227194469
2024-07-30 09:48:11,23900.0,100,Sell,227194470
2024-07-30 09:48:11,23900.0,100,Sell,227194471
2024-07-30 09:48:11,23900.0,100,Sell,227194465
2024-07-30 09:48:15,23850.0,100,Sell,227194628
2024-07-30 09:48:15,23850.0,100,Sell,227194635
2024-07-30 09:48:15,23850.0,2000,Sell,227194634
2024-07-30 09:48:15,23850.0,200,Sell,227194632
2024-07-30 09:48:15,23850.0,100,Sell,227194631
2024-07-30 09:48:15,23850.0,1000,Sell,227194630
2024-07-30 09:48:15,23850.0,100,Sell,227194629
2024-07-30 09:48:15,23850.0,100,Sell,227194627
2024-07-30 09:48:15,23850.0,100,Sell,227194633
2024-07-30 09:48:15,23850.0,700,Sell,227194625
2024-07-30 09:48:15,23850.0,100,Sell,227194575
2024-07-30 09:48:15,23850.0,500,Sell,227194576
2024-07-30 09:48:15,23850.0,100,Sell,227194577
2024-07-30 09:48:15,23850.0,100,Sell,227194578
2024-07-30 09:48:15,23850.0,100,Sell,227194626
2024-07-30 09:48:15,23850.0,2600,Sell,227194580
2024-07-30 09:48:15,23900.0,100,Buy,227194581
2024-07-30 09:48:15,23850.0,400,Sell,227194624
2024-07-30 09:48:15,23850.0,100,Sell,227194579
2024-07-30 09:48:22,23900.0,500,Buy,227194794
2024-07-30 09:48:23,23900.0,1000,Buy,227194822
2024-07-30 09:48:26,23900.0,500,Buy,227194860
2024-07-30 09:48:27,23850.0,200,Sell,227194873
2024-07-30 09:48:27,23850.0,800,Sell,227194868
2024-07-30 09:48:27,23850.0,100,Sell,227194869
2024-07-30 09:48:27,23850.0,1700,Sell,227194870
2024-07-30 09:48:27,23850.0,100,Sell,227194871
2024-07-30 09:48:27,23850.0,100,Sell,227194872
2024-07-30 09:48:28,23900.0,400,Buy,227194924
2024-07-30 09:48:30,23900.0,2000,Buy,227194958
2024-07-30 09:48:32,23900.0,200,Buy,227194993
2024-07-30 09:48:33,23900.0,100,Buy,227195024
2024-07-30 09:48:36,23900.0,1000,Buy,227195066
2024-07-30 09:48:39,23850.0,200,Sell,227195131
2024-07-30 09:48:39,23850.0,100,Sell,227195132
2024-07-30 09:48:39,23850.0,100,Sell,227195130
2024-07-30 09:48:39,23850.0,100,Sell,227195134
2024-07-30 09:48:39,23850.0,100,Sell,227195135
2024-07-30 09:48:39,23850.0,100,Sell,227195136
2024-07-30 09:48:39,23850.0,100,Sell,227195138
2024-07-30 09:48:39,23850.0,100,Sell,227195139
2024-07-30 09:48:39,23850.0,100,Sell,227195140
2024-07-30 09:48:39,23850.0,100,Sell,227195141
2024-07-30 09:48:39,23850.0,100,Sell,227195142
2024-07-30 09:48:39,23850.0,700,Sell,227195143
2024-07-30 09:48:39,23850.0,100,Sell,227195137
2024-07-30 09:48:39,23850.0,100,Sell,227195129
2024-07-30 09:48:39,23850.0,100,Sell,227195133
2024-07-30 09:48:39,23850.0,200,Sell,227195127
2024-07-30 09:48:39,23850.0,300,Sell,227195113
2024-07-30 09:48:39,23850.0,1000,Sell,227195114
2024-07-30 09:48:39,23850.0,500,Sell,227195115
2024-07-30 09:48:39,23850.0,100,Sell,227195116
2024-07-30 09:48:39,23850.0,400,Sell,227195117
2024-07-30 09:48:39,23850.0,200,Sell,227195118
2024-07-30 09:48:39,23850.0,200,Sell,227195119
2024-07-30 09:48:39,23850.0,100,Sell,227195128
2024-07-30 09:48:39,23850.0,100,Sell,227195121
2024-07-30 09:48:39,23850.0,5000,Sell,227195126
2024-07-30 09:48:39,23850.0,100,Sell,227195125
2024-07-30 09:48:39,23850.0,100,Sell,227195120
2024-07-30 09:48:39,23850.0,100,Sell,227195123
2024-07-30 09:48:39,23850.0,800,Sell,227195122
2024-07-30 09:48:39,23850.0,200,Sell,227195124
2024-07-30 09:48:41,23900.0,29500,Buy,227195179
2024-07-30 09:48:41,23900.0,500,Buy,227195180
2024-07-30 09:48:44,23900.0,1000,Buy,227195231
2024-07-30 09:48:46,23850.0,1100,Sell,227195288
2024-07-30 09:48:46,23850.0,1000,Sell,227195287
2024-07-30 09:48:46,23850.0,200,Sell,227195286
2024-07-30 09:48:46,23850.0,100,Sell,227195285
2024-07-30 09:48:46,23850.0,5000,Sell,227195284
2024-07-30 09:48:46,23850.0,100,Sell,227195283
2024-07-30 09:48:46,23850.0,100,Sell,227195282
2024-07-30 09:48:46,23850.0,1000,Sell,227195281
2024-07-30 09:48:46,23850.0,100,Sell,227195278
2024-07-30 09:48:46,23850.0,100,Sell,227195279
2024-07-30 09:48:46,23850.0,100,Sell,227195277
2024-07-30 09:48:46,23900.0,2000,Buy,227195320
2024-07-30 09:48:46,23850.0,100,Sell,227195275
2024-07-30 09:48:46,23850.0,100,Sell,227195274
2024-07-30 09:48:46,23850.0,2400,Sell,227195273
2024-07-30 09:48:46,23850.0,100,Sell,227195272
2024-07-30 09:48:46,23850.0,300,Sell,227195271
2024-07-30 09:48:46,23850.0,10000,Sell,227195280
2024-07-30 09:48:46,23850.0,100,Sell,227195276
2024-07-30 09:48:48,23850.0,7000,Sell,227195358
2024-07-30 09:49:12,23850.0,1100,Sell,227195776
2024-07-30 09:49:12,23850.0,1900,Sell,227195775
2024-07-30 09:49:16,23850.0,100,Sell,227195886
2024-07-30 09:49:16,23850.0,1000,Sell,227195885
2024-07-30 09:49:16,23850.0,500,Sell,227195883
2024-07-30 09:49:16,23850.0,1300,Sell,227195882
2024-07-30 09:49:16,23850.0,100,Sell,227195884
2024-07-30 09:49:22,23850.0,1900,Sell,227196000
2024-07-30 09:49:23,23850.0,1000,Sell,227196001
2024-07-30 09:49:23,23850.0,100,Sell,227196002
2024-07-30 09:49:23,23850.0,100,Sell,227196003
2024-07-30 09:49:23,23850.0,100,Sell,227196004
2024-07-30 09:49:23,23850.0,2000,Sell,227196005
2024-07-30 09:49:23,23850.0,300,Sell,227196006
2024-07-30 09:49:23,23850.0,1000,Sell,227196007
2024-07-30 09:49:23,23850.0,3500,Sell,227196008
2024-07-30 09:49:38,23900.0,400,Buy,227196347
2024-07-30 09:49:39,23850.0,500,Sell,227196371
2024-07-30 09:49:39,23850.0,500,Sell,227196370
2024-07-30 09:49:44,23850.0,200,Sell,227196476
2024-07-30 09:50:07,23850.0,600,Sell,227197021
2024-07-30 09:50:07,23850.0,100,Sell,227197020
2024-07-30 09:50:07,23850.0,300,Sell,227197019
2024-07-30 09:50:25,23850.0,500,Sell,227197447
2024-07-30 09:50:29,23850.0,500,Sell,227197579
2024-07-30 09:50:32,23900.0,1000,Buy,227197637
2024-07-30 09:50:44,23900.0,100,Buy,227198003
2024-07-30 09:50:47,23850.0,3000,Sell,227198086
2024-07-30 09:50:58,23850.0,3000,Sell,227198279
2024-07-30 09:51:02,23900.0,2500,Buy,227198354
2024-07-30 09:51:14,23900.0,100,Buy,227198605
2024-07-30 09:51:14,23900.0,3000,Buy,227198617
2024-07-30 09:51:15,23900.0,8000,Buy,227198622
2024-07-30 09:51:16,23900.0,300,Buy,227198639
2024-07-30 09:51:17,23900.0,400,Buy,227198665
2024-07-30 09:51:18,23900.0,500,Buy,227198666
2024-07-30 09:51:20,23900.0,2500,Buy,227198710
2024-07-30 09:51:20,23900.0,8200,Buy,227198725
2024-07-30 09:51:21,23900.0,100,Buy,227198773
2024-07-30 09:51:22,23900.0,4500,Buy,227198795
2024-07-30 09:51:25,23900.0,100,Buy,227198860
2024-07-30 09:51:26,23900.0,1000,Buy,227198889
2024-07-30 09:51:27,23900.0,100,Buy,227198908
2024-07-30 09:51:35,23900.0,100,Buy,227199060
2024-07-30 09:51:35,23900.0,200,Buy,227199068
2024-07-30 09:51:35,23900.0,13400,Buy,227199069
2024-07-30 09:51:35,23900.0,1600,Buy,227199070
2024-07-30 09:51:37,23900.0,1000,Buy,227199167
2024-07-30 09:51:38,23900.0,5000,Buy,227199196
2024-07-30 09:51:38,23900.0,1000,Buy,227199197
2024-07-30 09:51:39,23900.0,11400,Buy,227199210
2024-07-30 09:51:39,23900.0,1500,Buy,227199211
2024-07-30 09:51:39,23900.0,17000,Buy,227199212
2024-07-30 09:51:39,23900.0,10000,Buy,227199213
2024-07-30 09:51:39,23900.0,8700,Buy,227199214
2024-07-30 09:51:43,23900.0,500,Buy,227199347
2024-07-30 09:51:44,23900.0,200,Buy,227199366
2024-07-30 09:51:46,23900.0,500,Buy,227199417
2024-07-30 09:51:47,23900.0,2000,Buy,227199440
2024-07-30 09:51:47,23900.0,1000,Buy,227199428
2024-07-30 09:51:47,23900.0,5000,Buy,227199429
2024-07-30 09:51:48,23900.0,2000,Buy,227199448
2024-07-30 09:51:48,23900.0,1000,Buy,227199458
2024-07-30 09:51:48,23900.0,3000,Buy,227199459
2024-07-30 09:51:49,23900.0,400,Buy,227199478
2024-07-30 09:51:49,23900.0,400,Buy,227199479
2024-07-30 09:51:50,23900.0,7200,Buy,227199509
2024-07-30 09:51:50,23900.0,1100,Buy,227199512
2024-07-30 09:51:51,23900.0,500,Buy,227199521
2024-07-30 09:51:51,23900.0,500,Buy,227199522
2024-07-30 09:51:52,23900.0,2000,Buy,227199545
2024-07-30 09:51:52,23900.0,1500,Buy,227199543
2024-07-30 09:51:52,23900.0,100,Buy,227199544
2024-07-30 09:51:53,23900.0,500,Buy,227199562
2024-07-30 09:51:53,23900.0,8300,Buy,227199558
2024-07-30 09:51:53,23900.0,100,Buy,227199561
2024-07-30 09:51:53,23900.0,200,Buy,227199560
2024-07-30 09:51:53,23900.0,200,Buy,227199559
2024-07-30 09:51:53,23900.0,500,Buy,227199557
2024-07-30 09:51:53,23900.0,4200,Buy,227199550
2024-07-30 09:51:53,23900.0,400,Buy,227199555
2024-07-30 09:51:53,23900.0,500,Buy,227199554
2024-07-30 09:51:53,23900.0,100,Buy,227199553
2024-07-30 09:51:53,23900.0,100,Buy,227199552
2024-07-30 09:51:53,23900.0,1000,Buy,227199551
2024-07-30 09:51:53,23900.0,100,Buy,227199549
2024-07-30 09:51:53,23900.0,500,Buy,227199556
2024-07-30 09:52:01,23900.0,1900,Sell,227199753
2024-07-30 09:52:07,23900.0,1500,Sell,227199906
2024-07-30 09:52:07,23900.0,500,Sell,227199907
2024-07-30 09:52:07,23900.0,300,Sell,227199908
2024-07-30 09:52:07,23900.0,200,Sell,227199909
2024-07-30 09:52:09,23900.0,3000,Sell,227199957
2024-07-30 09:52:12,23900.0,2800,Sell,227199992
2024-07-30 09:52:17,23900.0,1600,Sell,227200057
2024-07-30 09:52:17,23900.0,400,Sell,227200072
2024-07-30 09:52:23,23900.0,300,Sell,227200181
2024-07-30 09:52:44,23950.0,100,Buy,227200612
2024-07-30 09:52:45,23950.0,300,Buy,227200633
2024-07-30 09:52:47,23900.0,1500,Sell,227200666
2024-07-30 09:52:52,23950.0,1000,Buy,227200748
2024-07-30 09:53:07,23950.0,700,Buy,227201108
2024-07-30 09:53:24,23900.0,200,Sell,227201396
2024-07-30 09:53:24,23900.0,200,Sell,227201397
2024-07-30 09:53:24,23900.0,100,Sell,227201398
2024-07-30 09:53:24,23900.0,1000,Sell,227201399
2024-07-30 09:53:24,23900.0,100,Sell,227201400
2024-07-30 09:53:26,23900.0,18000,Sell,227201461
2024-07-30 09:53:26,23900.0,100,Sell,227201460
2024-07-30 09:53:26,23900.0,4000,Sell,227201459
2024-07-30 09:53:26,23900.0,1000,Sell,227201457
2024-07-30 09:53:26,23900.0,400,Sell,227201458
2024-07-30 09:53:26,23900.0,10000,Sell,227201455
2024-07-30 09:53:26,23900.0,1300,Sell,227201452
2024-07-30 09:53:26,23900.0,6000,Sell,227201456
2024-07-30 09:53:26,23900.0,8200,Sell,227201454
2024-07-30 09:53:26,23900.0,1000,Sell,227201453
2024-07-30 09:53:41,23900.0,1000,Sell,227201807
2024-07-30 09:53:44,23950.0,300,Buy,227201850
2024-07-30 09:54:02,23950.0,100,Buy,227202186
2024-07-30 09:54:03,23950.0,100,Buy,227202197
2024-07-30 09:54:04,23900.0,400,Sell,227202223
2024-07-30 09:54:04,23900.0,200,Sell,227202222
2024-07-30 09:54:04,23900.0,100,Sell,227202220
2024-07-30 09:54:04,23900.0,10300,Sell,227202219
2024-07-30 09:54:04,23900.0,1000,Sell,227202221
2024-07-30 09:54:07,23900.0,200,Sell,227202304
2024-07-30 09:54:07,23900.0,1500,Sell,227202309
2024-07-30 09:54:07,23900.0,1000,Sell,227202307
2024-07-30 09:54:07,23900.0,1600,Sell,227202306
2024-07-30 09:54:07,23900.0,200,Sell,227202305
2024-07-30 09:54:07,23900.0,100,Sell,227202303
2024-07-30 09:54:07,23900.0,100,Sell,227202308
2024-07-30 09:54:07,23900.0,200,Sell,227202301
2024-07-30 09:54:07,23900.0,200,Sell,227202300
2024-07-30 09:54:07,23900.0,2800,Sell,227202299
2024-07-30 09:54:07,23900.0,10000,Sell,227202298
2024-07-30 09:54:07,23900.0,100,Sell,227202296
2024-07-30 09:54:07,23900.0,1000,Sell,227202297
2024-07-30 09:54:07,23900.0,1000,Sell,227202302
2024-07-30 09:54:12,23900.0,2200,Sell,227202422
2024-07-30 09:54:12,23900.0,1000,Sell,227202423
2024-07-30 09:54:12,23900.0,300,Sell,227202424
2024-07-30 09:54:15,23900.0,2800,Sell,227202488
2024-07-30 09:54:19,23900.0,500,Sell,227202571
2024-07-30 09:54:47,23900.0,500,Sell,227203144
2024-07-30 09:54:50,23900.0,1700,Sell,227203215
2024-07-30 09:54:50,23900.0,2000,Sell,227203213
2024-07-30 09:54:50,23900.0,5900,Sell,227203212
2024-07-30 09:54:50,23900.0,200,Sell,227203214
2024-07-30 09:55:22,23900.0,400,Sell,227203853
2024-07-30 09:55:22,23900.0,200,Sell,227203863
2024-07-30 09:55:22,23900.0,100,Sell,227203861
2024-07-30 09:55:22,23900.0,3000,Sell,227203860
2024-07-30 09:55:22,23900.0,200,Sell,227203859
2024-07-30 09:55:22,23900.0,1000,Sell,227203858
2024-07-30 09:55:22,23900.0,300,Sell,227203857
2024-07-30 09:55:22,23900.0,500,Sell,227203856
2024-07-30 09:55:22,23900.0,30000,Sell,227203855
2024-07-30 09:55:22,23900.0,2000,Sell,227203854
2024-07-30 09:55:22,23900.0,200,Sell,227203852
2024-07-30 09:55:22,23900.0,100,Sell,227203862
2024-07-30 09:55:22,23900.0,1000,Sell,227203850
2024-07-30 09:55:22,23900.0,100,Sell,227203841
2024-07-30 09:55:22,23900.0,13300,Sell,227203840
2024-07-30 09:55:22,23900.0,200,Sell,227203843
2024-07-30 09:55:22,23900.0,100,Sell,227203844
2024-07-30 09:55:22,23900.0,800,Sell,227203842
2024-07-30 09:55:22,23900.0,300,Sell,227203846
2024-07-30 09:55:22,23900.0,1000,Sell,227203847
2024-07-30 09:55:22,23900.0,1000,Sell,227203848
2024-07-30 09:55:22,23900.0,10000,Sell,227203849
2024-07-30 09:55:22,23900.0,7500,Sell,227203845
2024-07-30 09:55:22,23900.0,100,Sell,227203851
2024-07-30 09:55:23,23900.0,500,Buy,227203888
2024-07-30 09:55:27,23900.0,300,Buy,227203954
2024-07-30 09:55:27,23900.0,2800,Buy,227203955
2024-07-30 09:55:41,23900.0,7700,Sell,227204295
2024-07-30 09:55:41,23900.0,2200,Sell,227204293
2024-07-30 09:55:41,23900.0,100,Sell,227204294
2024-07-30 09:55:42,23900.0,400,Sell,227204312
2024-07-30 09:55:45,23900.0,1000,Sell,227204343
2024-07-30 09:55:45,23900.0,200,Sell,227204344
2024-07-30 09:55:45,23900.0,500,Sell,227204342
2024-07-30 09:55:49,23900.0,1300,Sell,227204414
2024-07-30 09:55:49,23900.0,700,Sell,227204415
2024-07-30 09:55:54,23900.0,2300,Sell,227204529
2024-07-30 09:55:54,23900.0,100,Sell,227204530
2024-07-30 09:55:54,23900.0,1800,Sell,227204531
2024-07-30 09:56:01,23900.0,1200,Sell,227204651
2024-07-30 09:56:01,23900.0,100,Sell,227204652
2024-07-30 09:56:01,23900.0,100,Sell,227204653
2024-07-30 09:56:04,23900.0,100,Buy,227204718
2024-07-30 09:56:12,23900.0,1000,Buy,227204909
2024-07-30 09:56:14,23900.0,500,Buy,227204936
2024-07-30 09:56:15,23900.0,1000,Buy,227204960
2024-07-30 09:56:19,23900.0,1000,Buy,227205021
2024-07-30 09:56:19,23900.0,1500,Buy,227205019
2024-07-30 09:56:19,23900.0,500,Buy,227205020
2024-07-30 09:56:22,23900.0,100,Buy,227205070
2024-07-30 09:56:23,23900.0,700,Buy,227205095
2024-07-30 09:56:23,23900.0,100,Buy,227205096
2024-07-30 09:56:23,23850.0,100,Sell,227205107
2024-07-30 09:56:33,23900.0,100,Buy,227205274
2024-07-30 09:56:37,23850.0,10000,Sell,227205329
2024-07-30 09:56:40,23900.0,300,Buy,227205393
2024-07-30 09:56:40,23900.0,3700,Buy,227205399
2024-07-30 09:56:40,23900.0,1000,Buy,227205400
2024-07-30 09:56:40,23900.0,1000,Buy,227205401
2024-07-30 09:56:40,23900.0,100,Buy,227205402
2024-07-30 09:56:40,23900.0,500,Buy,227205403
2024-07-30 09:56:40,23900.0,200,Buy,227205404
2024-07-30 09:56:43,23900.0,100,Sell,227205447
2024-07-30 09:56:53,23900.0,1300,Sell,227205676
2024-07-30 09:56:53,23900.0,2000,Sell,227205675
2024-07-30 09:56:53,23900.0,3400,Sell,227205674
2024-07-30 09:56:56,23900.0,100,Buy,227205746
2024-07-30 09:57:05,23900.0,100,Buy,227205963
2024-07-30 09:57:07,23900.0,500,Buy,227206005
2024-07-30 09:57:12,23900.0,1500,Buy,227206109
2024-07-30 09:57:12,23900.0,1800,Buy,227206110
2024-07-30 09:57:12,23900.0,1700,Buy,227206111
2024-07-30 09:57:14,23900.0,200,Buy,227206152
2024-07-30 09:57:16,23900.0,2100,Buy,227206183
2024-07-30 09:57:25,23850.0,2300,Sell,227206369
2024-07-30 09:57:25,23850.0,9000,Sell,227206375
2024-07-30 09:57:25,23850.0,500,Sell,227206373
2024-07-30 09:57:25,23850.0,500,Sell,227206370
2024-07-30 09:57:25,23900.0,200,Sell,227206368
2024-07-30 09:57:25,23850.0,500,Sell,227206374
2024-07-30 09:57:25,23900.0,3000,Sell,227206366
2024-07-30 09:57:25,23900.0,100,Sell,227206365
2024-07-30 09:57:25,23900.0,800,Sell,227206364
2024-07-30 09:57:25,23900.0,100,Sell,227206367
2024-07-30 09:57:25,23900.0,100,Sell,227206363
2024-07-30 09:57:25,23900.0,2900,Sell,227206362
2024-07-30 09:57:32,23900.0,1000,Sell,227206545
2024-07-30 09:57:32,23900.0,1000,Sell,227206546
2024-07-30 09:57:45,23950.0,400,Buy,227206754
2024-07-30 09:57:58,23900.0,5000,Sell,227206985
2024-07-30 09:57:58,23900.0,5000,Sell,227206989
2024-07-30 09:57:58,23900.0,3000,Sell,227206988
2024-07-30 09:57:58,23900.0,2000,Sell,227206984
2024-07-30 09:57:58,23900.0,500,Sell,227206986
2024-07-30 09:57:58,23900.0,100,Sell,227206987
2024-07-30 09:57:59,23900.0,100,Buy,227207003
2024-07-30 09:57:59,23900.0,4300,Buy,227207007
2024-07-30 09:58:00,23900.0,5700,Sell,227207027
2024-07-30 09:58:08,23900.0,200,Sell,227207179
2024-07-30 09:58:23,23900.0,500,Sell,227207468
2024-07-30 09:58:31,23900.0,1000,Sell,227207638
2024-07-30 09:58:53,23900.0,1000,Sell,227208049
2024-07-30 09:58:57,23900.0,400,Sell,227208107
2024-07-30 09:58:57,23900.0,100,Sell,227208106
2024-07-30 09:58:57,23900.0,200,Sell,227208105
2024-07-30 09:58:57,23900.0,300,Sell,227208104
2024-07-30 09:59:07,23950.0,100,Buy,227208265
2024-07-30 09:59:12,23900.0,200,Sell,227208360
2024-07-30 09:59:32,23950.0,100,Buy,227208852
2024-07-30 09:59:42,23950.0,100,Buy,227209042
2024-07-30 09:59:47,23900.0,100,Sell,227209116
2024-07-30 09:59:59,23900.0,1000,Sell,227209351
2024-07-30 10:00:06,23950.0,100,Buy,227209497
2024-07-30 10:00:06,23900.0,2000,Sell,227209498
2024-07-30 10:00:21,23950.0,100,Buy,227209863
2024-07-30 10:00:25,23900.0,1000,Sell,227209974
2024-07-30 10:00:42,23900.0,300,Sell,227210210
2024-07-30 10:00:42,23900.0,300,Sell,227210209
2024-07-30 10:00:42,23900.0,1900,Sell,227210211
2024-07-30 10:00:52,23900.0,100,Sell,227210357
2024-07-30 10:00:52,23900.0,400,Sell,227210358
2024-07-30 10:00:53,23900.0,1000,Sell,227210367
2024-07-30 10:01:25,23900.0,400,Sell,227210956
2024-07-30 10:01:27,23950.0,300,Buy,227211009
2024-07-30 10:01:28,23950.0,500,Buy,227211026
2024-07-30 10:01:42,23900.0,2000,Sell,227211256
2024-07-30 10:01:49,23900.0,100,Sell,227211353
2024-07-30 10:01:51,23950.0,6700,Buy,227211381
2024-07-30 10:01:53,23950.0,900,Buy,227211416
2024-07-30 10:02:19,23950.0,100,Buy,227211847
2024-07-30 10:02:31,23950.0,100,Buy,227212040
2024-07-30 10:02:35,23950.0,100,Buy,227212084
2024-07-30 10:02:36,23950.0,2000,Buy,227212095
2024-07-30 10:02:42,23950.0,100,Buy,227212238
2024-07-30 10:02:44,23950.0,200,Buy,227212267
2024-07-30 10:02:53,23950.0,300,Buy,227212424
2024-07-30 10:03:02,23950.0,100,Buy,227212564
2024-07-30 10:03:16,23950.0,1000,Buy,227212835
2024-07-30 10:03:20,23900.0,500,Sell,227212902
2024-07-30 10:03:21,23950.0,400,Buy,227212927
2024-07-30 10:03:33,23950.0,500,Buy,227213113
2024-07-30 10:03:34,23950.0,100,Buy,227213124
2024-07-30 10:03:35,23950.0,100,Buy,227213145
2024-07-30 10:03:36,23900.0,300,Sell,227213166
2024-07-30 10:03:38,23950.0,3000,Buy,227213194
2024-07-30 10:03:44,23950.0,20000,Buy,227213300
2024-07-30 10:03:44,23950.0,100,Buy,227213301
2024-07-30 10:03:48,23950.0,5000,Buy,227213349
2024-07-30 10:03:50,23900.0,2000,Sell,227213397
2024-07-30 10:04:03,23950.0,12100,Buy,227213613
2024-07-30 10:04:06,23950.0,30600,Buy,227213705
2024-07-30 10:04:06,23950.0,50000,Buy,227213706
2024-07-30 10:04:06,23950.0,200,Buy,227213707
2024-07-30 10:04:06,23950.0,10200,Buy,227213708
2024-07-30 10:04:09,23950.0,100,Buy,227213761
2024-07-30 10:04:09,23950.0,500,Buy,227213775
2024-07-30 10:04:11,23950.0,100,Buy,227213823
2024-07-30 10:04:13,23950.0,2500,Buy,227213849
2024-07-30 10:04:13,23950.0,5000,Buy,227213853
2024-07-30 10:04:14,23950.0,1000,Buy,227213877
2024-07-30 10:04:14,23950.0,10000,Buy,227213874
2024-07-30 10:04:14,23900.0,1600,Sell,227213876
2024-07-30 10:04:15,23950.0,1500,Buy,227213913
2024-07-30 10:04:15,23950.0,700,Buy,227213912
2024-07-30 10:04:15,23950.0,100,Buy,227213911
2024-07-30 10:04:15,23950.0,3000,Buy,227213910
2024-07-30 10:04:15,23950.0,400,Buy,227213905
2024-07-30 10:04:15,23950.0,200,Buy,227213908
2024-07-30 10:04:15,23950.0,10000,Buy,227213906
2024-07-30 10:04:15,23950.0,500,Buy,227213904
2024-07-30 10:04:15,23950.0,100,Buy,227213909
2024-07-30 10:04:15,23950.0,100,Buy,227213902
2024-07-30 10:04:15,23950.0,1000,Buy,227213903
2024-07-30 10:04:15,23950.0,1000,Buy,227213891
2024-07-30 10:04:15,23950.0,7600,Buy,227213895
2024-07-30 10:04:15,23950.0,8500,Buy,227213896
2024-07-30 10:04:15,23950.0,3000,Buy,227213897
2024-07-30 10:04:15,23950.0,500,Buy,227213907
2024-07-30 10:04:15,23950.0,2000,Buy,227213899
2024-07-30 10:04:15,23950.0,1100,Buy,227213900
2024-07-30 10:04:15,23950.0,100,Buy,227213898
2024-07-30 10:04:15,23950.0,9600,Buy,227213901
2024-07-30 10:04:18,23950.0,500,Buy,227213935
2024-07-30 10:04:32,23950.0,1500,Sell,227214171
2024-07-30 10:04:32,23950.0,400,Sell,227214172
2024-07-30 10:04:32,23950.0,100,Sell,227214173
2024-07-30 10:04:33,24000.0,9600,Buy,227214204
2024-07-30 10:04:33,24000.0,1600,Buy,227214202
2024-07-30 10:04:33,24000.0,500,Buy,227214201
2024-07-30 10:04:33,24000.0,100,Buy,227214203
2024-07-30 10:04:33,24000.0,100,Buy,227214198
2024-07-30 10:04:33,24000.0,100,Buy,227214197
2024-07-30 10:04:33,24000.0,1000,Buy,227214199
2024-07-30 10:04:33,24000.0,4000,Buy,227214200
2024-07-30 10:05:21,24000.0,100,Buy,227215000
2024-07-30 10:05:35,24000.0,500,Buy,227215207
2024-07-30 10:06:13,23950.0,500,Sell,227215783
2024-07-30 10:06:13,23950.0,100,Sell,227215784
2024-07-30 10:06:18,24000.0,2000,Buy,227215865
2024-07-30 10:06:23,24000.0,500,Buy,227215920
2024-07-30 10:06:39,24000.0,2000,Buy,227216230
2024-07-30 10:07:21,24000.0,200,Buy,227217241
2024-07-30 10:07:29,24000.0,100,Buy,227217388
2024-07-30 10:07:31,24000.0,200,Buy,227217423
2024-07-30 10:07:38,24000.0,100,Buy,227217534
2024-07-30 10:07:40,24000.0,2000,Buy,227217579
2024-07-30 10:07:53,24000.0,5300,Buy,227217926
2024-07-30 10:07:53,24000.0,200,Buy,227217927
2024-07-30 10:08:05,23950.0,400,Sell,227218135
2024-07-30 10:08:05,23950.0,2300,Sell,227218136
2024-07-30 10:08:21,24000.0,1500,Buy,227218345
2024-07-30 10:08:22,24000.0,300,Buy,227218357
2024-07-30 10:08:22,24000.0,500,Buy,227218356
2024-07-30 10:08:22,24000.0,1200,Buy,227218358
2024-07-30 10:08:29,24000.0,100,Buy,227218485
2024-07-30 10:09:05,23950.0,200,Sell,227218945
2024-07-30 10:09:57,23950.0,500,Sell,227219723
2024-07-30 10:09:58,23950.0,500,Sell,227219770
2024-07-30 10:10:05,24000.0,500,Buy,227219901
2024-07-30 10:10:13,23950.0,500,Sell,227220014
2024-07-30 10:10:57,24000.0,100,Buy,227220702
2024-07-30 10:10:57,24000.0,100,Buy,227220703
2024-07-30 10:10:58,23950.0,100,Sell,227220725
2024-07-30 10:11:02,24000.0,100,Buy,227220772
2024-07-30 10:11:39,24000.0,1000,Buy,227221293
2024-07-30 10:11:45,24000.0,4100,Buy,227221356
2024-07-30 10:11:45,24000.0,400,Buy,227221354
2024-07-30 10:11:45,24000.0,2000,Buy,227221355
2024-07-30 10:11:45,24000.0,8800,Buy,227221353
2024-07-30 10:12:03,24000.0,500,Buy,227221660
2024-07-30 10:12:04,24000.0,2000,Buy,227221667
2024-07-30 10:12:17,24000.0,800,Buy,227221824
2024-07-30 10:12:36,24000.0,1000,Buy,227222021
2024-07-30 10:12:48,24000.0,1600,Buy,227222205
2024-07-30 10:12:48,24000.0,400,Buy,227222206
2024-07-30 10:12:50,24000.0,100,Buy,227222249
2024-07-30 10:12:50,24000.0,1900,Buy,227222250
2024-07-30 10:13:00,24000.0,2000,Buy,227222414
2024-07-30 10:13:34,24000.0,100,Buy,227222893
2024-07-30 10:13:34,24000.0,100,Buy,227222892
2024-07-30 10:13:34,24000.0,100,Buy,227222890
2024-07-30 10:13:34,24000.0,100,Buy,227222891
2024-07-30 10:13:37,23950.0,100,Sell,227222929
2024-07-30 10:14:12,23950.0,200,Sell,227223550
2024-07-30 10:14:17,24000.0,100,Buy,227223628
2024-07-30 10:14:17,24000.0,2000,Buy,227223629
2024-07-30 10:14:17,24000.0,100,Buy,227223630
2024-07-30 10:14:17,24000.0,800,Buy,227223631
2024-07-30 10:14:26,24000.0,100,Buy,227223812
2024-07-30 10:14:37,24000.0,100,Buy,227224002
2024-07-30 10:14:37,24000.0,500,Buy,227224003
2024-07-30 10:14:37,24000.0,100,Buy,227224004
2024-07-30 10:14:37,24000.0,300,Buy,227224005
2024-07-30 10:14:55,24000.0,1700,Buy,227224309
2024-07-30 10:14:55,24000.0,300,Buy,227224310
2024-07-30 10:14:58,24000.0,3100,Buy,227224344
2024-07-30 10:14:58,24000.0,1500,Buy,227224343
2024-07-30 10:14:58,24000.0,400,Buy,227224342
2024-07-30 10:15:10,24000.0,5000,Buy,227224593
2024-07-30 10:15:16,24000.0,1000,Buy,227224670
2024-07-30 10:15:20,24000.0,100,Buy,227224759
2024-07-30 10:15:24,24000.0,800,Buy,227224831
2024-07-30 10:15:27,24000.0,200,Buy,227224891
2024-07-30 10:15:30,24000.0,800,Buy,227225063
2024-07-30 10:15:30,24000.0,3000,Buy,227225064
2024-07-30 10:15:30,24000.0,400,Buy,227225065
2024-07-30 10:15:30,24000.0,800,Buy,227225066
2024-07-30 10:15:47,24000.0,900,Buy,227225390
2024-07-30 10:15:47,24000.0,100,Buy,227225389
2024-07-30 10:15:47,24000.0,300,Buy,227225388
2024-07-30 10:15:47,24000.0,1700,Buy,227225386
2024-07-30 10:15:47,24000.0,2000,Buy,227225387
2024-07-30 10:15:52,23950.0,500,Sell,227225447
2024-07-30 10:15:57,23950.0,100,Sell,227225501
2024-07-30 10:16:16,24000.0,300,Buy,227225797
2024-07-30 10:16:41,24000.0,800,Buy,227226165
2024-07-30 10:16:41,24000.0,1000,Buy,227226166
2024-07-30 10:16:41,24000.0,2000,Buy,227226167
2024-07-30 10:16:41,24000.0,400,Buy,227226168
2024-07-30 10:16:41,24000.0,800,Buy,227226169
2024-07-30 10:16:47,24000.0,100,Buy,227226286
2024-07-30 10:17:10,24000.0,100,Buy,227226667
2024-07-30 10:17:14,24000.0,300,Buy,227226744
2024-07-30 10:17:14,24000.0,20000,Buy,227226752
2024-07-30 10:17:26,24000.0,100,Buy,227226940
2024-07-30 10:17:46,24000.0,500,Buy,227227169
2024-07-30 10:17:50,24000.0,100,Buy,227227221
2024-07-30 10:17:59,24000.0,1900,Buy,227227403
2024-07-30 10:18:09,24000.0,100,Buy,227227544
2024-07-30 10:18:14,24000.0,300,Buy,227227621
2024-07-30 10:18:27,24000.0,1000,Buy,227227842
2024-07-30 10:18:29,23950.0,300,Sell,227227885
2024-07-30 10:18:37,24000.0,200,Buy,227227990
2024-07-30 10:18:52,24000.0,100,Buy,227228343
2024-07-30 10:18:53,24000.0,100,Buy,227228361
2024-07-30 10:18:58,23950.0,1500,Sell,227228456
2024-07-30 10:19:00,24000.0,7500,Buy,227228494
2024-07-30 10:19:00,24000.0,1000,Buy,227228502
2024-07-30 10:19:02,24000.0,100,Buy,227228530
2024-07-30 10:19:19,24000.0,10000,Buy,227228901
2024-07-30 10:19:23,24000.0,300,Buy,227229000
2024-07-30 10:19:25,24000.0,500,Buy,227229035
2024-07-30 10:19:41,24000.0,2000,Buy,227229305
2024-07-30 10:19:41,24000.0,2000,Buy,227229304
2024-07-30 10:19:41,24000.0,4900,Buy,227229301
2024-07-30 10:19:41,24000.0,300,Buy,227229302
2024-07-30 10:19:41,24000.0,800,Buy,227229303
2024-07-30 10:19:50,24000.0,100,Buy,227229489
2024-07-30 10:19:50,24000.0,1900,Buy,227229490
2024-07-30 10:20:06,24000.0,1600,Buy,227229743
2024-07-30 10:20:13,24000.0,4100,Buy,227229853
2024-07-30 10:20:14,24000.0,2000,Buy,227229866
2024-07-30 10:20:14,24000.0,100,Buy,227229864
2024-07-30 10:20:14,24000.0,1300,Buy,227229865
2024-07-30 10:20:14,24000.0,100,Buy,227229861
2024-07-30 10:20:14,24000.0,1000,Buy,227229860
2024-07-30 10:20:14,24000.0,2400,Buy,227229859
2024-07-30 10:20:14,24000.0,3000,Buy,227229862
2024-07-30 10:20:14,24000.0,100,Buy,227229863
2024-07-30 10:20:16,24000.0,6000,Buy,227229924
2024-07-30 10:20:17,24000.0,2000,Buy,227229953
2024-07-30 10:20:17,24000.0,200,Buy,227229954
2024-07-30 10:20:17,24000.0,200,Buy,227229955
2024-07-30 10:20:17,24000.0,1000,Buy,227229956
2024-07-30 10:20:17,24000.0,700,Buy,227229957
2024-07-30 10:20:17,24000.0,600,Buy,227229958
2024-07-30 10:20:17,24000.0,300,Buy,227229959
2024-07-30 10:20:18,24000.0,5000,Buy,227229990
2024-07-30 10:20:18,24000.0,2200,Buy,227229991
2024-07-30 10:20:18,24000.0,900,Buy,227229988
2024-07-30 10:20:18,24000.0,100,Buy,227229987
2024-07-30 10:20:18,24000.0,100,Buy,227229989
2024-07-30 10:20:18,24000.0,1700,Buy,227229986
2024-07-30 10:20:19,24000.0,3200,Buy,227230019
2024-07-30 10:20:19,24000.0,100,Buy,227230018
2024-07-30 10:20:19,24000.0,1800,Buy,227230014
2024-07-30 10:20:19,24000.0,500,Buy,227230016
2024-07-30 10:20:19,24000.0,100,Buy,227230015
2024-07-30 10:20:19,24000.0,300,Buy,227230017
2024-07-30 10:20:21,24000.0,800,Buy,227230048
2024-07-30 10:20:21,24000.0,200,Buy,227230049
2024-07-30 10:20:22,24000.0,500,Buy,227230080
2024-07-30 10:20:22,24000.0,3400,Buy,227230084
2024-07-30 10:20:22,24000.0,1600,Buy,227230085
2024-07-30 10:20:23,24000.0,1500,Buy,227230099
2024-07-30 10:20:23,24000.0,500,Buy,227230100
2024-07-30 10:20:24,24000.0,3000,Buy,227230125
2024-07-30 10:20:27,24000.0,1000,Buy,227230184
2024-07-30 10:20:27,24000.0,1000,Buy,227230185
2024-07-30 10:20:27,24000.0,500,Buy,227230186
2024-07-30 10:20:27,24000.0,700,Buy,227230187
2024-07-30 10:20:27,24000.0,1500,Buy,227230182
2024-07-30 10:20:27,24000.0,300,Buy,227230183
2024-07-30 10:20:30,24000.0,4300,Buy,227230253
2024-07-30 10:20:30,24000.0,100,Buy,227230254
2024-07-30 10:20:30,24000.0,600,Buy,227230255
2024-07-30 10:20:30,24000.0,100,Buy,227230256
2024-07-30 10:20:30,24000.0,400,Buy,227230257
2024-07-30 10:20:31,24000.0,10000,Buy,227230263
2024-07-30 10:20:32,24000.0,1000,Buy,227230294
2024-07-30 10:20:33,24000.0,5000,Buy,227230302
2024-07-30 10:20:37,24000.0,10000,Buy,227230366
2024-07-30 10:20:37,24000.0,1000,Buy,227230356
2024-07-30 10:20:41,24000.0,1000,Buy,227230414
2024-07-30 10:20:44,24000.0,1600,Buy,227230451
2024-07-30 10:20:44,24000.0,100,Buy,227230452
2024-07-30 10:20:44,24000.0,300,Buy,227230453
2024-07-30 10:20:44,24000.0,400,Buy,227230454
2024-07-30 10:20:44,24000.0,2600,Buy,227230455
2024-07-30 10:20:45,24000.0,500,Buy,227230506
2024-07-30 10:20:45,24000.0,1000,Buy,227230509
2024-07-30 10:20:46,24000.0,900,Buy,227230516
2024-07-30 10:20:46,24000.0,200,Buy,227230517
2024-07-30 10:20:46,24000.0,2200,Buy,227230518
2024-07-30 10:20:46,24000.0,400,Buy,227230519
2024-07-30 10:20:46,24000.0,2000,Buy,227230520
2024-07-30 10:20:47,24050.0,500,Buy,227230540
2024-07-30 10:20:47,24050.0,5900,Buy,227230536
2024-07-30 10:20:47,24050.0,300,Buy,227230535
2024-07-30 10:20:47,24050.0,800,Buy,227230532
2024-07-30 10:20:47,24050.0,5000,Buy,227230533
2024-07-30 10:20:47,24050.0,200,Buy,227230534
2024-07-30 10:20:47,24050.0,200,Buy,227230531
2024-07-30 10:20:54,24000.0,1100,Sell,227230630
2024-07-30 10:21:19,24000.0,400,Sell,227231011
2024-07-30 10:21:27,24000.0,5000,Sell,227231136
2024-07-30 10:21:41,24000.0,100,Sell,227231296
2024-07-30 10:21:54,24000.0,5200,Sell,227231571
2024-07-30 10:21:54,24000.0,3800,Sell,227231569
2024-07-30 10:21:54,24000.0,1000,Sell,227231570
2024-07-30 10:22:20,24000.0,400,Sell,227232146
2024-07-30 10:22:55,24000.0,1000,Sell,227232926
2024-07-30 10:22:55,24000.0,300,Sell,227232942
2024-07-30 10:22:55,24000.0,100,Sell,227232941
2024-07-30 10:22:55,24000.0,100,Sell,227232939
2024-07-30 10:22:55,24000.0,5000,Sell,227232938
2024-07-30 10:22:55,24000.0,200,Sell,227232937
2024-07-30 10:22:55,24000.0,1600,Sell,227232936
2024-07-30 10:22:55,24000.0,20000,Sell,227232935
2024-07-30 10:22:55,24000.0,5000,Sell,227232940
2024-07-30 10:22:55,24000.0,500,Sell,227232933
2024-07-30 10:22:55,24000.0,45000,Sell,227232934
2024-07-30 10:22:55,24000.0,2000,Sell,227232927
2024-07-30 10:22:55,24000.0,1200,Sell,227232928
2024-07-30 10:22:55,24000.0,4400,Sell,227232925
2024-07-30 10:22:55,24000.0,5000,Sell,227232930
2024-07-30 10:22:55,24000.0,100,Sell,227232931
2024-07-30 10:22:55,24000.0,100,Sell,227232932
2024-07-30 10:22:55,24000.0,1000,Sell,227232929
2024-07-30 10:23:06,24000.0,3000,Buy,227233203
2024-07-30 10:23:17,23950.0,100,Sell,227233335
2024-07-30 10:23:27,23950.0,2000,Sell,227233507
2024-07-30 10:23:52,23950.0,1100,Sell,227233946
2024-07-30 10:23:52,23950.0,1000,Sell,227233947
2024-07-30 10:23:52,23950.0,5000,Sell,227233948
2024-07-30 10:23:52,23950.0,1000,Sell,227233949
2024-07-30 10:23:52,23950.0,500,Sell,227233950
2024-07-30 10:23:52,23950.0,1400,Sell,227233951
2024-07-30 10:24:16,23950.0,1700,Sell,227234404
2024-07-30 10:24:38,24000.0,100,Buy,227234811
2024-07-30 10:24:39,23950.0,100,Sell,227234832
2024-07-30 10:24:43,23950.0,200,Sell,227234903
2024-07-30 10:25:22,23950.0,300,Sell,227235731
2024-07-30 10:25:22,23950.0,2000,Sell,227235706
2024-07-30 10:25:22,23950.0,100,Sell,227235707
2024-07-30 10:25:22,23950.0,3000,Sell,227235708
2024-07-30 10:25:22,23950.0,500,Sell,227235709
2024-07-30 10:25:22,23950.0,500,Sell,227235710
2024-07-30 10:25:22,23950.0,1000,Sell,227235711
2024-07-30 10:25:22,23950.0,600,Sell,227235712
2024-07-30 10:25:22,23950.0,5000,Sell,227235713
2024-07-30 10:25:22,23950.0,200,Sell,227235714
2024-07-30 10:25:22,23950.0,200,Sell,227235715
2024-07-30 10:25:22,23950.0,200,Sell,227235716
2024-07-30 10:25:22,23950.0,400,Sell,227235717
2024-07-30 10:25:22,23950.0,200,Sell,227235718
2024-07-30 10:25:22,23950.0,100,Sell,227235719
2024-07-30 10:25:22,23950.0,200,Sell,227235720
2024-07-30 10:25:22,23950.0,1000,Sell,227235721
2024-07-30 10:25:22,23950.0,100,Sell,227235722
2024-07-30 10:25:22,23950.0,1000,Sell,227235723
2024-07-30 10:25:22,23950.0,100,Sell,227235724
2024-07-30 10:25:22,23950.0,100,Sell,227235725
2024-07-30 10:25:22,23950.0,3000,Sell,227235726
2024-07-30 10:25:22,23950.0,100,Sell,227235727
2024-07-30 10:25:22,23950.0,100,Sell,227235728
2024-07-30 10:25:22,23950.0,200,Sell,227235729
2024-07-30 10:25:22,23950.0,100,Sell,227235730
2024-07-30 10:25:22,23950.0,800,Sell,227235732
2024-07-30 10:25:22,23950.0,1000,Sell,227235705
2024-07-30 10:25:22,23950.0,700,Sell,227235704
2024-07-30 10:25:22,23950.0,3000,Sell,227235702
2024-07-30 10:25:22,23950.0,5000,Sell,227235703
2024-07-30 10:25:22,23950.0,2000,Sell,227235673
2024-07-30 10:25:22,23950.0,14600,Sell,227235675
2024-07-30 10:25:22,23950.0,500,Sell,227235676
2024-07-30 10:25:22,23950.0,41800,Sell,227235677
2024-07-30 10:25:22,23950.0,1000,Sell,227235678
2024-07-30 10:25:22,23950.0,5000,Sell,227235679
2024-07-30 10:25:22,23950.0,5000,Sell,227235680
2024-07-30 10:25:22,23950.0,100,Sell,227235681
2024-07-30 10:25:22,23950.0,200000,Sell,227235682
2024-07-30 10:25:22,23950.0,100,Sell,227235683
2024-07-30 10:25:22,23950.0,100,Sell,227235684
2024-07-30 10:25:22,23950.0,50000,Sell,227235685
2024-07-30 10:25:22,23950.0,1000,Sell,227235686
2024-07-30 10:25:22,23950.0,8500,Sell,227235696
2024-07-30 10:25:22,23950.0,1000,Sell,227235688
2024-07-30 10:25:22,23950.0,200,Sell,227235700
2024-07-30 10:25:22,23950.0,10000,Sell,227235699
2024-07-30 10:25:22,23950.0,3000,Sell,227235698
2024-07-30 10:25:22,23950.0,400,Sell,227235697
2024-07-30 10:25:22,23950.0,100,Sell,227235687
2024-07-30 10:25:22,23950.0,300,Sell,227235695
2024-07-30 10:25:22,23950.0,500,Sell,227235701
2024-07-30 10:25:22,23950.0,1000,Sell,227235693
2024-07-30 10:25:22,23950.0,1000,Sell,227235689
2024-07-30 10:25:22,23950.0,100,Sell,227235690
2024-07-30 10:25:22,23950.0,3000,Sell,227235694
2024-07-30 10:25:22,23950.0,400,Sell,227235692
2024-07-30 10:25:22,23950.0,500,Sell,227235691
2024-07-30 10:25:31,24000.0,300,Buy,227235836
2024-07-30 10:25:33,24000.0,30000,Buy,227235875
2024-07-30 10:25:39,23950.0,100,Sell,227235958
2024-07-30 10:25:47,23950.0,1100,Sell,227236068
2024-07-30 10:25:56,23950.0,100,Sell,227236179
2024-07-30 10:25:56,23950.0,1000,Sell,227236180
2024-07-30 10:25:56,23950.0,900,Sell,227236181
2024-07-30 10:25:59,23950.0,200,Sell,227236230
2024-07-30 10:26:12,23950.0,200,Sell,227236394
2024-07-30 10:26:26,23950.0,300,Sell,227236552
2024-07-30 10:26:26,23950.0,200,Sell,227236551
2024-07-30 10:26:26,23950.0,3000,Sell,227236550
2024-07-30 10:26:26,23950.0,5000,Sell,227236548
2024-07-30 10:26:26,23950.0,1000,Sell,227236546
2024-07-30 10:26:26,23950.0,300,Sell,227236545
2024-07-30 10:26:26,23950.0,800,Sell,227236549
2024-07-30 10:26:26,23950.0,400,Sell,227236547
2024-07-30 10:26:31,24000.0,200,Buy,227236615
2024-07-30 10:26:50,24000.0,200,Buy,227236906
2024-07-30 10:27:09,23950.0,100,Sell,227237099
2024-07-30 10:27:20,23950.0,4500,Sell,227237276
2024-07-30 10:28:02,24000.0,100,Buy,227237955
2024-07-30 10:28:20,24000.0,200,Buy,227238189
2024-07-30 10:28:21,24000.0,200,Buy,227238193
2024-07-30 10:28:42,24000.0,10000,Buy,227238445
2024-07-30 10:28:48,24000.0,400,Buy,227238509
2024-07-30 10:28:49,24000.0,400,Buy,227238522
2024-07-30 10:28:59,24000.0,500,Buy,227238612
2024-07-30 10:29:09,23950.0,5100,Sell,227238716
2024-07-30 10:29:09,23950.0,4900,Sell,227238717
2024-07-30 10:29:11,24000.0,200,Buy,227238747
2024-07-30 10:29:20,24000.0,100,Buy,227238855
2024-07-30 10:29:36,24000.0,500,Buy,227239034
2024-07-30 10:29:40,23950.0,300,Sell,227239091
2024-07-30 10:30:04,23950.0,3000,Sell,227239387
2024-07-30 10:30:32,23950.0,8000,Sell,227239785
2024-07-30 10:30:45,24000.0,4000,Buy,227239987
2024-07-30 10:31:20,24000.0,500,Buy,227240422
2024-07-30 10:31:21,23950.0,6000,Sell,227240460
2024-07-30 10:31:21,23950.0,5000,Sell,227240464
2024-07-30 10:31:21,23950.0,500,Sell,227240463
2024-07-30 10:31:21,23950.0,200,Sell,227240462
2024-07-30 10:31:21,23950.0,5000,Sell,227240461
2024-07-30 10:31:21,23950.0,1700,Sell,227240459
2024-07-30 10:31:21,23950.0,200,Sell,227240465
2024-07-30 10:31:21,23950.0,2000,Sell,227240457
2024-07-30 10:31:21,23950.0,200,Sell,227240458
2024-07-30 10:31:21,23950.0,20000,Sell,227240453
2024-07-30 10:31:21,23950.0,3800,Sell,227240452
2024-07-30 10:31:21,23950.0,100,Sell,227240455
2024-07-30 10:31:21,23950.0,500,Sell,227240456
2024-07-30 10:31:21,23950.0,5000,Sell,227240454
2024-07-30 10:31:22,23900.0,700,Sell,227240543
2024-07-30 10:31:22,23900.0,100,Sell,227240542
2024-07-30 10:31:22,23900.0,100,Sell,227240541
2024-07-30 10:31:22,23900.0,500,Sell,227240534
2024-07-30 10:31:22,23900.0,1500,Sell,227240539
2024-07-30 10:31:22,23900.0,400,Sell,227240538
2024-07-30 10:31:22,23900.0,15000,Sell,227240537
2024-07-30 10:31:22,23900.0,2100,Sell,227240536
2024-07-30 10:31:22,23900.0,100,Sell,227240535
2024-07-30 10:31:22,23900.0,1100,Sell,227240540
2024-07-30 10:31:22,23900.0,2200,Sell,227240529
2024-07-30 10:31:22,23900.0,1000,Sell,227240530
2024-07-30 10:31:22,23900.0,500,Sell,227240528
2024-07-30 10:31:22,23900.0,200,Sell,227240527
2024-07-30 10:31:22,23900.0,200,Sell,227240526
2024-07-30 10:31:22,23900.0,1000,Sell,227240525
2024-07-30 10:31:22,23900.0,200,Sell,227240524
2024-07-30 10:31:22,23900.0,100,Sell,227240523
2024-07-30 10:31:22,23900.0,500,Sell,227240522
2024-07-30 10:31:22,23900.0,200,Sell,227240521
2024-07-30 10:31:22,23900.0,200,Sell,227240520
2024-07-30 10:31:22,23900.0,1000,Sell,227240533
2024-07-30 10:31:22,23900.0,100,Sell,227240544
2024-07-30 10:31:22,23900.0,4100,Sell,227240547
2024-07-30 10:31:22,23900.0,1000,Sell,227240546
2024-07-30 10:31:22,23900.0,200,Sell,227240519
2024-07-30 10:31:22,23900.0,16500,Sell,227240570
2024-07-30 10:31:22,23900.0,100,Sell,227240569
2024-07-30 10:31:22,23900.0,100,Sell,227240567
2024-07-30 10:31:22,23900.0,1000,Sell,227240566
2024-07-30 10:31:22,23900.0,100,Sell,227240565
2024-07-30 10:31:22,23900.0,200,Sell,227240564
2024-07-30 10:31:22,23900.0,1000,Sell,227240563
2024-07-30 10:31:22,23900.0,100,Sell,227240562
2024-07-30 10:31:22,23900.0,100,Sell,227240561
2024-07-30 10:31:22,23900.0,200,Sell,227240560
2024-07-30 10:31:22,23900.0,500,Sell,227240559
2024-07-30 10:31:22,23900.0,300,Sell,227240558
2024-07-30 10:31:22,23900.0,100,Sell,227240557
2024-07-30 10:31:22,23900.0,5000,Sell,227240556
2024-07-30 10:31:22,23900.0,100,Sell,227240555
2024-07-30 10:31:22,23900.0,5000,Sell,227240554
2024-07-30 10:31:22,23900.0,200,Sell,227240553
2024-07-30 10:31:22,23900.0,200,Sell,227240552
2024-07-30 10:31:22,23900.0,1000,Sell,227240551
2024-07-30 10:31:22,23900.0,200,Sell,227240550
2024-07-30 10:31:22,23900.0,1000,Sell,227240549
2024-07-30 10:31:22,23900.0,100,Sell,227240548
2024-07-30 10:31:22,23900.0,300,Sell,227240545
2024-07-30 10:31:22,23900.0,200,Sell,227240518
2024-07-30 10:31:22,23900.0,300,Sell,227240532
2024-07-30 10:31:22,23900.0,100,Sell,227240516
2024-07-30 10:31:22,23900.0,2000,Sell,227240488
2024-07-30 10:31:22,23900.0,16700,Sell,227240487
2024-07-30 10:31:22,23950.0,1000,Sell,227240486
2024-07-30 10:31:22,23950.0,1000,Sell,227240485
2024-07-30 10:31:22,23950.0,100,Sell,227240484
2024-07-30 10:31:22,23950.0,100,Sell,227240483
2024-07-30 10:31:22,23950.0,200,Sell,227240482
2024-07-30 10:31:22,23950.0,800,Sell,227240481
2024-07-30 10:31:22,23950.0,1000,Sell,227240480
2024-07-30 10:31:22,23950.0,2500,Sell,227240479
2024-07-30 10:31:22,23950.0,500,Sell,227240478
2024-07-30 10:31:22,23950.0,100,Sell,227240477
2024-07-30 10:31:22,23950.0,100,Sell,227240476
2024-07-30 10:31:22,23950.0,1000,Sell,227240475
