time,price,volume,match_type,id
2024-08-21 09:14:38,24250.0,99000,ATO/ATC,233327262
2024-08-21 09:14:48,24250.0,300,Sell,233327746
2024-08-21 09:14:49,24300.0,100,Buy,233327761
2024-08-21 09:15:16,24300.0,500,Buy,233328538
2024-08-21 09:15:16,24300.0,1000,Buy,233328535
2024-08-21 09:15:16,24300.0,400,Buy,233328536
2024-08-21 09:15:16,24300.0,100,Buy,233328537
2024-08-21 09:15:20,24300.0,10000,Buy,233328660
2024-08-21 09:15:20,24300.0,800,Buy,233328667
2024-08-21 09:15:20,24300.0,100,Buy,233328666
2024-08-21 09:15:20,24300.0,3000,Buy,233328665
2024-08-21 09:15:20,24300.0,500,Buy,233328659
2024-08-21 09:15:20,24300.0,2000,Buy,233328663
2024-08-21 09:15:20,24300.0,500,Buy,233328661
2024-08-21 09:15:20,24300.0,3000,Buy,233328664
2024-08-21 09:15:20,24300.0,100,Buy,233328662
2024-08-21 09:15:29,24300.0,100,Buy,233328963
2024-08-21 09:15:30,24300.0,100,Buy,233329012
2024-08-21 09:15:34,24250.0,500,Sell,233329115
2024-08-21 09:15:41,24250.0,5000,Sell,233329367
2024-08-21 09:15:48,24300.0,1700,Buy,233329680
2024-08-21 09:16:06,24250.0,5000,Sell,233330405
2024-08-21 09:16:11,24300.0,2400,Buy,233330589
2024-08-21 09:16:14,24250.0,100,Sell,233330733
2024-08-21 09:16:29,24300.0,2000,Buy,233331301
2024-08-21 09:16:48,24300.0,900,Buy,233331970
2024-08-21 09:16:48,24300.0,100,Buy,233331971
2024-08-21 09:17:19,24250.0,100,Sell,233333470
2024-08-21 09:17:30,24300.0,2000,Buy,233333873
2024-08-21 09:17:32,24250.0,100,Sell,233333985
2024-08-21 09:17:37,24250.0,100,Sell,233334169
2024-08-21 09:17:50,24250.0,1000,Sell,233334775
2024-08-21 09:17:55,24250.0,2000,Sell,233334922
2024-08-21 09:17:58,24250.0,2100,Sell,233335055
2024-08-21 09:18:25,24250.0,800,Sell,233336054
2024-08-21 09:18:25,24250.0,1200,Sell,233336055
2024-08-21 09:18:26,24300.0,400,Buy,233336112
2024-08-21 09:18:27,24250.0,100,Sell,233336134
2024-08-21 09:18:36,24250.0,100,Sell,233336530
2024-08-21 09:18:36,24250.0,400,Sell,233336528
2024-08-21 09:18:36,24250.0,1700,Sell,233336531
2024-08-21 09:18:36,24250.0,100,Sell,233336526
2024-08-21 09:18:36,24250.0,300,Sell,233336527
2024-08-21 09:18:36,24250.0,1300,Sell,233336524
2024-08-21 09:18:36,24250.0,1000,Sell,233336529
2024-08-21 09:18:36,24250.0,100,Sell,233336525
2024-08-21 09:18:46,24250.0,100,Sell,233336973
2024-08-21 09:19:04,24300.0,2500,Buy,233337794
2024-08-21 09:19:04,24300.0,3500,Buy,233337795
2024-08-21 09:19:08,24250.0,100,Sell,233337953
2024-08-21 09:19:11,24300.0,1500,Buy,233338083
2024-08-21 09:19:11,24300.0,500,Buy,233338084
2024-08-21 09:19:11,24300.0,4000,Buy,233338085
2024-08-21 09:19:18,24300.0,800,Buy,233338329
2024-08-21 09:19:30,24250.0,100,Sell,233338790
2024-08-21 09:19:31,24300.0,1200,Buy,233338849
2024-08-21 09:19:31,24300.0,500,Buy,233338850
2024-08-21 09:19:31,24300.0,200,Buy,233338847
2024-08-21 09:19:31,24300.0,100,Buy,233338848
2024-08-21 09:19:45,24300.0,300,Buy,233339353
2024-08-21 09:19:49,24250.0,300,Sell,233339518
2024-08-21 09:19:49,24300.0,100,Buy,233339560
2024-08-21 09:19:50,24250.0,1100,Sell,233339604
2024-08-21 09:19:51,24300.0,200,Buy,233339657
2024-08-21 09:19:51,24300.0,1400,Buy,233339658
2024-08-21 09:19:51,24300.0,4100,Buy,233339655
2024-08-21 09:19:51,24300.0,300,Buy,233339656
2024-08-21 09:20:00,24250.0,6000,Sell,233339979
2024-08-21 09:20:07,24300.0,400,Buy,233340204
2024-08-21 09:20:22,24250.0,600,Sell,233340758
2024-08-21 09:20:22,24250.0,100,Sell,233340759
2024-08-21 09:20:22,24250.0,1300,Sell,233340760
2024-08-21 09:20:36,24250.0,700,Sell,233341348
2024-08-21 09:20:36,24250.0,600,Sell,233341349
2024-08-21 09:20:38,24250.0,100,Sell,233341431
2024-08-21 09:20:58,24250.0,200,Sell,233342335
2024-08-21 09:20:58,24250.0,300,Sell,233342334
2024-08-21 09:20:58,24250.0,500,Sell,233342336
2024-08-21 09:21:15,24250.0,500,Sell,233343149
2024-08-21 09:21:15,24250.0,400,Sell,233343155
2024-08-21 09:21:15,24250.0,600,Sell,233343154
2024-08-21 09:21:15,24250.0,200,Sell,233343156
2024-08-21 09:21:15,24250.0,500,Sell,233343152
2024-08-21 09:21:15,24250.0,2000,Sell,233343151
2024-08-21 09:21:15,24250.0,500,Sell,233343150
2024-08-21 09:21:15,24250.0,300,Sell,233343153
2024-08-21 09:21:44,24250.0,1700,Sell,233344559
2024-08-21 09:21:53,24250.0,200,Sell,233344814
2024-08-21 09:22:05,24300.0,200,Buy,233345483
2024-08-21 09:22:36,24250.0,2900,Sell,233346704
2024-08-21 09:22:36,24250.0,1100,Sell,233346705
2024-08-21 09:22:58,24250.0,200,Sell,233347567
2024-08-21 09:23:03,24250.0,500,Sell,233347789
2024-08-21 09:23:14,24250.0,200,Sell,233348306
2024-08-21 09:23:23,24250.0,100,Sell,233348588
2024-08-21 09:23:28,24300.0,100,Buy,233348775
2024-08-21 09:23:28,24300.0,100,Buy,233348776
2024-08-21 09:23:28,24300.0,3000,Buy,233348774
2024-08-21 09:23:44,24300.0,1000,Buy,233349411
2024-08-21 09:24:05,24250.0,100,Sell,233350357
2024-08-21 09:24:15,24250.0,2800,Sell,233350714
2024-08-21 09:24:15,24250.0,200,Sell,233350715
2024-08-21 09:24:22,24250.0,300,Sell,233351039
2024-08-21 09:24:22,24250.0,200,Sell,233351040
2024-08-21 09:24:23,24300.0,100,Buy,233351049
2024-08-21 09:24:23,24300.0,200,Buy,233351050
2024-08-21 09:24:25,24300.0,100,Buy,233351195
2024-08-21 09:24:25,24300.0,700,Buy,233351199
2024-08-21 09:24:25,24300.0,10000,Buy,233351198
2024-08-21 09:24:25,24300.0,500,Buy,233351197
2024-08-21 09:24:25,24300.0,5000,Buy,233351196
2024-08-21 09:24:25,24300.0,2000,Buy,233351194
2024-08-21 09:24:25,24300.0,200,Buy,233351186
2024-08-21 09:24:25,24300.0,100,Buy,233351192
2024-08-21 09:24:25,24300.0,100,Buy,233351191
2024-08-21 09:24:25,24300.0,500,Buy,233351190
2024-08-21 09:24:25,24300.0,100,Buy,233351189
2024-08-21 09:24:25,24300.0,300,Buy,233351188
2024-08-21 09:24:25,24300.0,300,Buy,233351187
2024-08-21 09:24:25,24300.0,100,Buy,233351193
2024-08-21 09:24:26,24250.0,500,Sell,233351238
2024-08-21 09:24:27,24300.0,200,Buy,233351285
2024-08-21 09:24:27,24300.0,900,Buy,233351286
2024-08-21 09:24:27,24300.0,1000,Buy,233351283
2024-08-21 09:24:27,24300.0,400,Buy,233351282
2024-08-21 09:24:27,24300.0,500,Buy,233351284
2024-08-21 09:24:32,24250.0,300,Sell,233351489
2024-08-21 09:24:32,24250.0,100,Sell,233351490
2024-08-21 09:24:38,24300.0,200,Buy,233351757
2024-08-21 09:24:47,24250.0,100,Sell,233352225
2024-08-21 09:24:47,24250.0,1000,Sell,233352224
2024-08-21 09:24:47,24250.0,600,Sell,233352223
2024-08-21 09:24:47,24250.0,400,Sell,233352222
2024-08-21 09:24:47,24250.0,2300,Sell,233352221
2024-08-21 09:24:47,24250.0,200,Sell,233352220
2024-08-21 09:24:47,24250.0,200,Sell,233352218
2024-08-21 09:24:47,24250.0,100,Sell,233352219
2024-08-21 09:24:47,24250.0,100,Sell,233352216
2024-08-21 09:24:47,24250.0,200,Sell,233352209
2024-08-21 09:24:47,24250.0,1000,Sell,233352210
2024-08-21 09:24:47,24250.0,5000,Sell,233352211
2024-08-21 09:24:47,24250.0,2000,Sell,233352217
2024-08-21 09:24:47,24250.0,100,Sell,233352213
2024-08-21 09:24:47,24250.0,100,Sell,233352215
2024-08-21 09:24:47,24250.0,2000,Sell,233352212
2024-08-21 09:24:47,24250.0,5000,Sell,233352214
2024-08-21 09:24:55,24250.0,500,Buy,233352606
2024-08-21 09:24:56,24250.0,100,Buy,233352669
2024-08-21 09:24:56,24200.0,100,Sell,233352675
2024-08-21 09:24:56,24200.0,800,Sell,233352676
2024-08-21 09:24:56,24200.0,100,Sell,233352677
2024-08-21 09:24:56,24200.0,500,Sell,233352678
2024-08-21 09:24:57,24200.0,300,Sell,233352707
2024-08-21 09:24:58,24200.0,100,Sell,233352710
2024-08-21 09:24:58,24250.0,800,Buy,233352713
2024-08-21 09:25:06,24250.0,5700,Buy,233353090
2024-08-21 09:25:11,24250.0,600,Buy,233353366
2024-08-21 09:25:11,24250.0,2500,Buy,233353363
2024-08-21 09:25:11,24250.0,1600,Buy,233353365
2024-08-21 09:25:11,24200.0,800,Sell,233353282
2024-08-21 09:25:14,24250.0,5300,Sell,233353476
2024-08-21 09:25:19,24250.0,3000,Buy,233353646
2024-08-21 09:25:23,24250.0,200,Buy,233353802
2024-08-21 09:25:23,24250.0,1500,Buy,233353827
2024-08-21 09:25:23,24250.0,500,Buy,233353828
2024-08-21 09:25:26,24250.0,1000,Buy,233353996
2024-08-21 09:25:26,24250.0,3000,Buy,233353997
2024-08-21 09:25:26,24250.0,500,Buy,233353998
2024-08-21 09:25:29,24250.0,500,Sell,233354164
2024-08-21 09:25:46,24250.0,100,Sell,233354867
2024-08-21 09:25:58,24250.0,400,Sell,233355404
2024-08-21 09:26:06,24250.0,100,Sell,233355730
2024-08-21 09:26:06,24250.0,100,Sell,233355731
2024-08-21 09:26:13,24250.0,500,Sell,233355987
2024-08-21 09:26:14,24250.0,400,Sell,233356014
2024-08-21 09:26:14,24250.0,100,Sell,233356015
2024-08-21 09:26:38,24250.0,100,Sell,233357060
2024-08-21 09:26:38,24250.0,600,Sell,233357061
2024-08-21 09:26:53,24250.0,300,Sell,233357697
2024-08-21 09:26:54,24300.0,3600,Buy,233357716
2024-08-21 09:27:25,24300.0,300,Buy,233358900
2024-08-21 09:27:27,24250.0,500,Sell,233358981
2024-08-21 09:28:00,24300.0,2000,Buy,233360648
2024-08-21 09:28:05,24250.0,4500,Sell,233360900
2024-08-21 09:28:05,24250.0,900,Sell,233360901
2024-08-21 09:28:09,24250.0,100,Sell,233361074
2024-08-21 09:28:09,24250.0,200,Sell,233361080
2024-08-21 09:28:09,24250.0,1900,Sell,233361075
2024-08-21 09:28:09,24250.0,100,Sell,233361073
2024-08-21 09:28:09,24250.0,1100,Sell,233361068
2024-08-21 09:28:09,24250.0,100,Sell,233361071
2024-08-21 09:28:09,24250.0,100,Sell,233361070
2024-08-21 09:28:09,24250.0,1300,Sell,233361069
2024-08-21 09:28:09,24250.0,300,Sell,233361072
2024-08-21 09:28:13,24250.0,7900,Sell,233361267
2024-08-21 09:28:13,24250.0,100,Sell,233361268
2024-08-21 09:28:13,24250.0,1000,Sell,233361269
2024-08-21 09:28:13,24250.0,100,Sell,233361270
2024-08-21 09:28:13,24250.0,300,Sell,233361271
2024-08-21 09:28:13,24250.0,600,Sell,233361272
2024-08-21 09:28:35,24250.0,600,Sell,233362226
2024-08-21 09:28:35,24250.0,1400,Sell,233362225
2024-08-21 09:29:13,24300.0,100,Buy,233364053
2024-08-21 09:29:16,24250.0,1000,Sell,233364249
2024-08-21 09:29:16,24250.0,200,Sell,233364250
2024-08-21 09:29:16,24250.0,600,Sell,233364251
2024-08-21 09:29:16,24250.0,200,Sell,233364248
2024-08-21 09:29:25,24250.0,200,Sell,233364817
2024-08-21 09:29:34,24250.0,100,Sell,233365299
2024-08-21 09:29:39,24250.0,100,Sell,233365513
2024-08-21 09:29:39,24250.0,200,Sell,233365514
2024-08-21 09:29:39,24250.0,900,Sell,233365515
2024-08-21 09:29:55,24250.0,1000,Sell,233366318
2024-08-21 09:29:55,24250.0,500,Sell,233366336
2024-08-21 09:29:57,24300.0,20000,Buy,233366466
2024-08-21 09:30:06,24250.0,300,Sell,233366942
2024-08-21 09:30:24,24250.0,1000,Sell,233367836
2024-08-21 09:30:26,24250.0,700,Sell,233367919
2024-08-21 09:30:41,24250.0,100,Sell,233368736
2024-08-21 09:30:48,24250.0,5500,Sell,233369040
2024-08-21 09:30:48,24250.0,100,Sell,233369041
2024-08-21 09:30:48,24250.0,1000,Sell,233369042
2024-08-21 09:30:48,24250.0,100,Sell,233369043
2024-08-21 09:30:48,24250.0,1700,Sell,233369044
2024-08-21 09:30:48,24250.0,100,Sell,233369045
2024-08-21 09:30:48,24250.0,100,Sell,233369046
2024-08-21 09:30:48,24250.0,700,Sell,233369047
2024-08-21 09:30:48,24250.0,1700,Sell,233369048
2024-08-21 09:31:06,24250.0,100,Sell,233369743
2024-08-21 09:31:07,24250.0,100,Sell,233369844
2024-08-21 09:31:07,24250.0,3000,Sell,233369843
2024-08-21 09:31:07,24250.0,5000,Sell,233369842
2024-08-21 09:31:07,24250.0,1000,Sell,233369841
2024-08-21 09:31:07,24250.0,200,Sell,233369839
2024-08-21 09:31:07,24250.0,8200,Sell,233369830
2024-08-21 09:31:07,24300.0,500,Buy,233369820
2024-08-21 09:31:07,24250.0,500,Sell,233369840
2024-08-21 09:31:24,24250.0,9400,Sell,233370798
2024-08-21 09:31:24,24250.0,1000,Sell,233370796
2024-08-21 09:31:24,24250.0,400,Sell,233370797
2024-08-21 09:31:24,24250.0,100,Sell,233370794
2024-08-21 09:31:24,24250.0,1000,Sell,233370793
2024-08-21 09:31:24,24250.0,100,Sell,233370792
2024-08-21 09:31:24,24250.0,3000,Sell,233370795
2024-08-21 09:31:30,24250.0,1000,Sell,233371113
2024-08-21 09:31:39,24250.0,15000,Sell,233371453
2024-08-21 09:31:53,24250.0,15000,Sell,233372163
2024-08-21 09:31:55,24250.0,1500,Sell,233372240
2024-08-21 09:32:12,24250.0,3700,Sell,233373031
2024-08-21 09:32:12,24250.0,1000,Sell,233373030
2024-08-21 09:32:12,24250.0,700,Sell,233373027
2024-08-21 09:32:12,24250.0,200,Sell,233373028
2024-08-21 09:32:12,24250.0,8100,Sell,233373026
2024-08-21 09:32:12,24250.0,1300,Sell,233373029
2024-08-21 09:32:30,24250.0,15000,Sell,233374031
2024-08-21 09:32:34,24250.0,100,Sell,233374339
2024-08-21 09:32:37,24250.0,100,Sell,233374533
2024-08-21 09:32:43,24250.0,1000,Sell,233374921
2024-08-21 09:32:49,24250.0,2500,Sell,233375208
2024-08-21 09:32:53,24250.0,600,Sell,233375383
2024-08-21 09:32:57,24300.0,1400,Buy,233375531
2024-08-21 09:33:08,24300.0,300,Buy,233376012
2024-08-21 09:33:09,24250.0,7000,Sell,233376097
2024-08-21 09:33:09,24250.0,8000,Sell,233376098
2024-08-21 09:33:21,24300.0,300,Buy,233376694
2024-08-21 09:33:29,24300.0,500,Buy,233377108
2024-08-21 09:33:38,24300.0,300,Buy,233377589
2024-08-21 09:34:23,24300.0,100,Buy,233379092
2024-08-21 09:34:34,24250.0,600,Sell,233379401
2024-08-21 09:35:04,24250.0,1000,Sell,233380476
2024-08-21 09:35:14,24250.0,10000,Sell,233380958
2024-08-21 09:35:16,24250.0,300,Sell,233381012
2024-08-21 09:35:20,24250.0,100,Sell,233381170
2024-08-21 09:35:20,24250.0,100,Sell,233381171
2024-08-21 09:35:20,24250.0,100,Sell,233381172
2024-08-21 09:35:20,24250.0,100,Sell,233381173
2024-08-21 09:35:20,24250.0,1000,Sell,233381203
2024-08-21 09:35:26,24250.0,200,Sell,233381474
2024-08-21 09:35:27,24250.0,1700,Sell,233381518
2024-08-21 09:35:32,24250.0,200,Sell,233381646
2024-08-21 09:35:36,24250.0,300,Sell,233381800
2024-08-21 09:35:36,24250.0,1600,Sell,233381801
2024-08-21 09:35:36,24250.0,200,Sell,233381798
2024-08-21 09:35:36,24250.0,800,Sell,233381797
2024-08-21 09:35:36,24250.0,100,Sell,233381799
2024-08-21 09:35:46,24250.0,500,Sell,233382136
2024-08-21 09:35:53,24250.0,900,Sell,233382390
2024-08-21 09:35:53,24250.0,300,Sell,233382391
2024-08-21 09:35:53,24250.0,300,Sell,233382392
2024-08-21 09:35:57,24250.0,700,Sell,233382531
2024-08-21 09:35:57,24250.0,1000,Sell,233382532
2024-08-21 09:35:57,24250.0,300,Sell,233382533
2024-08-21 09:35:57,24250.0,2000,Sell,233382534
2024-08-21 09:35:58,24250.0,4000,Sell,233382564
2024-08-21 09:35:58,24250.0,100,Sell,233382565
2024-08-21 09:35:58,24250.0,100,Sell,233382566
2024-08-21 09:35:58,24250.0,700,Sell,233382567
2024-08-21 09:36:04,24250.0,100,Sell,233382746
2024-08-21 09:36:04,24250.0,800,Sell,233382748
2024-08-21 09:36:04,24250.0,1000,Sell,233382744
2024-08-21 09:36:04,24250.0,500,Sell,233382745
2024-08-21 09:36:04,24250.0,1300,Sell,233382747
2024-08-21 09:36:04,24250.0,1300,Sell,233382743
2024-08-21 09:36:07,24250.0,100,Sell,233382842
2024-08-21 09:36:14,24250.0,100,Sell,233383143
2024-08-21 09:36:16,24250.0,4600,Sell,233383187
2024-08-21 09:36:16,24250.0,100,Sell,233383188
2024-08-21 09:36:16,24250.0,300,Sell,233383189
2024-08-21 09:36:21,24250.0,200,Sell,233383413
2024-08-21 09:36:21,24250.0,200,Sell,233383414
2024-08-21 09:36:21,24250.0,100,Sell,233383415
2024-08-21 09:36:29,24250.0,900,Sell,233383682
2024-08-21 09:36:29,24250.0,100,Sell,233383683
2024-08-21 09:36:29,24250.0,2000,Sell,233383684
2024-08-21 09:36:29,24250.0,1000,Sell,233383685
2024-08-21 09:36:29,24250.0,1500,Sell,233383686
2024-08-21 09:36:30,24250.0,500,Sell,233383751
2024-08-21 09:36:32,24250.0,500,Sell,233383774
2024-08-21 09:36:39,24250.0,1200,Sell,233383948
2024-08-21 09:36:39,24250.0,200,Sell,233383949
2024-08-21 09:36:39,24250.0,500,Sell,233383947
2024-08-21 09:36:51,24200.0,300,Sell,233384248
2024-08-21 09:36:52,24250.0,2000,Buy,233384288
2024-08-21 09:36:59,24200.0,100,Sell,233384478
2024-08-21 09:36:59,24200.0,500,Sell,233384479
2024-08-21 09:36:59,24200.0,100,Sell,233384480
2024-08-21 09:36:59,24200.0,2400,Sell,233384481
2024-08-21 09:37:14,24250.0,100,Buy,233384920
2024-08-21 09:37:17,24200.0,1000,Sell,233385038
2024-08-21 09:37:21,24250.0,4000,Buy,233385145
2024-08-21 09:37:21,24250.0,1000,Buy,233385146
2024-08-21 09:37:21,24250.0,1000,Buy,233385147
2024-08-21 09:37:21,24250.0,900,Buy,233385148
2024-08-21 09:37:21,24250.0,1000,Buy,233385149
2024-08-21 09:37:22,24250.0,500,Sell,233385168
2024-08-21 09:37:27,24250.0,2800,Sell,233385347
2024-08-21 09:37:36,24250.0,1000,Buy,233385574
2024-08-21 09:37:50,24250.0,200,Buy,233386145
2024-08-21 09:38:19,24250.0,5000,Buy,233387043
2024-08-21 09:38:21,24200.0,500,Sell,233387098
2024-08-21 09:38:47,24200.0,5000,Sell,233387829
2024-08-21 09:39:05,24200.0,1000,Sell,233388279
2024-08-21 09:39:09,24200.0,500,Sell,233388340
2024-08-21 09:39:14,24200.0,3000,Sell,233388452
2024-08-21 09:39:26,24250.0,5000,Buy,233388778
2024-08-21 09:40:06,24200.0,200,Sell,233389966
2024-08-21 09:40:37,24200.0,800,Sell,233390730
2024-08-21 09:40:37,24200.0,200,Sell,233390729
2024-08-21 09:40:37,24200.0,1000,Sell,233390726
2024-08-21 09:40:37,24200.0,100,Sell,233390728
2024-08-21 09:40:37,24200.0,200,Sell,233390724
2024-08-21 09:40:37,24200.0,200,Sell,233390725
2024-08-21 09:40:37,24200.0,6400,Sell,233390721
2024-08-21 09:40:37,24200.0,10000,Sell,233390727
2024-08-21 09:40:37,24200.0,100,Sell,233390723
2024-08-21 09:40:37,24200.0,1000,Sell,233390722
2024-08-21 09:40:39,24200.0,200,Sell,233390766
2024-08-21 09:40:39,24200.0,300,Sell,233390767
2024-08-21 09:40:39,24200.0,200,Sell,233390768
2024-08-21 09:40:39,24200.0,15900,Sell,233390777
2024-08-21 09:40:39,24200.0,100,Sell,233390770
2024-08-21 09:40:39,24200.0,100,Sell,233390771
2024-08-21 09:40:39,24200.0,300,Sell,233390772
2024-08-21 09:40:39,24200.0,1000,Sell,233390773
2024-08-21 09:40:39,24200.0,200,Sell,233390774
2024-08-21 09:40:39,24200.0,500,Sell,233390775
2024-08-21 09:40:39,24200.0,1200,Sell,233390776
2024-08-21 09:40:39,24200.0,10000,Sell,233390769
2024-08-21 09:40:43,24200.0,200,Sell,233390886
2024-08-21 09:40:51,24200.0,1000,Sell,233391076
2024-08-21 09:41:20,24200.0,300,Sell,233391807
2024-08-21 09:41:26,24250.0,2000,Buy,233392005
2024-08-21 09:41:38,24200.0,100,Sell,233392334
2024-08-21 09:41:38,24250.0,1000,Buy,233392348
2024-08-21 09:41:50,24200.0,8200,Sell,233392612
2024-08-21 09:41:51,24250.0,4000,Buy,233392633
2024-08-21 09:42:21,24250.0,200,Buy,233393415
2024-08-21 09:42:28,24250.0,1000,Buy,233393582
2024-08-21 09:42:35,24250.0,3000,Buy,233393859
2024-08-21 09:42:41,24250.0,100,Buy,233394036
2024-08-21 09:42:51,24250.0,300,Buy,233394226
2024-08-21 09:43:17,24250.0,8000,Buy,233394936
2024-08-21 09:43:23,24250.0,100,Buy,233395168
2024-08-21 09:43:30,24200.0,200,Sell,233395349
2024-08-21 09:43:37,24250.0,500,Buy,233395523
2024-08-21 09:43:37,24250.0,1000,Buy,233395527
2024-08-21 09:43:37,24250.0,2000,Buy,233395522
2024-08-21 09:43:37,24250.0,25000,Buy,233395524
2024-08-21 09:43:37,24250.0,25000,Buy,233395525
2024-08-21 09:43:37,24250.0,100,Buy,233395526
2024-08-21 09:43:37,24250.0,300,Buy,233395528
2024-08-21 09:43:37,24250.0,600,Buy,233395535
2024-08-21 09:43:37,24250.0,100,Buy,233395530
2024-08-21 09:43:37,24250.0,1000,Buy,233395531
2024-08-21 09:43:37,24250.0,100,Buy,233395532
2024-08-21 09:43:37,24250.0,500,Buy,233395533
2024-08-21 09:43:37,24250.0,500,Buy,233395534
2024-08-21 09:43:37,24250.0,15800,Buy,233395536
2024-08-21 09:43:37,24250.0,300,Buy,233395529
2024-08-21 09:43:37,24250.0,100,Buy,233395521
2024-08-21 09:43:37,24250.0,500,Buy,233395517
2024-08-21 09:43:37,24250.0,10000,Buy,233395519
2024-08-21 09:43:37,24250.0,100,Buy,233395520
2024-08-21 09:43:37,24250.0,16300,Buy,233395504
2024-08-21 09:43:37,24250.0,5000,Buy,233395505
2024-08-21 09:43:37,24250.0,1700,Buy,233395506
2024-08-21 09:43:37,24250.0,5000,Buy,233395507
2024-08-21 09:43:37,24250.0,1000,Buy,233395508
2024-08-21 09:43:37,24250.0,100,Buy,233395509
2024-08-21 09:43:37,24250.0,400,Buy,233395516
2024-08-21 09:43:37,24250.0,500,Buy,233395511
2024-08-21 09:43:37,24250.0,2400,Buy,233395510
2024-08-21 09:43:37,24250.0,30000,Buy,233395515
2024-08-21 09:43:37,24250.0,2100,Buy,233395518
2024-08-21 09:43:37,24250.0,1000,Buy,233395513
2024-08-21 09:43:37,24250.0,500,Buy,233395514
2024-08-21 09:43:37,24250.0,500,Buy,233395512
2024-08-21 09:43:39,24250.0,7200,Buy,233395627
2024-08-21 09:43:39,24250.0,1000,Buy,233395635
2024-08-21 09:43:39,24250.0,400,Buy,233395634
2024-08-21 09:43:39,24250.0,500,Buy,233395633
2024-08-21 09:43:39,24250.0,1000,Buy,233395636
2024-08-21 09:43:39,24250.0,100,Buy,233395631
2024-08-21 09:43:39,24250.0,200,Buy,233395630
2024-08-21 09:43:39,24250.0,4000,Buy,233395629
2024-08-21 09:43:39,24250.0,6200,Buy,233395628
2024-08-21 09:43:39,24250.0,1000,Buy,233395632
2024-08-21 09:43:47,24250.0,200,Sell,233395789
2024-08-21 09:43:48,24250.0,200,Sell,233395809
2024-08-21 09:44:46,24250.0,3000,Sell,233397432
2024-08-21 09:44:52,24250.0,1000,Sell,233397654
2024-08-21 09:44:57,24250.0,600,Sell,233397770
2024-08-21 09:45:20,24250.0,100,Sell,233398305
2024-08-21 09:45:27,24250.0,7000,Sell,233398521
2024-08-21 09:45:27,24250.0,100,Sell,233398525
2024-08-21 09:45:27,24250.0,100,Sell,233398524
2024-08-21 09:45:27,24250.0,300,Sell,233398523
2024-08-21 09:45:27,24250.0,5000,Sell,233398522
2024-08-21 09:45:27,24250.0,5000,Sell,233398520
2024-08-21 09:45:27,24250.0,28100,Sell,233398518
2024-08-21 09:45:27,24250.0,100,Sell,233398517
2024-08-21 09:45:27,24250.0,1000,Sell,233398516
2024-08-21 09:45:27,24250.0,100,Sell,233398515
2024-08-21 09:45:27,24250.0,4300,Sell,233398514
2024-08-21 09:45:27,24250.0,200,Sell,233398519
2024-08-21 09:45:28,24250.0,500,Sell,233398526
2024-08-21 09:45:28,24250.0,100,Sell,233398527
2024-08-21 09:45:28,24250.0,1000,Sell,233398528
2024-08-21 09:45:28,24250.0,500,Sell,233398529
2024-08-21 09:45:57,24250.0,10000,Buy,233399309
2024-08-21 09:46:20,24250.0,1000,Buy,233399942
2024-08-21 09:46:29,24250.0,1900,Buy,233400253
2024-08-21 09:47:54,24250.0,200,Buy,233402303
2024-08-21 09:48:10,24250.0,200,Buy,233402710
2024-08-21 09:48:18,24250.0,500,Buy,233402949
2024-08-21 09:48:37,24250.0,700,Buy,233403488
2024-08-21 09:48:39,24250.0,600,Buy,233403519
2024-08-21 09:48:39,24250.0,1000,Buy,233403530
2024-08-21 09:48:54,24200.0,300,Sell,233403905
2024-08-21 09:49:05,24200.0,5000,Sell,233404141
2024-08-21 09:49:05,24200.0,500,Sell,233404142
2024-08-21 09:49:12,24200.0,300,Sell,233404323
2024-08-21 09:49:20,24250.0,8000,Buy,233404520
2024-08-21 09:49:28,24200.0,10000,Sell,233404690
2024-08-21 09:49:31,24200.0,8000,Sell,233404739
2024-08-21 09:49:32,24250.0,100,Buy,233404750
2024-08-21 09:49:57,24200.0,400,Sell,233405255
2024-08-21 09:50:12,24200.0,100,Sell,233405636
2024-08-21 09:50:12,24200.0,500,Sell,233405616
2024-08-21 09:50:12,24200.0,100,Sell,233405613
2024-08-21 09:50:12,24200.0,100,Sell,233405614
2024-08-21 09:50:12,24200.0,600,Sell,233405612
2024-08-21 09:50:12,24200.0,200,Sell,233405615
2024-08-21 09:50:13,24250.0,5000,Buy,233405674
2024-08-21 09:50:44,24250.0,100,Buy,233406374
2024-08-21 09:50:50,24200.0,4000,Sell,233406542
2024-08-21 09:51:00,24250.0,200,Buy,233406823
2024-08-21 09:51:17,24200.0,2400,Sell,233407194
2024-08-21 09:51:17,24200.0,5000,Sell,233407195
2024-08-21 09:51:17,24200.0,1200,Sell,233407196
2024-08-21 09:51:17,24200.0,6400,Sell,233407197
2024-08-21 09:51:29,24250.0,10000,Buy,233407564
2024-08-21 09:51:59,24250.0,6100,Buy,233408199
2024-08-21 09:52:10,24200.0,300,Sell,233408464
2024-08-21 09:52:14,24250.0,500,Buy,233408579
2024-08-21 09:52:32,24250.0,200,Buy,233408989
2024-08-21 09:52:47,24250.0,100,Buy,233409537
2024-08-21 09:52:55,24250.0,200,Buy,233409756
2024-08-21 09:52:55,24250.0,800,Buy,233409757
2024-08-21 09:53:03,24250.0,300,Buy,233410000
2024-08-21 09:53:09,24200.0,4000,Sell,233410120
2024-08-21 09:53:20,24250.0,3000,Buy,233410352
2024-08-21 09:53:38,24250.0,2000,Buy,233410770
2024-08-21 09:54:16,24250.0,200,Buy,233411673
2024-08-21 09:54:24,24250.0,100,Buy,233411854
2024-08-21 09:54:25,24200.0,15000,Sell,233411925
2024-08-21 09:54:37,24250.0,1500,Buy,233412189
2024-08-21 09:54:45,24200.0,600,Sell,233412373
2024-08-21 09:54:54,24250.0,2000,Buy,233412534
2024-08-21 09:54:56,24200.0,2000,Sell,233412600
2024-08-21 09:54:58,24250.0,100,Buy,233412662
2024-08-21 09:55:17,24200.0,100,Sell,233413076
2024-08-21 09:55:19,24200.0,1800,Sell,233413190
2024-08-21 09:55:19,24200.0,500,Sell,233413189
2024-08-21 09:55:19,24200.0,1000,Sell,233413188
2024-08-21 09:55:19,24200.0,500,Sell,233413187
2024-08-21 09:55:19,24200.0,200,Sell,233413186
2024-08-21 09:55:19,24200.0,2000,Sell,233413185
2024-08-21 09:55:19,24200.0,500,Sell,233413184
2024-08-21 09:55:19,24200.0,100,Sell,233413183
2024-08-21 09:55:19,24200.0,100,Sell,233413180
2024-08-21 09:55:19,24200.0,200,Sell,233413179
2024-08-21 09:55:19,24200.0,3000,Sell,233413178
2024-08-21 09:55:19,24200.0,400,Sell,233413177
2024-08-21 09:55:19,24200.0,300,Sell,233413176
2024-08-21 09:55:19,24200.0,600,Sell,233413175
2024-08-21 09:55:19,24200.0,2000,Sell,233413174
2024-08-21 09:55:19,24200.0,1600,Sell,233413173
2024-08-21 09:55:19,24200.0,100,Sell,233413181
2024-08-21 09:55:19,24200.0,100,Sell,233413182
2024-08-21 09:55:21,24200.0,100,Sell,233413270
2024-08-21 09:55:22,24200.0,100,Sell,233413278
2024-08-21 09:55:22,24200.0,100,Sell,233413279
2024-08-21 09:55:22,24200.0,300,Sell,233413280
2024-08-21 09:55:50,24200.0,2000,Sell,233413962
2024-08-21 09:55:56,24200.0,100,Sell,233414133
2024-08-21 09:55:58,24250.0,100,Buy,233414186
2024-08-21 09:56:04,24200.0,600,Sell,233414369
2024-08-21 09:56:04,24200.0,500,Sell,233414378
2024-08-21 09:56:04,24200.0,1600,Sell,233414377
2024-08-21 09:56:04,24200.0,500,Sell,233414376
2024-08-21 09:56:04,24200.0,1000,Sell,233414375
2024-08-21 09:56:04,24200.0,7200,Sell,233414379
2024-08-21 09:56:04,24200.0,1100,Sell,233414373
2024-08-21 09:56:04,24200.0,2000,Sell,233414372
2024-08-21 09:56:04,24200.0,200,Sell,233414371
2024-08-21 09:56:04,24200.0,100,Sell,233414370
2024-08-21 09:56:04,24200.0,200,Sell,233414374
2024-08-21 09:56:09,24200.0,200,Sell,233414503
2024-08-21 09:56:30,24200.0,600,Sell,233415044
2024-08-21 09:56:32,24200.0,500,Sell,233415097
2024-08-21 09:56:37,24200.0,1500,Sell,233415199
2024-08-21 09:56:37,24200.0,1000,Sell,233415200
2024-08-21 09:56:37,24200.0,1500,Sell,233415201
2024-08-21 09:56:48,24250.0,200,Buy,233415540
2024-08-21 09:56:59,24200.0,1000,Sell,233415785
2024-08-21 09:57:06,24200.0,500,Sell,233415913
2024-08-21 09:57:31,24200.0,400,Sell,233416778
2024-08-21 09:57:31,24200.0,18200,Sell,233416779
2024-08-21 09:57:31,24200.0,100,Sell,233416776
2024-08-21 09:57:31,24200.0,1000,Sell,233416775
2024-08-21 09:57:31,24200.0,300,Sell,233416777
2024-08-21 09:57:37,24200.0,300,Sell,233416952
2024-08-21 09:57:37,24200.0,1000,Sell,233416951
2024-08-21 09:57:37,24200.0,3600,Sell,233416950
2024-08-21 09:57:37,24200.0,2000,Sell,233416949
2024-08-21 09:57:37,24200.0,200,Sell,233416953
2024-08-21 09:57:37,24200.0,1000,Sell,233416947
2024-08-21 09:57:37,24200.0,6000,Sell,233416946
2024-08-21 09:57:37,24200.0,25000,Sell,233416945
2024-08-21 09:57:37,24200.0,6900,Sell,233416944
2024-08-21 09:57:37,24200.0,4900,Sell,233416899
2024-08-21 09:57:37,24200.0,100,Sell,233416948
2024-08-21 09:57:38,24200.0,400,Sell,233416969
2024-08-21 09:57:38,24200.0,1000,Sell,233416970
2024-08-21 09:57:38,24200.0,1000,Sell,233416971
2024-08-21 09:57:38,24200.0,100,Sell,233416972
2024-08-21 09:57:38,24200.0,1000,Sell,233416973
2024-08-21 09:57:38,24200.0,100,Sell,233416976
2024-08-21 09:57:38,24200.0,700,Sell,233416975
2024-08-21 09:57:38,24200.0,100,Sell,233416977
2024-08-21 09:57:38,24200.0,44400,Sell,233416978
2024-08-21 09:57:38,24200.0,400,Sell,233416968
2024-08-21 09:57:38,24200.0,2100,Sell,233416974
2024-08-21 09:57:38,24200.0,200,Sell,233416967
2024-08-21 09:57:38,24200.0,100,Sell,233416966
2024-08-21 09:57:38,24200.0,7500,Sell,233416965
2024-08-21 09:57:38,24200.0,1000,Sell,233416964
2024-08-21 09:57:38,24200.0,1000,Sell,233416963
2024-08-21 09:57:38,24200.0,100,Sell,233416962
2024-08-21 09:57:38,24200.0,200,Sell,233416961
2024-08-21 09:57:38,24200.0,500,Sell,233416960
2024-08-21 09:57:38,24200.0,1000,Sell,233416959
2024-08-21 09:57:38,24200.0,100,Sell,233416958
2024-08-21 09:57:38,24200.0,100,Sell,233416957
2024-08-21 09:57:38,24200.0,200,Sell,233416956
2024-08-21 09:57:38,24200.0,1000,Sell,233416955
2024-08-21 09:57:38,24200.0,100,Sell,233416954
2024-08-21 09:57:43,24200.0,5000,Sell,233417167
2024-08-21 09:57:49,24200.0,100,Sell,233417288
2024-08-21 09:58:04,24200.0,500,Sell,233417759
2024-08-21 09:58:04,24200.0,300,Sell,233417760
2024-08-21 09:58:10,24250.0,100,Buy,233418005
2024-08-21 09:58:33,24250.0,1000,Buy,233418644
2024-08-21 09:58:47,24250.0,200,Buy,233418977
2024-08-21 09:59:33,24200.0,15000,Sell,233420555
2024-08-21 09:59:33,24200.0,1000,Sell,233420536
2024-08-21 09:59:33,24200.0,200,Sell,233420537
2024-08-21 09:59:33,24200.0,1000,Sell,233420538
2024-08-21 09:59:33,24200.0,200,Sell,233420539
2024-08-21 09:59:33,24200.0,9800,Sell,233420540
2024-08-21 09:59:33,24200.0,500,Sell,233420541
2024-08-21 09:59:33,24200.0,1000,Sell,233420550
2024-08-21 09:59:33,24200.0,2000,Sell,233420551
2024-08-21 09:59:33,24200.0,1100,Sell,233420552
2024-08-21 09:59:33,24200.0,100,Sell,233420553
2024-08-21 09:59:33,24200.0,100,Sell,233420554
2024-08-21 09:59:33,24200.0,500,Sell,233420556
2024-08-21 09:59:33,24200.0,100,Sell,233420565
2024-08-21 09:59:33,24200.0,100,Sell,233420558
2024-08-21 09:59:33,24200.0,100,Sell,233420559
2024-08-21 09:59:33,24200.0,10000,Sell,233420560
2024-08-21 09:59:33,24200.0,500,Sell,233420561
2024-08-21 09:59:33,24200.0,1000,Sell,233420562
2024-08-21 09:59:33,24200.0,10000,Sell,233420563
2024-08-21 09:59:33,24200.0,100,Sell,233420564
2024-08-21 09:59:33,24200.0,200,Sell,233420535
2024-08-21 09:59:33,24200.0,500,Sell,233420567
2024-08-21 09:59:33,24200.0,100,Sell,233420568
2024-08-21 09:59:33,24200.0,100,Sell,233420569
2024-08-21 09:59:33,24200.0,3000,Sell,233420570
2024-08-21 09:59:33,24200.0,200,Sell,233420557
2024-08-21 09:59:33,24200.0,3000,Sell,233420534
2024-08-21 09:59:33,24200.0,2000,Sell,233420566
2024-08-21 09:59:33,24200.0,100,Sell,233420532
2024-08-21 09:59:33,24200.0,2000,Sell,233420533
2024-08-21 09:59:33,24200.0,3800,Sell,233420506
2024-08-21 09:59:33,24200.0,1000,Sell,233420507
2024-08-21 09:59:33,24200.0,8200,Sell,233420508
2024-08-21 09:59:33,24200.0,200,Sell,233420509
2024-08-21 09:59:33,24250.0,3000,Buy,233420492
2024-08-21 09:59:33,24200.0,500,Sell,233420510
2024-08-21 09:59:33,24200.0,1000,Sell,233420511
2024-08-21 09:59:33,24200.0,300,Sell,233420512
2024-08-21 09:59:33,24200.0,1000,Sell,233420513
2024-08-21 09:59:33,24200.0,1000,Sell,233420515
2024-08-21 09:59:33,24200.0,100,Sell,233420516
2024-08-21 09:59:33,24200.0,500,Sell,233420517
2024-08-21 09:59:33,24200.0,100,Sell,233420514
2024-08-21 09:59:33,24200.0,500,Sell,233420519
2024-08-21 09:59:33,24200.0,1000,Sell,233420531
2024-08-21 09:59:33,24200.0,300,Sell,233420530
2024-08-21 09:59:33,24200.0,700,Sell,233420518
2024-08-21 09:59:33,24200.0,1000,Sell,233420528
2024-08-21 09:59:33,24200.0,100,Sell,233420527
2024-08-21 09:59:33,24200.0,10000,Sell,233420526
2024-08-21 09:59:33,24200.0,300,Sell,233420529
2024-08-21 09:59:33,24200.0,300,Sell,233420524
2024-08-21 09:59:33,24200.0,400,Sell,233420523
2024-08-21 09:59:33,24200.0,100,Sell,233420522
2024-08-21 09:59:33,24200.0,200,Sell,233420521
2024-08-21 09:59:33,24200.0,1000,Sell,233420520
2024-08-21 09:59:33,24200.0,300,Sell,233420525
2024-08-21 09:59:37,24200.0,100,Buy,233420659
2024-08-21 09:59:38,24200.0,100,Buy,233420699
2024-08-21 09:59:46,24150.0,100,Sell,233420929
2024-08-21 09:59:46,24150.0,2000,Sell,233420938
2024-08-21 09:59:56,24200.0,200,Buy,233421220
2024-08-21 10:00:03,24150.0,1600,Sell,233421424
2024-08-21 10:00:03,24150.0,44900,Sell,233421426
2024-08-21 10:00:03,24150.0,100,Sell,233421425
2024-08-21 10:00:03,24150.0,100,Sell,233421423
2024-08-21 10:00:03,24150.0,100,Sell,233421422
2024-08-21 10:00:03,24150.0,100,Sell,233421421
2024-08-21 10:00:03,24150.0,100,Sell,233421418
2024-08-21 10:00:03,24150.0,900,Sell,233421417
2024-08-21 10:00:03,24150.0,100,Sell,233421420
2024-08-21 10:00:03,24150.0,2000,Sell,233421419
2024-08-21 10:00:22,24150.0,100,Sell,233421990
2024-08-21 10:00:26,24200.0,9300,Buy,233422076
2024-08-21 10:00:40,24200.0,100,Buy,233422384
2024-08-21 10:00:44,24150.0,200,Sell,233422501
2024-08-21 10:00:48,24200.0,1000,Buy,233422636
2024-08-21 10:00:55,24150.0,400,Sell,233422846
2024-08-21 10:00:56,24200.0,1000,Buy,233422870
2024-08-21 10:01:00,24200.0,2000,Buy,233422987
2024-08-21 10:01:06,24200.0,4000,Buy,233423089
2024-08-21 10:01:14,24200.0,800,Buy,233423265
2024-08-21 10:01:31,24200.0,500,Buy,233423894
2024-08-21 10:01:32,24150.0,100,Sell,233423937
2024-08-21 10:01:33,24150.0,50000,Sell,233423950
2024-08-21 10:01:38,24200.0,100,Buy,233424084
2024-08-21 10:02:03,24200.0,400,Buy,233424878
2024-08-21 10:02:09,24150.0,100,Sell,233425007
2024-08-21 10:02:15,24200.0,20000,Buy,233425155
2024-08-21 10:02:21,24200.0,100,Buy,233425322
2024-08-21 10:02:25,24200.0,2000,Buy,233425456
2024-08-21 10:02:26,24200.0,200,Buy,233425471
2024-08-21 10:02:59,24200.0,1000,Buy,233426431
2024-08-21 10:03:03,24200.0,200,Buy,233426537
2024-08-21 10:03:06,24200.0,1000,Buy,233426584
2024-08-21 10:03:09,24200.0,100,Buy,233426671
2024-08-21 10:03:27,24200.0,10000,Buy,233427255
2024-08-21 10:03:34,24200.0,100,Buy,233427458
2024-08-21 10:03:38,24200.0,700,Buy,233427585
2024-08-21 10:03:40,24200.0,2000,Buy,233427636
2024-08-21 10:03:43,24200.0,100,Buy,233427734
2024-08-21 10:03:52,24150.0,3000,Sell,233427994
2024-08-21 10:03:52,24150.0,6100,Sell,233427997
2024-08-21 10:03:52,24150.0,2000,Sell,233427996
2024-08-21 10:03:52,24150.0,2500,Sell,233427995
2024-08-21 10:03:52,24150.0,200,Sell,233427993
2024-08-21 10:03:52,24150.0,4200,Sell,233427987
2024-08-21 10:03:52,24150.0,10000,Sell,233427991
2024-08-21 10:03:52,24150.0,100,Sell,233427990
2024-08-21 10:03:52,24150.0,1000,Sell,233427989
2024-08-21 10:03:52,24150.0,600,Sell,233427988
2024-08-21 10:03:52,24150.0,300,Sell,233427992
2024-08-21 10:03:53,24150.0,200,Sell,233428052
2024-08-21 10:03:54,24200.0,1000,Buy,233428076
2024-08-21 10:04:09,24150.0,1500,Sell,233428495
2024-08-21 10:04:10,24200.0,1000,Buy,233428542
2024-08-21 10:04:28,24200.0,100,Buy,233429139
2024-08-21 10:04:39,24200.0,1000,Buy,233429515
2024-08-21 10:04:42,24150.0,1000,Sell,233429607
2024-08-21 10:04:46,24200.0,2000,Buy,233429737
2024-08-21 10:04:49,24150.0,18000,Sell,233429905
2024-08-21 10:05:16,24150.0,1000,Sell,233430993
2024-08-21 10:05:22,24150.0,3000,Sell,233431182
2024-08-21 10:05:30,24150.0,900,Sell,233431464
2024-08-21 10:05:35,24150.0,400,Sell,233431628
2024-08-21 10:05:37,24150.0,1000,Sell,233431796
2024-08-21 10:05:37,24150.0,700,Sell,233431795
2024-08-21 10:05:37,24150.0,100,Sell,233431794
2024-08-21 10:05:37,24150.0,500,Sell,233431793
2024-08-21 10:05:37,24150.0,100,Sell,233431792
2024-08-21 10:05:37,24150.0,100,Sell,233431791
2024-08-21 10:05:37,24150.0,1000,Sell,233431788
2024-08-21 10:05:37,24150.0,200,Sell,233431790
2024-08-21 10:05:37,24150.0,1000,Sell,233431775
2024-08-21 10:05:37,24150.0,10000,Sell,233431787
2024-08-21 10:05:37,24150.0,10000,Sell,233431779
2024-08-21 10:05:37,24150.0,100,Sell,233431785
2024-08-21 10:05:37,24150.0,100,Sell,233431784
2024-08-21 10:05:37,24150.0,100,Sell,233431783
2024-08-21 10:05:37,24150.0,600,Sell,233431782
2024-08-21 10:05:37,24150.0,100,Sell,233431781
2024-08-21 10:05:37,24150.0,500,Sell,233431780
2024-08-21 10:05:37,24150.0,200,Sell,233431797
2024-08-21 10:05:37,24150.0,5000,Sell,233431778
2024-08-21 10:05:37,24150.0,1000,Sell,233431777
2024-08-21 10:05:37,24150.0,200,Sell,233431776
2024-08-21 10:05:37,24150.0,100,Sell,233431786
2024-08-21 10:05:37,24150.0,100,Sell,233431798
2024-08-21 10:05:37,24150.0,3000,Sell,233431808
2024-08-21 10:05:37,24150.0,2000,Sell,233431800
2024-08-21 10:05:37,24150.0,1700,Sell,233431823
2024-08-21 10:05:37,24150.0,200,Sell,233431822
2024-08-21 10:05:37,24150.0,200,Sell,233431821
2024-08-21 10:05:37,24150.0,100,Sell,233431820
2024-08-21 10:05:37,24150.0,1000,Sell,233431819
2024-08-21 10:05:37,24150.0,100,Sell,233431818
2024-08-21 10:05:37,24150.0,1000,Sell,233431817
2024-08-21 10:05:37,24150.0,200,Sell,233431816
2024-08-21 10:05:37,24150.0,30000,Sell,233431815
2024-08-21 10:05:37,24150.0,1000,Sell,233431814
2024-08-21 10:05:37,24150.0,1000,Sell,233431813
2024-08-21 10:05:37,24150.0,100,Sell,233431812
2024-08-21 10:05:37,24150.0,100,Sell,233431811
2024-08-21 10:05:37,24150.0,500,Sell,233431810
2024-08-21 10:05:37,24150.0,100,Sell,233431809
2024-08-21 10:05:37,24150.0,3000,Sell,233431807
2024-08-21 10:05:37,24150.0,100,Sell,233431806
2024-08-21 10:05:37,24150.0,1000,Sell,233431805
2024-08-21 10:05:37,24150.0,500,Sell,233431803
2024-08-21 10:05:37,24150.0,15000,Sell,233431802
2024-08-21 10:05:37,24150.0,3000,Sell,233431801
2024-08-21 10:05:37,24150.0,2000,Sell,233431799
2024-08-21 10:05:37,24150.0,100,Sell,233431774
2024-08-21 10:05:37,24150.0,500,Sell,233431789
2024-08-21 10:05:37,24150.0,500,Sell,233431771
2024-08-21 10:05:37,24150.0,100,Sell,233431744
2024-08-21 10:05:37,24150.0,1600,Sell,233431743
2024-08-21 10:05:37,24150.0,200,Sell,233431742
2024-08-21 10:05:37,24150.0,300,Sell,233431741
2024-08-21 10:05:37,24150.0,200,Sell,233431740
2024-08-21 10:05:37,24150.0,3600,Sell,233431739
2024-08-21 10:05:37,24150.0,100,Sell,233431738
2024-08-21 10:05:37,24150.0,400,Sell,233431737
2024-08-21 10:05:37,24150.0,500,Sell,233431736
2024-08-21 10:05:37,24150.0,300,Sell,233431735
2024-08-21 10:05:37,24150.0,300,Sell,233431745
2024-08-21 10:05:37,24150.0,1000,Sell,233431734
2024-08-21 10:05:37,24150.0,200,Sell,233431732
2024-08-21 10:05:37,24150.0,1000,Sell,233431731
2024-08-21 10:05:37,24150.0,500,Sell,233431730
2024-08-21 10:05:37,24150.0,100,Sell,233431729
2024-08-21 10:05:37,24150.0,1000,Sell,233431728
2024-08-21 10:05:37,24150.0,1000,Sell,233431727
2024-08-21 10:05:37,24150.0,100,Sell,233431726
2024-08-21 10:05:37,24150.0,200,Sell,233431725
2024-08-21 10:05:37,24150.0,5000,Sell,233431724
2024-08-21 10:05:37,24150.0,8900,Sell,233431723
2024-08-21 10:05:37,24150.0,51600,Sell,233431733
2024-08-21 10:05:37,24150.0,1000,Sell,233431746
2024-08-21 10:05:37,24150.0,100,Sell,233431773
2024-08-21 10:05:37,24150.0,500,Sell,233431748
2024-08-21 10:05:37,24150.0,5000,Sell,233431747
2024-08-21 10:05:37,24150.0,100,Sell,233431770
2024-08-21 10:05:37,24150.0,400,Sell,233431769
2024-08-21 10:05:37,24150.0,200,Sell,233431767
2024-08-21 10:05:37,24150.0,100,Sell,233431766
2024-08-21 10:05:37,24150.0,2000,Sell,233431765
2024-08-21 10:05:37,24150.0,200,Sell,233431764
2024-08-21 10:05:37,24150.0,500,Sell,233431763
2024-08-21 10:05:37,24150.0,500,Sell,233431762
2024-08-21 10:05:37,24150.0,18000,Sell,233431761
2024-08-21 10:05:37,24150.0,100,Sell,233431760
2024-08-21 10:05:37,24150.0,1000,Sell,233431768
2024-08-21 10:05:37,24150.0,5000,Sell,233431758
2024-08-21 10:05:37,24150.0,2000,Sell,233431757
2024-08-21 10:05:37,24150.0,1000,Sell,233431756
2024-08-21 10:05:37,24150.0,1700,Sell,233431755
2024-08-21 10:05:37,24150.0,2000,Sell,233431754
2024-08-21 10:05:37,24150.0,5000,Sell,233431753
2024-08-21 10:05:37,24150.0,1000,Sell,233431752
2024-08-21 10:05:37,24150.0,5000,Sell,233431749
2024-08-21 10:05:37,24150.0,500,Sell,233431751
2024-08-21 10:05:37,24150.0,2000,Sell,233431750
2024-08-21 10:05:37,24150.0,100,Sell,233431759
2024-08-21 10:05:38,24200.0,100,Buy,233431846
2024-08-21 10:05:49,24200.0,500,Buy,233432347
2024-08-21 10:05:50,24200.0,500,Buy,233432405
2024-08-21 10:05:51,24150.0,100,Sell,233432486
2024-08-21 10:05:51,24150.0,400,Sell,233432485
2024-08-21 10:05:52,24200.0,1000,Buy,233432542
2024-08-21 10:05:58,24200.0,600,Buy,233432818
2024-08-21 10:06:01,24200.0,500,Buy,233432892
2024-08-21 10:06:07,24200.0,100,Buy,233433147
2024-08-21 10:06:07,24200.0,44400,Buy,233433155
2024-08-21 10:06:07,24200.0,2500,Buy,233433154
2024-08-21 10:06:07,24200.0,16000,Buy,233433153
2024-08-21 10:06:07,24200.0,10000,Buy,233433152
2024-08-21 10:06:07,24200.0,10000,Buy,233433151
2024-08-21 10:06:07,24200.0,2500,Buy,233433150
2024-08-21 10:06:07,24200.0,700,Buy,233433149
2024-08-21 10:06:07,24200.0,100,Buy,233433148
2024-08-21 10:06:07,24200.0,10000,Buy,233433146
2024-08-21 10:06:07,24200.0,100,Buy,233433145
2024-08-21 10:06:07,24200.0,20000,Buy,233433144
2024-08-21 10:06:07,24200.0,300,Buy,233433143
2024-08-21 10:06:07,24200.0,6500,Buy,233433142
2024-08-21 10:06:07,24200.0,200,Buy,233433141
2024-08-21 10:06:07,24200.0,100,Buy,233433140
2024-08-21 10:06:07,24200.0,5000,Buy,233433139
2024-08-21 10:06:07,24200.0,3700,Buy,233433138
2024-08-21 10:06:07,24200.0,200,Buy,233433137
2024-08-21 10:06:07,24200.0,500,Buy,233433136
2024-08-21 10:06:07,24200.0,35100,Buy,233433135
2024-08-21 10:06:14,24200.0,5600,Buy,233433430
2024-08-21 10:06:14,24200.0,3600,Buy,233433431
2024-08-21 10:06:29,24200.0,500,Sell,233434007
2024-08-21 10:06:31,24200.0,600,Sell,233434065
2024-08-21 10:06:36,24200.0,300,Sell,233434267
2024-08-21 10:06:46,24200.0,18900,Sell,233434707
2024-08-21 10:06:46,24200.0,1000,Sell,233434708
2024-08-21 10:06:46,24200.0,100,Sell,233434709
2024-08-21 10:07:00,24200.0,200,Sell,233435197
2024-08-21 10:07:00,24200.0,800,Sell,233435198
2024-08-21 10:07:00,24200.0,1000,Sell,233435195
2024-08-21 10:07:00,24200.0,900,Sell,233435194
2024-08-21 10:07:00,24200.0,100,Sell,233435196
2024-08-21 10:07:17,24250.0,100,Buy,233435726
2024-08-21 10:07:50,24250.0,800,Buy,233436836
2024-08-21 10:08:01,24250.0,200,Buy,233437132
2024-08-21 10:08:51,24200.0,1000,Sell,233438985
2024-08-21 10:08:51,24200.0,6100,Sell,233438988
2024-08-21 10:08:51,24200.0,100,Sell,233438986
2024-08-21 10:08:51,24200.0,1000,Sell,233438984
2024-08-21 10:08:51,24200.0,2000,Sell,233438987
2024-08-21 10:08:51,24200.0,2000,Sell,233438982
2024-08-21 10:08:51,24200.0,3600,Sell,233438981
2024-08-21 10:08:51,24200.0,2000,Sell,233438983
2024-08-21 10:08:51,24200.0,2000,Sell,233438980
2024-08-21 10:08:51,24200.0,200,Sell,233438979
2024-08-21 10:08:53,24200.0,8500,Sell,233439057
2024-08-21 10:09:04,24200.0,1900,Sell,233439427
2024-08-21 10:09:04,24200.0,200,Sell,233439426
2024-08-21 10:09:04,24200.0,500,Sell,233439424
2024-08-21 10:09:04,24200.0,1400,Sell,233439423
2024-08-21 10:09:04,24200.0,10000,Sell,233439425
2024-08-21 10:09:11,24200.0,100,Sell,233439686
2024-08-21 10:09:12,24200.0,100,Sell,233439699
2024-08-21 10:09:13,24200.0,100,Sell,233439753
2024-08-21 10:09:18,24200.0,1200,Sell,233439893
2024-08-21 10:09:19,24200.0,8600,Sell,233439912
2024-08-21 10:09:19,24200.0,1400,Sell,233439913
2024-08-21 10:09:21,24200.0,9900,Sell,233439970
2024-08-21 10:09:21,24200.0,100,Sell,233439969
2024-08-21 10:09:31,24200.0,200,Sell,233440345
2024-08-21 10:09:31,24200.0,1600,Sell,233440371
2024-08-21 10:09:50,24200.0,100,Sell,233440913
2024-08-21 10:09:50,24200.0,1600,Sell,233440912
2024-08-21 10:09:50,24200.0,8300,Sell,233440911
2024-08-21 10:10:00,24200.0,1200,Sell,233441207
2024-08-21 10:10:00,24200.0,200,Sell,233441208
2024-08-21 10:10:00,24200.0,500,Sell,233441209
2024-08-21 10:10:05,24200.0,100,Buy,233441370
2024-08-21 10:10:16,24200.0,500,Buy,233441734
2024-08-21 10:10:21,24200.0,500,Buy,233441837
2024-08-21 10:10:28,24200.0,700,Sell,233442003
2024-08-21 10:10:39,24200.0,500,Sell,233442434
2024-08-21 10:10:41,24200.0,1000,Buy,233442471
2024-08-21 10:10:41,24200.0,200,Buy,233442472
2024-08-21 10:10:50,24250.0,1000,Buy,233442728
2024-08-21 10:10:50,24250.0,13400,Buy,233442729
2024-08-21 10:10:50,24250.0,2000,Buy,233442727
2024-08-21 10:10:50,24200.0,6000,Buy,233442725
2024-08-21 10:10:50,24200.0,300,Buy,233442723
2024-08-21 10:10:50,24250.0,4300,Buy,233442726
2024-08-21 10:10:50,24200.0,3000,Buy,233442724
2024-08-21 10:11:20,24250.0,15000,Buy,233443897
2024-08-21 10:11:47,24200.0,1000,Sell,233444966
2024-08-21 10:11:47,24200.0,1000,Sell,233444957
2024-08-21 10:11:52,24250.0,25000,Buy,233445074
2024-08-21 10:12:26,24250.0,2000,Buy,233445968
2024-08-21 10:12:26,24250.0,100,Buy,233445967
2024-08-21 10:12:26,24250.0,1500,Buy,233445966
2024-08-21 10:12:26,24250.0,500,Buy,233445965
2024-08-21 10:12:26,24250.0,100,Buy,233445964
2024-08-21 10:12:26,24250.0,100,Buy,233445963
2024-08-21 10:12:26,24250.0,5000,Buy,233445962
2024-08-21 10:12:26,24250.0,2000,Buy,233445961
2024-08-21 10:12:26,24250.0,100,Buy,233445960
2024-08-21 10:12:26,24250.0,200,Buy,233445959
2024-08-21 10:12:26,24250.0,500,Buy,233445958
2024-08-21 10:12:26,24250.0,3100,Buy,233445957
2024-08-21 10:12:26,24250.0,700,Buy,233445956
2024-08-21 10:12:26,24250.0,1500,Buy,233445941
2024-08-21 10:12:26,24250.0,1500,Buy,233445940
2024-08-21 10:12:26,24250.0,1000,Buy,233445939
2024-08-21 10:12:26,24250.0,5000,Buy,233445938
2024-08-21 10:12:26,24250.0,2000,Buy,233445937
2024-08-21 10:12:26,24250.0,100,Buy,233445936
2024-08-21 10:12:26,24250.0,100,Buy,233445935
2024-08-21 10:12:26,24250.0,5000,Buy,233445934
2024-08-21 10:12:26,24250.0,400,Buy,233445933
2024-08-21 10:12:26,24250.0,400,Buy,233445932
2024-08-21 10:12:26,24250.0,16600,Buy,233445931
2024-08-21 10:12:26,24250.0,500,Buy,233445955
2024-08-21 10:12:38,24250.0,1500,Buy,233446189
2024-08-21 10:12:43,24200.0,6800,Sell,233446330
2024-08-21 10:12:45,24250.0,100,Buy,233446403
2024-08-21 10:12:52,24250.0,500,Buy,233446599
2024-08-21 10:12:52,24250.0,10900,Buy,233446605
2024-08-21 10:12:52,24250.0,500,Buy,233446604
2024-08-21 10:12:52,24250.0,6000,Buy,233446603
2024-08-21 10:12:52,24250.0,3400,Buy,233446598
2024-08-21 10:12:52,24250.0,300,Buy,233446601
2024-08-21 10:12:52,24250.0,3000,Buy,233446600
2024-08-21 10:12:52,24250.0,400,Buy,233446602
2024-08-21 10:13:00,24200.0,1000,Sell,233446782
2024-08-21 10:13:00,24200.0,300,Sell,233446781
2024-08-21 10:13:00,24200.0,100,Sell,233446780
2024-08-21 10:13:00,24200.0,100,Sell,233446779
2024-08-21 10:13:00,24200.0,100,Sell,233446783
2024-08-21 10:13:00,24200.0,200,Sell,233446777
2024-08-21 10:13:00,24200.0,1000,Sell,233446776
2024-08-21 10:13:00,24200.0,5000,Sell,233446775
2024-08-21 10:13:00,24200.0,1000,Sell,233446778
2024-08-21 10:13:00,24200.0,1200,Sell,233446774
2024-08-21 10:13:12,24250.0,1000,Buy,233447194
2024-08-21 10:13:13,24200.0,200,Sell,233447212
2024-08-21 10:13:19,24250.0,100,Buy,233447384
2024-08-21 10:13:19,24250.0,500,Buy,233447385
2024-08-21 10:13:19,24250.0,100,Buy,233447387
2024-08-21 10:13:19,24250.0,8100,Buy,233447383
2024-08-21 10:13:19,24250.0,500,Buy,233447386
2024-08-21 10:13:33,24250.0,100,Buy,233447725
2024-08-21 10:13:55,24250.0,200,Buy,233448120
2024-08-21 10:13:55,24250.0,100,Buy,233448121
2024-08-21 10:13:55,24250.0,200,Buy,233448122
2024-08-21 10:13:59,24200.0,2500,Sell,233448190
2024-08-21 10:14:07,24250.0,200,Buy,233448394
2024-08-21 10:14:07,24250.0,500,Buy,233448395
2024-08-21 10:14:33,24250.0,200,Buy,233449163
2024-08-21 10:14:33,24250.0,100,Buy,233449153
2024-08-21 10:14:33,24250.0,1000,Buy,233449152
2024-08-21 10:14:33,24250.0,1900,Buy,233449154
2024-08-21 10:14:46,24200.0,400,Sell,233449478
2024-08-21 10:16:02,24200.0,400,Sell,233451340
2024-08-21 10:16:43,24200.0,1500,Sell,233452415
2024-08-21 10:16:43,24200.0,500,Sell,233452416
2024-08-21 10:16:48,24200.0,400,Sell,233452585
2024-08-21 10:16:48,24200.0,500,Sell,233452586
2024-08-21 10:16:48,24200.0,9100,Sell,233452587
2024-08-21 10:16:59,24200.0,600,Sell,233452827
2024-08-21 10:17:18,24200.0,2000,Sell,233453453
2024-08-21 10:17:27,24200.0,500,Sell,233453719
2024-08-21 10:17:44,24200.0,2000,Sell,233454180
2024-08-21 10:17:53,24200.0,1000,Sell,233454357
2024-08-21 10:17:57,24200.0,2500,Sell,233454437
2024-08-21 10:18:29,24200.0,5000,Sell,233455222
2024-08-21 10:18:41,24200.0,9900,Sell,233455538
2024-08-21 10:18:45,24200.0,6000,Sell,233455661
2024-08-21 10:19:05,24200.0,100,Sell,233456245
2024-08-21 10:19:08,24200.0,200,Sell,233456392
2024-08-21 10:19:08,24200.0,6000,Sell,233456378
2024-08-21 10:19:08,24200.0,2000,Sell,233456379
2024-08-21 10:19:08,24200.0,10000,Sell,233456380
2024-08-21 10:19:08,24200.0,200,Sell,233456381
2024-08-21 10:19:08,24200.0,200,Sell,233456382
2024-08-21 10:19:08,24200.0,200,Sell,233456383
2024-08-21 10:19:08,24200.0,600,Sell,233456393
2024-08-21 10:19:08,24200.0,2000,Sell,233456384
2024-08-21 10:19:08,24200.0,500,Sell,233456386
2024-08-21 10:19:08,24200.0,300,Sell,233456387
2024-08-21 10:19:08,24200.0,1000,Sell,233456388
2024-08-21 10:19:08,24200.0,100,Sell,233456389
2024-08-21 10:19:08,24200.0,2400,Sell,233456390
2024-08-21 10:19:08,24200.0,10000,Sell,233456391
2024-08-21 10:19:08,24200.0,500,Sell,233456385
2024-08-21 10:19:08,24200.0,200,Sell,233456377
2024-08-21 10:19:08,24200.0,100,Sell,233456374
2024-08-21 10:19:08,24200.0,500,Sell,233456375
2024-08-21 10:19:08,24200.0,1000,Sell,233456376
2024-08-21 10:19:08,24200.0,5000,Sell,233456360
2024-08-21 10:19:08,24200.0,5000,Sell,233456361
2024-08-21 10:19:08,24200.0,200,Sell,233456362
2024-08-21 10:19:08,24200.0,500,Sell,233456363
2024-08-21 10:19:08,24200.0,100,Sell,233456364
2024-08-21 10:19:08,24200.0,100,Sell,233456365
2024-08-21 10:19:08,24200.0,43900,Sell,233456359
2024-08-21 10:19:08,24200.0,2000,Sell,233456367
2024-08-21 10:19:08,24200.0,2000,Sell,233456368
2024-08-21 10:19:08,24200.0,200,Sell,233456369
2024-08-21 10:19:08,24200.0,200,Sell,233456370
2024-08-21 10:19:08,24200.0,1500,Sell,233456371
2024-08-21 10:19:08,24200.0,100,Sell,233456372
2024-08-21 10:19:08,24200.0,200,Sell,233456373
2024-08-21 10:19:08,24200.0,1000,Sell,233456366
2024-08-21 10:19:15,24200.0,100,Sell,233456648
2024-08-21 10:19:21,24200.0,200,Sell,233456783
2024-08-21 10:19:35,24200.0,900,Sell,233457103
2024-08-21 10:19:35,24200.0,1000,Sell,233457102
2024-08-21 10:19:35,24200.0,100,Sell,233457101
2024-08-21 10:19:48,24200.0,100,Sell,233457447
2024-08-21 10:19:54,24200.0,500,Sell,233457609
2024-08-21 10:20:10,24200.0,500,Sell,233457976
2024-08-21 10:20:10,24200.0,4300,Sell,233457974
2024-08-21 10:20:10,24200.0,200,Sell,233457973
2024-08-21 10:20:10,24200.0,4000,Sell,233457972
2024-08-21 10:20:10,24200.0,1000,Sell,233457971
2024-08-21 10:20:10,24200.0,2000,Sell,233457970
2024-08-21 10:20:10,24200.0,500,Sell,233457968
2024-08-21 10:20:10,24200.0,500,Sell,233457969
2024-08-21 10:20:10,24200.0,2000,Sell,233457966
2024-08-21 10:20:10,24200.0,1500,Sell,233457959
2024-08-21 10:20:10,24200.0,100,Sell,233457960
2024-08-21 10:20:10,24200.0,500,Sell,233457961
2024-08-21 10:20:10,24200.0,100,Sell,233457967
2024-08-21 10:20:10,24200.0,50000,Sell,233457963
2024-08-21 10:20:10,24200.0,1200,Sell,233457965
2024-08-21 10:20:10,24200.0,100,Sell,233457962
2024-08-21 10:20:10,24200.0,12000,Sell,233457964
2024-08-21 10:20:11,24200.0,8200,Sell,233457988
2024-08-21 10:20:17,24200.0,21800,Buy,233458125
2024-08-21 10:20:30,24200.0,10000,Sell,233458441
2024-08-21 10:20:34,24200.0,100,Sell,233458585
2024-08-21 10:20:46,24200.0,2000,Sell,233458944
2024-08-21 10:20:54,24200.0,4300,Sell,233459244
2024-08-21 10:21:50,24200.0,200,Sell,233460504
2024-08-21 10:21:50,24200.0,500,Sell,233460503
2024-08-21 10:21:50,24200.0,3000,Sell,233460502
2024-08-21 10:21:50,24200.0,2000,Sell,233460501
2024-08-21 10:21:50,24200.0,100,Sell,233460500
2024-08-21 10:21:50,24200.0,10000,Sell,233460505
2024-08-21 10:21:50,24200.0,4000,Sell,233460498
2024-08-21 10:21:50,24200.0,1000,Sell,233460497
2024-08-21 10:21:50,24200.0,2000,Sell,233460496
2024-08-21 10:21:50,24200.0,100,Sell,233460495
2024-08-21 10:21:50,24200.0,500,Sell,233460499
2024-08-21 10:21:50,24200.0,1700,Sell,233460494
2024-08-21 10:21:59,24200.0,200,Buy,233460782
2024-08-21 10:22:13,24200.0,6000,Buy,233461227
2024-08-21 10:22:19,24200.0,100,Buy,233461387
2024-08-21 10:22:35,24200.0,2000,Buy,233461683
2024-08-21 10:22:38,24200.0,5000,Buy,233461730
2024-08-21 10:22:54,24200.0,100,Buy,233462134
2024-08-21 10:23:03,24200.0,1000,Buy,233462306
2024-08-21 10:23:13,24200.0,5000,Buy,233462519
2024-08-21 10:23:31,24200.0,200,Buy,233462931
2024-08-21 10:23:42,24200.0,4000,Buy,233463230
2024-08-21 10:23:43,24200.0,5000,Buy,233463252
2024-08-21 10:23:45,24200.0,1300,Buy,233463292
2024-08-21 10:23:45,24200.0,500,Buy,233463293
2024-08-21 10:23:45,24200.0,1000,Buy,233463294
2024-08-21 10:23:53,24200.0,100,Sell,233463458
2024-08-21 10:23:58,24200.0,1400,Sell,233463567
2024-08-21 10:23:58,24200.0,1000,Sell,233463566
2024-08-21 10:23:58,24200.0,17100,Sell,233463564
2024-08-21 10:23:58,24200.0,500,Sell,233463565
2024-08-21 10:24:11,24200.0,6600,Sell,233463976
2024-08-21 10:24:11,24200.0,2600,Sell,233463977
2024-08-21 10:24:15,24200.0,200,Buy,233464083
2024-08-21 10:24:15,24200.0,300,Buy,233464084
2024-08-21 10:24:18,24200.0,500,Buy,233464140
2024-08-21 10:24:25,24200.0,200,Buy,233464267
2024-08-21 10:24:25,24200.0,300,Buy,233464268
2024-08-21 10:24:30,24200.0,100,Buy,233464374
2024-08-21 10:24:39,24200.0,200,Buy,233464612
2024-08-21 10:24:51,24200.0,100,Buy,233464888
2024-08-21 10:25:07,24200.0,400,Buy,233465272
2024-08-21 10:25:08,24150.0,100,Sell,233465306
2024-08-21 10:25:08,24150.0,300,Sell,233465307
2024-08-21 10:25:34,24200.0,100,Buy,233466172
2024-08-21 10:26:27,24200.0,200,Buy,233467754
2024-08-21 10:26:27,24200.0,1700,Buy,233467752
2024-08-21 10:26:27,24200.0,100,Buy,233467753
2024-08-21 10:27:13,24150.0,500,Sell,233469130
2024-08-21 10:27:16,24150.0,1000,Sell,233469197
2024-08-21 10:27:24,24150.0,500,Sell,233469477
2024-08-21 10:27:34,24150.0,200,Sell,233469834
2024-08-21 10:27:37,24200.0,1500,Buy,233469892
2024-08-21 10:27:37,24200.0,100,Buy,233469890
2024-08-21 10:27:37,24200.0,900,Buy,233469891
2024-08-21 10:27:37,24200.0,500,Buy,233469887
2024-08-21 10:27:37,24150.0,200,Sell,233469882
2024-08-21 10:27:37,24200.0,2000,Buy,233469889
2024-08-21 10:27:51,24200.0,3000,Buy,233470275
2024-08-21 10:28:05,24150.0,7300,Sell,233470543
2024-08-21 10:28:05,24150.0,1000,Sell,233470544
2024-08-21 10:28:05,24150.0,100,Sell,233470545
2024-08-21 10:28:05,24150.0,100,Sell,233470546
2024-08-21 10:28:05,24150.0,1500,Sell,233470547
2024-08-21 10:28:21,24200.0,6000,Buy,233470905
2024-08-21 10:28:21,24200.0,1400,Buy,233470903
2024-08-21 10:28:21,24200.0,5000,Buy,233470904
2024-08-21 10:29:13,24200.0,5000,Buy,233472940
2024-08-21 10:29:23,24150.0,100,Sell,233473135
2024-08-21 10:29:32,24150.0,100,Sell,233473562
2024-08-21 10:29:44,24150.0,3300,Sell,233473908
2024-08-21 10:29:44,24150.0,200,Sell,233473909
2024-08-21 10:30:12,24150.0,100,Sell,233474917
2024-08-21 10:30:15,24200.0,100,Buy,233475020
2024-08-21 10:30:31,24150.0,200,Sell,233475454
2024-08-21 10:30:31,24150.0,400,Sell,233475456
2024-08-21 10:30:31,24150.0,200,Sell,233475455
2024-08-21 10:30:33,24150.0,500,Sell,233475602
2024-08-21 10:30:33,24150.0,600,Sell,233475603
2024-08-21 10:30:50,24150.0,100,Sell,233476146
2024-08-21 10:30:50,24150.0,500,Sell,233476142
2024-08-21 10:30:50,24150.0,500,Sell,233476143
2024-08-21 10:30:50,24150.0,1000,Sell,233476144
2024-08-21 10:30:50,24150.0,200,Sell,233476145
2024-08-21 10:30:50,24150.0,17400,Sell,233476153
2024-08-21 10:30:50,24150.0,5000,Sell,233476149
2024-08-21 10:30:50,24150.0,1700,Sell,233476150
2024-08-21 10:30:50,24150.0,200,Sell,233476151
2024-08-21 10:30:50,24150.0,100,Sell,233476152
2024-08-21 10:30:50,24150.0,500,Sell,233476141
2024-08-21 10:30:50,24150.0,100,Sell,233476148
2024-08-21 10:30:50,24150.0,500,Sell,233476140
2024-08-21 10:30:50,24150.0,5000,Sell,233476147
2024-08-21 10:30:50,24150.0,100,Sell,233476138
2024-08-21 10:30:50,24150.0,3500,Sell,233476125
2024-08-21 10:30:50,24150.0,300,Sell,233476126
2024-08-21 10:30:50,24150.0,100,Sell,233476127
2024-08-21 10:30:50,24150.0,2000,Sell,233476139
2024-08-21 10:30:50,24150.0,100,Sell,233476129
2024-08-21 10:30:50,24150.0,10000,Sell,233476130
2024-08-21 10:30:50,24150.0,1000,Sell,233476128
2024-08-21 10:30:50,24150.0,100,Sell,233476132
2024-08-21 10:30:50,24150.0,1600,Sell,233476133
2024-08-21 10:30:50,24150.0,300,Sell,233476134
2024-08-21 10:30:50,24150.0,2000,Sell,233476135
2024-08-21 10:30:50,24150.0,100,Sell,233476136
2024-08-21 10:30:50,24150.0,3000,Sell,233476137
2024-08-21 10:30:50,24150.0,3000,Sell,233476131
2024-08-21 10:31:04,24150.0,4000,Sell,233476713
2024-08-21 10:31:06,24150.0,100,Sell,233476812
2024-08-21 10:31:06,24150.0,100,Sell,233476822
2024-08-21 10:31:13,24150.0,3000,Sell,233477055
2024-08-21 10:31:28,24150.0,900,Sell,233477817
2024-08-21 10:31:39,24150.0,200,Sell,233478245
2024-08-21 10:31:39,24150.0,1000,Sell,233478244
2024-08-21 10:31:39,24150.0,100,Sell,233478242
2024-08-21 10:31:39,24150.0,100,Sell,233478241
2024-08-21 10:31:39,24150.0,100,Sell,233478243
2024-08-21 10:31:46,24150.0,300,Sell,233478558
2024-08-21 10:31:46,24150.0,700,Sell,233478559
2024-08-21 10:31:48,24150.0,100,Sell,233478611
2024-08-21 10:31:48,24150.0,1500,Sell,233478612
2024-08-21 10:31:56,24150.0,2000,Sell,233478937
2024-08-21 10:32:07,24150.0,200,Sell,233479349
2024-08-21 10:32:24,24150.0,500,Sell,233480240
2024-08-21 10:32:24,24150.0,100,Sell,233480241
2024-08-21 10:32:24,24150.0,1000,Sell,233480242
2024-08-21 10:32:24,24150.0,5000,Sell,233480243
2024-08-21 10:32:24,24150.0,5000,Sell,233480247
2024-08-21 10:32:24,24150.0,200,Sell,233480245
2024-08-21 10:32:24,24150.0,1000,Sell,233480246
2024-08-21 10:32:24,24150.0,4000,Sell,233480249
2024-08-21 10:32:24,24150.0,1000,Sell,233480239
2024-08-21 10:32:24,24150.0,10000,Sell,233480244
2024-08-21 10:32:24,24150.0,800,Sell,233480238
2024-08-21 10:32:24,24150.0,2000,Sell,233480248
2024-08-21 10:32:24,24150.0,500,Sell,233480236
2024-08-21 10:32:24,24150.0,200,Sell,233480227
2024-08-21 10:32:24,24150.0,500,Sell,233480226
2024-08-21 10:32:24,24150.0,500,Sell,233480228
2024-08-21 10:32:24,24150.0,3000,Sell,233480229
2024-08-21 10:32:24,24150.0,1000,Sell,233480230
2024-08-21 10:32:24,24150.0,1000,Sell,233480237
2024-08-21 10:32:24,24150.0,100,Sell,233480232
2024-08-21 10:32:24,24150.0,100,Sell,233480235
2024-08-21 10:32:24,24150.0,200,Sell,233480231
2024-08-21 10:32:24,24150.0,200,Sell,233480233
2024-08-21 10:32:24,24150.0,1000,Sell,233480234
2024-08-21 10:32:26,24150.0,1000,Sell,233480285
2024-08-21 10:32:46,24150.0,200,Sell,233481199
2024-08-21 10:32:46,24150.0,600,Sell,233481198
2024-08-21 10:32:46,24150.0,600,Sell,233481197
2024-08-21 10:32:46,24150.0,1000,Sell,233481196
2024-08-21 10:32:46,24150.0,300,Sell,233481195
2024-08-21 10:32:46,24150.0,1000,Sell,233481194
2024-08-21 10:32:46,24150.0,1000,Sell,233481193
2024-08-21 10:32:46,24150.0,1000,Sell,233481190
2024-08-21 10:32:46,24150.0,100,Sell,233481188
2024-08-21 10:32:46,24150.0,7000,Sell,233481189
2024-08-21 10:32:46,24150.0,1000,Sell,233481178
2024-08-21 10:32:46,24150.0,100,Sell,233481176
2024-08-21 10:32:46,24150.0,10000,Sell,233481177
2024-08-21 10:32:46,24150.0,2500,Sell,233481186
2024-08-21 10:32:46,24150.0,500,Sell,233481179
2024-08-21 10:32:46,24150.0,1000,Sell,233481180
2024-08-21 10:32:46,24150.0,100,Sell,233481187
2024-08-21 10:32:46,24150.0,600,Sell,233481182
2024-08-21 10:32:46,24150.0,1000,Sell,233481183
2024-08-21 10:32:46,24150.0,100,Sell,233481184
2024-08-21 10:32:46,24150.0,100,Sell,233481185
2024-08-21 10:32:46,24150.0,200,Sell,233481181
2024-08-21 10:33:10,24150.0,1400,Sell,233482322
2024-08-21 10:33:10,24150.0,100,Sell,233482323
2024-08-21 10:33:10,24150.0,300,Sell,233482324
2024-08-21 10:33:10,24150.0,200,Sell,233482325
2024-08-21 10:33:20,24150.0,300,Sell,233482709
2024-08-21 10:33:20,24150.0,400,Sell,233482720
2024-08-21 10:33:22,24150.0,1000,Sell,233482838
2024-08-21 10:33:23,24150.0,400,Sell,233482849
2024-08-21 10:33:46,24150.0,600,Buy,233483824
2024-08-21 10:33:46,24150.0,400,Buy,233483825
2024-08-21 10:33:48,24100.0,100,Sell,233483897
2024-08-21 10:33:48,24100.0,100,Sell,233483896
2024-08-21 10:33:48,24100.0,200,Sell,233483898
2024-08-21 10:34:05,24100.0,100,Sell,233484709
2024-08-21 10:34:07,24150.0,1000,Buy,233484838
2024-08-21 10:34:19,24100.0,900,Sell,233485475
2024-08-21 10:34:37,24100.0,200,Sell,233486224
2024-08-21 10:34:53,24100.0,200,Sell,233487039
2024-08-21 10:35:02,24150.0,1500,Buy,233487513
2024-08-21 10:35:18,24100.0,1200,Sell,233488115
2024-08-21 10:35:21,24100.0,1100,Sell,233488317
2024-08-21 10:35:33,24100.0,500,Sell,233488927
2024-08-21 10:35:41,24100.0,3900,Sell,233489267
2024-08-21 10:35:41,24100.0,600,Sell,233489259
2024-08-21 10:35:41,24100.0,4400,Sell,233489260
2024-08-21 10:35:41,24100.0,600,Sell,233489265
2024-08-21 10:35:41,24100.0,500,Sell,233489266
2024-08-21 10:35:45,24100.0,1200,Sell,233489411
2024-08-21 10:35:48,24100.0,100,Sell,233489564
2024-08-21 10:35:48,24100.0,2000,Sell,233489549
2024-08-21 10:35:48,24100.0,200,Sell,233489550
2024-08-21 10:35:48,24100.0,300,Sell,233489551
2024-08-21 10:35:48,24100.0,500,Sell,233489552
2024-08-21 10:35:48,24100.0,100,Sell,233489553
2024-08-21 10:35:48,24100.0,200,Sell,233489554
2024-08-21 10:35:48,24100.0,500,Sell,233489555
2024-08-21 10:35:48,24100.0,500,Sell,233489556
2024-08-21 10:35:48,24100.0,100,Sell,233489557
2024-08-21 10:35:48,24100.0,100,Sell,233489558
2024-08-21 10:35:48,24100.0,1000,Sell,233489559
2024-08-21 10:35:48,24100.0,6000,Sell,233489560
2024-08-21 10:35:48,24100.0,200,Sell,233489561
2024-08-21 10:35:48,24100.0,200,Sell,233489562
2024-08-21 10:35:48,24100.0,100,Sell,233489563
2024-08-21 10:35:48,24100.0,1000,Sell,233489548
2024-08-21 10:35:48,24100.0,700,Sell,233489565
2024-08-21 10:35:48,24100.0,3000,Sell,233489547
2024-08-21 10:35:48,24100.0,300,Sell,233489545
2024-08-21 10:35:48,24100.0,4900,Sell,233489527
2024-08-21 10:35:48,24100.0,2000,Sell,233489528
2024-08-21 10:35:48,24100.0,100,Sell,233489529
2024-08-21 10:35:48,24100.0,500,Sell,233489530
2024-08-21 10:35:48,24100.0,400,Sell,233489532
2024-08-21 10:35:48,24100.0,400,Sell,233489533
2024-08-21 10:35:48,24100.0,10000,Sell,233489534
2024-08-21 10:35:48,24100.0,100000,Sell,233489535
2024-08-21 10:35:48,24100.0,100,Sell,233489531
2024-08-21 10:35:48,24100.0,3000,Sell,233489537
2024-08-21 10:35:48,24100.0,10000,Sell,233489536
2024-08-21 10:35:48,24100.0,2500,Sell,233489544
2024-08-21 10:35:48,24100.0,5000,Sell,233489543
2024-08-21 10:35:48,24100.0,400,Sell,233489542
2024-08-21 10:35:48,24100.0,1000,Sell,233489546
2024-08-21 10:35:48,24100.0,500,Sell,233489539
2024-08-21 10:35:48,24100.0,100,Sell,233489538
2024-08-21 10:35:48,24100.0,10000,Sell,233489540
2024-08-21 10:35:52,24100.0,700,Sell,233489735
2024-08-21 10:35:52,24100.0,300,Sell,233489729
2024-08-21 10:35:58,24100.0,1100,Sell,233490047
2024-08-21 10:35:58,24100.0,200,Sell,233490048
2024-08-21 10:35:58,24100.0,3700,Sell,233490049
2024-08-21 10:36:00,24100.0,500,Sell,233490112
2024-08-21 10:36:01,24100.0,1500,Sell,233490157
2024-08-21 10:36:01,24100.0,1300,Sell,233490156
2024-08-21 10:36:02,24100.0,500,Sell,233490172
2024-08-21 10:36:03,24100.0,400,Sell,233490289
2024-08-21 10:36:03,24100.0,100,Sell,233490310
2024-08-21 10:36:03,24100.0,100,Sell,233490309
2024-08-21 10:36:03,24100.0,200,Sell,233490308
2024-08-21 10:36:03,24100.0,500,Sell,233490307
2024-08-21 10:36:03,24100.0,1000,Sell,233490306
2024-08-21 10:36:03,24100.0,100,Sell,233490305
2024-08-21 10:36:03,24100.0,500,Sell,233490304
2024-08-21 10:36:03,24100.0,5000,Sell,233490303
2024-08-21 10:36:03,24100.0,1000,Sell,233490302
2024-08-21 10:36:03,24100.0,200,Sell,233490301
2024-08-21 10:36:03,24100.0,100,Sell,233490288
2024-08-21 10:36:03,24100.0,1400,Sell,233490311
2024-08-21 10:36:03,24100.0,200,Sell,233490299
2024-08-21 10:36:03,24100.0,1000,Sell,233490298
2024-08-21 10:36:03,24100.0,500,Sell,233490297
2024-08-21 10:36:03,24100.0,1000,Sell,233490296
2024-08-21 10:36:03,24100.0,500,Sell,233490295
2024-08-21 10:36:03,24100.0,500,Sell,233490294
2024-08-21 10:36:03,24100.0,3000,Sell,233490293
2024-08-21 10:36:03,24100.0,1000,Sell,233490292
2024-08-21 10:36:03,24100.0,500,Sell,233490291
2024-08-21 10:36:03,24100.0,100,Sell,233490290
2024-08-21 10:36:03,24100.0,200,Sell,233490300
2024-08-21 10:36:03,24100.0,1000,Sell,233490312
2024-08-21 10:36:03,24100.0,1100,Sell,233490328
2024-08-21 10:36:03,24100.0,5000,Sell,233490314
2024-08-21 10:36:03,24050.0,4500,Sell,233490344
2024-08-21 10:36:03,24050.0,500,Sell,233490343
2024-08-21 10:36:03,24100.0,100,Sell,233490338
2024-08-21 10:36:03,24100.0,100,Sell,233490337
2024-08-21 10:36:03,24100.0,1000,Sell,233490287
2024-08-21 10:36:03,24100.0,100,Sell,233490336
2024-08-21 10:36:03,24100.0,10000,Sell,233490335
2024-08-21 10:36:03,24100.0,1400,Sell,233490334
2024-08-21 10:36:03,24100.0,100,Sell,233490333
2024-08-21 10:36:03,24100.0,1500,Sell,233490332
2024-08-21 10:36:03,24100.0,100,Sell,233490331
2024-08-21 10:36:03,24100.0,1000,Sell,233490313
2024-08-21 10:36:03,24100.0,100,Sell,233490330
2024-08-21 10:36:03,24100.0,400,Sell,233490327
2024-08-21 10:36:03,24100.0,100,Sell,233490326
2024-08-21 10:36:03,24100.0,500,Sell,233490325
2024-08-21 10:36:03,24100.0,100,Sell,233490324
2024-08-21 10:36:03,24100.0,500,Sell,233490323
2024-08-21 10:36:03,24100.0,500,Sell,233490322
2024-08-21 10:36:03,24100.0,100,Sell,233490321
2024-08-21 10:36:03,24100.0,1000,Sell,233490320
2024-08-21 10:36:03,24100.0,300,Sell,233490319
2024-08-21 10:36:03,24100.0,100,Sell,233490318
2024-08-21 10:36:03,24100.0,100,Sell,233490317
2024-08-21 10:36:03,24100.0,200,Sell,233490329
2024-08-21 10:36:03,24100.0,5000,Sell,233490286
2024-08-21 10:36:03,24100.0,1000,Sell,233490233
2024-08-21 10:36:03,24100.0,200,Sell,233490284
2024-08-21 10:36:03,24100.0,200,Sell,233490252
2024-08-21 10:36:03,24100.0,600,Sell,233490251
2024-08-21 10:36:03,24100.0,400,Sell,233490250
2024-08-21 10:36:03,24100.0,500,Sell,233490249
2024-08-21 10:36:03,24100.0,100,Sell,233490248
2024-08-21 10:36:03,24100.0,100,Sell,233490247
2024-08-21 10:36:03,24100.0,100,Sell,233490246
2024-08-21 10:36:03,24100.0,300,Sell,233490245
2024-08-21 10:36:03,24100.0,100,Sell,233490244
2024-08-21 10:36:03,24100.0,100,Sell,233490243
2024-08-21 10:36:03,24100.0,100,Sell,233490242
2024-08-21 10:36:03,24100.0,200,Sell,233490241
2024-08-21 10:36:03,24100.0,3000,Sell,233490240
2024-08-21 10:36:03,24100.0,300,Sell,233490239
2024-08-21 10:36:03,24100.0,200,Sell,233490238
2024-08-21 10:36:03,24100.0,1000,Sell,233490237
2024-08-21 10:36:03,24100.0,100,Sell,233490236
2024-08-21 10:36:03,24100.0,500,Sell,233490235
2024-08-21 10:36:03,24100.0,500,Sell,233490234
2024-08-21 10:36:03,24100.0,500,Sell,233490232
2024-08-21 10:36:03,24100.0,500,Sell,233490230
2024-08-21 10:36:03,24100.0,1000,Sell,233490229
2024-08-21 10:36:03,24100.0,2000,Sell,233490285
2024-08-21 10:36:03,24100.0,100,Sell,233490253
2024-08-21 10:36:03,24100.0,100,Sell,233490257
2024-08-21 10:36:03,24100.0,400,Sell,233490231
2024-08-21 10:36:03,24100.0,300,Sell,233490259
2024-08-21 10:36:03,24100.0,300,Sell,233490282
2024-08-21 10:36:03,24100.0,1000,Sell,233490281
2024-08-21 10:36:03,24100.0,2000,Sell,233490258
2024-08-21 10:36:03,24100.0,100,Sell,233490280
2024-08-21 10:36:03,24100.0,100,Sell,233490279
2024-08-21 10:36:03,24100.0,500,Sell,233490277
2024-08-21 10:36:03,24100.0,500,Sell,233490276
2024-08-21 10:36:03,24100.0,6000,Sell,233490275
2024-08-21 10:36:03,24100.0,200,Sell,233490274
2024-08-21 10:36:03,24100.0,500,Sell,233490273
2024-08-21 10:36:03,24100.0,3000,Sell,233490272
2024-08-21 10:36:03,24100.0,200,Sell,233490278
2024-08-21 10:36:03,24100.0,300,Sell,233490270
2024-08-21 10:36:03,24100.0,10000,Sell,233490271
2024-08-21 10:36:03,24100.0,300,Sell,233490260
2024-08-21 10:36:03,24100.0,1000,Sell,233490261
2024-08-21 10:36:03,24100.0,300,Sell,233490262
2024-08-21 10:36:03,24100.0,200,Sell,233490263
2024-08-21 10:36:03,24100.0,100,Sell,233490264
2024-08-21 10:36:03,24100.0,100,Sell,233490283
2024-08-21 10:36:03,24100.0,500,Sell,233490265
2024-08-21 10:36:03,24100.0,200,Sell,233490266
2024-08-21 10:36:03,24100.0,100,Sell,233490267
2024-08-21 10:36:03,24100.0,200,Sell,233490268
2024-08-21 10:36:03,24100.0,1000,Sell,233490269
2024-08-21 10:36:07,24100.0,1500,Buy,233490440
2024-08-21 10:36:27,24050.0,2000,Sell,233491220
2024-08-21 10:36:27,24050.0,300,Sell,233491221
2024-08-21 10:36:27,24050.0,500,Sell,233491223
2024-08-21 10:36:27,24050.0,2000,Sell,233491224
2024-08-21 10:36:27,24050.0,300,Sell,233491225
2024-08-21 10:36:27,24050.0,2100,Sell,233491226
2024-08-21 10:36:27,24050.0,3500,Sell,233491219
2024-08-21 10:36:27,24050.0,1300,Sell,233491222
2024-08-21 10:36:40,24100.0,100,Buy,233491788
2024-08-21 10:36:50,24050.0,3600,Sell,233492181
2024-08-21 10:36:51,24100.0,5000,Buy,233492188
2024-08-21 10:37:04,24100.0,300,Buy,233492684
2024-08-21 10:37:08,24050.0,2000,Sell,233492841
2024-08-21 10:37:09,24050.0,500,Sell,233492866
2024-08-21 10:37:23,24100.0,300,Buy,233493537
2024-08-21 10:37:24,24050.0,1800,Sell,233493555
2024-08-21 10:37:24,24050.0,100,Sell,233493556
2024-08-21 10:37:24,24050.0,400,Sell,233493557
2024-08-21 10:37:24,24050.0,2700,Sell,233493558
2024-08-21 10:37:29,24050.0,5000,Sell,233493730
2024-08-21 10:37:30,24050.0,2600,Sell,233493796
2024-08-21 10:37:30,24050.0,1000,Sell,233493795
2024-08-21 10:37:30,24050.0,3000,Sell,233493794
2024-08-21 10:37:30,24050.0,500,Sell,233493793
2024-08-21 10:37:30,24050.0,500,Sell,233493792
2024-08-21 10:37:30,24050.0,27400,Sell,233493791
2024-08-21 10:37:30,24050.0,200,Sell,233493790
2024-08-21 10:37:30,24050.0,500,Sell,233493788
2024-08-21 10:37:30,24050.0,1000,Sell,233493787
2024-08-21 10:37:30,24050.0,1000,Sell,233493789
2024-08-21 10:37:30,24050.0,400,Sell,233493785
2024-08-21 10:37:30,24050.0,1300,Sell,233493784
2024-08-21 10:37:30,24050.0,1600,Sell,233493783
2024-08-21 10:37:30,24050.0,5000,Sell,233493782
2024-08-21 10:37:30,24050.0,3000,Sell,233493781
2024-08-21 10:37:30,24050.0,500,Sell,233493780
2024-08-21 10:37:30,24050.0,400,Sell,233493779
2024-08-21 10:37:30,24050.0,100,Sell,233493748
2024-08-21 10:37:30,24050.0,2300,Sell,233493747
2024-08-21 10:37:30,24050.0,100,Sell,233493786
2024-08-21 10:37:33,24100.0,100,Buy,233493867
2024-08-21 10:37:37,24050.0,1000,Sell,233494014
2024-08-21 10:37:43,24050.0,2000,Sell,233494213
2024-08-21 10:37:43,24050.0,200,Sell,233494212
2024-08-21 10:37:43,24050.0,3000,Sell,233494211
2024-08-21 10:37:43,24050.0,5000,Sell,233494210
2024-08-21 10:37:43,24050.0,5000,Sell,233494209
2024-08-21 10:37:43,24050.0,2000,Sell,233494208
2024-08-21 10:37:43,24050.0,1000,Sell,233494207
2024-08-21 10:37:43,24050.0,5000,Sell,233494214
2024-08-21 10:37:43,24050.0,300,Sell,233494206
2024-08-21 10:37:43,24050.0,1000,Sell,233494202
2024-08-21 10:37:43,24050.0,100,Sell,233494204
2024-08-21 10:37:43,24050.0,500,Sell,233494203
2024-08-21 10:37:43,24050.0,10000,Sell,233494201
2024-08-21 10:37:43,24050.0,2000,Sell,233494200
2024-08-21 10:37:43,24050.0,1000,Sell,233494199
2024-08-21 10:37:43,24050.0,100,Sell,233494198
2024-08-21 10:37:43,24050.0,100,Sell,233494197
2024-08-21 10:37:43,24050.0,1000,Sell,233494196
2024-08-21 10:37:43,24050.0,1400,Sell,233494194
2024-08-21 10:37:43,24050.0,300,Sell,233494205
2024-08-21 10:37:50,24050.0,4000,Sell,233494450
2024-08-21 10:37:50,24050.0,300,Sell,233494448
2024-08-21 10:37:50,24050.0,500,Sell,233494447
2024-08-21 10:37:50,24050.0,200,Sell,233494449
2024-08-21 10:37:53,24100.0,5000,Buy,233494569
2024-08-21 10:37:53,24050.0,1000,Sell,233494574
2024-08-21 10:37:53,24050.0,1000,Sell,233494575
2024-08-21 10:37:53,24050.0,200,Sell,233494576
2024-08-21 10:37:53,24050.0,100,Sell,233494577
2024-08-21 10:37:53,24050.0,1700,Sell,233494578
2024-08-21 10:37:54,24050.0,300,Sell,233494615
2024-08-21 10:37:54,24050.0,400,Sell,233494614
2024-08-21 10:37:54,24050.0,2000,Sell,233494613
2024-08-21 10:37:54,24050.0,500,Sell,233494611
2024-08-21 10:37:54,24050.0,200,Sell,233494610
2024-08-21 10:37:54,24050.0,1300,Sell,233494609
2024-08-21 10:37:54,24050.0,300,Sell,233494612
2024-08-21 10:37:57,24050.0,1200,Sell,233494765
2024-08-21 10:37:57,24050.0,4700,Sell,233494764
2024-08-21 10:37:57,24050.0,100,Sell,233494763
2024-08-21 10:37:57,24050.0,100,Sell,233494762
2024-08-21 10:37:57,24050.0,100,Sell,233494760
2024-08-21 10:37:57,24050.0,100,Sell,233494761
2024-08-21 10:37:57,24050.0,400,Sell,233494758
2024-08-21 10:37:57,24050.0,300,Sell,233494756
2024-08-21 10:37:57,24050.0,1000,Sell,233494755
2024-08-21 10:37:57,24050.0,100,Sell,233494754
2024-08-21 10:37:57,24050.0,200,Sell,233494753
2024-08-21 10:37:57,24050.0,500,Sell,233494759
2024-08-21 10:37:57,24050.0,1200,Sell,233494757
2024-08-21 10:38:00,24050.0,10000,Sell,233494903
2024-08-21 10:38:03,24050.0,100,Sell,233495000
2024-08-21 10:38:06,24050.0,2200,Sell,233495124
2024-08-21 10:38:09,24050.0,500,Sell,233495177
2024-08-21 10:38:09,24050.0,1000,Sell,233495208
2024-08-21 10:38:21,24050.0,500,Sell,233495516
2024-08-21 10:38:24,24050.0,100,Sell,233495599
2024-08-21 10:38:27,24050.0,500,Sell,233495679
2024-08-21 10:38:32,24050.0,800,Sell,233495807
2024-08-21 10:38:32,24050.0,100,Sell,233495806
2024-08-21 10:38:32,24050.0,3900,Sell,233495804
2024-08-21 10:38:32,24050.0,200,Sell,233495805
2024-08-21 10:38:33,24050.0,200,Sell,233495864
2024-08-21 10:38:33,24050.0,200,Sell,233495865
2024-08-21 10:38:33,24050.0,100,Sell,233495866
2024-08-21 10:38:40,24050.0,4100,Sell,233496165
2024-08-21 10:38:40,24050.0,1100,Sell,233496164
2024-08-21 10:38:40,24050.0,2000,Sell,233496163
2024-08-21 10:38:40,24050.0,100,Sell,233496159
2024-08-21 10:38:40,24050.0,1000,Sell,233496161
2024-08-21 10:38:40,24050.0,1000,Sell,233496160
2024-08-21 10:38:40,24050.0,500,Sell,233496158
2024-08-21 10:38:40,24050.0,200,Sell,233496162
2024-08-21 10:38:44,24050.0,100,Sell,233496265
2024-08-21 10:38:48,24050.0,5000,Sell,233496371
2024-08-21 10:38:51,24050.0,800,Sell,233496475
2024-08-21 10:38:51,24050.0,300,Sell,233496476
2024-08-21 10:38:51,24050.0,100,Sell,233496477
2024-08-21 10:38:51,24050.0,100,Sell,233496478
2024-08-21 10:38:51,24050.0,100,Sell,233496479
2024-08-21 10:39:07,24050.0,2000,Sell,233496944
2024-08-21 10:39:17,24050.0,100,Sell,233497360
2024-08-21 10:39:18,24050.0,100,Sell,233497405
2024-08-21 10:39:20,24050.0,200,Sell,233497439
2024-08-21 10:39:26,24050.0,100,Sell,233497599
2024-08-21 10:39:46,24050.0,7000,Sell,233498228
2024-08-21 10:39:46,24050.0,100,Sell,233498227
2024-08-21 10:39:46,24050.0,5000,Sell,233498226
2024-08-21 10:39:46,24050.0,400,Sell,233498225
2024-08-21 10:39:46,24050.0,600,Sell,233498224
2024-08-21 10:39:46,24050.0,1000,Sell,233498221
2024-08-21 10:39:46,24050.0,500,Sell,233498223
2024-08-21 10:39:46,24050.0,500,Sell,233498222
2024-08-21 10:39:46,24050.0,100,Sell,233498220
2024-08-21 10:39:46,24050.0,100,Sell,233498214
2024-08-21 10:39:46,24050.0,500,Sell,233498218
2024-08-21 10:39:46,24050.0,500,Sell,233498217
2024-08-21 10:39:46,24050.0,25000,Sell,233498216
2024-08-21 10:39:46,24050.0,300,Sell,233498215
2024-08-21 10:39:46,24050.0,1000,Sell,233498213
2024-08-21 10:39:46,24050.0,200,Sell,233498212
2024-08-21 10:39:46,24050.0,5000,Sell,233498211
2024-08-21 10:39:46,24050.0,200,Sell,233498210
2024-08-21 10:39:46,24050.0,1500,Sell,233498209
2024-08-21 10:39:46,24050.0,500,Sell,233498219
2024-08-21 10:39:49,24050.0,58800,Sell,233498332
2024-08-21 10:39:59,24050.0,13000,Sell,233498639
2024-08-21 10:40:04,24050.0,400,Sell,233498802
2024-08-21 10:40:20,24100.0,60000,Buy,233499156
2024-08-21 10:40:29,24100.0,200,Buy,233499389
2024-08-21 10:40:33,24100.0,100,Buy,233499496
2024-08-21 10:40:33,24100.0,500,Buy,233499489
2024-08-21 10:40:47,24100.0,200,Buy,233499859
2024-08-21 10:40:47,24100.0,20800,Buy,233499866
2024-08-21 10:40:56,24100.0,1200,Buy,233500098
2024-08-21 10:40:57,24100.0,100,Buy,233500114
2024-08-21 10:40:59,24100.0,1000,Buy,233500145
2024-08-21 10:41:00,24100.0,1000,Buy,233500161
2024-08-21 10:41:00,24100.0,100000,Buy,233500160
2024-08-21 10:41:04,24100.0,100,Buy,233500223
2024-08-21 10:41:04,24100.0,100,Buy,233500224
2024-08-21 10:41:04,24100.0,400,Buy,233500225
2024-08-21 10:41:04,24100.0,1000,Buy,233500226
2024-08-21 10:41:04,24100.0,100,Buy,233500227
2024-08-21 10:41:04,24100.0,200,Buy,233500228
2024-08-21 10:41:04,24100.0,2500,Buy,233500229
2024-08-21 10:41:04,24100.0,33500,Buy,233500230
2024-08-21 10:41:04,24100.0,3300,Buy,233500231
2024-08-21 10:41:04,24100.0,8800,Buy,233500222
2024-08-21 10:41:06,24100.0,1000,Buy,233500322
2024-08-21 10:41:07,24100.0,700,Buy,233500341
2024-08-21 10:41:07,24100.0,2300,Buy,233500342
2024-08-21 10:41:09,24100.0,200,Buy,233500385
2024-08-21 10:41:09,24100.0,500,Buy,233500384
2024-08-21 10:41:09,24100.0,200,Buy,233500383
2024-08-21 10:41:09,24100.0,1600,Buy,233500379
2024-08-21 10:41:09,24100.0,1000,Buy,233500381
2024-08-21 10:41:09,24100.0,5000,Buy,233500380
2024-08-21 10:41:09,24100.0,200,Buy,233500382
2024-08-21 10:41:09,24100.0,100,Buy,233500364
2024-08-21 10:41:18,24100.0,900,Sell,233500594
2024-08-21 10:41:18,24100.0,200,Sell,233500602
2024-08-21 10:41:51,24100.0,1500,Sell,233501306
2024-08-21 10:42:13,24100.0,2900,Sell,233501783
2024-08-21 10:42:18,24100.0,1000,Sell,233501920
2024-08-21 10:42:33,24150.0,1000,Buy,233502310
2024-08-21 10:42:37,24100.0,8200,Sell,233502381
2024-08-21 10:42:37,24100.0,5800,Sell,233502379
2024-08-21 10:42:37,24100.0,1000,Sell,233502380
2024-08-21 10:42:43,24150.0,300,Buy,233502511
2024-08-21 10:43:09,24100.0,1800,Sell,233503300
2024-08-21 10:43:09,24100.0,2000,Sell,233503301
2024-08-21 10:43:09,24100.0,500,Sell,233503302
2024-08-21 10:43:09,24100.0,700,Sell,233503303
2024-08-21 10:43:24,24100.0,200,Sell,233503646
2024-08-21 10:43:24,24100.0,1800,Sell,233503647
2024-08-21 10:44:02,24100.0,100,Sell,233504413
2024-08-21 10:44:02,24100.0,200,Sell,233504414
2024-08-21 10:44:02,24100.0,200,Sell,233504415
2024-08-21 10:44:02,24100.0,2000,Sell,233504418
2024-08-21 10:44:02,24100.0,2000,Sell,233504417
2024-08-21 10:44:02,24100.0,1000,Sell,233504412
2024-08-21 10:44:02,24100.0,500,Sell,233504419
2024-08-21 10:44:02,24100.0,100,Sell,233504420
2024-08-21 10:44:02,24100.0,10000,Sell,233504416
2024-08-21 10:44:02,24100.0,300,Sell,233504411
2024-08-21 10:44:02,24100.0,2000,Sell,233504407
2024-08-21 10:44:02,24100.0,100,Sell,233504409
2024-08-21 10:44:02,24100.0,2000,Sell,233504408
2024-08-21 10:44:02,24100.0,100,Sell,233504405
2024-08-21 10:44:02,24100.0,100,Sell,233504404
2024-08-21 10:44:02,24100.0,500,Sell,233504403
2024-08-21 10:44:02,24100.0,100,Sell,233504402
2024-08-21 10:44:02,24100.0,100,Sell,233504401
2024-08-21 10:44:02,24100.0,200,Sell,233504400
2024-08-21 10:44:02,24100.0,3200,Sell,233504399
2024-08-21 10:44:02,24100.0,3000,Sell,233504410
2024-08-21 10:44:02,24100.0,100,Sell,233504406
2024-08-21 10:44:05,24100.0,100,Buy,233504472
2024-08-21 10:44:06,24100.0,500,Buy,233504515
2024-08-21 10:44:08,24100.0,100,Buy,233504534
2024-08-21 10:44:10,24100.0,100,Buy,233504566
2024-08-21 10:44:16,24100.0,2000,Buy,233504661
2024-08-21 10:44:18,24100.0,200,Buy,233504744
2024-08-21 10:44:19,24100.0,25000,Buy,233504772
2024-08-21 10:44:28,24100.0,100,Buy,233504935
2024-08-21 10:44:37,24100.0,2000,Buy,233505100
2024-08-21 10:44:39,24100.0,100,Buy,233505135
2024-08-21 10:44:40,24100.0,1000,Buy,233505152
2024-08-21 10:44:43,24100.0,300,Buy,233505195
2024-08-21 10:44:47,24100.0,500,Buy,233505251
2024-08-21 10:44:51,24100.0,500,Buy,233505303
2024-08-21 10:44:53,24100.0,900,Buy,233505342
2024-08-21 10:44:58,24050.0,100,Sell,233505424
2024-08-21 10:44:58,24050.0,100,Sell,233505425
2024-08-21 10:44:58,24050.0,800,Sell,233505426
2024-08-21 10:44:59,24100.0,500,Buy,233505434
2024-08-21 10:45:13,24100.0,100,Buy,233505642
2024-08-21 10:45:30,24100.0,1000,Buy,233505934
2024-08-21 10:45:42,24100.0,17000,Buy,233506097
2024-08-21 10:45:52,24100.0,1000,Buy,233506251
2024-08-21 10:45:53,24050.0,1000,Sell,233506279
2024-08-21 10:46:06,24100.0,19100,Buy,233506503
2024-08-21 10:46:06,24100.0,300,Buy,233506504
2024-08-21 10:46:06,24100.0,9000,Buy,233506505
2024-08-21 10:46:06,24100.0,2000,Buy,233506506
2024-08-21 10:46:06,24100.0,7000,Buy,233506507
2024-08-21 10:46:06,24100.0,500,Buy,233506508
2024-08-21 10:46:06,24100.0,200,Buy,233506509
2024-08-21 10:46:06,24100.0,1200,Buy,233506510
2024-08-21 10:46:13,24100.0,200,Sell,233506604
2024-08-21 10:46:15,24100.0,50000,Sell,233506641
2024-08-21 10:46:19,24100.0,100,Sell,233506736
2024-08-21 10:46:29,24100.0,100,Sell,233506939
2024-08-21 10:46:29,24100.0,3000,Sell,233506925
2024-08-21 10:46:44,24100.0,5000,Sell,233507171
2024-08-21 10:46:47,24100.0,100,Sell,233507220
2024-08-21 10:47:04,24100.0,500,Sell,233507493
2024-08-21 10:47:05,24150.0,100,Buy,233507506
2024-08-21 10:47:06,24100.0,100,Sell,233507547
2024-08-21 10:47:15,24150.0,1000,Buy,233507692
2024-08-21 10:47:15,24100.0,1000,Sell,233507704
2024-08-21 10:47:37,24100.0,600,Sell,233508058
2024-08-21 10:47:37,24100.0,500,Sell,233508059
2024-08-21 10:47:37,24100.0,200,Sell,233508060
2024-08-21 10:47:37,24100.0,100,Sell,233508061
2024-08-21 10:47:37,24100.0,100,Sell,233508062
2024-08-21 10:47:37,24100.0,500,Sell,233508063
2024-08-21 10:47:39,24100.0,500,Sell,233508091
2024-08-21 10:48:06,24100.0,3000,Sell,233508645
2024-08-21 10:48:20,24100.0,1000,Sell,233508835
2024-08-21 10:48:20,24100.0,500,Sell,233508836
2024-08-21 10:48:20,24100.0,300,Sell,233508837
2024-08-21 10:48:20,24100.0,100,Sell,233508838
2024-08-21 10:48:20,24100.0,100,Sell,233508839
2024-08-21 10:48:45,24100.0,1600,Sell,233509291
2024-08-21 10:48:56,24100.0,100,Sell,233509470
2024-08-21 10:49:00,24100.0,1000,Sell,233509533
2024-08-21 10:49:33,24150.0,100,Buy,233510128
2024-08-21 10:49:41,24150.0,100,Buy,233510246
2024-08-21 10:49:41,24100.0,500,Sell,233510260
2024-08-21 10:50:38,24100.0,100,Sell,233511109
2024-08-21 10:50:38,24100.0,100,Sell,233511108
2024-08-21 10:50:38,24100.0,7700,Sell,233511105
2024-08-21 10:50:38,24100.0,500,Sell,233511106
2024-08-21 10:50:38,24100.0,100,Sell,233511107
2024-08-21 10:50:45,24100.0,600,Sell,233511204
2024-08-21 10:50:45,24100.0,400,Sell,233511203
2024-08-21 10:50:46,24100.0,400,Sell,233511228
2024-08-21 10:50:46,24100.0,500,Sell,233511229
2024-08-21 10:50:46,24100.0,600,Sell,233511230
2024-08-21 10:50:50,24100.0,100,Sell,233511292
2024-08-21 10:51:03,24150.0,100,Buy,233511498
2024-08-21 10:51:12,24100.0,100,Sell,233511704
2024-08-21 10:51:12,24100.0,700,Sell,233511705
2024-08-21 10:51:12,24100.0,100,Sell,233511706
2024-08-21 10:51:12,24100.0,10000,Sell,233511707
2024-08-21 10:51:12,24100.0,1200,Sell,233511710
2024-08-21 10:51:12,24100.0,100,Sell,233511709
2024-08-21 10:51:12,24100.0,10000,Sell,233511703
2024-08-21 10:51:12,24100.0,300,Sell,233511711
2024-08-21 10:51:12,24100.0,1000,Sell,233511708
2024-08-21 10:51:12,24100.0,700,Sell,233511702
2024-08-21 10:51:12,24100.0,4800,Sell,233511712
2024-08-21 10:51:12,24100.0,1000,Sell,233511700
2024-08-21 10:51:12,24100.0,100,Sell,233511699
2024-08-21 10:51:12,24100.0,600,Sell,233511698
2024-08-21 10:51:12,24100.0,500,Sell,233511697
2024-08-21 10:51:12,24100.0,100,Sell,233511696
2024-08-21 10:51:12,24100.0,5000,Sell,233511695
2024-08-21 10:51:12,24100.0,300,Sell,233511694
2024-08-21 10:51:12,24100.0,2000,Sell,233511693
2024-08-21 10:51:12,24100.0,300,Sell,233511692
2024-08-21 10:51:12,24100.0,500,Sell,233511691
2024-08-21 10:51:12,24100.0,300,Sell,233511701
2024-08-21 10:51:12,24100.0,4300,Sell,233511690
2024-08-21 10:51:13,24100.0,700,Sell,233511717
2024-08-21 10:51:19,24100.0,200,Sell,233511792
2024-08-21 10:51:32,24100.0,1000,Sell,233511969
2024-08-21 10:51:57,24100.0,18500,Sell,233512362
2024-08-21 10:52:17,24100.0,500,Sell,233512665
2024-08-21 10:52:21,24100.0,100,Sell,233512722
2024-08-21 10:52:21,24100.0,5000,Sell,233512723
2024-08-21 10:52:38,24100.0,900,Sell,233512997
2024-08-21 10:52:38,24100.0,100,Sell,233512996
2024-08-21 10:52:38,24100.0,500,Sell,233512995
2024-08-21 10:52:38,24100.0,3100,Sell,233512998
2024-08-21 10:52:38,24100.0,100,Sell,233512993
2024-08-21 10:52:38,24100.0,3000,Sell,233512994
2024-08-21 10:52:38,24100.0,5200,Sell,233512990
2024-08-21 10:52:38,24100.0,2000,Sell,233512992
2024-08-21 10:52:38,24100.0,100,Sell,233512991
2024-08-21 10:52:41,24100.0,6900,Sell,233513013
2024-08-21 10:52:41,24100.0,100,Sell,233513014
2024-08-21 10:52:46,24100.0,100,Sell,233513126
2024-08-21 10:52:51,24100.0,300,Sell,233513209
2024-08-21 10:52:56,24100.0,2000,Sell,233513310
2024-08-21 10:53:05,24100.0,300,Buy,233513436
2024-08-21 10:53:20,24100.0,2700,Buy,233513648
2024-08-21 10:53:20,24100.0,4000,Buy,233513649
2024-08-21 10:53:34,24100.0,400,Sell,233513908
2024-08-21 10:53:43,24100.0,1000,Sell,233514055
2024-08-21 10:53:57,24150.0,800,Buy,233514354
2024-08-21 10:53:57,24150.0,100,Buy,233514355
2024-08-21 10:54:11,24100.0,100,Sell,233514580
2024-08-21 10:54:47,24100.0,500,Sell,233515295
2024-08-21 10:55:09,24100.0,100,Sell,233515612
2024-08-21 10:55:17,24100.0,1000,Buy,233515787
2024-08-21 10:55:17,24100.0,1000,Sell,233515782
2024-08-21 10:55:17,24100.0,100,Sell,233515781
2024-08-21 10:55:17,24100.0,3000,Sell,233515780
2024-08-21 10:55:17,24100.0,200,Sell,233515779
2024-08-21 10:55:17,24100.0,500,Sell,233515778
2024-08-21 10:55:17,24100.0,1200,Sell,233515771
2024-08-21 10:55:17,24100.0,200,Sell,233515776
2024-08-21 10:55:17,24100.0,200,Sell,233515775
2024-08-21 10:55:17,24100.0,2000,Sell,233515774
2024-08-21 10:55:17,24100.0,100,Sell,233515773
2024-08-21 10:55:17,24100.0,1000,Sell,233515772
2024-08-21 10:55:17,24100.0,200,Sell,233515777
2024-08-21 10:55:58,24100.0,500,Buy,233516486
2024-08-21 10:56:07,24100.0,800,Buy,233516701
2024-08-21 10:56:36,24100.0,1000,Buy,233517111
2024-08-21 10:56:41,24100.0,1300,Buy,233517180
2024-08-21 10:56:45,24100.0,1000,Buy,233517246
2024-08-21 10:57:02,24100.0,500,Buy,233517507
2024-08-21 10:57:30,24100.0,300,Buy,233517950
2024-08-21 10:57:39,24100.0,500,Buy,233518093
2024-08-21 10:57:42,24100.0,1800,Buy,233518139
2024-08-21 10:58:47,24100.0,2000,Buy,233519071
2024-08-21 10:58:52,24100.0,1000,Buy,233519163
2024-08-21 10:58:52,24100.0,900,Buy,233519171
2024-08-21 10:58:57,24100.0,200,Buy,233519243
2024-08-21 10:58:59,24100.0,30000,Buy,233519287
2024-08-21 10:59:01,24100.0,500,Buy,233519316
2024-08-21 10:59:02,24100.0,12000,Buy,233519342
2024-08-21 10:59:08,24100.0,100,Buy,233519444
2024-08-21 10:59:17,24100.0,2100,Buy,233519584
2024-08-21 10:59:20,24100.0,100,Buy,233519617
2024-08-21 10:59:29,24050.0,1700,Sell,233519743
2024-08-21 10:59:36,24050.0,200,Sell,233519847
2024-08-21 10:59:50,24050.0,100,Sell,233520119
2024-08-21 10:59:52,24050.0,500,Sell,233520163
2024-08-21 11:00:18,24100.0,1000,Buy,233520680
2024-08-21 11:00:26,24100.0,200,Buy,233520812
2024-08-21 11:00:27,24050.0,300,Sell,233520841
2024-08-21 11:00:31,24100.0,2900,Buy,233520907
2024-08-21 11:01:04,24100.0,2000,Buy,233521498
2024-08-21 11:01:24,24100.0,100,Buy,233521822
2024-08-21 11:02:04,24050.0,1000,Sell,233522640
2024-08-21 11:02:04,24050.0,200,Sell,233522639
2024-08-21 11:02:04,24050.0,100,Sell,233522638
2024-08-21 11:02:04,24050.0,100,Sell,233522637
2024-08-21 11:02:04,24050.0,100,Sell,233522635
2024-08-21 11:02:04,24050.0,400,Sell,233522634
2024-08-21 11:02:04,24050.0,100,Sell,233522636
2024-08-21 11:02:09,24100.0,100,Buy,233522714
2024-08-21 11:02:42,24100.0,100,Buy,233523334
2024-08-21 11:02:51,24100.0,2700,Buy,233523486
2024-08-21 11:02:51,24100.0,2500,Buy,233523485
2024-08-21 11:02:51,24100.0,100,Buy,233523478
2024-08-21 11:02:51,24100.0,1000,Buy,233523483
2024-08-21 11:02:51,24100.0,1000,Buy,233523481
2024-08-21 11:02:51,24100.0,2000,Buy,233523480
2024-08-21 11:02:51,24100.0,11000,Buy,233523479
2024-08-21 11:02:51,24100.0,100,Buy,233523477
2024-08-21 11:02:51,24100.0,3000,Buy,233523484
2024-08-21 11:02:51,24100.0,900,Buy,233523475
2024-08-21 11:02:51,24100.0,8000,Buy,233523476
2024-08-21 11:02:51,24100.0,26300,Buy,233523468
2024-08-21 11:02:51,24100.0,1500,Buy,233523469
2024-08-21 11:02:51,24100.0,1000,Buy,233523470
2024-08-21 11:02:51,24100.0,1000,Buy,233523482
2024-08-21 11:02:51,24100.0,500,Buy,233523471
2024-08-21 11:02:51,24100.0,100,Buy,233523473
2024-08-21 11:02:51,24100.0,100,Buy,233523474
2024-08-21 11:02:51,24100.0,1000,Buy,233523472
2024-08-21 11:03:24,24100.0,2000,Sell,233524099
2024-08-21 11:03:27,24100.0,2000,Sell,233524149
2024-08-21 11:03:29,24150.0,100,Buy,233524175
2024-08-21 11:04:22,24100.0,11000,Sell,233525463
2024-08-21 11:04:32,24100.0,400,Sell,233525657
2024-08-21 11:04:32,24100.0,600,Sell,233525654
2024-08-21 11:04:32,24100.0,100,Sell,233525653
2024-08-21 11:04:32,24100.0,1000,Sell,233525652
2024-08-21 11:04:32,24100.0,3000,Sell,233525651
2024-08-21 11:04:32,24100.0,100,Sell,233525656
2024-08-21 11:04:32,24100.0,100,Sell,233525649
2024-08-21 11:04:32,24100.0,100,Sell,233525650
2024-08-21 11:04:32,24100.0,1200,Sell,233525645
2024-08-21 11:04:32,24100.0,100,Sell,233525646
2024-08-21 11:04:32,24100.0,3300,Sell,233525655
2024-08-21 11:04:32,24100.0,400,Sell,233525647
2024-08-21 11:04:32,24100.0,500,Sell,233525648
2024-08-21 11:04:35,24100.0,100,Buy,233525694
2024-08-21 11:04:40,24100.0,3900,Sell,233525776
2024-08-21 11:04:40,24100.0,100,Buy,233525784
2024-08-21 11:04:59,24050.0,200,Sell,233526063
2024-08-21 11:05:03,24100.0,6000,Buy,233526117
2024-08-21 11:05:38,24100.0,300,Sell,233526866
2024-08-21 11:05:38,24100.0,300,Sell,233526867
2024-08-21 11:05:49,24100.0,300,Sell,233527095
2024-08-21 11:06:01,24100.0,500,Sell,233527251
2024-08-21 11:06:03,24100.0,1000,Sell,233527290
2024-08-21 11:06:32,24100.0,2300,Sell,233527817
2024-08-21 11:06:58,24100.0,1000,Sell,233528280
2024-08-21 11:06:59,24100.0,1000,Sell,233528285
2024-08-21 11:07:10,24100.0,4000,Sell,233528500
2024-08-21 11:07:14,24100.0,1000,Sell,233528599
2024-08-21 11:07:14,24100.0,1000,Sell,233528609
2024-08-21 11:07:20,24100.0,100,Sell,233528666
2024-08-21 11:07:23,24100.0,24000,Sell,233528728
2024-08-21 11:07:24,24100.0,1000,Sell,233528755
2024-08-21 11:07:26,24100.0,900,Sell,233528774
2024-08-21 11:07:30,24100.0,300,Sell,233528830
2024-08-21 11:07:45,24100.0,100,Sell,233529071
2024-08-21 11:07:46,24100.0,100,Sell,233529077
2024-08-21 11:08:04,24150.0,300,Buy,233529376
2024-08-21 11:08:08,24100.0,9800,Sell,233529423
2024-08-21 11:08:08,24100.0,200,Sell,233529424
2024-08-21 11:08:33,24100.0,200,Sell,233529854
2024-08-21 11:08:33,24100.0,1600,Sell,233529855
2024-08-21 11:08:33,24100.0,100,Sell,233529852
2024-08-21 11:08:33,24100.0,100,Sell,233529853
2024-08-21 11:08:41,24100.0,5000,Sell,233530037
2024-08-21 11:08:46,24150.0,100,Buy,233530145
2024-08-21 11:09:00,24100.0,700,Sell,233530335
2024-08-21 11:09:00,24100.0,38400,Sell,233530324
2024-08-21 11:09:00,24100.0,400,Sell,233530325
2024-08-21 11:09:00,24100.0,100,Sell,233530326
2024-08-21 11:09:00,24100.0,300,Sell,233530327
2024-08-21 11:09:00,24100.0,100,Sell,233530328
2024-08-21 11:09:00,24100.0,300,Sell,233530329
2024-08-21 11:09:00,24100.0,100,Sell,233530330
2024-08-21 11:09:00,24100.0,20700,Sell,233530331
2024-08-21 11:09:00,24100.0,500,Sell,233530332
2024-08-21 11:09:00,24100.0,5000,Sell,233530333
2024-08-21 11:09:00,24100.0,300,Sell,233530334
2024-08-21 11:09:01,24100.0,3000,Buy,233530356
2024-08-21 11:09:59,24050.0,100,Sell,233531582
2024-08-21 11:10:02,24100.0,3000,Buy,233531652
2024-08-21 11:10:02,24100.0,1500,Buy,233531651
2024-08-21 11:10:02,24100.0,8100,Buy,233531650
2024-08-21 11:10:02,24100.0,10800,Buy,233531649
2024-08-21 11:10:02,24100.0,30100,Buy,233531644
2024-08-21 11:10:02,24100.0,5000,Buy,233531647
2024-08-21 11:10:02,24100.0,200,Buy,233531646
2024-08-21 11:10:02,24100.0,200,Buy,233531645
2024-08-21 11:10:02,24100.0,100,Buy,233531648
2024-08-21 11:10:03,24100.0,100,Sell,233531682
2024-08-21 11:10:07,24100.0,15900,Sell,233531779
2024-08-21 11:10:07,24100.0,400,Sell,233531780
2024-08-21 11:10:19,24100.0,2000,Buy,233531983
2024-08-21 11:10:38,24100.0,500,Buy,233532314
2024-08-21 11:10:49,24100.0,500,Buy,233532624
2024-08-21 11:10:52,24100.0,3000,Buy,233532730
2024-08-21 11:11:05,24100.0,1000,Buy,233532919
2024-08-21 11:11:09,24100.0,6700,Buy,233532978
2024-08-21 11:11:09,24100.0,15000,Buy,233532980
2024-08-21 11:11:09,24100.0,100,Buy,233532981
2024-08-21 11:11:09,24100.0,400,Buy,233532979
2024-08-21 11:11:15,24100.0,27800,Sell,233533076
2024-08-21 11:11:15,24100.0,200,Sell,233533077
2024-08-21 11:11:39,24100.0,1000,Buy,233533521
2024-08-21 11:11:43,24100.0,100,Buy,233533600
2024-08-21 11:12:03,24100.0,100,Buy,233533979
2024-08-21 11:12:03,24100.0,200,Buy,233533984
2024-08-21 11:12:18,24100.0,200,Buy,233534243
2024-08-21 11:12:21,24100.0,1500,Buy,233534342
2024-08-21 11:12:22,24100.0,10000,Buy,233534374
2024-08-21 11:12:22,24100.0,50000,Buy,233534365
2024-08-21 11:12:57,24100.0,6000,Buy,233535180
2024-08-21 11:13:08,24100.0,800,Buy,233535341
2024-08-21 11:13:08,24100.0,200,Buy,233535342
2024-08-21 11:13:08,24100.0,400,Buy,233535343
2024-08-21 11:13:08,24100.0,1000,Buy,233535344
2024-08-21 11:13:08,24100.0,2900,Buy,233535340
2024-08-21 11:13:49,24100.0,100,Sell,233535980
2024-08-21 11:13:49,24100.0,200,Sell,233535981
2024-08-21 11:13:52,24100.0,800,Sell,233536033
2024-08-21 11:13:52,24100.0,200,Sell,233536034
2024-08-21 11:14:06,24100.0,5000,Sell,233536248
2024-08-21 11:14:06,24100.0,500,Sell,233536249
2024-08-21 11:14:06,24100.0,2000,Sell,233536250
2024-08-21 11:14:06,24100.0,1000,Sell,233536251
2024-08-21 11:14:19,24100.0,500,Buy,233536486
2024-08-21 11:14:26,24100.0,9500,Buy,233536576
2024-08-21 11:14:33,24100.0,5000,Buy,233536688
2024-08-21 11:14:35,24100.0,2000,Buy,233536703
2024-08-21 11:14:44,24100.0,100,Buy,233536838
2024-08-21 11:14:54,24100.0,300,Buy,233536998
2024-08-21 11:15:25,24100.0,20000,Buy,233537533
2024-08-21 11:15:31,24100.0,4100,Buy,233537608
2024-08-21 11:15:31,24100.0,100,Buy,233537609
2024-08-21 11:15:31,24100.0,2000,Buy,233537610
2024-08-21 11:15:31,24100.0,500,Buy,233537611
2024-08-21 11:15:31,24100.0,300,Buy,233537612
2024-08-21 11:15:31,24100.0,3000,Buy,233537613
2024-08-21 11:15:36,24050.0,1000,Sell,233537702
2024-08-21 11:15:36,24050.0,9800,Sell,233537703
2024-08-21 11:15:45,24100.0,100,Buy,233537834
2024-08-21 11:15:56,24100.0,500,Buy,233537968
2024-08-21 11:15:59,24100.0,200,Buy,233538029
2024-08-21 11:15:59,24100.0,300,Buy,233538028
2024-08-21 11:15:59,24100.0,500,Buy,233538027
2024-08-21 11:16:06,24100.0,500,Buy,233538107
2024-08-21 11:16:06,24100.0,500,Buy,233538108
2024-08-21 11:16:41,24100.0,100,Sell,233538665
2024-08-21 11:16:41,24100.0,500,Sell,233538666
2024-08-21 11:16:41,24100.0,200,Sell,233538667
2024-08-21 11:16:43,24100.0,100,Buy,233538720
2024-08-21 11:16:46,24100.0,300,Buy,233538758
2024-08-21 11:17:09,24100.0,2300,Buy,233539285
2024-08-21 11:17:09,24100.0,500,Buy,233539298
2024-08-21 11:17:09,24100.0,500,Buy,233539297
2024-08-21 11:17:15,24100.0,300,Buy,233539362
2024-08-21 11:17:17,24100.0,1000,Buy,233539440
2024-08-21 11:17:25,24100.0,200,Buy,233539549
2024-08-21 11:17:35,24100.0,1100,Buy,233539725
2024-08-21 11:17:36,24100.0,2900,Buy,233539750
2024-08-21 11:17:36,24100.0,47100,Sell,233539777
2024-08-21 11:17:38,24100.0,2900,Buy,233539813
2024-08-21 11:17:43,24100.0,100,Sell,233539863
2024-08-21 11:18:18,24100.0,700,Sell,233540580
2024-08-21 11:19:24,24100.0,2000,Sell,233542037
2024-08-21 11:19:30,24100.0,500,Sell,233542130
2024-08-21 11:19:31,24100.0,3000,Sell,233542138
2024-08-21 11:19:58,24100.0,800,Sell,233542641
2024-08-21 11:19:58,24100.0,4200,Sell,233542642
2024-08-21 11:19:59,24150.0,400,Buy,233542651
2024-08-21 11:20:12,24100.0,200,Sell,233542876
2024-08-21 11:20:21,24100.0,1000,Sell,233543010
2024-08-21 11:20:41,24150.0,1700,Buy,233543337
2024-08-21 11:20:41,24150.0,900,Buy,233543336
2024-08-21 11:20:41,24150.0,200,Buy,233543335
2024-08-21 11:20:41,24150.0,1000,Buy,233543332
2024-08-21 11:20:41,24150.0,100,Buy,233543334
2024-08-21 11:20:41,24150.0,500,Buy,233543333
2024-08-21 11:20:41,24150.0,200,Buy,233543331
2024-08-21 11:20:41,24150.0,5000,Buy,233543325
2024-08-21 11:20:41,24150.0,5000,Buy,233543329
2024-08-21 11:20:41,24150.0,400,Buy,233543328
2024-08-21 11:20:41,24150.0,1000,Buy,233543327
2024-08-21 11:20:41,24150.0,2000,Buy,233543326
2024-08-21 11:20:41,24150.0,10000,Buy,233543324
2024-08-21 11:20:41,24150.0,10000,Buy,233543323
2024-08-21 11:20:41,24150.0,1000,Buy,233543322
2024-08-21 11:20:41,24150.0,1000,Buy,233543330
2024-08-21 11:21:10,24150.0,100,Buy,233543764
2024-08-21 11:21:49,24150.0,200,Buy,233544379
2024-08-21 11:21:49,24150.0,1800,Buy,233544380
2024-08-21 11:21:52,24100.0,300,Sell,233544419
2024-08-21 11:22:13,24100.0,100,Sell,233544705
2024-08-21 11:23:47,24100.0,500,Sell,233545825
2024-08-21 11:24:10,24100.0,4200,Sell,233546091
2024-08-21 11:24:16,24100.0,1000,Sell,233546157
2024-08-21 11:24:29,24100.0,1000,Sell,233546419
2024-08-21 11:24:30,24100.0,5000,Sell,233546426
2024-08-21 11:24:35,24100.0,1000,Sell,233546492
2024-08-21 11:24:45,24100.0,2000,Sell,233546598
2024-08-21 11:24:51,24100.0,900,Sell,233546669
2024-08-21 11:25:01,24150.0,800,Buy,233546814
2024-08-21 11:25:01,24150.0,3000,Buy,233546813
2024-08-21 11:25:01,24150.0,100,Buy,233546812
2024-08-21 11:25:01,24150.0,10000,Buy,233546811
2024-08-21 11:25:01,24150.0,900,Buy,233546809
2024-08-21 11:25:01,24150.0,5000,Buy,233546810
2024-08-21 11:25:01,24150.0,1300,Buy,233546807
2024-08-21 11:25:01,24150.0,200,Buy,233546802
2024-08-21 11:25:01,24150.0,5000,Buy,233546803
2024-08-21 11:25:01,24150.0,500,Buy,233546808
2024-08-21 11:25:01,24150.0,200,Buy,233546805
2024-08-21 11:25:01,24150.0,20000,Buy,233546806
2024-08-21 11:25:01,24150.0,3000,Buy,233546804
2024-08-21 11:25:16,24150.0,1200,Buy,233546988
2024-08-21 11:25:16,24150.0,1000,Buy,233546989
2024-08-21 11:25:16,24150.0,200,Buy,233546990
2024-08-21 11:25:16,24150.0,1000,Buy,233546991
2024-08-21 11:25:16,24150.0,100,Buy,233546992
2024-08-21 11:25:16,24150.0,1000,Buy,233546993
2024-08-21 11:25:16,24150.0,500,Buy,233546994
2024-08-21 11:25:17,24100.0,20000,Sell,233547011
2024-08-21 11:25:18,24150.0,1000,Buy,233547035
2024-08-21 11:25:20,24150.0,1100,Buy,233547067
2024-08-21 11:25:25,24150.0,1000,Buy,233547119
2024-08-21 11:25:25,24150.0,500,Buy,233547120
2024-08-21 11:25:25,24150.0,1000,Buy,233547117
2024-08-21 11:25:25,24150.0,2000,Buy,233547118
2024-08-21 11:26:14,24150.0,100,Sell,233547811
2024-08-21 11:26:22,24150.0,100,Sell,233547879
2024-08-21 11:26:45,24150.0,900,Sell,233548105
2024-08-21 11:26:51,24150.0,4000,Sell,233548226
2024-08-21 11:26:55,24150.0,400,Sell,233548287
2024-08-21 11:26:55,24150.0,300,Sell,233548288
2024-08-21 11:26:55,24150.0,10000,Sell,233548289
2024-08-21 11:26:55,24150.0,9300,Sell,233548290
2024-08-21 11:27:04,24150.0,100,Sell,233548423
2024-08-21 11:27:21,24150.0,100,Sell,233548642
2024-08-21 11:27:21,24150.0,100,Sell,233548641
2024-08-21 11:27:21,24150.0,100,Sell,233548639
2024-08-21 11:27:21,24150.0,600,Sell,233548638
2024-08-21 11:27:21,24150.0,100,Sell,233548640
2024-08-21 11:27:27,24150.0,4000,Sell,233548737
2024-08-21 11:27:27,24150.0,1000,Sell,233548738
2024-08-21 11:27:27,24150.0,600,Sell,233548739
2024-08-21 11:27:31,24150.0,1000,Buy,233548800
2024-08-21 11:27:39,24150.0,1000,Buy,233548908
2024-08-21 11:27:45,24150.0,3600,Buy,233548998
2024-08-21 11:28:18,24150.0,100,Buy,233549431
2024-08-21 11:28:24,24100.0,1300,Sell,233549517
2024-08-21 11:28:25,24150.0,400,Buy,233549524
2024-08-21 11:28:34,24150.0,5000,Buy,233549679
2024-08-21 11:28:42,24150.0,800,Buy,233549808
2024-08-21 11:28:58,24100.0,400,Sell,233550030
2024-08-21 11:29:07,24150.0,2000,Buy,233550176
2024-08-21 11:29:07,24150.0,500,Buy,233550175
2024-08-21 11:29:07,24150.0,2500,Buy,233550173
2024-08-21 11:29:07,24150.0,5000,Buy,233550174
2024-08-21 11:29:16,24150.0,100,Buy,233550336
2024-08-21 11:29:28,24150.0,5000,Buy,233550495
2024-08-21 12:59:36,24150.0,100,Buy,233550955
2024-08-21 12:59:36,24150.0,100,Buy,233550954
2024-08-21 12:59:36,24150.0,200,Buy,233550952
2024-08-21 12:59:36,24150.0,100,Buy,233550951
2024-08-21 12:59:36,24100.0,100,Sell,233550949
2024-08-21 12:59:36,24150.0,800,Buy,233550828
2024-08-21 12:59:36,24150.0,200,Buy,233550763
2024-08-21 12:59:36,24150.0,400,Buy,233550682
2024-08-21 12:59:36,24150.0,500,Buy,233550950
2024-08-21 12:59:38,24150.0,100,Buy,233551403
2024-08-21 12:59:38,24150.0,100,Buy,233551404
2024-08-21 12:59:39,24150.0,200,Buy,233551865
2024-08-21 12:59:39,24150.0,1000,Buy,233551715
2024-08-21 12:59:39,24150.0,100,Buy,233551714
2024-08-21 12:59:39,24150.0,900,Buy,233551713
2024-08-21 12:59:39,24150.0,700,Buy,233551675
2024-08-21 12:59:39,24150.0,9100,Buy,233551678
2024-08-21 12:59:39,24150.0,100,Buy,233551677
2024-08-21 12:59:39,24150.0,100,Buy,233551676
2024-08-21 12:59:40,24150.0,1700,Buy,233552137
2024-08-21 12:59:40,24150.0,3300,Buy,233552136
2024-08-21 12:59:40,24100.0,100,Sell,233552233
2024-08-21 12:59:40,24150.0,100,Buy,233551971
2024-08-21 12:59:40,24150.0,300,Buy,233551959
2024-08-21 12:59:40,24150.0,300,Buy,233551972
2024-08-21 12:59:41,24150.0,500,Buy,233552411
2024-08-21 12:59:41,24100.0,100,Sell,233552412
2024-08-21 12:59:44,24150.0,100,Buy,233552761
2024-08-21 12:59:48,24150.0,1500,Buy,233553281
2024-08-21 12:59:48,24100.0,700,Sell,233553355
2024-08-21 12:59:50,24150.0,2000,Buy,233553496
2024-08-21 12:59:53,24100.0,300,Sell,233553741
2024-08-21 12:59:54,24150.0,100,Buy,233553823
2024-08-21 12:59:55,24150.0,200,Buy,233553891
2024-08-21 12:59:57,24150.0,300,Buy,233553979
2024-08-21 12:59:57,24150.0,700,Buy,233553980
2024-08-21 13:00:01,24150.0,400,Buy,233554199
2024-08-21 13:00:09,24100.0,100,Sell,233554477
2024-08-21 13:00:14,24100.0,100,Sell,233554583
2024-08-21 13:00:27,24100.0,200,Sell,233554872
2024-08-21 13:00:32,24100.0,500,Sell,233554938
2024-08-21 13:00:50,24100.0,4000,Sell,233555249
