time,price,volume,match_type,id
2024-07-31 09:14:39,24500.0,116300,ATO/ATC,227498899
2024-07-31 09:14:41,24500.0,200,Sell,227499106
2024-07-31 09:14:41,24500.0,100,Sell,227499041
2024-07-31 09:14:41,24500.0,3000,Sell,227499105
2024-07-31 09:14:46,24500.0,2000,Sell,227499231
2024-07-31 09:14:46,24500.0,1500,Sell,227499229
2024-07-31 09:14:46,24500.0,1500,Sell,227499230
2024-07-31 09:14:52,24500.0,600,Sell,227499362
2024-07-31 09:15:01,24500.0,300,Sell,227499588
2024-07-31 09:15:11,24500.0,500,Sell,227499904
2024-07-31 09:15:16,24550.0,100,Buy,227499999
2024-07-31 09:15:16,24550.0,500,Buy,227500023
2024-07-31 09:15:16,24550.0,100,Buy,227500022
2024-07-31 09:15:16,24550.0,200,Buy,227500021
2024-07-31 09:15:16,24550.0,100,Buy,227500020
2024-07-31 09:15:16,24550.0,200,Buy,227500019
2024-07-31 09:15:16,24550.0,500,Buy,227500018
2024-07-31 09:15:16,24550.0,100,Buy,227499998
2024-07-31 09:15:16,24550.0,700,Buy,227500016
2024-07-31 09:15:16,24550.0,100,Buy,227500000
2024-07-31 09:15:16,24550.0,100,Buy,227500001
2024-07-31 09:15:16,24550.0,300,Buy,227500017
2024-07-31 09:15:16,24550.0,200,Buy,227500003
2024-07-31 09:15:16,24550.0,3300,Buy,227500004
2024-07-31 09:15:16,24550.0,100,Buy,227500002
2024-07-31 09:15:17,24550.0,300,Sell,227500055
2024-07-31 09:15:18,24550.0,2600,Sell,227500084
2024-07-31 09:15:18,24500.0,1600,Sell,227500085
2024-07-31 09:15:18,24500.0,800,Sell,227500086
2024-07-31 09:15:18,24500.0,3000,Sell,227500087
2024-07-31 09:15:18,24500.0,100,Sell,227500088
2024-07-31 09:15:24,24550.0,5000,Sell,227500270
2024-07-31 09:15:24,24550.0,100,Sell,227500271
2024-07-31 09:15:28,24550.0,300,Buy,227500415
2024-07-31 09:15:28,24550.0,100,Sell,227500445
2024-07-31 09:15:28,24550.0,4900,Buy,227500414
2024-07-31 09:15:29,24550.0,300,Sell,227500473
2024-07-31 09:15:30,24550.0,1000,Sell,227500497
2024-07-31 09:15:32,24550.0,2000,Sell,227500554
2024-07-31 09:15:33,24550.0,7200,Sell,227500583
2024-07-31 09:15:33,24500.0,1900,Sell,227500584
2024-07-31 09:15:33,24500.0,900,Sell,227500585
2024-07-31 09:15:37,24550.0,100,Buy,227500677
2024-07-31 09:15:38,24550.0,100,Sell,227500711
2024-07-31 09:15:39,24550.0,300,Sell,227500747
2024-07-31 09:15:39,24550.0,200,Sell,227500748
2024-07-31 09:15:40,24550.0,400,Sell,227500758
2024-07-31 09:15:41,24550.0,1000,Sell,227500792
2024-07-31 09:15:45,24550.0,2000,Sell,227500926
2024-07-31 09:15:50,24550.0,5000,Sell,227501056
2024-07-31 09:16:00,24600.0,100,Buy,227501371
2024-07-31 09:16:00,24600.0,500,Buy,227501372
2024-07-31 09:16:00,24600.0,100,Buy,227501373
2024-07-31 09:16:00,24600.0,100,Buy,227501374
2024-07-31 09:16:00,24600.0,100,Buy,227501375
2024-07-31 09:16:00,24600.0,100,Buy,227501376
2024-07-31 09:16:01,24550.0,11400,Sell,227501392
2024-07-31 09:16:01,24550.0,8600,Sell,227501393
2024-07-31 09:16:04,24550.0,400,Sell,227501504
2024-07-31 09:16:07,24550.0,1000,Sell,227501647
2024-07-31 09:16:10,24550.0,100,Sell,227501757
2024-07-31 09:16:10,24600.0,7100,Buy,227501756
2024-07-31 09:16:10,24600.0,100,Buy,227501755
2024-07-31 09:16:10,24600.0,100,Buy,227501754
2024-07-31 09:16:10,24600.0,1000,Buy,227501753
2024-07-31 09:16:10,24600.0,100,Buy,227501752
2024-07-31 09:16:10,24600.0,300,Buy,227501749
2024-07-31 09:16:10,24600.0,500,Buy,227501750
2024-07-31 09:16:10,24600.0,200,Buy,227501748
2024-07-31 09:16:10,24600.0,900,Buy,227501746
2024-07-31 09:16:10,24600.0,1500,Buy,227501745
2024-07-31 09:16:10,24600.0,100,Buy,227501751
2024-07-31 09:16:10,24600.0,100,Buy,227501747
2024-07-31 09:16:16,24550.0,100,Sell,227501909
2024-07-31 09:16:16,24550.0,300,Sell,227501910
2024-07-31 09:16:16,24550.0,4600,Sell,227501911
2024-07-31 09:16:18,24550.0,100,Sell,227501970
2024-07-31 09:16:20,24550.0,100,Sell,227502024
2024-07-31 09:16:22,24600.0,5000,Buy,227502072
2024-07-31 09:16:23,24550.0,800,Sell,227502109
2024-07-31 09:16:23,24550.0,300,Sell,227502114
2024-07-31 09:16:23,24550.0,200,Sell,227502108
2024-07-31 09:16:24,24550.0,100,Sell,227502130
2024-07-31 09:16:24,24550.0,900,Sell,227502131
2024-07-31 09:16:38,24600.0,300,Buy,227502618
2024-07-31 09:16:41,24600.0,5000,Buy,227502714
2024-07-31 09:16:42,24600.0,1000,Buy,227502772
2024-07-31 09:16:42,24600.0,1600,Buy,227502774
2024-07-31 09:16:42,24600.0,3400,Buy,227502781
2024-07-31 09:16:44,24550.0,200,Sell,227502862
2024-07-31 09:16:45,24600.0,500,Buy,227502968
2024-07-31 09:16:49,24600.0,700,Buy,227503087
2024-07-31 09:16:49,24600.0,100,Buy,227503086
2024-07-31 09:16:49,24600.0,100,Buy,227503083
2024-07-31 09:16:49,24600.0,1000,Buy,227503084
2024-07-31 09:16:49,24600.0,100,Buy,227503085
2024-07-31 09:16:51,24600.0,1000,Buy,227503159
2024-07-31 09:16:51,24600.0,100,Buy,227503164
2024-07-31 09:16:51,24600.0,100,Buy,227503163
2024-07-31 09:16:51,24600.0,200,Buy,227503162
2024-07-31 09:16:51,24600.0,500,Buy,227503161
2024-07-31 09:16:51,24600.0,200,Buy,227503160
2024-07-31 09:16:51,24600.0,1000,Buy,227503158
2024-07-31 09:16:51,24600.0,500,Buy,227503150
2024-07-31 09:16:51,24600.0,500,Buy,227503156
2024-07-31 09:16:51,24600.0,2000,Buy,227503155
2024-07-31 09:16:51,24600.0,100,Buy,227503154
2024-07-31 09:16:51,24600.0,100,Buy,227503153
2024-07-31 09:16:51,24600.0,100,Buy,227503152
2024-07-31 09:16:51,24600.0,100,Buy,227503151
2024-07-31 09:16:51,24600.0,800,Buy,227503149
2024-07-31 09:16:51,24600.0,1000,Buy,227503157
2024-07-31 09:16:58,24650.0,100,Buy,227503403
2024-07-31 09:16:58,24600.0,200,Sell,227503414
2024-07-31 09:16:58,24650.0,100,Buy,227503402
2024-07-31 09:16:58,24650.0,500,Buy,227503399
2024-07-31 09:16:58,24650.0,100,Buy,227503400
2024-07-31 09:16:58,24650.0,100,Buy,227503398
2024-07-31 09:16:58,24650.0,100,Buy,227503401
2024-07-31 09:16:59,24600.0,1500,Sell,227503476
2024-07-31 09:16:59,24600.0,100,Sell,227503477
2024-07-31 09:16:59,24600.0,1400,Sell,227503478
2024-07-31 09:17:00,24600.0,100,Sell,227503507
2024-07-31 09:17:01,24600.0,500,Sell,227503572
2024-07-31 09:17:01,24600.0,500,Sell,227503573
2024-07-31 09:17:02,24600.0,3600,Sell,227503598
2024-07-31 09:17:02,24600.0,1000,Sell,227503599
2024-07-31 09:17:04,24600.0,200,Buy,227503732
2024-07-31 09:17:04,24600.0,700,Buy,227503757
2024-07-31 09:17:08,24600.0,300,Buy,227503852
2024-07-31 09:17:09,24550.0,7100,Sell,227504059
2024-07-31 09:17:09,24550.0,5000,Sell,227504058
2024-07-31 09:17:09,24550.0,900,Sell,227504055
2024-07-31 09:17:09,24550.0,1000,Sell,227504056
2024-07-31 09:17:09,24600.0,500,Buy,227503950
2024-07-31 09:17:09,24550.0,1000,Sell,227504057
2024-07-31 09:17:10,24600.0,2500,Buy,227504075
2024-07-31 09:17:11,24600.0,1000,Buy,227504107
2024-07-31 09:17:12,24600.0,200,Buy,227504153
2024-07-31 09:17:12,24600.0,100,Buy,227504154
2024-07-31 09:17:12,24600.0,9700,Buy,227504155
2024-07-31 09:17:15,24600.0,300,Buy,227504291
2024-07-31 09:17:18,24600.0,1000,Buy,227504356
2024-07-31 09:17:19,24550.0,100,Sell,227504448
2024-07-31 09:17:19,24550.0,500,Sell,227504445
2024-07-31 09:17:19,24550.0,100,Sell,227504444
2024-07-31 09:17:19,24550.0,4100,Sell,227504447
2024-07-31 09:17:19,24550.0,400,Sell,227504442
2024-07-31 09:17:19,24550.0,5000,Sell,227504443
2024-07-31 09:17:19,24600.0,1000,Buy,227504423
2024-07-31 09:17:19,24550.0,300,Sell,227504446
2024-07-31 09:17:19,24550.0,5000,Sell,227504441
2024-07-31 09:17:19,24550.0,2900,Sell,227504440
2024-07-31 09:17:20,24550.0,1000,Buy,227504462
2024-07-31 09:17:26,24550.0,1000,Buy,227504728
2024-07-31 09:17:35,24550.0,1000,Buy,227505024
2024-07-31 09:17:39,24550.0,1000,Buy,227505154
2024-07-31 09:17:39,24550.0,3900,Buy,227505162
2024-07-31 09:17:39,24550.0,10900,Buy,227505163
2024-07-31 09:17:42,24550.0,1300,Sell,227505230
2024-07-31 09:17:45,24550.0,2000,Sell,227505344
2024-07-31 09:17:46,24600.0,1000,Buy,227505360
2024-07-31 09:17:47,24550.0,1000,Sell,227505401
2024-07-31 09:17:48,24600.0,500,Buy,227505429
2024-07-31 09:17:48,24600.0,2000,Buy,227505407
2024-07-31 09:17:50,24550.0,1000,Sell,227505473
2024-07-31 09:17:56,24550.0,600,Sell,227505701
2024-07-31 09:17:56,24550.0,300,Buy,227505717
2024-07-31 09:17:56,24550.0,500,Sell,227505703
2024-07-31 09:17:56,24550.0,100,Sell,227505704
2024-07-31 09:17:56,24550.0,4000,Buy,227505710
2024-07-31 09:17:56,24550.0,1500,Sell,227505702
2024-07-31 09:17:59,24550.0,6400,Buy,227505787
2024-07-31 09:18:08,24550.0,10000,Buy,227506048
2024-07-31 09:18:11,24500.0,300,Sell,227506161
2024-07-31 09:18:11,24500.0,700,Sell,227506162
2024-07-31 09:18:11,24500.0,20000,Sell,227506163
2024-07-31 09:18:11,24500.0,10000,Sell,227506164
2024-07-31 09:18:11,24500.0,2000,Sell,227506167
2024-07-31 09:18:11,24500.0,1000,Sell,227506165
2024-07-31 09:18:11,24500.0,100,Sell,227506166
2024-07-31 09:18:11,24500.0,500,Sell,227506168
2024-07-31 09:18:11,24500.0,2000,Sell,227506152
2024-07-31 09:18:11,24500.0,100,Sell,227506170
2024-07-31 09:18:11,24500.0,500,Sell,227506171
2024-07-31 09:18:11,24500.0,100,Sell,227506172
2024-07-31 09:18:11,24500.0,100,Sell,227506173
2024-07-31 09:18:11,24500.0,100,Sell,227506174
2024-07-31 09:18:11,24500.0,100,Sell,227506175
2024-07-31 09:18:11,24500.0,700,Sell,227506176
2024-07-31 09:18:11,24500.0,200,Sell,227506160
2024-07-31 09:18:11,24500.0,100,Sell,227506169
2024-07-31 09:18:11,24500.0,100,Sell,227506159
2024-07-31 09:18:11,24500.0,1000,Sell,227506149
2024-07-31 09:18:11,24500.0,200,Sell,227506157
2024-07-31 09:18:11,24500.0,100,Sell,227506139
2024-07-31 09:18:11,24500.0,100,Sell,227506140
2024-07-31 09:18:11,24500.0,100,Sell,227506141
2024-07-31 09:18:11,24500.0,100,Sell,227506142
2024-07-31 09:18:11,24500.0,100,Sell,227506143
2024-07-31 09:18:11,24500.0,100,Sell,227506144
2024-07-31 09:18:11,24500.0,200,Sell,227506145
2024-07-31 09:18:11,24500.0,300,Sell,227506158
2024-07-31 09:18:11,24500.0,500,Sell,227506146
2024-07-31 09:18:11,24500.0,100,Sell,227506148
2024-07-31 09:18:11,24500.0,500,Sell,227506150
2024-07-31 09:18:11,24500.0,200,Sell,227506151
2024-07-31 09:18:11,24500.0,100,Sell,227506153
2024-07-31 09:18:11,24500.0,200,Sell,227506154
2024-07-31 09:18:11,24500.0,400,Sell,227506155
2024-07-31 09:18:11,24500.0,2000,Sell,227506156
2024-07-31 09:18:11,24500.0,5000,Sell,227506147
2024-07-31 09:18:14,24550.0,100,Buy,227506279
2024-07-31 09:18:15,24550.0,6200,Buy,227506313
2024-07-31 09:18:20,24500.0,300,Sell,227506471
2024-07-31 09:18:20,24500.0,500,Sell,227506470
2024-07-31 09:18:20,24500.0,4200,Sell,227506472
2024-07-31 09:18:20,24500.0,1000,Sell,227506468
2024-07-31 09:18:20,24500.0,1000,Sell,227506467
2024-07-31 09:18:20,24500.0,1900,Sell,227506466
2024-07-31 09:18:20,24500.0,100,Sell,227506469
2024-07-31 09:18:21,24500.0,100,Sell,227506518
2024-07-31 09:18:24,24500.0,1100,Sell,227506634
2024-07-31 09:18:24,24500.0,1200,Sell,227506631
2024-07-31 09:18:24,24500.0,200,Sell,227506632
2024-07-31 09:18:24,24500.0,500,Sell,227506633
2024-07-31 09:18:25,24500.0,300,Sell,227506661
2024-07-31 09:18:25,24500.0,10000,Sell,227506662
2024-07-31 09:18:25,24500.0,100,Sell,227506660
2024-07-31 09:18:26,24500.0,100,Buy,227506700
2024-07-31 09:18:30,24500.0,400,Buy,227506843
2024-07-31 09:18:33,24500.0,400,Buy,227506960
2024-07-31 09:18:35,24500.0,300,Buy,227507058
2024-07-31 09:18:40,24500.0,100,Buy,227507299
2024-07-31 09:18:49,24450.0,8000,Sell,227507639
2024-07-31 09:18:49,24450.0,1000,Sell,227507638
2024-07-31 09:18:49,24450.0,1100,Sell,227507640
2024-07-31 09:18:49,24450.0,2000,Sell,227507636
2024-07-31 09:18:49,24450.0,2000,Sell,227507635
2024-07-31 09:18:49,24450.0,500,Sell,227507637
2024-07-31 09:18:49,24450.0,100,Sell,227507629
2024-07-31 09:18:51,24450.0,100,Sell,227507693
2024-07-31 09:18:51,24450.0,500,Sell,227507692
2024-07-31 09:18:51,24450.0,900,Sell,227507689
2024-07-31 09:18:51,24450.0,400,Sell,227507690
2024-07-31 09:18:51,24450.0,100,Sell,227507691
2024-07-31 09:18:59,24500.0,100,Buy,227507947
2024-07-31 09:19:08,24450.0,9700,Sell,227508247
2024-07-31 09:19:08,24450.0,300,Sell,227508248
2024-07-31 09:19:08,24450.0,200,Sell,227508237
2024-07-31 09:19:16,24450.0,1700,Sell,227508621
2024-07-31 09:19:16,24450.0,2000,Sell,227508622
2024-07-31 09:19:16,24450.0,1000,Sell,227508623
2024-07-31 09:19:16,24450.0,4400,Sell,227508624
2024-07-31 09:19:16,24450.0,900,Sell,227508625
2024-07-31 09:19:19,24450.0,10000,Buy,227508731
2024-07-31 09:19:19,24450.0,500,Sell,227508728
2024-07-31 09:19:19,24450.0,1400,Sell,227508726
2024-07-31 09:19:19,24450.0,4100,Sell,227508725
2024-07-31 09:19:19,24450.0,100,Sell,227508727
2024-07-31 09:19:25,24450.0,1400,Buy,227508857
2024-07-31 09:19:27,24450.0,100,Buy,227508907
2024-07-31 09:19:49,24400.0,100,Sell,227509772
2024-07-31 09:19:49,24400.0,1000,Sell,227509771
2024-07-31 09:19:49,24400.0,1000,Sell,227509770
2024-07-31 09:19:49,24400.0,300,Sell,227509769
2024-07-31 09:19:49,24400.0,100,Sell,227509768
2024-07-31 09:19:49,24400.0,100,Sell,227509767
2024-07-31 09:19:49,24400.0,3600,Sell,227509773
2024-07-31 09:19:49,24400.0,200,Sell,227509765
2024-07-31 09:19:49,24400.0,100,Sell,227509764
2024-07-31 09:19:49,24400.0,2000,Sell,227509763
2024-07-31 09:19:49,24400.0,1200,Sell,227509762
2024-07-31 09:19:49,24400.0,200,Sell,227509761
2024-07-31 09:19:49,24450.0,500,Buy,227509725
2024-07-31 09:19:49,24400.0,100,Sell,227509766
2024-07-31 09:19:52,24450.0,3000,Buy,227509891
2024-07-31 09:20:04,24400.0,100,Sell,227510279
2024-07-31 09:20:05,24450.0,200,Buy,227510313
2024-07-31 09:20:10,24400.0,1100,Sell,227510463
2024-07-31 09:20:12,24400.0,1000,Sell,227510579
2024-07-31 09:20:13,24450.0,10000,Buy,227510585
2024-07-31 09:20:13,24450.0,6700,Buy,227510620
2024-07-31 09:20:16,24400.0,200,Sell,227510728
2024-07-31 09:20:19,24400.0,200,Sell,227510804
2024-07-31 09:20:22,24450.0,5000,Buy,227510896
2024-07-31 09:20:24,24400.0,3000,Sell,227510989
2024-07-31 09:20:25,24400.0,100,Sell,227511007
2024-07-31 09:20:31,24400.0,700,Sell,227511220
2024-07-31 09:20:31,24400.0,1000,Sell,227511221
2024-07-31 09:20:31,24400.0,300,Sell,227511222
2024-07-31 09:20:31,24450.0,400,Buy,227511233
2024-07-31 09:20:40,24450.0,400,Buy,227511572
2024-07-31 09:20:41,24400.0,100,Sell,227511600
2024-07-31 09:20:41,24450.0,100,Buy,227511588
2024-07-31 09:20:41,24400.0,100,Sell,227511601
2024-07-31 09:21:13,24450.0,400,Buy,227513066
2024-07-31 09:21:18,24400.0,700,Sell,227513213
2024-07-31 09:21:21,24400.0,700,Sell,227513338
2024-07-31 09:21:21,24400.0,200,Sell,227513336
2024-07-31 09:21:21,24400.0,100,Sell,227513337
2024-07-31 09:21:33,24450.0,5000,Buy,227513699
2024-07-31 09:21:48,24450.0,1300,Buy,227514209
2024-07-31 09:21:48,24450.0,700,Buy,227514208
2024-07-31 09:22:00,24450.0,10000,Buy,227514784
2024-07-31 09:22:07,24450.0,1000,Buy,227515043
2024-07-31 09:22:09,24450.0,100,Buy,227515075
2024-07-31 09:22:11,24450.0,200,Buy,227515137
2024-07-31 09:22:12,24450.0,500,Buy,227515196
2024-07-31 09:22:24,24400.0,300,Sell,227515478
2024-07-31 09:22:24,24400.0,500,Sell,227515479
2024-07-31 09:22:24,24400.0,300,Sell,227515480
2024-07-31 09:22:27,24450.0,200,Buy,227515538
2024-07-31 09:22:30,24450.0,500,Buy,227515583
2024-07-31 09:22:39,24400.0,400,Sell,227515777
2024-07-31 09:22:39,24400.0,1100,Sell,227515778
2024-07-31 09:22:52,24450.0,100,Buy,227516060
2024-07-31 09:22:53,24400.0,100,Sell,227516088
2024-07-31 09:22:58,24400.0,100,Sell,227516200
2024-07-31 09:22:58,24400.0,2100,Sell,227516201
2024-07-31 09:22:58,24400.0,3800,Sell,227516199
2024-07-31 09:23:05,24450.0,100,Buy,227516378
2024-07-31 09:23:34,24400.0,3000,Sell,227517419
2024-07-31 09:23:40,24450.0,30000,Buy,227517606
2024-07-31 09:23:45,24450.0,20000,Buy,227517786
2024-07-31 09:23:56,24450.0,100,Buy,227518080
2024-07-31 09:24:03,24450.0,400,Buy,227518313
2024-07-31 09:24:11,24450.0,100,Buy,227518520
2024-07-31 09:24:12,24450.0,500,Buy,227518528
2024-07-31 09:24:20,24450.0,1000,Buy,227518790
2024-07-31 09:24:20,24400.0,2300,Sell,227518789
2024-07-31 09:24:20,24400.0,900,Sell,227518788
2024-07-31 09:24:20,24400.0,1000,Sell,227518787
2024-07-31 09:24:20,24400.0,200,Sell,227518786
2024-07-31 09:24:20,24400.0,2000,Sell,227518784
2024-07-31 09:24:20,24400.0,1000,Sell,227518783
2024-07-31 09:24:20,24400.0,4900,Sell,227518782
2024-07-31 09:24:20,24400.0,100,Sell,227518785
2024-07-31 09:24:23,24450.0,100,Buy,227518850
2024-07-31 09:24:27,24450.0,400,Sell,227519043
2024-07-31 09:24:27,24450.0,5000,Buy,227519042
2024-07-31 09:24:27,24450.0,100,Buy,227519041
2024-07-31 09:24:27,24450.0,500,Buy,227519040
2024-07-31 09:24:27,24450.0,5000,Buy,227519039
2024-07-31 09:24:27,24450.0,800,Buy,227519038
2024-07-31 09:24:27,24450.0,1000,Buy,227519037
2024-07-31 09:24:27,24450.0,1000,Buy,227519035
2024-07-31 09:24:27,24450.0,200,Buy,227519036
2024-07-31 09:24:27,24450.0,100,Buy,227519033
2024-07-31 09:24:27,24450.0,1800,Buy,227519034
2024-07-31 09:24:27,24450.0,3100,Buy,227519026
2024-07-31 09:24:27,24450.0,100,Buy,227519027
2024-07-31 09:24:27,24450.0,3000,Buy,227519028
2024-07-31 09:24:27,24450.0,1400,Buy,227519025
2024-07-31 09:24:27,24450.0,1400,Buy,227519030
2024-07-31 09:24:27,24450.0,5000,Buy,227519031
2024-07-31 09:24:27,24450.0,9000,Buy,227519032
2024-07-31 09:24:27,24450.0,500,Buy,227519029
2024-07-31 09:24:33,24450.0,1000,Sell,227519209
2024-07-31 09:24:38,24500.0,500,Buy,227519343
2024-07-31 09:24:40,24500.0,500,Buy,227519474
2024-07-31 09:24:44,24450.0,300,Sell,227519562
2024-07-31 09:25:11,24450.0,300,Sell,227520318
2024-07-31 09:25:21,24450.0,1100,Sell,227520578
2024-07-31 09:25:21,24450.0,100,Sell,227520580
2024-07-31 09:25:35,24450.0,400,Sell,227520841
2024-07-31 09:25:50,24450.0,500,Sell,227521177
2024-07-31 09:25:53,24450.0,3000,Sell,227521218
2024-07-31 09:26:05,24450.0,500,Sell,227521575
2024-07-31 09:26:05,24450.0,2500,Sell,227521569
2024-07-31 09:26:08,24450.0,100,Sell,227521650
2024-07-31 09:26:15,24450.0,200,Sell,227521868
2024-07-31 09:26:28,24500.0,300,Buy,227522146
2024-07-31 09:26:37,24500.0,1500,Buy,227522542
2024-07-31 09:26:40,24450.0,600,Sell,227522625
2024-07-31 09:26:40,24450.0,9400,Sell,227522626
2024-07-31 09:26:42,24450.0,1800,Sell,227522665
2024-07-31 09:27:04,24450.0,8800,Sell,227523367
2024-07-31 09:27:04,24450.0,4000,Sell,227523368
2024-07-31 09:27:04,24450.0,100,Sell,227523369
2024-07-31 09:27:04,24450.0,2000,Sell,227523370
2024-07-31 09:27:04,24450.0,5100,Sell,227523371
2024-07-31 09:27:09,24450.0,1000,Sell,227523489
2024-07-31 09:27:09,24450.0,7000,Sell,227523503
2024-07-31 09:27:18,24450.0,1300,Sell,227523782
2024-07-31 09:27:18,24450.0,6300,Sell,227523780
2024-07-31 09:27:18,24450.0,600,Sell,227523781
2024-07-31 09:27:20,24450.0,700,Sell,227523941
2024-07-31 09:27:20,24450.0,1000,Sell,227523942
2024-07-31 09:27:20,24450.0,3300,Sell,227523943
2024-07-31 09:27:24,24450.0,800,Sell,227524052
2024-07-31 09:27:32,24450.0,200,Sell,227524240
2024-07-31 09:27:35,24450.0,1700,Sell,227524308
2024-07-31 09:27:35,24450.0,200,Sell,227524312
2024-07-31 09:27:46,24450.0,400,Sell,227524576
2024-07-31 09:27:46,24450.0,100,Sell,227524577
2024-07-31 09:27:46,24450.0,200,Sell,227524578
2024-07-31 09:27:46,24450.0,800,Sell,227524579
2024-07-31 09:27:49,24450.0,200,Sell,227524641
2024-07-31 09:27:49,24450.0,300,Sell,227524642
2024-07-31 09:27:49,24450.0,2000,Sell,227524657
2024-07-31 09:27:53,24450.0,2800,Sell,227524807
2024-07-31 09:28:10,24450.0,200,Sell,227525266
2024-07-31 09:28:10,24450.0,200,Sell,227525265
2024-07-31 09:28:36,24450.0,600,Sell,227526281
2024-07-31 09:28:36,24450.0,100,Sell,227526282
2024-07-31 09:28:36,24450.0,300,Sell,227526280
2024-07-31 09:28:42,24450.0,100,Sell,227526417
2024-07-31 09:28:46,24450.0,200,Sell,227526614
2024-07-31 09:28:52,24450.0,1000,Sell,227526800
2024-07-31 09:29:24,24450.0,1200,Sell,227528232
2024-07-31 09:29:25,24450.0,100,Sell,227528254
2024-07-31 09:29:28,24450.0,200,Sell,227528469
2024-07-31 09:29:34,24450.0,800,Sell,227528710
2024-07-31 09:29:34,24450.0,2500,Sell,227528700
2024-07-31 09:29:34,24450.0,6600,Sell,227528698
2024-07-31 09:29:34,24450.0,500,Sell,227528697
2024-07-31 09:29:34,24450.0,100,Sell,227528699
2024-07-31 09:29:42,24450.0,700,Sell,227528928
2024-07-31 09:29:45,24450.0,1200,Sell,227529105
2024-07-31 09:29:45,24450.0,100,Sell,227529107
2024-07-31 09:29:45,24450.0,2000,Sell,227529106
2024-07-31 09:29:45,24450.0,400,Sell,227529104
2024-07-31 09:29:45,24450.0,200,Sell,227529099
2024-07-31 09:29:45,24450.0,5000,Sell,227529102
2024-07-31 09:29:45,24450.0,200,Sell,227529101
2024-07-31 09:29:45,24450.0,500,Sell,227529100
2024-07-31 09:29:45,24450.0,100,Sell,227529103
2024-07-31 09:29:45,24450.0,300,Sell,227529098
2024-07-31 09:29:50,24500.0,2000,Buy,227529250
2024-07-31 09:29:53,24450.0,500,Sell,227529384
2024-07-31 09:29:53,24450.0,5000,Sell,227529397
2024-07-31 09:29:55,24450.0,500,Sell,227529476
2024-07-31 09:30:06,24450.0,1000,Sell,227529924
2024-07-31 09:30:16,24450.0,100,Sell,227530280
2024-07-31 09:30:29,24450.0,2000,Sell,227530955
2024-07-31 09:30:39,24450.0,1900,Sell,227531257
2024-07-31 09:30:39,24450.0,2500,Sell,227531259
2024-07-31 09:30:39,24450.0,800,Sell,227531256
2024-07-31 09:30:39,24450.0,500,Sell,227531258
2024-07-31 09:30:40,24450.0,2000,Sell,227531270
2024-07-31 09:30:42,24450.0,300,Sell,227531319
2024-07-31 09:30:54,24450.0,600,Sell,227531676
2024-07-31 09:30:54,24450.0,100,Sell,227531693
2024-07-31 09:31:02,24450.0,500,Sell,227531911
2024-07-31 09:31:02,24450.0,500,Sell,227531912
2024-07-31 09:31:20,24450.0,3000,Sell,227532428
2024-07-31 09:31:25,24450.0,10000,Sell,227532593
2024-07-31 09:31:30,24450.0,1000,Sell,227532710
2024-07-31 09:31:36,24450.0,100,Sell,227532866
2024-07-31 09:31:37,24450.0,200,Sell,227532880
2024-07-31 09:31:43,24450.0,4000,Sell,227533068
2024-07-31 09:31:46,24450.0,1000,Sell,227533148
2024-07-31 09:31:54,24450.0,2000,Sell,227533352
2024-07-31 09:31:54,24450.0,6600,Sell,227533354
2024-07-31 09:31:54,24450.0,100,Sell,227533353
2024-07-31 09:31:54,24450.0,2000,Sell,227533350
2024-07-31 09:31:54,24450.0,100,Sell,227533351
2024-07-31 09:31:54,24450.0,1200,Sell,227533348
2024-07-31 09:31:54,24450.0,200,Sell,227533344
2024-07-31 09:31:54,24450.0,100,Sell,227533347
2024-07-31 09:31:54,24450.0,300,Sell,227533346
2024-07-31 09:31:54,24450.0,100,Sell,227533345
2024-07-31 09:31:54,24450.0,2300,Sell,227533349
2024-07-31 09:31:59,24450.0,700,Sell,227533507
2024-07-31 09:31:59,24450.0,600,Sell,227533506
2024-07-31 09:31:59,24450.0,100,Sell,227533505
2024-07-31 09:31:59,24450.0,100,Sell,227533503
2024-07-31 09:31:59,24450.0,1000,Sell,227533504
2024-07-31 09:31:59,24450.0,5000,Sell,227533501
2024-07-31 09:31:59,24450.0,500,Sell,227533500
2024-07-31 09:31:59,24450.0,14400,Sell,227533499
2024-07-31 09:31:59,24450.0,5000,Sell,227533492
2024-07-31 09:31:59,24450.0,7600,Sell,227533502
2024-07-31 09:32:10,24450.0,100,Sell,227533865
2024-07-31 09:32:11,24450.0,500,Sell,227533891
2024-07-31 09:32:11,24450.0,200,Sell,227533895
2024-07-31 09:32:11,24450.0,200,Sell,227533894
2024-07-31 09:32:11,24450.0,200,Sell,227533893
2024-07-31 09:32:11,24450.0,1000,Sell,227533892
2024-07-31 09:32:11,24450.0,200,Sell,227533890
2024-07-31 09:32:11,24450.0,100,Sell,227533887
2024-07-31 09:32:11,24450.0,100,Sell,227533888
2024-07-31 09:32:11,24450.0,100,Sell,227533889
2024-07-31 09:32:11,24450.0,1900,Sell,227533874
2024-07-31 09:32:11,24450.0,2100,Sell,227533884
2024-07-31 09:32:11,24450.0,100,Sell,227533873
2024-07-31 09:32:11,24450.0,200,Sell,227533886
2024-07-31 09:32:11,24450.0,100,Sell,227533885
2024-07-31 09:32:22,24450.0,100,Sell,227534218
2024-07-31 09:32:22,24450.0,300,Sell,227534219
2024-07-31 09:32:22,24450.0,600,Sell,227534220
2024-07-31 09:32:28,24450.0,9400,Sell,227534455
2024-07-31 09:32:28,24450.0,600,Sell,227534456
2024-07-31 09:32:45,24450.0,200,Sell,227535189
2024-07-31 09:32:45,24450.0,1400,Sell,227535188
2024-07-31 09:33:04,24500.0,1000,Buy,227535866
2024-07-31 09:33:04,24500.0,100,Buy,227535868
2024-07-31 09:33:04,24500.0,200,Buy,227535869
2024-07-31 09:33:04,24500.0,2000,Buy,227535870
2024-07-31 09:33:04,24500.0,1000,Buy,227535871
2024-07-31 09:33:04,24500.0,200,Buy,227535865
2024-07-31 09:33:04,24500.0,400,Buy,227535872
2024-07-31 09:33:04,24500.0,1000,Buy,227535873
2024-07-31 09:33:04,24500.0,79000,Buy,227535874
2024-07-31 09:33:04,24500.0,200,Buy,227535875
2024-07-31 09:33:04,24500.0,100,Buy,227535867
2024-07-31 09:33:04,24500.0,1000,Buy,227535881
2024-07-31 09:33:04,24500.0,1000,Buy,227535877
2024-07-31 09:33:04,24500.0,100,Buy,227535878
2024-07-31 09:33:04,24500.0,500,Buy,227535879
2024-07-31 09:33:04,24500.0,100,Buy,227535880
2024-07-31 09:33:04,24500.0,100,Buy,227535882
2024-07-31 09:33:04,24500.0,1200,Buy,227535883
2024-07-31 09:33:04,24500.0,400,Buy,227535884
2024-07-31 09:33:04,24500.0,1000,Buy,227535885
2024-07-31 09:33:04,24500.0,100,Buy,227535886
2024-07-31 09:33:04,24500.0,500,Buy,227535887
2024-07-31 09:33:04,24500.0,300,Buy,227535843
2024-07-31 09:33:04,24500.0,200,Buy,227535876
2024-07-31 09:33:04,24500.0,5000,Buy,227535842
2024-07-31 09:33:04,24500.0,100,Buy,227535828
2024-07-31 09:33:04,24500.0,3000,Buy,227535840
2024-07-31 09:33:04,24500.0,4000,Buy,227535841
2024-07-31 09:33:04,24500.0,83400,Buy,227535816
2024-07-31 09:33:04,24500.0,1000,Buy,227535817
2024-07-31 09:33:04,24500.0,14400,Buy,227535818
2024-07-31 09:33:04,24500.0,100,Buy,227535819
2024-07-31 09:33:04,24500.0,14400,Buy,227535820
2024-07-31 09:33:04,24500.0,15000,Buy,227535821
2024-07-31 09:33:04,24500.0,500,Buy,227535822
2024-07-31 09:33:04,24500.0,14400,Buy,227535823
2024-07-31 09:33:04,24500.0,100,Buy,227535824
2024-07-31 09:33:04,24500.0,900,Buy,227535825
2024-07-31 09:33:04,24500.0,2000,Buy,227535826
2024-07-31 09:33:04,24500.0,800,Buy,227535827
2024-07-31 09:33:04,24500.0,1000,Buy,227535829
2024-07-31 09:33:04,24500.0,300,Buy,227535830
2024-07-31 09:33:04,24500.0,300,Buy,227535831
2024-07-31 09:33:04,24500.0,900,Buy,227535832
2024-07-31 09:33:04,24500.0,1000,Buy,227535833
2024-07-31 09:33:04,24500.0,500,Buy,227535834
2024-07-31 09:33:04,24500.0,4500,Buy,227535835
2024-07-31 09:33:04,24500.0,200,Buy,227535836
2024-07-31 09:33:04,24500.0,500,Buy,227535837
2024-07-31 09:33:04,24500.0,300,Buy,227535838
2024-07-31 09:33:04,24500.0,200,Buy,227535839
2024-07-31 09:33:07,24500.0,300,Sell,227535942
2024-07-31 09:33:11,24500.0,400,Sell,227536070
2024-07-31 09:33:12,24500.0,1000,Sell,227536079
2024-07-31 09:33:23,24500.0,2000,Sell,227536364
2024-07-31 09:33:25,24500.0,2000,Sell,227536424
2024-07-31 09:33:28,24500.0,1000,Sell,227536503
2024-07-31 09:33:51,24500.0,2000,Sell,227537162
2024-07-31 09:33:54,24500.0,100,Sell,227537233
2024-07-31 09:33:58,24500.0,2300,Sell,227537388
2024-07-31 09:33:58,24500.0,5000,Sell,227537389
2024-07-31 09:34:07,24500.0,1000,Sell,227537675
2024-07-31 09:34:10,24500.0,14400,Sell,227537859
2024-07-31 09:34:11,24500.0,1000,Sell,227537950
2024-07-31 09:34:11,24500.0,1000,Sell,227537951
2024-07-31 09:34:22,24500.0,1000,Sell,227538333
2024-07-31 09:34:29,24550.0,100,Buy,227538572
2024-07-31 09:34:31,24500.0,200,Sell,227538597
2024-07-31 09:34:34,24500.0,1000,Sell,227538745
2024-07-31 09:35:04,24500.0,900,Sell,227539515
2024-07-31 09:35:07,24500.0,1600,Sell,227539673
2024-07-31 09:35:07,24500.0,1000,Sell,227539681
2024-07-31 09:35:07,24550.0,100,Buy,227539685
2024-07-31 09:35:14,24550.0,1000,Buy,227539893
2024-07-31 09:35:25,24550.0,1000,Buy,227540255
2024-07-31 09:35:32,24500.0,100,Sell,227540492
2024-07-31 09:35:32,24500.0,300,Sell,227540487
2024-07-31 09:35:32,24500.0,600,Sell,227540488
2024-07-31 09:35:32,24500.0,1000,Sell,227540489
2024-07-31 09:35:32,24500.0,500,Sell,227540490
2024-07-31 09:35:32,24500.0,400,Sell,227540491
2024-07-31 09:35:33,24500.0,1200,Sell,227540541
2024-07-31 09:35:34,24550.0,5000,Buy,227540578
2024-07-31 09:35:34,24550.0,2500,Buy,227540597
2024-07-31 09:35:34,24550.0,100,Buy,227540598
2024-07-31 09:35:34,24550.0,1000,Buy,227540599
2024-07-31 09:35:34,24550.0,500,Buy,227540600
2024-07-31 09:35:34,24550.0,100,Buy,227540601
2024-07-31 09:35:34,24550.0,100,Buy,227540602
2024-07-31 09:35:34,24550.0,200,Buy,227540596
2024-07-31 09:35:34,24550.0,1000,Buy,227540603
2024-07-31 09:35:34,24550.0,1000,Buy,227540606
2024-07-31 09:35:34,24550.0,2000,Buy,227540607
2024-07-31 09:35:34,24550.0,3000,Buy,227540608
2024-07-31 09:35:34,24550.0,100,Buy,227540609
2024-07-31 09:35:34,24550.0,100,Buy,227540610
2024-07-31 09:35:34,24550.0,68100,Buy,227540577
2024-07-31 09:35:34,24550.0,1000,Buy,227540604
2024-07-31 09:35:34,24550.0,200,Buy,227540595
2024-07-31 09:35:34,24550.0,200,Buy,227540605
2024-07-31 09:35:34,24550.0,200,Buy,227540593
2024-07-31 09:35:34,24550.0,200,Buy,227540580
2024-07-31 09:35:34,24550.0,100,Buy,227540581
2024-07-31 09:35:34,24550.0,200,Buy,227540582
2024-07-31 09:35:34,24550.0,2000,Buy,227540583
2024-07-31 09:35:34,24550.0,1800,Buy,227540584
2024-07-31 09:35:34,24550.0,1000,Buy,227540585
2024-07-31 09:35:34,24550.0,200,Buy,227540579
2024-07-31 09:35:34,24550.0,300,Buy,227540587
2024-07-31 09:35:34,24550.0,500,Buy,227540588
2024-07-31 09:35:34,24550.0,1000,Buy,227540589
2024-07-31 09:35:34,24550.0,1800,Buy,227540590
2024-07-31 09:35:34,24550.0,1000,Buy,227540591
2024-07-31 09:35:34,24550.0,300,Buy,227540592
2024-07-31 09:35:34,24550.0,100,Buy,227540586
2024-07-31 09:35:34,24550.0,2000,Buy,227540594
2024-07-31 09:35:44,24550.0,100,Sell,227540971
2024-07-31 09:35:53,24550.0,9200,Sell,227541238
2024-07-31 09:35:53,24550.0,200,Sell,227541243
2024-07-31 09:35:53,24550.0,2000,Sell,227541236
2024-07-31 09:35:53,24550.0,700,Sell,227541235
2024-07-31 09:35:53,24550.0,300,Sell,227541221
2024-07-31 09:35:53,24550.0,100,Sell,227541237
2024-07-31 09:35:58,24550.0,200,Sell,227541328
2024-07-31 09:36:04,24550.0,400,Sell,227541462
2024-07-31 09:36:04,24550.0,300,Sell,227541463
2024-07-31 09:36:04,24550.0,10000,Sell,227541464
2024-07-31 09:36:04,24550.0,1000,Sell,227541465
2024-07-31 09:36:04,24550.0,5000,Sell,227541466
2024-07-31 09:36:06,24550.0,400,Buy,227541501
2024-07-31 09:36:08,24550.0,1900,Buy,227541542
2024-07-31 09:36:08,24550.0,1000,Buy,227541541
2024-07-31 09:36:15,24550.0,1000,Sell,227541789
2024-07-31 09:36:23,24550.0,800,Sell,227542064
2024-07-31 09:36:40,24550.0,1000,Sell,227542528
2024-07-31 09:36:40,24550.0,200,Sell,227542531
2024-07-31 09:36:40,24550.0,1000,Sell,227542530
2024-07-31 09:36:40,24550.0,1000,Sell,227542527
2024-07-31 09:36:40,24550.0,1400,Sell,227542529
2024-07-31 09:36:40,24550.0,11000,Sell,227542525
2024-07-31 09:36:40,24550.0,200,Sell,227542526
2024-07-31 09:36:40,24550.0,200,Sell,227542523
2024-07-31 09:36:40,24550.0,6300,Sell,227542522
2024-07-31 09:36:40,24550.0,100,Sell,227542524
2024-07-31 09:36:46,24550.0,100,Buy,227542707
2024-07-31 09:36:48,24550.0,2000,Buy,227542780
2024-07-31 09:36:48,24550.0,500,Buy,227542792
2024-07-31 09:36:51,24550.0,200,Buy,227542857
2024-07-31 09:36:54,24550.0,100,Buy,227542943
2024-07-31 09:36:56,24550.0,500,Buy,227542999
2024-07-31 09:37:08,24550.0,700,Buy,227543298
2024-07-31 09:37:08,24550.0,200,Buy,227543317
2024-07-31 09:37:09,24550.0,1000,Buy,227543349
2024-07-31 09:37:10,24550.0,1000,Buy,227543385
2024-07-31 09:37:18,24550.0,4000,Buy,227543586
2024-07-31 09:37:18,24550.0,1000,Buy,227543587
2024-07-31 09:37:20,24550.0,2000,Buy,227543633
2024-07-31 09:37:25,24550.0,10000,Buy,227543744
2024-07-31 09:37:27,24550.0,4300,Buy,227543826
2024-07-31 09:37:27,24550.0,2000,Buy,227543827
2024-07-31 09:37:27,24550.0,300,Buy,227543828
2024-07-31 09:37:27,24550.0,13400,Buy,227543829
2024-07-31 09:37:27,24550.0,900,Buy,227543852
2024-07-31 09:37:30,24550.0,100,Buy,227543921
2024-07-31 09:37:30,24550.0,1000,Buy,227543920
2024-07-31 09:37:30,24550.0,15700,Buy,227543919
2024-07-31 09:37:42,24550.0,500,Sell,227544349
2024-07-31 09:37:44,24600.0,5000,Buy,227544410
2024-07-31 09:37:53,24600.0,100,Buy,227544592
2024-07-31 09:37:54,24600.0,6000,Buy,227544626
2024-07-31 09:38:00,24600.0,1000,Buy,227544823
2024-07-31 09:38:00,24600.0,1000,Buy,227544822
2024-07-31 09:38:00,24600.0,1000,Buy,227544821
2024-07-31 09:38:00,24600.0,1000,Buy,227544820
2024-07-31 09:38:00,24600.0,1700,Buy,227544819
2024-07-31 09:38:00,24600.0,100,Buy,227544818
2024-07-31 09:38:00,24600.0,100,Buy,227544816
2024-07-31 09:38:00,24600.0,100,Buy,227544824
2024-07-31 09:38:00,24600.0,1000,Buy,227544815
2024-07-31 09:38:00,24600.0,300,Buy,227544814
2024-07-31 09:38:00,24600.0,200,Buy,227544813
2024-07-31 09:38:00,24600.0,500,Buy,227544812
2024-07-31 09:38:00,24600.0,300,Buy,227544817
2024-07-31 09:38:00,24600.0,300,Buy,227544825
2024-07-31 09:38:00,24600.0,400,Buy,227544839
2024-07-31 09:38:00,24600.0,500,Buy,227544827
2024-07-31 09:38:00,24600.0,1500,Buy,227544828
2024-07-31 09:38:00,24600.0,200,Buy,227544829
2024-07-31 09:38:00,24600.0,100,Buy,227544830
2024-07-31 09:38:00,24600.0,100,Buy,227544831
2024-07-31 09:38:00,24600.0,100,Buy,227544832
2024-07-31 09:38:00,24600.0,1000,Buy,227544833
2024-07-31 09:38:00,24600.0,200,Buy,227544834
2024-07-31 09:38:00,24600.0,8600,Buy,227544835
2024-07-31 09:38:00,24600.0,500,Buy,227544837
2024-07-31 09:38:00,24600.0,100,Buy,227544838
2024-07-31 09:38:00,24600.0,10000,Buy,227544840
2024-07-31 09:38:00,24600.0,300,Buy,227544811
2024-07-31 09:38:00,24600.0,500,Buy,227544826
2024-07-31 09:38:00,24600.0,500,Buy,227544810
2024-07-31 09:38:00,24600.0,300,Buy,227544836
2024-07-31 09:38:00,24600.0,5000,Buy,227544808
2024-07-31 09:38:00,24600.0,1000,Buy,227544780
2024-07-31 09:38:00,24600.0,2000,Buy,227544781
2024-07-31 09:38:00,24600.0,500,Buy,227544782
2024-07-31 09:38:00,24600.0,4000,Buy,227544783
2024-07-31 09:38:00,24600.0,23400,Buy,227544779
2024-07-31 09:38:00,24600.0,100,Buy,227544784
2024-07-31 09:38:00,24600.0,200,Buy,227544785
2024-07-31 09:38:00,24600.0,1000,Buy,227544786
2024-07-31 09:38:00,24600.0,600,Buy,227544787
2024-07-31 09:38:00,24600.0,100,Buy,227544788
2024-07-31 09:38:00,24600.0,1000,Buy,227544789
2024-07-31 09:38:00,24600.0,2000,Buy,227544790
2024-07-31 09:38:00,24600.0,100,Buy,227544791
2024-07-31 09:38:00,24600.0,300,Buy,227544792
2024-07-31 09:38:00,24600.0,10000,Buy,227544793
2024-07-31 09:38:00,24600.0,500,Buy,227544794
2024-07-31 09:38:00,24600.0,500,Buy,227544795
2024-07-31 09:38:00,24600.0,1000,Buy,227544796
2024-07-31 09:38:00,24600.0,20000,Buy,227544797
2024-07-31 09:38:00,24600.0,1000,Buy,227544798
2024-07-31 09:38:00,24600.0,300,Buy,227544799
2024-07-31 09:38:00,24600.0,500,Buy,227544800
2024-07-31 09:38:00,24600.0,100,Buy,227544801
2024-07-31 09:38:00,24600.0,200,Buy,227544802
2024-07-31 09:38:00,24600.0,1000,Buy,227544803
2024-07-31 09:38:00,24600.0,1000,Buy,227544804
2024-07-31 09:38:00,24600.0,1000,Buy,227544805
2024-07-31 09:38:00,24600.0,2100,Buy,227544806
2024-07-31 09:38:00,24600.0,1000,Buy,227544807
2024-07-31 09:38:00,24600.0,100,Buy,227544809
2024-07-31 09:38:01,24600.0,1500,Sell,227544888
2024-07-31 09:38:03,24600.0,200,Sell,227544943
2024-07-31 09:38:04,24600.0,100,Sell,227544964
2024-07-31 09:38:10,24600.0,100,Sell,227545139
2024-07-31 09:38:13,24650.0,500,Buy,227545246
2024-07-31 09:38:13,24650.0,400,Buy,227545247
2024-07-31 09:38:13,24650.0,1000,Buy,227545248
2024-07-31 09:38:13,24650.0,1000,Buy,227545249
2024-07-31 09:38:13,24650.0,7200,Buy,227545250
2024-07-31 09:38:13,24650.0,1000,Buy,227545251
2024-07-31 09:38:13,24650.0,600,Buy,227545252
2024-07-31 09:38:13,24650.0,1000,Buy,227545253
2024-07-31 09:38:13,24650.0,400,Buy,227545254
2024-07-31 09:38:13,24650.0,5000,Buy,227545255
2024-07-31 09:38:13,24650.0,500,Buy,227545256
2024-07-31 09:38:13,24650.0,300,Buy,227545257
2024-07-31 09:38:13,24650.0,1500,Buy,227545258
2024-07-31 09:38:13,24650.0,100,Buy,227545262
2024-07-31 09:38:13,24650.0,500,Buy,227545264
2024-07-31 09:38:13,24650.0,200,Buy,227545265
2024-07-31 09:38:13,24650.0,1000,Buy,227545266
2024-07-31 09:38:13,24650.0,1500,Buy,227545267
2024-07-31 09:38:13,24650.0,500,Buy,227545245
2024-07-31 09:38:13,24650.0,8900,Buy,227545269
2024-07-31 09:38:13,24650.0,200,Buy,227545270
2024-07-31 09:38:13,24650.0,200,Buy,227545271
2024-07-31 09:38:13,24650.0,10000,Buy,227545272
2024-07-31 09:38:13,24650.0,500,Buy,227545273
2024-07-31 09:38:13,24650.0,1000,Buy,227545274
2024-07-31 09:38:13,24650.0,1000,Buy,227545275
2024-07-31 09:38:13,24650.0,1000,Buy,227545276
2024-07-31 09:38:13,24650.0,1000,Buy,227545263
2024-07-31 09:38:13,24650.0,800,Buy,227545244
2024-07-31 09:38:13,24650.0,100,Buy,227545268
2024-07-31 09:38:13,24650.0,800,Buy,227545242
2024-07-31 09:38:13,24650.0,400,Buy,227545211
2024-07-31 09:38:13,24650.0,500,Buy,227545212
2024-07-31 09:38:13,24650.0,100,Buy,227545214
2024-07-31 09:38:13,24650.0,10000,Buy,227545215
2024-07-31 09:38:13,24650.0,500,Buy,227545216
2024-07-31 09:38:13,24650.0,200,Buy,227545217
2024-07-31 09:38:13,24650.0,500,Buy,227545218
2024-07-31 09:38:13,24650.0,500,Buy,227545219
2024-07-31 09:38:13,24650.0,40000,Buy,227545220
2024-07-31 09:38:13,24650.0,500,Buy,227545221
2024-07-31 09:38:13,24650.0,100,Buy,227545222
2024-07-31 09:38:13,24650.0,500,Buy,227545223
2024-07-31 09:38:13,24650.0,5000,Buy,227545224
2024-07-31 09:38:13,24650.0,5000,Buy,227545213
2024-07-31 09:38:13,24650.0,100,Buy,227545226
2024-07-31 09:38:13,24650.0,300,Buy,227545225
2024-07-31 09:38:13,24650.0,500,Buy,227545241
2024-07-31 09:38:13,24650.0,200,Buy,227545240
2024-07-31 09:38:13,24650.0,200,Buy,227545239
2024-07-31 09:38:13,24650.0,100,Buy,227545238
2024-07-31 09:38:13,24650.0,300,Buy,227545234
2024-07-31 09:38:13,24650.0,500,Buy,227545243
2024-07-31 09:38:13,24650.0,100,Buy,227545232
2024-07-31 09:38:13,24650.0,100,Buy,227545231
2024-07-31 09:38:13,24650.0,200,Buy,227545230
2024-07-31 09:38:13,24650.0,500,Buy,227545229
2024-07-31 09:38:13,24650.0,100,Buy,227545228
2024-07-31 09:38:13,24650.0,4000,Buy,227545233
2024-07-31 09:38:13,24650.0,400,Buy,227545227
2024-07-31 09:38:20,24650.0,1000,Sell,227545542
2024-07-31 09:38:23,24700.0,2400,Buy,227545620
2024-07-31 09:38:23,24700.0,500,Buy,227545618
2024-07-31 09:38:23,24700.0,100,Buy,227545617
2024-07-31 09:38:23,24700.0,1000,Buy,227545619
2024-07-31 09:38:23,24700.0,100,Buy,227545614
2024-07-31 09:38:23,24700.0,500,Buy,227545616
2024-07-31 09:38:23,24700.0,100,Buy,227545615
2024-07-31 09:38:23,24700.0,200,Buy,227545613
2024-07-31 09:38:23,24700.0,100,Buy,227545612
2024-07-31 09:38:24,24700.0,1000,Buy,227545654
2024-07-31 09:38:27,24650.0,1000,Sell,227545755
2024-07-31 09:38:31,24650.0,1000,Sell,227545899
2024-07-31 09:38:33,24650.0,100,Sell,227545966
2024-07-31 09:38:36,24700.0,500,Buy,227546030
2024-07-31 09:38:37,24650.0,300,Sell,227546071
2024-07-31 09:38:37,24650.0,5800,Sell,227546064
2024-07-31 09:38:37,24650.0,2300,Sell,227546065
2024-07-31 09:38:37,24650.0,100,Sell,227546066
2024-07-31 09:38:37,24650.0,100,Sell,227546067
2024-07-31 09:38:37,24650.0,5000,Sell,227546068
2024-07-31 09:38:37,24650.0,2600,Sell,227546069
2024-07-31 09:38:37,24650.0,1200,Sell,227546070
2024-07-31 09:38:39,24650.0,200,Buy,227546128
2024-07-31 09:38:39,24600.0,1300,Sell,227546129
2024-07-31 09:38:41,24650.0,200,Buy,227546182
2024-07-31 09:38:41,24650.0,300,Buy,227546189
2024-07-31 09:38:44,24650.0,200,Buy,227546272
2024-07-31 09:38:46,24650.0,10000,Buy,227546306
2024-07-31 09:38:46,24650.0,8500,Buy,227546323
2024-07-31 09:38:46,24650.0,1500,Buy,227546324
2024-07-31 09:38:49,24650.0,1000,Buy,227546447
2024-07-31 09:38:50,24650.0,500,Buy,227546468
2024-07-31 09:38:50,24650.0,500,Buy,227546469
2024-07-31 09:38:50,24650.0,1500,Buy,227546470
2024-07-31 09:38:50,24650.0,200,Buy,227546471
2024-07-31 09:38:50,24650.0,100,Sell,227546484
2024-07-31 09:38:53,24700.0,500,Buy,227546555
2024-07-31 09:38:58,24650.0,1700,Sell,227546695
2024-07-31 09:38:59,24650.0,400,Sell,227546710
2024-07-31 09:38:59,24650.0,3100,Buy,227546725
2024-07-31 09:38:59,24650.0,1500,Sell,227546709
2024-07-31 09:39:00,24700.0,500,Buy,227546754
2024-07-31 09:39:00,24700.0,100,Buy,227546759
2024-07-31 09:39:00,24700.0,400,Buy,227546760
2024-07-31 09:39:04,24650.0,500,Sell,227546911
2024-07-31 09:39:06,24650.0,1000,Sell,227547067
2024-07-31 09:39:08,24700.0,3000,Buy,227547121
2024-07-31 09:39:13,24700.0,200,Buy,227547272
2024-07-31 09:39:14,24650.0,200,Sell,227547307
2024-07-31 09:39:19,24700.0,600,Buy,227547441
2024-07-31 09:39:19,24700.0,1400,Buy,227547439
2024-07-31 09:39:19,24700.0,1000,Buy,227547440
2024-07-31 09:39:20,24650.0,200,Sell,227547467
2024-07-31 09:39:23,24700.0,400,Buy,227547542
2024-07-31 09:39:23,24700.0,1000,Buy,227547554
2024-07-31 09:39:25,24650.0,2000,Sell,227547643
2024-07-31 09:39:26,24700.0,500,Buy,227547672
2024-07-31 09:39:29,24700.0,1000,Buy,227547739
2024-07-31 09:39:30,24650.0,200,Sell,227547784
2024-07-31 09:39:30,24700.0,600,Buy,227547779
2024-07-31 09:39:30,24700.0,100,Buy,227547778
2024-07-31 09:39:30,24700.0,100,Buy,227547777
2024-07-31 09:39:30,24700.0,200,Buy,227547776
2024-07-31 09:39:30,24700.0,3000,Buy,227547775
2024-07-31 09:39:30,24700.0,500,Buy,227547773
2024-07-31 09:39:30,24700.0,500,Buy,227547772
2024-07-31 09:39:30,24700.0,2000,Buy,227547771
2024-07-31 09:39:30,24700.0,1600,Buy,227547770
2024-07-31 09:39:30,24700.0,100,Buy,227547769
2024-07-31 09:39:30,24700.0,500,Buy,227547768
2024-07-31 09:39:30,24700.0,800,Buy,227547774
2024-07-31 09:39:31,24650.0,1500,Sell,227547818
2024-07-31 09:39:33,24700.0,100,Buy,227547895
2024-07-31 09:39:33,24700.0,7500,Buy,227547896
2024-07-31 09:39:33,24700.0,1000,Buy,227547894
2024-07-31 09:39:33,24700.0,400,Buy,227547890
2024-07-31 09:39:33,24700.0,100,Buy,227547892
2024-07-31 09:39:33,24700.0,400,Buy,227547893
2024-07-31 09:39:33,24700.0,2000,Buy,227547891
2024-07-31 09:39:37,24700.0,200,Buy,227548016
2024-07-31 09:39:37,24700.0,100,Buy,227548021
2024-07-31 09:39:38,24700.0,10000,Buy,227548110
2024-07-31 09:39:39,24700.0,500,Buy,227548171
2024-07-31 09:39:40,24650.0,400,Sell,227548180
2024-07-31 09:39:41,24700.0,100,Buy,227548230
2024-07-31 09:39:42,24700.0,300,Buy,227548239
2024-07-31 09:39:42,24700.0,4700,Buy,227548249
2024-07-31 09:39:42,24650.0,1000,Sell,227548257
2024-07-31 09:39:43,24700.0,10000,Buy,227548261
2024-07-31 09:39:43,24700.0,800,Buy,227548266
2024-07-31 09:39:44,24650.0,700,Sell,227548294
2024-07-31 09:39:44,24700.0,1000,Buy,227548282
2024-07-31 09:39:44,24700.0,500,Buy,227548289
2024-07-31 09:39:47,24700.0,200,Buy,227548437
2024-07-31 09:39:47,24700.0,500,Buy,227548454
2024-07-31 09:39:47,24700.0,500,Buy,227548453
2024-07-31 09:39:47,24700.0,3000,Buy,227548452
2024-07-31 09:39:47,24700.0,300,Buy,227548451
2024-07-31 09:39:47,24700.0,1000,Buy,227548450
2024-07-31 09:39:47,24700.0,2700,Buy,227548441
2024-07-31 09:39:47,24700.0,10000,Buy,227548440
2024-07-31 09:39:47,24700.0,500,Buy,227548439
2024-07-31 09:39:47,24700.0,100,Buy,227548438
2024-07-31 09:39:47,24700.0,100,Buy,227548436
2024-07-31 09:39:47,24700.0,500,Buy,227548449
2024-07-31 09:39:47,24700.0,200,Buy,227548434
2024-07-31 09:39:47,24700.0,100,Buy,227548435
2024-07-31 09:39:47,24700.0,4300,Buy,227548423
2024-07-31 09:39:47,24700.0,1000,Buy,227548424
2024-07-31 09:39:47,24700.0,500,Buy,227548425
2024-07-31 09:39:47,24700.0,200,Buy,227548426
2024-07-31 09:39:47,24700.0,2000,Buy,227548427
2024-07-31 09:39:47,24700.0,500,Buy,227548448
2024-07-31 09:39:47,24700.0,10000,Buy,227548429
2024-07-31 09:39:47,24700.0,500,Buy,227548430
2024-07-31 09:39:47,24700.0,100,Buy,227548431
2024-07-31 09:39:47,24700.0,100,Buy,227548432
2024-07-31 09:39:47,24700.0,1000,Buy,227548428
2024-07-31 09:39:47,24700.0,100,Buy,227548433
2024-07-31 09:39:49,24700.0,1000,Buy,227548525
2024-07-31 09:39:49,24700.0,2800,Buy,227548531
2024-07-31 09:39:49,24700.0,200,Buy,227548530
2024-07-31 09:39:49,24700.0,500,Buy,227548529
2024-07-31 09:39:49,24700.0,500,Buy,227548528
2024-07-31 09:39:49,24700.0,200,Buy,227548527
2024-07-31 09:39:49,24700.0,100,Buy,227548526
2024-07-31 09:39:49,24700.0,1000,Buy,227548524
2024-07-31 09:39:49,24700.0,100,Buy,227548521
2024-07-31 09:39:49,24700.0,2000,Buy,227548522
2024-07-31 09:39:49,24700.0,1000,Buy,227548520
2024-07-31 09:39:49,24700.0,500,Buy,227548519
2024-07-31 09:39:49,24700.0,800,Buy,227548503
2024-07-31 09:39:49,24700.0,500,Buy,227548502
2024-07-31 09:39:49,24700.0,100,Buy,227548501
2024-07-31 09:39:49,24700.0,600,Buy,227548500
2024-07-31 09:39:49,24700.0,900,Buy,227548496
2024-07-31 09:39:49,24700.0,100,Buy,227548523
2024-07-31 09:39:50,24700.0,5000,Buy,227548549
2024-07-31 09:39:50,24700.0,2000,Buy,227548543
2024-07-31 09:39:50,24700.0,300,Buy,227548542
2024-07-31 09:39:50,24700.0,7200,Buy,227548538
2024-07-31 09:39:50,24700.0,200,Buy,227548540
2024-07-31 09:39:50,24700.0,200,Buy,227548539
2024-07-31 09:39:50,24700.0,100,Buy,227548541
2024-07-31 09:39:51,24650.0,900,Sell,227548576
2024-07-31 09:39:51,24650.0,1000,Sell,227548575
2024-07-31 09:39:51,24650.0,5000,Sell,227548574
2024-07-31 09:39:51,24650.0,500,Sell,227548572
2024-07-31 09:39:51,24700.0,500,Buy,227548570
2024-07-31 09:39:51,24650.0,1000,Sell,227548573
2024-07-31 09:39:51,24650.0,1600,Sell,227548571
2024-07-31 09:39:52,24700.0,400,Buy,227548619
2024-07-31 09:39:52,24700.0,4600,Buy,227548618
2024-07-31 09:39:52,24700.0,400,Buy,227548604
2024-07-31 09:39:52,24700.0,100,Buy,227548606
2024-07-31 09:39:52,24700.0,100,Buy,227548605
2024-07-31 09:39:52,24700.0,300,Buy,227548607
2024-07-31 09:39:53,24700.0,200,Buy,227548626
2024-07-31 09:39:53,24700.0,7400,Buy,227548658
2024-07-31 09:39:53,24700.0,100,Buy,227548659
2024-07-31 09:39:53,24700.0,2500,Buy,227548660
2024-07-31 09:39:54,24700.0,300,Buy,227548695
2024-07-31 09:39:54,24700.0,1000,Buy,227548694
2024-07-31 09:39:54,24700.0,500,Buy,227548696
2024-07-31 09:39:54,24700.0,6400,Buy,227548692
2024-07-31 09:39:54,24700.0,900,Buy,227548693
2024-07-31 09:39:54,24700.0,100,Buy,227548663
2024-07-31 09:39:55,24700.0,300,Sell,227548730
2024-07-31 09:39:56,24700.0,10000,Sell,227548733
2024-07-31 09:39:58,24700.0,500,Sell,227548797
2024-07-31 09:39:59,24750.0,100,Buy,227548806
2024-07-31 09:39:59,24750.0,100,Buy,227548807
2024-07-31 09:39:59,24750.0,100,Buy,227548808
2024-07-31 09:39:59,24750.0,700,Buy,227548809
2024-07-31 09:40:00,24700.0,100,Sell,227548881
2024-07-31 09:40:02,24700.0,100,Sell,227548929
2024-07-31 09:40:02,24700.0,1000,Sell,227548973
2024-07-31 09:40:05,24700.0,300,Sell,227549120
2024-07-31 09:40:07,24750.0,500,Buy,227549196
2024-07-31 09:40:07,24750.0,700,Buy,227549197
2024-07-31 09:40:07,24750.0,800,Buy,227549198
2024-07-31 09:40:14,24750.0,900,Buy,227549429
2024-07-31 09:40:14,24750.0,500,Buy,227549428
2024-07-31 09:40:14,24750.0,100,Buy,227549426
2024-07-31 09:40:14,24750.0,300,Buy,227549427
2024-07-31 09:40:14,24750.0,3200,Buy,227549425
2024-07-31 09:40:15,24750.0,500,Buy,227549459
2024-07-31 09:40:17,24750.0,1200,Buy,227549524
2024-07-31 09:40:17,24750.0,4500,Buy,227549543
2024-07-31 09:40:19,24700.0,2700,Sell,227549580
2024-07-31 09:40:22,24700.0,500,Sell,227549665
2024-07-31 09:40:23,24750.0,6300,Buy,227549689
2024-07-31 09:40:29,24700.0,200,Sell,227549892
2024-07-31 09:40:30,24750.0,2000,Buy,227549904
2024-07-31 09:40:30,24750.0,200,Buy,227549911
2024-07-31 09:40:31,24700.0,3000,Sell,227549927
2024-07-31 09:40:39,24750.0,100,Buy,227550178
2024-07-31 09:40:40,24700.0,500,Sell,227550186
2024-07-31 09:40:41,24750.0,500,Buy,227550239
2024-07-31 09:40:41,24750.0,2000,Buy,227550206
2024-07-31 09:40:42,24700.0,200,Sell,227550258
2024-07-31 09:40:43,24700.0,900,Sell,227550312
2024-07-31 09:40:44,24700.0,500,Sell,227550361
2024-07-31 09:40:45,24750.0,1000,Buy,227550386
2024-07-31 09:40:48,24700.0,900,Sell,227550488
2024-07-31 09:40:53,24700.0,100,Sell,227550628
2024-07-31 09:40:55,24750.0,2000,Buy,227550724
2024-07-31 09:40:56,24750.0,1500,Buy,227550779
2024-07-31 09:40:56,24700.0,300,Sell,227550780
2024-07-31 09:40:59,24750.0,2300,Buy,227550864
2024-07-31 09:40:59,24750.0,100,Buy,227550865
2024-07-31 09:40:59,24750.0,600,Buy,227550866
2024-07-31 09:41:01,24700.0,100,Sell,227550996
2024-07-31 09:41:04,24700.0,1500,Sell,227551091
2024-07-31 09:41:05,24750.0,400,Buy,227551103
2024-07-31 09:41:05,24750.0,5100,Buy,227551104
2024-07-31 09:41:05,24700.0,1000,Sell,227551128
2024-07-31 09:41:08,24750.0,2000,Buy,227551216
2024-07-31 09:41:14,24700.0,1000,Sell,227551467
2024-07-31 09:41:14,24700.0,100,Sell,227551450
2024-07-31 09:41:15,24700.0,7600,Sell,227551520
2024-07-31 09:41:19,24750.0,2900,Buy,227551636
2024-07-31 09:41:19,24750.0,7100,Buy,227551637
2024-07-31 09:41:20,24700.0,300,Sell,227551675
2024-07-31 09:41:21,24700.0,5000,Sell,227551707
2024-07-31 09:41:21,24700.0,200,Sell,227551708
2024-07-31 09:41:21,24700.0,500,Sell,227551709
2024-07-31 09:41:21,24700.0,1000,Sell,227551710
2024-07-31 09:41:21,24700.0,10000,Sell,227551711
2024-07-31 09:41:21,24700.0,1000,Sell,227551712
2024-07-31 09:41:21,24700.0,700,Sell,227551715
2024-07-31 09:41:21,24700.0,600,Sell,227551714
2024-07-31 09:41:21,24700.0,2500,Sell,227551706
2024-07-31 09:41:21,24700.0,1000,Sell,227551716
2024-07-31 09:41:21,24700.0,500,Sell,227551717
2024-07-31 09:41:21,24700.0,4000,Sell,227551718
2024-07-31 09:41:21,24700.0,500,Sell,227551713
2024-07-31 09:41:21,24700.0,500,Sell,227551705
2024-07-31 09:41:21,24700.0,1000,Sell,227551703
2024-07-31 09:41:21,24700.0,500,Sell,227551694
2024-07-31 09:41:21,24700.0,500,Sell,227551702
2024-07-31 09:41:21,24700.0,700,Sell,227551701
2024-07-31 09:41:21,24700.0,4000,Sell,227551700
2024-07-31 09:41:21,24700.0,5000,Sell,227551699
2024-07-31 09:41:21,24700.0,5000,Sell,227551698
2024-07-31 09:41:21,24700.0,2000,Sell,227551697
2024-07-31 09:41:21,24700.0,200,Sell,227551696
2024-07-31 09:41:21,24700.0,10000,Sell,227551695
2024-07-31 09:41:21,24700.0,300,Sell,227551704
2024-07-31 09:41:21,24700.0,100,Sell,227551693
2024-07-31 09:41:21,24700.0,10000,Sell,227551692
2024-07-31 09:41:21,24700.0,3000,Sell,227551691
2024-07-31 09:41:21,24700.0,4700,Sell,227551690
2024-07-31 09:41:21,24700.0,1000,Sell,227551685
2024-07-31 09:41:23,24700.0,500,Sell,227551800
2024-07-31 09:41:23,24700.0,5000,Sell,227551799
2024-07-31 09:41:23,24700.0,200,Buy,227551813
2024-07-31 09:41:23,24700.0,300,Sell,227551798
2024-07-31 09:41:23,24700.0,1000,Sell,227551792
2024-07-31 09:41:23,24700.0,500,Sell,227551796
2024-07-31 09:41:23,24700.0,2000,Sell,227551795
2024-07-31 09:41:23,24700.0,2000,Sell,227551794
2024-07-31 09:41:23,24700.0,3000,Sell,227551793
2024-07-31 09:41:23,24700.0,100,Sell,227551797
2024-07-31 09:41:24,24700.0,700,Buy,227551840
2024-07-31 09:41:24,24700.0,4700,Buy,227551855
2024-07-31 09:41:24,24700.0,500,Sell,227551874
2024-07-31 09:41:26,24700.0,4300,Sell,227551903
2024-07-31 09:41:28,24700.0,1600,Buy,227551948
2024-07-31 09:41:28,24700.0,100,Buy,227551949
2024-07-31 09:41:28,24700.0,8300,Sell,227551950
2024-07-31 09:41:29,24700.0,100,Buy,227551987
2024-07-31 09:41:33,24700.0,4000,Buy,227552105
2024-07-31 09:41:33,24700.0,2000,Buy,227552114
2024-07-31 09:41:35,24700.0,200,Buy,227552146
2024-07-31 09:41:36,24700.0,100,Buy,227552208
2024-07-31 09:41:36,24700.0,100,Buy,227552197
2024-07-31 09:41:40,24700.0,100,Buy,227552320
2024-07-31 09:41:42,24700.0,100,Buy,227552385
2024-07-31 09:41:43,24700.0,200,Buy,227552458
2024-07-31 09:41:44,24700.0,2000,Buy,227552469
2024-07-31 09:41:45,24700.0,300,Buy,227552486
2024-07-31 09:41:48,24700.0,500,Buy,227552592
2024-07-31 09:41:48,24700.0,500,Buy,227552593
2024-07-31 09:41:48,24700.0,9000,Buy,227552594
2024-07-31 09:41:49,24700.0,1000,Buy,227552600
2024-07-31 09:41:49,24700.0,500,Buy,227552622
2024-07-31 09:41:49,24700.0,1500,Buy,227552623
2024-07-31 09:41:50,24650.0,200,Sell,227552680
2024-07-31 09:41:50,24650.0,100,Sell,227552678
2024-07-31 09:41:50,24650.0,200,Sell,227552679
2024-07-31 09:41:55,24650.0,800,Sell,227552819
2024-07-31 09:41:55,24650.0,10000,Sell,227552820
2024-07-31 09:41:55,24650.0,100,Sell,227552821
2024-07-31 09:41:55,24650.0,3500,Sell,227552822
2024-07-31 09:41:56,24700.0,200,Buy,227552848
2024-07-31 09:41:57,24700.0,2000,Buy,227552900
2024-07-31 09:42:01,24700.0,200,Buy,227553042
2024-07-31 09:42:01,24700.0,2800,Buy,227553043
2024-07-31 09:42:05,24700.0,3000,Buy,227553154
2024-07-31 09:42:05,24700.0,2200,Buy,227553151
2024-07-31 09:42:05,24700.0,200,Buy,227553152
2024-07-31 09:42:05,24700.0,1600,Buy,227553153
2024-07-31 09:42:06,24700.0,400,Buy,227553181
2024-07-31 09:42:06,24700.0,600,Buy,227553182
2024-07-31 09:42:11,24700.0,100,Buy,227553367
2024-07-31 09:42:19,24650.0,35400,Sell,227553547
2024-07-31 09:42:19,24650.0,2000,Sell,227553546
2024-07-31 09:42:19,24700.0,500,Buy,227553563
2024-07-31 09:42:19,24650.0,300,Sell,227553544
2024-07-31 09:42:19,24650.0,300,Sell,227553543
2024-07-31 09:42:19,24650.0,1500,Sell,227553542
2024-07-31 09:42:19,24650.0,500,Sell,227553545
2024-07-31 09:42:21,24700.0,2000,Buy,227553616
2024-07-31 09:42:22,24700.0,200,Buy,227553715
2024-07-31 09:42:32,24700.0,100,Buy,227553928
2024-07-31 09:42:34,24700.0,3000,Buy,227553984
2024-07-31 09:42:34,24650.0,2900,Sell,227553968
2024-07-31 09:42:34,24650.0,100,Sell,227553967
2024-07-31 09:42:34,24650.0,4600,Sell,227553966
2024-07-31 09:42:37,24650.0,1600,Sell,227554117
2024-07-31 09:42:38,24650.0,100,Sell,227554164
2024-07-31 09:42:38,24650.0,20000,Sell,227554165
2024-07-31 09:42:38,24650.0,10200,Sell,227554163
2024-07-31 09:42:38,24650.0,5000,Sell,227554166
2024-07-31 09:42:38,24650.0,500,Sell,227554167
2024-07-31 09:42:38,24650.0,100,Sell,227554179
2024-07-31 09:42:38,24650.0,2000,Sell,227554169
2024-07-31 09:42:38,24650.0,7000,Sell,227554170
2024-07-31 09:42:38,24650.0,9300,Sell,227554171
2024-07-31 09:42:38,24650.0,5000,Sell,227554162
2024-07-31 09:42:38,24650.0,2000,Sell,227554168
2024-07-31 09:42:38,24650.0,3200,Sell,227554161
2024-07-31 09:42:38,24650.0,1000,Sell,227554150
2024-07-31 09:42:38,24650.0,500,Sell,227554158
2024-07-31 09:42:38,24650.0,900,Sell,227554157
2024-07-31 09:42:38,24650.0,100,Sell,227554156
2024-07-31 09:42:38,24650.0,600,Sell,227554155
2024-07-31 09:42:38,24650.0,500,Sell,227554154
2024-07-31 09:42:38,24650.0,10000,Sell,227554153
2024-07-31 09:42:38,24650.0,800,Sell,227554152
2024-07-31 09:42:38,24650.0,100,Sell,227554151
2024-07-31 09:42:38,24650.0,500,Sell,227554149
2024-07-31 09:42:38,24650.0,200,Sell,227554148
2024-07-31 09:42:38,24650.0,500,Sell,227554147
2024-07-31 09:42:38,24650.0,20000,Sell,227554159
2024-07-31 09:42:41,24700.0,5200,Buy,227554235
2024-07-31 09:42:43,24700.0,500,Buy,227554305
2024-07-31 09:42:46,24650.0,600,Sell,227554376
2024-07-31 09:42:46,24650.0,1400,Sell,227554377
2024-07-31 09:42:47,24650.0,600,Sell,227554419
2024-07-31 09:42:47,24650.0,100,Sell,227554420
2024-07-31 09:42:47,24650.0,2000,Sell,227554421
2024-07-31 09:42:47,24650.0,1000,Sell,227554422
2024-07-31 09:42:47,24650.0,2100,Sell,227554423
2024-07-31 09:42:47,24650.0,6000,Sell,227554424
2024-07-31 09:42:47,24650.0,100,Sell,227554425
2024-07-31 09:42:47,24650.0,100,Sell,227554426
2024-07-31 09:42:48,24650.0,2400,Buy,227554447
2024-07-31 09:42:49,24650.0,500,Buy,227554466
2024-07-31 09:42:52,24650.0,500,Buy,227554516
2024-07-31 09:42:52,24650.0,100,Buy,227554514
2024-07-31 09:42:52,24650.0,4200,Buy,227554515
2024-07-31 09:42:53,24650.0,10500,Buy,227554550
2024-07-31 09:42:53,24650.0,6300,Buy,227554548
2024-07-31 09:42:53,24650.0,1800,Buy,227554549
2024-07-31 09:42:54,24600.0,8000,Sell,227554575
2024-07-31 09:42:54,24650.0,1800,Buy,227554624
2024-07-31 09:42:55,24600.0,7600,Sell,227554690
2024-07-31 09:42:57,24650.0,1000,Buy,227554810
2024-07-31 09:43:01,24600.0,10600,Sell,227554968
2024-07-31 09:43:08,24600.0,1900,Sell,227555169
2024-07-31 09:43:09,24600.0,100,Sell,227555200
2024-07-31 09:43:12,24600.0,4000,Sell,227555249
2024-07-31 09:43:17,24650.0,3900,Buy,227555353
2024-07-31 09:43:18,24600.0,2000,Sell,227555417
2024-07-31 09:43:19,24600.0,1500,Sell,227555443
2024-07-31 09:43:29,24650.0,100,Buy,227555720
2024-07-31 09:43:33,24600.0,9800,Sell,227555820
2024-07-31 09:43:35,24600.0,7600,Sell,227555943
2024-07-31 09:43:37,24600.0,2000,Sell,227556029
2024-07-31 09:43:38,24650.0,500,Buy,227556084
2024-07-31 09:43:44,24650.0,700,Buy,227556266
2024-07-31 09:43:58,24650.0,100,Buy,227556591
2024-07-31 09:44:08,24600.0,200,Sell,227556904
2024-07-31 09:44:14,24600.0,1000,Sell,227557078
2024-07-31 09:44:21,24600.0,500,Sell,227557324
2024-07-31 09:44:26,24600.0,100,Sell,227557455
2024-07-31 09:44:33,24600.0,200,Sell,227557701
2024-07-31 09:44:33,24600.0,100,Sell,227557707
2024-07-31 09:44:33,24600.0,200,Sell,227557706
2024-07-31 09:44:33,24600.0,800,Sell,227557705
2024-07-31 09:44:33,24600.0,1000,Sell,227557704
2024-07-31 09:44:33,24600.0,500,Sell,227557703
2024-07-31 09:44:33,24600.0,500,Sell,227557702
2024-07-31 09:44:33,24600.0,5000,Sell,227557700
2024-07-31 09:44:33,24600.0,500,Sell,227557698
2024-07-31 09:44:33,24600.0,1000,Sell,227557697
2024-07-31 09:44:33,24600.0,400,Sell,227557696
2024-07-31 09:44:33,24600.0,200,Sell,227557695
2024-07-31 09:44:33,24600.0,12300,Sell,227557694
2024-07-31 09:44:33,24600.0,100,Sell,227557693
2024-07-31 09:44:33,24600.0,100,Sell,227557692
2024-07-31 09:44:33,24600.0,1800,Sell,227557691
2024-07-31 09:44:33,24600.0,24800,Sell,227557690
2024-07-31 09:44:33,24600.0,500,Sell,227557699
2024-07-31 09:44:35,24600.0,100,Sell,227557757
2024-07-31 09:44:47,24600.0,1000,Sell,227558165
2024-07-31 09:44:47,24650.0,10000,Buy,227558166
2024-07-31 09:44:51,24600.0,500,Sell,227558224
2024-07-31 09:44:59,24600.0,100,Sell,227558457
2024-07-31 09:45:03,24650.0,2000,Buy,227558569
2024-07-31 09:45:09,24650.0,1000,Buy,227558656
2024-07-31 09:45:11,24650.0,5000,Buy,227558703
2024-07-31 09:45:16,24650.0,5000,Buy,227558803
2024-07-31 09:45:19,24650.0,100,Buy,227558904
2024-07-31 09:45:20,24650.0,2000,Buy,227558927
2024-07-31 09:45:23,24600.0,1500,Sell,227558997
2024-07-31 09:45:24,24600.0,200,Sell,227559014
2024-07-31 09:45:43,24650.0,6300,Buy,227559477
2024-07-31 09:45:43,24650.0,200,Buy,227559478
2024-07-31 09:45:48,24650.0,100,Buy,227559621
2024-07-31 09:45:50,24650.0,300,Buy,227559651
2024-07-31 09:45:50,24650.0,200,Buy,227559652
2024-07-31 09:45:50,24650.0,500,Buy,227559650
2024-07-31 09:45:50,24650.0,8700,Buy,227559654
2024-07-31 09:45:50,24650.0,100,Buy,227559655
2024-07-31 09:45:50,24650.0,1000,Buy,227559653
2024-07-31 09:45:50,24650.0,2000,Buy,227559648
2024-07-31 09:45:50,24650.0,800,Buy,227559649
2024-07-31 09:45:50,24650.0,10000,Buy,227559647
2024-07-31 09:45:50,24650.0,200,Buy,227559646
2024-07-31 09:45:50,24650.0,1000,Buy,227559645
2024-07-31 09:45:50,24650.0,7500,Buy,227559644
2024-07-31 09:45:50,24650.0,3000,Buy,227559643
2024-07-31 09:45:50,24650.0,100,Buy,227559642
2024-07-31 09:45:50,24650.0,500,Buy,227559641
2024-07-31 09:45:50,24650.0,14100,Buy,227559640
2024-07-31 09:45:53,24600.0,1500,Sell,227559766
2024-07-31 09:45:54,24650.0,1900,Buy,227559775
2024-07-31 09:45:54,24650.0,700,Buy,227559774
2024-07-31 09:45:55,24650.0,5000,Buy,227559803
2024-07-31 09:45:58,24650.0,1000,Buy,227559895
2024-07-31 09:46:05,24650.0,1000,Buy,227560054
2024-07-31 09:46:05,24650.0,1000,Buy,227560053
2024-07-31 09:46:05,24650.0,100,Buy,227560052
2024-07-31 09:46:05,24650.0,1000,Buy,227560051
2024-07-31 09:46:05,24650.0,1000,Buy,227560050
2024-07-31 09:46:05,24650.0,600,Buy,227560049
2024-07-31 09:46:05,24650.0,500,Buy,227560045
2024-07-31 09:46:05,24650.0,100,Buy,227560047
2024-07-31 09:46:05,24650.0,200,Buy,227560046
2024-07-31 09:46:05,24650.0,200,Buy,227560044
2024-07-31 09:46:05,24650.0,1000,Buy,227560043
2024-07-31 09:46:05,24650.0,2000,Buy,227560042
2024-07-31 09:46:05,24650.0,100,Buy,227560041
2024-07-31 09:46:05,24650.0,400,Buy,227560048
2024-07-31 09:46:08,24650.0,300,Buy,227560147
2024-07-31 09:46:13,24650.0,10000,Buy,227560227
2024-07-31 09:46:13,24650.0,500,Buy,227560235
2024-07-31 09:46:15,24650.0,500,Buy,227560251
2024-07-31 09:46:15,24650.0,1000,Buy,227560252
2024-07-31 09:46:15,24650.0,500,Buy,227560253
2024-07-31 09:46:15,24650.0,18000,Buy,227560254
2024-07-31 09:46:18,24650.0,15000,Buy,227560314
2024-07-31 09:46:18,24650.0,500,Buy,227560305
2024-07-31 09:46:19,24650.0,500,Buy,227560358
2024-07-31 09:46:19,24650.0,500,Buy,227560359
2024-07-31 09:46:19,24650.0,5000,Buy,227560360
2024-07-31 09:46:19,24650.0,1000,Buy,227560361
2024-07-31 09:46:19,24650.0,300,Buy,227560362
2024-07-31 09:46:19,24650.0,100,Buy,227560363
2024-07-31 09:46:19,24650.0,1000,Buy,227560364
2024-07-31 09:46:19,24650.0,100,Buy,227560365
2024-07-31 09:46:19,24650.0,500,Buy,227560366
2024-07-31 09:46:19,24650.0,2000,Buy,227560367
2024-07-31 09:46:29,24650.0,100,Sell,227560506
2024-07-31 09:46:31,24650.0,500,Sell,227560541
2024-07-31 09:46:43,24700.0,5000,Buy,227560748
2024-07-31 09:46:44,24650.0,200,Sell,227560803
2024-07-31 09:46:49,24700.0,300,Buy,227560911
2024-07-31 09:46:57,24650.0,1000,Sell,227561056
2024-07-31 09:46:58,24650.0,100,Sell,227561080
2024-07-31 09:46:59,24700.0,1600,Buy,227561093
2024-07-31 09:47:23,24650.0,100,Sell,227561750
2024-07-31 09:47:24,24700.0,200,Buy,227561775
2024-07-31 09:47:30,24700.0,500,Buy,227561870
2024-07-31 09:47:31,24700.0,300,Buy,227561886
2024-07-31 09:47:43,24700.0,100,Buy,227562115
2024-07-31 09:47:49,24700.0,100,Buy,227562270
2024-07-31 09:47:52,24650.0,10000,Sell,227562322
2024-07-31 09:48:00,24700.0,500,Buy,227562515
2024-07-31 09:48:02,24700.0,5000,Buy,227562548
2024-07-31 09:48:05,24700.0,1000,Buy,227562599
2024-07-31 09:48:05,24700.0,500,Buy,227562608
2024-07-31 09:48:06,24700.0,5000,Buy,227562630
2024-07-31 09:48:06,24700.0,900,Buy,227562629
2024-07-31 09:48:06,24700.0,10000,Buy,227562632
2024-07-31 09:48:06,24700.0,1000,Buy,227562631
2024-07-31 09:48:06,24700.0,100,Buy,227562628
2024-07-31 09:48:06,24700.0,3900,Buy,227562633
2024-07-31 09:48:06,24700.0,500,Buy,227562626
2024-07-31 09:48:06,24700.0,5000,Buy,227562612
2024-07-31 09:48:06,24650.0,100,Sell,227562623
2024-07-31 09:48:06,24700.0,400,Buy,227562627
2024-07-31 09:48:06,24700.0,500,Buy,227562625
2024-07-31 09:48:06,24700.0,17700,Buy,227562624
2024-07-31 09:48:10,24650.0,900,Sell,227562714
2024-07-31 09:48:10,24700.0,1000,Buy,227562716
2024-07-31 09:48:11,24700.0,100,Buy,227562730
2024-07-31 09:48:11,24700.0,5300,Buy,227562731
2024-07-31 09:48:11,24700.0,9600,Buy,227562732
2024-07-31 09:48:13,24650.0,300,Sell,227562758
2024-07-31 09:48:13,24700.0,500,Buy,227562759
2024-07-31 09:48:17,24700.0,900,Buy,227562847
2024-07-31 09:48:18,24700.0,500,Buy,227562870
2024-07-31 09:48:19,24700.0,100,Buy,227562882
2024-07-31 09:48:22,24700.0,200,Buy,227562984
2024-07-31 09:48:23,24700.0,100,Buy,227562995
2024-07-31 09:48:40,24700.0,5000,Buy,227563254
2024-07-31 09:48:46,24700.0,200,Buy,227563328
2024-07-31 09:48:47,24700.0,500,Buy,227563382
2024-07-31 09:48:52,24700.0,500,Buy,227563460
2024-07-31 09:48:56,24700.0,500,Buy,227563537
2024-07-31 09:48:58,24700.0,1300,Buy,227563565
2024-07-31 09:48:59,24700.0,2000,Buy,227563580
2024-07-31 09:49:01,24700.0,3600,Buy,227563605
2024-07-31 09:49:01,24700.0,500,Buy,227563608
2024-07-31 09:49:01,24700.0,6000,Buy,227563607
2024-07-31 09:49:01,24700.0,500,Buy,227563606
2024-07-31 09:49:01,24700.0,300,Buy,227563604
2024-07-31 09:49:01,24700.0,100,Buy,227563609
2024-07-31 09:49:01,24700.0,300,Buy,227563602
2024-07-31 09:49:01,24700.0,200,Buy,227563601
2024-07-31 09:49:01,24700.0,100,Buy,227563600
2024-07-31 09:49:01,24700.0,100,Buy,227563599
2024-07-31 09:49:01,24700.0,10000,Buy,227563598
2024-07-31 09:49:01,24700.0,200,Buy,227563603
2024-07-31 09:49:01,24700.0,28100,Buy,227563597
2024-07-31 09:49:02,24700.0,100,Buy,227563649
2024-07-31 09:49:02,24700.0,100,Buy,227563648
2024-07-31 09:49:02,24700.0,300,Buy,227563647
2024-07-31 09:49:06,24700.0,200,Buy,227563707
2024-07-31 09:49:06,24700.0,300,Buy,227563708
2024-07-31 09:49:06,24700.0,200,Buy,227563709
2024-07-31 09:49:06,24700.0,1000,Buy,227563710
2024-07-31 09:49:06,24700.0,500,Buy,227563711
2024-07-31 09:49:06,24700.0,1000,Buy,227563712
2024-07-31 09:49:06,24700.0,200,Buy,227563713
2024-07-31 09:49:06,24700.0,6600,Buy,227563714
2024-07-31 09:49:09,24700.0,1100,Buy,227563772
2024-07-31 09:49:11,24700.0,500,Buy,227563805
2024-07-31 09:49:16,24700.0,5000,Buy,227563909
2024-07-31 09:49:17,24700.0,3600,Buy,227563937
2024-07-31 09:49:21,24700.0,100,Buy,227564009
2024-07-31 09:49:29,24700.0,100,Buy,227564210
2024-07-31 09:49:29,24700.0,100,Buy,227564209
2024-07-31 09:49:30,24700.0,300,Buy,227564254
2024-07-31 09:49:30,24700.0,700,Buy,227564253
2024-07-31 09:49:31,24700.0,1700,Buy,227564266
2024-07-31 09:49:32,24700.0,1000,Buy,227564276
2024-07-31 09:49:32,24700.0,200,Buy,227564287
2024-07-31 09:49:32,24700.0,300,Buy,227564288
2024-07-31 09:49:34,24650.0,1300,Sell,227564337
2024-07-31 09:49:37,24650.0,1300,Sell,227564390
2024-07-31 09:49:42,24650.0,200,Sell,227564490
2024-07-31 09:49:44,24700.0,200,Buy,227564511
2024-07-31 09:49:44,24700.0,100,Buy,227564512
2024-07-31 09:49:50,24650.0,900,Sell,227564675
2024-07-31 09:49:52,24700.0,100,Buy,227564702
2024-07-31 09:49:52,24700.0,8900,Buy,227564707
2024-07-31 09:49:52,24700.0,100,Buy,227564706
2024-07-31 09:49:52,24700.0,100,Buy,227564705
2024-07-31 09:49:52,24700.0,100,Buy,227564704
2024-07-31 09:49:52,24700.0,800,Buy,227564703
2024-07-31 09:49:52,24700.0,1000,Buy,227564700
2024-07-31 09:49:52,24700.0,200,Buy,227564699
2024-07-31 09:49:52,24700.0,5000,Buy,227564694
2024-07-31 09:49:52,24700.0,30000,Buy,227564695
2024-07-31 09:49:52,24700.0,1000,Buy,227564701
2024-07-31 09:49:52,24700.0,1500,Buy,227564697
2024-07-31 09:49:52,24700.0,200,Buy,227564698
2024-07-31 09:49:52,24700.0,1000,Buy,227564696
2024-07-31 09:49:53,24650.0,100,Sell,227564728
2024-07-31 09:49:53,24650.0,10000,Sell,227564734
2024-07-31 09:49:56,24650.0,5000,Sell,227564790
2024-07-31 09:49:58,24700.0,1100,Buy,227564866
2024-07-31 09:49:58,24700.0,300,Buy,227564867
2024-07-31 09:49:58,24700.0,400,Buy,227564868
2024-07-31 09:49:58,24700.0,1900,Buy,227564869
2024-07-31 09:49:59,24700.0,7800,Buy,227564879
2024-07-31 09:50:00,24650.0,5000,Sell,227564920
2024-07-31 09:50:02,24700.0,1000,Buy,227564954
2024-07-31 09:50:05,24650.0,100,Sell,227565000
2024-07-31 09:50:05,24700.0,100,Buy,227565016
2024-07-31 09:50:11,24700.0,100,Buy,227565121
2024-07-31 09:50:18,24650.0,1700,Sell,227565335
2024-07-31 09:50:26,24650.0,2000,Sell,227565574
2024-07-31 09:50:29,24700.0,1000,Buy,227565636
2024-07-31 09:50:53,24700.0,500,Buy,227566088
2024-07-31 09:50:56,24650.0,200,Sell,227566154
2024-07-31 09:50:57,24650.0,1000,Sell,227566156
2024-07-31 09:51:00,24650.0,400,Sell,227566209
2024-07-31 09:51:00,24700.0,10000,Buy,227566210
2024-07-31 09:51:05,24650.0,10000,Sell,227566346
2024-07-31 09:51:06,24700.0,200,Buy,227566366
2024-07-31 09:51:07,24700.0,5000,Buy,227566403
2024-07-31 09:51:08,24650.0,2000,Sell,227566410
2024-07-31 09:51:08,24700.0,1000,Buy,227566421
2024-07-31 09:51:13,24650.0,100,Sell,227566516
2024-07-31 09:51:31,24650.0,1000,Sell,227566941
2024-07-31 09:51:34,24650.0,1000,Sell,227567010
2024-07-31 09:52:03,24700.0,200,Buy,227567553
2024-07-31 09:52:05,24650.0,100,Sell,227567582
2024-07-31 09:52:08,24650.0,2500,Sell,227567634
2024-07-31 09:52:12,24700.0,1000,Buy,227567732
2024-07-31 09:52:12,24700.0,3000,Buy,227567731
2024-07-31 09:52:12,24700.0,200,Buy,227567730
2024-07-31 09:52:12,24700.0,300,Buy,227567729
2024-07-31 09:52:12,24700.0,2000,Buy,227567728
2024-07-31 09:52:12,24700.0,200,Buy,227567727
2024-07-31 09:52:12,24700.0,200,Buy,227567733
2024-07-31 09:52:12,24650.0,400,Sell,227567765
2024-07-31 09:52:12,24700.0,1000,Buy,227567724
2024-07-31 09:52:12,24700.0,25000,Buy,227567723
2024-07-31 09:52:12,24700.0,1000,Buy,227567722
2024-07-31 09:52:12,24700.0,1000,Buy,227567721
2024-07-31 09:52:12,24700.0,300,Buy,227567720
2024-07-31 09:52:12,24700.0,100,Buy,227567719
2024-07-31 09:52:12,24700.0,1000,Buy,227567725
2024-07-31 09:52:12,24700.0,100,Buy,227567726
2024-07-31 09:52:12,24700.0,100,Buy,227567734
2024-07-31 09:52:12,24700.0,5000,Buy,227567736
2024-07-31 09:52:12,24700.0,15000,Buy,227567750
2024-07-31 09:52:12,24700.0,2000,Buy,227567749
2024-07-31 09:52:12,24700.0,100,Buy,227567748
2024-07-31 09:52:12,24700.0,3000,Buy,227567747
2024-07-31 09:52:12,24700.0,100,Buy,227567746
2024-07-31 09:52:12,24700.0,700,Buy,227567745
2024-07-31 09:52:12,24700.0,1000,Buy,227567735
2024-07-31 09:52:12,24700.0,500,Buy,227567744
2024-07-31 09:52:12,24700.0,5000,Buy,227567742
2024-07-31 09:52:12,24700.0,1000,Buy,227567741
2024-07-31 09:52:12,24700.0,100,Buy,227567740
2024-07-31 09:52:12,24700.0,200,Buy,227567739
2024-07-31 09:52:12,24700.0,3000,Buy,227567738
2024-07-31 09:52:12,24700.0,300,Buy,227567737
2024-07-31 09:52:12,24700.0,10000,Buy,227567743
2024-07-31 09:52:12,24700.0,200,Buy,227567718
2024-07-31 09:52:12,24700.0,2800,Buy,227567715
2024-07-31 09:52:12,24700.0,2000,Buy,227567716
2024-07-31 09:52:12,24700.0,3000,Buy,227567695
2024-07-31 09:52:12,24700.0,500,Buy,227567694
2024-07-31 09:52:12,24700.0,4400,Buy,227567693
2024-07-31 09:52:12,24700.0,1000,Buy,227567692
2024-07-31 09:52:12,24700.0,1000,Buy,227567691
2024-07-31 09:52:12,24700.0,500,Buy,227567690
2024-07-31 09:52:12,24700.0,400,Buy,227567689
2024-07-31 09:52:12,24700.0,100,Buy,227567688
2024-07-31 09:52:12,24700.0,10000,Buy,227567687
2024-07-31 09:52:12,24700.0,200,Buy,227567686
2024-07-31 09:52:12,24700.0,600,Buy,227567685
2024-07-31 09:52:12,24700.0,200,Buy,227567684
2024-07-31 09:52:12,24700.0,1000,Buy,227567683
2024-07-31 09:52:12,24700.0,21200,Buy,227567682
2024-07-31 09:52:12,24700.0,1000,Buy,227567717
2024-07-31 09:52:12,24700.0,500,Buy,227567696
2024-07-31 09:52:12,24700.0,5000,Buy,227567697
2024-07-31 09:52:12,24700.0,1000,Buy,227567713
2024-07-31 09:52:12,24700.0,100,Buy,227567699
2024-07-31 09:52:12,24700.0,200,Buy,227567698
2024-07-31 09:52:12,24700.0,100,Buy,227567712
2024-07-31 09:52:12,24700.0,200,Buy,227567711
2024-07-31 09:52:12,24700.0,200,Buy,227567710
2024-07-31 09:52:12,24700.0,500,Buy,227567709
2024-07-31 09:52:12,24700.0,200,Buy,227567708
2024-07-31 09:52:12,24700.0,2500,Buy,227567707
2024-07-31 09:52:12,24700.0,100,Buy,227567714
2024-07-31 09:52:12,24700.0,10000,Buy,227567705
2024-07-31 09:52:12,24700.0,2000,Buy,227567704
2024-07-31 09:52:12,24700.0,100,Buy,227567703
2024-07-31 09:52:12,24700.0,100,Buy,227567702
2024-07-31 09:52:12,24700.0,3500,Buy,227567701
2024-07-31 09:52:12,24700.0,100,Buy,227567700
2024-07-31 09:52:12,24700.0,40000,Buy,227567706
2024-07-31 09:52:16,24650.0,7300,Sell,227567813
2024-07-31 09:52:17,24650.0,100,Sell,227567842
2024-07-31 09:52:20,24700.0,800,Buy,227567909
2024-07-31 09:52:20,24700.0,200,Buy,227567910
2024-07-31 09:52:20,24700.0,500,Buy,227567911
2024-07-31 09:52:20,24700.0,100,Buy,227567913
2024-07-31 09:52:20,24700.0,1000,Buy,227567914
2024-07-31 09:52:20,24700.0,1400,Buy,227567915
2024-07-31 09:52:20,24700.0,1000,Buy,227567912
2024-07-31 09:52:21,24700.0,8600,Buy,227567926
2024-07-31 09:52:21,24700.0,2000,Buy,227567927
2024-07-31 09:52:21,24700.0,100,Buy,227567928
2024-07-31 09:52:21,24700.0,100,Buy,227567929
2024-07-31 09:52:22,24700.0,100,Sell,227567940
2024-07-31 09:52:22,24700.0,1000,Sell,227567945
2024-07-31 09:52:23,24650.0,1800,Sell,227567951
2024-07-31 09:52:24,24700.0,200,Buy,227567963
2024-07-31 09:52:27,24700.0,100,Sell,227568030
2024-07-31 09:52:31,24700.0,4700,Sell,227568188
2024-07-31 09:52:31,24700.0,2900,Sell,227568189
2024-07-31 09:52:31,24700.0,600,Sell,227568190
2024-07-31 09:52:49,24700.0,1000,Sell,227568573
2024-07-31 09:52:51,24700.0,2400,Sell,227568623
2024-07-31 09:52:52,24700.0,3100,Sell,227568638
2024-07-31 09:52:52,24700.0,17400,Sell,227568639
2024-07-31 09:52:54,24700.0,1000,Sell,227568662
2024-07-31 09:52:59,24750.0,1000,Buy,227568851
2024-07-31 09:53:00,24700.0,500,Sell,227568881
2024-07-31 09:53:05,24700.0,300,Sell,227569002
2024-07-31 09:53:05,24700.0,1000,Sell,227569003
2024-07-31 09:53:07,24700.0,2000,Sell,227569030
2024-07-31 09:53:08,24700.0,300,Sell,227569076
2024-07-31 09:53:17,24750.0,1000,Buy,227569278
2024-07-31 09:53:18,24700.0,200,Sell,227569306
2024-07-31 09:53:24,24700.0,500,Sell,227569398
2024-07-31 09:53:26,24700.0,1500,Sell,227569432
2024-07-31 09:53:27,24700.0,5000,Sell,227569441
2024-07-31 09:53:32,24700.0,200,Sell,227569530
2024-07-31 09:53:33,24700.0,200,Sell,227569556
2024-07-31 09:53:39,24700.0,1000,Sell,227569651
2024-07-31 09:53:40,24750.0,400,Buy,227569670
2024-07-31 09:53:51,24750.0,500,Buy,227569866
2024-07-31 09:54:15,24750.0,400,Buy,227570285
2024-07-31 09:54:15,24750.0,6000,Buy,227570284
2024-07-31 09:54:15,24750.0,100,Buy,227570283
2024-07-31 09:54:15,24750.0,500,Buy,227570282
2024-07-31 09:54:15,24750.0,1000,Buy,227570281
2024-07-31 09:54:15,24750.0,10000,Buy,227570280
2024-07-31 09:54:15,24750.0,500,Buy,227570277
2024-07-31 09:54:15,24750.0,500,Buy,227570278
2024-07-31 09:54:15,24750.0,100,Buy,227570276
2024-07-31 09:54:15,24750.0,30000,Buy,227570275
2024-07-31 09:54:15,24750.0,600,Buy,227570274
2024-07-31 09:54:15,24750.0,50000,Buy,227570267
2024-07-31 09:54:15,24750.0,300,Buy,227570279
2024-07-31 09:54:20,24750.0,4100,Buy,227570423
2024-07-31 09:54:20,24750.0,3000,Buy,227570427
2024-07-31 09:54:20,24700.0,1000,Sell,227570420
2024-07-31 09:54:20,24750.0,600,Buy,227570422
2024-07-31 09:54:22,24750.0,5000,Buy,227570458
2024-07-31 09:54:23,24750.0,4000,Buy,227570491
2024-07-31 09:54:27,24750.0,1500,Buy,227570550
2024-07-31 09:54:28,24750.0,300,Buy,227570563
2024-07-31 09:54:29,24750.0,100,Buy,227570582
2024-07-31 09:54:29,24750.0,100,Buy,227570584
2024-07-31 09:54:29,24750.0,100,Buy,227570583
2024-07-31 09:54:29,24750.0,400,Buy,227570581
2024-07-31 09:54:29,24750.0,2100,Buy,227570574
2024-07-31 09:54:29,24750.0,1000,Buy,227570578
2024-07-31 09:54:29,24750.0,100,Buy,227570577
2024-07-31 09:54:29,24750.0,100,Buy,227570576
2024-07-31 09:54:29,24750.0,100,Buy,227570575
2024-07-31 09:54:29,24750.0,1600,Buy,227570579
2024-07-31 09:54:31,24750.0,500,Buy,227570601
2024-07-31 09:54:31,24750.0,1500,Buy,227570602
2024-07-31 09:54:35,24750.0,500,Buy,227570673
2024-07-31 09:54:35,24750.0,3700,Buy,227570674
2024-07-31 09:54:35,24750.0,300,Buy,227570671
2024-07-31 09:54:35,24750.0,8500,Buy,227570670
2024-07-31 09:54:35,24750.0,2000,Buy,227570672
2024-07-31 09:54:36,24750.0,100,Buy,227570684
2024-07-31 09:54:36,24750.0,5000,Buy,227570685
2024-07-31 09:54:38,24750.0,1200,Buy,227570716
2024-07-31 09:54:38,24750.0,4000,Buy,227570717
2024-07-31 09:54:38,24750.0,800,Buy,227570718
2024-07-31 09:54:43,24750.0,200,Buy,227570812
2024-07-31 09:54:43,24750.0,1000,Buy,227570813
2024-07-31 09:54:43,24750.0,9000,Buy,227570814
2024-07-31 09:54:44,24750.0,1600,Buy,227570829
2024-07-31 09:54:44,24750.0,900,Buy,227570828
2024-07-31 09:54:44,24750.0,200,Buy,227570827
2024-07-31 09:54:44,24750.0,1000,Buy,227570826
2024-07-31 09:54:44,24750.0,2500,Buy,227570824
2024-07-31 09:54:44,24750.0,500,Buy,227570823
2024-07-31 09:54:44,24750.0,500,Buy,227570822
2024-07-31 09:54:44,24750.0,1000,Buy,227570821
2024-07-31 09:54:44,24750.0,100,Buy,227570825
2024-07-31 09:54:45,24750.0,8400,Buy,227570853
2024-07-31 09:54:45,24750.0,2000,Buy,227570854
2024-07-31 09:54:45,24750.0,1500,Buy,227570855
2024-07-31 09:54:45,24750.0,1500,Buy,227570856
2024-07-31 09:54:45,24750.0,200,Buy,227570857
2024-07-31 09:54:45,24750.0,200,Buy,227570858
2024-07-31 09:54:45,24750.0,6200,Buy,227570859
2024-07-31 09:54:47,24750.0,200,Buy,227570894
2024-07-31 09:54:47,24750.0,2000,Buy,227570895
2024-07-31 09:54:48,24750.0,200,Buy,227570932
2024-07-31 09:54:48,24750.0,300,Buy,227570931
2024-07-31 09:54:48,24750.0,1100,Buy,227570928
2024-07-31 09:54:48,24750.0,100,Buy,227570929
2024-07-31 09:54:48,24750.0,500,Buy,227570907
2024-07-31 09:54:48,24750.0,300,Buy,227570930
2024-07-31 09:54:49,24750.0,1800,Buy,227570970
2024-07-31 09:54:49,24750.0,1200,Buy,227570971
2024-07-31 09:54:50,24750.0,1100,Buy,227570976
2024-07-31 09:54:50,24750.0,1000,Buy,227570977
2024-07-31 09:54:51,24750.0,100,Buy,227571009
2024-07-31 09:54:51,24750.0,2000,Buy,227571002
2024-07-31 09:54:51,24750.0,4700,Buy,227571007
2024-07-31 09:54:51,24750.0,200,Buy,227571008
2024-07-31 09:54:52,24750.0,1100,Buy,227571020
2024-07-31 09:54:52,24750.0,5800,Buy,227571028
2024-07-31 09:54:52,24750.0,2000,Buy,227571029
2024-07-31 09:54:52,24750.0,200,Buy,227571030
2024-07-31 09:54:52,24750.0,1100,Buy,227571031
2024-07-31 09:54:52,24750.0,100,Buy,227571032
2024-07-31 09:54:52,24750.0,400,Buy,227571033
2024-07-31 09:54:52,24750.0,300,Buy,227571034
2024-07-31 09:54:52,24750.0,300,Buy,227571035
2024-07-31 09:54:53,24750.0,200,Buy,227571077
2024-07-31 09:54:53,24750.0,500,Buy,227571076
2024-07-31 09:54:53,24750.0,10000,Buy,227571075
2024-07-31 09:54:53,24750.0,2000,Buy,227571074
2024-07-31 09:54:53,24750.0,100,Buy,227571073
2024-07-31 09:54:53,24750.0,100,Buy,227571068
2024-07-31 09:54:53,24750.0,7800,Buy,227571071
2024-07-31 09:54:53,24750.0,5000,Buy,227571070
2024-07-31 09:54:53,24750.0,100,Buy,227571069
2024-07-31 09:54:53,24750.0,3000,Buy,227571078
2024-07-31 09:54:53,24750.0,1000,Buy,227571067
2024-07-31 09:54:53,24750.0,200,Buy,227571072
2024-07-31 09:54:53,24750.0,1000,Buy,227571079
2024-07-31 09:54:53,24750.0,100,Buy,227571084
2024-07-31 09:54:53,24750.0,2000,Buy,227571081
2024-07-31 09:54:53,24750.0,1000,Buy,227571082
2024-07-31 09:54:53,24750.0,200,Buy,227571083
2024-07-31 09:54:53,24750.0,2600,Buy,227571066
2024-07-31 09:54:53,24750.0,200,Buy,227571085
2024-07-31 09:54:53,24750.0,500,Buy,227571087
2024-07-31 09:54:53,24750.0,7000,Buy,227571088
2024-07-31 09:54:53,24750.0,1000,Buy,227571089
2024-07-31 09:54:53,24750.0,5000,Buy,227571091
2024-07-31 09:54:53,24750.0,2000,Buy,227571092
2024-07-31 09:54:53,24750.0,5000,Buy,227571093
2024-07-31 09:54:53,24750.0,200,Buy,227571094
2024-07-31 09:54:53,24750.0,100,Buy,227571080
2024-07-31 09:54:53,24750.0,100,Buy,227571065
2024-07-31 09:54:53,24750.0,300,Buy,227571090
2024-07-31 09:54:53,24750.0,300,Buy,227571063
2024-07-31 09:54:53,24750.0,100,Buy,227571064
2024-07-31 09:54:53,24750.0,1000,Buy,227571036
2024-07-31 09:54:53,24750.0,300,Buy,227571037
2024-07-31 09:54:53,24750.0,3500,Buy,227571038
2024-07-31 09:54:53,24750.0,800,Buy,227571039
2024-07-31 09:54:53,24750.0,1100,Buy,227571040
2024-07-31 09:54:53,24750.0,5000,Buy,227571041
2024-07-31 09:54:53,24750.0,300,Buy,227571042
2024-07-31 09:54:53,24750.0,1000,Buy,227571043
2024-07-31 09:54:53,24750.0,100,Buy,227571044
2024-07-31 09:54:53,24750.0,100,Buy,227571045
2024-07-31 09:54:53,24750.0,200,Buy,227571046
2024-07-31 09:54:53,24750.0,2000,Buy,227571047
2024-07-31 09:54:53,24750.0,500,Buy,227571048
2024-07-31 09:54:53,24750.0,500,Buy,227571086
2024-07-31 09:54:53,24750.0,300,Buy,227571050
2024-07-31 09:54:53,24750.0,200,Buy,227571062
2024-07-31 09:54:53,24750.0,1000,Buy,227571061
2024-07-31 09:54:53,24750.0,100,Buy,227571059
2024-07-31 09:54:53,24750.0,3000,Buy,227571058
2024-07-31 09:54:53,24750.0,300,Buy,227571057
2024-07-31 09:54:53,24750.0,5200,Buy,227571056
2024-07-31 09:54:53,24750.0,1400,Buy,227571060
2024-07-31 09:54:53,24750.0,100,Buy,227571054
2024-07-31 09:54:53,24750.0,1000,Buy,227571049
2024-07-31 09:54:53,24750.0,1000,Buy,227571053
2024-07-31 09:54:53,24750.0,100,Buy,227571052
2024-07-31 09:54:53,24750.0,500,Buy,227571051
2024-07-31 09:54:53,24750.0,500,Buy,227571055
2024-07-31 09:54:54,24750.0,700,Buy,227571108
2024-07-31 09:54:54,24750.0,500,Buy,227571109
2024-07-31 09:54:54,24750.0,8800,Buy,227571110
2024-07-31 09:54:54,24750.0,500,Buy,227571112
2024-07-31 09:54:55,24750.0,1000,Buy,227571130
2024-07-31 09:54:56,24750.0,100,Buy,227571167
2024-07-31 09:54:56,24750.0,1000,Buy,227571171
2024-07-31 09:54:56,24750.0,200,Buy,227571170
2024-07-31 09:54:56,24750.0,100,Buy,227571168
2024-07-31 09:54:56,24750.0,100,Buy,227571166
2024-07-31 09:54:56,24750.0,100,Buy,227571169
2024-07-31 09:54:56,24750.0,500,Buy,227571164
2024-07-31 09:54:56,24750.0,100,Buy,227571163
2024-07-31 09:54:56,24750.0,1000,Buy,227571162
2024-07-31 09:54:56,24750.0,900,Buy,227571161
2024-07-31 09:54:56,24750.0,10000,Buy,227571160
2024-07-31 09:54:56,24750.0,12700,Buy,227571159
2024-07-31 09:54:56,24750.0,400,Buy,227571165
2024-07-31 09:54:58,24800.0,1000,Buy,227571216
2024-07-31 09:54:58,24800.0,200,Buy,227571215
2024-07-31 09:54:58,24800.0,400,Buy,227571217
2024-07-31 09:54:58,24800.0,100,Buy,227571213
2024-07-31 09:54:58,24800.0,200,Buy,227571214
2024-07-31 09:54:58,24800.0,100,Buy,227571212
2024-07-31 09:54:59,24750.0,3200,Sell,227571227
2024-07-31 09:54:59,24750.0,1800,Sell,227571228
2024-07-31 09:55:01,24800.0,1300,Buy,227571257
2024-07-31 09:55:01,24800.0,700,Buy,227571258
2024-07-31 09:55:03,24800.0,1000,Buy,227571286
2024-07-31 09:55:07,24750.0,300,Sell,227571447
2024-07-31 09:55:15,24800.0,200,Buy,227571659
2024-07-31 09:55:18,24800.0,7400,Buy,227571724
2024-07-31 09:55:18,24800.0,2600,Buy,227571725
2024-07-31 09:55:20,24750.0,1000,Sell,227571750
2024-07-31 09:55:20,24800.0,200,Buy,227571752
2024-07-31 09:55:22,24750.0,6000,Sell,227571819
2024-07-31 09:55:23,24750.0,18000,Sell,227571851
2024-07-31 09:55:23,24750.0,2000,Sell,227571852
2024-07-31 09:55:25,24800.0,400,Buy,227571878
2024-07-31 09:55:26,24800.0,2300,Buy,227571916
2024-07-31 09:55:27,24800.0,200,Buy,227571930
2024-07-31 09:55:27,24800.0,10200,Buy,227571925
2024-07-31 09:55:28,24800.0,1000,Buy,227571961
2024-07-31 09:55:34,24750.0,5000,Sell,227572041
2024-07-31 09:55:35,24750.0,100,Sell,227572070
2024-07-31 09:55:39,24800.0,100,Buy,227572126
2024-07-31 09:55:42,24800.0,5000,Buy,227572181
2024-07-31 09:55:45,24800.0,300,Buy,227572248
2024-07-31 09:55:46,24750.0,200,Sell,227572274
2024-07-31 09:55:47,24800.0,200,Buy,227572298
2024-07-31 09:55:48,24800.0,500,Buy,227572315
2024-07-31 09:55:53,24750.0,10000,Sell,227572442
2024-07-31 09:55:55,24750.0,100,Sell,227572469
2024-07-31 09:55:56,24750.0,4000,Sell,227572516
2024-07-31 09:55:56,24750.0,500,Sell,227572522
2024-07-31 09:55:58,24800.0,200,Buy,227572576
2024-07-31 09:55:59,24750.0,100,Sell,227572586
2024-07-31 09:56:00,24750.0,100,Sell,227572620
2024-07-31 09:56:01,24800.0,100,Buy,227572675
2024-07-31 09:56:02,24750.0,900,Sell,227572708
2024-07-31 09:56:09,24750.0,1000,Sell,227572842
2024-07-31 09:56:10,24750.0,900,Sell,227572848
2024-07-31 09:56:10,24750.0,100,Sell,227572847
2024-07-31 09:56:14,24750.0,100,Sell,227572953
2024-07-31 09:56:15,24750.0,1900,Sell,227572965
2024-07-31 09:56:15,24750.0,18100,Sell,227572966
2024-07-31 09:56:20,24750.0,1100,Sell,227573102
2024-07-31 09:56:20,24750.0,900,Sell,227573101
2024-07-31 09:56:20,24750.0,1100,Sell,227573100
2024-07-31 09:56:20,24750.0,9700,Sell,227573086
2024-07-31 09:56:20,24750.0,500,Sell,227573085
2024-07-31 09:56:20,24750.0,200,Sell,227573084
2024-07-31 09:56:20,24750.0,2000,Sell,227573083
2024-07-31 09:56:20,24750.0,500,Sell,227573082
2024-07-31 09:56:20,24750.0,3900,Sell,227573072
2024-07-31 09:56:20,24750.0,500,Sell,227573080
2024-07-31 09:56:20,24750.0,5000,Sell,227573081
2024-07-31 09:56:20,24750.0,2000,Sell,227573073
2024-07-31 09:56:20,24750.0,100,Sell,227573074
2024-07-31 09:56:20,24750.0,17000,Sell,227573075
2024-07-31 09:56:20,24750.0,300,Sell,227573099
2024-07-31 09:56:20,24750.0,3000,Sell,227573076
2024-07-31 09:56:20,24750.0,5000,Sell,227573077
2024-07-31 09:56:20,24750.0,100,Sell,227573078
2024-07-31 09:56:20,24750.0,500,Sell,227573079
2024-07-31 09:56:21,24800.0,2000,Buy,227573153
2024-07-31 09:56:22,24800.0,8000,Buy,227573182
2024-07-31 09:56:22,24800.0,1100,Buy,227573183
2024-07-31 09:56:22,24800.0,1000,Buy,227573184
2024-07-31 09:56:22,24800.0,48700,Buy,227573185
2024-07-31 09:56:22,24800.0,12100,Buy,227573181
2024-07-31 09:56:23,24800.0,500,Buy,227573198
2024-07-31 09:56:24,24750.0,1400,Sell,227573220
2024-07-31 09:56:27,24750.0,100,Sell,227573258
2024-07-31 09:56:28,24750.0,500,Sell,227573282
2024-07-31 09:56:30,24800.0,800,Buy,227573358
2024-07-31 09:56:30,24750.0,200,Sell,227573355
2024-07-31 09:56:30,24750.0,500,Sell,227573353
2024-07-31 09:56:30,24750.0,500,Sell,227573354
2024-07-31 09:56:30,24750.0,800,Sell,227573352
2024-07-31 09:56:31,24750.0,600,Sell,227573372
2024-07-31 09:56:31,24750.0,1900,Sell,227573379
2024-07-31 09:56:31,24750.0,3500,Sell,227573378
2024-07-31 09:56:31,24750.0,2400,Sell,227573377
2024-07-31 09:56:31,24750.0,2600,Sell,227573380
2024-07-31 09:56:31,24750.0,400,Sell,227573375
2024-07-31 09:56:31,24750.0,500,Sell,227573374
2024-07-31 09:56:31,24750.0,3000,Sell,227573373
2024-07-31 09:56:31,24750.0,1000,Sell,227573376
2024-07-31 09:56:34,24700.0,10100,Sell,227573460
2024-07-31 09:56:34,24750.0,6000,Sell,227573451
2024-07-31 09:56:34,24750.0,2000,Sell,227573450
2024-07-31 09:56:34,24750.0,100,Sell,227573449
2024-07-31 09:56:34,24750.0,1000,Sell,227573448
2024-07-31 09:56:34,24750.0,100,Sell,227573447
2024-07-31 09:56:34,24750.0,2100,Sell,227573446
2024-07-31 09:56:34,24750.0,3900,Sell,227573444
2024-07-31 09:56:34,24750.0,200,Sell,227573442
2024-07-31 09:56:34,24750.0,2600,Sell,227573441
2024-07-31 09:56:34,24750.0,1000,Sell,227573440
2024-07-31 09:56:34,24750.0,8000,Sell,227573439
2024-07-31 09:56:34,24750.0,7400,Sell,227573438
2024-07-31 09:56:34,24750.0,100,Sell,227573445
2024-07-31 09:56:34,24750.0,2000,Sell,227573443
2024-07-31 09:56:38,24750.0,4000,Buy,227573695
2024-07-31 09:56:38,24750.0,7000,Buy,227573696
2024-07-31 09:56:40,24750.0,500,Buy,227573726
2024-07-31 09:56:41,24750.0,500,Buy,227573743
2024-07-31 09:56:43,24750.0,900,Buy,227573797
2024-07-31 09:56:44,24750.0,500,Buy,227573810
2024-07-31 09:56:46,24750.0,500,Buy,227573837
2024-07-31 09:56:49,24750.0,2000,Buy,227573898
2024-07-31 09:56:49,24750.0,500,Buy,227573894
2024-07-31 09:56:51,24750.0,6300,Buy,227573934
2024-07-31 09:56:52,24750.0,1000,Sell,227573955
2024-07-31 09:56:52,24750.0,500,Buy,227573952
2024-07-31 09:56:52,24750.0,1000,Buy,227573951
2024-07-31 09:56:52,24750.0,100,Buy,227573950
2024-07-31 09:56:52,24750.0,100,Buy,227573948
2024-07-31 09:56:52,24750.0,2000,Buy,227573949
2024-07-31 09:56:52,24750.0,5000,Buy,227573946
2024-07-31 09:56:52,24750.0,2000,Buy,227573945
2024-07-31 09:56:52,24750.0,100,Buy,227573944
2024-07-31 09:56:52,24750.0,14400,Buy,227573943
2024-07-31 09:56:52,24750.0,8800,Buy,227573942
2024-07-31 09:56:52,24750.0,2000,Buy,227573941
2024-07-31 09:56:52,24750.0,1000,Buy,227573947
2024-07-31 09:56:53,24750.0,4000,Sell,227573976
2024-07-31 09:56:54,24750.0,10000,Sell,227574015
2024-07-31 09:56:56,24700.0,200,Sell,227574104
2024-07-31 09:56:56,24700.0,1100,Sell,227574105
2024-07-31 09:56:56,24700.0,7800,Sell,227574103
2024-07-31 09:56:56,24750.0,500,Sell,227574100
2024-07-31 09:56:56,24750.0,100,Sell,227574101
2024-07-31 09:56:56,24750.0,200,Sell,227574099
2024-07-31 09:56:56,24750.0,500,Sell,227574102
2024-07-31 09:56:57,24750.0,1400,Sell,227574166
2024-07-31 09:56:57,24750.0,2900,Sell,227574167
2024-07-31 09:56:58,24750.0,4000,Buy,227574194
2024-07-31 09:57:03,24750.0,13000,Buy,227574328
2024-07-31 09:57:03,24750.0,1000,Buy,227574336
2024-07-31 09:57:03,24750.0,500,Buy,227574337
2024-07-31 09:57:04,24750.0,3000,Buy,227574362
2024-07-31 09:57:07,24750.0,100,Buy,227574412
2024-07-31 09:57:09,24700.0,900,Sell,227574460
2024-07-31 09:57:09,24700.0,100,Sell,227574461
2024-07-31 09:57:10,24750.0,100,Buy,227574479
2024-07-31 09:57:10,24750.0,100,Buy,227574478
2024-07-31 09:57:10,24750.0,2000,Buy,227574475
2024-07-31 09:57:10,24750.0,20000,Buy,227574476
2024-07-31 09:57:10,24750.0,4100,Buy,227574474
2024-07-31 09:57:10,24750.0,2000,Buy,227574477
2024-07-31 09:57:11,24750.0,1700,Sell,227574530
2024-07-31 09:57:11,24750.0,400,Sell,227574531
2024-07-31 09:57:11,24700.0,7500,Sell,227574532
2024-07-31 09:57:13,24750.0,200,Buy,227574592
2024-07-31 09:57:14,24750.0,100,Sell,227574628
2024-07-31 09:57:16,24750.0,1000,Buy,227574664
2024-07-31 09:57:17,24750.0,500,Buy,227574673
2024-07-31 09:57:24,24750.0,200,Buy,227574820
2024-07-31 09:57:26,24700.0,1000,Sell,227574856
2024-07-31 09:57:32,24750.0,200,Buy,227574972
2024-07-31 09:57:36,24750.0,1300,Buy,227575054
2024-07-31 09:57:36,24750.0,100,Buy,227575053
2024-07-31 09:57:36,24750.0,100,Buy,227575052
2024-07-31 09:57:36,24750.0,200,Buy,227575050
2024-07-31 09:57:36,24750.0,1000,Buy,227575051
2024-07-31 09:57:36,24750.0,500,Buy,227575049
2024-07-31 09:57:36,24750.0,14900,Buy,227575045
2024-07-31 09:57:36,24750.0,400,Buy,227575047
2024-07-31 09:57:36,24750.0,1000,Buy,227575046
2024-07-31 09:57:36,24750.0,100,Buy,227575036
2024-07-31 09:57:36,24750.0,500,Buy,227575035
2024-07-31 09:57:36,24750.0,3000,Buy,227575034
2024-07-31 09:57:36,24750.0,500,Buy,227575048
2024-07-31 09:57:37,24750.0,500,Buy,227575062
2024-07-31 09:57:40,24750.0,200,Buy,227575111
2024-07-31 09:57:40,24750.0,100,Buy,227575112
2024-07-31 09:57:42,24700.0,1000,Sell,227575168
2024-07-31 09:57:44,24750.0,400,Buy,227575202
2024-07-31 09:57:45,24750.0,5000,Buy,227575231
2024-07-31 09:57:45,24750.0,1000,Buy,227575232
2024-07-31 09:57:45,24750.0,3000,Buy,227575229
2024-07-31 09:57:45,24750.0,500,Buy,227575230
2024-07-31 09:57:45,24750.0,500,Buy,227575228
2024-07-31 09:57:46,24750.0,45000,Buy,227575266
2024-07-31 09:57:47,24700.0,1100,Sell,227575282
2024-07-31 09:57:47,24700.0,400,Sell,227575281
2024-07-31 09:57:47,24750.0,600,Buy,227575283
2024-07-31 09:57:49,24750.0,2000,Buy,227575303
2024-07-31 09:57:51,24750.0,200,Buy,227575338
2024-07-31 09:57:55,24700.0,5000,Sell,227575390
2024-07-31 09:57:57,24750.0,1200,Buy,227575419
2024-07-31 09:57:57,24750.0,100,Buy,227575420
2024-07-31 09:57:57,24750.0,1400,Buy,227575421
2024-07-31 09:57:57,24750.0,6800,Buy,227575433
2024-07-31 09:57:57,24750.0,100,Buy,227575423
2024-07-31 09:57:57,24750.0,17000,Buy,227575424
2024-07-31 09:57:57,24750.0,400,Buy,227575429
2024-07-31 09:57:57,24750.0,2600,Buy,227575430
2024-07-31 09:57:57,24750.0,500,Buy,227575431
2024-07-31 09:57:57,24750.0,100,Buy,227575432
2024-07-31 09:57:57,24750.0,200,Buy,227575422
2024-07-31 09:57:59,24700.0,1000,Sell,227575463
2024-07-31 09:58:00,24750.0,1800,Buy,227575471
2024-07-31 09:58:00,24750.0,3200,Buy,227575470
2024-07-31 09:58:02,24750.0,200,Buy,227575514
2024-07-31 09:58:15,24700.0,500,Sell,227575754
2024-07-31 09:58:16,24700.0,1000,Sell,227575778
2024-07-31 09:58:17,24750.0,900,Buy,227575791
2024-07-31 09:58:27,24750.0,300,Buy,227576000
2024-07-31 09:58:33,24700.0,1000,Sell,227576263
2024-07-31 09:58:39,24750.0,500,Buy,227576414
2024-07-31 09:58:47,24700.0,2000,Sell,227576558
2024-07-31 09:58:50,24700.0,1000,Sell,227576679
2024-07-31 09:58:55,24750.0,10000,Buy,227576742
2024-07-31 09:58:55,24750.0,58000,Buy,227576745
2024-07-31 09:58:55,24750.0,4000,Buy,227576744
2024-07-31 09:58:55,24750.0,100,Buy,227576743
2024-07-31 09:58:55,24750.0,100,Buy,227576741
2024-07-31 09:58:55,24750.0,400,Buy,227576738
2024-07-31 09:58:55,24750.0,5000,Buy,227576739
2024-07-31 09:58:55,24700.0,1500,Sell,227576734
2024-07-31 09:58:55,24750.0,1000,Buy,227576737
2024-07-31 09:58:55,24750.0,21300,Buy,227576736
2024-07-31 09:58:55,24750.0,100,Buy,227576740
2024-07-31 09:59:01,24700.0,200,Sell,227576849
2024-07-31 09:59:03,24750.0,200,Buy,227576910
2024-07-31 09:59:04,24750.0,200,Buy,227576913
2024-07-31 09:59:04,24750.0,14600,Buy,227576920
2024-07-31 09:59:04,24750.0,700,Buy,227576921
2024-07-31 09:59:04,24750.0,1000,Buy,227576922
2024-07-31 09:59:04,24750.0,2000,Buy,227576926
2024-07-31 09:59:04,24750.0,200,Buy,227576927
2024-07-31 09:59:04,24750.0,1500,Buy,227576928
2024-07-31 09:59:05,24700.0,1600,Sell,227576951
2024-07-31 09:59:05,24700.0,300,Sell,227576944
2024-07-31 09:59:05,24700.0,1700,Sell,227576943
2024-07-31 09:59:06,24700.0,1100,Sell,227577008
2024-07-31 09:59:06,24700.0,400,Sell,227577009
2024-07-31 09:59:06,24700.0,1000,Sell,227577010
2024-07-31 09:59:07,24750.0,5000,Buy,227577029
2024-07-31 09:59:09,24750.0,500,Buy,227577128
2024-07-31 09:59:09,24750.0,1300,Buy,227577127
2024-07-31 09:59:09,24750.0,3700,Buy,227577126
2024-07-31 09:59:09,24750.0,2500,Buy,227577125
2024-07-31 09:59:09,24750.0,5000,Buy,227577120
2024-07-31 09:59:09,24750.0,400,Buy,227577123
2024-07-31 09:59:09,24750.0,300,Buy,227577121
2024-07-31 09:59:09,24750.0,5000,Buy,227577119
2024-07-31 09:59:09,24750.0,1000,Buy,227577124
2024-07-31 09:59:09,24750.0,10000,Buy,227577117
2024-07-31 09:59:09,24750.0,2000,Buy,227577118
2024-07-31 09:59:09,24750.0,8500,Buy,227577109
2024-07-31 09:59:09,24750.0,100,Buy,227577110
2024-07-31 09:59:09,24750.0,2000,Buy,227577111
2024-07-31 09:59:09,24750.0,1000,Buy,227577112
2024-07-31 09:59:09,24750.0,200,Buy,227577122
2024-07-31 09:59:09,24750.0,500,Buy,227577114
2024-07-31 09:59:09,24750.0,500,Buy,227577115
2024-07-31 09:59:09,24750.0,300,Buy,227577116
2024-07-31 09:59:09,24750.0,2000,Buy,227577113
2024-07-31 09:59:10,24750.0,5000,Buy,227577129
2024-07-31 09:59:10,24750.0,500,Buy,227577130
2024-07-31 09:59:10,24750.0,100,Buy,227577131
2024-07-31 09:59:10,24750.0,300,Buy,227577134
2024-07-31 09:59:10,24750.0,100,Buy,227577135
2024-07-31 09:59:10,24750.0,100,Buy,227577136
2024-07-31 09:59:10,24750.0,2100,Buy,227577137
2024-07-31 09:59:12,24750.0,900,Buy,227577178
2024-07-31 09:59:12,24750.0,400,Buy,227577179
2024-07-31 09:59:12,24700.0,200,Sell,227577181
2024-07-31 09:59:12,24750.0,300,Buy,227577182
2024-07-31 09:59:13,24700.0,3400,Sell,227577268
2024-07-31 09:59:13,24750.0,200,Buy,227577242
2024-07-31 09:59:13,24750.0,300,Buy,227577243
2024-07-31 09:59:13,24750.0,300,Buy,227577241
2024-07-31 09:59:14,24750.0,3000,Buy,227577273
2024-07-31 09:59:14,24750.0,6700,Buy,227577297
2024-07-31 09:59:14,24750.0,100,Buy,227577298
2024-07-31 09:59:14,24750.0,100,Buy,227577299
2024-07-31 09:59:14,24750.0,7000,Buy,227577300
2024-07-31 09:59:14,24750.0,100,Buy,227577301
2024-07-31 09:59:17,24750.0,6000,Sell,227577332
2024-07-31 09:59:17,24750.0,200,Sell,227577333
2024-07-31 09:59:17,24750.0,10000,Sell,227577334
2024-07-31 09:59:23,24700.0,1000,Sell,227577470
2024-07-31 09:59:29,24700.0,1000,Sell,227577613
2024-07-31 09:59:29,24700.0,1200,Sell,227577611
2024-07-31 09:59:29,24750.0,3500,Buy,227577612
2024-07-31 09:59:37,24750.0,20000,Buy,227577843
2024-07-31 09:59:37,24750.0,100,Buy,227577845
2024-07-31 09:59:40,24700.0,1000,Sell,227577930
2024-07-31 09:59:43,24750.0,2000,Buy,227577973
2024-07-31 09:59:46,24750.0,1000,Buy,227578019
2024-07-31 09:59:46,24750.0,100,Buy,227578020
2024-07-31 09:59:46,24750.0,3500,Buy,227578021
2024-07-31 09:59:46,24750.0,1000,Buy,227578022
2024-07-31 09:59:46,24750.0,100,Buy,227578023
2024-07-31 09:59:46,24750.0,12500,Buy,227578024
2024-07-31 09:59:46,24750.0,500,Buy,227578025
2024-07-31 09:59:46,24750.0,700,Buy,227578026
2024-07-31 09:59:46,24750.0,1000,Buy,227578027
2024-07-31 09:59:46,24750.0,38200,Buy,227578018
2024-07-31 09:59:47,24750.0,400,Sell,227578081
2024-07-31 09:59:48,24750.0,100,Sell,227578096
2024-07-31 09:59:49,24750.0,500,Sell,227578116
2024-07-31 09:59:50,24750.0,400,Sell,227578134
2024-07-31 09:59:51,24750.0,1000,Buy,227578144
2024-07-31 09:59:57,24700.0,1000,Sell,227578251
2024-07-31 10:00:01,24750.0,18600,Buy,227578328
2024-07-31 10:00:01,24750.0,5000,Buy,227578332
2024-07-31 10:00:01,24750.0,1000,Buy,227578329
2024-07-31 10:00:01,24750.0,3000,Buy,227578330
2024-07-31 10:00:01,24750.0,500,Buy,227578331
2024-07-31 10:00:02,24750.0,1000,Sell,227578343
2024-07-31 10:00:03,24750.0,100,Sell,227578383
2024-07-31 10:00:05,24750.0,800,Sell,227578414
2024-07-31 10:00:05,24750.0,200,Sell,227578415
2024-07-31 10:00:08,24800.0,100,Buy,227578547
2024-07-31 10:00:09,24750.0,800,Sell,227578559
2024-07-31 10:00:09,24750.0,4200,Sell,227578560
2024-07-31 10:00:09,24750.0,5000,Sell,227578561
2024-07-31 10:00:11,24750.0,100,Sell,227578615
2024-07-31 10:00:12,24750.0,500,Sell,227578628
2024-07-31 10:00:14,24750.0,4000,Sell,227578669
2024-07-31 10:00:17,24750.0,1000,Sell,227578711
2024-07-31 10:00:18,24750.0,1000,Sell,227578757
2024-07-31 10:00:20,24750.0,800,Sell,227578791
2024-07-31 10:00:20,24750.0,4200,Sell,227578790
2024-07-31 10:00:21,24750.0,500,Sell,227578830
2024-07-31 10:00:21,24750.0,100,Sell,227578829
2024-07-31 10:00:22,24750.0,100,Sell,227578846
2024-07-31 10:00:26,24800.0,3000,Buy,227578933
2024-07-31 10:00:27,24750.0,1000,Sell,227578964
2024-07-31 10:00:27,24750.0,3000,Sell,227578965
2024-07-31 10:00:27,24750.0,400,Sell,227578966
2024-07-31 10:00:27,24750.0,600,Buy,227578992
2024-07-31 10:00:27,24750.0,900,Buy,227578993
2024-07-31 10:00:28,24750.0,2100,Buy,227579009
2024-07-31 10:00:30,24750.0,200,Sell,227579045
2024-07-31 10:00:33,24750.0,800,Sell,227579156
2024-07-31 10:00:33,24750.0,200,Sell,227579155
2024-07-31 10:00:37,24750.0,2200,Sell,227579236
2024-07-31 10:00:37,24750.0,300,Sell,227579237
2024-07-31 10:00:43,24750.0,500,Sell,227579472
2024-07-31 10:00:46,24750.0,600,Sell,227579716
2024-07-31 10:00:47,24750.0,6500,Sell,227579758
2024-07-31 10:00:49,24750.0,1000,Sell,227579813
2024-07-31 10:00:49,24750.0,5000,Sell,227579814
2024-07-31 10:00:54,24750.0,800,Sell,227579938
2024-07-31 10:00:56,24750.0,1500,Sell,227579972
2024-07-31 10:00:56,24750.0,2000,Sell,227579958
2024-07-31 10:00:58,24800.0,2000,Buy,227580020
2024-07-31 10:01:03,24800.0,1000,Buy,227580088
2024-07-31 10:01:04,24750.0,1000,Sell,227580139
2024-07-31 10:01:06,24750.0,10000,Sell,227580158
2024-07-31 10:01:07,24800.0,1000,Buy,227580203
2024-07-31 10:01:13,24800.0,1000,Buy,227580286
2024-07-31 10:01:18,24800.0,200,Buy,227580416
2024-07-31 10:01:20,24750.0,1000,Sell,227580462
2024-07-31 10:01:28,24750.0,2000,Sell,227580578
2024-07-31 10:01:35,24800.0,200,Buy,227580734
2024-07-31 10:01:36,24750.0,1000,Sell,227580761
2024-07-31 10:01:36,24750.0,600,Sell,227580760
2024-07-31 10:01:37,24800.0,500,Buy,227580764
2024-07-31 10:01:42,24800.0,500,Buy,227580918
2024-07-31 10:01:44,24800.0,500,Buy,227580971
2024-07-31 10:01:45,24750.0,1600,Sell,227580976
2024-07-31 10:01:47,24800.0,2800,Buy,227581022
2024-07-31 10:01:47,24800.0,500,Buy,227581023
2024-07-31 10:01:51,24750.0,1000,Sell,227581103
2024-07-31 10:01:53,24800.0,600,Buy,227581119
2024-07-31 10:02:00,24800.0,100,Buy,227581230
2024-07-31 10:02:01,24750.0,500,Sell,227581264
2024-07-31 10:02:04,24750.0,100,Sell,227581298
2024-07-31 10:02:06,24800.0,100,Buy,227581320
2024-07-31 10:02:06,24750.0,10000,Sell,227581323
2024-07-31 10:02:07,24750.0,1000,Sell,227581376
2024-07-31 10:02:14,24750.0,400,Sell,227581487
2024-07-31 10:02:18,24800.0,800,Buy,227581530
2024-07-31 10:02:22,24750.0,1000,Sell,227581633
2024-07-31 10:02:29,24750.0,500,Sell,227581744
2024-07-31 10:02:32,24800.0,600,Buy,227581786
2024-07-31 10:02:36,24800.0,2600,Buy,227581881
2024-07-31 10:02:38,24750.0,1000,Sell,227581922
2024-07-31 10:02:51,24800.0,4200,Buy,227582159
2024-07-31 10:02:51,24750.0,2000,Sell,227582157
2024-07-31 10:02:51,24800.0,5800,Buy,227582158
2024-07-31 10:02:53,24750.0,1000,Sell,227582183
2024-07-31 10:02:53,24800.0,700,Buy,227582184
2024-07-31 10:03:01,24800.0,2000,Buy,227582311
2024-07-31 10:03:01,24800.0,21200,Buy,227582327
2024-07-31 10:03:02,24800.0,10000,Buy,227582376
2024-07-31 10:03:02,24800.0,500,Buy,227582368
2024-07-31 10:03:02,24800.0,100,Buy,227582369
2024-07-31 10:03:02,24800.0,500,Buy,227582370
2024-07-31 10:03:02,24800.0,100,Buy,227582371
2024-07-31 10:03:02,24800.0,100,Buy,227582372
2024-07-31 10:03:02,24800.0,500,Buy,227582373
2024-07-31 10:03:02,24800.0,100,Buy,227582374
2024-07-31 10:03:02,24800.0,1000,Buy,227582375
2024-07-31 10:03:02,24800.0,300,Buy,227582377
2024-07-31 10:03:02,24750.0,1000,Sell,227582400
2024-07-31 10:03:02,24800.0,300,Buy,227582379
2024-07-31 10:03:02,24800.0,100,Buy,227582380
2024-07-31 10:03:02,24800.0,1000,Buy,227582381
2024-07-31 10:03:02,24800.0,5000,Buy,227582382
2024-07-31 10:03:02,24800.0,10000,Buy,227582383
2024-07-31 10:03:02,24800.0,5000,Buy,227582384
2024-07-31 10:03:02,24800.0,100,Buy,227582385
2024-07-31 10:03:02,24800.0,1200,Buy,227582386
2024-07-31 10:03:02,24800.0,30000,Buy,227582367
2024-07-31 10:03:02,24800.0,500,Buy,227582378
2024-07-31 10:03:02,24800.0,100,Buy,227582366
2024-07-31 10:03:02,24800.0,6400,Buy,227582337
2024-07-31 10:03:02,24800.0,100,Buy,227582364
2024-07-31 10:03:02,24800.0,200,Buy,227582365
2024-07-31 10:03:02,24800.0,200,Buy,227582330
2024-07-31 10:03:02,24800.0,5000,Buy,227582331
2024-07-31 10:03:02,24800.0,500,Buy,227582332
2024-07-31 10:03:02,24800.0,200,Buy,227582333
2024-07-31 10:03:02,24800.0,1000,Buy,227582334
2024-07-31 10:03:02,24800.0,5000,Buy,227582336
2024-07-31 10:03:02,24800.0,100,Buy,227582329
2024-07-31 10:03:02,24800.0,500,Buy,227582338
2024-07-31 10:03:02,24800.0,100,Buy,227582339
2024-07-31 10:03:02,24800.0,100,Buy,227582335
2024-07-31 10:03:02,24800.0,40300,Buy,227582355
2024-07-31 10:03:02,24800.0,20000,Buy,227582356
2024-07-31 10:03:02,24800.0,300,Buy,227582357
2024-07-31 10:03:02,24800.0,1300,Buy,227582363
2024-07-31 10:03:02,24800.0,100,Buy,227582358
2024-07-31 10:03:02,24800.0,100,Buy,227582359
2024-07-31 10:03:02,24800.0,20000,Buy,227582360
2024-07-31 10:03:02,24800.0,100,Buy,227582361
2024-07-31 10:03:02,24800.0,1000,Buy,227582362
2024-07-31 10:03:02,24800.0,9700,Buy,227582340
2024-07-31 10:03:03,24800.0,8800,Buy,227582414
2024-07-31 10:03:03,24800.0,11200,Buy,227582415
2024-07-31 10:03:04,24800.0,100,Buy,227582450
2024-07-31 10:03:05,24800.0,10000,Buy,227582482
2024-07-31 10:03:06,24800.0,2400,Buy,227582508
2024-07-31 10:03:06,24800.0,1000,Buy,227582507
2024-07-31 10:03:06,24800.0,100,Buy,227582506
