time,price,volume,match_type,id
2024-07-26 09:14:40,23900.0,66300,ATO/ATC,226562525
2024-07-26 09:14:40,23950.0,100,Buy,226562584
2024-07-26 09:14:41,23950.0,100,Buy,226562600
2024-07-26 09:14:49,23950.0,100,Buy,226562705
2024-07-26 09:14:49,23950.0,100,Buy,226562704
2024-07-26 09:14:49,23900.0,100,Sell,226562690
2024-07-26 09:14:49,23900.0,600,Sell,226562692
2024-07-26 09:14:49,23950.0,2800,Buy,226562703
2024-07-26 09:14:49,23900.0,300,Sell,226562691
2024-07-26 09:14:59,23950.0,100,Buy,226562822
2024-07-26 09:14:59,23950.0,100,Buy,226562821
2024-07-26 09:14:59,23950.0,100,Buy,226562818
2024-07-26 09:14:59,23950.0,100,Buy,226562819
2024-07-26 09:14:59,23950.0,100,Buy,226562820
2024-07-26 09:15:21,24000.0,1000,Buy,226563181
2024-07-26 09:15:21,24000.0,18800,Buy,226563183
2024-07-26 09:15:21,24000.0,100,Buy,226563180
2024-07-26 09:15:21,24000.0,100,Buy,226563182
2024-07-26 09:15:32,24000.0,1200,Buy,226563305
2024-07-26 09:15:32,24000.0,500,Buy,226563306
2024-07-26 09:15:32,24000.0,100,Buy,226563307
2024-07-26 09:15:32,24000.0,100,Buy,226563308
2024-07-26 09:15:32,24000.0,500,Buy,226563309
2024-07-26 09:15:32,24000.0,300,Buy,226563314
2024-07-26 09:15:32,24000.0,300,Buy,226563315
2024-07-26 09:15:32,24000.0,400,Buy,226563316
2024-07-26 09:15:32,24000.0,1000,Buy,226563313
2024-07-26 09:15:47,24000.0,600,Sell,226563516
2024-07-26 09:15:47,24000.0,2000,Sell,226563517
2024-07-26 09:15:47,24000.0,400,Sell,226563518
2024-07-26 09:16:02,24050.0,100,Buy,226563796
2024-07-26 09:16:05,24050.0,100,Buy,226563822
2024-07-26 09:16:05,24050.0,100,Buy,226563820
2024-07-26 09:16:05,24050.0,100,Buy,226563821
2024-07-26 09:16:09,24000.0,600,Sell,226563904
2024-07-26 09:16:09,24000.0,400,Sell,226563905
2024-07-26 09:16:09,24000.0,2000,Sell,226563906
2024-07-26 09:16:16,24000.0,100,Buy,226564050
2024-07-26 09:16:16,24000.0,500,Buy,226564051
2024-07-26 09:16:22,24000.0,1000,Buy,226564127
2024-07-26 09:16:29,24000.0,2000,Buy,226564210
2024-07-26 09:16:36,24000.0,300,Buy,226564294
2024-07-26 09:16:38,24000.0,4900,Buy,226564338
2024-07-26 09:16:38,24000.0,2000,Buy,226564337
2024-07-26 09:16:38,24000.0,8100,Buy,226564336
2024-07-26 09:16:43,24000.0,100,Buy,226564424
2024-07-26 09:16:43,24000.0,100,Buy,226564425
2024-07-26 09:16:44,24000.0,200,Buy,226564436
2024-07-26 09:17:00,23950.0,500,Sell,226564763
2024-07-26 09:17:00,23950.0,100,Sell,226564764
2024-07-26 09:17:00,23950.0,400,Sell,226564765
2024-07-26 09:17:23,23950.0,300,Sell,226565112
2024-07-26 09:17:28,24000.0,300,Buy,226565215
2024-07-26 09:17:40,23950.0,300,Sell,226565395
2024-07-26 09:17:40,23950.0,200,Sell,226565396
2024-07-26 09:17:45,23950.0,500,Sell,226565479
2024-07-26 09:17:45,23950.0,2000,Sell,226565478
2024-07-26 09:17:45,23950.0,300,Sell,226565477
2024-07-26 09:17:45,23950.0,500,Sell,226565476
2024-07-26 09:17:45,23950.0,200,Sell,226565475
2024-07-26 09:17:45,23950.0,700,Sell,226565473
2024-07-26 09:17:45,23950.0,1300,Sell,226565466
2024-07-26 09:17:45,23950.0,100,Sell,226565471
2024-07-26 09:17:45,23950.0,4000,Sell,226565470
2024-07-26 09:17:45,23950.0,1000,Sell,226565469
2024-07-26 09:17:45,23950.0,8000,Sell,226565468
2024-07-26 09:17:45,23950.0,1000,Sell,226565467
2024-07-26 09:17:45,23950.0,800,Sell,226565472
2024-07-26 09:17:45,23950.0,1000,Sell,226565474
2024-07-26 09:17:47,24000.0,100,Buy,226565509
2024-07-26 09:17:47,24000.0,1300,Buy,226565511
2024-07-26 09:17:47,24000.0,1000,Buy,226565510
2024-07-26 09:17:47,24000.0,2000,Buy,226565508
2024-07-26 09:17:47,24000.0,200,Buy,226565506
2024-07-26 09:17:47,24000.0,4700,Buy,226565505
2024-07-26 09:17:47,23950.0,100,Buy,226565504
2024-07-26 09:17:47,23950.0,8600,Buy,226565503
2024-07-26 09:17:47,24000.0,2000,Buy,226565507
2024-07-26 09:17:50,24000.0,700,Buy,226565567
2024-07-26 09:17:51,24000.0,500,Buy,226565584
2024-07-26 09:17:51,24000.0,2100,Buy,226565582
2024-07-26 09:17:51,24000.0,1000,Buy,226565583
2024-07-26 09:17:51,24000.0,2000,Buy,226565580
2024-07-26 09:17:51,24000.0,500,Buy,226565579
2024-07-26 09:17:51,24000.0,100,Buy,226565581
2024-07-26 09:18:01,24000.0,500,Buy,226565738
2024-07-26 09:18:01,24000.0,500,Buy,226565739
2024-07-26 09:18:05,24000.0,400,Buy,226565817
2024-07-26 09:18:11,24000.0,1100,Buy,226565916
2024-07-26 09:18:11,24000.0,500,Buy,226565917
2024-07-26 09:18:11,24000.0,1500,Buy,226565918
2024-07-26 09:18:11,24000.0,1900,Buy,226565919
2024-07-26 09:18:23,24000.0,100,Buy,226566202
2024-07-26 09:18:23,24000.0,4500,Buy,226566203
2024-07-26 09:18:23,24000.0,300,Buy,226566201
2024-07-26 09:18:23,24000.0,100,Buy,226566200
2024-07-26 09:18:34,24000.0,2000,Buy,226566409
2024-07-26 09:18:39,24000.0,5000,Buy,226566475
2024-07-26 09:18:40,24000.0,100,Buy,226566504
2024-07-26 09:18:49,24000.0,2800,Buy,226566649
2024-07-26 09:18:49,24000.0,200,Buy,226566650
2024-07-26 09:18:49,24000.0,100,Buy,226566651
2024-07-26 09:18:49,24000.0,6900,Buy,226566652
2024-07-26 09:18:49,24000.0,100,Buy,226566661
2024-07-26 09:18:54,23950.0,3000,Sell,226566761
2024-07-26 09:18:56,23950.0,1000,Sell,226566787
2024-07-26 09:19:09,24000.0,500,Buy,226567051
2024-07-26 09:19:09,23950.0,100,Sell,226567062
2024-07-26 09:19:10,23950.0,1000,Sell,226567083
2024-07-26 09:19:14,24000.0,5000,Buy,226567150
2024-07-26 09:19:21,23950.0,1000,Sell,226567270
2024-07-26 09:19:23,23950.0,100,Sell,226567310
2024-07-26 09:19:40,24000.0,300,Buy,226567665
2024-07-26 09:19:52,23950.0,2000,Sell,226567883
2024-07-26 09:19:59,23950.0,200,Sell,226567990
2024-07-26 09:19:59,24000.0,1500,Buy,226567980
2024-07-26 09:20:01,24000.0,4000,Buy,226568008
2024-07-26 09:20:10,24000.0,1000,Buy,226568178
2024-07-26 09:20:34,24000.0,1000,Buy,226568625
2024-07-26 09:20:36,24000.0,2000,Buy,226568642
2024-07-26 09:20:37,24000.0,2000,Buy,226568651
2024-07-26 09:20:55,24000.0,800,Buy,226568914
2024-07-26 09:20:55,24000.0,700,Buy,226568912
2024-07-26 09:20:55,24000.0,500,Buy,226568913
2024-07-26 09:20:58,23950.0,200,Sell,226568985
2024-07-26 09:20:58,23950.0,500,Sell,226568984
2024-07-26 09:20:58,23950.0,200,Sell,226568983
2024-07-26 09:20:58,23950.0,1500,Sell,226568982
2024-07-26 09:20:58,23950.0,200,Sell,226568978
2024-07-26 09:20:58,23950.0,300,Sell,226568980
2024-07-26 09:20:58,23950.0,500,Sell,226568979
2024-07-26 09:20:58,23950.0,3000,Sell,226568977
2024-07-26 09:20:58,23950.0,400,Sell,226568981
2024-07-26 09:20:58,23950.0,4000,Sell,226568975
2024-07-26 09:20:58,23950.0,1600,Sell,226568967
2024-07-26 09:20:58,23950.0,1000,Sell,226568968
2024-07-26 09:20:58,23950.0,6300,Sell,226568969
2024-07-26 09:20:58,23950.0,2000,Sell,226568970
2024-07-26 09:20:58,23950.0,10000,Sell,226568976
2024-07-26 09:20:58,23950.0,500,Sell,226568972
2024-07-26 09:20:58,23950.0,800,Sell,226568973
2024-07-26 09:20:58,23950.0,15000,Sell,226568974
2024-07-26 09:20:58,23950.0,100,Sell,226568971
2024-07-26 09:21:00,23950.0,200,Buy,226569007
2024-07-26 09:21:04,23950.0,500,Buy,226569088
2024-07-26 09:21:08,24000.0,200,Buy,226569185
2024-07-26 09:21:08,23950.0,500,Buy,226569181
2024-07-26 09:21:08,23950.0,16200,Buy,226569180
2024-07-26 09:21:16,23950.0,3300,Sell,226569303
2024-07-26 09:21:16,23950.0,400,Sell,226569304
2024-07-26 09:21:18,24000.0,500,Buy,226569334
2024-07-26 09:21:35,24000.0,500,Buy,226569560
2024-07-26 09:21:36,24000.0,200,Buy,226569572
2024-07-26 09:21:36,24000.0,200,Buy,226569589
2024-07-26 09:21:42,23950.0,300,Sell,226569714
2024-07-26 09:21:42,23950.0,4700,Sell,226569715
2024-07-26 09:21:50,23950.0,2000,Sell,226569866
2024-07-26 09:22:00,23950.0,200,Sell,226570029
2024-07-26 09:22:29,23950.0,900,Sell,226570523
2024-07-26 09:22:31,23950.0,5000,Sell,226570559
2024-07-26 09:22:31,23950.0,10000,Sell,226570554
2024-07-26 09:22:32,23950.0,27200,Sell,226570624
2024-07-26 09:22:32,23950.0,500,Sell,226570625
2024-07-26 09:22:32,23950.0,500,Sell,226570626
2024-07-26 09:22:32,23950.0,200,Sell,226570627
2024-07-26 09:22:32,23950.0,100,Sell,226570628
2024-07-26 09:22:32,23950.0,1100,Sell,226570629
2024-07-26 09:22:32,23950.0,2000,Sell,226570630
2024-07-26 09:22:32,23950.0,500,Sell,226570631
2024-07-26 09:22:32,23950.0,500,Sell,226570632
2024-07-26 09:22:32,23950.0,700,Sell,226570633
2024-07-26 09:22:38,23900.0,4500,Sell,226570737
2024-07-26 09:22:38,23950.0,300,Sell,226570734
2024-07-26 09:22:38,23950.0,100,Sell,226570735
2024-07-26 09:22:38,23950.0,100,Sell,226570736
2024-07-26 09:22:48,23950.0,500,Sell,226570902
2024-07-26 09:22:48,23950.0,3500,Sell,226570903
2024-07-26 09:22:49,23950.0,16500,Sell,226570912
2024-07-26 09:22:50,23950.0,500,Buy,226570924
2024-07-26 09:23:00,23950.0,500,Buy,226571118
2024-07-26 09:23:01,23950.0,500,Buy,226571144
2024-07-26 09:23:01,23950.0,2000,Buy,226571145
2024-07-26 09:23:07,23950.0,6000,Sell,226571282
2024-07-26 09:23:09,23950.0,6000,Sell,226571309
2024-07-26 09:23:10,23950.0,2000,Sell,226571340
2024-07-26 09:23:11,23950.0,2000,Sell,226571346
2024-07-26 09:23:21,23950.0,1500,Sell,226571514
2024-07-26 09:23:21,23950.0,500,Sell,226571517
2024-07-26 09:23:32,23950.0,100,Sell,226571716
2024-07-26 09:23:32,23950.0,400,Sell,226571717
2024-07-26 09:23:34,23950.0,1000,Sell,226571758
2024-07-26 09:23:43,23950.0,1000,Sell,226571939
2024-07-26 09:23:44,23950.0,1000,Sell,226571952
2024-07-26 09:23:50,23950.0,100,Sell,226572088
2024-07-26 09:23:50,23950.0,2200,Sell,226572087
2024-07-26 09:23:50,23950.0,5000,Sell,226572086
2024-07-26 09:23:50,23950.0,15000,Sell,226572085
2024-07-26 09:23:50,23950.0,2000,Sell,226572083
2024-07-26 09:23:50,23950.0,500,Sell,226572081
2024-07-26 09:23:50,23950.0,1600,Sell,226572080
2024-07-26 09:23:50,23950.0,15000,Sell,226572084
2024-07-26 09:23:50,23950.0,400,Sell,226572082
2024-07-26 09:23:53,23950.0,1000,Buy,226572143
2024-07-26 09:23:55,23950.0,100,Buy,226572199
2024-07-26 09:23:56,23950.0,2000,Buy,226572237
2024-07-26 09:24:04,23950.0,300,Buy,226572354
2024-07-26 09:24:09,23950.0,100,Buy,226572461
2024-07-26 09:24:10,23950.0,2000,Buy,226572479
2024-07-26 09:24:13,23950.0,20000,Buy,226572516
2024-07-26 09:24:19,23950.0,2000,Buy,226572601
2024-07-26 09:24:31,23950.0,100,Buy,226572794
2024-07-26 09:24:34,23950.0,300,Buy,226572862
2024-07-26 09:24:37,23900.0,9900,Sell,226572979
2024-07-26 09:24:37,23900.0,100,Sell,226572980
2024-07-26 09:24:39,23950.0,100,Buy,226573015
2024-07-26 09:24:43,23950.0,100,Buy,226573120
2024-07-26 09:24:50,23950.0,2000,Buy,226573252
2024-07-26 09:24:52,23950.0,100,Buy,226573290
2024-07-26 09:25:00,23950.0,3000,Buy,226573438
2024-07-26 09:25:00,23950.0,400,Buy,226573439
2024-07-26 09:25:00,23950.0,1600,Buy,226573440
2024-07-26 09:25:01,23950.0,500,Buy,226573465
2024-07-26 09:25:09,23950.0,200,Buy,226573602
2024-07-26 09:25:15,23950.0,3000,Buy,226573683
2024-07-26 09:25:27,23900.0,200,Sell,226573903
2024-07-26 09:25:27,23900.0,200,Sell,226573902
2024-07-26 09:25:27,23900.0,100,Sell,226573901
2024-07-26 09:25:41,23900.0,100,Sell,226574161
2024-07-26 09:25:41,23900.0,200,Sell,226574162
2024-07-26 09:25:55,23900.0,100,Sell,226574383
2024-07-26 09:25:55,23900.0,3000,Sell,226574384
2024-07-26 09:25:55,23900.0,6900,Sell,226574385
2024-07-26 09:26:07,23900.0,3100,Sell,226574617
2024-07-26 09:26:07,23900.0,1000,Sell,226574618
2024-07-26 09:26:07,23900.0,900,Sell,226574619
2024-07-26 09:26:10,23900.0,4400,Sell,226574659
2024-07-26 09:26:12,23900.0,1400,Sell,226574718
2024-07-26 09:26:12,23900.0,100,Sell,226574717
2024-07-26 09:26:12,23900.0,200,Sell,226574716
2024-07-26 09:26:12,23900.0,4000,Sell,226574715
2024-07-26 09:26:12,23900.0,200,Sell,226574711
2024-07-26 09:26:12,23900.0,1000,Sell,226574713
2024-07-26 09:26:12,23900.0,1000,Sell,226574712
2024-07-26 09:26:12,23900.0,2000,Sell,226574714
2024-07-26 09:26:12,23900.0,4700,Sell,226574710
2024-07-26 09:26:17,23950.0,100,Buy,226574798
2024-07-26 09:26:31,23900.0,100,Sell,226575042
2024-07-26 09:26:33,23950.0,500,Buy,226575085
2024-07-26 09:26:34,23950.0,100,Buy,226575097
2024-07-26 09:26:35,23950.0,1000,Buy,226575122
2024-07-26 09:26:44,23900.0,1200,Sell,226575276
2024-07-26 09:27:02,23950.0,300,Buy,226575591
2024-07-26 09:27:04,23900.0,2300,Sell,226575622
2024-07-26 09:27:04,23900.0,600,Sell,226575623
2024-07-26 09:27:04,23900.0,900,Sell,226575624
2024-07-26 09:27:04,23900.0,100,Sell,226575625
2024-07-26 09:27:12,23900.0,200,Sell,226575746
2024-07-26 09:27:12,23900.0,400,Sell,226575745
2024-07-26 09:27:12,23900.0,3000,Sell,226575744
2024-07-26 09:27:12,23900.0,5800,Sell,226575740
2024-07-26 09:27:12,23900.0,100,Sell,226575742
2024-07-26 09:27:12,23900.0,3000,Sell,226575741
2024-07-26 09:27:12,23900.0,900,Sell,226575739
2024-07-26 09:27:12,23900.0,1000,Sell,226575743
2024-07-26 09:27:22,23900.0,7400,Sell,226575967
2024-07-26 09:27:22,23900.0,3000,Sell,226575965
2024-07-26 09:27:22,23900.0,3700,Sell,226575966
2024-07-26 09:27:22,23900.0,300,Sell,226575963
2024-07-26 09:27:22,23900.0,300,Sell,226575962
2024-07-26 09:27:22,23900.0,100,Sell,226575961
2024-07-26 09:27:22,23900.0,200,Sell,226575964
2024-07-26 09:27:34,23950.0,100,Buy,226576180
2024-07-26 09:27:37,23900.0,2000,Sell,226576243
2024-07-26 09:27:37,23900.0,100,Sell,226576242
2024-07-26 09:27:37,23900.0,100,Sell,226576241
2024-07-26 09:27:37,23900.0,5000,Sell,226576239
2024-07-26 09:27:37,23900.0,100,Sell,226576238
2024-07-26 09:27:37,23900.0,500,Sell,226576237
2024-07-26 09:27:37,23900.0,500,Sell,226576236
2024-07-26 09:27:37,23900.0,500,Sell,226576235
2024-07-26 09:27:37,23900.0,100,Sell,226576234
2024-07-26 09:27:37,23900.0,100,Sell,226576233
2024-07-26 09:27:37,23900.0,2000,Sell,226576232
2024-07-26 09:27:37,23900.0,100,Sell,226576240
2024-07-26 09:27:37,23900.0,100,Sell,226576230
2024-07-26 09:27:37,23900.0,5000,Sell,226576220
2024-07-26 09:27:37,23900.0,5000,Sell,226576221
2024-07-26 09:27:37,23900.0,4200,Sell,226576222
2024-07-26 09:27:37,23900.0,100,Sell,226576223
2024-07-26 09:27:37,23900.0,300,Sell,226576224
2024-07-26 09:27:37,23900.0,2600,Sell,226576219
2024-07-26 09:27:37,23900.0,200,Sell,226576226
2024-07-26 09:27:37,23900.0,600,Sell,226576227
2024-07-26 09:27:37,23900.0,200,Sell,226576228
2024-07-26 09:27:37,23900.0,400,Sell,226576229
2024-07-26 09:27:37,23900.0,100,Sell,226576225
2024-07-26 09:27:37,23900.0,200,Sell,226576231
2024-07-26 09:27:38,23900.0,200,Buy,226576266
2024-07-26 09:27:38,23900.0,100,Buy,226576267
2024-07-26 09:27:52,23900.0,300,Buy,226576524
2024-07-26 09:27:55,23900.0,4700,Buy,226576555
2024-07-26 09:28:02,23900.0,500,Buy,226576699
2024-07-26 09:28:12,23900.0,1000,Buy,226576869
2024-07-26 09:28:14,23850.0,900,Sell,226576909
2024-07-26 09:28:20,23900.0,3100,Buy,226577021
2024-07-26 09:28:20,23900.0,1000,Buy,226577022
2024-07-26 09:28:20,23900.0,1000,Buy,226577023
2024-07-26 09:28:20,23900.0,300,Buy,226577024
2024-07-26 09:28:20,23900.0,6600,Buy,226577025
2024-07-26 09:28:27,23950.0,7500,Buy,226577185
2024-07-26 09:28:27,23950.0,200,Buy,226577184
2024-07-26 09:28:27,23950.0,300,Buy,226577177
2024-07-26 09:28:27,23950.0,2500,Buy,226577183
2024-07-26 09:28:27,23950.0,500,Buy,226577182
2024-07-26 09:28:27,23950.0,15000,Buy,226577181
2024-07-26 09:28:27,23950.0,2500,Buy,226577180
2024-07-26 09:28:27,23950.0,70000,Buy,226577179
2024-07-26 09:28:27,23950.0,1000,Buy,226577178
2024-07-26 09:28:27,23950.0,15000,Buy,226577176
2024-07-26 09:28:27,23950.0,7600,Buy,226577167
2024-07-26 09:28:27,23950.0,100,Buy,226577174
2024-07-26 09:28:27,23900.0,100,Buy,226577166
2024-07-26 09:28:27,23950.0,2000,Buy,226577168
2024-07-26 09:28:27,23950.0,1000,Buy,226577169
2024-07-26 09:28:27,23900.0,100,Buy,226577165
2024-07-26 09:28:27,23950.0,10000,Buy,226577171
2024-07-26 09:28:27,23950.0,100,Buy,226577172
2024-07-26 09:28:27,23950.0,15000,Buy,226577173
2024-07-26 09:28:27,23950.0,1500,Buy,226577170
2024-07-26 09:28:27,23950.0,15000,Buy,226577175
2024-07-26 09:28:30,23950.0,400,Buy,226577261
2024-07-26 09:28:37,23950.0,1000,Buy,226577378
2024-07-26 09:29:16,23900.0,200,Sell,226578034
2024-07-26 09:29:16,23900.0,2000,Sell,226578029
2024-07-26 09:29:16,23900.0,500,Sell,226578031
2024-07-26 09:29:16,23900.0,2000,Sell,226578032
2024-07-26 09:29:16,23900.0,200,Sell,226578033
2024-07-26 09:29:17,23950.0,8900,Buy,226578059
2024-07-26 09:29:17,23900.0,1100,Buy,226578058
2024-07-26 09:29:26,23950.0,22800,Buy,226578262
2024-07-26 09:29:26,23950.0,14600,Buy,226578271
2024-07-26 09:29:26,23950.0,3000,Buy,226578269
2024-07-26 09:29:26,23950.0,4000,Buy,226578268
2024-07-26 09:29:26,23950.0,10000,Buy,226578270
2024-07-26 09:29:26,23950.0,100,Buy,226578266
2024-07-26 09:29:26,23950.0,100,Buy,226578265
2024-07-26 09:29:26,23950.0,4300,Buy,226578264
2024-07-26 09:29:26,23950.0,100,Buy,226578263
2024-07-26 09:29:26,23950.0,2000,Buy,226578267
2024-07-26 09:29:58,23900.0,500,Sell,226578888
2024-07-26 09:29:59,23900.0,100,Buy,226578900
2024-07-26 09:30:07,23950.0,4500,Buy,226579079
2024-07-26 09:30:07,23950.0,300,Buy,226579077
2024-07-26 09:30:07,23950.0,200,Buy,226579078
2024-07-26 09:30:07,23950.0,100,Buy,226579076
2024-07-26 09:30:07,23850.0,100,Sell,226579057
2024-07-26 09:30:07,23850.0,900,Sell,226579059
2024-07-26 09:30:07,23900.0,400,Buy,226579074
2024-07-26 09:30:07,23850.0,600,Sell,226579056
2024-07-26 09:30:07,23850.0,500,Sell,226579058
2024-07-26 09:30:19,23950.0,100,Buy,226579334
2024-07-26 09:30:24,23900.0,3500,Sell,226579411
2024-07-26 09:30:44,23950.0,1400,Buy,226579800
2024-07-26 09:30:44,23950.0,600,Buy,226579801
2024-07-26 09:30:45,23900.0,400,Sell,226579819
2024-07-26 09:31:02,23900.0,1000,Sell,226580205
2024-07-26 09:31:20,23900.0,600,Sell,226580660
2024-07-26 09:31:20,23900.0,13800,Sell,226580661
2024-07-26 09:31:37,23900.0,2600,Sell,226581102
2024-07-26 09:31:37,23900.0,100,Sell,226581101
2024-07-26 09:31:37,23900.0,14200,Sell,226581097
2024-07-26 09:31:37,23900.0,900,Sell,226581099
2024-07-26 09:31:37,23900.0,2000,Sell,226581098
2024-07-26 09:31:37,23900.0,200,Sell,226581100
2024-07-26 09:31:49,23950.0,100,Buy,226581351
2024-07-26 09:31:50,23900.0,100,Sell,226581380
2024-07-26 09:31:50,23900.0,300,Sell,226581379
2024-07-26 09:31:50,23900.0,100,Sell,226581381
2024-07-26 09:31:50,23900.0,500,Sell,226581377
2024-07-26 09:31:50,23900.0,1000,Sell,226581376
2024-07-26 09:31:50,23900.0,1500,Sell,226581375
2024-07-26 09:31:50,23900.0,100,Sell,226581378
2024-07-26 09:31:53,23900.0,1400,Buy,226581437
2024-07-26 09:31:56,23900.0,500,Sell,226581485
2024-07-26 09:32:01,23900.0,100,Sell,226581659
2024-07-26 09:32:01,23900.0,200,Sell,226581660
2024-07-26 09:32:02,23900.0,300,Sell,226581695
2024-07-26 09:32:10,23900.0,500,Buy,226581822
2024-07-26 09:32:10,23900.0,500,Buy,226581823
2024-07-26 09:32:25,23900.0,500,Buy,226582130
2024-07-26 09:32:35,23900.0,4100,Buy,226582369
2024-07-26 09:32:35,23900.0,500,Buy,226582368
2024-07-26 09:32:35,23900.0,100,Buy,226582366
2024-07-26 09:32:35,23900.0,200,Buy,226582365
2024-07-26 09:32:35,23900.0,100,Buy,226582367
2024-07-26 09:32:50,23900.0,900,Buy,226582655
2024-07-26 09:33:12,23900.0,500,Buy,226583010
2024-07-26 09:33:12,23900.0,1100,Buy,226583011
2024-07-26 09:33:17,23900.0,3000,Buy,226583108
2024-07-26 09:33:19,23900.0,500,Buy,226583161
2024-07-26 09:33:27,23900.0,100,Buy,226583297
2024-07-26 09:33:32,23900.0,700,Buy,226583398
2024-07-26 09:33:40,23900.0,100,Buy,226583523
2024-07-26 09:33:40,23900.0,9300,Buy,226583521
2024-07-26 09:33:40,23900.0,600,Buy,226583522
2024-07-26 09:33:50,23900.0,3700,Buy,226583731
2024-07-26 09:33:59,23900.0,100,Buy,226583864
2024-07-26 09:34:08,23900.0,4000,Buy,226584013
2024-07-26 09:34:10,23900.0,1000,Buy,226584039
2024-07-26 09:34:13,23900.0,100,Buy,226584126
2024-07-26 09:34:14,23900.0,100,Buy,226584169
2024-07-26 09:34:30,23900.0,100,Buy,226584377
2024-07-26 09:34:51,23900.0,100,Buy,226584771
2024-07-26 09:35:26,23900.0,500,Buy,226585461
2024-07-26 09:35:32,23900.0,200,Buy,226585619
2024-07-26 09:35:47,23900.0,3000,Buy,226585872
2024-07-26 09:35:55,23900.0,100,Buy,226585992
2024-07-26 09:35:57,23900.0,2100,Buy,226586057
2024-07-26 09:36:06,23900.0,5000,Buy,226586201
2024-07-26 09:36:08,23850.0,100,Sell,226586217
2024-07-26 09:36:08,23850.0,100,Sell,226586218
2024-07-26 09:36:11,23900.0,1200,Buy,226586275
2024-07-26 09:36:14,23900.0,900,Buy,226586323
2024-07-26 09:36:18,23900.0,1900,Buy,226586390
2024-07-26 09:36:18,23900.0,8100,Buy,226586389
2024-07-26 09:36:36,23900.0,100,Buy,226586669
2024-07-26 09:36:38,23900.0,1000,Buy,226586696
2024-07-26 09:36:39,23900.0,100,Buy,226586716
2024-07-26 09:36:43,23850.0,200,Sell,226586760
2024-07-26 09:36:47,23900.0,100,Buy,226586827
2024-07-26 09:37:05,23850.0,200,Sell,226587130
2024-07-26 09:37:05,23850.0,300,Sell,226587131
2024-07-26 09:37:09,23900.0,100,Buy,226587202
2024-07-26 09:37:09,23900.0,15200,Buy,226587203
2024-07-26 09:37:09,23900.0,200,Buy,226587204
2024-07-26 09:37:09,23900.0,500,Buy,226587205
2024-07-26 09:37:09,23900.0,10000,Buy,226587206
2024-07-26 09:37:09,23900.0,6700,Buy,226587213
2024-07-26 09:37:09,23900.0,100,Buy,226587208
2024-07-26 09:37:09,23900.0,1000,Buy,226587209
2024-07-26 09:37:09,23900.0,500,Sell,226587217
2024-07-26 09:37:09,23900.0,7000,Buy,226587201
2024-07-26 09:37:09,23900.0,100,Buy,226587207
2024-07-26 09:37:09,23900.0,100,Buy,226587200
2024-07-26 09:37:09,23900.0,500,Buy,226587199
2024-07-26 09:37:09,23900.0,2000,Buy,226587198
2024-07-26 09:37:09,23900.0,15000,Buy,226587187
2024-07-26 09:37:09,23900.0,200,Buy,226587188
2024-07-26 09:37:09,23900.0,500,Buy,226587190
2024-07-26 09:37:09,23900.0,100,Buy,226587191
2024-07-26 09:37:09,23900.0,1000,Buy,226587192
2024-07-26 09:37:09,23900.0,15200,Buy,226587189
2024-07-26 09:37:09,23900.0,2000,Buy,226587194
2024-07-26 09:37:09,23900.0,200,Buy,226587195
2024-07-26 09:37:09,23900.0,100,Buy,226587196
2024-07-26 09:37:09,23900.0,300,Buy,226587197
2024-07-26 09:37:09,23900.0,24000,Buy,226587193
2024-07-26 09:37:09,23900.0,12000,Buy,226587186
2024-07-26 09:37:17,23900.0,1000,Sell,226587346
2024-07-26 09:37:24,23900.0,7600,Sell,226587433
2024-07-26 09:37:24,23900.0,5000,Sell,226587458
2024-07-26 09:37:25,23950.0,100,Buy,226587488
2024-07-26 09:37:42,23900.0,500,Sell,226587810
2024-07-26 09:37:45,23900.0,6000,Sell,226587853
2024-07-26 09:38:15,23900.0,100,Sell,226588357
2024-07-26 09:38:21,23900.0,800,Sell,226588444
2024-07-26 09:38:23,23950.0,100,Buy,226588479
2024-07-26 09:38:23,23900.0,200,Sell,226588480
2024-07-26 09:38:28,23950.0,100,Buy,226588524
2024-07-26 09:38:44,23950.0,100,Buy,226588760
2024-07-26 09:38:47,23950.0,100,Buy,226588802
2024-07-26 09:38:54,23950.0,100,Buy,226588905
2024-07-26 09:38:54,23950.0,3000,Buy,226588906
2024-07-26 09:38:54,23950.0,500,Buy,226588907
2024-07-26 09:38:54,23950.0,300,Buy,226588909
2024-07-26 09:38:54,23950.0,4000,Buy,226588912
2024-07-26 09:38:54,23950.0,4000,Buy,226588911
2024-07-26 09:38:54,23950.0,5000,Buy,226588913
2024-07-26 09:38:54,23950.0,100,Buy,226588914
2024-07-26 09:38:54,23950.0,500,Buy,226588904
2024-07-26 09:38:54,23950.0,300,Buy,226588910
2024-07-26 09:38:54,23950.0,3000,Buy,226588903
2024-07-26 09:38:54,23950.0,1000,Buy,226588908
2024-07-26 09:38:54,23950.0,600,Buy,226588901
2024-07-26 09:38:54,23950.0,4100,Buy,226588883
2024-07-26 09:38:54,23950.0,15000,Buy,226588884
2024-07-26 09:38:54,23950.0,300,Buy,226588885
2024-07-26 09:38:54,23950.0,1000,Buy,226588886
2024-07-26 09:38:54,23950.0,500,Buy,226588887
2024-07-26 09:38:54,23950.0,500,Buy,226588902
2024-07-26 09:38:54,23950.0,400,Buy,226588880
2024-07-26 09:38:54,23950.0,300,Buy,226588898
2024-07-26 09:38:54,23950.0,1500,Buy,226588899
2024-07-26 09:38:54,23950.0,100,Buy,226588900
2024-07-26 09:38:54,23950.0,200,Buy,226588897
2024-07-26 09:39:23,23900.0,100,Sell,226589276
2024-07-26 09:39:35,23900.0,400,Sell,226589465
2024-07-26 09:39:38,23900.0,3700,Sell,226589538
2024-07-26 09:39:38,23900.0,500,Sell,226589539
2024-07-26 09:39:38,23900.0,1800,Sell,226589541
2024-07-26 09:39:38,23900.0,1000,Sell,226589540
2024-07-26 09:39:42,23950.0,100,Buy,226589586
2024-07-26 09:39:54,23900.0,100,Sell,226589806
2024-07-26 09:39:57,23950.0,100,Buy,226589834
2024-07-26 09:40:11,23900.0,500,Sell,226590053
2024-07-26 09:40:15,23950.0,200,Buy,226590100
2024-07-26 09:40:15,23950.0,900,Buy,226590101
2024-07-26 09:40:15,23950.0,500,Buy,226590099
2024-07-26 09:40:15,23950.0,200,Buy,226590097
2024-07-26 09:40:15,23950.0,9600,Buy,226590098
2024-07-26 09:40:22,23950.0,1100,Buy,226590197
2024-07-26 09:40:22,23950.0,1000,Buy,226590198
2024-07-26 09:40:22,23950.0,600,Buy,226590199
2024-07-26 09:40:22,23950.0,1000,Buy,226590200
2024-07-26 09:40:22,23950.0,100,Buy,226590201
2024-07-26 09:40:22,23950.0,1000,Buy,226590202
2024-07-26 09:40:22,23950.0,100,Buy,226590203
2024-07-26 09:40:22,23950.0,3000,Buy,226590204
2024-07-26 09:40:22,23950.0,2100,Buy,226590205
2024-07-26 09:40:23,23950.0,200,Buy,226590219
2024-07-26 09:40:33,23950.0,2000,Buy,226590425
2024-07-26 09:40:33,23950.0,100,Buy,226590424
2024-07-26 09:40:33,23950.0,1700,Buy,226590421
2024-07-26 09:40:33,23950.0,1000,Buy,226590422
2024-07-26 09:40:33,23950.0,200,Buy,226590423
2024-07-26 09:40:50,23900.0,3900,Sell,226590721
2024-07-26 09:40:50,23900.0,100,Sell,226590717
2024-07-26 09:40:50,23900.0,3000,Sell,226590720
2024-07-26 09:40:50,23900.0,500,Sell,226590719
2024-07-26 09:40:50,23900.0,500,Sell,226590718
2024-07-26 09:40:50,23900.0,1000,Sell,226590716
2024-07-26 09:40:50,23900.0,2000,Sell,226590711
2024-07-26 09:40:50,23900.0,100,Sell,226590714
2024-07-26 09:40:50,23900.0,300,Sell,226590715
2024-07-26 09:40:50,23950.0,100,Buy,226590708
2024-07-26 09:40:50,23900.0,20000,Sell,226590710
2024-07-26 09:40:50,23900.0,2600,Sell,226590709
2024-07-26 09:40:50,23900.0,3000,Sell,226590712
2024-07-26 09:40:50,23900.0,3000,Sell,226590713
2024-07-26 09:40:51,23950.0,500,Buy,226590747
2024-07-26 09:40:51,23950.0,8800,Buy,226590751
2024-07-26 09:40:51,23950.0,100,Buy,226590750
2024-07-26 09:40:51,23950.0,900,Buy,226590746
2024-07-26 09:40:51,23950.0,100,Buy,226590748
2024-07-26 09:40:51,23950.0,1000,Buy,226590749
2024-07-26 09:41:09,23900.0,100,Sell,226591089
2024-07-26 09:41:24,23950.0,1000,Buy,226591343
2024-07-26 09:41:34,23950.0,200,Buy,226591449
2024-07-26 09:41:34,23950.0,500,Buy,226591451
2024-07-26 09:41:34,23950.0,5700,Buy,226591452
2024-07-26 09:41:34,23950.0,5000,Buy,226591450
2024-07-26 09:41:40,23950.0,4300,Buy,226591570
2024-07-26 09:41:40,23950.0,3000,Buy,226591571
2024-07-26 09:41:40,23950.0,4100,Buy,226591572
2024-07-26 09:41:50,23900.0,100,Buy,226591720
2024-07-26 09:41:52,23900.0,100,Sell,226591731
2024-07-26 09:41:54,23950.0,1000,Buy,226591773
2024-07-26 09:42:02,23900.0,2000,Sell,226591866
2024-07-26 09:42:25,23900.0,100,Sell,226592204
2024-07-26 09:42:26,23900.0,100,Sell,226592212
2024-07-26 09:42:36,23950.0,4900,Buy,226592336
2024-07-26 09:42:36,23950.0,2000,Buy,226592337
2024-07-26 09:42:36,23950.0,200,Buy,226592338
2024-07-26 09:42:36,23950.0,100,Buy,226592339
2024-07-26 09:42:36,23950.0,1000,Buy,226592340
2024-07-26 09:42:36,23950.0,100,Buy,226592341
2024-07-26 09:42:36,23950.0,2000,Buy,226592342
2024-07-26 09:42:36,23950.0,1000,Buy,226592343
2024-07-26 09:42:36,23950.0,100,Buy,226592344
2024-07-26 09:42:47,23950.0,100,Buy,226592614
2024-07-26 09:42:49,23950.0,200,Buy,226592638
2024-07-26 09:43:06,23950.0,1000,Buy,226592807
2024-07-26 09:43:29,23900.0,500,Sell,226593167
2024-07-26 09:43:29,23900.0,800,Sell,226593168
2024-07-26 09:43:29,23900.0,100,Sell,226593165
2024-07-26 09:43:29,23900.0,1000,Sell,226593166
2024-07-26 09:43:29,23900.0,7600,Sell,226593164
2024-07-26 09:43:33,23900.0,100,Sell,226593242
2024-07-26 09:43:47,23900.0,1000,Sell,226593409
2024-07-26 09:43:48,23950.0,8600,Buy,226593415
2024-07-26 09:43:48,23950.0,500,Buy,226593416
2024-07-26 09:43:48,23950.0,100,Buy,226593417
2024-07-26 09:43:48,23950.0,2200,Buy,226593418
2024-07-26 09:43:51,23950.0,5800,Buy,226593472
2024-07-26 09:43:51,23950.0,100,Buy,226593475
2024-07-26 09:43:51,23950.0,300,Buy,226593476
2024-07-26 09:43:51,23950.0,200,Buy,226593477
2024-07-26 09:43:51,23950.0,600,Buy,226593478
2024-07-26 09:43:53,23950.0,400,Buy,226593508
2024-07-26 09:43:53,23950.0,500,Buy,226593509
2024-07-26 09:43:53,23950.0,200,Buy,226593510
2024-07-26 09:43:53,23950.0,200,Buy,226593511
2024-07-26 09:43:53,23950.0,100,Buy,226593512
2024-07-26 09:43:53,23950.0,1500,Buy,226593513
2024-07-26 09:43:54,23950.0,4200,Sell,226593523
2024-07-26 09:43:59,23950.0,500,Sell,226593590
2024-07-26 09:44:03,23950.0,100,Sell,226593641
2024-07-26 09:44:04,23950.0,12300,Sell,226593651
2024-07-26 09:44:07,23950.0,100,Buy,226593703
2024-07-26 09:44:11,23950.0,100,Buy,226593777
2024-07-26 09:44:11,23950.0,100,Buy,226593778
2024-07-26 09:44:25,23950.0,100,Buy,226593992
2024-07-26 09:44:25,23950.0,100,Buy,226593993
2024-07-26 09:44:25,23950.0,200,Buy,226593994
2024-07-26 09:44:25,23950.0,800,Sell,226593995
2024-07-26 09:44:28,23950.0,200,Buy,226594043
2024-07-26 09:44:42,23950.0,8000,Buy,226594293
2024-07-26 09:44:42,23950.0,100,Buy,226594294
2024-07-26 09:44:42,23950.0,2300,Buy,226594295
2024-07-26 09:44:42,24000.0,500,Buy,226594296
2024-07-26 09:44:42,23950.0,500,Buy,226594292
2024-07-26 09:44:53,23950.0,10000,Buy,226594450
2024-07-26 09:44:56,23950.0,2500,Buy,226594504
2024-07-26 09:44:56,24000.0,2500,Buy,226594505
2024-07-26 09:45:03,23950.0,200,Sell,226594619
2024-07-26 09:45:08,23950.0,200,Sell,226594690
2024-07-26 09:45:34,23950.0,100,Sell,226595101
2024-07-26 09:45:34,23950.0,1200,Sell,226595107
2024-07-26 09:45:34,23950.0,100,Sell,226595106
2024-07-26 09:45:34,23950.0,5000,Sell,226595102
2024-07-26 09:45:34,23950.0,500,Sell,226595104
2024-07-26 09:45:34,23950.0,200,Sell,226595105
2024-07-26 09:45:34,23950.0,200,Sell,226595103
2024-07-26 09:45:43,23950.0,2700,Buy,226595226
2024-07-26 09:45:54,23950.0,2300,Sell,226595361
2024-07-26 09:45:54,23950.0,3000,Sell,226595364
2024-07-26 09:45:54,23950.0,400,Sell,226595365
2024-07-26 09:45:55,23950.0,100,Buy,226595369
2024-07-26 09:45:58,23950.0,500,Buy,226595397
2024-07-26 09:46:00,23900.0,500,Sell,226595430
2024-07-26 09:46:00,23900.0,100,Sell,226595431
2024-07-26 09:46:00,23900.0,300,Sell,226595429
2024-07-26 09:46:08,23950.0,1000,Buy,226595574
2024-07-26 09:46:26,23900.0,100,Sell,226595802
2024-07-26 09:46:26,23900.0,4500,Sell,226595803
2024-07-26 09:46:48,23900.0,100,Sell,226596158
2024-07-26 09:46:56,23900.0,2000,Sell,226596296
2024-07-26 09:46:57,23950.0,11400,Buy,226596310
2024-07-26 09:46:58,23950.0,100,Buy,226596323
2024-07-26 09:47:02,23950.0,200,Buy,226596426
2024-07-26 09:47:14,23950.0,1700,Buy,226596627
2024-07-26 09:47:14,23950.0,300,Buy,226596628
2024-07-26 09:47:15,23900.0,100,Sell,226596659
2024-07-26 09:47:16,23950.0,100,Buy,226596666
2024-07-26 09:47:16,23950.0,200,Buy,226596667
2024-07-26 09:47:16,23950.0,3700,Buy,226596668
2024-07-26 09:47:20,23950.0,6300,Buy,226596708
2024-07-26 09:47:20,23950.0,2700,Buy,226596709
2024-07-26 09:47:20,23950.0,2400,Buy,226596710
2024-07-26 09:47:21,23950.0,2600,Buy,226596742
2024-07-26 09:47:21,24000.0,8800,Buy,226596743
2024-07-26 09:47:29,23900.0,200,Sell,226596933
2024-07-26 09:47:29,23900.0,1000,Sell,226596932
2024-07-26 09:47:29,23900.0,1400,Sell,226596934
2024-07-26 09:47:29,23900.0,3300,Sell,226596930
2024-07-26 09:47:29,23900.0,100,Sell,226596931
2024-07-26 09:47:29,23950.0,4000,Sell,226596929
2024-07-26 09:47:36,23950.0,1500,Sell,226597069
2024-07-26 09:47:37,23950.0,1000,Sell,226597087
2024-07-26 09:47:41,23950.0,100,Sell,226597129
2024-07-26 09:47:46,23950.0,1000,Sell,226597212
2024-07-26 09:47:57,23950.0,1400,Sell,226597401
2024-07-26 09:47:57,23950.0,1100,Sell,226597402
2024-07-26 09:48:10,24000.0,100,Buy,226597541
2024-07-26 09:48:28,24000.0,1000,Buy,226597800
2024-07-26 09:48:29,24000.0,10100,Buy,226597833
2024-07-26 09:48:29,24000.0,100,Buy,226597832
2024-07-26 09:48:29,24000.0,1000,Buy,226597830
2024-07-26 09:48:29,24000.0,100,Buy,226597829
2024-07-26 09:48:29,24000.0,100,Buy,226597831
2024-07-26 09:48:30,24000.0,300,Buy,226597848
2024-07-26 09:48:37,24000.0,200,Buy,226597963
2024-07-26 09:48:53,24000.0,4600,Buy,226598237
2024-07-26 09:49:00,24000.0,100,Buy,226598361
2024-07-26 09:49:01,23950.0,900,Sell,226598377
2024-07-26 09:49:01,23950.0,1000,Sell,226598375
2024-07-26 09:49:01,23950.0,200,Sell,226598376
2024-07-26 09:49:01,23950.0,200,Sell,226598373
2024-07-26 09:49:01,23950.0,700,Sell,226598372
2024-07-26 09:49:01,23950.0,2000,Sell,226598374
2024-07-26 09:49:05,24000.0,800,Buy,226598466
2024-07-26 09:49:14,23950.0,500,Sell,226598649
2024-07-26 09:49:32,24000.0,200,Buy,226598977
2024-07-26 09:49:32,23950.0,1000,Sell,226598982
2024-07-26 09:49:41,23950.0,200,Sell,226599165
2024-07-26 09:49:54,24000.0,3000,Buy,226599425
2024-07-26 09:50:00,23950.0,2000,Sell,226599519
2024-07-26 09:50:07,23950.0,500,Sell,226599648
2024-07-26 09:50:20,23950.0,4000,Sell,226599844
2024-07-26 09:50:35,23950.0,900,Sell,226600145
2024-07-26 09:50:35,23950.0,4100,Sell,226600146
2024-07-26 09:50:38,23950.0,500,Sell,226600206
2024-07-26 09:50:41,23950.0,2500,Sell,226600254
2024-07-26 09:50:45,23950.0,1000,Sell,226600361
2024-07-26 09:50:56,23950.0,1900,Sell,226600565
2024-07-26 09:50:57,23950.0,400,Sell,226600574
2024-07-26 09:50:57,23950.0,100,Sell,226600573
2024-07-26 09:50:57,23950.0,500,Sell,226600567
2024-07-26 09:50:57,23950.0,500,Sell,226600572
2024-07-26 09:51:11,24000.0,4000,Buy,226600774
2024-07-26 09:51:17,24000.0,200,Buy,226600918
2024-07-26 09:51:24,24000.0,200,Buy,226601009
2024-07-26 09:51:29,24000.0,200,Buy,226601111
2024-07-26 09:51:31,24000.0,1900,Buy,226601172
2024-07-26 09:51:31,24000.0,200,Buy,226601170
2024-07-26 09:51:31,24000.0,200,Buy,226601169
2024-07-26 09:51:31,24000.0,800,Buy,226601171
2024-07-26 09:51:31,24000.0,200,Buy,226601167
2024-07-26 09:51:31,24000.0,2000,Buy,226601166
2024-07-26 09:51:31,24000.0,1100,Buy,226601165
2024-07-26 09:51:31,24000.0,5000,Buy,226601168
2024-07-26 09:52:17,24000.0,100,Buy,226601993
2024-07-26 09:52:17,24000.0,1500,Buy,226601994
2024-07-26 09:52:17,24000.0,200,Buy,226601995
2024-07-26 09:52:17,24000.0,200,Buy,226601996
2024-07-26 09:52:17,24000.0,900,Buy,226601997
2024-07-26 09:52:17,24000.0,2500,Buy,226601998
2024-07-26 09:52:24,24000.0,200,Buy,226602112
2024-07-26 09:52:24,24000.0,7700,Buy,226602113
2024-07-26 09:52:24,24000.0,1900,Buy,226602110
2024-07-26 09:52:24,24000.0,200,Buy,226602111
2024-07-26 09:52:26,24000.0,100,Buy,226602140
2024-07-26 09:52:26,23950.0,500,Sell,226602146
2024-07-26 09:52:28,24000.0,2200,Buy,226602159
2024-07-26 09:52:28,24000.0,7800,Buy,226602160
2024-07-26 09:52:30,24000.0,2200,Buy,226602178
2024-07-26 09:52:30,24000.0,100,Buy,226602179
2024-07-26 09:52:30,24000.0,2700,Buy,226602180
2024-07-26 09:52:36,24000.0,800,Buy,226602261
2024-07-26 09:52:37,24000.0,1400,Buy,226602282
2024-07-26 09:52:38,24000.0,3000,Buy,226602301
2024-07-26 09:52:38,24000.0,1000,Buy,226602302
2024-07-26 09:52:38,24000.0,100,Buy,226602303
2024-07-26 09:52:38,24000.0,100,Buy,226602305
2024-07-26 09:52:38,24000.0,300,Buy,226602300
2024-07-26 09:52:38,24000.0,500,Buy,226602307
2024-07-26 09:52:38,24000.0,2000,Buy,226602308
2024-07-26 09:52:38,24000.0,800,Buy,226602312
2024-07-26 09:52:38,24000.0,1000,Buy,226602306
2024-07-26 09:52:38,24000.0,100,Buy,226602299
2024-07-26 09:52:38,24000.0,100,Buy,226602304
2024-07-26 09:52:38,24000.0,100,Buy,226602297
2024-07-26 09:52:38,24000.0,1000,Buy,226602298
2024-07-26 09:52:38,24000.0,100,Buy,226602287
2024-07-26 09:52:38,24000.0,1000,Buy,226602288
2024-07-26 09:52:38,24000.0,10600,Buy,226602290
2024-07-26 09:52:38,24000.0,1000,Buy,226602291
2024-07-26 09:52:38,24000.0,1000,Buy,226602289
2024-07-26 09:52:38,24000.0,2000,Buy,226602293
2024-07-26 09:52:38,24000.0,2000,Buy,226602294
2024-07-26 09:52:38,24000.0,2000,Buy,226602295
2024-07-26 09:52:38,24000.0,1000,Buy,226602296
2024-07-26 09:52:38,24000.0,10000,Buy,226602292
2024-07-26 09:52:40,24000.0,100,Buy,226602404
2024-07-26 09:52:40,24000.0,100,Buy,226602398
2024-07-26 09:52:40,24000.0,300,Buy,226602403
2024-07-26 09:52:40,24000.0,100,Buy,226602402
2024-07-26 09:52:40,24000.0,300,Buy,226602401
2024-07-26 09:52:40,24000.0,100,Buy,226602400
2024-07-26 09:52:40,24000.0,500,Buy,226602399
2024-07-26 09:52:40,24000.0,100,Buy,226602397
2024-07-26 09:52:40,24000.0,200,Buy,226602391
2024-07-26 09:52:40,24000.0,200,Buy,226602395
2024-07-26 09:52:40,24000.0,200,Buy,226602394
2024-07-26 09:52:40,24000.0,500,Buy,226602393
2024-07-26 09:52:40,24000.0,100,Buy,226602392
2024-07-26 09:52:40,24000.0,400,Buy,226602405
2024-07-26 09:52:40,24000.0,1500,Buy,226602390
2024-07-26 09:52:40,24000.0,2000,Buy,226602389
2024-07-26 09:52:40,24000.0,1000,Buy,226602388
2024-07-26 09:52:40,24000.0,7000,Buy,226602387
2024-07-26 09:52:40,24000.0,200,Buy,226602396
2024-07-26 09:52:40,24000.0,500,Buy,226602406
2024-07-26 09:52:40,24000.0,100,Buy,226602412
2024-07-26 09:52:40,24000.0,500,Buy,226602408
2024-07-26 09:52:40,24000.0,200,Buy,226602386
2024-07-26 09:52:40,24000.0,100,Sell,226602435
2024-07-26 09:52:40,24000.0,5000,Buy,226602425
2024-07-26 09:52:40,24000.0,1300,Buy,226602424
2024-07-26 09:52:40,24000.0,500,Buy,226602423
2024-07-26 09:52:40,24000.0,200,Buy,226602422
2024-07-26 09:52:40,24000.0,100,Buy,226602421
2024-07-26 09:52:40,24000.0,100,Buy,226602420
2024-07-26 09:52:40,24000.0,100,Buy,226602407
2024-07-26 09:52:40,24000.0,1000,Buy,226602419
2024-07-26 09:52:40,24000.0,3100,Buy,226602417
2024-07-26 09:52:40,24000.0,400,Buy,226602416
2024-07-26 09:52:40,24000.0,900,Buy,226602415
2024-07-26 09:52:40,24000.0,1500,Buy,226602414
2024-07-26 09:52:40,24000.0,200,Buy,226602413
2024-07-26 09:52:40,24000.0,1000,Buy,226602411
2024-07-26 09:52:40,24000.0,2000,Buy,226602410
2024-07-26 09:52:40,24000.0,100,Buy,226602409
2024-07-26 09:52:40,24000.0,500,Buy,226602418
2024-07-26 09:52:40,24000.0,100,Buy,226602385
2024-07-26 09:52:40,24000.0,1000,Buy,226602371
2024-07-26 09:52:40,24000.0,200,Buy,226602383
2024-07-26 09:52:40,24000.0,500,Buy,226602358
2024-07-26 09:52:40,24000.0,100,Buy,226602357
2024-07-26 09:52:40,24000.0,500,Buy,226602356
2024-07-26 09:52:40,24000.0,1000,Buy,226602355
2024-07-26 09:52:40,24000.0,300,Buy,226602354
2024-07-26 09:52:40,24000.0,200,Buy,226602353
2024-07-26 09:52:40,24000.0,3300,Buy,226602352
2024-07-26 09:52:40,24000.0,100,Buy,226602351
2024-07-26 09:52:40,24000.0,100,Buy,226602359
2024-07-26 09:52:40,24000.0,100,Buy,226602350
2024-07-26 09:52:40,24000.0,500,Buy,226602384
2024-07-26 09:52:40,24000.0,300,Buy,226602347
2024-07-26 09:52:40,24000.0,200,Buy,226602346
2024-07-26 09:52:40,24000.0,100,Buy,226602345
2024-07-26 09:52:40,24000.0,100,Buy,226602344
2024-07-26 09:52:40,24000.0,500,Buy,226602343
2024-07-26 09:52:40,24000.0,5000,Buy,226602342
2024-07-26 09:52:40,24000.0,2200,Buy,226602341
2024-07-26 09:52:40,24000.0,10000,Buy,226602349
2024-07-26 09:52:40,24000.0,800,Buy,226602361
2024-07-26 09:52:40,24000.0,1000,Buy,226602348
2024-07-26 09:52:40,24000.0,2200,Buy,226602363
2024-07-26 09:52:40,24000.0,200,Buy,226602381
2024-07-26 09:52:40,24000.0,200,Buy,226602380
2024-07-26 09:52:40,24000.0,1000,Buy,226602379
2024-07-26 09:52:40,24000.0,500,Buy,226602378
2024-07-26 09:52:40,24000.0,240200,Buy,226602377
2024-07-26 09:52:40,24000.0,400,Buy,226602376
2024-07-26 09:52:40,24000.0,200,Buy,226602375
2024-07-26 09:52:40,24000.0,100,Buy,226602373
2024-07-26 09:52:40,24000.0,1000,Buy,226602374
2024-07-26 09:52:40,24000.0,200,Buy,226602382
2024-07-26 09:52:40,24000.0,500,Buy,226602370
2024-07-26 09:52:40,24000.0,4000,Buy,226602369
2024-07-26 09:52:40,24000.0,500,Buy,226602368
2024-07-26 09:52:40,24000.0,2300,Buy,226602367
2024-07-26 09:52:40,24000.0,600,Buy,226602366
2024-07-26 09:52:40,24000.0,100,Buy,226602365
2024-07-26 09:52:40,24000.0,300,Buy,226602364
2024-07-26 09:52:40,24000.0,5000,Buy,226602372
2024-07-26 09:52:40,24000.0,5000,Buy,226602362
2024-07-26 09:52:43,24000.0,1000,Sell,226602465
2024-07-26 09:52:49,24050.0,11100,Buy,226602623
2024-07-26 09:52:49,24050.0,200,Buy,226602621
2024-07-26 09:52:49,24050.0,100,Buy,226602622
2024-07-26 09:52:52,24050.0,1000,Buy,226602698
2024-07-26 09:52:53,24050.0,100,Buy,226602710
2024-07-26 09:52:53,24050.0,100,Buy,226602711
2024-07-26 09:52:53,24050.0,500,Buy,226602712
2024-07-26 09:52:53,24050.0,1000,Buy,226602713
2024-07-26 09:52:53,24050.0,1400,Buy,226602714
2024-07-26 09:52:53,24050.0,17900,Buy,226602709
2024-07-26 09:52:54,24000.0,2000,Sell,226602725
2024-07-26 09:52:55,24050.0,1300,Buy,226602747
2024-07-26 09:52:55,24050.0,8500,Buy,226602741
2024-07-26 09:52:55,24050.0,800,Buy,226602740
2024-07-26 09:52:55,24050.0,500,Buy,226602739
2024-07-26 09:52:55,24050.0,1000,Buy,226602737
2024-07-26 09:52:55,24050.0,100,Buy,226602736
2024-07-26 09:52:55,24050.0,8600,Buy,226602735
2024-07-26 09:52:55,24050.0,500,Buy,226602738
2024-07-26 09:52:56,24050.0,200,Buy,226602766
2024-07-26 09:52:56,24050.0,500,Buy,226602765
2024-07-26 09:52:56,24050.0,1500,Buy,226602764
2024-07-26 09:52:56,24050.0,100,Buy,226602759
2024-07-26 09:52:56,24050.0,100,Buy,226602761
2024-07-26 09:52:56,24050.0,200,Buy,226602760
2024-07-26 09:52:56,24050.0,500,Buy,226602758
2024-07-26 09:52:56,24050.0,300,Buy,226602763
2024-07-26 09:52:56,24050.0,200,Buy,226602756
2024-07-26 09:52:56,24050.0,200,Buy,226602757
2024-07-26 09:52:56,24050.0,200,Buy,226602750
2024-07-26 09:52:56,24050.0,200,Buy,226602751
2024-07-26 09:52:56,24050.0,1000,Buy,226602752
2024-07-26 09:52:56,24050.0,100,Buy,226602762
2024-07-26 09:52:56,24050.0,1500,Buy,226602754
2024-07-26 09:52:56,24050.0,200,Buy,226602755
2024-07-26 09:52:56,24050.0,3000,Buy,226602753
2024-07-26 09:52:58,24050.0,2500,Sell,226602824
2024-07-26 09:53:01,24100.0,100,Buy,226602902
2024-07-26 09:53:02,24100.0,500,Buy,226602910
2024-07-26 09:53:02,24100.0,100,Buy,226602904
2024-07-26 09:53:02,24100.0,2000,Buy,226602905
2024-07-26 09:53:02,24100.0,100,Buy,226602906
2024-07-26 09:53:02,24100.0,100,Buy,226602907
2024-07-26 09:53:02,24100.0,200,Buy,226602908
2024-07-26 09:53:02,24100.0,1000,Buy,226602909
2024-07-26 09:53:02,24100.0,500,Buy,226602911
2024-07-26 09:53:02,24100.0,200,Buy,226602912
2024-07-26 09:53:02,24100.0,200,Buy,226602913
2024-07-26 09:53:06,24100.0,200,Buy,226603024
2024-07-26 09:53:06,24100.0,800,Buy,226603023
2024-07-26 09:53:06,24050.0,1000,Sell,226603022
2024-07-26 09:53:08,24100.0,200,Buy,226603041
2024-07-26 09:53:08,24100.0,1400,Buy,226603042
2024-07-26 09:53:08,24100.0,1900,Buy,226603040
2024-07-26 09:53:08,24100.0,100,Buy,226603036
2024-07-26 09:53:08,24100.0,500,Buy,226603038
2024-07-26 09:53:08,24100.0,600,Buy,226603037
2024-07-26 09:53:08,24100.0,100,Buy,226603035
2024-07-26 09:53:08,24100.0,200,Buy,226603039
2024-07-26 09:53:12,24100.0,500,Buy,226603119
2024-07-26 09:53:12,24100.0,100,Buy,226603122
2024-07-26 09:53:12,24100.0,100,Buy,226603120
2024-07-26 09:53:12,24100.0,1000,Buy,226603121
2024-07-26 09:53:12,24100.0,200,Buy,226603123
2024-07-26 09:53:12,24100.0,200,Buy,226603125
2024-07-26 09:53:12,24100.0,500,Buy,226603126
2024-07-26 09:53:12,24100.0,800,Buy,226603127
2024-07-26 09:53:12,24100.0,24000,Buy,226603128
2024-07-26 09:53:12,24100.0,700,Buy,226603118
2024-07-26 09:53:12,24100.0,2000,Buy,226603124
2024-07-26 09:53:12,24100.0,400,Buy,226603117
2024-07-26 09:53:12,24100.0,2000,Buy,226603115
2024-07-26 09:53:12,24100.0,100,Buy,226603108
2024-07-26 09:53:12,24100.0,1000,Buy,226603105
2024-07-26 09:53:12,24100.0,100,Buy,226603106
2024-07-26 09:53:12,24100.0,500,Buy,226603107
2024-07-26 09:53:12,24100.0,2600,Buy,226603104
2024-07-26 09:53:12,24100.0,500,Buy,226603109
2024-07-26 09:53:12,24100.0,100,Buy,226603116
2024-07-26 09:53:12,24100.0,100,Buy,226603111
2024-07-26 09:53:12,24100.0,2000,Buy,226603112
2024-07-26 09:53:12,24100.0,300,Buy,226603113
2024-07-26 09:53:12,24100.0,100,Buy,226603114
2024-07-26 09:53:12,24100.0,200,Buy,226603110
2024-07-26 09:53:15,24100.0,200,Sell,226603172
2024-07-26 09:53:23,24100.0,200,Sell,226603335
2024-07-26 09:53:26,24150.0,2700,Buy,226603392
2024-07-26 09:53:26,24150.0,100,Buy,226603389
2024-07-26 09:53:26,24150.0,100,Buy,226603390
2024-07-26 09:53:26,24150.0,100,Buy,226603391
2024-07-26 09:53:37,24150.0,1300,Buy,226603676
2024-07-26 09:53:40,24150.0,900,Buy,226603734
2024-07-26 09:53:44,24200.0,500,Buy,226603872
2024-07-26 09:53:44,24200.0,2000,Buy,226603871
2024-07-26 09:53:44,24200.0,4000,Buy,226603870
2024-07-26 09:53:44,24200.0,2000,Buy,226603869
2024-07-26 09:53:44,24200.0,200,Buy,226603873
2024-07-26 09:53:44,24200.0,2000,Buy,226603868
2024-07-26 09:53:44,24200.0,200,Buy,226603874
2024-07-26 09:53:44,24200.0,100,Buy,226603866
2024-07-26 09:53:44,24200.0,200,Buy,226603865
2024-07-26 09:53:44,24200.0,1000,Buy,226603864
2024-07-26 09:53:44,24200.0,100,Buy,226603863
2024-07-26 09:53:44,24200.0,40000,Buy,226603862
2024-07-26 09:53:44,24200.0,10000,Buy,226603861
2024-07-26 09:53:44,24200.0,3000,Buy,226603867
2024-07-26 09:53:44,24200.0,5000,Buy,226603875
2024-07-26 09:53:44,24150.0,2500,Buy,226603849
2024-07-26 09:53:44,24200.0,2000,Buy,226603877
2024-07-26 09:53:44,24200.0,1000,Buy,226603860
2024-07-26 09:53:44,24200.0,23000,Buy,226603892
2024-07-26 09:53:44,24200.0,300,Buy,226603891
2024-07-26 09:53:44,24200.0,2000,Buy,226603890
2024-07-26 09:53:44,24200.0,200,Buy,226603889
2024-07-26 09:53:44,24200.0,100,Buy,226603888
2024-07-26 09:53:44,24200.0,5000,Buy,226603887
2024-07-26 09:53:44,24200.0,2000,Buy,226603876
2024-07-26 09:53:44,24200.0,500,Buy,226603886
2024-07-26 09:53:44,24200.0,500,Buy,226603884
2024-07-26 09:53:44,24200.0,2200,Buy,226603883
2024-07-26 09:53:44,24200.0,2000,Buy,226603882
2024-07-26 09:53:44,24200.0,2000,Buy,226603881
2024-07-26 09:53:44,24200.0,200,Buy,226603880
2024-07-26 09:53:44,24200.0,1000,Buy,226603879
2024-07-26 09:53:44,24200.0,5000,Buy,226603878
2024-07-26 09:53:44,24200.0,1000,Buy,226603885
2024-07-26 09:53:44,24200.0,200,Buy,226603859
2024-07-26 09:53:44,24150.0,200,Buy,226603846
2024-07-26 09:53:44,24200.0,100,Buy,226603857
2024-07-26 09:53:44,24150.0,100,Buy,226603835
2024-07-26 09:53:44,24150.0,5000,Buy,226603834
2024-07-26 09:53:44,24150.0,100,Buy,226603833
2024-07-26 09:53:44,24150.0,400,Buy,226603832
2024-07-26 09:53:44,24150.0,900,Buy,226603831
2024-07-26 09:53:44,24150.0,100,Buy,226603830
2024-07-26 09:53:44,24150.0,2000,Buy,226603836
2024-07-26 09:53:44,24150.0,1000,Buy,226603829
2024-07-26 09:53:44,24150.0,1000,Buy,226603827
2024-07-26 09:53:44,24150.0,100,Buy,226603826
2024-07-26 09:53:44,24150.0,100,Buy,226603825
2024-07-26 09:53:44,24150.0,5000,Buy,226603824
2024-07-26 09:53:44,24150.0,500,Buy,226603823
2024-07-26 09:53:44,24150.0,35100,Buy,226603822
2024-07-26 09:53:44,24150.0,1000,Buy,226603828
2024-07-26 09:53:44,24150.0,100,Buy,226603838
2024-07-26 09:53:44,24150.0,2500,Buy,226603837
2024-07-26 09:53:44,24150.0,200,Buy,226603850
2024-07-26 09:53:44,24200.0,100,Buy,226603856
2024-07-26 09:53:44,24200.0,100,Buy,226603855
2024-07-26 09:53:44,24200.0,100,Buy,226603854
2024-07-26 09:53:44,24150.0,100,Buy,226603853
2024-07-26 09:53:44,24150.0,100,Buy,226603852
2024-07-26 09:53:44,24150.0,100,Buy,226603851
2024-07-26 09:53:44,24150.0,500,Buy,226603839
2024-07-26 09:53:44,24200.0,1000,Buy,226603858
2024-07-26 09:53:44,24150.0,200,Buy,226603847
2024-07-26 09:53:44,24150.0,500,Buy,226603845
2024-07-26 09:53:44,24150.0,500,Buy,226603844
2024-07-26 09:53:44,24150.0,100,Buy,226603843
2024-07-26 09:53:44,24150.0,500,Buy,226603842
2024-07-26 09:53:44,24150.0,100,Buy,226603841
2024-07-26 09:53:44,24150.0,500,Buy,226603840
2024-07-26 09:53:44,24150.0,1000,Buy,226603848
2024-07-26 09:53:54,24200.0,100,Buy,226604036
2024-07-26 09:53:56,24150.0,600,Buy,226604099
2024-07-26 09:53:56,24150.0,400,Buy,226604105
2024-07-26 09:53:57,24150.0,1000,Sell,226604110
2024-07-26 09:54:03,24200.0,200,Buy,226604242
2024-07-26 09:54:03,24200.0,2800,Buy,226604244
2024-07-26 09:54:03,24200.0,1900,Buy,226604241
2024-07-26 09:54:03,24200.0,100,Buy,226604243
2024-07-26 09:54:07,24200.0,100,Buy,226604324
2024-07-26 09:54:09,24150.0,300,Sell,226604329
2024-07-26 09:54:10,24150.0,300,Sell,226604340
2024-07-26 09:54:11,24150.0,600,Sell,226604350
2024-07-26 09:54:12,24150.0,400,Sell,226604376
2024-07-26 09:54:14,24150.0,3000,Sell,226604417
2024-07-26 09:54:20,24200.0,1000,Buy,226604528
2024-07-26 09:54:22,24150.0,100,Sell,226604565
2024-07-26 09:54:24,24200.0,25000,Buy,226604592
2024-07-26 09:54:30,24150.0,300,Sell,226604730
2024-07-26 09:54:34,24150.0,100,Sell,226604814
2024-07-26 09:54:36,24150.0,1000,Sell,226604863
2024-07-26 09:54:43,24150.0,1000,Sell,226605009
2024-07-26 09:54:44,24200.0,100,Buy,226605021
2024-07-26 09:54:47,24150.0,100,Sell,226605071
2024-07-26 09:54:50,24200.0,1000,Buy,226605102
2024-07-26 09:54:51,24150.0,100,Sell,226605124
2024-07-26 09:54:51,24150.0,100,Sell,226605125
2024-07-26 09:54:51,24150.0,1000,Sell,226605123
2024-07-26 09:54:56,24150.0,500,Sell,226605213
2024-07-26 09:54:56,24150.0,400,Sell,226605223
2024-07-26 09:54:56,24150.0,2000,Sell,226605224
2024-07-26 09:54:56,24150.0,100,Sell,226605225
2024-07-26 09:54:56,24150.0,100,Sell,226605237
2024-07-26 09:55:04,24150.0,1000,Sell,226605362
2024-07-26 09:55:06,24150.0,1300,Sell,226605413
2024-07-26 09:55:09,24150.0,700,Sell,226605478
2024-07-26 09:55:12,24150.0,2000,Sell,226605516
2024-07-26 09:55:14,24150.0,1000,Sell,226605547
2024-07-26 09:55:15,24150.0,100,Sell,226605552
2024-07-26 09:55:16,24200.0,11400,Buy,226605567
2024-07-26 09:55:16,24150.0,200,Sell,226605568
2024-07-26 09:55:17,24150.0,500,Sell,226605586
2024-07-26 09:55:18,24150.0,100,Sell,226605604
2024-07-26 09:55:19,24150.0,1000,Sell,226605614
2024-07-26 09:55:20,24150.0,100,Sell,226605651
2024-07-26 09:55:21,24150.0,200,Sell,226605680
2024-07-26 09:55:22,24150.0,4100,Sell,226605697
2024-07-26 09:55:22,24150.0,1000,Sell,226605698
2024-07-26 09:55:22,24150.0,2200,Sell,226605699
2024-07-26 09:55:22,24150.0,1000,Sell,226605700
2024-07-26 09:55:22,24150.0,100,Sell,226605701
2024-07-26 09:55:22,24150.0,500,Sell,226605702
2024-07-26 09:55:22,24150.0,300,Sell,226605703
2024-07-26 09:55:22,24150.0,100,Sell,226605704
2024-07-26 09:55:22,24150.0,700,Sell,226605705
2024-07-26 09:55:24,24150.0,3600,Sell,226605734
2024-07-26 09:55:25,24150.0,2000,Sell,226605773
2024-07-26 09:55:25,24150.0,800,Sell,226605774
2024-07-26 09:55:25,24150.0,700,Sell,226605772
2024-07-26 09:55:26,24150.0,1000,Sell,226605786
2024-07-26 09:55:26,24150.0,200,Sell,226605787
2024-07-26 09:55:26,24150.0,4800,Sell,226605788
2024-07-26 09:55:27,24150.0,1600,Sell,226605834
2024-07-26 09:55:27,24150.0,100,Sell,226605833
2024-07-26 09:55:27,24150.0,100,Sell,226605832
2024-07-26 09:55:27,24150.0,2000,Sell,226605830
2024-07-26 09:55:27,24150.0,800,Sell,226605825
2024-07-26 09:55:27,24150.0,200,Sell,226605824
2024-07-26 09:55:27,24150.0,200,Sell,226605831
2024-07-26 09:55:29,24150.0,3400,Sell,226605844
2024-07-26 09:55:32,24150.0,800,Buy,226605907
2024-07-26 09:55:32,24100.0,100,Sell,226605897
2024-07-26 09:55:32,24150.0,600,Buy,226605904
2024-07-26 09:55:32,24150.0,100,Buy,226605905
2024-07-26 09:55:32,24150.0,500,Buy,226605906
2024-07-26 09:55:32,24200.0,48000,Buy,226605908
2024-07-26 09:55:35,24150.0,200,Sell,226605952
2024-07-26 09:55:36,24150.0,800,Buy,226605968
2024-07-26 09:55:42,24150.0,700,Sell,226606074
2024-07-26 09:55:46,24150.0,800,Buy,226606175
2024-07-26 09:55:46,24150.0,200,Buy,226606176
2024-07-26 09:55:48,24100.0,100,Sell,226606253
2024-07-26 09:56:02,24100.0,1000,Sell,226606530
2024-07-26 09:56:02,24100.0,1000,Sell,226606528
2024-07-26 09:56:02,24100.0,1400,Sell,226606531
2024-07-26 09:56:02,24100.0,300,Sell,226606527
2024-07-26 09:56:02,24100.0,400,Sell,226606529
2024-07-26 09:56:02,24100.0,500,Sell,226606525
2024-07-26 09:56:02,24100.0,3000,Sell,226606523
2024-07-26 09:56:02,24100.0,100,Sell,226606526
2024-07-26 09:56:02,24100.0,1800,Sell,226606522
2024-07-26 09:56:02,24100.0,500,Sell,226606524
2024-07-26 09:56:06,24150.0,500,Buy,226606612
2024-07-26 09:56:10,24100.0,100,Sell,226606693
2024-07-26 09:56:15,24100.0,2300,Sell,226606818
2024-07-26 09:56:16,24100.0,500,Sell,226606819
2024-07-26 09:56:16,24100.0,5000,Sell,226606820
2024-07-26 09:56:16,24100.0,3200,Sell,226606821
2024-07-26 09:56:20,24100.0,1000,Sell,226606919
2024-07-26 09:56:48,24100.0,100,Sell,226607310
2024-07-26 09:56:53,24100.0,1300,Sell,226607419
2024-07-26 09:56:53,24100.0,700,Sell,226607418
2024-07-26 09:56:58,24100.0,1000,Sell,226607515
2024-07-26 09:56:58,24100.0,200,Sell,226607528
2024-07-26 09:57:07,24100.0,100,Sell,226607683
2024-07-26 09:57:07,24100.0,400,Sell,226607684
2024-07-26 09:57:07,24100.0,500,Sell,226607685
2024-07-26 09:57:10,24100.0,200,Sell,226607729
2024-07-26 09:57:11,24100.0,2500,Sell,226607740
2024-07-26 09:57:13,24100.0,2000,Sell,226607790
2024-07-26 09:57:16,24100.0,500,Sell,226607823
2024-07-26 09:57:22,24100.0,1500,Sell,226607927
2024-07-26 09:57:22,24100.0,500,Sell,226607928
2024-07-26 09:57:22,24100.0,1000,Sell,226607929
2024-07-26 09:57:22,24100.0,3600,Sell,226607926
2024-07-26 09:57:23,24100.0,3400,Buy,226607967
2024-07-26 09:57:23,24150.0,300,Buy,226607968
2024-07-26 09:57:23,24150.0,300,Buy,226607969
2024-07-26 09:57:24,24100.0,1000,Buy,226607995
2024-07-26 09:57:28,24100.0,1000,Buy,226608043
2024-07-26 09:57:36,24100.0,100,Buy,226608211
2024-07-26 09:57:36,24100.0,700,Buy,226608210
2024-07-26 09:57:36,24100.0,200,Buy,226608209
2024-07-26 09:57:36,24100.0,500,Buy,226608207
2024-07-26 09:57:36,24100.0,1500,Buy,226608208
2024-07-26 09:57:37,24100.0,200,Sell,226608232
2024-07-26 09:57:42,24100.0,1000,Sell,226608337
2024-07-26 09:57:45,24100.0,500,Sell,226608422
2024-07-26 09:57:45,24100.0,500,Sell,226608423
2024-07-26 09:57:53,24150.0,3500,Buy,226608570
2024-07-26 09:57:53,24150.0,1000,Buy,226608569
2024-07-26 09:57:53,24150.0,2000,Buy,226608568
2024-07-26 09:57:53,24150.0,100,Buy,226608564
2024-07-26 09:57:53,24150.0,1500,Buy,226608566
2024-07-26 09:57:53,24150.0,100,Buy,226608567
2024-07-26 09:57:53,24150.0,2200,Buy,226608563
2024-07-26 09:57:53,24150.0,1000,Buy,226608565
2024-07-26 09:57:57,24100.0,200,Sell,226608688
2024-07-26 09:58:01,24100.0,500,Sell,226608753
2024-07-26 09:58:02,24150.0,5000,Buy,226608773
2024-07-26 09:58:20,24150.0,500,Buy,226609041
2024-07-26 09:58:24,24100.0,100,Sell,226609091
2024-07-26 09:58:32,24150.0,300,Buy,226609209
2024-07-26 09:58:32,24150.0,6000,Buy,226609208
2024-07-26 09:58:32,24150.0,100,Buy,226609207
2024-07-26 09:58:32,24150.0,3000,Buy,226609206
2024-07-26 09:58:32,24150.0,100,Buy,226609205
2024-07-26 09:58:32,24150.0,300,Buy,226609204
2024-07-26 09:58:32,24150.0,3300,Buy,226609203
2024-07-26 09:58:32,24150.0,1000,Buy,226609202
2024-07-26 09:58:32,24150.0,500,Buy,226609201
2024-07-26 09:58:32,24150.0,5400,Buy,226609200
2024-07-26 09:58:40,24150.0,1000,Sell,226609370
2024-07-26 09:58:40,24150.0,100,Buy,226609367
2024-07-26 09:58:40,24150.0,5600,Buy,226609366
2024-07-26 09:58:40,24150.0,100,Buy,226609365
2024-07-26 09:58:40,24150.0,2000,Buy,226609364
2024-07-26 09:58:40,24150.0,3000,Buy,226609363
2024-07-26 09:58:40,24150.0,100,Buy,226609361
2024-07-26 09:58:40,24150.0,1000,Buy,226609360
2024-07-26 09:58:40,24150.0,1000,Buy,226609359
2024-07-26 09:58:40,24150.0,100,Buy,226609358
2024-07-26 09:58:40,24150.0,300,Buy,226609357
2024-07-26 09:58:40,24150.0,2000,Buy,226609362
2024-07-26 09:58:40,24150.0,200,Buy,226609356
2024-07-26 09:58:49,24150.0,3000,Buy,226609577
2024-07-26 09:58:53,24150.0,1000,Buy,226609624
2024-07-26 09:59:07,24150.0,5000,Buy,226609817
2024-07-26 09:59:07,24150.0,2200,Buy,226609815
2024-07-26 09:59:07,24150.0,1500,Buy,226609816
2024-07-26 09:59:07,24150.0,200,Buy,226609818
2024-07-26 09:59:07,24150.0,2500,Buy,226609819
2024-07-26 09:59:10,24150.0,100,Buy,226609854
2024-07-26 09:59:13,24150.0,300,Buy,226609887
2024-07-26 09:59:19,24150.0,4300,Buy,226609954
2024-07-26 09:59:19,24150.0,100,Buy,226609953
2024-07-26 09:59:19,24150.0,5000,Buy,226609967
2024-07-26 09:59:19,24150.0,1000,Buy,226609952
2024-07-26 09:59:19,24150.0,200,Buy,226609948
2024-07-26 09:59:19,24150.0,100,Buy,226609950
2024-07-26 09:59:19,24150.0,3000,Buy,226609951
2024-07-26 09:59:19,24150.0,200,Buy,226609947
2024-07-26 09:59:19,24150.0,7100,Buy,226609946
2024-07-26 09:59:19,24150.0,1000,Buy,226609949
2024-07-26 09:59:20,24150.0,700,Buy,226609973
2024-07-26 09:59:25,24150.0,2300,Sell,226610024
2024-07-26 09:59:25,24150.0,2000,Sell,226610025
2024-07-26 09:59:30,24100.0,2300,Sell,226610148
2024-07-26 09:59:31,24150.0,10900,Buy,226610172
2024-07-26 09:59:38,24150.0,7100,Sell,226610273
2024-07-26 09:59:40,24150.0,200,Buy,226610320
2024-07-26 09:59:41,24150.0,500,Buy,226610325
2024-07-26 09:59:41,24150.0,500,Buy,226610327
2024-07-26 09:59:42,24150.0,100,Buy,226610345
2024-07-26 09:59:42,24150.0,6800,Buy,226610346
2024-07-26 09:59:45,24150.0,1000,Sell,226610385
2024-07-26 09:59:48,24150.0,10000,Sell,226610434
2024-07-26 09:59:50,24150.0,200,Sell,226610496
2024-07-26 09:59:55,24150.0,1000,Sell,226610590
2024-07-26 09:59:55,24150.0,15200,Sell,226610582
2024-07-26 09:59:58,24150.0,200,Sell,226610657
2024-07-26 10:00:04,24150.0,3000,Sell,226610749
2024-07-26 10:00:05,24150.0,1100,Sell,226610773
2024-07-26 10:00:10,24150.0,500,Sell,226610832
2024-07-26 10:00:10,24150.0,100,Sell,226610831
2024-07-26 10:00:10,24150.0,1500,Sell,226610830
2024-07-26 10:00:10,24150.0,500,Sell,226610829
2024-07-26 10:00:10,24150.0,500,Sell,226610827
2024-07-26 10:00:10,24150.0,500,Sell,226610826
2024-07-26 10:00:10,24150.0,1500,Sell,226610825
2024-07-26 10:00:10,24150.0,3000,Sell,226610828
2024-07-26 10:00:23,24150.0,100,Buy,226611059
2024-07-26 10:00:27,24200.0,2600,Buy,226611126
2024-07-26 10:00:27,24150.0,2000,Buy,226611125
2024-07-26 10:00:27,24150.0,1000,Buy,226611124
2024-07-26 10:00:27,24150.0,3400,Buy,226611123
2024-07-26 10:00:27,24150.0,100,Buy,226611121
2024-07-26 10:00:27,24150.0,500,Buy,226611122
2024-07-26 10:00:27,24150.0,1800,Buy,226611120
2024-07-26 10:00:36,24150.0,100,Buy,226611249
2024-07-26 10:00:36,24150.0,100,Buy,226611250
2024-07-26 10:00:43,24150.0,1000,Buy,226611346
2024-07-26 10:00:43,24150.0,200,Buy,226611354
2024-07-26 10:00:44,24150.0,500,Buy,226611383
2024-07-26 10:00:48,24150.0,1000,Buy,226611458
2024-07-26 10:00:48,24150.0,3000,Buy,226611457
2024-07-26 10:00:48,24150.0,100,Buy,226611459
2024-07-26 10:00:48,24150.0,200,Buy,226611455
2024-07-26 10:00:48,24150.0,200,Buy,226611454
2024-07-26 10:00:48,24150.0,1000,Buy,226611456
2024-07-26 10:00:49,24150.0,1500,Sell,226611475
2024-07-26 10:00:52,24150.0,3500,Buy,226611496
2024-07-26 10:00:52,24150.0,1000,Buy,226611497
2024-07-26 10:00:56,24150.0,10000,Sell,226611539
2024-07-26 10:01:00,24150.0,300,Sell,226611593
2024-07-26 10:01:01,24150.0,100,Sell,226611600
2024-07-26 10:01:02,24150.0,100,Sell,226611617
2024-07-26 10:01:07,24200.0,700,Buy,226611667
2024-07-26 10:01:13,24150.0,18900,Sell,226611776
2024-07-26 10:01:13,24150.0,15000,Sell,226611775
2024-07-26 10:01:17,24150.0,500,Sell,226611826
2024-07-26 10:01:21,24150.0,1000,Sell,226611859
2024-07-26 10:01:29,24150.0,1000,Sell,226611960
2024-07-26 10:01:29,24150.0,100,Sell,226611971
2024-07-26 10:01:30,24150.0,100,Sell,226611978
2024-07-26 10:01:30,24150.0,100,Sell,226611987
2024-07-26 10:01:31,24150.0,100,Sell,226611995
2024-07-26 10:01:42,24200.0,200,Buy,226612239
2024-07-26 10:01:58,24200.0,5000,Buy,226612574
2024-07-26 10:02:04,24150.0,1500,Sell,226612694
2024-07-26 10:02:18,24150.0,10000,Sell,226612903
2024-07-26 10:02:23,24150.0,1000,Sell,226612966
2024-07-26 10:02:25,24200.0,3500,Buy,226613001
2024-07-26 10:02:25,24200.0,5000,Buy,226613002
2024-07-26 10:02:25,24200.0,100,Buy,226613003
2024-07-26 10:02:25,24200.0,200,Buy,226613004
2024-07-26 10:02:25,24200.0,200,Buy,226613009
2024-07-26 10:02:25,24200.0,100,Buy,226613006
2024-07-26 10:02:25,24200.0,300,Buy,226613007
2024-07-26 10:02:25,24200.0,300,Buy,226613008
2024-07-26 10:02:25,24200.0,200,Buy,226613005
2024-07-26 10:02:25,24200.0,1000,Buy,226613000
2024-07-26 10:02:25,24200.0,2000,Buy,226612997
2024-07-26 10:02:25,24200.0,200,Buy,226612998
2024-07-26 10:02:25,24200.0,900,Buy,226612999
2024-07-26 10:02:25,24200.0,2100,Buy,226612989
2024-07-26 10:02:25,24200.0,500,Buy,226612990
2024-07-26 10:02:25,24200.0,500,Buy,226612991
2024-07-26 10:02:25,24200.0,300,Buy,226612996
2024-07-26 10:02:25,24200.0,300,Buy,226612993
2024-07-26 10:02:25,24200.0,500,Buy,226612994
2024-07-26 10:02:25,24200.0,100,Buy,226612995
2024-07-26 10:02:25,24200.0,1000,Buy,226612992
2024-07-26 10:02:30,24150.0,1000,Sell,226613075
2024-07-26 10:02:33,24150.0,100,Sell,226613115
2024-07-26 10:02:37,24200.0,5000,Buy,226613190
2024-07-26 10:02:37,24200.0,2000,Buy,226613189
2024-07-26 10:02:37,24200.0,100,Buy,226613187
2024-07-26 10:02:37,24200.0,3000,Buy,226613186
2024-07-26 10:02:37,24200.0,15900,Buy,226613191
2024-07-26 10:02:37,24200.0,1000,Buy,226613184
2024-07-26 10:02:37,24200.0,100,Buy,226613185
2024-07-26 10:02:37,24200.0,100,Buy,226613180
2024-07-26 10:02:37,24200.0,200,Buy,226613181
2024-07-26 10:02:37,24200.0,500,Buy,226613188
2024-07-26 10:02:37,24200.0,1100,Buy,226613182
2024-07-26 10:02:37,24200.0,1000,Buy,226613183
2024-07-26 10:02:44,24150.0,200,Sell,226613328
2024-07-26 10:02:44,24150.0,500,Sell,226613329
2024-07-26 10:02:44,24150.0,100,Sell,226613327
2024-07-26 10:02:44,24150.0,2000,Sell,226613326
2024-07-26 10:02:44,24150.0,300,Sell,226613325
2024-07-26 10:02:44,24150.0,300,Sell,226613323
2024-07-26 10:02:44,24150.0,1000,Sell,226613322
2024-07-26 10:02:44,24150.0,4600,Sell,226613321
2024-07-26 10:02:44,24150.0,1000,Sell,226613324
2024-07-26 10:02:50,24150.0,5000,Sell,226613443
2024-07-26 10:02:50,24150.0,3000,Sell,226613444
2024-07-26 10:02:50,24150.0,500,Sell,226613445
2024-07-26 10:02:50,24150.0,1000,Sell,226613446
2024-07-26 10:02:50,24150.0,500,Buy,226613454
2024-07-26 10:02:50,24150.0,500,Buy,226613455
2024-07-26 10:02:52,24150.0,300,Buy,226613541
2024-07-26 10:02:52,24150.0,4700,Buy,226613542
2024-07-26 10:02:55,24150.0,500,Buy,226613591
2024-07-26 10:02:58,24150.0,1000,Buy,226613675
2024-07-26 10:03:01,24150.0,1000,Buy,226613729
2024-07-26 10:03:01,24150.0,8200,Buy,226613727
2024-07-26 10:03:01,24150.0,5000,Buy,226613728
2024-07-26 10:03:04,24150.0,1900,Sell,226613788
2024-07-26 10:03:04,24150.0,1000,Sell,226613790
2024-07-26 10:03:04,24150.0,20000,Sell,226613793
2024-07-26 10:03:07,24150.0,100,Sell,226613836
2024-07-26 10:03:09,24150.0,500,Sell,226613872
2024-07-26 10:03:11,24150.0,100,Sell,226613908
2024-07-26 10:03:15,24200.0,11400,Buy,226614061
2024-07-26 10:03:19,24150.0,1900,Sell,226614119
2024-07-26 10:03:20,24150.0,100,Sell,226614128
2024-07-26 10:03:31,24150.0,400,Sell,226614266
2024-07-26 10:03:41,24150.0,200,Sell,226614453
2024-07-26 10:03:41,24150.0,1000,Sell,226614468
2024-07-26 10:03:51,24150.0,200,Sell,226614598
2024-07-26 10:03:54,24150.0,1100,Sell,226614644
2024-07-26 10:03:54,24150.0,100,Sell,226614643
2024-07-26 10:03:54,24150.0,8400,Sell,226614641
2024-07-26 10:03:54,24150.0,400,Sell,226614642
2024-07-26 10:03:57,24150.0,100,Sell,226614676
2024-07-26 10:03:57,24150.0,1000,Sell,226614677
2024-07-26 10:04:00,24150.0,5800,Sell,226614724
2024-07-26 10:04:00,24150.0,3300,Sell,226614725
2024-07-26 10:04:00,24150.0,100,Sell,226614726
2024-07-26 10:04:00,24150.0,800,Sell,226614727
2024-07-26 10:04:02,24150.0,1000,Sell,226614763
2024-07-26 10:04:03,24150.0,500,Sell,226614778
2024-07-26 10:04:04,24150.0,400,Sell,226614808
2024-07-26 10:04:04,24150.0,500,Sell,226614807
2024-07-26 10:04:04,24150.0,700,Sell,226614804
2024-07-26 10:04:04,24150.0,400,Sell,226614805
2024-07-26 10:04:04,24150.0,100,Sell,226614806
2024-07-26 10:04:05,24150.0,2000,Sell,226614823
2024-07-26 10:04:10,24150.0,200,Sell,226614903
2024-07-26 10:04:11,24150.0,2500,Sell,226614921
2024-07-26 10:04:12,24150.0,300,Sell,226614927
2024-07-26 10:04:14,24150.0,2000,Sell,226614977
2024-07-26 10:04:16,24150.0,200,Sell,226615027
2024-07-26 10:04:17,24150.0,100,Sell,226615035
2024-07-26 10:04:17,24150.0,9900,Sell,226615036
2024-07-26 10:04:19,24150.0,900,Sell,226615067
2024-07-26 10:04:19,24200.0,60000,Buy,226615060
2024-07-26 10:04:19,24150.0,100,Sell,226615066
2024-07-26 10:04:20,24150.0,200,Sell,226615070
2024-07-26 10:04:27,24150.0,100,Sell,226615143
2024-07-26 10:04:29,24150.0,1000,Sell,226615155
2024-07-26 10:04:30,24150.0,1000,Sell,226615180
2024-07-26 10:04:32,24150.0,900,Sell,226615198
2024-07-26 10:04:37,24150.0,200,Sell,226615250
2024-07-26 10:04:39,24150.0,3000,Sell,226615270
2024-07-26 10:04:42,24150.0,1000,Buy,226615295
2024-07-26 10:04:42,24150.0,1900,Sell,226615285
2024-07-26 10:04:42,24150.0,100,Sell,226615286
2024-07-26 10:04:42,24150.0,100,Sell,226615283
2024-07-26 10:05:03,24150.0,100,Buy,226615572
2024-07-26 10:05:05,24150.0,200,Buy,226615635
2024-07-26 10:05:05,24150.0,4500,Buy,226615639
2024-07-26 10:05:05,24150.0,100,Buy,226615638
2024-07-26 10:05:05,24150.0,2000,Buy,226615637
2024-07-26 10:05:05,24150.0,1000,Buy,226615636
2024-07-26 10:05:05,24150.0,500,Buy,226615633
2024-07-26 10:05:05,24150.0,100,Buy,226615632
2024-07-26 10:05:05,24150.0,2000,Buy,226615631
2024-07-26 10:05:05,24150.0,500,Buy,226615630
2024-07-26 10:05:05,24150.0,1000,Buy,226615629
2024-07-26 10:05:05,24150.0,5900,Buy,226615628
2024-07-26 10:05:05,24150.0,5000,Buy,226615634
2024-07-26 10:05:08,24150.0,9000,Buy,226615677
2024-07-26 10:05:12,24150.0,3600,Buy,226615757
2024-07-26 10:05:12,24150.0,9900,Buy,226615758
2024-07-26 10:05:12,24150.0,1500,Buy,226615755
2024-07-26 10:05:12,24150.0,2000,Buy,226615756
2024-07-26 10:05:17,24150.0,100,Buy,226615790
2024-07-26 10:05:17,24150.0,500,Buy,226615802
2024-07-26 10:05:17,24150.0,300,Buy,226615803
2024-07-26 10:05:19,24150.0,400,Buy,226615826
2024-07-26 10:05:21,24100.0,100,Sell,226615856
2024-07-26 10:05:25,24100.0,100,Sell,226615903
2024-07-26 10:05:34,24100.0,200,Sell,226616017
2024-07-26 10:05:39,24100.0,100,Sell,226616093
2024-07-26 10:05:45,24100.0,100,Sell,226616231
2024-07-26 10:05:45,24100.0,500,Sell,226616230
2024-07-26 10:05:52,24150.0,5200,Buy,226616382
2024-07-26 10:06:07,24100.0,500,Sell,226616557
2024-07-26 10:06:10,24150.0,100,Buy,226616590
2024-07-26 10:06:18,24100.0,100,Sell,226616736
2024-07-26 10:06:18,24100.0,400,Sell,226616735
2024-07-26 10:06:30,24150.0,12000,Buy,226616948
2024-07-26 10:06:39,24150.0,500,Buy,226617065
2024-07-26 10:06:46,24150.0,100,Buy,226617139
2024-07-26 10:06:53,24150.0,500,Buy,226617235
2024-07-26 10:06:53,24150.0,1400,Buy,226617233
2024-07-26 10:06:53,24150.0,100,Buy,226617234
2024-07-26 10:06:55,24150.0,200,Buy,226617263
2024-07-26 10:07:12,24150.0,500,Buy,226617462
2024-07-26 10:07:26,24150.0,1800,Buy,226617664
2024-07-26 10:07:26,24150.0,100,Buy,226617665
2024-07-26 10:07:26,24150.0,500,Buy,226617666
2024-07-26 10:07:26,24150.0,500,Buy,226617667
2024-07-26 10:07:26,24150.0,100,Buy,226617668
2024-07-26 10:07:29,24150.0,100,Buy,226617715
2024-07-26 10:07:31,24150.0,200,Buy,226617725
2024-07-26 10:07:55,24150.0,100,Buy,226618014
2024-07-26 10:07:55,24150.0,300,Buy,226618015
2024-07-26 10:07:55,24150.0,1000,Buy,226618016
2024-07-26 10:07:55,24150.0,300,Buy,226618017
2024-07-26 10:07:55,24150.0,300,Buy,226618018
2024-07-26 10:08:05,24150.0,200,Buy,226618129
2024-07-26 10:08:05,24150.0,700,Buy,226618127
2024-07-26 10:08:05,24150.0,100,Buy,226618128
2024-07-26 10:08:07,24150.0,9800,Buy,226618144
2024-07-26 10:08:07,24150.0,200,Buy,226618143
2024-07-26 10:08:12,24150.0,200,Buy,226618262
2024-07-26 10:08:12,24150.0,200,Buy,226618263
2024-07-26 10:08:12,24150.0,300,Buy,226618264
2024-07-26 10:08:12,24150.0,3000,Buy,226618265
2024-07-26 10:08:12,24150.0,300,Buy,226618266
2024-07-26 10:08:23,24100.0,500,Sell,226618385
2024-07-26 10:08:23,24100.0,500,Sell,226618386
2024-07-26 10:08:24,24150.0,200,Buy,226618390
2024-07-26 10:08:24,24150.0,300,Buy,226618391
2024-07-26 10:08:48,24150.0,1000,Buy,226618830
2024-07-26 10:08:55,24150.0,1700,Buy,226618946
2024-07-26 10:08:55,24150.0,2000,Buy,226618947
2024-07-26 10:08:55,24150.0,100,Buy,226618948
2024-07-26 10:08:55,24150.0,1500,Buy,226618949
2024-07-26 10:08:55,24150.0,900,Buy,226618950
2024-07-26 10:08:55,24150.0,3800,Buy,226618951
2024-07-26 10:08:59,24100.0,7000,Sell,226619025
2024-07-26 10:08:59,24100.0,200,Sell,226619024
2024-07-26 10:08:59,24100.0,500,Sell,226619022
2024-07-26 10:08:59,24100.0,500,Sell,226619023
2024-07-26 10:09:01,24100.0,1200,Sell,226619043
2024-07-26 10:09:05,24150.0,200,Buy,226619119
2024-07-26 10:09:06,24100.0,200,Sell,226619139
2024-07-26 10:09:10,24100.0,100,Sell,226619203
2024-07-26 10:09:10,24100.0,14300,Sell,226619202
2024-07-26 10:09:10,24100.0,200,Sell,226619201
2024-07-26 10:09:10,24100.0,200,Sell,226619200
2024-07-26 10:09:10,24100.0,200,Sell,226619199
2024-07-26 10:09:10,24100.0,2100,Sell,226619198
2024-07-26 10:09:10,24100.0,200,Sell,226619189
2024-07-26 10:09:10,24100.0,100,Sell,226619196
2024-07-26 10:09:10,24100.0,200,Sell,226619195
2024-07-26 10:09:10,24100.0,1900,Sell,226619194
2024-07-26 10:09:10,24100.0,200,Sell,226619192
2024-07-26 10:09:10,24100.0,10000,Sell,226619191
2024-07-26 10:09:10,24100.0,200,Sell,226619190
2024-07-26 10:09:10,24100.0,20000,Sell,226619197
2024-07-26 10:09:10,24100.0,10000,Sell,226619188
2024-07-26 10:09:10,24100.0,1000,Sell,226619176
2024-07-26 10:09:10,24100.0,2400,Sell,226619171
2024-07-26 10:09:10,24100.0,800,Sell,226619172
2024-07-26 10:09:10,24100.0,500,Sell,226619173
2024-07-26 10:09:10,24100.0,1000,Sell,226619174
2024-07-26 10:09:10,24100.0,400,Sell,226619175
2024-07-26 10:09:10,24100.0,2600,Sell,226619186
2024-07-26 10:09:10,24100.0,10000,Sell,226619177
2024-07-26 10:09:10,24100.0,500,Sell,226619187
2024-07-26 10:09:10,24100.0,100,Sell,226619179
2024-07-26 10:09:10,24100.0,10000,Sell,226619180
2024-07-26 10:09:10,24100.0,100,Sell,226619181
2024-07-26 10:09:10,24100.0,1000,Sell,226619182
2024-07-26 10:09:10,24100.0,200,Sell,226619183
2024-07-26 10:09:10,24100.0,200,Sell,226619184
2024-07-26 10:09:10,24100.0,200,Sell,226619185
2024-07-26 10:09:10,24100.0,500,Sell,226619178
2024-07-26 10:09:24,24050.0,1500,Sell,226619483
2024-07-26 10:09:24,24050.0,1000,Sell,226619484
2024-07-26 10:09:24,24050.0,12500,Sell,226619485
2024-07-26 10:10:09,24050.0,1000,Sell,226620248
2024-07-26 10:10:10,24050.0,1100,Sell,226620250
2024-07-26 10:10:29,24050.0,2000,Sell,226620504
2024-07-26 10:10:34,24100.0,50000,Buy,226620560
2024-07-26 10:10:39,24050.0,500,Sell,226620626
2024-07-26 10:10:42,24100.0,29000,Buy,226620651
2024-07-26 10:10:54,24100.0,200,Buy,226620806
2024-07-26 10:11:05,24100.0,2100,Buy,226620948
2024-07-26 10:11:05,24100.0,100,Buy,226620949
2024-07-26 10:11:05,24100.0,100,Buy,226620950
2024-07-26 10:11:05,24100.0,100,Buy,226620951
2024-07-26 10:11:05,24100.0,400,Buy,226620952
2024-07-26 10:11:05,24100.0,100,Buy,226620953
2024-07-26 10:11:05,24100.0,500,Buy,226620954
2024-07-26 10:11:05,24100.0,1000,Buy,226620955
2024-07-26 10:11:05,24100.0,600,Buy,226620956
2024-07-26 10:11:10,24100.0,100,Buy,226621011
2024-07-26 10:11:21,24100.0,700,Buy,226621181
2024-07-26 10:11:21,24100.0,100,Buy,226621180
2024-07-26 10:11:27,24100.0,5000,Buy,226621524
2024-07-26 10:11:37,24050.0,200,Sell,226621659
2024-07-26 10:11:46,24100.0,300,Buy,226621773
2024-07-26 10:11:46,24100.0,500,Buy,226621774
2024-07-26 10:11:53,24100.0,100,Buy,226621868
2024-07-26 10:11:57,24100.0,2000,Buy,226621924
2024-07-26 10:11:57,24100.0,500,Buy,226621923
2024-07-26 10:11:57,24100.0,100,Buy,226621920
2024-07-26 10:11:57,24100.0,1000,Buy,226621921
2024-07-26 10:11:57,24100.0,10000,Buy,226621922
2024-07-26 10:11:57,24100.0,1400,Buy,226621919
2024-07-26 10:12:14,24100.0,1000,Sell,226622224
2024-07-26 10:12:16,24100.0,200,Sell,226622256
2024-07-26 10:12:26,24100.0,2000,Sell,226622390
2024-07-26 10:12:27,24150.0,900,Buy,226622413
2024-07-26 10:12:41,24100.0,5000,Sell,226622596
2024-07-26 10:12:50,24100.0,6800,Sell,226622726
2024-07-26 10:12:50,24100.0,1000,Sell,226622728
2024-07-26 10:12:50,24100.0,2500,Sell,226622729
2024-07-26 10:12:50,24100.0,500,Sell,226622730
2024-07-26 10:12:50,24100.0,300,Sell,226622727
2024-07-26 10:12:53,24100.0,3300,Buy,226622789
2024-07-26 10:12:55,24100.0,500,Sell,226622800
2024-07-26 10:13:00,24100.0,46200,Sell,226622885
2024-07-26 10:13:09,24100.0,3800,Buy,226623073
2024-07-26 10:13:17,24100.0,500,Sell,226623180
2024-07-26 10:13:26,24150.0,200,Buy,226623291
2024-07-26 10:13:26,24150.0,100,Buy,226623290
2024-07-26 10:13:26,24150.0,1700,Buy,226623292
2024-07-26 10:13:31,24150.0,100,Buy,226623376
2024-07-26 10:13:35,24150.0,400,Buy,226623473
2024-07-26 10:13:38,24150.0,1000,Buy,226623537
2024-07-26 10:13:39,24100.0,500,Sell,226623545
2024-07-26 10:13:42,24150.0,200,Buy,226623574
2024-07-26 10:14:04,24100.0,600,Sell,226623961
2024-07-26 10:14:04,24100.0,400,Sell,226623962
2024-07-26 10:14:04,24100.0,800,Sell,226623963
2024-07-26 10:14:11,24100.0,1000,Sell,226624348
2024-07-26 10:14:15,24100.0,5000,Sell,226624442
2024-07-26 10:14:22,24100.0,8200,Sell,226624575
2024-07-26 10:14:39,24100.0,500,Sell,226624835
2024-07-26 10:14:40,24100.0,2300,Sell,226624857
2024-07-26 10:14:41,24100.0,4500,Sell,226624870
2024-07-26 10:14:45,24100.0,500,Sell,226624904
2024-07-26 10:14:54,24100.0,1000,Sell,226625023
2024-07-26 10:14:56,24100.0,2500,Sell,226625043
2024-07-26 10:15:01,24100.0,100,Sell,226625159
2024-07-26 10:15:09,24100.0,2000,Sell,226625295
2024-07-26 10:15:09,24100.0,200,Sell,226625294
2024-07-26 10:15:16,24100.0,200,Sell,226625398
2024-07-26 10:15:20,24100.0,1000,Sell,226625502
2024-07-26 10:15:22,24100.0,100,Sell,226625526
2024-07-26 10:15:32,24100.0,1500,Sell,226625686
2024-07-26 10:15:47,24100.0,500,Sell,226625911
2024-07-26 10:15:48,24100.0,200,Sell,226625925
2024-07-26 10:15:51,24100.0,200,Sell,226625955
2024-07-26 10:15:57,24100.0,100,Sell,226626035
2024-07-26 10:15:57,24100.0,1000,Sell,226626036
2024-07-26 10:15:58,24150.0,500,Buy,226626057
2024-07-26 10:15:59,24100.0,5000,Sell,226626072
2024-07-26 10:16:04,24150.0,6100,Buy,226626166
2024-07-26 10:16:04,24150.0,100,Buy,226626167
2024-07-26 10:16:04,24150.0,500,Buy,226626168
2024-07-26 10:16:04,24150.0,500,Buy,226626169
2024-07-26 10:16:04,24150.0,200,Buy,226626170
2024-07-26 10:16:04,24150.0,1000,Buy,226626171
2024-07-26 10:16:04,24150.0,600,Buy,226626172
2024-07-26 10:16:38,24100.0,1100,Sell,226626710
2024-07-26 10:16:39,24150.0,300,Buy,226626716
2024-07-26 10:16:43,24150.0,100,Buy,226626777
2024-07-26 10:16:43,24150.0,100,Buy,226626774
2024-07-26 10:16:43,24150.0,200,Buy,226626775
2024-07-26 10:16:43,24150.0,100,Buy,226626776
2024-07-26 10:16:49,24150.0,300,Buy,226626867
2024-07-26 10:17:03,24150.0,500,Buy,226627077
2024-07-26 10:17:08,24150.0,200,Buy,226627176
2024-07-26 10:17:08,24150.0,6800,Buy,226627182
2024-07-26 10:17:08,24150.0,300,Buy,226627181
2024-07-26 10:17:08,24150.0,1000,Buy,226627180
2024-07-26 10:17:08,24150.0,100,Buy,226627175
2024-07-26 10:17:08,24150.0,500,Buy,226627178
2024-07-26 10:17:08,24150.0,600,Buy,226627177
2024-07-26 10:17:08,24150.0,500,Buy,226627179
2024-07-26 10:17:10,24150.0,100,Buy,226627205
2024-07-26 10:17:12,24150.0,800,Buy,226627231
2024-07-26 10:17:14,24150.0,1000,Buy,226627253
2024-07-26 10:17:29,24150.0,500,Buy,226627521
2024-07-26 10:17:33,24150.0,800,Buy,226627568
2024-07-26 10:17:33,24150.0,9200,Buy,226627569
2024-07-26 10:17:35,24100.0,500,Sell,226627578
2024-07-26 10:17:37,24150.0,300,Buy,226627607
2024-07-26 10:17:37,24150.0,3600,Buy,226627609
2024-07-26 10:17:37,24150.0,2000,Buy,226627608
2024-07-26 10:17:37,24150.0,100,Buy,226627606
2024-07-26 10:17:37,24150.0,100,Buy,226627604
2024-07-26 10:17:37,24150.0,800,Buy,226627602
2024-07-26 10:17:37,24150.0,100,Buy,226627605
2024-07-26 10:17:37,24150.0,3000,Buy,226627603
2024-07-26 10:17:41,24150.0,6400,Buy,226627655
2024-07-26 10:17:41,24150.0,1000,Buy,226627656
2024-07-26 10:17:41,24150.0,3600,Buy,226627657
2024-07-26 10:17:54,24150.0,100,Buy,226627761
2024-07-26 10:18:00,24150.0,100,Buy,226627852
2024-07-26 10:18:13,24150.0,2000,Buy,226627991
2024-07-26 10:18:14,24150.0,500,Buy,226628078
2024-07-26 10:18:16,24150.0,400,Buy,226628108
2024-07-26 10:18:19,24150.0,5000,Buy,226628127
2024-07-26 10:18:27,24150.0,8000,Buy,226628209
2024-07-26 10:18:39,24150.0,300,Buy,226628327
2024-07-26 10:18:39,24150.0,200,Buy,226628328
2024-07-26 10:18:42,24150.0,5000,Buy,226628354
2024-07-26 10:18:45,24150.0,800,Buy,226628391
2024-07-26 10:18:49,24150.0,100,Buy,226628438
2024-07-26 10:18:49,24150.0,100,Buy,226628432
2024-07-26 10:18:53,24150.0,500,Buy,226628509
2024-07-26 10:18:53,24150.0,2000,Buy,226628508
2024-07-26 10:18:53,24150.0,3000,Buy,226628507
2024-07-26 10:18:53,24150.0,1000,Buy,226628506
2024-07-26 10:18:53,24150.0,300,Buy,226628505
2024-07-26 10:18:53,24150.0,1800,Buy,226628499
2024-07-26 10:18:53,24150.0,100,Buy,226628503
2024-07-26 10:18:53,24150.0,100,Buy,226628502
2024-07-26 10:18:53,24150.0,100,Buy,226628501
2024-07-26 10:18:53,24150.0,1000,Buy,226628500
2024-07-26 10:18:53,24150.0,100,Buy,226628504
2024-07-26 10:19:00,24150.0,500,Buy,226628616
2024-07-26 10:19:00,24150.0,100,Buy,226628617
2024-07-26 10:19:00,24150.0,1500,Buy,226628618
2024-07-26 10:19:00,24150.0,200,Buy,226628619
2024-07-26 10:19:00,24150.0,100,Buy,226628620
2024-07-26 10:19:00,24150.0,100,Buy,226628621
2024-07-26 10:19:00,24150.0,2500,Buy,226628622
2024-07-26 10:19:00,24100.0,100,Sell,226628623
2024-07-26 10:19:00,24150.0,300,Buy,226628634
2024-07-26 10:19:27,24150.0,100,Buy,226628986
2024-07-26 10:19:32,24150.0,400,Buy,226629051
2024-07-26 10:19:44,24150.0,100,Buy,226629198
2024-07-26 10:19:47,24100.0,2000,Sell,226629238
2024-07-26 10:20:01,24150.0,2000,Buy,226629427
2024-07-26 10:20:10,24150.0,100,Buy,226629672
2024-07-26 10:20:17,24100.0,4000,Sell,226629780
2024-07-26 10:20:20,24150.0,2600,Buy,226629817
2024-07-26 10:20:22,24150.0,400,Buy,226629845
2024-07-26 10:20:31,24150.0,500,Buy,226629947
2024-07-26 10:20:52,24100.0,3900,Sell,226630317
2024-07-26 10:20:52,24100.0,500,Sell,226630319
2024-07-26 10:20:52,24100.0,500,Sell,226630320
2024-07-26 10:20:52,24100.0,5100,Sell,226630321
2024-07-26 10:20:52,24100.0,5000,Sell,226630318
2024-07-26 10:20:56,24150.0,200,Buy,226630366
2024-07-26 10:21:29,24150.0,8300,Buy,226630865
2024-07-26 10:21:49,24150.0,300,Buy,226631210
2024-07-26 10:23:05,24100.0,4000,Sell,226632405
2024-07-26 10:23:17,24150.0,300,Buy,226632537
2024-07-26 10:23:22,24150.0,1000,Buy,226632620
2024-07-26 10:23:25,24100.0,500,Sell,226632672
2024-07-26 10:23:39,24100.0,200,Sell,226632818
2024-07-26 10:23:44,24150.0,200,Buy,226632934
2024-07-26 10:24:00,24150.0,400,Buy,226633217
2024-07-26 10:24:18,24150.0,700,Buy,226633488
2024-07-26 10:24:18,24150.0,300,Buy,226633487
2024-07-26 10:24:29,24150.0,200,Buy,226633659
2024-07-26 10:24:29,24150.0,300,Buy,226633658
2024-07-26 10:24:44,24150.0,100,Buy,226633883
2024-07-26 10:24:47,24150.0,700,Buy,226633919
2024-07-26 10:24:47,24150.0,200,Buy,226633920
2024-07-26 10:24:54,24150.0,100,Buy,226634011
2024-07-26 10:24:59,24150.0,1000,Buy,226634067
2024-07-26 10:25:05,24150.0,1000,Buy,226634151
2024-07-26 10:25:09,24150.0,600,Buy,226634214
2024-07-26 10:25:17,24150.0,1000,Buy,226634306
2024-07-26 10:25:17,24150.0,200,Buy,226634307
2024-07-26 10:25:17,24150.0,100,Buy,226634308
2024-07-26 10:25:17,24150.0,1000,Buy,226634309
2024-07-26 10:25:17,24150.0,5000,Buy,226634310
2024-07-26 10:25:17,24150.0,700,Buy,226634311
2024-07-26 10:25:21,24100.0,1300,Sell,226634352
2024-07-26 10:25:24,24150.0,500,Buy,226634436
2024-07-26 10:25:35,24150.0,100,Buy,226634638
2024-07-26 10:25:44,24150.0,100,Buy,226634736
2024-07-26 10:25:45,24100.0,100,Sell,226634752
2024-07-26 10:25:54,24100.0,2000,Sell,226634924
2024-07-26 10:26:15,24100.0,1900,Sell,226635191
2024-07-26 10:26:15,24100.0,100,Sell,226635192
2024-07-26 10:26:15,24100.0,500,Sell,226635193
2024-07-26 10:26:18,24100.0,1500,Sell,226635234
2024-07-26 10:26:18,24100.0,1500,Sell,226635235
2024-07-26 10:26:24,24100.0,3000,Sell,226635391
2024-07-26 10:26:25,24150.0,1900,Buy,226635409
2024-07-26 10:26:25,24150.0,200,Buy,226635408
2024-07-26 10:26:25,24150.0,100,Buy,226635407
2024-07-26 10:26:25,24150.0,100,Buy,226635403
2024-07-26 10:26:25,24150.0,100,Buy,226635405
2024-07-26 10:26:25,24150.0,3000,Buy,226635404
2024-07-26 10:26:25,24150.0,1000,Buy,226635406
2024-07-26 10:26:25,24150.0,3600,Buy,226635402
2024-07-26 10:26:54,24150.0,200,Buy,226635815
2024-07-26 10:26:55,24100.0,2000,Sell,226635841
2024-07-26 10:26:58,24150.0,900,Buy,226635861
2024-07-26 10:27:00,24150.0,500,Buy,226635884
2024-07-26 10:27:05,24150.0,500,Buy,226635943
2024-07-26 10:27:09,24150.0,200,Buy,226635980
2024-07-26 10:27:09,24150.0,300,Buy,226635978
2024-07-26 10:27:09,24150.0,100,Buy,226635979
2024-07-26 10:27:12,24150.0,100,Buy,226636025
2024-07-26 10:27:18,24150.0,400,Buy,226636113
2024-07-26 10:27:20,24100.0,1000,Sell,226636131
2024-07-26 10:27:24,24100.0,4500,Sell,226636172
2024-07-26 10:27:24,24100.0,100,Sell,226636173
2024-07-26 10:27:24,24100.0,400,Sell,226636174
2024-07-26 10:27:25,24150.0,1900,Buy,226636179
2024-07-26 10:27:28,24150.0,500,Buy,226636201
2024-07-26 10:27:45,24150.0,100,Buy,226636467
2024-07-26 10:27:53,24150.0,500,Buy,226636538
2024-07-26 10:28:03,24150.0,1000,Buy,226636633
2024-07-26 10:28:09,24150.0,1800,Buy,226636765
2024-07-26 10:28:09,24150.0,1300,Buy,226636763
2024-07-26 10:28:09,24150.0,1900,Buy,226636764
2024-07-26 10:28:23,24150.0,200,Buy,226637016
2024-07-26 10:28:23,24150.0,1200,Buy,226637014
2024-07-26 10:28:23,24150.0,100,Buy,226637015
2024-07-26 10:28:35,24150.0,200,Buy,226637170
2024-07-26 10:28:46,24150.0,100,Buy,226637308
2024-07-26 10:28:46,24150.0,100,Buy,226637309
2024-07-26 10:28:46,24150.0,1700,Buy,226637310
2024-07-26 10:28:46,24150.0,1100,Buy,226637311
2024-07-26 10:29:05,24150.0,100,Buy,226637576
2024-07-26 10:29:20,24150.0,500,Buy,226637879
2024-07-26 10:29:40,24150.0,300,Buy,226638118
2024-07-26 10:29:50,24100.0,1900,Sell,226638251
2024-07-26 10:29:50,24100.0,100,Sell,226638250
2024-07-26 10:29:50,24100.0,100,Sell,226638249
2024-07-26 10:30:02,24100.0,200,Sell,226638400
2024-07-26 10:30:08,24100.0,100,Sell,226638477
2024-07-26 10:30:09,24150.0,100,Buy,226638481
2024-07-26 10:30:13,24150.0,1200,Buy,226638534
2024-07-26 10:30:21,24150.0,1000,Buy,226638633
2024-07-26 10:30:31,24100.0,3600,Sell,226638717
2024-07-26 10:30:31,24100.0,200,Sell,226638716
2024-07-26 10:30:31,24100.0,200,Sell,226638715
2024-07-26 10:30:31,24100.0,800,Sell,226638713
2024-07-26 10:30:31,24100.0,200,Sell,226638714
2024-07-26 10:30:49,24150.0,500,Buy,226638914
2024-07-26 10:30:54,24150.0,500,Buy,226638976
2024-07-26 10:30:54,24150.0,200,Buy,226638974
2024-07-26 10:30:54,24150.0,500,Buy,226638975
2024-07-26 10:30:56,24150.0,400,Buy,226639007
2024-07-26 10:31:09,24100.0,10000,Sell,226639324
2024-07-26 10:31:10,24100.0,1300,Sell,226639326
2024-07-26 10:31:12,24150.0,2000,Buy,226639358
2024-07-26 10:31:26,24150.0,1000,Buy,226639524
2024-07-26 10:31:28,24150.0,8500,Buy,226639564
2024-07-26 10:31:28,24150.0,300,Buy,226639565
2024-07-26 10:31:28,24150.0,6100,Buy,226639566
2024-07-26 10:31:35,24150.0,8000,Buy,226639641
2024-07-26 10:31:40,24150.0,200,Buy,226639688
2024-07-26 10:31:44,24150.0,13000,Buy,226639725
2024-07-26 10:31:53,24150.0,2000,Buy,226639885
2024-07-26 10:31:55,24150.0,3700,Buy,226639912
2024-07-26 10:31:55,24150.0,100,Buy,226639910
2024-07-26 10:31:55,24150.0,400,Buy,226639911
2024-07-26 10:31:55,24150.0,100,Buy,226639908
2024-07-26 10:31:55,24150.0,10700,Buy,226639906
2024-07-26 10:31:55,24150.0,1000,Buy,226639909
2024-07-26 10:31:55,24150.0,4000,Buy,226639907
2024-07-26 10:32:24,24150.0,100,Buy,226640359
2024-07-26 10:32:28,24150.0,6200,Buy,226640404
2024-07-26 10:32:28,24150.0,1000,Buy,226640405
2024-07-26 10:32:28,24150.0,1000,Buy,226640406
2024-07-26 10:32:28,24150.0,10000,Buy,226640407
2024-07-26 10:32:28,24150.0,100,Buy,226640408
2024-07-26 10:32:28,24150.0,1200,Buy,226640410
2024-07-26 10:32:28,24150.0,300,Buy,226640411
2024-07-26 10:32:28,24150.0,200,Buy,226640409
2024-07-26 10:32:30,24150.0,500,Buy,226640431
2024-07-26 10:32:34,24150.0,200,Buy,226640504
2024-07-26 10:32:34,24150.0,500,Buy,226640505
2024-07-26 10:32:42,24100.0,2200,Sell,226640658
2024-07-26 10:32:53,24150.0,100,Buy,226640777
2024-07-26 10:33:23,24150.0,1000,Buy,226641163
2024-07-26 10:33:28,24150.0,200,Buy,226641276
2024-07-26 10:33:33,24150.0,1800,Buy,226641337
2024-07-26 10:33:33,24150.0,1200,Buy,226641336
2024-07-26 10:33:42,24150.0,5000,Buy,226641440
2024-07-26 10:33:46,24150.0,4500,Buy,226641508
2024-07-26 10:33:46,24150.0,500,Buy,226641506
2024-07-26 10:33:46,24150.0,100,Buy,226641505
2024-07-26 10:33:46,24150.0,1000,Buy,226641504
2024-07-26 10:33:46,24150.0,500,Buy,226641503
2024-07-26 10:33:46,24150.0,1400,Buy,226641502
2024-07-26 10:33:46,24150.0,2000,Buy,226641501
2024-07-26 10:33:46,24150.0,100,Buy,226641507
2024-07-26 10:33:46,24150.0,800,Buy,226641499
2024-07-26 10:33:46,24150.0,100,Buy,226641498
2024-07-26 10:33:46,24150.0,200,Buy,226641497
2024-07-26 10:33:46,24150.0,5700,Buy,226641496
2024-07-26 10:33:46,24150.0,1000,Buy,226641495
2024-07-26 10:33:46,24150.0,300,Buy,226641494
2024-07-26 10:33:46,24150.0,100,Buy,226641493
2024-07-26 10:33:46,24150.0,700,Buy,226641492
2024-07-26 10:33:46,24150.0,1000,Buy,226641500
2024-07-26 10:33:47,24150.0,400,Buy,226641527
2024-07-26 10:34:01,24150.0,1000,Buy,226641746
2024-07-26 10:34:01,24150.0,1000,Buy,226641734
2024-07-26 10:34:01,24150.0,300,Buy,226641733
2024-07-26 10:34:01,24150.0,100,Buy,226641731
2024-07-26 10:34:01,24150.0,100,Buy,226641730
2024-07-26 10:34:01,24150.0,500,Buy,226641732
2024-07-26 10:34:06,24150.0,100,Buy,226641800
2024-07-26 10:34:21,24150.0,1300,Buy,226641924
2024-07-26 10:34:21,24150.0,2000,Buy,226641932
2024-07-26 10:34:21,24150.0,1000,Buy,226641931
2024-07-26 10:34:21,24150.0,500,Buy,226641930
2024-07-26 10:34:21,24150.0,1000,Buy,226641929
2024-07-26 10:34:21,24150.0,1000,Buy,226641928
2024-07-26 10:34:21,24150.0,1000,Buy,226641925
2024-07-26 10:34:21,24150.0,10000,Buy,226641923
2024-07-26 10:34:21,24150.0,10100,Buy,226641933
2024-07-26 10:34:21,24150.0,7000,Buy,226641921
2024-07-26 10:34:21,24150.0,500,Buy,226641920
2024-07-26 10:34:21,24150.0,10000,Buy,226641919
2024-07-26 10:34:21,24150.0,200,Buy,226641918
2024-07-26 10:34:21,24150.0,1500,Buy,226641917
2024-07-26 10:34:21,24150.0,1000,Buy,226641916
2024-07-26 10:34:21,24150.0,500,Buy,226641915
2024-07-26 10:34:21,24150.0,500,Buy,226641922
2024-07-26 10:34:21,24150.0,900,Buy,226641914
2024-07-26 10:34:22,24100.0,2500,Sell,226641941
2024-07-26 10:34:30,24150.0,400,Buy,226642103
2024-07-26 10:34:30,24150.0,600,Buy,226642112
2024-07-26 10:34:30,24150.0,100,Buy,226642113
2024-07-26 10:34:30,24150.0,500,Buy,226642114
2024-07-26 10:34:30,24150.0,100,Buy,226642115
2024-07-26 10:34:30,24150.0,5000,Buy,226642116
2024-07-26 10:34:30,24150.0,100,Buy,226642117
2024-07-26 10:34:30,24150.0,100,Buy,226642118
2024-07-26 10:34:30,24150.0,16500,Buy,226642119
2024-07-26 10:34:30,24150.0,100,Buy,226642102
2024-07-26 10:34:31,24150.0,100,Buy,226642133
2024-07-26 10:34:35,24150.0,500,Buy,226642253
2024-07-26 10:34:36,24150.0,1000,Buy,226642285
2024-07-26 10:34:37,24150.0,400,Buy,226642294
2024-07-26 10:34:38,24150.0,500,Buy,226642317
2024-07-26 10:34:38,24150.0,1500,Buy,226642316
2024-07-26 10:34:39,24150.0,30000,Buy,226642335
2024-07-26 10:34:39,24150.0,1000,Buy,226642343
2024-07-26 10:34:39,24150.0,200,Buy,226642342
2024-07-26 10:34:39,24150.0,100,Buy,226642341
2024-07-26 10:34:39,24150.0,500,Buy,226642340
2024-07-26 10:34:39,24150.0,1500,Buy,226642339
2024-07-26 10:34:39,24150.0,1000,Buy,226642338
2024-07-26 10:34:39,24150.0,100,Buy,226642337
2024-07-26 10:34:39,24150.0,500,Buy,226642336
2024-07-26 10:34:39,24150.0,100,Buy,226642334
2024-07-26 10:34:39,24150.0,600,Buy,226642344
2024-07-26 10:34:39,24150.0,100,Buy,226642332
2024-07-26 10:34:39,24150.0,100,Buy,226642331
2024-07-26 10:34:39,24150.0,100,Buy,226642330
2024-07-26 10:34:39,24150.0,500,Buy,226642329
2024-07-26 10:34:39,24150.0,400,Buy,226642328
2024-07-26 10:34:39,24150.0,500,Buy,226642327
2024-07-26 10:34:39,24150.0,2000,Buy,226642326
2024-07-26 10:34:39,24150.0,100,Buy,226642325
2024-07-26 10:34:39,24150.0,100,Buy,226642324
2024-07-26 10:34:39,24150.0,10000,Buy,226642333
2024-07-26 10:34:39,24150.0,500,Buy,226642323
2024-07-26 10:34:40,24150.0,4400,Buy,226642355
2024-07-26 10:34:40,24150.0,600,Buy,226642356
2024-07-26 10:34:40,24150.0,1000,Buy,226642357
2024-07-26 10:34:54,24150.0,1000,Sell,226642564
2024-07-26 10:34:59,24150.0,100,Sell,226642649
2024-07-26 10:35:03,24150.0,5000,Sell,226642751
2024-07-26 10:35:03,24150.0,200,Sell,226642752
2024-07-26 10:35:03,24150.0,1900,Sell,226642753
2024-07-26 10:35:03,24150.0,2900,Sell,226642750
2024-07-26 10:35:07,24200.0,1000,Buy,226642847
2024-07-26 10:35:15,24150.0,2000,Sell,226642954
2024-07-26 10:35:34,24150.0,1500,Sell,226643212
2024-07-26 10:35:35,24150.0,100,Sell,226643239
2024-07-26 10:35:44,24150.0,5000,Sell,226643372
2024-07-26 10:35:45,24150.0,100,Sell,226643402
2024-07-26 10:35:47,24150.0,100,Sell,226643423
2024-07-26 10:36:08,24150.0,7300,Sell,226643767
2024-07-26 10:36:08,24150.0,500,Sell,226643765
2024-07-26 10:36:08,24150.0,100,Sell,226643764
2024-07-26 10:36:08,24150.0,100,Sell,226643763
2024-07-26 10:36:08,24150.0,100,Sell,226643762
2024-07-26 10:36:08,24150.0,700,Sell,226643766
2024-07-26 10:36:08,24150.0,200,Sell,226643760
2024-07-26 10:36:08,24150.0,400,Sell,226643761
2024-07-26 10:36:08,24150.0,3300,Sell,226643756
2024-07-26 10:36:08,24150.0,200,Sell,226643758
2024-07-26 10:36:08,24150.0,1000,Sell,226643759
2024-07-26 10:36:08,24150.0,100,Sell,226643757
2024-07-26 10:36:17,24150.0,100,Sell,226643900
2024-07-26 10:36:24,24150.0,10000,Sell,226643992
2024-07-26 10:36:26,24150.0,2000,Sell,226644015
2024-07-26 10:36:40,24150.0,300,Sell,226644277
2024-07-26 10:36:46,24200.0,1000,Buy,226644361
2024-07-26 10:37:07,24150.0,5000,Sell,226644598
2024-07-26 10:37:18,24150.0,1700,Sell,226644723
2024-07-26 10:37:20,24150.0,2000,Sell,226644783
2024-07-26 10:37:26,24200.0,200,Buy,226644851
2024-07-26 10:37:32,24150.0,5000,Sell,226644912
2024-07-26 10:37:35,24150.0,2000,Sell,226644951
2024-07-26 10:37:35,24150.0,500,Sell,226644952
2024-07-26 10:37:35,24150.0,5000,Sell,226644953
2024-07-26 10:37:35,24150.0,400,Sell,226644954
2024-07-26 10:37:35,24150.0,500,Sell,226644955
2024-07-26 10:37:35,24150.0,2500,Sell,226644956
2024-07-26 10:37:35,24150.0,4100,Sell,226644957
2024-07-26 10:37:42,24150.0,100,Sell,226645032
2024-07-26 10:37:51,24150.0,1000,Sell,226645115
2024-07-26 10:38:03,24200.0,300,Buy,226645290
2024-07-26 10:38:22,24200.0,800,Buy,226645562
2024-07-26 10:38:26,24150.0,1500,Sell,226645629
2024-07-26 10:38:31,24200.0,3000,Buy,226645673
2024-07-26 10:38:33,24200.0,6400,Buy,226645699
2024-07-26 10:38:33,24200.0,3600,Buy,226645700
2024-07-26 10:38:50,24200.0,1400,Buy,226645897
2024-07-26 10:38:50,24200.0,100,Buy,226645898
2024-07-26 10:38:55,24200.0,1000,Buy,226645941
2024-07-26 10:38:58,24200.0,2000,Buy,226645971
2024-07-26 10:39:05,24200.0,1000,Buy,226646044
2024-07-26 10:39:18,24200.0,100,Buy,226646200
2024-07-26 10:39:34,24200.0,100,Buy,226646513
2024-07-26 10:39:41,24200.0,700,Buy,226646599
2024-07-26 10:39:41,24200.0,800,Buy,226646600
2024-07-26 10:39:47,24200.0,1000,Buy,226646663
2024-07-26 10:39:56,24200.0,100,Buy,226646775
2024-07-26 10:40:05,24200.0,1900,Buy,226646896
2024-07-26 10:40:05,24200.0,500,Buy,226646895
2024-07-26 10:40:05,24200.0,1000,Buy,226646894
2024-07-26 10:40:05,24200.0,100,Buy,226646893
2024-07-26 10:40:05,24200.0,100,Buy,226646892
2024-07-26 10:40:05,24200.0,2000,Buy,226646889
2024-07-26 10:40:05,24200.0,500,Buy,226646891
2024-07-26 10:40:05,24200.0,10000,Buy,226646887
2024-07-26 10:40:05,24200.0,1000,Buy,226646888
2024-07-26 10:40:05,24200.0,8100,Buy,226646881
2024-07-26 10:40:05,24200.0,100,Buy,226646882
2024-07-26 10:40:05,24200.0,500,Buy,226646883
2024-07-26 10:40:05,24200.0,100,Buy,226646890
2024-07-26 10:40:05,24200.0,1200,Buy,226646885
2024-07-26 10:40:05,24200.0,1000,Buy,226646886
2024-07-26 10:40:05,24200.0,900,Buy,226646884
2024-07-26 10:40:13,24200.0,200,Buy,226646971
2024-07-26 10:40:28,24200.0,500,Buy,226647202
2024-07-26 10:40:38,24200.0,400,Buy,226647509
2024-07-26 10:40:43,24200.0,500,Buy,226647562
2024-07-26 10:40:43,24200.0,2000,Buy,226647560
2024-07-26 10:40:43,24200.0,400,Buy,226647561
2024-07-26 10:40:43,24200.0,100,Buy,226647557
2024-07-26 10:40:43,24200.0,2000,Buy,226647556
2024-07-26 10:40:43,24200.0,200,Buy,226647559
2024-07-26 10:40:43,24200.0,1000,Buy,226647558
2024-07-26 10:41:01,24200.0,4000,Buy,226647835
2024-07-26 10:41:03,24200.0,1800,Buy,226647875
2024-07-26 10:41:06,24200.0,2000,Buy,226647896
2024-07-26 10:41:09,24200.0,100,Buy,226647947
2024-07-26 10:41:11,24200.0,3000,Buy,226647975
2024-07-26 10:41:20,24200.0,400,Buy,226648127
2024-07-26 10:41:21,24200.0,700,Buy,226648165
2024-07-26 10:41:25,24200.0,100,Buy,226648209
2024-07-26 10:41:32,24200.0,100,Buy,226648290
2024-07-26 10:41:35,24200.0,1000,Buy,226648337
2024-07-26 10:41:35,24200.0,17300,Buy,226648336
2024-07-26 10:41:35,24200.0,100,Buy,226648344
2024-07-26 10:41:35,24200.0,100,Buy,226648343
2024-07-26 10:41:35,24200.0,400,Buy,226648342
2024-07-26 10:41:35,24200.0,800,Buy,226648345
2024-07-26 10:41:35,24200.0,500,Buy,226648340
2024-07-26 10:41:35,24200.0,200,Buy,226648339
2024-07-26 10:41:35,24200.0,100,Buy,226648338
2024-07-26 10:41:35,24200.0,200,Buy,226648341
2024-07-26 10:41:36,24200.0,100,Buy,226648361
2024-07-26 10:41:44,24200.0,1000,Buy,226648518
2024-07-26 10:41:44,24200.0,200,Buy,226648522
2024-07-26 10:41:44,24200.0,100,Buy,226648507
2024-07-26 10:41:44,24200.0,3000,Buy,226648521
2024-07-26 10:41:44,24200.0,1000,Buy,226648520
2024-07-26 10:41:44,24200.0,6500,Buy,226648519
2024-07-26 10:41:44,24200.0,1500,Buy,226648517
2024-07-26 10:41:44,24200.0,200,Buy,226648512
2024-07-26 10:41:44,24200.0,5000,Buy,226648515
2024-07-26 10:41:44,24200.0,5000,Buy,226648514
2024-07-26 10:41:44,24200.0,2000,Buy,226648513
2024-07-26 10:41:44,24200.0,4000,Buy,226648523
2024-07-26 10:41:44,24200.0,1000,Buy,226648511
2024-07-26 10:41:44,24200.0,1000,Buy,226648510
2024-07-26 10:41:44,24200.0,1500,Buy,226648509
2024-07-26 10:41:44,24200.0,5000,Buy,226648508
2024-07-26 10:41:44,24200.0,1000,Buy,226648516
2024-07-26 10:41:44,24200.0,500,Buy,226648524
2024-07-26 10:41:44,24200.0,1000,Buy,226648530
2024-07-26 10:41:44,24200.0,100,Buy,226648526
2024-07-26 10:41:44,24200.0,39500,Buy,226648544
2024-07-26 10:41:44,24200.0,500,Buy,226648543
2024-07-26 10:41:44,24200.0,2000,Buy,226648542
2024-07-26 10:41:44,24200.0,5000,Buy,226648541
2024-07-26 10:41:44,24200.0,2000,Buy,226648540
2024-07-26 10:41:44,24200.0,1000,Buy,226648539
2024-07-26 10:41:44,24200.0,1000,Buy,226648538
2024-07-26 10:41:44,24200.0,200,Buy,226648537
2024-07-26 10:41:44,24200.0,400,Buy,226648536
2024-07-26 10:41:44,24200.0,300,Buy,226648535
2024-07-26 10:41:44,24200.0,400,Buy,226648534
2024-07-26 10:41:44,24200.0,1000,Buy,226648533
2024-07-26 10:41:44,24200.0,1000,Buy,226648532
2024-07-26 10:41:44,24200.0,5000,Buy,226648531
2024-07-26 10:41:44,24200.0,500,Buy,226648529
2024-07-26 10:41:44,24200.0,100,Buy,226648528
2024-07-26 10:41:44,24200.0,100,Buy,226648527
2024-07-26 10:41:44,24200.0,2000,Buy,226648525
2024-07-26 10:41:44,24200.0,25000,Buy,226648506
2024-07-26 10:41:44,24200.0,5000,Buy,226648489
2024-07-26 10:41:44,24200.0,5000,Buy,226648504
2024-07-26 10:41:44,24200.0,100,Buy,226648481
2024-07-26 10:41:44,24200.0,5000,Buy,226648480
2024-07-26 10:41:44,24200.0,200,Buy,226648479
2024-07-26 10:41:44,24200.0,100,Buy,226648478
2024-07-26 10:41:44,24200.0,200,Buy,226648477
2024-07-26 10:41:44,24200.0,100,Buy,226648476
2024-07-26 10:41:44,24200.0,100,Buy,226648475
2024-07-26 10:41:44,24200.0,100,Buy,226648482
2024-07-26 10:41:44,24200.0,900,Buy,226648474
2024-07-26 10:41:44,24200.0,500,Buy,226648472
2024-07-26 10:41:44,24200.0,1500,Buy,226648471
2024-07-26 10:41:44,24200.0,100,Buy,226648505
2024-07-26 10:41:44,24200.0,15200,Buy,226648469
2024-07-26 10:41:44,24200.0,100,Buy,226648468
2024-07-26 10:41:44,24200.0,500,Buy,226648467
2024-07-26 10:41:44,24200.0,3100,Buy,226648466
2024-07-26 10:41:44,24200.0,500,Buy,226648473
2024-07-26 10:41:44,24200.0,10000,Buy,226648483
2024-07-26 10:41:44,24200.0,1000,Buy,226648470
2024-07-26 10:41:44,24200.0,2000,Buy,226648485
2024-07-26 10:41:44,24200.0,100,Buy,226648484
2024-07-26 10:41:44,24200.0,100,Buy,226648503
2024-07-26 10:41:44,24200.0,100,Buy,226648502
2024-07-26 10:41:44,24200.0,100,Buy,226648500
2024-07-26 10:41:44,24200.0,300,Buy,226648499
2024-07-26 10:41:44,24200.0,100,Buy,226648498
2024-07-26 10:41:44,24200.0,200,Buy,226648497
2024-07-26 10:41:44,24200.0,200,Buy,226648496
2024-07-26 10:41:44,24200.0,10000,Buy,226648501
2024-07-26 10:41:44,24200.0,100,Buy,226648494
2024-07-26 10:41:44,24200.0,300,Buy,226648493
2024-07-26 10:41:44,24200.0,200,Buy,226648492
2024-07-26 10:41:44,24200.0,500,Buy,226648491
2024-07-26 10:41:44,24200.0,100,Buy,226648490
2024-07-26 10:41:44,24200.0,300,Buy,226648488
2024-07-26 10:41:44,24200.0,10000,Buy,226648487
2024-07-26 10:41:44,24200.0,200,Buy,226648495
2024-07-26 10:41:44,24200.0,200,Buy,226648486
2024-07-26 10:41:45,24200.0,100,Buy,226648595
2024-07-26 10:41:45,24200.0,100,Buy,226648594
2024-07-26 10:41:45,24200.0,1000,Buy,226648593
2024-07-26 10:41:45,24200.0,300,Buy,226648592
2024-07-26 10:41:45,24200.0,500,Buy,226648591
2024-07-26 10:41:45,24200.0,100,Buy,226648587
2024-07-26 10:41:45,24200.0,100,Buy,226648589
2024-07-26 10:41:45,24200.0,100,Buy,226648588
2024-07-26 10:41:45,24200.0,200,Buy,226648586
2024-07-26 10:41:45,24200.0,1000,Buy,226648585
2024-07-26 10:41:45,24200.0,100,Buy,226648596
2024-07-26 10:41:45,24200.0,500,Buy,226648590
2024-07-26 10:41:45,24200.0,200,Buy,226648597
2024-07-26 10:41:45,24200.0,200,Buy,226648607
2024-07-26 10:41:45,24200.0,100,Buy,226648599
2024-07-26 10:41:45,24200.0,1000,Buy,226648600
2024-07-26 10:41:45,24200.0,1000,Buy,226648601
2024-07-26 10:41:45,24200.0,3000,Buy,226648602
2024-07-26 10:41:45,24200.0,1700,Buy,226648603
2024-07-26 10:41:45,24200.0,2000,Buy,226648604
2024-07-26 10:41:45,24200.0,100,Buy,226648605
2024-07-26 10:41:45,24200.0,100,Buy,226648606
2024-07-26 10:41:45,24200.0,500,Buy,226648608
2024-07-26 10:41:45,24200.0,1400,Buy,226648609
2024-07-26 10:41:45,24200.0,5000,Buy,226648610
2024-07-26 10:41:45,24200.0,1000,Buy,226648611
2024-07-26 10:41:45,24200.0,1000,Buy,226648612
2024-07-26 10:41:45,24200.0,300,Buy,226648598
2024-07-26 10:41:45,24200.0,500,Buy,226648582
2024-07-26 10:41:45,24200.0,900,Buy,226648584
2024-07-26 10:41:45,24200.0,1000,Buy,226648580
2024-07-26 10:41:45,24200.0,300,Buy,226648581
2024-07-26 10:41:45,24200.0,10500,Buy,226648551
2024-07-26 10:41:45,24200.0,50000,Buy,226648552
2024-07-26 10:41:45,24200.0,5000,Buy,226648553
2024-07-26 10:41:45,24200.0,2000,Buy,226648554
2024-07-26 10:41:45,24200.0,100,Buy,226648555
2024-07-26 10:41:45,24200.0,100,Buy,226648556
2024-07-26 10:41:45,24200.0,500,Buy,226648557
2024-07-26 10:41:45,24200.0,1000,Buy,226648558
2024-07-26 10:41:45,24200.0,200,Buy,226648559
2024-07-26 10:41:45,24200.0,100,Buy,226648560
2024-07-26 10:41:45,24200.0,100,Buy,226648561
2024-07-26 10:41:45,24200.0,500,Buy,226648562
2024-07-26 10:41:45,24200.0,2000,Buy,226648563
2024-07-26 10:41:45,24200.0,3000,Buy,226648564
2024-07-26 10:41:45,24200.0,10000,Buy,226648583
2024-07-26 10:41:45,24200.0,3000,Buy,226648566
2024-07-26 10:41:45,24200.0,100,Buy,226648579
2024-07-26 10:41:45,24200.0,300,Buy,226648578
2024-07-26 10:41:45,24200.0,10000,Buy,226648577
2024-07-26 10:41:45,24200.0,10000,Buy,226648576
2024-07-26 10:41:45,24200.0,100,Buy,226648575
2024-07-26 10:41:45,24200.0,100,Buy,226648574
2024-07-26 10:41:45,24200.0,200,Buy,226648565
2024-07-26 10:41:45,24200.0,200,Buy,226648572
2024-07-26 10:41:45,24200.0,30000,Buy,226648571
2024-07-26 10:41:45,24200.0,5500,Buy,226648570
2024-07-26 10:41:45,24200.0,2000,Buy,226648569
2024-07-26 10:41:45,24200.0,100,Buy,226648568
2024-07-26 10:41:45,24200.0,200,Buy,226648567
2024-07-26 10:41:45,24200.0,500,Buy,226648573
2024-07-26 10:41:46,24200.0,500,Sell,226648621
2024-07-26 10:41:56,24200.0,10000,Sell,226648765
2024-07-26 10:41:59,24250.0,4900,Buy,226648799
2024-07-26 10:41:59,24250.0,200,Buy,226648798
2024-07-26 10:41:59,24250.0,100,Buy,226648816
2024-07-26 10:41:59,24250.0,100,Buy,226648796
2024-07-26 10:41:59,24250.0,100,Buy,226648795
2024-07-26 10:41:59,24250.0,100,Buy,226648794
2024-07-26 10:41:59,24250.0,500,Buy,226648797
2024-07-26 10:42:00,24250.0,2000,Buy,226648833
2024-07-26 10:42:00,24250.0,100,Buy,226648832
2024-07-26 10:42:00,24250.0,6900,Buy,226648834
2024-07-26 10:42:00,24250.0,5000,Buy,226648830
2024-07-26 10:42:00,24250.0,35000,Buy,226648829
2024-07-26 10:42:00,24250.0,1000,Buy,226648831
2024-07-26 10:42:06,24250.0,1000,Buy,226648890
2024-07-26 10:42:09,24250.0,1000,Buy,226648950
2024-07-26 10:42:09,24250.0,3600,Buy,226648955
2024-07-26 10:42:09,24250.0,1000,Buy,226648954
2024-07-26 10:42:09,24250.0,3000,Buy,226648952
2024-07-26 10:42:09,24250.0,100,Buy,226648951
2024-07-26 10:42:09,24250.0,600,Buy,226648949
