time,price,volume,match_type,id
2024-08-30 13:00:04,21500.0,1000,Buy,236030614
2024-08-30 13:00:04,21500.0,3000,Buy,236030615
2024-08-30 13:00:16,21400.0,200,Sell,236031571
2024-08-30 13:00:16,21400.0,1100,Sell,236031574
2024-08-30 13:00:16,21400.0,2000,Sell,236031570
2024-08-30 13:00:16,21400.0,1000,Sell,236031572
2024-08-30 13:00:16,21400.0,700,Sell,236031573
2024-08-30 13:00:41,21400.0,200,Sell,236032116
2024-08-30 13:00:52,21400.0,200,Sell,236032341
2024-08-30 13:01:44,21400.0,300,Sell,236033510
2024-08-30 13:02:02,21500.0,2000,Buy,236033795
2024-08-30 13:02:04,21400.0,500,Sell,236033812
2024-08-30 13:02:04,21400.0,100,Sell,236033813
2024-08-30 13:02:04,21400.0,500,Sell,236033814
2024-08-30 13:02:04,21400.0,10000,Sell,236033815
2024-08-30 13:02:04,21400.0,1000,Sell,236033816
2024-08-30 13:02:04,21400.0,100,Sell,236033817
2024-08-30 13:02:04,21400.0,800,Sell,236033818
2024-08-30 13:02:04,21400.0,8200,Sell,236033811
2024-08-30 13:02:10,21400.0,100,Buy,236033915
2024-08-30 13:02:26,21400.0,100,Buy,236034188
2024-08-30 13:02:34,21350.0,2800,Sell,236034320
2024-08-30 13:02:42,21400.0,1600,Buy,236034587
2024-08-30 13:02:42,21400.0,3600,Buy,236034585
2024-08-30 13:02:42,21400.0,800,Buy,236034586
2024-08-30 13:02:47,21400.0,200,Sell,236034663
2024-08-30 13:02:55,21400.0,2000,Sell,236034783
2024-08-30 13:03:01,21400.0,800,Sell,236034939
2024-08-30 13:03:01,21400.0,200,Sell,236034940
2024-08-30 13:03:21,21400.0,100,Sell,236035305
2024-08-30 13:03:25,21450.0,1000,Buy,236035433
2024-08-30 13:03:32,21450.0,3000,Buy,236035536
2024-08-30 13:03:48,21450.0,100,Buy,236035809
2024-08-30 13:03:55,21450.0,100,Buy,236035897
2024-08-30 13:04:07,21500.0,8900,Buy,236036108
2024-08-30 13:04:07,21500.0,400,Buy,236036107
2024-08-30 13:04:07,21500.0,3100,Buy,236036106
2024-08-30 13:04:07,21450.0,100,Buy,236036104
2024-08-30 13:04:07,21450.0,1000,Buy,236036103
2024-08-30 13:04:07,21450.0,200,Buy,236036102
2024-08-30 13:04:07,21450.0,800,Buy,236036101
2024-08-30 13:04:07,21500.0,500,Buy,236036105
2024-08-30 13:04:09,21650.0,600,Buy,236036155
2024-08-30 13:04:09,21650.0,700,Buy,236036154
2024-08-30 13:04:09,21650.0,100,Buy,236036153
2024-08-30 13:04:09,21600.0,100,Buy,236036152
2024-08-30 13:04:09,21600.0,300,Buy,236036150
2024-08-30 13:04:09,21600.0,500,Buy,236036149
2024-08-30 13:04:09,21600.0,1000,Buy,236036151
2024-08-30 13:04:09,21600.0,1900,Buy,236036147
2024-08-30 13:04:09,21550.0,100,Buy,236036146
2024-08-30 13:04:09,21550.0,1000,Buy,236036145
2024-08-30 13:04:09,21500.0,100,Buy,236036144
2024-08-30 13:04:09,21500.0,200,Buy,236036143
2024-08-30 13:04:09,21500.0,1100,Buy,236036142
2024-08-30 13:04:09,21600.0,2300,Buy,236036148
2024-08-30 13:04:12,21450.0,100,Buy,236036225
2024-08-30 13:04:13,21450.0,400,Buy,236036243
2024-08-30 13:04:13,21450.0,200,Buy,236036244
2024-08-30 13:04:15,21500.0,3300,Buy,236036297
2024-08-30 13:04:15,21500.0,700,Sell,236036298
2024-08-30 13:04:22,21500.0,300,Buy,236036401
2024-08-30 13:04:28,21500.0,500,Buy,236036500
2024-08-30 13:04:28,21500.0,400,Buy,236036510
2024-08-30 13:04:38,21600.0,500,Buy,236036698
2024-08-30 13:04:42,21500.0,2600,Sell,236036779
2024-08-30 13:04:42,21600.0,100,Buy,236036776
2024-08-30 13:04:42,21500.0,500,Sell,236036780
2024-08-30 13:04:48,21500.0,200,Buy,236036870
2024-08-30 13:05:07,21500.0,1700,Buy,236037171
2024-08-30 13:05:27,21600.0,5000,Buy,236037523
2024-08-30 13:05:29,21600.0,4400,Buy,236037570
2024-08-30 13:05:40,21600.0,100,Sell,236037731
2024-08-30 13:05:49,21650.0,200,Buy,236037954
2024-08-30 13:05:56,21600.0,200,Sell,236038135
2024-08-30 13:05:59,21650.0,2800,Buy,236038203
2024-08-30 13:05:59,21650.0,200,Buy,236038204
2024-08-30 13:06:09,21650.0,300,Buy,236038356
2024-08-30 13:06:09,21650.0,900,Buy,236038357
2024-08-30 13:06:24,21700.0,1000,Buy,236038623
2024-08-30 13:06:24,21700.0,100,Buy,236038622
2024-08-30 13:06:24,21700.0,200,Buy,236038619
2024-08-30 13:06:24,21700.0,500,Buy,236038620
2024-08-30 13:06:24,21700.0,100,Buy,236038618
2024-08-30 13:06:24,21700.0,100,Buy,236038621
2024-08-30 13:06:32,21800.0,2000,Buy,236038740
2024-08-30 13:06:32,21800.0,5000,Buy,236038739
2024-08-30 13:06:32,21800.0,10000,Buy,236038738
2024-08-30 13:06:32,21800.0,1000,Buy,236038737
2024-08-30 13:06:32,21800.0,500,Buy,236038736
2024-08-30 13:06:32,21800.0,200,Buy,236038735
2024-08-30 13:06:32,21750.0,3000,Buy,236038732
2024-08-30 13:06:32,21800.0,4000,Buy,236038734
2024-08-30 13:06:32,21800.0,100,Buy,236038733
2024-08-30 13:06:32,21750.0,1000,Buy,236038730
2024-08-30 13:06:32,21750.0,100,Buy,236038729
2024-08-30 13:06:32,21750.0,100,Buy,236038728
2024-08-30 13:06:32,21700.0,100,Buy,236038727
2024-08-30 13:06:32,21700.0,1000,Buy,236038726
2024-08-30 13:06:32,21700.0,400,Buy,236038725
2024-08-30 13:06:32,21700.0,1000,Buy,236038724
2024-08-30 13:06:32,21750.0,100,Buy,236038731
2024-08-30 13:06:38,21800.0,100,Sell,236038913
2024-08-30 13:06:41,21800.0,1000,Sell,236038968
2024-08-30 13:06:41,21800.0,400,Sell,236038978
2024-08-30 13:06:42,21800.0,3000,Sell,236038984
2024-08-30 13:06:45,21850.0,100,Buy,236039039
2024-08-30 13:06:51,21850.0,100,Buy,236039195
2024-08-30 13:06:51,21850.0,100,Buy,236039193
2024-08-30 13:06:51,21850.0,1900,Buy,236039192
2024-08-30 13:06:52,21850.0,100,Sell,236039206
2024-08-30 13:06:59,21850.0,500,Sell,236039306
2024-08-30 13:06:59,21850.0,200,Sell,236039307
2024-08-30 13:06:59,21850.0,300,Sell,236039308
2024-08-30 13:07:00,21850.0,1400,Buy,236039320
2024-08-30 13:07:06,21850.0,1600,Buy,236039428
2024-08-30 13:07:06,21850.0,400,Buy,236039429
2024-08-30 13:07:07,21800.0,100,Sell,236039448
2024-08-30 13:07:07,21850.0,200,Buy,236039450
2024-08-30 13:07:07,21900.0,100,Buy,236039452
2024-08-30 13:07:07,21900.0,200,Buy,236039453
2024-08-30 13:07:09,21850.0,200,Buy,236039475
2024-08-30 13:07:14,21850.0,700,Buy,236039552
2024-08-30 13:07:14,21850.0,300,Buy,236039551
2024-08-30 13:07:27,21850.0,900,Buy,236039875
2024-08-30 13:07:28,21800.0,500,Sell,236039893
2024-08-30 13:07:28,21800.0,500,Sell,236039895
2024-08-30 13:07:28,21800.0,5800,Sell,236039892
2024-08-30 13:07:28,21800.0,2000,Sell,236039894
2024-08-30 13:07:31,21800.0,1000,Sell,236039977
2024-08-30 13:07:32,21800.0,2000,Sell,236039988
2024-08-30 13:07:45,21750.0,600,Buy,236040284
2024-08-30 13:07:45,21750.0,2400,Buy,236040286
2024-08-30 13:08:15,21700.0,500,Sell,236040831
2024-08-30 13:08:15,21700.0,500,Sell,236040832
2024-08-30 13:08:16,21750.0,500,Buy,236040856
2024-08-30 13:08:16,21750.0,100,Buy,236040857
2024-08-30 13:08:16,21750.0,100,Buy,236040858
2024-08-30 13:08:31,21750.0,1000,Sell,236041327
2024-08-30 13:08:33,21750.0,300,Sell,236041345
2024-08-30 13:08:41,21750.0,500,Sell,236041567
2024-08-30 13:08:42,21750.0,4500,Sell,236041578
2024-08-30 13:08:42,21750.0,500,Sell,236041577
2024-08-30 13:08:43,21750.0,500,Sell,236041592
2024-08-30 13:08:43,21750.0,100,Sell,236041593
2024-08-30 13:08:43,21750.0,300,Sell,236041594
2024-08-30 13:08:50,21750.0,900,Buy,236041765
2024-08-30 13:08:50,21750.0,2100,Buy,236041766
2024-08-30 13:08:54,21750.0,7900,Buy,236041850
2024-08-30 13:09:17,21750.0,200,Sell,236042273
2024-08-30 13:09:20,21750.0,200,Buy,236042333
2024-08-30 13:09:33,21750.0,500,Buy,236042604
2024-08-30 13:09:33,21750.0,1400,Buy,236042610
2024-08-30 13:09:37,21750.0,300,Buy,236042750
2024-08-30 13:09:37,21700.0,500,Sell,236042732
2024-08-30 13:09:37,21700.0,500,Sell,236042730
2024-08-30 13:09:37,21700.0,19000,Sell,236042731
2024-08-30 13:09:38,21750.0,1000,Buy,236042755
2024-08-30 13:09:42,21700.0,200,Sell,236042836
2024-08-30 13:09:47,21700.0,2800,Sell,236042945
2024-08-30 13:09:56,21700.0,300,Buy,236043239
2024-08-30 13:10:04,21650.0,800,Sell,236043507
2024-08-30 13:10:04,21650.0,1000,Sell,236043508
2024-08-30 13:10:04,21650.0,200,Sell,236043509
2024-08-30 13:10:13,21650.0,800,Sell,236043783
2024-08-30 13:10:36,21650.0,4000,Sell,236044275
2024-08-30 13:10:36,21650.0,1900,Sell,236044278
2024-08-30 13:10:38,21650.0,100,Sell,236044319
2024-08-30 13:10:39,21650.0,100,Sell,236044361
2024-08-30 13:10:39,21650.0,2000,Sell,236044360
2024-08-30 13:10:50,21650.0,900,Buy,236044591
2024-08-30 13:11:04,21650.0,1700,Buy,236044985
2024-08-30 13:11:30,21600.0,5300,Sell,236045554
2024-08-30 13:11:30,21600.0,500,Sell,236045555
2024-08-30 13:11:30,21600.0,5000,Sell,236045556
2024-08-30 13:11:30,21600.0,1000,Sell,236045557
2024-08-30 13:11:30,21600.0,5000,Sell,236045558
2024-08-30 13:11:30,21600.0,10500,Sell,236045559
2024-08-30 13:11:30,21600.0,1300,Sell,236045560
2024-08-30 13:11:30,21600.0,500,Sell,236045561
2024-08-30 13:11:30,21600.0,900,Sell,236045562
2024-08-30 13:11:42,21600.0,500,Sell,236045798
2024-08-30 13:11:56,21600.0,3200,Sell,236046090
2024-08-30 13:11:56,21600.0,1600,Sell,236046088
2024-08-30 13:11:56,21600.0,200,Sell,236046089
2024-08-30 13:12:02,21600.0,200,Sell,236046287
2024-08-30 13:12:09,21600.0,300,Sell,236046476
2024-08-30 13:12:09,21600.0,100,Sell,236046474
2024-08-30 13:12:09,21600.0,100,Sell,236046475
2024-08-30 13:13:24,21600.0,2000,Buy,236048118
2024-08-30 13:13:25,21600.0,9000,Buy,236048141
2024-08-30 13:13:25,21600.0,300,Buy,236048142
2024-08-30 13:13:25,21600.0,2500,Buy,236048143
2024-08-30 13:13:38,21600.0,100,Buy,236048442
2024-08-30 13:13:39,21600.0,2400,Buy,236048499
2024-08-30 13:13:42,21600.0,1500,Sell,236048697
2024-08-30 13:13:53,21600.0,200,Buy,236048922
2024-08-30 13:13:59,21650.0,3300,Buy,236049074
2024-08-30 13:13:59,21650.0,900,Buy,236049075
2024-08-30 13:14:17,21600.0,100,Sell,236049517
2024-08-30 13:14:31,21600.0,3300,Sell,236049759
2024-08-30 13:14:31,21600.0,700,Sell,236049758
2024-08-30 13:14:38,21600.0,2000,Sell,236049938
2024-08-30 13:14:50,21650.0,4100,Buy,236050249
2024-08-30 13:14:50,21650.0,400,Buy,236050250
2024-08-30 13:14:50,21650.0,5000,Buy,236050251
2024-08-30 13:14:50,21650.0,200,Buy,236050252
2024-08-30 13:14:50,21650.0,300,Buy,236050253
2024-08-30 13:15:02,21600.0,2200,Sell,236050523
2024-08-30 13:15:02,21600.0,2800,Sell,236050531
2024-08-30 13:15:26,21650.0,100,Buy,236051293
2024-08-30 13:15:27,21650.0,100,Buy,236051321
2024-08-30 13:15:27,21650.0,6000,Buy,236051322
2024-08-30 13:15:49,21600.0,800,Sell,236052109
2024-08-30 13:15:49,21600.0,2000,Sell,236052108
2024-08-30 13:15:49,21600.0,2200,Sell,236052107
2024-08-30 13:16:20,21600.0,500,Sell,236052986
2024-08-30 13:16:58,21600.0,1000,Sell,236053979
2024-08-30 13:16:58,21600.0,800,Sell,236053980
2024-08-30 13:16:58,21600.0,100,Sell,236053981
2024-08-30 13:16:58,21600.0,4900,Sell,236053982
2024-08-30 13:16:58,21600.0,300,Sell,236053983
2024-08-30 13:16:58,21600.0,500,Sell,236053984
2024-08-30 13:16:58,21600.0,2000,Sell,236053985
2024-08-30 13:16:58,21600.0,1000,Sell,236053986
2024-08-30 13:16:58,21600.0,500,Sell,236053987
2024-08-30 13:16:58,21600.0,900,Sell,236053988
2024-08-30 13:16:58,21600.0,1700,Sell,236053978
2024-08-30 13:17:09,21600.0,100,Buy,236054168
2024-08-30 13:17:10,21600.0,2000,Buy,236054228
2024-08-30 13:17:49,21600.0,500,Buy,236055332
2024-08-30 13:17:50,21600.0,4800,Buy,236055350
2024-08-30 13:17:56,21600.0,100,Sell,236055511
2024-08-30 13:18:21,21600.0,100,Sell,236056162
2024-08-30 13:18:30,21600.0,1700,Sell,236056443
2024-08-30 13:18:56,21600.0,1000,Sell,236057072
2024-08-30 13:18:59,21600.0,400,Sell,236057167
2024-08-30 13:19:23,21600.0,200,Sell,236057809
2024-08-30 13:19:25,21600.0,400,Sell,236057843
2024-08-30 13:19:42,21600.0,200,Sell,236058314
2024-08-30 13:19:50,21600.0,600,Sell,236058521
2024-08-30 13:19:59,21600.0,200,Sell,236058676
2024-08-30 13:20:36,21600.0,3900,Sell,236059687
2024-08-30 13:20:36,21600.0,5000,Sell,236059686
2024-08-30 13:20:36,21600.0,100,Sell,236059684
2024-08-30 13:20:36,21600.0,1000,Sell,236059685
2024-08-30 13:21:01,21600.0,500,Sell,236060435
2024-08-30 13:21:25,21600.0,5000,Sell,236061171
2024-08-30 13:21:39,21600.0,100,Sell,236061574
2024-08-30 13:21:43,21600.0,500,Sell,236061661
2024-08-30 13:21:43,21600.0,5000,Sell,236061662
2024-08-30 13:21:43,21600.0,100,Sell,236061663
2024-08-30 13:21:43,21600.0,100,Sell,236061664
2024-08-30 13:21:59,21600.0,500,Buy,236062054
2024-08-30 13:21:59,21600.0,100,Buy,236062055
2024-08-30 13:22:32,21600.0,1000,Sell,236062826
2024-08-30 13:22:32,21600.0,2400,Sell,236062838
2024-08-30 13:22:35,21600.0,200,Sell,236062948
2024-08-30 13:22:35,21600.0,1000,Sell,236062947
2024-08-30 13:22:58,21600.0,1000,Buy,236063600
2024-08-30 13:23:10,21600.0,2800,Buy,236063976
2024-08-30 13:23:10,21600.0,200,Buy,236063977
2024-08-30 13:23:10,21600.0,2000,Buy,236063978
2024-08-30 13:23:18,21650.0,800,Buy,236064239
2024-08-30 13:23:21,21600.0,100,Buy,236064290
2024-08-30 13:24:00,21550.0,1200,Sell,236065167
2024-08-30 13:24:00,21550.0,200,Sell,236065166
2024-08-30 13:24:00,21550.0,3000,Sell,236065164
2024-08-30 13:24:00,21550.0,1000,Sell,236065154
2024-08-30 13:24:00,21550.0,700,Sell,236065153
2024-08-30 13:24:00,21550.0,200,Sell,236065165
2024-08-30 13:24:00,21550.0,3000,Sell,236065151
2024-08-30 13:24:00,21550.0,3000,Sell,236065150
2024-08-30 13:24:00,21600.0,400,Sell,236065147
2024-08-30 13:24:00,21600.0,500,Sell,236065149
2024-08-30 13:24:00,21600.0,200,Sell,236065148
2024-08-30 13:24:00,21550.0,3000,Sell,236065152
2024-08-30 13:24:05,21600.0,100,Buy,236065251
2024-08-30 13:24:05,21650.0,400,Buy,236065252
2024-08-30 13:24:39,21650.0,700,Buy,236066011
2024-08-30 13:25:09,21650.0,100,Buy,236066667
2024-08-30 13:25:20,21600.0,5000,Sell,236066953
2024-08-30 13:26:03,21650.0,100,Buy,236067826
2024-08-30 13:26:09,21650.0,600,Buy,236067971
2024-08-30 13:26:30,21650.0,400,Buy,236068485
2024-08-30 13:26:32,21650.0,1200,Buy,236068529
2024-08-30 13:26:32,21650.0,1000,Buy,236068528
2024-08-30 13:26:32,21650.0,100,Buy,236068525
2024-08-30 13:26:32,21650.0,3500,Buy,236068526
2024-08-30 13:26:32,21650.0,100,Buy,236068524
2024-08-30 13:26:32,21650.0,100,Buy,236068527
2024-08-30 13:26:34,21600.0,800,Sell,236068592
2024-08-30 13:27:09,21650.0,800,Buy,236069302
2024-08-30 13:27:09,21650.0,500,Buy,236069303
2024-08-30 13:27:09,21650.0,200,Buy,236069304
2024-08-30 13:27:10,21650.0,800,Buy,236069319
2024-08-30 13:27:10,21650.0,700,Buy,236069320
2024-08-30 13:27:10,21650.0,4500,Buy,236069321
2024-08-30 13:27:15,21650.0,100,Buy,236069428
2024-08-30 13:27:15,21650.0,100,Buy,236069429
2024-08-30 13:27:15,21650.0,2000,Buy,236069427
2024-08-30 13:27:15,21650.0,500,Buy,236069430
2024-08-30 13:27:15,21650.0,1000,Buy,236069425
2024-08-30 13:27:15,21650.0,300,Buy,236069424
2024-08-30 13:27:15,21650.0,500,Buy,236069426
2024-08-30 13:27:15,21650.0,500,Buy,236069423
2024-08-30 13:27:18,21650.0,5000,Sell,236069551
2024-08-30 13:28:02,21650.0,100,Sell,236070418
2024-08-30 13:28:03,21650.0,4000,Sell,236070436
2024-08-30 13:28:03,21650.0,400,Sell,236070433
2024-08-30 13:28:03,21650.0,1600,Sell,236070434
2024-08-30 13:28:07,21650.0,100,Sell,236070524
2024-08-30 13:28:07,21650.0,100,Sell,236070525
2024-08-30 13:28:12,21650.0,900,Sell,236070653
2024-08-30 13:28:34,21650.0,500,Buy,236071146
2024-08-30 13:28:49,21650.0,300,Buy,236071486
2024-08-30 13:28:59,21650.0,500,Buy,236071756
2024-08-30 13:28:59,21650.0,4000,Buy,236071755
2024-08-30 13:28:59,21650.0,100,Buy,236071757
2024-08-30 13:28:59,21650.0,100,Buy,236071753
2024-08-30 13:28:59,21650.0,8300,Buy,236071752
2024-08-30 13:28:59,21650.0,1000,Buy,236071754
2024-08-30 13:29:01,21650.0,100,Buy,236071832
2024-08-30 13:29:16,21650.0,100,Sell,236072378
2024-08-30 13:29:16,21650.0,1900,Sell,236072379
2024-08-30 13:29:20,21650.0,500,Sell,236072482
2024-08-30 13:29:59,21650.0,200,Buy,236073225
2024-08-30 13:30:19,21650.0,100,Buy,236073686
2024-08-30 13:30:19,21650.0,200,Buy,236073687
2024-08-30 13:30:19,21650.0,200,Buy,236073688
2024-08-30 13:30:44,21600.0,2200,Sell,236074297
2024-08-30 13:30:50,21600.0,600,Sell,236074432
2024-08-30 13:31:18,21600.0,200,Sell,236075127
2024-08-30 13:31:24,21600.0,500,Sell,236075325
2024-08-30 13:31:39,21600.0,200,Sell,236075648
2024-08-30 13:31:47,21600.0,200,Sell,236075854
2024-08-30 13:31:50,21600.0,300,Sell,236075924
2024-08-30 13:31:50,21600.0,100,Sell,236075925
2024-08-30 13:31:50,21600.0,600,Sell,236075926
2024-08-30 13:31:50,21600.0,1400,Sell,236075927
2024-08-30 13:31:50,21600.0,4600,Sell,236075928
2024-08-30 13:31:50,21600.0,400,Sell,236075929
2024-08-30 13:31:50,21600.0,800,Sell,236075930
2024-08-30 13:31:50,21600.0,500,Sell,236075931
2024-08-30 13:31:50,21600.0,1300,Sell,236075932
2024-08-30 13:31:58,21600.0,100,Sell,236076236
2024-08-30 13:32:14,21600.0,400,Sell,236076472
2024-08-30 13:32:31,21600.0,200,Sell,236076847
2024-08-30 13:32:36,21600.0,200,Sell,236077052
2024-08-30 13:32:42,21600.0,100,Sell,236077154
2024-08-30 13:33:33,21600.0,2700,Sell,236078407
2024-08-30 13:33:33,21600.0,300,Sell,236078408
2024-08-30 13:33:34,21650.0,800,Buy,236078437
2024-08-30 13:33:34,21650.0,200,Buy,236078438
2024-08-30 13:33:34,21650.0,5000,Buy,236078439
2024-08-30 13:33:47,21650.0,3000,Buy,236078765
2024-08-30 13:33:47,21650.0,800,Buy,236078766
2024-08-30 13:33:48,21650.0,800,Buy,236078810
2024-08-30 13:33:48,21650.0,100,Buy,236078811
2024-08-30 13:33:48,21650.0,500,Buy,236078812
2024-08-30 13:33:49,21700.0,200,Buy,236078832
2024-08-30 13:34:07,21700.0,300,Buy,236079151
2024-08-30 13:34:07,21700.0,5000,Buy,236079150
2024-08-30 13:34:07,21700.0,1500,Buy,236079149
2024-08-30 13:34:07,21700.0,100,Buy,236079148
2024-08-30 13:34:07,21700.0,5000,Buy,236079146
2024-08-30 13:34:07,21700.0,100,Buy,236079145
2024-08-30 13:34:07,21700.0,4800,Buy,236079142
2024-08-30 13:34:07,21700.0,100,Buy,236079147
2024-08-30 13:34:07,21700.0,2500,Buy,236079144
2024-08-30 13:34:07,21700.0,5000,Buy,236079143
2024-08-30 13:34:15,21700.0,2000,Buy,236079265
2024-08-30 13:34:20,21700.0,1000,Buy,236079350
2024-08-30 13:34:30,21700.0,100,Buy,236079485
2024-08-30 13:34:54,21700.0,1000,Buy,236080061
2024-08-30 13:35:14,21700.0,100,Buy,236080391
2024-08-30 13:35:22,21700.0,1900,Buy,236080591
2024-08-30 13:35:22,21700.0,100,Buy,236080590
2024-08-30 13:35:22,21700.0,1000,Buy,236080589
2024-08-30 13:35:22,21700.0,100,Buy,236080586
2024-08-30 13:35:22,21700.0,100,Buy,236080588
2024-08-30 13:35:22,21700.0,1000,Buy,236080584
2024-08-30 13:35:22,21700.0,200,Buy,236080583
2024-08-30 13:35:22,21700.0,200,Buy,236080582
2024-08-30 13:35:22,21700.0,1000,Buy,236080581
2024-08-30 13:35:22,21700.0,500,Buy,236080580
2024-08-30 13:35:22,21700.0,3000,Buy,236080585
2024-08-30 13:35:22,21700.0,100,Buy,236080587
2024-08-30 13:35:27,21700.0,900,Buy,236080651
2024-08-30 13:35:27,21700.0,100,Buy,236080652
2024-08-30 13:35:44,21700.0,2200,Sell,236081019
2024-08-30 13:35:44,21700.0,800,Sell,236081020
2024-08-30 13:35:47,21700.0,200,Sell,236081095
2024-08-30 13:35:47,21700.0,4700,Sell,236081096
2024-08-30 13:35:47,21700.0,1000,Sell,236081097
2024-08-30 13:36:42,21700.0,600,Buy,236082320
2024-08-30 13:38:22,21700.0,900,Buy,236084340
2024-08-30 13:38:23,21700.0,400,Buy,236084366
2024-08-30 13:38:23,21700.0,2600,Buy,236084365
2024-08-30 13:38:36,21650.0,5000,Sell,236084611
2024-08-30 13:38:36,21650.0,100,Sell,236084612
2024-08-30 13:38:36,21650.0,4200,Sell,236084613
2024-08-30 13:38:36,21650.0,6500,Sell,236084610
2024-08-30 13:38:43,21700.0,2300,Buy,236084702
2024-08-30 13:39:04,21650.0,100,Sell,236085184
2024-08-30 13:39:35,21650.0,100,Sell,236085807
2024-08-30 13:39:48,21650.0,200,Sell,236086035
2024-08-30 13:39:48,21650.0,500,Sell,236086036
2024-08-30 13:39:48,21650.0,1800,Sell,236086037
2024-08-30 13:39:49,21650.0,100,Sell,236086049
2024-08-30 13:39:57,21650.0,200,Sell,236086232
2024-08-30 13:40:03,21650.0,200,Sell,236086343
2024-08-30 13:40:10,21650.0,100,Sell,236086514
2024-08-30 13:40:12,21650.0,300,Sell,236086592
2024-08-30 13:40:18,21650.0,100,Sell,236086721
2024-08-30 13:40:24,21650.0,800,Buy,236086853
2024-08-30 13:40:24,21650.0,100,Buy,236086858
2024-08-30 13:40:24,21650.0,500,Buy,236086859
2024-08-30 13:40:24,21650.0,400,Buy,236086860
2024-08-30 13:40:44,21650.0,600,Buy,236087504
2024-08-30 13:40:44,21650.0,200,Buy,236087505
2024-08-30 13:40:47,21700.0,1400,Buy,236087606
2024-08-30 13:40:47,21700.0,100,Buy,236087605
2024-08-30 13:40:47,21700.0,200,Buy,236087604
2024-08-30 13:40:47,21700.0,100,Buy,236087603
2024-08-30 13:40:47,21700.0,500,Buy,236087602
2024-08-30 13:40:47,21700.0,500,Buy,236087600
2024-08-30 13:40:47,21700.0,100,Buy,236087599
2024-08-30 13:40:47,21700.0,2400,Buy,236087598
2024-08-30 13:40:47,21700.0,7300,Buy,236087597
2024-08-30 13:40:47,21700.0,300,Buy,236087601
2024-08-30 13:40:56,21700.0,100,Buy,236087772
2024-08-30 13:41:07,21650.0,300,Sell,236087969
2024-08-30 13:41:15,21650.0,400,Sell,236088169
2024-08-30 13:41:17,21700.0,100,Buy,236088221
2024-08-30 13:41:17,21700.0,100,Buy,236088220
2024-08-30 13:41:17,21700.0,300,Buy,236088219
2024-08-30 13:41:17,21700.0,100,Buy,236088222
2024-08-30 13:41:17,21700.0,100,Buy,236088217
2024-08-30 13:41:17,21700.0,200,Buy,236088216
2024-08-30 13:41:17,21700.0,500,Buy,236088215
2024-08-30 13:41:17,21700.0,500,Buy,236088214
2024-08-30 13:41:17,21700.0,1000,Buy,236088218
2024-08-30 13:41:32,21700.0,500,Sell,236088539
2024-08-30 13:41:41,21700.0,400,Sell,236088681
2024-08-30 13:41:51,21700.0,2000,Sell,236088942
2024-08-30 13:41:52,21700.0,500,Sell,236088970
2024-08-30 13:41:54,21700.0,1000,Sell,236088997
2024-08-30 13:41:59,21700.0,100,Sell,236089214
2024-08-30 13:42:16,21750.0,2000,Buy,236089622
2024-08-30 13:42:16,21750.0,1000,Buy,236089621
2024-08-30 13:42:16,21750.0,100,Buy,236089620
2024-08-30 13:42:16,21750.0,100,Buy,236089619
2024-08-30 13:42:16,21750.0,100,Buy,236089618
2024-08-30 13:42:16,21750.0,3000,Buy,236089617
2024-08-30 13:42:16,21750.0,100,Buy,236089616
2024-08-30 13:42:16,21750.0,500,Buy,236089623
2024-08-30 13:42:16,21750.0,1000,Buy,236089615
2024-08-30 13:42:16,21750.0,400,Buy,236089611
2024-08-30 13:42:16,21750.0,2000,Buy,236089613
2024-08-30 13:42:16,21750.0,400,Buy,236089612
2024-08-30 13:42:16,21750.0,100,Buy,236089610
2024-08-30 13:42:16,21750.0,700,Buy,236089609
2024-08-30 13:42:16,21750.0,1000,Buy,236089608
2024-08-30 13:42:16,21750.0,200,Buy,236089607
2024-08-30 13:42:16,21750.0,300,Buy,236089606
2024-08-30 13:42:16,21750.0,500,Buy,236089605
2024-08-30 13:42:16,21750.0,500,Buy,236089604
2024-08-30 13:42:16,21750.0,5000,Buy,236089614
2024-08-30 13:42:18,21700.0,500,Sell,236089655
2024-08-30 13:42:22,21700.0,1000,Sell,236089722
2024-08-30 13:42:45,21700.0,1000,Sell,236090274
2024-08-30 13:43:22,21750.0,3000,Buy,236091118
2024-08-30 13:43:29,21750.0,500,Buy,236091247
2024-08-30 13:43:37,21800.0,100,Buy,236091398
2024-08-30 13:43:39,21750.0,100,Sell,236091414
2024-08-30 13:43:55,21800.0,2800,Buy,236091809
2024-08-30 13:43:55,21800.0,1400,Buy,236091808
2024-08-30 13:43:55,21800.0,200,Buy,236091807
2024-08-30 13:43:55,21800.0,100,Buy,236091806
2024-08-30 13:43:55,21800.0,1000,Buy,236091805
2024-08-30 13:43:55,21800.0,5000,Buy,236091804
2024-08-30 13:43:55,21800.0,100,Buy,236091803
2024-08-30 13:43:55,21800.0,100,Buy,236091802
2024-08-30 13:43:55,21800.0,2000,Buy,236091801
2024-08-30 13:43:55,21800.0,100,Buy,236091800
2024-08-30 13:43:55,21800.0,1000,Buy,236091798
2024-08-30 13:43:55,21800.0,500,Buy,236091797
2024-08-30 13:43:55,21800.0,200,Buy,236091789
2024-08-30 13:43:55,21800.0,2000,Buy,236091790
2024-08-30 13:43:55,21800.0,200,Buy,236091791
2024-08-30 13:43:55,21800.0,100,Buy,236091792
2024-08-30 13:43:55,21800.0,1000,Buy,236091799
2024-08-30 13:43:55,21800.0,1000,Buy,236091794
2024-08-30 13:43:55,21800.0,100,Buy,236091796
2024-08-30 13:43:55,21800.0,1000,Buy,236091793
2024-08-30 13:43:55,21800.0,100,Buy,236091795
2024-08-30 13:44:05,21800.0,900,Buy,236092096
2024-08-30 13:44:05,21800.0,100,Buy,236092095
2024-08-30 13:44:05,21800.0,200,Buy,236092094
2024-08-30 13:44:05,21800.0,2200,Buy,236092089
2024-08-30 13:44:05,21800.0,300,Buy,236092092
2024-08-30 13:44:05,21800.0,2000,Buy,236092091
2024-08-30 13:44:05,21800.0,5000,Buy,236092090
2024-08-30 13:44:05,21800.0,400,Buy,236092093
2024-08-30 13:44:09,21850.0,200,Buy,236092183
2024-08-30 13:44:09,21850.0,200,Buy,236092189
2024-08-30 13:44:09,21850.0,500,Buy,236092188
2024-08-30 13:44:09,21850.0,500,Buy,236092187
2024-08-30 13:44:09,21850.0,200,Buy,236092186
2024-08-30 13:44:09,21850.0,400,Buy,236092185
2024-08-30 13:44:09,21850.0,1000,Buy,236092184
2024-08-30 13:44:09,21850.0,1000,Buy,236092179
2024-08-30 13:44:09,21850.0,100,Buy,236092190
2024-08-30 13:44:09,21850.0,500,Buy,236092177
2024-08-30 13:44:09,21850.0,100,Buy,236092176
2024-08-30 13:44:09,21850.0,100,Buy,236092175
2024-08-30 13:44:09,21850.0,100,Buy,236092174
2024-08-30 13:44:09,21850.0,3000,Buy,236092173
2024-08-30 13:44:09,21850.0,100,Buy,236092172
2024-08-30 13:44:09,21850.0,100,Buy,236092171
2024-08-30 13:44:09,21850.0,100,Buy,236092178
2024-08-30 13:44:09,21850.0,2400,Buy,236092170
2024-08-30 13:44:21,21850.0,100,Buy,236092417
2024-08-30 13:44:27,21850.0,100,Sell,236092572
2024-08-30 13:44:27,21850.0,1900,Sell,236092573
2024-08-30 13:44:39,21850.0,100,Buy,236092851
2024-08-30 13:44:41,21800.0,100,Sell,236092873
2024-08-30 13:44:42,21850.0,400,Buy,236092876
2024-08-30 13:44:42,21850.0,100,Buy,236092877
2024-08-30 13:44:42,21900.0,400,Buy,236092878
2024-08-30 13:44:42,21900.0,100,Buy,236092879
2024-08-30 13:44:42,21900.0,400,Buy,236092880
2024-08-30 13:44:43,21850.0,300,Sell,236092904
2024-08-30 13:44:43,21800.0,400,Sell,236092905
2024-08-30 13:44:51,21900.0,100,Buy,236093093
2024-08-30 13:44:52,21900.0,100,Buy,236093127
2024-08-30 13:44:57,21900.0,200,Buy,236093263
2024-08-30 13:44:57,21900.0,200,Buy,236093261
2024-08-30 13:44:57,21900.0,200,Buy,236093260
2024-08-30 13:44:57,21900.0,2000,Buy,236093262
2024-08-30 13:44:57,21900.0,2000,Buy,236093258
2024-08-30 13:44:57,21900.0,100,Buy,236093256
2024-08-30 13:44:57,21900.0,100,Buy,236093259
2024-08-30 13:44:57,21900.0,100,Buy,236093257
2024-08-30 13:44:59,21900.0,100,Buy,236093285
2024-08-30 13:45:03,21850.0,100,Sell,236093375
2024-08-30 13:45:04,21900.0,100,Buy,236093457
2024-08-30 13:45:04,21900.0,400,Buy,236093458
2024-08-30 13:45:06,21850.0,1100,Sell,236093510
2024-08-30 13:45:06,21850.0,900,Sell,236093509
2024-08-30 13:45:08,21850.0,1000,Sell,236093544
2024-08-30 13:45:22,21850.0,4000,Sell,236093838
2024-08-30 13:45:37,21850.0,500,Sell,236094084
2024-08-30 13:45:45,21850.0,500,Sell,236094309
2024-08-30 13:45:45,21850.0,100,Sell,236094310
2024-08-30 13:45:45,21850.0,200,Sell,236094308
2024-08-30 13:45:56,21850.0,500,Sell,236094586
2024-08-30 13:46:00,21900.0,600,Buy,236094682
2024-08-30 13:46:00,21900.0,500,Buy,236094683
2024-08-30 13:46:01,21850.0,500,Sell,236094696
2024-08-30 13:46:17,21850.0,500,Sell,236095044
2024-08-30 13:46:19,21850.0,100,Sell,236095078
2024-08-30 13:46:22,21850.0,4300,Sell,236095157
2024-08-30 13:46:22,21850.0,600,Sell,236095156
2024-08-30 13:46:22,21850.0,100,Sell,236095155
2024-08-30 13:46:22,21850.0,600,Sell,236095152
2024-08-30 13:46:22,21850.0,1000,Sell,236095151
2024-08-30 13:46:22,21850.0,300,Sell,236095150
2024-08-30 13:46:22,21850.0,100,Sell,236095153
2024-08-30 13:46:22,21850.0,3000,Sell,236095154
2024-08-30 13:46:29,21850.0,500,Sell,236095296
2024-08-30 13:46:31,21850.0,100,Sell,236095339
2024-08-30 13:46:32,21850.0,5100,Sell,236095348
2024-08-30 13:46:39,21850.0,2000,Buy,236095485
2024-08-30 13:47:00,21850.0,1500,Buy,236095908
2024-08-30 13:47:09,21850.0,1500,Buy,236096125
2024-08-30 13:47:10,21800.0,500,Sell,236096146
2024-08-30 13:47:10,21800.0,1000,Sell,236096149
2024-08-30 13:47:10,21800.0,400,Sell,236096148
2024-08-30 13:47:10,21800.0,2000,Sell,236096147
2024-08-30 13:47:10,21800.0,500,Sell,236096145
2024-08-30 13:47:10,21800.0,6800,Sell,236096143
2024-08-30 13:47:10,21800.0,5000,Sell,236096142
2024-08-30 13:47:10,21800.0,10400,Sell,236096136
2024-08-30 13:47:10,21800.0,3000,Sell,236096144
2024-08-30 13:47:24,21800.0,200,Buy,236096506
2024-08-30 13:47:30,21800.0,100,Buy,236096676
2024-08-30 13:47:31,21800.0,100,Buy,236096698
2024-08-30 13:47:31,21800.0,100,Buy,236096699
2024-08-30 13:47:31,21800.0,500,Buy,236096700
2024-08-30 13:47:31,21800.0,100,Buy,236096701
2024-08-30 13:47:50,21800.0,700,Buy,236097206
2024-08-30 13:47:56,21800.0,400,Buy,236097410
2024-08-30 13:48:01,21800.0,100,Buy,236097521
2024-08-30 13:48:04,21800.0,500,Buy,236097606
2024-08-30 13:48:05,21800.0,200,Buy,236097634
2024-08-30 13:48:14,21800.0,2000,Buy,236097842
2024-08-30 13:48:14,21800.0,3000,Buy,236097843
2024-08-30 13:48:14,21800.0,600,Buy,236097844
2024-08-30 13:48:14,21800.0,800,Buy,236097845
2024-08-30 13:48:14,21800.0,100,Buy,236097841
2024-08-30 13:48:18,21800.0,400,Buy,236097941
2024-08-30 13:48:18,21800.0,500,Buy,236097942
2024-08-30 13:48:18,21800.0,200,Buy,236097943
2024-08-30 13:48:18,21800.0,3900,Buy,236097944
2024-08-30 13:48:20,21800.0,1100,Buy,236097964
2024-08-30 13:48:20,21800.0,400,Buy,236097965
2024-08-30 13:48:35,21800.0,1200,Sell,236098386
2024-08-30 13:48:35,21800.0,1000,Sell,236098384
2024-08-30 13:48:35,21800.0,5500,Sell,236098385
2024-08-30 13:48:37,21800.0,2300,Buy,236098437
2024-08-30 13:48:47,21800.0,100,Sell,236098860
2024-08-30 13:49:01,21800.0,1000,Sell,236099194
2024-08-30 13:49:01,21800.0,500,Sell,236099213
2024-08-30 13:49:22,21800.0,1300,Sell,236099677
2024-08-30 13:49:22,21800.0,1800,Sell,236099688
2024-08-30 13:49:22,21800.0,3200,Sell,236099689
2024-08-30 13:49:29,21800.0,1000,Sell,236099791
2024-08-30 13:49:29,21800.0,1500,Sell,236099792
2024-08-30 13:49:33,21800.0,100,Sell,236099916
2024-08-30 13:49:33,21800.0,100,Sell,236099917
2024-08-30 13:49:44,21800.0,500,Sell,236100235
2024-08-30 13:49:44,21800.0,300,Sell,236100236
2024-08-30 13:49:44,21800.0,4800,Sell,236100237
2024-08-30 13:49:44,21800.0,500,Sell,236100238
2024-08-30 13:49:47,21800.0,1300,Buy,236100283
2024-08-30 13:49:55,21800.0,100,Buy,236100520
2024-08-30 13:49:57,21800.0,100,Buy,236100575
2024-08-30 13:50:02,21800.0,100,Buy,236100691
2024-08-30 13:50:17,21800.0,2300,Buy,236101010
2024-08-30 13:50:17,21800.0,1000,Buy,236101011
2024-08-30 13:50:17,21800.0,500,Buy,236101012
2024-08-30 13:50:17,21800.0,200,Buy,236101013
2024-08-30 13:50:25,21800.0,1800,Sell,236101190
2024-08-30 13:50:33,21800.0,200,Sell,236101345
2024-08-30 13:50:33,21800.0,5000,Sell,236101351
2024-08-30 13:50:53,21800.0,100,Sell,236101766
2024-08-30 13:50:53,21800.0,3000,Sell,236101767
2024-08-30 13:51:00,21800.0,1000,Sell,236101920
2024-08-30 13:51:25,21800.0,1400,Sell,236102483
2024-08-30 13:51:29,21800.0,1500,Sell,236102573
2024-08-30 13:51:30,21800.0,500,Sell,236102580
2024-08-30 13:51:34,21850.0,300,Buy,236102672
2024-08-30 13:51:52,21800.0,2600,Sell,236103037
2024-08-30 13:51:52,21800.0,200,Sell,236103040
2024-08-30 13:51:52,21800.0,2200,Sell,236103041
2024-08-30 13:51:53,21800.0,300,Sell,236103061
2024-08-30 13:52:01,21800.0,5000,Sell,236103319
2024-08-30 13:52:01,21800.0,2000,Sell,236103320
2024-08-30 13:52:01,21800.0,100,Sell,236103321
2024-08-30 13:52:01,21800.0,3000,Sell,236103322
2024-08-30 13:52:16,21800.0,200,Buy,236103671
2024-08-30 13:52:21,21800.0,200,Buy,236103764
2024-08-30 13:52:21,21800.0,4100,Buy,236103762
2024-08-30 13:52:21,21800.0,700,Buy,236103763
2024-08-30 13:52:32,21750.0,1000,Sell,236104010
2024-08-30 13:52:36,21800.0,100,Buy,236104106
2024-08-30 13:52:36,21800.0,300,Buy,236104107
2024-08-30 13:52:42,21750.0,900,Sell,236104286
2024-08-30 13:53:19,21750.0,100,Sell,236105124
2024-08-30 13:53:34,21800.0,1700,Buy,236105394
2024-08-30 13:53:34,21800.0,500,Buy,236105395
2024-08-30 13:53:41,21750.0,500,Sell,236105556
2024-08-30 13:53:41,21750.0,1500,Sell,236105557
2024-08-30 13:54:36,21750.0,300,Sell,236106672
2024-08-30 13:54:39,21750.0,200,Sell,236106725
2024-08-30 13:54:45,21750.0,500,Sell,236106817
2024-08-30 13:54:56,21800.0,400,Buy,236107073
2024-08-30 13:54:59,21750.0,300,Sell,236107114
2024-08-30 13:55:37,21750.0,600,Sell,236107938
2024-08-30 13:56:01,21750.0,1500,Sell,236108451
2024-08-30 13:56:05,21750.0,100,Sell,236108519
2024-08-30 13:56:16,21800.0,1700,Buy,236108836
2024-08-30 13:56:16,21800.0,200,Buy,236108835
2024-08-30 13:56:16,21800.0,100,Buy,236108834
2024-08-30 13:56:16,21800.0,200,Buy,236108833
2024-08-30 13:56:16,21800.0,100,Buy,236108832
2024-08-30 13:56:16,21800.0,4000,Buy,236108831
2024-08-30 13:56:16,21800.0,100,Buy,236108829
2024-08-30 13:56:16,21800.0,200,Buy,236108828
2024-08-30 13:56:16,21800.0,3900,Buy,236108830
2024-08-30 13:56:16,21800.0,300,Buy,236108825
2024-08-30 13:56:16,21800.0,200,Buy,236108824
2024-08-30 13:56:16,21800.0,800,Buy,236108823
2024-08-30 13:56:16,21800.0,100,Buy,236108822
2024-08-30 13:56:16,21800.0,400,Buy,236108821
2024-08-30 13:56:16,21800.0,300,Buy,236108820
2024-08-30 13:56:16,21800.0,1000,Buy,236108819
2024-08-30 13:56:16,21800.0,4100,Buy,236108818
2024-08-30 13:56:16,21800.0,2300,Buy,236108826
2024-08-30 13:56:17,21750.0,400,Sell,236108852
2024-08-30 13:56:50,21800.0,200,Buy,236109629
2024-08-30 13:57:04,21750.0,100,Sell,236109956
2024-08-30 13:57:06,21800.0,100,Buy,236109976
2024-08-30 13:57:06,21800.0,400,Buy,236109977
2024-08-30 13:57:11,21800.0,100,Buy,236110083
2024-08-30 13:57:11,21800.0,200,Buy,236110084
2024-08-30 13:57:11,21800.0,600,Buy,236110081
2024-08-30 13:57:11,21800.0,100,Buy,236110082
2024-08-30 13:58:05,21800.0,300,Buy,236111274
2024-08-30 13:58:05,21800.0,500,Buy,236111275
2024-08-30 13:58:05,21800.0,100,Buy,236111276
2024-08-30 13:58:05,21800.0,100,Buy,236111277
2024-08-30 13:58:21,21800.0,900,Buy,236111632
2024-08-30 13:58:21,21800.0,500,Buy,236111633
2024-08-30 13:58:21,21800.0,2000,Buy,236111634
2024-08-30 13:58:21,21800.0,700,Buy,236111635
2024-08-30 13:58:21,21800.0,5800,Buy,236111636
2024-08-30 13:58:21,21800.0,100,Buy,236111637
2024-08-30 13:58:25,21800.0,200,Buy,236111747
2024-08-30 13:58:33,21800.0,3000,Buy,236111952
2024-08-30 13:58:33,21800.0,100,Buy,236111951
2024-08-30 13:58:33,21800.0,1100,Buy,236111949
2024-08-30 13:58:33,21800.0,200,Buy,236111950
2024-08-30 13:59:05,21800.0,1000,Sell,236112633
2024-08-30 13:59:10,21800.0,300,Sell,236112736
2024-08-30 13:59:39,21800.0,900,Sell,236113364
2024-08-30 13:59:44,21800.0,300,Sell,236113527
2024-08-30 13:59:44,21800.0,1000,Sell,236113528
2024-08-30 13:59:53,21800.0,800,Sell,236113686
2024-08-30 14:00:15,21800.0,200,Sell,236114126
2024-08-30 14:00:35,21850.0,1600,Buy,236114568
2024-08-30 14:00:46,21850.0,400,Buy,236114812
2024-08-30 14:00:53,21850.0,9200,Buy,236114906
2024-08-30 14:00:53,21850.0,200,Buy,236114905
2024-08-30 14:00:53,21850.0,5000,Buy,236114904
2024-08-30 14:00:53,21850.0,300,Buy,236114903
2024-08-30 14:00:53,21850.0,100,Buy,236114901
2024-08-30 14:00:53,21850.0,500,Buy,236114900
2024-08-30 14:00:53,21850.0,1200,Buy,236114897
2024-08-30 14:00:53,21850.0,500,Buy,236114902
2024-08-30 14:00:53,21850.0,2000,Buy,236114899
2024-08-30 14:00:53,21850.0,1000,Buy,236114898
2024-08-30 14:01:00,21850.0,1100,Buy,236115069
2024-08-30 14:01:01,21850.0,4500,Buy,236115087
2024-08-30 14:01:01,21850.0,200,Buy,236115088
2024-08-30 14:01:01,21850.0,1000,Buy,236115089
2024-08-30 14:01:01,21850.0,5000,Buy,236115090
2024-08-30 14:01:01,21850.0,400,Buy,236115091
2024-08-30 14:01:02,21800.0,400,Sell,236115103
2024-08-30 14:01:06,21850.0,1500,Buy,236115190
2024-08-30 14:01:06,21850.0,1000,Buy,236115189
2024-08-30 14:01:06,21850.0,100,Buy,236115188
2024-08-30 14:01:06,21850.0,1600,Buy,236115187
2024-08-30 14:01:06,21850.0,1000,Buy,236115186
2024-08-30 14:01:06,21850.0,100,Buy,236115183
2024-08-30 14:01:06,21850.0,1000,Buy,236115184
2024-08-30 14:01:06,21850.0,1000,Buy,236115182
2024-08-30 14:01:06,21850.0,1000,Buy,236115181
2024-08-30 14:01:06,21850.0,1000,Buy,236115180
2024-08-30 14:01:06,21850.0,200,Buy,236115179
2024-08-30 14:01:06,21850.0,500,Buy,236115185
2024-08-30 14:01:15,21850.0,200,Buy,236115402
2024-08-30 14:01:22,21850.0,2000,Buy,236115574
2024-08-30 14:01:22,21850.0,6200,Buy,236115577
2024-08-30 14:01:22,21850.0,200,Buy,236115573
2024-08-30 14:01:22,21850.0,100,Buy,236115576
2024-08-30 14:01:22,21850.0,300,Buy,236115570
2024-08-30 14:01:22,21850.0,200,Buy,236115571
2024-08-30 14:01:22,21850.0,300,Buy,236115567
2024-08-30 14:01:22,21850.0,200,Buy,236115575
2024-08-30 14:01:22,21850.0,100,Buy,236115569
2024-08-30 14:01:22,21850.0,400,Buy,236115568
2024-08-30 14:01:27,21850.0,1000,Buy,236115692
2024-08-30 14:01:29,21850.0,1800,Buy,236115772
2024-08-30 14:01:29,21850.0,3000,Buy,236115773
2024-08-30 14:01:30,21850.0,100,Sell,236115787
2024-08-30 14:01:34,21850.0,100,Sell,236115861
2024-08-30 14:01:34,21850.0,100,Sell,236115862
2024-08-30 14:01:40,21850.0,100,Sell,236116007
2024-08-30 14:01:53,21850.0,600,Sell,236116317
2024-08-30 14:01:53,21850.0,1000,Sell,236116318
2024-08-30 14:01:53,21850.0,3400,Sell,236116319
2024-08-30 14:02:01,21850.0,200,Sell,236116497
2024-08-30 14:02:06,21850.0,5000,Sell,236116579
2024-08-30 14:02:23,21850.0,200,Sell,236116941
2024-08-30 14:02:27,21850.0,500,Sell,236117017
2024-08-30 14:02:30,21850.0,300,Sell,236117055
2024-08-30 14:02:34,21850.0,600,Sell,236117191
2024-08-30 14:02:40,21850.0,200,Sell,236117337
2024-08-30 14:02:40,21850.0,600,Sell,236117338
2024-08-30 14:02:40,21850.0,4200,Sell,236117339
2024-08-30 14:02:45,21850.0,1000,Sell,236117495
2024-08-30 14:02:46,21900.0,900,Buy,236117526
2024-08-30 14:02:50,21850.0,100,Sell,236117650
2024-08-30 14:03:00,21850.0,100,Sell,236117881
2024-08-30 14:03:00,21850.0,900,Sell,236117882
2024-08-30 14:03:02,21850.0,100,Sell,236117918
2024-08-30 14:03:02,21850.0,4900,Sell,236117919
2024-08-30 14:03:10,21850.0,400,Buy,236118176
2024-08-30 14:03:16,21850.0,100,Buy,236118313
2024-08-30 14:03:32,21850.0,1000,Sell,236118790
2024-08-30 14:03:32,21850.0,100,Buy,236118778
2024-08-30 14:03:33,21900.0,800,Buy,236118814
2024-08-30 14:03:33,21900.0,400,Buy,236118835
2024-08-30 14:03:33,21900.0,200,Buy,236118834
2024-08-30 14:03:33,21900.0,200,Buy,236118833
2024-08-30 14:03:33,21900.0,100,Buy,236118832
2024-08-30 14:03:33,21900.0,100,Buy,236118830
2024-08-30 14:03:33,21900.0,500,Buy,236118829
2024-08-30 14:03:33,21900.0,200,Buy,236118828
2024-08-30 14:03:33,21900.0,1000,Buy,236118827
2024-08-30 14:03:33,21900.0,100,Buy,236118826
2024-08-30 14:03:33,21900.0,100,Buy,236118831
2024-08-30 14:03:33,21900.0,2800,Buy,236118824
2024-08-30 14:03:33,21900.0,2000,Buy,236118823
2024-08-30 14:03:33,21900.0,16700,Buy,236118822
2024-08-30 14:03:33,21900.0,100,Buy,236118821
2024-08-30 14:03:33,21900.0,1000,Buy,236118820
2024-08-30 14:03:33,21900.0,2800,Buy,236118815
2024-08-30 14:03:33,21900.0,2000,Buy,236118819
2024-08-30 14:03:33,21900.0,100,Buy,236118818
2024-08-30 14:03:33,21900.0,500,Buy,236118817
2024-08-30 14:03:33,21900.0,300,Buy,236118816
2024-08-30 14:03:33,21900.0,500,Buy,236118825
2024-08-30 14:03:38,21850.0,1000,Sell,236118972
2024-08-30 14:03:43,21850.0,100,Sell,236119085
2024-08-30 14:03:47,21900.0,1000,Buy,236119168
2024-08-30 14:03:48,21900.0,1000,Buy,236119195
2024-08-30 14:03:48,21900.0,9000,Buy,236119203
2024-08-30 14:03:48,21900.0,2900,Buy,236119202
2024-08-30 14:03:48,21900.0,1000,Buy,236119201
2024-08-30 14:03:48,21900.0,1000,Buy,236119200
2024-08-30 14:03:48,21900.0,300,Buy,236119199
2024-08-30 14:03:48,21900.0,100,Buy,236119198
2024-08-30 14:03:48,21900.0,100,Buy,236119197
2024-08-30 14:03:48,21900.0,100,Buy,236119194
2024-08-30 14:03:48,21900.0,100,Buy,236119190
2024-08-30 14:03:48,21900.0,200,Buy,236119192
2024-08-30 14:03:48,21900.0,100,Buy,236119191
2024-08-30 14:03:48,21900.0,3900,Buy,236119184
2024-08-30 14:03:48,21900.0,200,Buy,236119189
2024-08-30 14:03:48,21900.0,10000,Buy,236119188
2024-08-30 14:03:48,21900.0,200,Buy,236119187
2024-08-30 14:03:48,21900.0,100,Buy,236119186
2024-08-30 14:03:48,21900.0,200,Buy,236119185
2024-08-30 14:03:48,21900.0,2000,Buy,236119193
2024-08-30 14:03:52,21900.0,11000,Buy,236119325
2024-08-30 14:03:52,21900.0,3000,Buy,236119326
2024-08-30 14:03:55,21900.0,1400,Buy,236119429
2024-08-30 14:03:57,21900.0,5900,Buy,236119485
2024-08-30 14:03:59,21900.0,100,Buy,236119576
2024-08-30 14:03:59,21900.0,200,Buy,236119575
2024-08-30 14:03:59,21900.0,1000,Buy,236119574
2024-08-30 14:03:59,21900.0,1000,Buy,236119571
2024-08-30 14:03:59,21900.0,100,Buy,236119572
2024-08-30 14:03:59,21900.0,9700,Buy,236119570
2024-08-30 14:03:59,21900.0,300,Buy,236119573
2024-08-30 14:04:00,21900.0,1000,Buy,236119599
2024-08-30 14:04:00,21900.0,500,Sell,236119610
2024-08-30 14:04:00,21900.0,1000,Buy,236119604
2024-08-30 14:04:00,21900.0,400,Buy,236119603
2024-08-30 14:04:00,21900.0,4000,Buy,236119602
2024-08-30 14:04:00,21900.0,200,Buy,236119601
2024-08-30 14:04:00,21900.0,600,Buy,236119600
2024-08-30 14:04:00,21900.0,200,Buy,236119598
2024-08-30 14:04:00,21900.0,1400,Buy,236119588
2024-08-30 14:04:00,21900.0,300,Buy,236119596
2024-08-30 14:04:00,21900.0,200,Buy,236119595
2024-08-30 14:04:00,21900.0,800,Buy,236119594
2024-08-30 14:04:00,21900.0,500,Buy,236119593
2024-08-30 14:04:00,21900.0,200,Buy,236119592
2024-08-30 14:04:00,21900.0,1000,Buy,236119591
2024-08-30 14:04:00,21900.0,200,Buy,236119590
2024-08-30 14:04:00,21900.0,1000,Buy,236119589
2024-08-30 14:04:00,21900.0,300,Buy,236119597
2024-08-30 14:04:04,21950.0,8100,Buy,236119703
2024-08-30 14:04:04,21950.0,3000,Buy,236119702
2024-08-30 14:04:04,21950.0,7000,Buy,236119701
2024-08-30 14:04:04,21950.0,500,Buy,236119700
2024-08-30 14:04:04,21950.0,1000,Buy,236119699
2024-08-30 14:04:04,21950.0,200,Buy,236119698
2024-08-30 14:04:04,21950.0,2000,Buy,236119697
2024-08-30 14:04:04,21950.0,1700,Buy,236119696
2024-08-30 14:04:04,21950.0,3200,Buy,236119695
2024-08-30 14:04:04,21950.0,100,Buy,236119694
2024-08-30 14:04:04,21950.0,200,Buy,236119693
2024-08-30 14:04:04,21950.0,100,Buy,236119692
2024-08-30 14:04:04,21950.0,500,Buy,236119691
2024-08-30 14:04:04,21950.0,100,Buy,236119690
2024-08-30 14:04:06,21900.0,1000,Sell,236119756
2024-08-30 14:04:07,21950.0,3800,Buy,236119805
2024-08-30 14:04:07,21950.0,1000,Buy,236119804
2024-08-30 14:04:07,21950.0,3600,Buy,236119803
2024-08-30 14:04:07,21950.0,600,Buy,236119802
2024-08-30 14:04:07,21950.0,500,Buy,236119801
2024-08-30 14:04:07,21950.0,1500,Buy,236119800
2024-08-30 14:04:07,21950.0,300,Buy,236119799
2024-08-30 14:04:07,21950.0,200,Buy,236119792
2024-08-30 14:04:07,21950.0,400,Buy,236119797
2024-08-30 14:04:07,21950.0,2000,Buy,236119796
2024-08-30 14:04:07,21950.0,200,Buy,236119795
2024-08-30 14:04:07,21950.0,200,Buy,236119794
2024-08-30 14:04:07,21950.0,1000,Buy,236119793
2024-08-30 14:04:07,21950.0,1700,Buy,236119798
2024-08-30 14:04:07,21950.0,1900,Buy,236119791
2024-08-30 14:04:14,22000.0,1000,Buy,236120005
2024-08-30 14:04:14,22000.0,100,Buy,236120006
2024-08-30 14:04:14,22000.0,700,Buy,236120007
2024-08-30 14:04:14,22000.0,2000,Buy,236120011
2024-08-30 14:04:14,22000.0,500,Buy,236120010
2024-08-30 14:04:14,22000.0,200,Buy,236120012
2024-08-30 14:04:14,22000.0,400,Buy,236120013
2024-08-30 14:04:14,22000.0,600,Buy,236120004
2024-08-30 14:04:14,22000.0,6600,Buy,236120009
2024-08-30 14:04:14,22000.0,100,Buy,236120003
2024-08-30 14:04:14,22000.0,100,Buy,236120008
2024-08-30 14:04:14,22000.0,3000,Buy,236120001
2024-08-30 14:04:14,22000.0,1000,Buy,236120002
2024-08-30 14:04:14,22000.0,100,Buy,236119993
2024-08-30 14:04:14,22000.0,1000,Buy,236119994
2024-08-30 14:04:14,22000.0,1000,Buy,236119995
2024-08-30 14:04:14,22000.0,200,Buy,236119992
2024-08-30 14:04:14,22000.0,400,Buy,236119997
2024-08-30 14:04:14,22000.0,100,Buy,236119998
2024-08-30 14:04:14,22000.0,500,Buy,236119999
2024-08-30 14:04:14,22000.0,500,Buy,236120000
2024-08-30 14:04:14,22000.0,100,Buy,236119996
2024-08-30 14:04:18,22000.0,2800,Buy,236120133
2024-08-30 14:04:18,22000.0,1400,Buy,236120141
2024-08-30 14:04:18,22000.0,500,Buy,236120139
2024-08-30 14:04:18,22000.0,200,Buy,236120138
2024-08-30 14:04:18,22000.0,5000,Buy,236120137
2024-08-30 14:04:18,22000.0,5000,Buy,236120136
2024-08-30 14:04:18,22000.0,2000,Buy,236120135
2024-08-30 14:04:18,22000.0,700,Buy,236120134
2024-08-30 14:04:18,22000.0,1000,Buy,236120132
2024-08-30 14:04:18,22000.0,3000,Buy,236120140
2024-08-30 14:04:18,22000.0,1000,Buy,236120130
2024-08-30 14:04:18,22000.0,100,Buy,236120121
2024-08-30 14:04:18,22000.0,3000,Buy,236120131
2024-08-30 14:04:18,22000.0,3400,Buy,236120123
2024-08-30 14:04:18,22000.0,1000,Buy,236120124
2024-08-30 14:04:18,22000.0,100,Buy,236120122
2024-08-30 14:04:18,22000.0,1000,Buy,236120126
2024-08-30 14:04:18,22000.0,1000,Buy,236120127
2024-08-30 14:04:18,22000.0,500,Buy,236120128
2024-08-30 14:04:18,22000.0,300,Buy,236120129
2024-08-30 14:04:18,22000.0,1000,Buy,236120125
2024-08-30 14:04:20,22000.0,600,Buy,236120166
2024-08-30 14:04:20,22000.0,1400,Buy,236120168
2024-08-30 14:04:20,22000.0,1500,Buy,236120169
2024-08-30 14:04:21,22000.0,3400,Buy,236120198
2024-08-30 14:04:21,22000.0,500,Buy,236120197
2024-08-30 14:04:21,22000.0,500,Buy,236120196
2024-08-30 14:04:21,22000.0,1400,Buy,236120194
2024-08-30 14:04:21,22000.0,600,Buy,236120195
2024-08-30 14:04:21,22000.0,200,Buy,236120192
2024-08-30 14:04:21,22000.0,100,Buy,236120191
2024-08-30 14:04:21,22000.0,1800,Buy,236120190
2024-08-30 14:04:21,22000.0,3100,Buy,236120189
2024-08-30 14:04:21,22000.0,100,Buy,236120193
2024-08-30 14:04:22,22000.0,200,Buy,236120222
2024-08-30 14:04:22,22000.0,300,Buy,236120221
2024-08-30 14:04:22,22000.0,100,Buy,236120220
2024-08-30 14:04:22,22000.0,9000,Buy,236120219
2024-08-30 14:04:22,22000.0,500,Buy,236120218
2024-08-30 14:04:22,22000.0,100,Buy,236120217
2024-08-30 14:04:22,22000.0,100,Buy,236120214
2024-08-30 14:04:22,22000.0,8400,Buy,236120215
2024-08-30 14:04:22,22000.0,1000,Buy,236120213
2024-08-30 14:04:22,22000.0,1000,Buy,236120212
2024-08-30 14:04:22,22000.0,1600,Buy,236120211
2024-08-30 14:04:22,21950.0,4000,Sell,236120206
2024-08-30 14:04:22,22000.0,5000,Buy,236120205
2024-08-30 14:04:22,22000.0,1000,Buy,236120216
2024-08-30 14:04:22,22000.0,1000,Buy,236120223
2024-08-30 14:04:22,22000.0,800,Buy,236120224
2024-08-30 14:04:22,22000.0,5000,Buy,236120226
2024-08-30 14:04:22,22000.0,1000,Buy,236120241
2024-08-30 14:04:22,22000.0,200,Buy,236120240
2024-08-30 14:04:22,22000.0,100,Buy,236120239
2024-08-30 14:04:22,22000.0,100,Buy,236120238
2024-08-30 14:04:22,22000.0,100,Buy,236120237
2024-08-30 14:04:22,22000.0,200,Buy,236120236
2024-08-30 14:04:22,22000.0,100,Buy,236120235
2024-08-30 14:04:22,22000.0,500,Buy,236120225
2024-08-30 14:04:22,22000.0,100,Buy,236120233
2024-08-30 14:04:22,22000.0,500,Buy,236120232
2024-08-30 14:04:22,22000.0,100,Buy,236120231
2024-08-30 14:04:22,22000.0,3000,Buy,236120230
2024-08-30 14:04:22,22000.0,2800,Buy,236120229
2024-08-30 14:04:22,22000.0,200,Buy,236120228
2024-08-30 14:04:22,22000.0,2000,Buy,236120227
2024-08-30 14:04:22,22000.0,100,Buy,236120234
2024-08-30 14:04:23,22000.0,400,Buy,236120258
2024-08-30 14:04:23,22000.0,200,Buy,236120259
2024-08-30 14:04:23,22000.0,1000,Buy,236120260
2024-08-30 14:04:23,22000.0,300,Buy,236120261
2024-08-30 14:04:23,22000.0,100,Buy,236120263
2024-08-30 14:04:23,22000.0,100,Buy,236120267
2024-08-30 14:04:23,22000.0,100,Buy,236120265
2024-08-30 14:04:23,22000.0,100,Buy,236120266
2024-08-30 14:04:23,22000.0,2400,Buy,236120257
2024-08-30 14:04:23,22000.0,1000,Buy,236120279
2024-08-30 14:04:23,22000.0,100,Sell,236120285
2024-08-30 14:04:23,22000.0,1000,Buy,236120264
2024-08-30 14:04:23,22000.0,300,Buy,236120256
2024-08-30 14:04:23,22000.0,1000,Buy,236120262
2024-08-30 14:04:23,22000.0,4000,Buy,236120254
2024-08-30 14:04:23,22000.0,100,Buy,236120253
2024-08-30 14:04:23,22000.0,2300,Buy,236120252
2024-08-30 14:04:23,22000.0,100,Buy,236120251
2024-08-30 14:04:23,22000.0,100,Buy,236120250
2024-08-30 14:04:23,22000.0,2500,Buy,236120242
2024-08-30 14:04:23,22000.0,500,Buy,236120249
2024-08-30 14:04:23,22000.0,100,Buy,236120248
2024-08-30 14:04:23,22000.0,400,Buy,236120247
2024-08-30 14:04:23,22000.0,1000,Buy,236120246
2024-08-30 14:04:23,22000.0,1000,Buy,236120245
2024-08-30 14:04:23,22000.0,300,Buy,236120244
2024-08-30 14:04:23,22000.0,3100,Buy,236120243
2024-08-30 14:04:23,22000.0,100,Buy,236120255
2024-08-30 14:04:27,22050.0,500,Buy,236120402
2024-08-30 14:04:27,22050.0,100,Buy,236120401
2024-08-30 14:04:27,22050.0,100,Buy,236120399
2024-08-30 14:04:27,22050.0,300,Buy,236120398
2024-08-30 14:04:27,22050.0,1000,Buy,236120400
2024-08-30 14:04:35,22050.0,1000,Sell,236120599
2024-08-30 14:04:38,22100.0,200,Buy,236120656
2024-08-30 14:04:38,22100.0,200,Buy,236120657
2024-08-30 14:04:38,22100.0,200,Buy,236120658
2024-08-30 14:04:38,22100.0,200,Buy,236120659
2024-08-30 14:04:38,22100.0,300,Buy,236120660
2024-08-30 14:04:39,22100.0,5000,Buy,236120702
2024-08-30 14:04:40,22100.0,100,Sell,236120748
2024-08-30 14:04:40,22100.0,100,Buy,236120744
2024-08-30 14:04:40,22100.0,200,Buy,236120743
2024-08-30 14:04:40,22100.0,500,Buy,236120742
2024-08-30 14:04:40,22100.0,400,Buy,236120741
2024-08-30 14:04:40,22100.0,100,Buy,236120740
2024-08-30 14:04:40,22100.0,1000,Buy,236120736
2024-08-30 14:04:40,22100.0,100,Buy,236120735
2024-08-30 14:04:40,22100.0,100,Buy,236120734
2024-08-30 14:04:40,22100.0,900,Buy,236120733
2024-08-30 14:04:40,22100.0,1000,Buy,236120732
2024-08-30 14:04:40,22100.0,1000,Buy,236120731
2024-08-30 14:04:40,22100.0,1500,Buy,236120730
2024-08-30 14:04:40,22100.0,1000,Buy,236120729
2024-08-30 14:04:40,22100.0,500,Buy,236120728
2024-08-30 14:04:40,22100.0,100,Buy,236120727
2024-08-30 14:04:40,22100.0,700,Buy,236120726
2024-08-30 14:04:40,22050.0,500,Sell,236120721
2024-08-30 14:04:44,22150.0,3400,Buy,236120812
2024-08-30 14:04:44,22150.0,2000,Buy,236120811
2024-08-30 14:04:44,22150.0,500,Buy,236120809
2024-08-30 14:04:44,22150.0,200,Buy,236120808
2024-08-30 14:04:44,22150.0,100,Buy,236120810
2024-08-30 14:04:46,22100.0,1000,Sell,236120875
2024-08-30 14:04:50,22150.0,1000,Buy,236120974
2024-08-30 14:04:50,22150.0,200,Buy,236121009
2024-08-30 14:04:51,22100.0,200,Sell,236121014
2024-08-30 14:05:07,22100.0,100,Sell,236121394
2024-08-30 14:05:14,22100.0,700,Sell,236121785
2024-08-30 14:05:14,22100.0,1000,Sell,236121786
2024-08-30 14:05:14,22100.0,3100,Sell,236121787
2024-08-30 14:05:15,22150.0,100,Buy,236121814
2024-08-30 14:05:15,22150.0,100,Buy,236121813
2024-08-30 14:05:15,22150.0,1900,Buy,236121815
2024-08-30 14:05:15,22150.0,200,Buy,236121811
2024-08-30 14:05:15,22150.0,1500,Buy,236121810
2024-08-30 14:05:15,22150.0,2200,Buy,236121809
2024-08-30 14:05:15,22150.0,4000,Buy,236121812
2024-08-30 14:05:17,22150.0,200,Buy,236121865
2024-08-30 14:05:24,22150.0,12900,Buy,236122104
2024-08-30 14:05:24,22150.0,300,Buy,236122105
2024-08-30 14:05:24,22150.0,100,Buy,236122106
2024-08-30 14:05:24,22150.0,100,Buy,236122107
2024-08-30 14:05:24,22150.0,1000,Buy,236122108
2024-08-30 14:05:30,22150.0,2700,Sell,236122229
2024-08-30 14:05:32,22150.0,300,Sell,236122287
2024-08-30 14:05:38,22200.0,200,Buy,236122406
2024-08-30 14:05:38,22200.0,800,Buy,236122407
2024-08-30 14:05:40,22200.0,900,Buy,236122518
2024-08-30 14:05:40,22200.0,1000,Buy,236122517
2024-08-30 14:05:40,22200.0,100,Buy,236122514
2024-08-30 14:05:40,22200.0,100,Buy,236122516
2024-08-30 14:05:40,22200.0,1000,Buy,236122515
2024-08-30 14:05:40,22200.0,100,Buy,236122513
2024-08-30 14:05:40,22200.0,4000,Buy,236122506
2024-08-30 14:05:40,22200.0,500,Buy,236122509
2024-08-30 14:05:40,22200.0,1000,Buy,236122508
2024-08-30 14:05:40,22200.0,100,Buy,236122507
2024-08-30 14:05:40,22200.0,100,Buy,236122505
2024-08-30 14:05:40,22200.0,100,Buy,236122504
2024-08-30 14:05:40,22200.0,1000,Buy,236122512
2024-08-30 14:05:41,22200.0,4100,Buy,236122542
2024-08-30 14:05:41,22200.0,1000,Buy,236122541
2024-08-30 14:05:41,22200.0,500,Buy,236122539
2024-08-30 14:05:41,22200.0,500,Buy,236122538
2024-08-30 14:05:41,22200.0,1000,Buy,236122540
2024-08-30 14:05:41,22200.0,100,Buy,236122536
2024-08-30 14:05:41,22200.0,1100,Buy,236122533
2024-08-30 14:05:41,22200.0,200,Buy,236122537
2024-08-30 14:05:41,22200.0,200,Buy,236122535
2024-08-30 14:05:41,22200.0,200,Buy,236122534
2024-08-30 14:05:45,22200.0,100,Buy,236122598
2024-08-30 14:05:45,22200.0,5800,Buy,236122601
2024-08-30 14:05:45,22200.0,500,Buy,236122602
2024-08-30 14:05:45,22200.0,2500,Buy,236122603
2024-08-30 14:05:45,22200.0,200,Buy,236122604
2024-08-30 14:05:45,22200.0,1400,Buy,236122605
2024-08-30 14:05:45,22200.0,300,Buy,236122606
2024-08-30 14:05:45,22200.0,2000,Buy,236122607
2024-08-30 14:05:45,22200.0,100,Buy,236122608
2024-08-30 14:05:45,22200.0,100,Buy,236122609
2024-08-30 14:05:55,22200.0,3000,Sell,236122886
2024-08-30 14:06:00,22200.0,200,Sell,236123040
2024-08-30 14:06:01,22200.0,200,Sell,236123060
2024-08-30 14:06:01,22200.0,100,Sell,236123059
2024-08-30 14:06:01,22200.0,1100,Sell,236123057
2024-08-30 14:06:01,22200.0,2800,Sell,236123050
2024-08-30 14:06:01,22200.0,1200,Sell,236123058
2024-08-30 14:06:02,22250.0,400,Buy,236123095
2024-08-30 14:06:02,22250.0,100,Buy,236123096
2024-08-30 14:06:02,22250.0,500,Buy,236123097
2024-08-30 14:06:03,22250.0,200,Buy,236123121
2024-08-30 14:06:04,22250.0,100,Buy,236123190
2024-08-30 14:06:05,22200.0,100,Sell,236123211
2024-08-30 14:06:11,22150.0,400,Sell,236123389
2024-08-30 14:06:11,22150.0,1800,Sell,236123388
2024-08-30 14:06:11,22200.0,100,Sell,236123387
2024-08-30 14:06:11,22200.0,4500,Sell,236123386
2024-08-30 14:06:11,22200.0,5000,Sell,236123383
2024-08-30 14:06:11,22200.0,1000,Sell,236123384
2024-08-30 14:06:11,22200.0,400,Sell,236123385
2024-08-30 14:06:11,22200.0,500,Sell,236123377
2024-08-30 14:06:11,22200.0,200,Sell,236123381
2024-08-30 14:06:11,22200.0,1000,Sell,236123382
2024-08-30 14:06:19,22150.0,200,Sell,236123583
2024-08-30 14:06:24,22200.0,100,Buy,236123693
2024-08-30 14:06:24,22200.0,500,Buy,236123694
2024-08-30 14:06:24,22200.0,100,Buy,236123695
2024-08-30 14:06:24,22200.0,1800,Buy,236123696
2024-08-30 14:06:26,22200.0,200,Buy,236123765
2024-08-30 14:06:29,22200.0,5000,Sell,236123824
2024-08-30 14:06:30,22200.0,1000,Sell,236123851
2024-08-30 14:06:32,22250.0,100,Buy,236123917
2024-08-30 14:06:32,22250.0,800,Buy,236123911
2024-08-30 14:06:32,22250.0,100,Buy,236123910
2024-08-30 14:06:32,22250.0,200,Buy,236123908
2024-08-30 14:06:32,22250.0,100,Buy,236123907
2024-08-30 14:06:32,22250.0,200,Buy,236123909
2024-08-30 14:06:32,22250.0,600,Buy,236123906
2024-08-30 14:06:33,22200.0,500,Sell,236123959
2024-08-30 14:06:34,22200.0,4000,Sell,236123977
2024-08-30 14:06:35,22250.0,100,Buy,236123988
2024-08-30 14:06:36,22250.0,100,Buy,236124040
2024-08-30 14:06:36,22250.0,500,Buy,236124041
2024-08-30 14:06:36,22250.0,500,Buy,236124039
2024-08-30 14:06:36,22250.0,600,Buy,236124037
2024-08-30 14:06:36,22250.0,400,Buy,236124038
2024-08-30 14:06:36,22250.0,1000,Buy,236124036
2024-08-30 14:06:41,22250.0,200,Sell,236124188
2024-08-30 14:06:41,22250.0,2300,Sell,236124189
2024-08-30 14:06:41,22250.0,500,Sell,236124190
2024-08-30 14:06:41,22250.0,1400,Sell,236124191
2024-08-30 14:06:41,22250.0,2000,Sell,236124192
2024-08-30 14:06:44,22250.0,3000,Buy,236124281
2024-08-30 14:06:46,22250.0,800,Buy,236124360
2024-08-30 14:06:46,22250.0,1000,Buy,236124361
2024-08-30 14:06:46,22250.0,300,Buy,236124362
2024-08-30 14:06:46,22250.0,1000,Buy,236124363
2024-08-30 14:06:46,22250.0,1900,Buy,236124364
2024-08-30 14:06:47,22250.0,100,Buy,236124373
2024-08-30 14:06:49,22250.0,1000,Sell,236124464
2024-08-30 14:06:49,22250.0,100,Sell,236124440
2024-08-30 14:06:50,22250.0,300,Sell,236124490
2024-08-30 14:06:50,22250.0,100,Sell,236124491
2024-08-30 14:06:50,22250.0,1000,Sell,236124492
2024-08-30 14:06:52,22250.0,1700,Sell,236124537
2024-08-30 14:06:54,22250.0,7000,Buy,236124581
2024-08-30 14:06:54,22250.0,300,Buy,236124582
2024-08-30 14:06:56,22250.0,500,Buy,236124630
2024-08-30 14:07:01,22250.0,200,Buy,236124709
2024-08-30 14:07:03,22250.0,300,Buy,236124790
2024-08-30 14:07:03,22250.0,400,Buy,236124791
2024-08-30 14:07:05,22250.0,900,Buy,236124827
2024-08-30 14:07:05,22250.0,1100,Buy,236124833
2024-08-30 14:07:06,22250.0,100,Buy,236124851
2024-08-30 14:07:08,22250.0,1000,Buy,236124911
2024-08-30 14:07:11,22250.0,500,Buy,236125007
2024-08-30 14:07:12,22250.0,1300,Buy,236125018
2024-08-30 14:07:12,22250.0,600,Buy,236125019
2024-08-30 14:07:15,22250.0,2500,Sell,236125076
2024-08-30 14:07:20,22250.0,300,Buy,236125214
2024-08-30 14:07:21,22250.0,100,Sell,236125251
2024-08-30 14:07:25,22250.0,400,Buy,236125389
2024-08-30 14:07:25,22250.0,1000,Buy,236125390
2024-08-30 14:07:25,22250.0,100,Buy,236125391
2024-08-30 14:07:26,22250.0,3200,Buy,236125421
2024-08-30 14:07:27,22250.0,2500,Sell,236125423
2024-08-30 14:07:29,22250.0,300,Sell,236125495
2024-08-30 14:07:33,22300.0,100,Buy,236125626
2024-08-30 14:07:33,22300.0,1000,Buy,236125625
2024-08-30 14:07:33,22300.0,200,Buy,236125624
2024-08-30 14:07:33,22300.0,2000,Buy,236125623
2024-08-30 14:07:33,22300.0,1000,Buy,236125620
2024-08-30 14:07:33,22300.0,500,Buy,236125621
2024-08-30 14:07:33,22300.0,100,Buy,236125619
2024-08-30 14:07:33,22300.0,5000,Buy,236125618
2024-08-30 14:07:33,22300.0,100,Buy,236125622
2024-08-30 14:07:36,22250.0,1000,Sell,236125672
2024-08-30 14:07:39,22250.0,200,Sell,236125727
2024-08-30 14:07:39,22250.0,100,Sell,236125728
2024-08-30 14:07:41,22250.0,2000,Sell,236125804
2024-08-30 14:07:42,22250.0,100,Sell,236125821
2024-08-30 14:07:42,22250.0,5400,Sell,236125829
2024-08-30 14:07:48,22250.0,5000,Sell,236125958
2024-08-30 14:07:49,22250.0,500,Sell,236126056
2024-08-30 14:07:49,22250.0,500,Sell,236125979
2024-08-30 14:07:49,22250.0,4700,Sell,236126004
2024-08-30 14:07:51,22250.0,2000,Sell,236126086
2024-08-30 14:07:52,22250.0,3000,Sell,236126091
2024-08-30 14:07:56,22300.0,400,Buy,236126291
2024-08-30 14:07:56,22300.0,600,Buy,236126290
2024-08-30 14:07:57,22250.0,200,Sell,236126305
2024-08-30 14:07:58,22250.0,800,Sell,236126350
2024-08-30 14:07:58,22250.0,200,Sell,236126351
2024-08-30 14:07:58,22250.0,500,Sell,236126352
2024-08-30 14:07:58,22300.0,100,Buy,236126353
2024-08-30 14:08:02,22300.0,100,Buy,236126438
2024-08-30 14:08:02,22300.0,400,Buy,236126439
2024-08-30 14:08:04,22300.0,200,Buy,236126523
2024-08-30 14:08:04,22300.0,100,Buy,236126524
2024-08-30 14:08:04,22300.0,300,Buy,236126525
2024-08-30 14:08:04,22300.0,100,Buy,236126526
2024-08-30 14:08:04,22300.0,200,Buy,236126527
2024-08-30 14:08:04,22300.0,2000,Buy,236126528
2024-08-30 14:08:04,22300.0,500,Buy,236126529
2024-08-30 14:08:04,22300.0,300,Buy,236126534
2024-08-30 14:08:04,22300.0,500,Buy,236126531
2024-08-30 14:08:04,22300.0,100,Buy,236126532
2024-08-30 14:08:04,22300.0,100,Buy,236126533
2024-08-30 14:08:04,22300.0,200,Buy,236126522
2024-08-30 14:08:04,22300.0,200,Buy,236126536
2024-08-30 14:08:04,22300.0,100,Buy,236126537
2024-08-30 14:08:04,22300.0,500,Buy,236126538
2024-08-30 14:08:04,22300.0,100,Buy,236126530
2024-08-30 14:08:04,22300.0,500,Buy,236126535
2024-08-30 14:08:04,22300.0,500,Buy,236126521
2024-08-30 14:08:04,22300.0,1000,Buy,236126519
2024-08-30 14:08:04,22250.0,1000,Sell,236126503
2024-08-30 14:08:04,22300.0,600,Buy,236126504
2024-08-30 14:08:04,22300.0,1000,Buy,236126506
2024-08-30 14:08:04,22300.0,1000,Buy,236126507
2024-08-30 14:08:04,22300.0,100,Buy,236126508
2024-08-30 14:08:04,22300.0,100,Buy,236126509
2024-08-30 14:08:04,22300.0,100,Buy,236126510
2024-08-30 14:08:04,22300.0,1000,Buy,236126505
2024-08-30 14:08:04,22300.0,2000,Buy,236126512
2024-08-30 14:08:04,22300.0,100,Buy,236126511
2024-08-30 14:08:04,22300.0,8000,Buy,236126518
2024-08-30 14:08:04,22300.0,600,Buy,236126517
2024-08-30 14:08:04,22300.0,200,Buy,236126520
2024-08-30 14:08:04,22300.0,200,Buy,236126515
2024-08-30 14:08:04,22300.0,100,Buy,236126514
2024-08-30 14:08:04,22300.0,500,Buy,236126513
2024-08-30 14:08:04,22300.0,100,Buy,236126516
2024-08-30 14:08:05,22300.0,100,Sell,236126561
2024-08-30 14:08:06,22300.0,100,Sell,236126604
2024-08-30 14:08:11,22300.0,500,Sell,236126766
2024-08-30 14:08:14,22300.0,100,Sell,236126854
2024-08-30 14:08:16,22300.0,500,Sell,236126935
2024-08-30 14:08:17,22300.0,200,Sell,236126949
2024-08-30 14:08:23,22300.0,300,Sell,236127102
2024-08-30 14:08:23,22300.0,200,Sell,236127110
2024-08-30 14:08:25,22300.0,6000,Sell,236127160
2024-08-30 14:08:25,22300.0,300,Sell,236127148
2024-08-30 14:08:25,22300.0,3700,Sell,236127149
2024-08-30 14:08:28,22300.0,100,Sell,236127258
2024-08-30 14:08:29,22350.0,100,Buy,236127268
2024-08-30 14:08:29,22350.0,100,Buy,236127269
2024-08-30 14:08:29,22350.0,200,Buy,236127267
2024-08-30 14:08:32,22300.0,200,Sell,236127355
2024-08-30 14:08:32,22300.0,2000,Sell,236127356
2024-08-30 14:08:32,22300.0,500,Sell,236127357
2024-08-30 14:08:33,22300.0,500,Buy,236127368
2024-08-30 14:08:33,22250.0,100,Sell,236127386
2024-08-30 14:08:33,22250.0,100,Sell,236127387
2024-08-30 14:08:33,22250.0,500,Sell,236127388
2024-08-30 14:08:33,22250.0,2100,Sell,236127389
2024-08-30 14:08:53,22250.0,2000,Sell,236127837
2024-08-30 14:08:53,22250.0,500,Sell,236127866
2024-08-30 14:08:54,22300.0,100,Buy,236127891
2024-08-30 14:08:56,22250.0,2000,Sell,236127932
2024-08-30 14:08:58,22250.0,500,Sell,236127963
2024-08-30 14:09:02,22250.0,100,Sell,236128072
2024-08-30 14:09:02,22250.0,400,Sell,236128078
2024-08-30 14:09:04,22250.0,2400,Sell,236128114
2024-08-30 14:09:04,22250.0,2800,Sell,236128115
2024-08-30 14:09:04,22250.0,2000,Sell,236128116
2024-08-30 14:09:04,22250.0,500,Sell,236128117
2024-08-30 14:09:04,22250.0,100,Sell,236128118
2024-08-30 14:09:04,22250.0,2000,Sell,236128119
2024-08-30 14:09:10,22250.0,200,Buy,236128287
2024-08-30 14:09:10,22250.0,800,Buy,236128288
2024-08-30 14:09:17,22200.0,800,Sell,236128587
2024-08-30 14:09:17,22200.0,200,Sell,236128588
2024-08-30 14:09:17,22200.0,100,Sell,236128585
2024-08-30 14:09:17,22200.0,1000,Sell,236128584
2024-08-30 14:09:17,22200.0,100,Sell,236128586
2024-08-30 14:09:22,22200.0,500,Buy,236128719
2024-08-30 14:09:23,22150.0,200,Sell,236128742
2024-08-30 14:09:23,22150.0,4800,Sell,236128743
2024-08-30 14:09:26,22150.0,100,Sell,236128830
2024-08-30 14:09:42,22150.0,100,Sell,236129316
2024-08-30 14:09:42,22150.0,100,Sell,236129317
2024-08-30 14:09:42,22150.0,300,Sell,236129318
2024-08-30 14:09:43,22150.0,200,Sell,236129325
2024-08-30 14:09:43,22150.0,100,Sell,236129326
2024-08-30 14:09:45,22150.0,100,Sell,236129433
2024-08-30 14:09:46,22150.0,300,Sell,236129446
2024-08-30 14:09:46,22150.0,100,Sell,236129447
2024-08-30 14:09:46,22150.0,100,Sell,236129448
2024-08-30 14:09:47,22150.0,100,Sell,236129610
2024-08-30 14:09:47,22150.0,100,Buy,236129647
2024-08-30 14:09:49,22150.0,100,Sell,236129788
2024-08-30 14:09:50,22150.0,300,Sell,236129799
2024-08-30 14:09:51,22150.0,500,Buy,236129818
2024-08-30 14:09:51,22150.0,100,Buy,236129819
2024-08-30 14:09:54,22150.0,300,Sell,236129959
2024-08-30 14:09:56,22150.0,100,Sell,236129990
2024-08-30 14:10:06,22150.0,7000,Buy,236130212
2024-08-30 14:10:13,22100.0,1000,Sell,236130434
2024-08-30 14:10:13,22100.0,100,Sell,236130435
2024-08-30 14:10:13,22100.0,500,Sell,236130436
2024-08-30 14:10:13,22100.0,1000,Sell,236130437
2024-08-30 14:10:13,22100.0,400,Sell,236130438
2024-08-30 14:10:22,22100.0,1100,Sell,236130663
2024-08-30 14:10:22,22100.0,100,Sell,236130671
2024-08-30 14:10:22,22100.0,500,Sell,236130661
2024-08-30 14:10:22,22100.0,100,Sell,236130662
2024-08-30 14:10:23,22100.0,1000,Sell,236130698
2024-08-30 14:10:25,22100.0,700,Sell,236130759
2024-08-30 14:10:27,22100.0,200,Sell,236130847
2024-08-30 14:10:28,22100.0,100,Sell,236130853
2024-08-30 14:10:28,22100.0,100,Sell,236130854
2024-08-30 14:10:28,22100.0,1600,Sell,236130859
2024-08-30 14:10:33,22100.0,1000,Sell,236130982
2024-08-30 14:10:34,22100.0,300,Sell,236130997
2024-08-30 14:10:36,22100.0,700,Sell,236131026
2024-08-30 14:10:36,22100.0,300,Sell,236131027
2024-08-30 14:10:40,22100.0,700,Sell,236131103
2024-08-30 14:10:40,22100.0,300,Sell,236131104
2024-08-30 14:10:44,22100.0,500,Sell,236131217
2024-08-30 14:10:48,22100.0,200,Buy,236131356
2024-08-30 14:10:48,22100.0,3600,Buy,236131357
2024-08-30 14:10:51,22150.0,17700,Buy,236131484
2024-08-30 14:10:55,22100.0,200,Buy,236131657
2024-08-30 14:10:55,22100.0,4800,Buy,236131658
2024-08-30 14:11:14,22050.0,100,Sell,236132462
2024-08-30 14:11:15,22100.0,100,Buy,236132476
2024-08-30 14:11:26,22100.0,200,Buy,236132780
2024-08-30 14:11:41,22150.0,70700,Buy,236133195
2024-08-30 14:11:41,22100.0,10300,Buy,236133194
2024-08-30 14:11:41,22100.0,200,Buy,236133193
2024-08-30 14:11:41,22100.0,1000,Buy,236133190
2024-08-30 14:11:41,22100.0,2000,Buy,236133189
2024-08-30 14:11:41,22100.0,200,Buy,236133192
2024-08-30 14:11:41,22100.0,2000,Buy,236133187
2024-08-30 14:11:41,22100.0,5000,Buy,236133188
2024-08-30 14:11:41,22100.0,4900,Buy,236133183
2024-08-30 14:11:41,22100.0,3300,Buy,236133184
2024-08-30 14:11:41,22100.0,200,Buy,236133191
2024-08-30 14:11:41,22100.0,100,Buy,236133186
2024-08-30 14:11:41,22100.0,100,Buy,236133185
2024-08-30 14:11:47,22100.0,100,Buy,236133364
2024-08-30 14:11:48,22150.0,5000,Buy,236133414
2024-08-30 14:11:48,22150.0,100,Buy,236133413
2024-08-30 14:11:48,22150.0,500,Buy,236133412
2024-08-30 14:11:48,22150.0,200,Buy,236133415
2024-08-30 14:11:48,22150.0,500,Buy,236133410
2024-08-30 14:11:48,22150.0,1000,Buy,236133409
2024-08-30 14:11:48,22150.0,400,Buy,236133408
2024-08-30 14:11:48,22150.0,4600,Buy,236133407
2024-08-30 14:11:48,22150.0,600,Buy,236133411
2024-08-30 14:11:59,22150.0,100,Buy,236133783
2024-08-30 14:11:59,22200.0,900,Buy,236133784
2024-08-30 14:12:00,22200.0,500,Buy,236133843
2024-08-30 14:12:00,22200.0,100,Buy,236133842
2024-08-30 14:12:00,22200.0,500,Buy,236133841
2024-08-30 14:12:00,22200.0,100,Buy,236133840
2024-08-30 14:12:00,22200.0,100,Buy,236133839
2024-08-30 14:12:00,22200.0,500,Buy,236133836
2024-08-30 14:12:00,22200.0,500,Buy,236133837
2024-08-30 14:12:00,22200.0,200,Buy,236133835
2024-08-30 14:12:00,22200.0,1400,Buy,236133834
2024-08-30 14:12:00,22200.0,3100,Buy,236133838
2024-08-30 14:12:00,22100.0,300,Sell,236133826
2024-08-30 14:12:20,22200.0,400,Buy,236134494
2024-08-30 14:12:20,22200.0,100,Buy,236134493
2024-08-30 14:12:21,22200.0,100,Buy,236134537
2024-08-30 14:12:23,22200.0,500,Sell,236134573
2024-08-30 14:12:23,22200.0,300,Sell,236134572
2024-08-30 14:12:46,22200.0,200,Buy,236135419
2024-08-30 14:12:46,22200.0,400,Buy,236135420
2024-08-30 14:12:46,22200.0,100,Buy,236135421
2024-08-30 14:12:51,22200.0,500,Sell,236135606
2024-08-30 14:12:52,22200.0,100,Sell,236135628
2024-08-30 14:12:55,22200.0,700,Sell,236135671
2024-08-30 14:12:55,22200.0,800,Sell,236135672
2024-08-30 14:12:57,22200.0,3000,Buy,236135757
2024-08-30 14:12:59,22200.0,5000,Buy,236135834
2024-08-30 14:13:09,22200.0,100,Buy,236136181
2024-08-30 14:13:09,22200.0,1900,Buy,236136177
2024-08-30 14:13:09,22200.0,1500,Buy,236136176
2024-08-30 14:13:09,22200.0,500,Buy,236136175
2024-08-30 14:13:09,22200.0,500,Buy,236136174
2024-08-30 14:13:25,22200.0,1300,Buy,236136791
2024-08-30 14:13:28,22200.0,700,Buy,236136919
2024-08-30 14:13:28,22200.0,200,Buy,236136920
2024-08-30 14:13:28,22200.0,100,Buy,236136921
2024-08-30 14:13:30,22200.0,100,Buy,236136970
2024-08-30 14:13:34,22200.0,500,Buy,236137133
2024-08-30 14:13:34,22200.0,200,Buy,236137134
2024-08-30 14:13:34,22200.0,300,Buy,236137135
2024-08-30 14:13:38,22150.0,2000,Sell,236137321
2024-08-30 14:13:38,22150.0,500,Sell,236137320
2024-08-30 14:13:38,22150.0,1600,Sell,236137322
2024-08-30 14:13:38,22150.0,500,Sell,236137318
2024-08-30 14:13:38,22150.0,200,Sell,236137316
2024-08-30 14:13:38,22150.0,100,Sell,236137319
2024-08-30 14:13:38,22150.0,100,Sell,236137317
2024-08-30 14:13:46,22150.0,200,Sell,236137772
2024-08-30 14:13:48,22150.0,100,Sell,236137863
2024-08-30 14:13:52,22150.0,3100,Sell,236138023
2024-08-30 14:13:52,22150.0,800,Sell,236138024
2024-08-30 14:13:58,22150.0,100,Sell,236138208
2024-08-30 14:14:00,22150.0,3000,Sell,236138264
2024-08-30 14:14:00,22150.0,500,Sell,236138263
2024-08-30 14:14:06,22150.0,100,Buy,236138488
2024-08-30 14:14:09,22150.0,1400,Buy,236138620
2024-08-30 14:14:09,22150.0,2600,Buy,236138621
2024-08-30 14:14:12,22150.0,2000,Sell,236138748
2024-08-30 14:14:12,22150.0,100,Sell,236138763
2024-08-30 14:14:23,22150.0,600,Sell,236139211
2024-08-30 14:14:26,22150.0,200,Sell,236139313
2024-08-30 14:14:45,22150.0,100,Sell,236140335
2024-08-30 14:14:47,22150.0,500,Sell,236140376
2024-08-30 14:14:47,22150.0,1000,Sell,236140384
2024-08-30 14:14:52,22150.0,500,Sell,236140538
2024-08-30 14:15:02,22150.0,500,Sell,236140877
2024-08-30 14:15:05,22150.0,500,Sell,236140936
2024-08-30 14:15:05,22150.0,5000,Sell,236140937
2024-08-30 14:15:05,22150.0,20000,Sell,236140938
2024-08-30 14:15:05,22150.0,4500,Sell,236140939
2024-08-30 14:15:07,22150.0,500,Sell,236141000
2024-08-30 14:15:07,22150.0,200,Sell,236141001
2024-08-30 14:15:07,22150.0,1100,Sell,236141002
2024-08-30 14:15:12,22150.0,1000,Sell,236141235
2024-08-30 14:15:15,22150.0,7000,Sell,236141442
2024-08-30 14:15:16,22150.0,2000,Sell,236141469
2024-08-30 14:15:16,22150.0,900,Sell,236141466
2024-08-30 14:15:16,22150.0,2000,Sell,236141467
2024-08-30 14:15:16,22150.0,100,Sell,236141468
2024-08-30 14:15:17,22150.0,500,Sell,236141494
2024-08-30 14:15:18,22150.0,100,Sell,236141568
2024-08-30 14:15:19,22150.0,100,Sell,236141592
2024-08-30 14:15:20,22150.0,1300,Sell,236141627
2024-08-30 14:15:20,22150.0,700,Sell,236141628
2024-08-30 14:15:25,22150.0,200,Sell,236141838
2024-08-30 14:15:26,22150.0,100,Sell,236141866
2024-08-30 14:15:26,22150.0,400,Sell,236141867
2024-08-30 14:15:33,22150.0,100,Sell,236142267
2024-08-30 14:15:38,22150.0,100,Sell,236142454
2024-08-30 14:15:40,22150.0,6200,Sell,236142516
2024-08-30 14:15:40,22150.0,400,Sell,236142517
2024-08-30 14:15:40,22150.0,2400,Sell,236142515
2024-08-30 14:15:44,22100.0,100,Sell,236142670
2024-08-30 14:15:45,22150.0,100,Buy,236142739
2024-08-30 14:15:46,22150.0,400,Buy,236142789
2024-08-30 14:15:47,22200.0,4900,Buy,236142827
2024-08-30 14:15:47,22200.0,500,Buy,236142824
2024-08-30 14:15:47,22200.0,5000,Buy,236142825
2024-08-30 14:15:47,22200.0,200,Buy,236142826
2024-08-30 14:15:48,22150.0,500,Sell,236142911
2024-08-30 14:16:02,22150.0,500,Sell,236143455
2024-08-30 14:16:02,22150.0,600,Sell,236143467
2024-08-30 14:16:02,22150.0,12900,Sell,236143468
2024-08-30 14:16:02,22150.0,1100,Sell,236143469
2024-08-30 14:16:06,22200.0,500,Buy,236143574
2024-08-30 14:16:14,22200.0,4700,Buy,236143836
2024-08-30 14:16:14,22200.0,4000,Buy,236143835
2024-08-30 14:16:14,22200.0,100,Buy,236143834
2024-08-30 14:16:14,22200.0,1000,Buy,236143832
2024-08-30 14:16:14,22200.0,100,Buy,236143833
2024-08-30 14:16:14,22200.0,2000,Buy,236143831
2024-08-30 14:16:14,22200.0,200,Buy,236143826
2024-08-30 14:16:14,22200.0,100,Buy,236143829
2024-08-30 14:16:14,22200.0,400,Buy,236143830
2024-08-30 14:16:14,22200.0,10600,Buy,236143823
2024-08-30 14:16:14,22200.0,700,Buy,236143824
2024-08-30 14:16:14,22200.0,200,Buy,236143825
2024-08-30 14:16:14,22200.0,1000,Buy,236143827
2024-08-30 14:16:14,22200.0,100,Buy,236143828
2024-08-30 14:16:30,22200.0,300,Buy,236144694
2024-08-30 14:16:30,22200.0,200,Buy,236144695
2024-08-30 14:16:32,22200.0,700,Buy,236144797
2024-08-30 14:16:32,22200.0,1000,Buy,236144795
2024-08-30 14:16:32,22200.0,1000,Buy,236144796
2024-08-30 14:16:32,22200.0,4600,Buy,236144792
2024-08-30 14:16:32,22200.0,300,Buy,236144791
2024-08-30 14:16:32,22200.0,2800,Buy,236144790
2024-08-30 14:16:32,22200.0,2000,Buy,236144793
2024-08-30 14:16:32,22200.0,200,Buy,236144794
2024-08-30 14:16:34,22150.0,1000,Sell,236144931
2024-08-30 14:16:39,22200.0,2000,Buy,236145092
2024-08-30 14:16:40,22200.0,2700,Buy,236145122
2024-08-30 14:16:40,22200.0,500,Buy,236145113
2024-08-30 14:16:40,22200.0,800,Buy,236145118
2024-08-30 14:16:40,22200.0,500,Buy,236145119
2024-08-30 14:16:40,22200.0,900,Buy,236145120
2024-08-30 14:16:40,22200.0,100,Buy,236145121
2024-08-30 14:16:46,22200.0,200,Buy,236145326
2024-08-30 14:16:46,22200.0,300,Buy,236145325
2024-08-30 14:16:48,22200.0,1000,Buy,236145437
2024-08-30 14:16:48,22200.0,1000,Buy,236145436
2024-08-30 14:16:48,22200.0,500,Buy,236145435
2024-08-30 14:16:48,22200.0,1000,Buy,236145434
2024-08-30 14:16:48,22200.0,300,Buy,236145428
2024-08-30 14:16:48,22200.0,1100,Buy,236145432
2024-08-30 14:16:48,22200.0,1000,Buy,236145431
2024-08-30 14:16:48,22200.0,100,Buy,236145430
2024-08-30 14:16:48,22200.0,100,Buy,236145429
2024-08-30 14:16:48,22200.0,200,Buy,236145433
2024-08-30 14:16:52,22200.0,2700,Sell,236145545
2024-08-30 14:16:52,22200.0,2300,Sell,236145546
2024-08-30 14:16:52,22200.0,100,Sell,236145554
2024-08-30 14:16:53,22200.0,300,Sell,236145582
2024-08-30 14:16:56,22200.0,100,Sell,236145683
2024-08-30 14:16:58,22200.0,100,Sell,236145737
2024-08-30 14:17:01,22200.0,200,Sell,236145906
2024-08-30 14:17:01,22200.0,300,Sell,236145924
2024-08-30 14:17:01,22200.0,500,Sell,236145905
2024-08-30 14:17:01,22200.0,4300,Sell,236145907
2024-08-30 14:17:05,22200.0,100,Buy,236146155
2024-08-30 14:17:05,22200.0,2000,Buy,236146156
2024-08-30 14:17:05,22200.0,200,Buy,236146157
2024-08-30 14:17:11,22200.0,1000,Sell,236146363
2024-08-30 14:17:12,22200.0,6700,Sell,236146400
2024-08-30 14:17:12,22200.0,4800,Sell,236146401
2024-08-30 14:17:12,22200.0,300,Sell,236146402
2024-08-30 14:17:17,22200.0,100,Buy,236146554
2024-08-30 14:17:20,22200.0,200,Buy,236146674
2024-08-30 14:17:32,22200.0,2200,Buy,236147096
2024-08-30 14:17:32,22200.0,200,Buy,236147095
2024-08-30 14:17:32,22200.0,15500,Buy,236147094
2024-08-30 14:17:50,22200.0,100,Buy,236147746
2024-08-30 14:17:56,22150.0,1500,Sell,236147942
2024-08-30 14:18:15,22150.0,1400,Sell,236148668
2024-08-30 14:18:15,22150.0,100,Sell,236148669
2024-08-30 14:18:15,22150.0,1000,Sell,236148670
2024-08-30 14:18:15,22150.0,2000,Sell,236148671
2024-08-30 14:18:15,22150.0,500,Sell,236148672
2024-08-30 14:18:20,22150.0,100,Sell,236148832
2024-08-30 14:18:21,22150.0,500,Sell,236148860
2024-08-30 14:18:25,22150.0,100,Sell,236148991
2024-08-30 14:18:25,22150.0,300,Sell,236148990
2024-08-30 14:18:25,22150.0,100,Sell,236148988
2024-08-30 14:18:25,22150.0,100,Sell,236148989
2024-08-30 14:18:25,22150.0,1100,Sell,236148986
2024-08-30 14:18:25,22150.0,300,Sell,236148985
2024-08-30 14:18:25,22150.0,9900,Sell,236148984
2024-08-30 14:18:25,22150.0,100,Sell,236148987
2024-08-30 14:18:27,22150.0,100,Sell,236149072
2024-08-30 14:18:30,22150.0,200,Sell,236149185
2024-08-30 14:18:35,22150.0,500,Buy,236149344
2024-08-30 14:18:41,22150.0,800,Buy,236149548
2024-08-30 14:18:53,22150.0,1000,Buy,236150008
2024-08-30 14:18:53,22100.0,1000,Sell,236150040
2024-08-30 14:19:05,22100.0,200,Sell,236150423
2024-08-30 14:19:07,22150.0,700,Buy,236150488
2024-08-30 14:19:10,22100.0,2000,Sell,236150602
2024-08-30 14:19:11,22100.0,300,Sell,236150637
2024-08-30 14:19:12,22150.0,3200,Buy,236150703
2024-08-30 14:19:12,22150.0,5000,Buy,236150702
2024-08-30 14:19:12,22150.0,1800,Buy,236150701
2024-08-30 14:19:13,22150.0,1000,Buy,236150734
2024-08-30 14:19:20,22100.0,5000,Sell,236150985
2024-08-30 14:19:20,22100.0,3900,Sell,236150997
2024-08-30 14:19:20,22100.0,1000,Sell,236150984
2024-08-30 14:19:20,22100.0,1500,Sell,236150994
2024-08-30 14:19:20,22100.0,5000,Sell,236150993
2024-08-30 14:19:20,22100.0,500,Sell,236150992
2024-08-30 14:19:20,22100.0,100,Sell,236150996
2024-08-30 14:19:20,22100.0,500,Sell,236150990
2024-08-30 14:19:20,22100.0,1000,Sell,236150991
2024-08-30 14:19:20,22100.0,200,Sell,236150986
2024-08-30 14:19:20,22100.0,1200,Sell,236150987
2024-08-30 14:19:20,22100.0,15000,Sell,236150995
2024-08-30 14:19:20,22100.0,5000,Sell,236150988
2024-08-30 14:19:20,22100.0,100,Sell,236150989
2024-08-30 14:19:27,22100.0,300,Sell,236151314
2024-08-30 14:19:29,22100.0,800,Sell,236151358
2024-08-30 14:19:29,22100.0,300,Sell,236151367
2024-08-30 14:19:32,22100.0,4700,Sell,236151440
2024-08-30 14:19:32,22100.0,200,Sell,236151441
2024-08-30 14:19:32,22100.0,100,Sell,236151442
2024-08-30 14:19:35,22100.0,400,Sell,236151554
2024-08-30 14:19:35,22100.0,100,Sell,236151555
2024-08-30 14:19:39,22100.0,100,Buy,236151692
2024-08-30 14:20:23,22050.0,200,Sell,236153467
2024-08-30 14:20:35,22050.0,200,Sell,236154010
2024-08-30 14:20:35,22050.0,700,Sell,236153996
2024-08-30 14:20:37,22100.0,2000,Buy,236154096
2024-08-30 14:20:38,22050.0,20000,Sell,236154114
2024-08-30 14:20:43,22100.0,3700,Buy,236154397
2024-08-30 14:20:44,22050.0,2300,Sell,236154400
2024-08-30 14:20:44,22050.0,100,Sell,236154401
2024-08-30 14:20:44,22050.0,500,Sell,236154402
2024-08-30 14:20:44,22050.0,2100,Sell,236154403
2024-08-30 14:20:44,22050.0,100,Sell,236154422
2024-08-30 14:20:45,22050.0,2800,Sell,236154454
2024-08-30 14:20:45,22050.0,200,Sell,236154455
2024-08-30 14:20:47,22050.0,300,Sell,236154700
2024-08-30 14:20:47,22050.0,200,Sell,236154701
2024-08-30 14:20:49,22050.0,800,Sell,236154746
2024-08-30 14:20:49,22050.0,200,Sell,236154747
2024-08-30 14:20:52,22050.0,2000,Sell,236154821
2024-08-30 14:20:52,22050.0,300,Sell,236154845
2024-08-30 14:20:55,22000.0,1000,Sell,236154959
2024-08-30 14:20:55,22050.0,800,Sell,236154997
2024-08-30 14:20:55,22000.0,800,Sell,236154985
2024-08-30 14:20:55,22000.0,200,Sell,236154984
2024-08-30 14:20:55,22000.0,2300,Sell,236154963
2024-08-30 14:20:55,22000.0,30000,Sell,236154962
2024-08-30 14:20:55,22000.0,500,Sell,236154961
2024-08-30 14:20:55,22000.0,100,Sell,236154960
2024-08-30 14:20:55,22000.0,5000,Sell,236154958
2024-08-30 14:20:55,22000.0,500,Sell,236154983
2024-08-30 14:20:55,22000.0,300,Sell,236154956
2024-08-30 14:20:55,22050.0,200,Sell,236154950
2024-08-30 14:20:55,22000.0,35100,Sell,236154951
2024-08-30 14:20:55,22050.0,100,Sell,236154948
2024-08-30 14:20:55,22050.0,500,Sell,236154949
2024-08-30 14:20:55,22000.0,400,Sell,236154953
2024-08-30 14:20:55,22000.0,1000,Sell,236154954
2024-08-30 14:20:55,22000.0,1000,Sell,236154955
2024-08-30 14:20:55,22000.0,2000,Sell,236154952
2024-08-30 14:20:55,22000.0,1000,Sell,236154957
2024-08-30 14:21:00,22050.0,200,Buy,236155121
2024-08-30 14:21:00,22050.0,1800,Buy,236155122
2024-08-30 14:21:06,22050.0,1000,Buy,236155407
2024-08-30 14:21:07,22050.0,2000,Buy,236155427
2024-08-30 14:21:07,22050.0,7200,Buy,236155424
2024-08-30 14:21:07,22050.0,100,Buy,236155425
2024-08-30 14:21:07,22050.0,5000,Buy,236155426
2024-08-30 14:21:08,22050.0,300,Sell,236155459
2024-08-30 14:21:15,22050.0,5000,Sell,236155741
2024-08-30 14:21:15,22050.0,2000,Buy,236155738
2024-08-30 14:21:16,22050.0,100,Sell,236155806
2024-08-30 14:21:17,22050.0,700,Sell,236155821
2024-08-30 14:21:18,22050.0,200,Sell,236155860
2024-08-30 14:21:21,22050.0,3800,Buy,236156010
2024-08-30 14:21:23,22050.0,300,Sell,236156076
2024-08-30 14:21:26,22050.0,5000,Buy,236156138
2024-08-30 14:21:26,22050.0,700,Buy,236156150
2024-08-30 14:21:39,22050.0,900,Sell,236156609
2024-08-30 14:21:43,22050.0,100,Sell,236156791
2024-08-30 14:21:45,22050.0,300,Sell,236156846
2024-08-30 14:21:45,22050.0,1700,Sell,236156847
2024-08-30 14:21:49,22050.0,400,Sell,236156962
2024-08-30 14:21:49,22050.0,500,Sell,236156987
2024-08-30 14:21:52,22050.0,200,Sell,236157121
2024-08-30 14:21:52,22050.0,100,Sell,236157118
2024-08-30 14:21:52,22050.0,300,Sell,236157119
2024-08-30 14:21:52,22050.0,800,Sell,236157120
2024-08-30 14:21:55,22050.0,1400,Sell,236157242
2024-08-30 14:21:56,22050.0,500,Sell,236157251
2024-08-30 14:21:56,22050.0,100,Sell,236157261
2024-08-30 14:21:57,22050.0,1000,Sell,236157282
2024-08-30 14:22:07,22100.0,2900,Buy,236157620
2024-08-30 14:22:07,22100.0,700,Buy,236157619
2024-08-30 14:22:07,22100.0,500,Buy,236157618
2024-08-30 14:22:07,22100.0,100,Buy,236157617
2024-08-30 14:22:07,22100.0,200,Buy,236157616
2024-08-30 14:22:07,22100.0,5000,Buy,236157615
2024-08-30 14:22:07,22100.0,200,Buy,236157614
2024-08-30 14:22:07,22100.0,1000,Buy,236157613
2024-08-30 14:22:07,22100.0,2000,Buy,236157612
2024-08-30 14:22:07,22100.0,2800,Buy,236157611
2024-08-30 14:22:07,22100.0,1000,Buy,236157610
2024-08-30 14:22:07,22100.0,6100,Buy,236157600
2024-08-30 14:22:07,22100.0,200,Buy,236157599
2024-08-30 14:22:07,22100.0,1000,Buy,236157598
2024-08-30 14:22:07,22100.0,500,Buy,236157597
2024-08-30 14:22:07,22100.0,200,Buy,236157596
2024-08-30 14:22:07,22100.0,300,Buy,236157595
2024-08-30 14:22:07,22100.0,700,Buy,236157594
2024-08-30 14:22:07,22100.0,100,Buy,236157593
2024-08-30 14:22:07,22100.0,4200,Buy,236157592
2024-08-30 14:22:07,22100.0,300,Buy,236157609
2024-08-30 14:22:22,22100.0,500,Buy,236158139
2024-08-30 14:22:22,22100.0,100,Buy,236158138
2024-08-30 14:22:22,22100.0,100,Buy,236158137
2024-08-30 14:22:22,22100.0,1000,Buy,236158136
2024-08-30 14:22:22,22100.0,1400,Buy,236158132
2024-08-30 14:22:22,22100.0,21000,Buy,236158134
2024-08-30 14:22:22,22100.0,15100,Buy,236158130
2024-08-30 14:22:22,22100.0,200,Buy,236158135
2024-08-30 14:22:22,22100.0,5000,Buy,236158133
2024-08-30 14:22:22,22100.0,400,Buy,236158131
2024-08-30 14:22:25,22100.0,9400,Sell,236158227
2024-08-30 14:22:25,22100.0,5200,Sell,236158226
2024-08-30 14:22:26,22100.0,4600,Buy,236158245
2024-08-30 14:22:26,22100.0,800,Buy,236158238
2024-08-30 14:22:28,22100.0,2000,Sell,236158313
2024-08-30 14:22:37,22100.0,1400,Sell,236158653
2024-08-30 14:22:37,22100.0,300,Sell,236158654
2024-08-30 14:22:37,22100.0,800,Buy,236158655
2024-08-30 14:22:38,22100.0,4000,Sell,236158667
2024-08-30 14:22:38,22100.0,500,Sell,236158668
2024-08-30 14:22:48,22100.0,100,Sell,236158962
2024-08-30 14:22:53,22100.0,900,Sell,236159204
2024-08-30 14:22:53,22100.0,9100,Sell,236159205
2024-08-30 14:22:54,22100.0,100,Sell,236159256
2024-08-30 14:22:54,22100.0,300,Sell,236159255
2024-08-30 14:23:00,22100.0,100,Sell,236159528
2024-08-30 14:23:00,22100.0,8100,Sell,236159529
2024-08-30 14:23:01,22100.0,300,Buy,236159549
2024-08-30 14:23:20,22050.0,200,Sell,236160486
2024-08-30 14:23:36,22050.0,1800,Sell,236161114
2024-08-30 14:23:36,22050.0,500,Sell,236161115
2024-08-30 14:23:36,22050.0,2000,Sell,236161116
2024-08-30 14:23:36,22050.0,700,Sell,236161117
2024-08-30 14:23:47,22050.0,1000,Sell,236161594
2024-08-30 14:23:47,22050.0,100,Sell,236161604
2024-08-30 14:23:51,22050.0,100,Sell,236161765
2024-08-30 14:23:54,22050.0,100,Sell,236161917
2024-08-30 14:23:55,22050.0,100,Sell,236161955
2024-08-30 14:24:22,22050.0,10600,Sell,236163360
2024-08-30 14:24:22,22050.0,500,Sell,236163359
2024-08-30 14:24:22,22050.0,9400,Sell,236163358
2024-08-30 14:24:22,22050.0,27900,Sell,236163354
2024-08-30 14:24:22,22050.0,200,Sell,236163356
2024-08-30 14:24:22,22050.0,300,Sell,236163355
2024-08-30 14:24:22,22050.0,500,Sell,236163357
2024-08-30 14:24:23,22050.0,1000,Sell,236163386
2024-08-30 14:24:24,22050.0,100,Sell,236163517
2024-08-30 14:24:32,22050.0,100,Sell,236163995
2024-08-30 14:24:32,22050.0,1000,Sell,236163993
2024-08-30 14:24:32,22050.0,600,Sell,236163996
2024-08-30 14:24:32,22050.0,400,Sell,236163991
2024-08-30 14:24:32,22050.0,1900,Sell,236163990
2024-08-30 14:24:32,22050.0,1200,Sell,236163992
2024-08-30 14:24:32,22050.0,100,Sell,236163994
2024-08-30 14:24:35,22050.0,800,Sell,236164166
2024-08-30 14:24:35,22050.0,200,Sell,236164167
2024-08-30 14:24:35,22050.0,6000,Sell,236164168
2024-08-30 14:24:36,22050.0,1800,Buy,236164301
2024-08-30 14:24:37,22050.0,3200,Sell,236164321
2024-08-30 14:24:39,22050.0,1800,Buy,236164558
2024-08-30 14:24:44,22050.0,800,Buy,236164884
2024-08-30 14:24:44,22050.0,1000,Buy,236164907
2024-08-30 14:24:49,22050.0,300,Buy,236165232
2024-08-30 14:24:49,22050.0,6900,Buy,236165231
2024-08-30 14:25:03,22050.0,1000,Sell,236166286
2024-08-30 14:25:05,22050.0,500,Sell,236166380
2024-08-30 14:25:15,22050.0,1000,Sell,236167005
2024-08-30 14:25:32,22100.0,5000,Buy,236168179
2024-08-30 14:25:32,22100.0,100,Buy,236168180
2024-08-30 14:25:32,22100.0,100,Buy,236168181
2024-08-30 14:25:32,22100.0,500,Buy,236168182
2024-08-30 14:25:32,22100.0,8300,Buy,236168183
2024-08-30 14:25:32,22100.0,1000,Buy,236168178
2024-08-30 14:25:33,22050.0,2100,Sell,236168216
2024-08-30 14:25:33,22050.0,2700,Sell,236168217
2024-08-30 14:25:39,22050.0,500,Sell,236168562
2024-08-30 14:25:44,22050.0,100,Sell,236168792
2024-08-30 14:25:44,22100.0,10000,Buy,236168813
2024-08-30 14:25:48,22100.0,100,Buy,236169066
2024-08-30 14:25:55,22100.0,200,Buy,236169537
2024-08-30 14:25:55,22100.0,100,Buy,236169538
2024-08-30 14:25:55,22100.0,1000,Buy,236169539
2024-08-30 14:25:55,22100.0,100,Buy,236169540
2024-08-30 14:25:55,22100.0,1600,Buy,236169536
2024-08-30 14:26:00,22100.0,100,Buy,236169858
2024-08-30 14:26:04,22100.0,5000,Buy,236170068
2024-08-30 14:26:05,22100.0,400,Buy,236170145
2024-08-30 14:26:05,22100.0,8000,Buy,236170146
2024-08-30 14:26:05,22100.0,100,Buy,236170144
2024-08-30 14:26:05,22100.0,9600,Buy,236170147
2024-08-30 14:26:05,22100.0,9000,Buy,236170142
2024-08-30 14:26:05,22100.0,1000,Buy,236170141
2024-08-30 14:26:05,22100.0,1000,Buy,236170140
2024-08-30 14:26:05,22100.0,100,Buy,236170143
2024-08-30 14:26:05,22100.0,800,Buy,236170139
2024-08-30 14:26:06,22100.0,4500,Buy,236170212
2024-08-30 14:26:06,22100.0,500,Buy,236170213
2024-08-30 14:26:07,22100.0,3500,Buy,236170271
2024-08-30 14:26:07,22100.0,200,Buy,236170272
2024-08-30 14:26:07,22100.0,200,Buy,236170273
2024-08-30 14:26:07,22100.0,300,Buy,236170274
2024-08-30 14:26:07,22100.0,100,Buy,236170275
2024-08-30 14:26:07,22100.0,200,Buy,236170276
2024-08-30 14:26:07,22100.0,500,Buy,236170277
2024-08-30 14:26:08,22100.0,100,Sell,236170355
2024-08-30 14:26:10,22100.0,100,Sell,236170434
2024-08-30 14:26:11,22050.0,8000,Sell,236170466
2024-08-30 14:26:11,22050.0,2000,Sell,236170465
2024-08-30 14:26:11,22050.0,8600,Sell,236170464
2024-08-30 14:26:11,22050.0,2000,Sell,236170463
2024-08-30 14:26:11,22050.0,1000,Sell,236170462
2024-08-30 14:26:11,22050.0,1000,Sell,236170458
2024-08-30 14:26:11,22050.0,100,Sell,236170460
2024-08-30 14:26:11,22050.0,2000,Sell,236170459
2024-08-30 14:26:11,22050.0,1700,Sell,236170457
2024-08-30 14:26:11,22100.0,6600,Sell,236170456
2024-08-30 14:26:11,22050.0,6500,Sell,236170461
2024-08-30 14:26:11,22100.0,500,Sell,236170455
2024-08-30 14:26:13,22100.0,500,Buy,236170609
2024-08-30 14:26:20,22100.0,200,Sell,236171253
2024-08-30 14:26:23,22100.0,100,Sell,236171370
2024-08-30 14:26:26,22100.0,7000,Sell,236171516
2024-08-30 14:26:32,22100.0,200,Sell,236171820
2024-08-30 14:26:32,22100.0,2200,Sell,236171818
2024-08-30 14:26:32,22100.0,100,Sell,236171819
2024-08-30 14:26:34,22100.0,2500,Buy,236171963
2024-08-30 14:26:51,22100.0,800,Buy,236173078
2024-08-30 14:26:51,22100.0,2000,Buy,236173076
2024-08-30 14:26:51,22100.0,100,Buy,236173077
2024-08-30 14:26:53,22100.0,200,Buy,236173179
2024-08-30 14:26:53,22100.0,600,Buy,236173180
2024-08-30 14:26:53,22100.0,300,Buy,236173181
2024-08-30 14:26:53,22100.0,500,Buy,236173182
2024-08-30 14:26:54,22150.0,200,Buy,236173247
2024-08-30 14:26:54,22150.0,1000,Buy,236173246
2024-08-30 14:26:54,22150.0,800,Buy,236173248
2024-08-30 14:26:54,22150.0,100,Buy,236173244
2024-08-30 14:26:54,22150.0,5800,Buy,236173243
2024-08-30 14:26:54,22100.0,2000,Buy,236173242
2024-08-30 14:26:54,22150.0,100,Buy,236173245
2024-08-30 14:26:58,22100.0,300,Buy,236173588
2024-08-30 14:27:00,22100.0,2000,Buy,236173756
2024-08-30 14:27:02,22100.0,500,Buy,236173825
2024-08-30 14:27:05,22100.0,200,Buy,236173971
2024-08-30 14:27:08,22100.0,2800,Buy,236174112
2024-08-30 14:27:08,22100.0,300,Buy,236174113
2024-08-30 14:27:08,22100.0,100,Buy,236174114
2024-08-30 14:27:14,22100.0,300,Sell,236174496
2024-08-30 14:27:26,22100.0,1500,Sell,236175440
2024-08-30 14:27:26,22100.0,1000,Sell,236175475
2024-08-30 14:27:29,22100.0,200,Sell,236175653
2024-08-30 14:27:34,22100.0,200,Sell,236175906
2024-08-30 14:27:35,22100.0,6400,Sell,236175965
2024-08-30 14:27:35,22100.0,3600,Sell,236175964
2024-08-30 14:27:40,22100.0,4800,Sell,236176231
2024-08-30 14:27:40,22100.0,3600,Sell,236176230
2024-08-30 14:27:40,22100.0,500,Sell,236176229
2024-08-30 14:27:40,22100.0,300,Sell,236176218
2024-08-30 14:27:40,22100.0,2400,Sell,236176227
2024-08-30 14:27:40,22100.0,900,Sell,236176226
2024-08-30 14:27:40,22100.0,1000,Sell,236176228
2024-08-30 14:27:42,22100.0,300,Buy,236176336
2024-08-30 14:27:45,22050.0,1000,Sell,236176461
2024-08-30 14:27:46,22050.0,100,Sell,236176516
2024-08-30 14:27:46,22100.0,2500,Buy,236176518
2024-08-30 14:27:47,22100.0,300,Buy,236176620
2024-08-30 14:28:07,22100.0,3700,Buy,236177894
2024-08-30 14:28:07,22100.0,300,Buy,236177895
2024-08-30 14:28:10,22100.0,300,Buy,236178317
2024-08-30 14:28:10,22100.0,5500,Buy,236178316
2024-08-30 14:28:10,22100.0,100,Buy,236178315
2024-08-30 14:28:10,22100.0,2000,Buy,236178313
2024-08-30 14:28:10,22100.0,2000,Buy,236178312
2024-08-30 14:28:10,22100.0,100,Buy,236178311
2024-08-30 14:28:10,22100.0,1000,Buy,236178314
2024-08-30 14:28:10,22100.0,9000,Buy,236178310
2024-08-30 14:28:13,22100.0,500,Buy,236178422
2024-08-30 14:28:14,22100.0,800,Buy,236178464
2024-08-30 14:28:14,22100.0,500,Buy,236178457
2024-08-30 14:28:14,22100.0,200,Buy,236178458
2024-08-30 14:28:14,22100.0,300,Buy,236178459
2024-08-30 14:28:14,22100.0,300,Buy,236178460
2024-08-30 14:28:14,22100.0,200,Buy,236178461
2024-08-30 14:28:18,22100.0,300,Sell,236178795
2024-08-30 14:28:19,22100.0,8900,Sell,236178827
2024-08-30 14:28:19,22100.0,2700,Sell,236178828
2024-08-30 14:28:19,22100.0,2500,Sell,236178829
2024-08-30 14:28:19,22150.0,10900,Buy,236178826
2024-08-30 14:28:20,22100.0,900,Buy,236178876
2024-08-30 14:28:21,22100.0,1200,Sell,236178939
2024-08-30 14:28:22,22100.0,100,Sell,236179031
2024-08-30 14:28:28,22150.0,8300,Buy,236179347
2024-08-30 14:28:28,22150.0,900,Buy,236179348
2024-08-30 14:28:28,22150.0,800,Buy,236179354
2024-08-30 14:28:29,22100.0,900,Sell,236179478
2024-08-30 14:28:29,22100.0,1100,Sell,236179479
2024-08-30 14:28:37,22100.0,9300,Sell,236179916
2024-08-30 14:28:39,22100.0,1000,Sell,236180021
2024-08-30 14:28:40,22150.0,1500,Buy,236180097
2024-08-30 14:28:40,22150.0,2000,Buy,236180096
2024-08-30 14:28:40,22150.0,100,Buy,236180095
2024-08-30 14:28:40,22150.0,1000,Buy,236180088
2024-08-30 14:28:40,22150.0,2500,Buy,236180083
2024-08-30 14:28:40,22150.0,100,Buy,236180086
2024-08-30 14:28:40,22150.0,500,Buy,236180085
2024-08-30 14:28:40,22150.0,1000,Buy,236180084
2024-08-30 14:28:40,22150.0,200,Buy,236180082
2024-08-30 14:28:40,22150.0,200,Buy,236180087
2024-08-30 14:28:40,22150.0,5000,Buy,236180080
2024-08-30 14:28:40,22150.0,1700,Buy,236180073
2024-08-30 14:28:40,22150.0,1000,Buy,236180074
2024-08-30 14:28:40,22150.0,700,Buy,236180075
2024-08-30 14:28:40,22150.0,200,Buy,236180072
2024-08-30 14:28:40,22150.0,100,Buy,236180077
2024-08-30 14:28:40,22150.0,1000,Buy,236180078
2024-08-30 14:28:40,22150.0,1000,Buy,236180079
2024-08-30 14:28:40,22150.0,100,Buy,236180076
2024-08-30 14:28:40,22150.0,100,Buy,236180081
2024-08-30 14:28:45,22150.0,1500,Buy,236180419
2024-08-30 14:28:58,22100.0,3000,Sell,236181509
2024-08-30 14:29:08,22100.0,100,Sell,236182258
2024-08-30 14:29:09,22100.0,1700,Sell,236182299
2024-08-30 14:29:09,22100.0,100,Sell,236182347
2024-08-30 14:29:10,22100.0,600,Sell,236182364
2024-08-30 14:29:13,22100.0,500,Sell,236182721
2024-08-30 14:29:14,22100.0,1000,Sell,236182807
2024-08-30 14:29:15,22100.0,1000,Sell,236182873
2024-08-30 14:29:18,22150.0,1000,Buy,236183152
2024-08-30 14:29:22,22150.0,300,Buy,236183416
2024-08-30 14:29:29,22100.0,100,Sell,236183983
2024-08-30 14:29:31,22150.0,1200,Buy,236184034
2024-08-30 14:29:31,22150.0,1300,Buy,236184035
2024-08-30 14:29:44,22100.0,100,Sell,236184707
2024-08-30 14:29:46,22100.0,2000,Sell,236185002
2024-08-30 14:29:47,22100.0,2000,Sell,236185070
2024-08-30 14:29:52,22100.0,16400,Sell,236185320
2024-08-30 14:29:52,22100.0,2000,Sell,236185325
2024-08-30 14:29:52,22100.0,900,Sell,236185326
2024-08-30 14:29:52,22100.0,500,Sell,236185327
2024-08-30 14:29:52,22100.0,2000,Sell,236185328
2024-08-30 14:29:52,22100.0,700,Sell,236185329
2024-08-30 14:45:02,22100.0,157700,ATO/ATC,236186601
