time,price,volume,match_type,id
2024-08-13 12:59:40,20400.0,200,Sell,231236819
2024-08-13 12:59:40,20400.0,200,Sell,231236820
2024-08-13 12:59:41,20400.0,500,Sell,231237126
2024-08-13 12:59:41,20400.0,400,Sell,231237026
2024-08-13 12:59:41,20400.0,100,Sell,231237144
2024-08-13 12:59:42,20400.0,1000,Sell,231237172
2024-08-13 12:59:42,20400.0,200,Sell,231237255
2024-08-13 12:59:44,20400.0,600,Sell,231237525
2024-08-13 12:59:44,20400.0,100,Sell,231237493
2024-08-13 12:59:44,20400.0,100,Sell,231237513
2024-08-13 12:59:44,20400.0,1000,Sell,231237524
2024-08-13 12:59:48,20400.0,1000,Sell,231238354
2024-08-13 12:59:49,20400.0,400,Sell,231238550
2024-08-13 12:59:51,20400.0,200,Sell,231238800
2024-08-13 12:59:51,20400.0,200,Sell,231238801
2024-08-13 12:59:53,20400.0,100,Sell,231239081
2024-08-13 12:59:54,20400.0,100,Sell,231239318
2024-08-13 12:59:56,20450.0,200,Buy,231239564
2024-08-13 12:59:57,20400.0,1000,Sell,231239580
2024-08-13 12:59:57,20400.0,500,Sell,231239581
2024-08-13 12:59:57,20400.0,1000,Sell,231239582
2024-08-13 12:59:57,20400.0,100,Sell,231239583
2024-08-13 12:59:58,20400.0,500,Buy,231239791
2024-08-13 12:59:58,20350.0,1000,Sell,231239789
2024-08-13 12:59:58,20350.0,300,Sell,231239790
2024-08-13 12:59:59,20300.0,3000,Sell,231239823
2024-08-13 12:59:59,20300.0,600,Sell,231239815
2024-08-13 12:59:59,20350.0,1000,Sell,231239811
2024-08-13 12:59:59,20350.0,1000,Sell,231239814
2024-08-13 12:59:59,20350.0,100,Sell,231239813
2024-08-13 12:59:59,20350.0,200,Sell,231239812
2024-08-13 12:59:59,20350.0,500,Sell,231239810
2024-08-13 12:59:59,20350.0,500,Sell,231239803
2024-08-13 12:59:59,20350.0,200,Sell,231239808
2024-08-13 12:59:59,20350.0,300,Sell,231239807
2024-08-13 12:59:59,20350.0,100,Sell,231239806
2024-08-13 12:59:59,20350.0,100,Sell,231239805
2024-08-13 12:59:59,20350.0,900,Sell,231239804
2024-08-13 12:59:59,20300.0,100,Sell,231239849
2024-08-13 12:59:59,20350.0,700,Sell,231239801
2024-08-13 12:59:59,20350.0,200,Sell,231239809
2024-08-13 12:59:59,20350.0,300,Sell,231239802
2024-08-13 13:00:09,20300.0,6300,Sell,231240384
2024-08-13 13:00:10,20300.0,5000,Buy,231240393
2024-08-13 13:00:12,20300.0,500,Buy,231240505
2024-08-13 13:00:13,20250.0,100,Sell,231240528
2024-08-13 13:00:15,20300.0,15200,Buy,231240589
2024-08-13 13:00:15,20300.0,500,Buy,231240590
2024-08-13 13:00:15,20300.0,3300,Buy,231240591
2024-08-13 13:00:15,20300.0,100,Buy,231240592
2024-08-13 13:00:15,20300.0,100,Buy,231240593
2024-08-13 13:00:15,20300.0,100,Buy,231240594
2024-08-13 13:00:15,20300.0,700,Sell,231240598
2024-08-13 13:00:17,20100.0,200,Sell,231240614
2024-08-13 13:00:18,20100.0,800,Sell,231240637
2024-08-13 13:00:18,20000.0,100,Sell,231240638
2024-08-13 13:00:18,20000.0,4100,Sell,231240639
2024-08-13 13:00:19,20000.0,1500,Sell,231240664
2024-08-13 13:00:23,20100.0,200,Sell,231240977
2024-08-13 13:00:26,20000.0,200,Sell,231241055
2024-08-13 13:00:26,20100.0,7900,Sell,231241049
2024-08-13 13:00:26,20000.0,22100,Sell,231241050
2024-08-13 13:00:29,20150.0,200,Buy,231241139
2024-08-13 13:00:29,20300.0,1200,Buy,231241140
2024-08-13 13:00:29,20300.0,500,Buy,231241141
2024-08-13 13:00:29,20300.0,100,Buy,231241142
2024-08-13 13:00:29,20300.0,500,Buy,231241143
2024-08-13 13:00:29,20300.0,1000,Buy,231241144
2024-08-13 13:00:29,20000.0,100,Sell,231241117
2024-08-13 13:00:29,20300.0,1500,Buy,231241145
2024-08-13 13:00:30,20000.0,1000,Sell,231241184
2024-08-13 13:00:32,20100.0,5000,Buy,231241250
2024-08-13 13:00:34,20000.0,100,Sell,231241321
2024-08-13 13:00:39,20050.0,200,Sell,231241458
2024-08-13 13:00:39,20050.0,400,Sell,231241493
2024-08-13 13:00:39,20100.0,300,Buy,231241500
2024-08-13 13:00:41,20050.0,1000,Sell,231241516
2024-08-13 13:00:42,20100.0,100,Buy,231241580
2024-08-13 13:00:43,20050.0,100,Sell,231241611
2024-08-13 13:00:48,20050.0,1300,Sell,231241743
2024-08-13 13:00:48,20100.0,5000,Buy,231241755
2024-08-13 13:00:51,20100.0,400,Sell,231241927
2024-08-13 13:00:51,20050.0,3600,Sell,231241928
2024-08-13 13:00:56,20050.0,2400,Sell,231242077
2024-08-13 13:00:56,20050.0,100,Sell,231242078
2024-08-13 13:00:56,20050.0,4700,Sell,231242079
2024-08-13 13:00:59,20100.0,100,Buy,231242160
2024-08-13 13:00:59,20100.0,9900,Sell,231242163
2024-08-13 13:00:59,20050.0,5300,Sell,231242164
2024-08-13 13:00:59,20050.0,100,Sell,231242165
2024-08-13 13:00:59,20050.0,100,Sell,231242166
2024-08-13 13:01:00,20050.0,200,Buy,231242180
2024-08-13 13:01:00,20050.0,400,Buy,231242263
2024-08-13 13:01:01,20050.0,400,Sell,231242282
2024-08-13 13:01:01,20150.0,200,Buy,231242301
2024-08-13 13:01:03,20050.0,200,Sell,231242373
2024-08-13 13:01:05,20050.0,500,Sell,231242431
2024-08-13 13:01:06,20050.0,1000,Sell,231242463
2024-08-13 13:01:07,20050.0,200,Buy,231242499
2024-08-13 13:01:07,20050.0,9400,Sell,231242494
2024-08-13 13:01:08,20050.0,400,Buy,231242512
2024-08-13 13:01:10,20150.0,200,Buy,231242589
2024-08-13 13:01:11,20050.0,200,Sell,231242669
2024-08-13 13:01:13,20150.0,200,Buy,231242726
2024-08-13 13:01:15,20100.0,100,Sell,231242875
2024-08-13 13:01:17,20150.0,200,Buy,231242923
2024-08-13 13:01:17,20200.0,200,Buy,231242942
2024-08-13 13:01:19,20100.0,100,Sell,231242998
2024-08-13 13:01:20,20100.0,9800,Sell,231243047
2024-08-13 13:01:20,20100.0,200,Sell,231243048
2024-08-13 13:01:20,20200.0,200,Buy,231243049
2024-08-13 13:01:20,20200.0,900,Buy,231243050
2024-08-13 13:01:20,20200.0,200,Buy,231243051
2024-08-13 13:01:24,20150.0,200,Buy,231243177
2024-08-13 13:01:25,20200.0,2000,Buy,231243210
2024-08-13 13:01:25,20200.0,1000,Buy,231243209
2024-08-13 13:01:26,20150.0,300,Sell,231243252
2024-08-13 13:01:26,20100.0,800,Sell,231243253
2024-08-13 13:01:27,20250.0,100,Buy,231243259
2024-08-13 13:01:27,20250.0,200,Buy,231243260
2024-08-13 13:01:27,20250.0,17600,Buy,231243261
2024-08-13 13:01:27,20250.0,100,Sell,231243262
2024-08-13 13:01:28,20250.0,1000,Sell,231243374
2024-08-13 13:01:30,20250.0,200,Sell,231243452
2024-08-13 13:01:34,20250.0,100,Sell,231243626
2024-08-13 13:01:34,20300.0,500,Buy,231243627
2024-08-13 13:01:34,20300.0,100,Buy,231243628
2024-08-13 13:01:34,20300.0,100,Buy,231243629
2024-08-13 13:01:34,20300.0,300,Buy,231243630
2024-08-13 13:01:36,20250.0,200,Sell,231243673
2024-08-13 13:01:36,20250.0,2000,Sell,231243674
2024-08-13 13:01:36,20250.0,200,Sell,231243663
2024-08-13 13:01:36,20250.0,300,Sell,231243664
2024-08-13 13:01:39,20250.0,3000,Buy,231243815
2024-08-13 13:01:40,20200.0,300,Sell,231243829
2024-08-13 13:01:44,20250.0,100,Buy,231243919
2024-08-13 13:01:44,20250.0,100,Buy,231243920
2024-08-13 13:01:45,20250.0,1000,Sell,231243951
2024-08-13 13:01:48,20250.0,100,Sell,231244072
2024-08-13 13:01:52,20350.0,100,Buy,231244332
2024-08-13 13:01:52,20350.0,100,Buy,231244331
2024-08-13 13:01:52,20300.0,500,Buy,231244329
2024-08-13 13:01:52,20300.0,200,Buy,231244328
2024-08-13 13:01:52,20350.0,100,Buy,231244330
2024-08-13 13:02:04,20350.0,800,Buy,231244637
2024-08-13 13:02:04,20350.0,500,Buy,231244638
2024-08-13 13:02:04,20350.0,200,Buy,231244639
2024-08-13 13:02:04,20350.0,200,Buy,231244640
2024-08-13 13:02:04,20350.0,300,Buy,231244641
2024-08-13 13:02:05,20350.0,300,Buy,231244697
2024-08-13 13:02:05,20350.0,700,Buy,231244696
2024-08-13 13:02:06,20350.0,1100,Sell,231244726
2024-08-13 13:02:11,20350.0,1000,Sell,231244918
2024-08-13 13:02:11,20350.0,1000,Sell,231244917
2024-08-13 13:02:15,20400.0,6000,Buy,231245052
2024-08-13 13:02:15,20350.0,200,Sell,231245048
2024-08-13 13:02:20,20400.0,200,Buy,231245188
2024-08-13 13:02:20,20400.0,3000,Buy,231245187
2024-08-13 13:02:20,20400.0,100,Buy,231245186
2024-08-13 13:02:20,20400.0,100,Buy,231245185
2024-08-13 13:02:20,20400.0,200,Buy,231245184
2024-08-13 13:02:20,20400.0,700,Buy,231245183
2024-08-13 13:02:20,20400.0,1100,Buy,231245182
2024-08-13 13:02:20,20400.0,1000,Buy,231245181
2024-08-13 13:02:20,20400.0,100,Buy,231245179
2024-08-13 13:02:20,20400.0,600,Buy,231245178
2024-08-13 13:02:20,20400.0,100,Buy,231245177
2024-08-13 13:02:20,20400.0,200,Buy,231245176
2024-08-13 13:02:20,20400.0,1000,Buy,231245175
2024-08-13 13:02:20,20400.0,800,Buy,231245174
2024-08-13 13:02:20,20400.0,1000,Buy,231245173
2024-08-13 13:02:20,20400.0,900,Buy,231245172
2024-08-13 13:02:20,20400.0,200,Buy,231245180
2024-08-13 13:02:21,20450.0,500,Buy,231245219
2024-08-13 13:02:21,20450.0,200,Buy,231245220
2024-08-13 13:02:21,20450.0,1000,Buy,231245218
2024-08-13 13:02:21,20450.0,200,Buy,231245214
2024-08-13 13:02:21,20450.0,3000,Buy,231245216
2024-08-13 13:02:21,20450.0,200,Buy,231245215
2024-08-13 13:02:21,20450.0,200,Buy,231245213
2024-08-13 13:02:21,20450.0,100,Buy,231245217
2024-08-13 13:02:23,20450.0,100,Buy,231245255
2024-08-13 13:02:25,20450.0,100,Buy,231245307
2024-08-13 13:02:25,20450.0,400,Buy,231245308
2024-08-13 13:02:30,20500.0,200,Buy,231245487
2024-08-13 13:02:30,20500.0,200,Buy,231245488
2024-08-13 13:02:30,20500.0,600,Buy,231245489
2024-08-13 13:02:34,20500.0,800,Buy,231245594
2024-08-13 13:02:37,20500.0,100,Buy,231245677
2024-08-13 13:02:37,20500.0,3800,Buy,231245680
2024-08-13 13:02:37,20500.0,100,Buy,231245679
2024-08-13 13:02:37,20500.0,200,Buy,231245678
2024-08-13 13:02:37,20500.0,500,Buy,231245676
2024-08-13 13:02:37,20500.0,200,Buy,231245671
2024-08-13 13:02:37,20500.0,100,Buy,231245674
2024-08-13 13:02:37,20500.0,200,Buy,231245675
2024-08-13 13:02:37,20500.0,100,Buy,231245670
2024-08-13 13:02:37,20500.0,100,Buy,231245673
2024-08-13 13:02:37,20500.0,200,Buy,231245672
2024-08-13 13:02:46,20550.0,200,Buy,231245871
2024-08-13 13:02:46,20550.0,200,Buy,231245872
2024-08-13 13:02:46,20550.0,500,Buy,231245873
2024-08-13 13:02:51,20550.0,1000,Sell,231245997
2024-08-13 13:02:54,20550.0,100,Sell,231246080
2024-08-13 13:02:55,20550.0,1000,Sell,231246094
2024-08-13 13:02:55,20550.0,100,Sell,231246106
2024-08-13 13:02:56,20550.0,200,Sell,231246110
2024-08-13 13:02:59,20550.0,1200,Buy,231246199
2024-08-13 13:02:59,20500.0,900,Sell,231246196
2024-08-13 13:02:59,20550.0,1800,Buy,231246198
2024-08-13 13:03:02,20550.0,1000,Buy,231246266
2024-08-13 13:03:03,20550.0,800,Buy,231246342
2024-08-13 13:03:03,20550.0,200,Buy,231246343
2024-08-13 13:03:05,20550.0,1000,Buy,231246374
2024-08-13 13:03:07,20550.0,100,Buy,231246421
2024-08-13 13:03:07,20550.0,3700,Buy,231246426
2024-08-13 13:03:07,20550.0,200,Buy,231246427
2024-08-13 13:03:07,20550.0,100,Buy,231246428
2024-08-13 13:03:07,20550.0,100,Buy,231246429
2024-08-13 13:03:07,20550.0,500,Buy,231246430
2024-08-13 13:03:07,20550.0,3000,Buy,231246431
2024-08-13 13:03:10,20550.0,100,Sell,231246511
2024-08-13 13:03:11,20550.0,100,Sell,231246535
2024-08-13 13:03:14,20550.0,100,Sell,231246640
2024-08-13 13:03:16,20550.0,200,Sell,231246698
2024-08-13 13:03:16,20600.0,2500,Buy,231246689
2024-08-13 13:03:18,20550.0,100,Sell,231246732
2024-08-13 13:03:20,20600.0,3000,Buy,231246831
2024-08-13 13:03:20,20600.0,300,Buy,231246837
2024-08-13 13:03:20,20600.0,100,Buy,231246836
2024-08-13 13:03:20,20600.0,200,Buy,231246835
2024-08-13 13:03:20,20600.0,500,Buy,231246830
2024-08-13 13:03:20,20600.0,500,Buy,231246833
2024-08-13 13:03:20,20600.0,200,Buy,231246832
2024-08-13 13:03:20,20600.0,200,Buy,231246834
2024-08-13 13:03:23,20600.0,200,Buy,231246875
2024-08-13 13:03:23,20600.0,200,Buy,231246876
2024-08-13 13:03:23,20600.0,200,Buy,231246877
2024-08-13 13:03:23,20600.0,1000,Buy,231246878
2024-08-13 13:03:23,20600.0,200,Buy,231246879
2024-08-13 13:03:24,20600.0,600,Buy,231246927
2024-08-13 13:03:24,20600.0,1000,Buy,231246925
2024-08-13 13:03:24,20600.0,200,Sell,231246911
2024-08-13 13:03:27,20600.0,200,Buy,231246996
2024-08-13 13:03:27,20600.0,200,Sell,231247019
2024-08-13 13:03:28,20550.0,3600,Sell,231247047
2024-08-13 13:03:28,20550.0,500,Sell,231247046
2024-08-13 13:03:28,20550.0,100,Sell,231247045
2024-08-13 13:03:28,20550.0,400,Sell,231247044
2024-08-13 13:03:28,20550.0,1000,Sell,231247041
2024-08-13 13:03:28,20550.0,600,Sell,231247042
2024-08-13 13:03:28,20550.0,1800,Sell,231247040
2024-08-13 13:03:28,20550.0,2000,Sell,231247043
2024-08-13 13:03:28,20600.0,300,Sell,231247039
2024-08-13 13:03:29,20600.0,700,Buy,231247059
2024-08-13 13:03:30,20600.0,300,Sell,231247095
2024-08-13 13:03:30,20600.0,400,Sell,231247096
2024-08-13 13:03:30,20600.0,200,Sell,231247099
2024-08-13 13:03:37,20600.0,400,Sell,231247313
2024-08-13 13:03:37,20600.0,2000,Sell,231247314
2024-08-13 13:03:37,20600.0,100,Sell,231247315
2024-08-13 13:03:41,20600.0,100,Sell,231247432
2024-08-13 13:03:42,20600.0,200,Sell,231247448
2024-08-13 13:03:42,20600.0,300,Sell,231247447
2024-08-13 13:03:43,20600.0,200,Sell,231247527
2024-08-13 13:03:43,20600.0,300,Sell,231247524
2024-08-13 13:03:43,20600.0,1000,Sell,231247525
2024-08-13 13:03:43,20600.0,500,Sell,231247526
2024-08-13 13:03:45,20600.0,200,Sell,231247550
2024-08-13 13:03:48,20600.0,200,Sell,231247620
2024-08-13 13:03:49,20600.0,1000,Sell,231247625
2024-08-13 13:03:49,20600.0,100,Sell,231247645
2024-08-13 13:03:50,20600.0,1000,Sell,231247678
2024-08-13 13:03:50,20600.0,2300,Sell,231247679
2024-08-13 13:03:50,20600.0,500,Sell,231247680
2024-08-13 13:03:52,20550.0,2000,Sell,231247698
2024-08-13 13:03:54,20600.0,500,Buy,231247733
2024-08-13 13:03:55,20600.0,500,Buy,231247759
2024-08-13 13:03:56,20600.0,500,Buy,231247769
2024-08-13 13:04:01,20600.0,1000,Buy,231247886
2024-08-13 13:04:02,20600.0,100,Buy,231247929
2024-08-13 13:04:02,20600.0,200,Buy,231247928
2024-08-13 13:04:02,20600.0,1000,Buy,231247927
2024-08-13 13:04:02,20600.0,300,Buy,231247924
2024-08-13 13:04:02,20600.0,500,Buy,231247925
2024-08-13 13:04:02,20600.0,4700,Buy,231247922
2024-08-13 13:04:02,20600.0,500,Buy,231247926
2024-08-13 13:04:02,20600.0,600,Buy,231247923
2024-08-13 13:04:03,20600.0,100,Sell,231247934
2024-08-13 13:04:09,20600.0,300,Sell,231248129
2024-08-13 13:04:13,20650.0,5000,Buy,231248203
2024-08-13 13:04:13,20650.0,400,Buy,231248204
2024-08-13 13:04:13,20650.0,1000,Buy,231248205
2024-08-13 13:04:13,20650.0,200,Buy,231248206
2024-08-13 13:04:13,20650.0,100,Buy,231248207
2024-08-13 13:04:13,20650.0,1000,Buy,231248208
2024-08-13 13:04:13,20650.0,2300,Buy,231248209
2024-08-13 13:04:14,20650.0,6200,Buy,231248238
2024-08-13 13:04:15,20600.0,400,Sell,231248251
2024-08-13 13:04:18,20600.0,500,Sell,231248345
2024-08-13 13:04:18,20650.0,500,Buy,231248344
2024-08-13 13:04:19,20650.0,900,Buy,231248366
2024-08-13 13:04:22,20650.0,100,Buy,231248439
2024-08-13 13:04:22,20650.0,400,Buy,231248440
2024-08-13 13:04:23,20650.0,500,Buy,231248486
2024-08-13 13:04:23,20650.0,600,Buy,231248483
2024-08-13 13:04:23,20650.0,100,Buy,231248484
2024-08-13 13:04:23,20650.0,100,Buy,231248485
2024-08-13 13:04:26,20650.0,200,Sell,231248566
2024-08-13 13:04:29,20650.0,500,Sell,231248615
2024-08-13 13:04:35,20650.0,1500,Sell,231248752
2024-08-13 13:04:35,20650.0,500,Sell,231248753
2024-08-13 13:04:39,20650.0,3500,Sell,231248859
2024-08-13 13:04:39,20650.0,500,Sell,231248858
2024-08-13 13:04:41,20650.0,3300,Sell,231248919
2024-08-13 13:04:41,20650.0,100,Sell,231248920
2024-08-13 13:04:41,20650.0,3000,Sell,231248921
2024-08-13 13:04:41,20650.0,900,Buy,231248922
2024-08-13 13:04:41,20700.0,600,Buy,231248923
2024-08-13 13:04:43,20650.0,500,Sell,231248950
2024-08-13 13:04:45,20650.0,500,Sell,231249009
2024-08-13 13:04:45,20650.0,500,Sell,231249008
2024-08-13 13:04:48,20650.0,1500,Buy,231249105
2024-08-13 13:04:50,20650.0,500,Sell,231249133
2024-08-13 13:04:50,20650.0,1000,Sell,231249134
2024-08-13 13:04:53,20650.0,500,Buy,231249200
2024-08-13 13:04:53,20650.0,3000,Buy,231249238
2024-08-13 13:04:54,20650.0,200,Buy,231249257
2024-08-13 13:04:55,20650.0,1000,Buy,231249263
2024-08-13 13:04:57,20650.0,200,Buy,231249312
2024-08-13 13:04:58,20650.0,3000,Buy,231249334
2024-08-13 13:04:58,20650.0,600,Buy,231249327
2024-08-13 13:04:58,20650.0,2000,Buy,231249332
2024-08-13 13:04:58,20650.0,500,Buy,231249333
2024-08-13 13:05:00,20650.0,500,Sell,231249372
2024-08-13 13:05:01,20700.0,400,Buy,231249408
2024-08-13 13:05:03,20650.0,100,Sell,231249488
2024-08-13 13:05:03,20650.0,800,Sell,231249487
2024-08-13 13:05:03,20650.0,100,Sell,231249486
2024-08-13 13:05:03,20650.0,3000,Sell,231249484
2024-08-13 13:05:03,20650.0,3000,Sell,231249483
2024-08-13 13:05:03,20650.0,4000,Sell,231249482
2024-08-13 13:05:03,20650.0,1000,Sell,231249485
2024-08-13 13:05:04,20650.0,100,Buy,231249532
2024-08-13 13:05:04,20650.0,4000,Buy,231249541
2024-08-13 13:05:05,20650.0,3000,Buy,231249552
2024-08-13 13:05:07,20650.0,900,Buy,231249585
2024-08-13 13:05:07,20650.0,100,Buy,231249586
2024-08-13 13:05:07,20650.0,100,Buy,231249587
2024-08-13 13:05:09,20650.0,3900,Sell,231249641
2024-08-13 13:05:09,20650.0,1900,Sell,231249642
2024-08-13 13:05:09,20650.0,1500,Buy,231249647
2024-08-13 13:05:09,20650.0,2700,Buy,231249650
2024-08-13 13:05:12,20650.0,1000,Sell,231249675
2024-08-13 13:05:13,20700.0,100,Buy,231249697
2024-08-13 13:05:15,20650.0,400,Sell,231249725
2024-08-13 13:05:20,20650.0,1200,Sell,231249844
2024-08-13 13:05:20,20650.0,200,Sell,231249838
2024-08-13 13:05:27,20700.0,1000,Buy,231249951
2024-08-13 13:05:27,20650.0,4500,Sell,231249953
2024-08-13 13:05:27,20650.0,300,Sell,231249954
2024-08-13 13:05:27,20650.0,500,Sell,231249955
2024-08-13 13:05:27,20650.0,10000,Sell,231249956
2024-08-13 13:05:27,20650.0,400,Sell,231249957
2024-08-13 13:05:27,20650.0,1000,Sell,231249958
2024-08-13 13:05:27,20650.0,1400,Sell,231249959
2024-08-13 13:05:27,20650.0,1900,Sell,231249960
2024-08-13 13:05:27,20650.0,800,Sell,231249988
2024-08-13 13:05:28,20650.0,200,Buy,231249991
2024-08-13 13:05:28,20650.0,300,Buy,231250014
2024-08-13 13:05:30,20650.0,100,Buy,231250034
2024-08-13 13:05:30,20650.0,200,Buy,231250035
2024-08-13 13:05:34,20650.0,1300,Buy,231250103
2024-08-13 13:05:36,20700.0,100,Buy,231250139
2024-08-13 13:05:37,20650.0,1400,Sell,231250151
2024-08-13 13:05:43,20650.0,1500,Buy,231250277
2024-08-13 13:05:43,20650.0,200,Sell,231250273
2024-08-13 13:05:43,20650.0,7300,Sell,231250270
2024-08-13 13:05:43,20650.0,1000,Sell,231250271
2024-08-13 13:05:43,20650.0,100,Sell,231250272
2024-08-13 13:05:53,20650.0,100,Buy,231250487
2024-08-13 13:05:54,20600.0,800,Sell,231250492
2024-08-13 13:05:54,20600.0,300,Sell,231250493
2024-08-13 13:05:57,20600.0,300,Sell,231250594
2024-08-13 13:05:57,20600.0,300,Sell,231250595
2024-08-13 13:05:57,20600.0,200,Sell,231250596
2024-08-13 13:05:57,20600.0,3100,Sell,231250597
2024-08-13 13:05:57,20600.0,500,Sell,231250598
2024-08-13 13:05:57,20600.0,100,Sell,231250599
2024-08-13 13:05:57,20600.0,300,Sell,231250600
2024-08-13 13:05:57,20600.0,200,Sell,231250601
2024-08-13 13:06:09,20600.0,1900,Buy,231250867
2024-08-13 13:06:09,20600.0,200,Buy,231250866
2024-08-13 13:06:09,20600.0,1000,Buy,231250865
2024-08-13 13:06:09,20600.0,300,Buy,231250863
2024-08-13 13:06:09,20600.0,100,Buy,231250862
2024-08-13 13:06:09,20600.0,100,Buy,231250861
2024-08-13 13:06:09,20600.0,1400,Buy,231250864
2024-08-13 13:06:10,20550.0,200,Sell,231250905
2024-08-13 13:06:10,20600.0,100,Buy,231250907
2024-08-13 13:06:15,20600.0,800,Buy,231250997
2024-08-13 13:06:18,20600.0,100,Buy,231251051
2024-08-13 13:06:20,20600.0,900,Buy,231251073
2024-08-13 13:06:20,20600.0,300,Buy,231251091
2024-08-13 13:06:21,20600.0,200,Buy,231251101
2024-08-13 13:06:22,20600.0,1100,Buy,231251123
2024-08-13 13:06:22,20600.0,15900,Buy,231251125
2024-08-13 13:06:22,20600.0,5000,Buy,231251122
2024-08-13 13:06:22,20600.0,100,Buy,231251124
2024-08-13 13:06:22,20600.0,500,Buy,231251120
2024-08-13 13:06:22,20600.0,1000,Buy,231251121
2024-08-13 13:06:22,20600.0,700,Buy,231251119
2024-08-13 13:06:22,20600.0,5700,Buy,231251117
2024-08-13 13:06:30,20550.0,300,Sell,231251300
2024-08-13 13:06:31,20600.0,2000,Buy,231251328
2024-08-13 13:06:32,20600.0,2100,Buy,231251389
2024-08-13 13:06:32,20600.0,200,Buy,231251390
2024-08-13 13:06:32,20600.0,500,Buy,231251391
2024-08-13 13:06:32,20600.0,500,Buy,231251392
2024-08-13 13:06:32,20600.0,10000,Buy,231251393
2024-08-13 13:06:32,20600.0,100,Buy,231251394
2024-08-13 13:06:32,20600.0,3000,Buy,231251395
2024-08-13 13:06:32,20600.0,100,Buy,231251396
2024-08-13 13:06:32,20600.0,100,Buy,231251397
2024-08-13 13:06:32,20600.0,500,Buy,231251398
2024-08-13 13:06:32,20600.0,100,Buy,231251399
2024-08-13 13:06:32,20600.0,2800,Buy,231251400
2024-08-13 13:06:32,20600.0,700,Buy,231251409
2024-08-13 13:06:37,20600.0,500,Sell,231251560
2024-08-13 13:06:37,20600.0,700,Sell,231251573
2024-08-13 13:06:38,20600.0,100,Sell,231251580
2024-08-13 13:06:38,20600.0,100,Sell,231251618
2024-08-13 13:06:38,20600.0,100,Sell,231251581
2024-08-13 13:06:38,20600.0,100,Sell,231251617
2024-08-13 13:06:40,20600.0,8000,Buy,231251666
2024-08-13 13:06:40,20600.0,2000,Buy,231251667
2024-08-13 13:06:41,20600.0,800,Buy,231251676
2024-08-13 13:06:56,20600.0,2200,Buy,231252043
2024-08-13 13:06:56,20600.0,2700,Buy,231252054
2024-08-13 13:06:56,20600.0,100,Buy,231252045
2024-08-13 13:06:56,20600.0,500,Buy,231252046
2024-08-13 13:06:56,20600.0,1000,Buy,231252047
2024-08-13 13:06:56,20600.0,1100,Buy,231252048
2024-08-13 13:06:56,20600.0,1000,Buy,231252051
2024-08-13 13:06:56,20600.0,1000,Buy,231252052
2024-08-13 13:06:56,20600.0,300,Buy,231252053
2024-08-13 13:06:56,20600.0,100,Buy,231252044
2024-08-13 13:07:03,20600.0,1500,Buy,231252207
2024-08-13 13:07:04,20600.0,200,Buy,231252272
2024-08-13 13:07:04,20600.0,800,Buy,231252271
2024-08-13 13:07:05,20600.0,2200,Buy,231252306
2024-08-13 13:07:05,20600.0,400,Buy,231252307
2024-08-13 13:07:05,20600.0,3000,Buy,231252308
2024-08-13 13:07:05,20600.0,1100,Buy,231252309
2024-08-13 13:07:05,20600.0,800,Buy,231252305
2024-08-13 13:07:06,20600.0,18900,Buy,231252325
2024-08-13 13:07:06,20600.0,5000,Buy,231252326
2024-08-13 13:07:06,20600.0,1000,Buy,231252327
2024-08-13 13:07:06,20600.0,5000,Buy,231252328
2024-08-13 13:07:06,20600.0,100,Buy,231252329
2024-08-13 13:07:08,20550.0,500,Sell,231252385
2024-08-13 13:07:10,20600.0,1000,Sell,231252429
2024-08-13 13:07:13,20600.0,200,Buy,231252491
2024-08-13 13:07:14,20600.0,200,Buy,231252501
2024-08-13 13:07:17,20600.0,5000,Buy,231252560
2024-08-13 13:07:32,20600.0,500,Buy,231252941
2024-08-13 13:07:34,20600.0,19000,Buy,231252994
2024-08-13 13:07:35,20600.0,5000,Buy,231253031
2024-08-13 13:07:35,20600.0,500,Buy,231253030
2024-08-13 13:07:35,20600.0,100,Buy,231253029
2024-08-13 13:07:35,20600.0,1000,Buy,231253025
2024-08-13 13:07:35,20600.0,2000,Buy,231253027
2024-08-13 13:07:35,20600.0,2200,Buy,231253026
2024-08-13 13:07:35,20600.0,100,Buy,231253028
2024-08-13 13:07:35,20600.0,4100,Buy,231253024
2024-08-13 13:07:39,20600.0,1000,Buy,231253122
2024-08-13 13:07:40,20600.0,1000,Buy,231253134
2024-08-13 13:07:43,20600.0,500,Sell,231253189
2024-08-13 13:07:53,20600.0,2000,Sell,231253359
2024-08-13 13:08:04,20650.0,500,Buy,231253540
2024-08-13 13:08:04,20650.0,9300,Buy,231253553
2024-08-13 13:08:04,20650.0,1000,Buy,231253554
2024-08-13 13:08:04,20650.0,2200,Buy,231253555
2024-08-13 13:08:14,20650.0,4400,Buy,231253726
2024-08-13 13:08:14,20650.0,100,Buy,231253724
2024-08-13 13:08:14,20650.0,500,Buy,231253725
2024-08-13 13:08:15,20650.0,1000,Buy,231253744
2024-08-13 13:08:18,20650.0,100,Buy,231253804
2024-08-13 13:08:18,20650.0,300,Buy,231253805
2024-08-13 13:08:18,20650.0,4600,Buy,231253803
2024-08-13 13:08:21,20700.0,3500,Buy,231253919
2024-08-13 13:08:21,20650.0,1000,Buy,231253917
2024-08-13 13:08:21,20650.0,10000,Buy,231253916
2024-08-13 13:08:21,20650.0,1000,Buy,231253915
2024-08-13 13:08:21,20650.0,500,Buy,231253914
2024-08-13 13:08:21,20650.0,300,Buy,231253913
2024-08-13 13:08:21,20650.0,100,Buy,231253912
2024-08-13 13:08:21,20650.0,100,Buy,231253918
2024-08-13 13:08:21,20650.0,1000,Buy,231253910
2024-08-13 13:08:21,20650.0,300,Buy,231253909
2024-08-13 13:08:21,20650.0,300,Buy,231253908
2024-08-13 13:08:21,20650.0,5000,Buy,231253907
2024-08-13 13:08:21,20650.0,100,Buy,231253906
2024-08-13 13:08:21,20650.0,11000,Buy,231253905
2024-08-13 13:08:21,20650.0,5000,Buy,231253904
2024-08-13 13:08:21,20650.0,700,Buy,231253903
2024-08-13 13:08:21,20650.0,100,Buy,231253911
2024-08-13 13:08:23,20600.0,300,Sell,231253940
2024-08-13 13:08:39,20650.0,1000,Sell,231254270
2024-08-13 13:08:39,20650.0,100,Sell,231254272
2024-08-13 13:08:45,20650.0,100,Sell,231254379
2024-08-13 13:08:50,20650.0,1000,Sell,231254496
2024-08-13 13:08:55,20700.0,600,Buy,231254614
2024-08-13 13:08:55,20700.0,5300,Buy,231254613
2024-08-13 13:08:56,20700.0,6300,Buy,231254643
2024-08-13 13:08:56,20700.0,1000,Buy,231254642
2024-08-13 13:08:56,20700.0,200,Buy,231254641
2024-08-13 13:08:56,20700.0,100,Buy,231254640
2024-08-13 13:08:56,20700.0,100,Buy,231254639
2024-08-13 13:08:56,20700.0,200,Buy,231254638
2024-08-13 13:08:56,20700.0,100,Buy,231254637
2024-08-13 13:08:56,20700.0,2000,Buy,231254636
2024-08-13 13:08:56,20700.0,100,Buy,231254635
2024-08-13 13:08:56,20700.0,100,Buy,231254631
2024-08-13 13:08:56,20700.0,200,Buy,231254633
2024-08-13 13:08:56,20700.0,100,Buy,231254623
2024-08-13 13:08:56,20700.0,9300,Buy,231254625
2024-08-13 13:08:56,20700.0,500,Buy,231254626
2024-08-13 13:08:56,20700.0,600,Buy,231254627
2024-08-13 13:08:56,20700.0,200,Buy,231254634
2024-08-13 13:08:56,20700.0,200,Buy,231254629
2024-08-13 13:08:56,20700.0,100,Buy,231254630
2024-08-13 13:08:56,20700.0,500,Buy,231254632
2024-08-13 13:08:56,20700.0,6000,Buy,231254628
2024-08-13 13:08:59,20700.0,500,Buy,231254772
2024-08-13 13:09:00,20700.0,200,Buy,231254814
2024-08-13 13:09:00,20700.0,400,Buy,231254813
2024-08-13 13:09:00,20700.0,100,Buy,231254812
2024-08-13 13:09:00,20700.0,100,Buy,231254810
2024-08-13 13:09:00,20700.0,100,Buy,231254809
2024-08-13 13:09:00,20700.0,100,Buy,231254808
2024-08-13 13:09:00,20700.0,900,Buy,231254807
2024-08-13 13:09:00,20700.0,2000,Buy,231254806
2024-08-13 13:09:00,20700.0,400,Buy,231254805
2024-08-13 13:09:00,20700.0,1000,Buy,231254804
2024-08-13 13:09:00,20700.0,2500,Buy,231254801
2024-08-13 13:09:00,20700.0,100,Buy,231254802
2024-08-13 13:09:00,20700.0,100,Buy,231254800
2024-08-13 13:09:00,20700.0,100,Buy,231254799
2024-08-13 13:09:00,20700.0,100,Buy,231254797
2024-08-13 13:09:00,20700.0,300,Buy,231254796
2024-08-13 13:09:00,20700.0,500,Buy,231254795
2024-08-13 13:09:00,20700.0,500,Buy,231254794
2024-08-13 13:09:00,20700.0,100,Buy,231254793
2024-08-13 13:09:00,20700.0,3200,Buy,231254792
2024-08-13 13:09:00,20700.0,300,Buy,231254803
2024-08-13 13:09:00,20700.0,100,Buy,231254798
2024-08-13 13:09:03,20700.0,1000,Buy,231254878
2024-08-13 13:09:06,20700.0,100,Sell,231254936
2024-08-13 13:09:06,20700.0,1000,Sell,231254931
2024-08-13 13:09:11,20700.0,100,Sell,231255036
2024-08-13 13:09:13,20700.0,1000,Sell,231255076
2024-08-13 13:09:14,20700.0,100,Sell,231255085
2024-08-13 13:09:14,20750.0,1000,Buy,231255098
2024-08-13 13:09:15,20700.0,2700,Sell,231255121
2024-08-13 13:09:15,20700.0,2000,Sell,231255122
2024-08-13 13:09:15,20700.0,1800,Sell,231255123
2024-08-13 13:09:19,20700.0,3300,Buy,231255200
2024-08-13 13:09:21,20700.0,3000,Buy,231255232
2024-08-13 13:09:21,20700.0,1000,Sell,231255233
2024-08-13 13:09:21,20700.0,200,Buy,231255231
2024-08-13 13:09:23,20700.0,1500,Sell,231255289
2024-08-13 13:09:26,20700.0,1000,Sell,231255354
2024-08-13 13:09:29,20700.0,100,Sell,231255392
2024-08-13 13:09:30,20700.0,1000,Sell,231255408
2024-08-13 13:09:34,20700.0,700,Sell,231255475
2024-08-13 13:09:37,20700.0,100,Sell,231255523
2024-08-13 13:09:37,20700.0,1000,Sell,231255521
2024-08-13 13:09:38,20700.0,200,Sell,231255547
2024-08-13 13:09:39,20700.0,200,Sell,231255550
2024-08-13 13:09:39,20700.0,100,Sell,231255551
2024-08-13 13:09:39,20700.0,100,Sell,231255552
2024-08-13 13:09:39,20700.0,300,Sell,231255553
2024-08-13 13:09:39,20700.0,100,Sell,231255554
2024-08-13 13:09:39,20700.0,400,Sell,231255559
2024-08-13 13:09:42,20700.0,4100,Sell,231255609
2024-08-13 13:09:42,20700.0,500,Sell,231255607
2024-08-13 13:09:42,20700.0,4400,Sell,231255606
2024-08-13 13:09:42,20700.0,1000,Sell,231255608
2024-08-13 13:09:46,20750.0,7200,Buy,231255687
2024-08-13 13:09:46,20750.0,100,Buy,231255682
2024-08-13 13:09:46,20750.0,1000,Buy,231255684
2024-08-13 13:09:46,20750.0,400,Buy,231255683
2024-08-13 13:09:46,20750.0,100,Buy,231255681
2024-08-13 13:09:46,20750.0,500,Buy,231255686
2024-08-13 13:09:46,20750.0,200,Buy,231255679
2024-08-13 13:09:46,20750.0,500,Buy,231255680
2024-08-13 13:09:46,20750.0,9000,Buy,231255675
2024-08-13 13:09:46,20750.0,10000,Buy,231255676
2024-08-13 13:09:46,20750.0,300,Buy,231255685
2024-08-13 13:09:46,20750.0,200,Buy,231255677
2024-08-13 13:09:46,20750.0,500,Buy,231255678
2024-08-13 13:09:47,20700.0,100,Sell,231255708
2024-08-13 13:09:47,20700.0,500,Sell,231255703
2024-08-13 13:09:48,20700.0,300,Sell,231255719
2024-08-13 13:09:50,20700.0,300,Buy,231255761
2024-08-13 13:09:52,20700.0,200,Buy,231255793
2024-08-13 13:09:55,20750.0,600,Buy,231255871
2024-08-13 13:09:55,20750.0,100,Buy,231255869
2024-08-13 13:09:55,20750.0,8300,Buy,231255868
2024-08-13 13:09:55,20750.0,4500,Buy,231255853
2024-08-13 13:09:55,20750.0,1000,Buy,231255870
2024-08-13 13:09:55,20700.0,3800,Buy,231255851
2024-08-13 13:09:55,20700.0,5000,Buy,231255850
2024-08-13 13:09:55,20700.0,500,Buy,231255849
2024-08-13 13:09:55,20700.0,1800,Buy,231255848
2024-08-13 13:09:55,20700.0,200,Buy,231255847
2024-08-13 13:09:55,20700.0,200,Buy,231255852
2024-08-13 13:09:57,20700.0,100,Buy,231255895
2024-08-13 13:09:59,20700.0,300,Buy,231255935
2024-08-13 13:10:06,20700.0,100,Buy,231256148
2024-08-13 13:10:16,20700.0,100,Buy,231256336
2024-08-13 13:10:16,20700.0,500,Buy,231256337
2024-08-13 13:10:16,20700.0,100,Buy,231256338
2024-08-13 13:10:16,20700.0,200,Buy,231256339
2024-08-13 13:10:18,20750.0,100,Buy,231256413
2024-08-13 13:10:18,20750.0,100,Buy,231256412
2024-08-13 13:10:18,20750.0,400,Buy,231256409
2024-08-13 13:10:18,20750.0,100,Buy,231256410
2024-08-13 13:10:18,20750.0,100,Buy,231256411
2024-08-13 13:10:22,20700.0,300,Sell,231256478
2024-08-13 13:10:30,20700.0,8800,Sell,231256603
2024-08-13 13:10:30,20700.0,300,Sell,231256604
2024-08-13 13:10:30,20700.0,900,Sell,231256605
2024-08-13 13:10:39,20700.0,500,Sell,231256798
2024-08-13 13:10:39,20700.0,2000,Sell,231256799
2024-08-13 13:10:50,20700.0,10000,Sell,231256979
2024-08-13 13:10:53,20700.0,1000,Sell,231257018
2024-08-13 13:10:53,20750.0,100,Buy,231257019
2024-08-13 13:10:56,20750.0,700,Buy,231257092
2024-08-13 13:10:56,20750.0,300,Buy,231257091
2024-08-13 13:10:56,20750.0,500,Buy,231257087
2024-08-13 13:10:56,20750.0,1000,Buy,231257090
2024-08-13 13:10:56,20750.0,500,Buy,231257089
2024-08-13 13:10:56,20750.0,1000,Buy,231257088
2024-08-13 13:10:56,20750.0,1000,Buy,231257086
2024-08-13 13:10:56,20750.0,5500,Buy,231257080
2024-08-13 13:10:56,20750.0,5000,Buy,231257084
2024-08-13 13:10:56,20750.0,100,Buy,231257085
2024-08-13 13:10:56,20750.0,2300,Buy,231257078
2024-08-13 13:10:56,20750.0,100,Buy,231257079
2024-08-13 13:10:56,20750.0,1000,Buy,231257082
2024-08-13 13:10:56,20750.0,500,Buy,231257083
2024-08-13 13:10:56,20750.0,500,Buy,231257081
2024-08-13 13:10:59,20700.0,800,Sell,231257155
2024-08-13 13:10:59,20700.0,100,Sell,231257169
2024-08-13 13:11:00,20750.0,300,Buy,231257190
2024-08-13 13:11:00,20750.0,1000,Buy,231257191
2024-08-13 13:11:00,20750.0,800,Buy,231257192
2024-08-13 13:11:09,20750.0,200,Buy,231257436
2024-08-13 13:11:09,20750.0,500,Buy,231257437
2024-08-13 13:11:09,20750.0,9300,Buy,231257438
2024-08-13 13:11:14,20750.0,500,Buy,231257526
2024-08-13 13:11:15,20750.0,100,Buy,231257540
2024-08-13 13:11:16,20750.0,8800,Buy,231257566
2024-08-13 13:11:16,20750.0,1000,Buy,231257564
2024-08-13 13:11:16,20750.0,100,Buy,231257563
2024-08-13 13:11:16,20750.0,100,Buy,231257565
2024-08-13 13:11:25,20750.0,1200,Buy,231257698
2024-08-13 13:11:25,20750.0,100,Buy,231257699
2024-08-13 13:11:25,20750.0,600,Buy,231257700
2024-08-13 13:11:25,20750.0,100,Sell,231257711
2024-08-13 13:11:25,20750.0,500,Sell,231257712
2024-08-13 13:11:32,20750.0,9400,Buy,231257811
2024-08-13 13:11:32,20750.0,15600,Buy,231257812
2024-08-13 13:11:33,20750.0,400,Buy,231257819
2024-08-13 13:11:33,20750.0,500,Buy,231257820
2024-08-13 13:11:34,20750.0,100,Sell,231257840
2024-08-13 13:11:38,20750.0,200,Sell,231257907
2024-08-13 13:11:38,20800.0,800,Buy,231257910
2024-08-13 13:11:50,20750.0,300,Sell,231258100
2024-08-13 13:11:50,20750.0,700,Sell,231258101
2024-08-13 13:11:54,20750.0,1000,Sell,231258194
2024-08-13 13:11:55,20800.0,1000,Buy,231258210
2024-08-13 13:12:00,20750.0,200,Sell,231258319
2024-08-13 13:12:01,20750.0,1000,Sell,231258322
2024-08-13 13:12:04,20750.0,500,Sell,231258389
2024-08-13 13:12:04,20800.0,1000,Buy,231258395
2024-08-13 13:12:06,20800.0,500,Buy,231258420
2024-08-13 13:12:08,20800.0,100,Buy,231258453
2024-08-13 13:12:11,20800.0,400,Buy,231258528
2024-08-13 13:12:14,20800.0,1000,Buy,231258576
2024-08-13 13:12:28,20800.0,900,Buy,231258850
2024-08-13 13:12:31,20750.0,1600,Sell,231258919
2024-08-13 13:12:31,20750.0,200,Sell,231258920
2024-08-13 13:12:31,20750.0,2000,Sell,231258921
2024-08-13 13:12:31,20750.0,100,Sell,231258922
2024-08-13 13:12:31,20750.0,300,Sell,231258923
2024-08-13 13:12:31,20750.0,800,Sell,231258924
2024-08-13 13:12:33,20800.0,2000,Buy,231258989
2024-08-13 13:12:34,20750.0,1000,Sell,231259012
2024-08-13 13:12:41,20800.0,1000,Buy,231259164
2024-08-13 13:12:43,20800.0,500,Buy,231259187
2024-08-13 13:12:46,20800.0,300,Buy,231259253
2024-08-13 13:13:14,20800.0,400,Buy,231259741
2024-08-13 13:13:26,20800.0,100,Buy,231259925
2024-08-13 13:13:26,20800.0,200,Buy,231259926
2024-08-13 13:13:26,20800.0,200,Buy,231259927
2024-08-13 13:13:30,20750.0,3800,Sell,231260006
2024-08-13 13:13:30,20750.0,1100,Sell,231260005
2024-08-13 13:13:30,20750.0,500,Sell,231260004
2024-08-13 13:13:30,20750.0,1000,Sell,231260003
2024-08-13 13:13:30,20750.0,200,Sell,231259999
2024-08-13 13:13:30,20750.0,100,Sell,231260001
2024-08-13 13:13:30,20750.0,3000,Sell,231260000
2024-08-13 13:13:30,20750.0,200,Sell,231259998
2024-08-13 13:13:30,20750.0,100,Sell,231260002
2024-08-13 13:13:33,20750.0,800,Sell,231260040
2024-08-13 13:13:33,20750.0,6200,Sell,231260038
2024-08-13 13:13:33,20750.0,2000,Sell,231260039
2024-08-13 13:13:34,20750.0,3600,Sell,231260070
2024-08-13 13:13:34,20800.0,5000,Buy,231260093
2024-08-13 13:13:34,20750.0,200,Sell,231260094
2024-08-13 13:13:35,20750.0,100,Sell,231260097
2024-08-13 13:13:37,20800.0,100,Buy,231260129
2024-08-13 13:13:37,20750.0,300,Sell,231260141
2024-08-13 13:13:37,20750.0,700,Sell,231260142
2024-08-13 13:13:37,20750.0,100,Sell,231260170
2024-08-13 13:13:39,20750.0,200,Sell,231260185
2024-08-13 13:13:39,20750.0,800,Sell,231260186
2024-08-13 13:13:39,20750.0,100,Sell,231260187
2024-08-13 13:13:39,20750.0,100,Sell,231260189
2024-08-13 13:13:39,20750.0,2200,Sell,231260190
2024-08-13 13:13:40,20750.0,1000,Sell,231260202
2024-08-13 13:13:41,20750.0,500,Sell,231260220
2024-08-13 13:13:41,20750.0,200,Sell,231260221
2024-08-13 13:13:41,20750.0,500,Sell,231260218
2024-08-13 13:13:41,20750.0,300,Sell,231260219
2024-08-13 13:13:42,20750.0,1000,Sell,231260238
2024-08-13 13:13:48,20750.0,100,Buy,231260358
2024-08-13 13:13:48,20750.0,2000,Buy,231260359
2024-08-13 13:13:48,20750.0,4600,Buy,231260360
2024-08-13 13:13:48,20750.0,100,Buy,231260361
2024-08-13 13:13:48,20750.0,200,Buy,231260362
2024-08-13 13:13:53,20700.0,1000,Sell,231260441
2024-08-13 13:13:58,20750.0,100,Buy,231260633
2024-08-13 13:14:04,20750.0,300,Buy,231260762
2024-08-13 13:14:15,20700.0,300,Sell,231260984
2024-08-13 13:14:23,20700.0,1000,Sell,231261102
2024-08-13 13:14:24,20700.0,500,Sell,231261192
2024-08-13 13:14:24,20700.0,100,Sell,231261169
2024-08-13 13:14:24,20700.0,400,Sell,231261187
2024-08-13 13:14:24,20700.0,3500,Sell,231261170
2024-08-13 13:14:24,20700.0,2000,Sell,231261168
2024-08-13 13:14:24,20700.0,3000,Sell,231261163
2024-08-13 13:14:24,20700.0,5000,Sell,231261166
2024-08-13 13:14:24,20700.0,10000,Sell,231261167
2024-08-13 13:14:24,20700.0,2400,Sell,231261162
2024-08-13 13:14:24,20700.0,100,Sell,231261164
2024-08-13 13:14:24,20700.0,2000,Sell,231261165
2024-08-13 13:14:25,20700.0,10000,Sell,231261207
2024-08-13 13:14:25,20700.0,5000,Sell,231261208
2024-08-13 13:14:25,20700.0,3000,Sell,231261209
2024-08-13 13:14:25,20700.0,100,Sell,231261210
2024-08-13 13:14:25,20700.0,3000,Sell,231261211
2024-08-13 13:14:25,20700.0,500,Sell,231261212
2024-08-13 13:14:25,20700.0,900,Sell,231261213
2024-08-13 13:14:25,20700.0,5600,Sell,231261206
2024-08-13 13:14:26,20700.0,800,Sell,231261247
2024-08-13 13:14:26,20700.0,600,Sell,231261246
2024-08-13 13:14:26,20700.0,500,Sell,231261244
2024-08-13 13:14:26,20700.0,100,Sell,231261243
2024-08-13 13:14:26,20700.0,1000,Sell,231261245
2024-08-13 13:14:27,20700.0,100,Sell,231261271
2024-08-13 13:14:27,20700.0,2000,Sell,231261282
2024-08-13 13:14:29,20700.0,2000,Sell,231261325
2024-08-13 13:14:29,20700.0,100,Sell,231261324
2024-08-13 13:14:29,20700.0,100,Sell,231261323
2024-08-13 13:14:29,20700.0,1000,Sell,231261320
2024-08-13 13:14:29,20700.0,100,Sell,231261321
2024-08-13 13:14:29,20700.0,700,Sell,231261316
2024-08-13 13:14:29,20700.0,3000,Sell,231261322
2024-08-13 13:14:29,20700.0,6400,Sell,231261319
2024-08-13 13:14:34,20700.0,200,Buy,231261391
2024-08-13 13:14:36,20700.0,200,Buy,231261422
2024-08-13 13:14:36,20650.0,2000,Sell,231261423
2024-08-13 13:14:38,20700.0,800,Buy,231261444
2024-08-13 13:14:42,20700.0,100,Buy,231261498
2024-08-13 13:14:47,20700.0,100,Buy,231261661
2024-08-13 13:14:47,20650.0,100,Sell,231261668
2024-08-13 13:14:50,20650.0,500,Sell,231261713
2024-08-13 13:14:54,20650.0,100,Sell,231261776
2024-08-13 13:14:59,20650.0,2000,Sell,231261864
2024-08-13 13:15:00,20650.0,2000,Sell,231261880
2024-08-13 13:15:01,20650.0,400,Sell,231261893
2024-08-13 13:15:01,20650.0,2000,Sell,231261897
2024-08-13 13:15:01,20650.0,200,Sell,231261896
2024-08-13 13:15:01,20650.0,1100,Sell,231261892
2024-08-13 13:15:01,20650.0,1000,Sell,231261894
2024-08-13 13:15:01,20650.0,100,Sell,231261895
2024-08-13 13:15:03,20650.0,400,Buy,231261929
2024-08-13 13:15:13,20650.0,100,Buy,231262180
2024-08-13 13:15:38,20600.0,1000,Sell,231262770
2024-08-13 13:15:38,20600.0,900,Sell,231262772
2024-08-13 13:15:38,20600.0,400,Sell,231262780
2024-08-13 13:15:38,20600.0,400,Sell,231262771
2024-08-13 13:15:41,20650.0,100,Buy,231262840
2024-08-13 13:15:58,20650.0,200,Buy,231263174
2024-08-13 13:16:00,20600.0,1000,Sell,231263197
2024-08-13 13:16:03,20600.0,1000,Sell,231263257
2024-08-13 13:16:07,20600.0,100,Sell,231263364
2024-08-13 13:16:14,20600.0,7100,Sell,231263475
2024-08-13 13:16:21,20600.0,100,Sell,231263667
2024-08-13 13:16:22,20650.0,100,Buy,231263673
2024-08-13 13:16:25,20650.0,100,Buy,231263722
2024-08-13 13:16:25,20650.0,100,Buy,231263739
2024-08-13 13:16:25,20650.0,5000,Buy,231263740
2024-08-13 13:16:27,20600.0,100,Sell,231263777
2024-08-13 13:16:34,20650.0,400,Buy,231263917
2024-08-13 13:16:39,20650.0,200,Buy,231264018
2024-08-13 13:16:54,20600.0,5000,Sell,231264429
2024-08-13 13:17:07,20650.0,100,Buy,231264694
2024-08-13 13:17:10,20600.0,2000,Sell,231264780
2024-08-13 13:17:15,20600.0,500,Sell,231264873
2024-08-13 13:17:17,20600.0,2400,Sell,231264901
2024-08-13 13:17:18,20600.0,1000,Sell,231264917
2024-08-13 13:17:21,20600.0,1000,Sell,231264956
2024-08-13 13:17:21,20600.0,3000,Sell,231264955
2024-08-13 13:17:25,20600.0,1300,Sell,231265037
2024-08-13 13:17:26,20600.0,300,Sell,231265065
2024-08-13 13:17:26,20600.0,500,Sell,231265066
2024-08-13 13:17:26,20600.0,100,Sell,231265067
2024-08-13 13:17:26,20600.0,2100,Sell,231265064
2024-08-13 13:17:28,20600.0,400,Sell,231265085
2024-08-13 13:17:28,20600.0,500,Sell,231265086
2024-08-13 13:17:28,20600.0,300,Sell,231265087
2024-08-13 13:17:28,20600.0,300,Sell,231265088
2024-08-13 13:17:28,20600.0,1600,Sell,231265089
2024-08-13 13:17:29,20600.0,400,Sell,231265111
2024-08-13 13:17:29,20600.0,100,Sell,231265109
2024-08-13 13:17:29,20600.0,500,Sell,231265108
2024-08-13 13:17:29,20600.0,300,Sell,231265110
2024-08-13 13:17:29,20600.0,100,Sell,231265106
2024-08-13 13:17:29,20600.0,500,Sell,231265104
2024-08-13 13:17:29,20600.0,900,Sell,231265105
2024-08-13 13:17:29,20600.0,2000,Sell,231265107
2024-08-13 13:17:35,20600.0,500,Sell,231265216
2024-08-13 13:17:35,20600.0,100,Sell,231265214
2024-08-13 13:17:35,20600.0,100,Sell,231265215
2024-08-13 13:17:35,20600.0,500,Sell,231265212
2024-08-13 13:17:35,20600.0,400,Sell,231265211
2024-08-13 13:17:35,20600.0,300,Sell,231265210
2024-08-13 13:17:35,20600.0,100,Sell,231265213
2024-08-13 13:17:36,20600.0,400,Sell,231265242
2024-08-13 13:17:38,20600.0,100,Sell,231265291
2024-08-13 13:17:41,20550.0,2000,Sell,231265353
2024-08-13 13:17:41,20600.0,100,Sell,231265350
2024-08-13 13:17:41,20600.0,200,Sell,231265348
2024-08-13 13:17:41,20600.0,500,Sell,231265347
2024-08-13 13:17:41,20600.0,100,Sell,231265349
2024-08-13 13:17:41,20600.0,100,Sell,231265345
2024-08-13 13:17:41,20600.0,3000,Sell,231265344
2024-08-13 13:17:41,20600.0,500,Sell,231265343
2024-08-13 13:17:41,20600.0,100,Sell,231265342
2024-08-13 13:17:41,20600.0,100,Sell,231265341
2024-08-13 13:17:41,20600.0,1800,Sell,231265346
2024-08-13 13:17:52,20600.0,1200,Buy,231265649
2024-08-13 13:18:11,20550.0,1400,Sell,231265941
2024-08-13 13:18:11,20550.0,400,Sell,231265942
2024-08-13 13:18:16,20550.0,500,Sell,231266037
2024-08-13 13:18:18,20550.0,200,Sell,231266105
2024-08-13 13:18:19,20550.0,2500,Sell,231266122
2024-08-13 13:18:21,20550.0,300,Sell,231266184
2024-08-13 13:18:22,20550.0,5000,Sell,231266213
2024-08-13 13:18:24,20550.0,200,Sell,231266248
2024-08-13 13:18:26,20550.0,400,Sell,231266270
2024-08-13 13:18:27,20550.0,500,Sell,231266301
2024-08-13 13:18:30,20550.0,500,Buy,231266368
2024-08-13 13:18:30,20550.0,500,Sell,231266367
2024-08-13 13:18:30,20550.0,100,Sell,231266361
2024-08-13 13:18:30,20550.0,500,Sell,231266366
2024-08-13 13:18:30,20550.0,100,Sell,231266365
2024-08-13 13:18:30,20550.0,1000,Sell,231266364
2024-08-13 13:18:30,20550.0,200,Sell,231266363
2024-08-13 13:18:30,20550.0,200,Sell,231266362
2024-08-13 13:18:30,20550.0,300,Sell,231266360
2024-08-13 13:18:30,20550.0,100,Sell,231266346
2024-08-13 13:18:30,20550.0,100,Sell,231266352
2024-08-13 13:18:30,20550.0,100,Sell,231266351
2024-08-13 13:18:30,20550.0,100,Sell,231266350
2024-08-13 13:18:30,20550.0,100,Sell,231266349
2024-08-13 13:18:30,20550.0,500,Sell,231266348
2024-08-13 13:18:30,20550.0,500,Sell,231266347
2024-08-13 13:18:30,20550.0,200,Sell,231266345
2024-08-13 13:18:30,20550.0,200,Sell,231266344
2024-08-13 13:18:30,20550.0,300,Sell,231266353
2024-08-13 13:18:32,20550.0,200,Buy,231266384
2024-08-13 13:18:34,20550.0,100,Buy,231266432
2024-08-13 13:18:42,20500.0,200,Sell,231266642
2024-08-13 13:18:42,20500.0,400,Sell,231266641
2024-08-13 13:18:42,20500.0,400,Sell,231266643
2024-08-13 13:18:49,20500.0,800,Sell,231266850
2024-08-13 13:18:49,20500.0,200,Sell,231266849
2024-08-13 13:18:49,20500.0,2000,Sell,231266848
2024-08-13 13:18:49,20500.0,5000,Sell,231266847
2024-08-13 13:18:49,20500.0,100,Sell,231266846
2024-08-13 13:18:49,20500.0,100,Sell,231266805
2024-08-13 13:18:49,20500.0,100,Sell,231266844
2024-08-13 13:18:49,20500.0,1000,Sell,231266843
2024-08-13 13:18:49,20500.0,100,Sell,231266842
2024-08-13 13:18:49,20500.0,100,Sell,231266841
2024-08-13 13:18:49,20500.0,100,Sell,231266840
2024-08-13 13:18:49,20500.0,500,Sell,231266845
2024-08-13 13:18:50,20500.0,200,Sell,231266868
2024-08-13 13:18:53,20500.0,500,Sell,231266942
2024-08-13 13:18:53,20500.0,900,Sell,231266943
2024-08-13 13:18:53,20500.0,600,Sell,231266944
2024-08-13 13:18:53,20500.0,100,Sell,231266954
2024-08-13 13:18:54,20500.0,100,Sell,231266959
2024-08-13 13:18:54,20500.0,2200,Sell,231266961
2024-08-13 13:18:54,20500.0,200,Sell,231266962
2024-08-13 13:18:54,20500.0,100,Sell,231266963
2024-08-13 13:18:56,20500.0,200,Buy,231267008
2024-08-13 13:18:57,20450.0,500,Sell,231267017
2024-08-13 13:18:57,20450.0,1500,Sell,231267018
2024-08-13 13:18:59,20450.0,1000,Sell,231267060
2024-08-13 13:19:06,20450.0,100,Sell,231267181
2024-08-13 13:19:09,20450.0,1000,Sell,231267262
2024-08-13 13:19:12,20450.0,1400,Sell,231267306
2024-08-13 13:19:12,20450.0,200,Sell,231267307
2024-08-13 13:19:12,20450.0,100,Sell,231267308
2024-08-13 13:19:12,20450.0,300,Sell,231267309
2024-08-13 13:19:13,20450.0,400,Sell,231267344
2024-08-13 13:19:14,20450.0,6000,Sell,231267348
2024-08-13 13:19:15,20450.0,3300,Sell,231267363
2024-08-13 13:19:15,20450.0,1100,Sell,231267364
2024-08-13 13:19:15,20450.0,1000,Sell,231267377
2024-08-13 13:19:16,20450.0,100,Sell,231267409
2024-08-13 13:19:16,20450.0,900,Sell,231267407
2024-08-13 13:19:16,20450.0,200,Sell,231267408
2024-08-13 13:19:25,20450.0,300,Sell,231267574
2024-08-13 13:19:25,20450.0,300,Buy,231267572
2024-08-13 13:19:25,20450.0,500,Buy,231267571
2024-08-13 13:19:25,20450.0,800,Buy,231267566
2024-08-13 13:19:25,20450.0,3000,Buy,231267569
2024-08-13 13:19:25,20450.0,300,Buy,231267568
2024-08-13 13:19:25,20450.0,100,Buy,231267567
2024-08-13 13:19:25,20450.0,1100,Buy,231267570
2024-08-13 13:19:25,20450.0,200,Sell,231267584
2024-08-13 13:19:28,20450.0,200,Sell,231267614
2024-08-13 13:19:31,20500.0,200,Buy,231267709
2024-08-13 13:19:31,20500.0,1000,Buy,231267710
2024-08-13 13:19:31,20500.0,200,Buy,231267711
2024-08-13 13:19:31,20500.0,1000,Buy,231267712
2024-08-13 13:19:31,20500.0,5100,Buy,231267713
2024-08-13 13:19:32,20450.0,1000,Sell,231267738
2024-08-13 13:19:33,20450.0,900,Sell,231267837
2024-08-13 13:19:38,20500.0,1200,Buy,231267925
2024-08-13 13:19:38,20500.0,2000,Buy,231267926
2024-08-13 13:19:38,20500.0,8000,Buy,231267927
2024-08-13 13:19:38,20500.0,500,Buy,231267928
2024-08-13 13:19:38,20500.0,300,Buy,231267929
2024-08-13 13:19:38,20500.0,1100,Buy,231267930
2024-08-13 13:19:38,20500.0,6900,Buy,231267924
2024-08-13 13:19:39,20500.0,900,Buy,231267964
2024-08-13 13:19:39,20500.0,2000,Buy,231267965
2024-08-13 13:19:39,20500.0,1000,Buy,231267966
2024-08-13 13:19:44,20500.0,200,Sell,231268045
2024-08-13 13:19:46,20500.0,1000,Sell,231268066
2024-08-13 13:19:51,20500.0,100,Sell,231268197
2024-08-13 13:19:53,20500.0,200,Buy,231268234
2024-08-13 13:20:00,20500.0,200,Buy,231268360
2024-08-13 13:20:14,20500.0,100,Buy,231268578
2024-08-13 13:20:16,20500.0,1000,Buy,231268618
2024-08-13 13:20:17,20500.0,100,Sell,231268628
2024-08-13 13:20:20,20500.0,100,Sell,231268716
2024-08-13 13:20:25,20500.0,800,Sell,231268875
2024-08-13 13:20:26,20500.0,1000,Sell,231268878
2024-08-13 13:20:34,20500.0,200,Sell,231269058
2024-08-13 13:20:34,20500.0,300,Sell,231269059
2024-08-13 13:20:34,20500.0,2000,Sell,231269057
2024-08-13 13:20:48,20500.0,300,Sell,231269259
2024-08-13 13:20:57,20500.0,200,Sell,231269422
2024-08-13 13:21:05,20500.0,500,Sell,231269602
2024-08-13 13:21:11,20500.0,700,Sell,231269700
2024-08-13 13:21:11,20500.0,500,Sell,231269701
2024-08-13 13:21:11,20500.0,500,Sell,231269702
2024-08-13 13:21:11,20500.0,2200,Sell,231269703
2024-08-13 13:21:34,20500.0,200,Sell,231270250
2024-08-13 13:21:47,20550.0,100,Buy,231270672
2024-08-13 13:21:47,20550.0,1000,Buy,231270674
2024-08-13 13:21:47,20550.0,2000,Buy,231270670
2024-08-13 13:21:47,20550.0,1000,Buy,231270671
2024-08-13 13:21:47,20550.0,4600,Buy,231270673
2024-08-13 13:21:47,20550.0,1300,Buy,231270669
2024-08-13 13:21:48,20500.0,100,Sell,231270711
2024-08-13 13:21:55,20550.0,500,Buy,231270832
2024-08-13 13:22:21,20550.0,1200,Buy,231271363
2024-08-13 13:22:21,20550.0,100,Buy,231271364
2024-08-13 13:22:21,20550.0,1100,Buy,231271365
2024-08-13 13:22:22,20550.0,500,Buy,231271372
2024-08-13 13:22:24,20550.0,100,Buy,231271413
2024-08-13 13:22:27,20550.0,300,Buy,231271484
2024-08-13 13:22:27,20550.0,200,Buy,231271485
2024-08-13 13:22:34,20550.0,100,Buy,231271694
2024-08-13 13:22:36,20550.0,100,Buy,231271719
2024-08-13 13:22:36,20550.0,400,Buy,231271720
2024-08-13 13:22:37,20550.0,1800,Buy,231271751
2024-08-13 13:22:37,20550.0,1200,Buy,231271752
2024-08-13 13:22:45,20550.0,300,Buy,231271945
2024-08-13 13:22:54,20600.0,1600,Buy,231272148
2024-08-13 13:22:54,20600.0,900,Buy,231272146
2024-08-13 13:22:54,20600.0,300,Buy,231272147
2024-08-13 13:23:08,20600.0,200,Buy,231272498
2024-08-13 13:23:08,20600.0,400,Buy,231272499
2024-08-13 13:23:08,20600.0,100,Buy,231272500
2024-08-13 13:23:08,20600.0,300,Buy,231272501
2024-08-13 13:23:08,20600.0,10000,Buy,231272502
2024-08-13 13:23:08,20600.0,600,Buy,231272503
2024-08-13 13:23:08,20550.0,10000,Sell,231272509
2024-08-13 13:23:08,20600.0,28400,Buy,231272497
2024-08-13 13:23:12,20600.0,1000,Buy,231272655
2024-08-13 13:23:12,20600.0,100,Buy,231272654
2024-08-13 13:23:12,20600.0,1000,Buy,231272653
2024-08-13 13:23:12,20600.0,100,Buy,231272651
2024-08-13 13:23:12,20600.0,1000,Buy,231272650
2024-08-13 13:23:12,20600.0,300,Buy,231272649
2024-08-13 13:23:12,20600.0,500,Buy,231272652
2024-08-13 13:23:48,20600.0,1000,Sell,231273452
2024-08-13 13:23:51,20650.0,1000,Buy,231273505
2024-08-13 13:23:51,20650.0,1700,Buy,231273511
2024-08-13 13:23:51,20650.0,1900,Buy,231273510
2024-08-13 13:23:51,20650.0,100,Buy,231273509
2024-08-13 13:23:51,20650.0,3000,Buy,231273508
2024-08-13 13:23:51,20650.0,200,Buy,231273507
2024-08-13 13:23:51,20650.0,5000,Buy,231273506
2024-08-13 13:23:51,20650.0,5000,Buy,231273504
2024-08-13 13:23:51,20650.0,500,Buy,231273496
2024-08-13 13:23:51,20650.0,100,Buy,231273502
2024-08-13 13:23:51,20650.0,500,Buy,231273501
2024-08-13 13:23:51,20650.0,500,Buy,231273500
2024-08-13 13:23:51,20650.0,100,Buy,231273499
2024-08-13 13:23:51,20650.0,100,Buy,231273498
2024-08-13 13:23:51,20650.0,100,Buy,231273497
2024-08-13 13:23:51,20650.0,100,Buy,231273503
2024-08-13 13:23:51,20650.0,100,Buy,231273495
2024-08-13 13:24:02,20600.0,200,Sell,231273715
2024-08-13 13:24:17,20700.0,400,Buy,231273981
2024-08-13 13:24:17,20650.0,5000,Buy,231273980
2024-08-13 13:24:18,20700.0,1000,Buy,231274022
2024-08-13 13:24:49,20700.0,900,Buy,231274814
2024-08-13 13:24:51,20700.0,400,Buy,231274865
2024-08-13 13:24:51,20600.0,200,Sell,231274871
2024-08-13 13:25:01,20600.0,300,Sell,231275111
2024-08-13 13:25:01,20600.0,700,Sell,231275112
2024-08-13 13:25:04,20700.0,100,Buy,231275140
2024-08-13 13:25:05,20600.0,200,Sell,231275250
2024-08-13 13:25:05,20600.0,200,Sell,231275251
2024-08-13 13:25:17,20600.0,300,Sell,231275629
2024-08-13 13:25:23,20600.0,200,Sell,231275788
2024-08-13 13:25:33,20600.0,1000,Sell,231276012
2024-08-13 13:25:33,20600.0,500,Sell,231276013
2024-08-13 13:25:33,20600.0,100,Sell,231276014
2024-08-13 13:25:34,20600.0,300,Buy,231276035
2024-08-13 13:25:35,20600.0,2200,Buy,231276043
2024-08-13 13:25:46,20600.0,900,Buy,231276288
2024-08-13 13:25:48,20600.0,4000,Buy,231276312
2024-08-13 13:26:05,20600.0,500,Buy,231276821
2024-08-13 13:26:08,20600.0,500,Buy,231276893
2024-08-13 13:26:08,20600.0,3600,Buy,231276895
2024-08-13 13:26:08,20600.0,500,Buy,231276892
2024-08-13 13:26:08,20600.0,9500,Buy,231276894
2024-08-13 13:26:27,20600.0,1500,Sell,231277408
2024-08-13 13:26:37,20650.0,1000,Buy,231277677
2024-08-13 13:26:37,20650.0,300,Buy,231277678
2024-08-13 13:26:37,20650.0,600,Buy,231277679
2024-08-13 13:26:44,20650.0,1400,Buy,231277868
2024-08-13 13:26:44,20650.0,100,Buy,231277870
2024-08-13 13:26:44,20650.0,900,Buy,231277869
2024-08-13 13:26:52,20650.0,1000,Sell,231278170
2024-08-13 13:27:10,20650.0,100,Sell,231278615
2024-08-13 13:27:18,20650.0,1000,Sell,231278855
2024-08-13 13:27:21,20650.0,500,Sell,231278934
2024-08-13 13:27:23,20650.0,300,Buy,231278991
2024-08-13 13:27:35,20650.0,1000,Buy,231279479
2024-08-13 13:28:03,20650.0,200,Buy,231280406
2024-08-13 13:28:09,20650.0,400,Buy,231280552
2024-08-13 13:28:21,20650.0,500,Buy,231280777
2024-08-13 13:28:22,20600.0,500,Sell,231280789
2024-08-13 13:28:26,20650.0,500,Buy,231280853
2024-08-13 13:28:43,20600.0,2000,Sell,231281336
2024-08-13 13:28:43,20650.0,100,Buy,231281338
2024-08-13 13:28:51,20650.0,100,Buy,231281652
2024-08-13 13:28:54,20600.0,1000,Sell,231281806
2024-08-13 13:29:17,20600.0,100,Sell,231282300
2024-08-13 13:29:17,20600.0,300,Sell,231282299
2024-08-13 13:29:17,20600.0,1000,Sell,231282296
2024-08-13 13:29:17,20600.0,10900,Sell,231282295
2024-08-13 13:29:17,20600.0,100,Sell,231282297
2024-08-13 13:29:17,20600.0,100,Sell,231282298
2024-08-13 13:29:25,20600.0,200,Buy,231282557
2024-08-13 13:30:10,20600.0,500,Buy,231283854
2024-08-13 13:30:12,20600.0,500,Buy,231283899
2024-08-13 13:30:16,20600.0,100,Buy,231283988
2024-08-13 13:30:17,20600.0,1000,Buy,231284050
2024-08-13 13:30:23,20600.0,500,Buy,231284203
2024-08-13 13:30:27,20600.0,45000,Buy,231284294
2024-08-13 13:30:28,20600.0,700,Buy,231284326
2024-08-13 13:30:28,20600.0,200,Buy,231284325
2024-08-13 13:30:35,20600.0,100,Sell,231284531
2024-08-13 13:30:43,20650.0,100,Buy,231284696
2024-08-13 13:30:43,20650.0,400,Buy,231284697
2024-08-13 13:30:43,20650.0,100,Buy,231284698
2024-08-13 13:30:43,20650.0,2400,Buy,231284699
2024-08-13 13:31:01,20650.0,100,Buy,231285258
2024-08-13 13:31:01,20650.0,200,Buy,231285257
2024-08-13 13:31:01,20650.0,600,Buy,231285255
2024-08-13 13:31:01,20650.0,500,Buy,231285256
2024-08-13 13:31:20,20650.0,900,Buy,231285808
2024-08-13 13:31:20,20650.0,100,Buy,231285809
2024-08-13 13:31:23,20650.0,900,Buy,231285879
2024-08-13 13:31:23,20650.0,1100,Buy,231285880
2024-08-13 13:31:27,20650.0,300,Buy,231285945
2024-08-13 13:31:33,20650.0,500,Buy,231286128
2024-08-13 13:31:33,20650.0,600,Buy,231286126
2024-08-13 13:31:33,20650.0,100,Buy,231286127
2024-08-13 13:31:48,20650.0,3600,Sell,231286530
2024-08-13 13:31:48,20650.0,500,Sell,231286531
2024-08-13 13:31:51,20650.0,900,Buy,231286577
2024-08-13 13:32:03,20650.0,500,Sell,231286812
2024-08-13 13:32:15,20700.0,100,Buy,231287035
2024-08-13 13:32:25,20700.0,100,Buy,231287237
2024-08-13 13:32:27,20650.0,100,Sell,231287300
2024-08-13 13:32:38,20650.0,500,Sell,231287527
2024-08-13 13:32:41,20650.0,2000,Sell,231287564
2024-08-13 13:32:42,20650.0,100,Buy,231287599
2024-08-13 13:32:45,20650.0,1000,Buy,231287635
2024-08-13 13:32:45,20650.0,4200,Buy,231287636
2024-08-13 13:32:45,20650.0,800,Buy,231287634
2024-08-13 13:33:28,20600.0,100,Sell,231288513
2024-08-13 13:33:38,20600.0,100,Sell,231288788
2024-08-13 13:33:41,20600.0,300,Sell,231288836
2024-08-13 13:33:48,20650.0,800,Buy,231288939
2024-08-13 13:33:48,20650.0,300,Buy,231288940
2024-08-13 13:33:54,20600.0,100,Sell,231289043
2024-08-13 13:34:03,20650.0,1000,Buy,231289218
2024-08-13 13:34:45,20600.0,1000,Sell,231290010
2024-08-13 13:34:45,20600.0,1000,Sell,231290011
2024-08-13 13:34:45,20600.0,100,Sell,231290012
2024-08-13 13:34:45,20600.0,900,Sell,231290009
2024-08-13 13:34:46,20650.0,300,Buy,231290035
2024-08-13 13:34:54,20650.0,1000,Buy,231290261
2024-08-13 13:34:55,20600.0,100,Sell,231290276
2024-08-13 13:35:17,20600.0,400,Sell,231290921
2024-08-13 13:35:19,20650.0,100,Buy,231290964
2024-08-13 13:35:44,20650.0,1400,Buy,231292130
2024-08-13 13:35:44,20600.0,200,Sell,231292127
2024-08-13 13:35:47,20600.0,100,Sell,231292216
2024-08-13 13:35:53,20600.0,1000,Sell,231292329
2024-08-13 13:35:53,20600.0,500,Sell,231292331
2024-08-13 13:36:14,20650.0,300,Buy,231292824
2024-08-13 13:36:14,20650.0,900,Buy,231292823
2024-08-13 13:36:14,20650.0,1000,Buy,231292821
2024-08-13 13:36:14,20650.0,1000,Buy,231292822
2024-08-13 13:36:14,20650.0,300,Buy,231292820
2024-08-13 13:36:14,20650.0,10000,Buy,231292816
2024-08-13 13:36:14,20650.0,3000,Buy,231292818
2024-08-13 13:36:14,20650.0,1500,Buy,231292817
2024-08-13 13:36:14,20650.0,1000,Buy,231292815
2024-08-13 13:36:14,20650.0,900,Buy,231292814
2024-08-13 13:36:14,20650.0,100,Buy,231292819
2024-08-13 13:36:17,20600.0,2600,Sell,231292877
2024-08-13 13:36:17,20600.0,200,Sell,231292878
2024-08-13 13:36:17,20600.0,200,Sell,231292879
2024-08-13 13:36:17,20600.0,100,Sell,231292880
2024-08-13 13:36:17,20600.0,100,Sell,231292881
2024-08-13 13:36:17,20600.0,2100,Sell,231292882
2024-08-13 13:36:17,20600.0,700,Sell,231292883
2024-08-13 13:36:22,20600.0,300,Sell,231292966
2024-08-13 13:36:24,20600.0,100,Sell,231293034
2024-08-13 13:36:24,20600.0,100,Sell,231293033
2024-08-13 13:36:24,20600.0,200,Sell,231293032
2024-08-13 13:36:24,20600.0,100,Sell,231293030
2024-08-13 13:36:24,20600.0,200,Sell,231293029
2024-08-13 13:36:24,20600.0,100,Sell,231293031
2024-08-13 13:36:45,20550.0,9700,Sell,231293439
2024-08-13 13:36:45,20550.0,200,Sell,231293440
2024-08-13 13:36:45,20550.0,300,Sell,231293441
2024-08-13 13:36:45,20550.0,700,Sell,231293442
2024-08-13 13:36:45,20550.0,100,Sell,231293443
2024-08-13 13:36:50,20600.0,200,Buy,231293548
2024-08-13 13:36:50,20600.0,100,Buy,231293554
2024-08-13 13:37:24,20600.0,100,Buy,231294366
2024-08-13 13:37:24,20600.0,100,Buy,231294367
2024-08-13 13:37:31,20550.0,100,Sell,231294503
2024-08-13 13:37:32,20600.0,200,Buy,231294518
2024-08-13 13:37:46,20600.0,200,Buy,231294870
2024-08-13 13:37:46,20600.0,1000,Buy,231294871
2024-08-13 13:37:46,20600.0,3800,Buy,231294872
2024-08-13 13:38:00,20600.0,1000,Buy,231295178
2024-08-13 13:38:08,20600.0,100,Buy,231295387
2024-08-13 13:38:11,20600.0,100,Buy,231295461
2024-08-13 13:38:25,20550.0,100,Sell,231295697
2024-08-13 13:38:33,20600.0,500,Buy,231295886
2024-08-13 13:38:46,20550.0,100,Sell,231296109
2024-08-13 13:38:46,20550.0,900,Sell,231296110
2024-08-13 13:39:01,20600.0,200,Buy,231296374
2024-08-13 13:39:01,20550.0,100,Sell,231296375
2024-08-13 13:39:01,20550.0,100,Sell,231296376
2024-08-13 13:39:19,20550.0,100,Sell,231296643
2024-08-13 13:39:19,20550.0,500,Sell,231296644
2024-08-13 13:39:19,20550.0,1600,Sell,231296645
2024-08-13 13:39:19,20550.0,7000,Sell,231296646
2024-08-13 13:39:24,20600.0,1000,Buy,231296749
2024-08-13 13:39:24,20600.0,2000,Buy,231296748
2024-08-13 13:39:24,20600.0,700,Buy,231296747
2024-08-13 13:39:24,20600.0,6300,Buy,231296746
2024-08-13 13:39:24,20600.0,2400,Buy,231296750
2024-08-13 13:39:24,20600.0,100,Buy,231296744
2024-08-13 13:39:24,20600.0,2100,Buy,231296743
2024-08-13 13:39:24,20600.0,1000,Buy,231296742
2024-08-13 13:39:24,20600.0,4300,Buy,231296741
2024-08-13 13:39:24,20600.0,100,Buy,231296745
2024-08-13 13:39:32,20600.0,200,Buy,231296904
2024-08-13 13:39:34,20600.0,2400,Buy,231296940
2024-08-13 13:39:34,20600.0,500,Buy,231296941
2024-08-13 13:39:34,20600.0,500,Buy,231296942
2024-08-13 13:39:42,20600.0,400,Sell,231297105
2024-08-13 13:39:42,20600.0,100,Sell,231297104
2024-08-13 13:40:05,20600.0,100,Sell,231297602
2024-08-13 13:40:05,20600.0,200,Sell,231297603
2024-08-13 13:40:26,20600.0,7000,Sell,231297965
2024-08-13 13:40:27,20600.0,500,Sell,231298013
2024-08-13 13:40:40,20600.0,100,Sell,231298279
2024-08-13 13:41:19,20600.0,1000,Sell,231299026
2024-08-13 13:41:20,20600.0,2500,Sell,231299042
2024-08-13 13:41:21,20600.0,500,Sell,231299058
2024-08-13 13:41:49,20650.0,7600,Buy,231299830
2024-08-13 13:41:49,20650.0,100,Buy,231299828
2024-08-13 13:41:49,20650.0,1000,Buy,231299829
2024-08-13 13:41:49,20650.0,200,Buy,231299827
2024-08-13 13:41:50,20700.0,2900,Buy,231299860
2024-08-13 13:41:50,20700.0,200,Buy,231299865
2024-08-13 13:41:50,20700.0,300,Buy,231299864
2024-08-13 13:41:50,20700.0,100,Buy,231299863
2024-08-13 13:41:50,20700.0,5000,Buy,231299862
2024-08-13 13:41:50,20700.0,200,Buy,231299861
2024-08-13 13:41:50,20650.0,1000,Buy,231299859
2024-08-13 13:41:50,20650.0,2000,Buy,231299858
2024-08-13 13:41:50,20650.0,100,Buy,231299856
2024-08-13 13:41:50,20650.0,100,Buy,231299857
2024-08-13 13:41:50,20650.0,1000,Buy,231299854
2024-08-13 13:41:50,20650.0,2000,Buy,231299853
2024-08-13 13:41:50,20650.0,1000,Buy,231299852
2024-08-13 13:41:50,20650.0,500,Buy,231299851
2024-08-13 13:41:50,20650.0,100,Buy,231299850
2024-08-13 13:41:50,20650.0,100,Buy,231299849
2024-08-13 13:41:50,20650.0,1000,Buy,231299848
2024-08-13 13:41:50,20650.0,300,Buy,231299847
2024-08-13 13:41:50,20650.0,16100,Buy,231299846
2024-08-13 13:41:50,20650.0,1000,Buy,231299855
2024-08-13 13:41:55,20700.0,5000,Buy,231300002
2024-08-13 13:41:55,20700.0,100,Buy,231300003
2024-08-13 13:41:55,20700.0,100,Buy,231300006
2024-08-13 13:41:55,20700.0,5000,Buy,231300001
2024-08-13 13:41:55,20700.0,100,Buy,231300008
2024-08-13 13:41:55,20700.0,100,Buy,231300009
2024-08-13 13:41:55,20700.0,200,Buy,231300010
2024-08-13 13:41:55,20700.0,100,Buy,231300007
2024-08-13 13:41:55,20700.0,100,Buy,231300000
2024-08-13 13:41:55,20700.0,2900,Buy,231300005
2024-08-13 13:41:55,20700.0,200,Buy,231299993
2024-08-13 13:41:55,20700.0,1000,Buy,231299994
2024-08-13 13:41:55,20700.0,800,Buy,231299984
2024-08-13 13:41:55,20700.0,10000,Buy,231299985
2024-08-13 13:41:55,20700.0,200,Buy,231299986
2024-08-13 13:41:55,20700.0,1000,Buy,231299987
2024-08-13 13:41:55,20700.0,2000,Buy,231300004
2024-08-13 13:41:55,20700.0,100,Buy,231299989
2024-08-13 13:41:55,20700.0,100,Buy,231299988
2024-08-13 13:41:55,20700.0,1000,Buy,231299990
2024-08-13 13:41:55,20700.0,100,Buy,231299991
2024-08-13 13:41:55,20700.0,2000,Buy,231299992
2024-08-13 13:42:03,20700.0,800,Buy,231300164
2024-08-13 13:42:03,20700.0,3000,Buy,231300165
2024-08-13 13:42:03,20700.0,100,Buy,231300166
2024-08-13 13:42:03,20700.0,1000,Buy,231300167
2024-08-13 13:42:03,20700.0,200,Buy,231300168
2024-08-13 13:42:03,20700.0,100,Buy,231300169
2024-08-13 13:42:05,20750.0,200,Buy,231300212
2024-08-13 13:42:05,20750.0,300,Buy,231300210
2024-08-13 13:42:05,20750.0,1000,Buy,231300209
2024-08-13 13:42:05,20750.0,1500,Buy,231300211
2024-08-13 13:42:11,20750.0,200,Buy,231300337
2024-08-13 13:42:11,20750.0,500,Buy,231300343
2024-08-13 13:42:11,20750.0,100,Buy,231300342
2024-08-13 13:42:11,20750.0,10000,Buy,231300341
2024-08-13 13:42:11,20750.0,200,Buy,231300340
2024-08-13 13:42:11,20750.0,1500,Buy,231300339
2024-08-13 13:42:11,20750.0,200,Buy,231300338
2024-08-13 13:42:11,20750.0,200,Buy,231300336
2024-08-13 13:42:11,20750.0,500,Buy,231300344
2024-08-13 13:42:11,20750.0,100,Buy,231300334
2024-08-13 13:42:11,20750.0,2000,Buy,231300333
2024-08-13 13:42:11,20750.0,200,Buy,231300332
2024-08-13 13:42:11,20750.0,400,Buy,231300331
2024-08-13 13:42:11,20750.0,100,Buy,231300330
2024-08-13 13:42:11,20750.0,100,Buy,231300329
2024-08-13 13:42:11,20750.0,2400,Buy,231300328
2024-08-13 13:42:11,20750.0,800,Buy,231300327
2024-08-13 13:42:11,20750.0,500,Buy,231300335
2024-08-13 13:42:14,20750.0,600,Buy,231300410
2024-08-13 13:42:14,20750.0,100,Buy,231300409
2024-08-13 13:42:14,20750.0,200,Buy,231300408
2024-08-13 13:42:14,20750.0,1200,Buy,231300406
2024-08-13 13:42:14,20750.0,500,Buy,231300407
2024-08-13 13:42:14,20750.0,1800,Buy,231300405
2024-08-13 13:42:14,20750.0,400,Buy,231300404
2024-08-13 13:42:14,20750.0,100,Buy,231300398
2024-08-13 13:42:23,20750.0,100,Sell,231300564
2024-08-13 13:42:26,20800.0,100,Buy,231300669
2024-08-13 13:42:36,20800.0,2000,Buy,231300828
2024-08-13 13:42:38,20800.0,100,Buy,231300854
2024-08-13 13:42:42,20800.0,200,Buy,231300921
2024-08-13 13:42:45,20800.0,1000,Buy,231300958
2024-08-13 13:42:48,20800.0,1000,Buy,231301079
2024-08-13 13:43:01,20800.0,200,Buy,231301331
2024-08-13 13:43:01,20800.0,2900,Buy,231301332
2024-08-13 13:43:01,20800.0,100,Buy,231301320
2024-08-13 13:43:09,20800.0,5000,Buy,231301439
2024-08-13 13:43:13,20750.0,500,Sell,231301530
2024-08-13 13:43:13,20750.0,400,Sell,231301531
2024-08-13 13:43:13,20750.0,500,Sell,231301529
2024-08-13 13:43:13,20750.0,100,Sell,231301527
2024-08-13 13:43:13,20750.0,500,Sell,231301528
2024-08-13 13:43:16,20800.0,100,Buy,231301597
2024-08-13 13:43:30,20800.0,2000,Buy,231301872
2024-08-13 13:43:30,20800.0,200,Buy,231301873
2024-08-13 13:43:30,20800.0,100,Buy,231301874
2024-08-13 13:43:30,20800.0,200,Buy,231301875
2024-08-13 13:43:30,20800.0,100,Buy,231301876
2024-08-13 13:43:30,20800.0,400,Buy,231301877
2024-08-13 13:43:40,20750.0,2000,Sell,231302083
2024-08-13 13:43:40,20750.0,200,Sell,231302084
2024-08-13 13:43:46,20750.0,100,Sell,231302183
2024-08-13 13:43:49,20750.0,500,Sell,231302268
2024-08-13 13:43:50,20750.0,200,Sell,231302294
2024-08-13 13:44:04,20750.0,1000,Sell,231302620
2024-08-13 13:44:04,20750.0,1000,Sell,231302628
2024-08-13 13:44:07,20750.0,400,Sell,231302685
2024-08-13 13:44:07,20750.0,100,Sell,231302684
2024-08-13 13:44:07,20750.0,3000,Sell,231302683
2024-08-13 13:44:07,20750.0,500,Sell,231302682
2024-08-13 13:44:08,20750.0,300,Sell,231302719
2024-08-13 13:44:08,20750.0,100,Sell,231302717
2024-08-13 13:44:08,20750.0,1700,Sell,231302718
2024-08-13 13:44:10,20750.0,300,Sell,231302747
2024-08-13 13:44:12,20750.0,2900,Sell,231302767
2024-08-13 13:44:12,20750.0,100,Sell,231302768
2024-08-13 13:44:14,20750.0,100,Buy,231302811
2024-08-13 13:44:25,20750.0,4000,Buy,231303097
2024-08-13 13:44:35,20750.0,500,Buy,231303245
2024-08-13 13:45:09,20750.0,400,Buy,231304067
2024-08-13 13:45:09,20750.0,400,Buy,231304068
2024-08-13 13:45:09,20750.0,200,Buy,231304069
2024-08-13 13:45:19,20750.0,1200,Buy,231304328
2024-08-13 13:45:19,20750.0,800,Buy,231304329
2024-08-13 13:45:24,20750.0,100,Buy,231304438
2024-08-13 13:45:24,20750.0,900,Buy,231304435
2024-08-13 13:45:24,20750.0,700,Buy,231304436
2024-08-13 13:45:24,20750.0,100,Buy,231304433
2024-08-13 13:45:24,20750.0,4200,Buy,231304432
2024-08-13 13:45:24,20750.0,100,Buy,231304434
2024-08-13 13:45:33,20750.0,200,Buy,231304741
2024-08-13 13:45:33,20750.0,800,Buy,231304742
2024-08-13 13:45:34,20750.0,200,Buy,231304774
2024-08-13 13:45:41,20750.0,2800,Sell,231304901
2024-08-13 13:45:41,20750.0,500,Sell,231304902
2024-08-13 13:45:41,20750.0,1700,Sell,231304903
2024-08-13 13:45:44,20750.0,100,Sell,231304925
2024-08-13 13:45:53,20750.0,2500,Sell,231305168
2024-08-13 13:46:01,20700.0,1000,Sell,231305301
2024-08-13 13:46:36,20750.0,2400,Buy,231306263
2024-08-13 13:46:45,20750.0,1000,Buy,231306414
2024-08-13 13:46:53,20750.0,1000,Buy,231306563
2024-08-13 13:46:53,20750.0,1000,Buy,231306564
2024-08-13 13:46:56,20750.0,200,Buy,231306621
2024-08-13 13:46:56,20750.0,3000,Buy,231306619
2024-08-13 13:46:56,20750.0,300,Buy,231306620
2024-08-13 13:47:14,20750.0,1000,Buy,231307001
2024-08-13 13:47:14,20750.0,100,Buy,231307002
2024-08-13 13:47:14,20750.0,400,Buy,231307003
2024-08-13 13:47:18,20750.0,100,Buy,231307069
2024-08-13 13:47:38,20750.0,1900,Sell,231307527
2024-08-13 13:47:38,20750.0,100,Sell,231307528
2024-08-13 13:47:38,20750.0,3000,Sell,231307529
2024-08-13 13:47:42,20750.0,2700,Sell,231307622
2024-08-13 13:47:42,20750.0,1200,Sell,231307623
2024-08-13 13:47:42,20750.0,100,Sell,231307624
2024-08-13 13:47:43,20750.0,200,Sell,231307638
2024-08-13 13:47:55,20750.0,200,Sell,231307942
2024-08-13 13:48:26,20750.0,1000,Buy,231308737
2024-08-13 13:48:26,20750.0,100,Buy,231308735
2024-08-13 13:48:26,20750.0,100,Buy,231308736
2024-08-13 13:48:26,20750.0,100,Buy,231308733
2024-08-13 13:48:26,20750.0,100,Buy,231308732
2024-08-13 13:48:26,20750.0,100,Buy,231308731
2024-08-13 13:48:26,20750.0,500,Buy,231308734
2024-08-13 13:48:27,20750.0,500,Buy,231308760
2024-08-13 13:49:03,20750.0,500,Buy,231309785
2024-08-13 13:49:03,20750.0,500,Buy,231309787
2024-08-13 13:49:04,20750.0,2700,Buy,231309803
2024-08-13 13:49:04,20750.0,100,Buy,231309801
2024-08-13 13:49:04,20750.0,500,Buy,231309802
2024-08-13 13:49:04,20750.0,1000,Buy,231309799
2024-08-13 13:49:04,20750.0,500,Buy,231309798
2024-08-13 13:49:04,20750.0,500,Buy,231309800
2024-08-13 13:49:10,20750.0,1000,Buy,231309902
2024-08-13 13:49:12,20700.0,500,Sell,231309967
2024-08-13 13:49:12,20700.0,500,Sell,231309968
2024-08-13 13:49:29,20700.0,500,Sell,231310427
2024-08-13 13:49:29,20700.0,1200,Sell,231310426
2024-08-13 13:49:29,20700.0,1000,Sell,231310425
2024-08-13 13:49:29,20700.0,100,Sell,231310424
2024-08-13 13:49:29,20700.0,5000,Sell,231310423
2024-08-13 13:49:29,20700.0,500,Sell,231310422
2024-08-13 13:49:29,20700.0,1500,Sell,231310420
2024-08-13 13:49:29,20700.0,200,Sell,231310419
2024-08-13 13:49:29,20700.0,100,Sell,231310418
2024-08-13 13:49:29,20700.0,1000,Sell,231310417
2024-08-13 13:49:29,20700.0,500,Sell,231310421
2024-08-13 13:49:30,20700.0,1000,Buy,231310443
2024-08-13 13:49:58,20700.0,800,Buy,231311246
2024-08-13 13:50:00,20650.0,500,Sell,231311298
2024-08-13 13:50:00,20650.0,500,Sell,231311299
2024-08-13 13:50:23,20700.0,1500,Buy,231311872
2024-08-13 13:50:26,20650.0,1000,Sell,231311961
2024-08-13 13:50:33,20650.0,200,Sell,231312232
2024-08-13 13:50:35,20650.0,100,Sell,231312268
2024-08-13 13:50:50,20650.0,100,Sell,231312615
2024-08-13 13:51:07,20650.0,100,Sell,231313075
2024-08-13 13:51:25,20700.0,900,Buy,231313507
2024-08-13 13:51:34,20700.0,100,Buy,231313844
2024-08-13 13:52:16,20650.0,1700,Sell,231315464
2024-08-13 13:52:20,20650.0,1000,Sell,231315602
2024-08-13 13:52:24,20700.0,2400,Buy,231315689
2024-08-13 13:52:30,20650.0,300,Sell,231315821
2024-08-13 13:52:30,20650.0,500,Sell,231315822
2024-08-13 13:52:35,20700.0,100,Buy,231315954
2024-08-13 13:52:40,20650.0,200,Sell,231316071
2024-08-13 13:52:43,20600.0,14700,Sell,231316150
2024-08-13 13:52:43,20600.0,100,Sell,231316144
2024-08-13 13:52:43,20600.0,2100,Sell,231316148
2024-08-13 13:52:43,20600.0,100,Sell,231316146
2024-08-13 13:52:43,20600.0,200,Sell,231316145
2024-08-13 13:52:43,20600.0,200,Sell,231316143
2024-08-13 13:52:43,20600.0,500,Sell,231316149
2024-08-13 13:52:43,20650.0,200,Sell,231316141
2024-08-13 13:52:43,20650.0,300,Sell,231316135
2024-08-13 13:52:43,20650.0,100,Sell,231316136
2024-08-13 13:52:43,20650.0,100,Sell,231316137
2024-08-13 13:52:43,20650.0,1000,Sell,231316142
2024-08-13 13:52:43,20650.0,100,Sell,231316139
2024-08-13 13:52:43,20650.0,200,Sell,231316140
2024-08-13 13:52:43,20650.0,100,Sell,231316138
2024-08-13 13:52:56,20700.0,1000,Buy,231316458
2024-08-13 13:53:05,20650.0,500,Sell,231316670
2024-08-13 13:53:05,20700.0,700,Buy,231316669
2024-08-13 13:53:05,20700.0,300,Buy,231316668
2024-08-13 13:53:05,20700.0,600,Buy,231316667
2024-08-13 13:53:06,20600.0,1000,Sell,231316688
2024-08-13 13:53:30,20600.0,1000,Sell,231317685
2024-08-13 13:53:46,20650.0,2500,Buy,231318091
2024-08-13 13:53:46,20650.0,1000,Buy,231318092
2024-08-13 13:53:46,20650.0,900,Buy,231318093
2024-08-13 13:53:46,20650.0,300,Buy,231318094
2024-08-13 13:53:59,20650.0,10300,Sell,231318456
2024-08-13 13:53:59,20600.0,4700,Sell,231318457
2024-08-13 13:54:05,20600.0,300,Sell,231318625
2024-08-13 13:54:19,20650.0,1000,Buy,231319046
2024-08-13 13:54:27,20650.0,1000,Sell,231319357
2024-08-13 13:54:40,20700.0,300,Buy,231319646
2024-08-13 13:54:40,20700.0,9000,Buy,231319660
2024-08-13 13:54:40,20700.0,800,Buy,231319659
2024-08-13 13:54:40,20700.0,500,Buy,231319658
2024-08-13 13:54:40,20700.0,500,Buy,231319657
2024-08-13 13:54:40,20700.0,900,Buy,231319656
2024-08-13 13:54:40,20700.0,1000,Buy,231319654
2024-08-13 13:54:40,20700.0,200,Buy,231319655
2024-08-13 13:54:40,20700.0,100,Buy,231319652
2024-08-13 13:54:40,20700.0,1500,Buy,231319651
2024-08-13 13:54:40,20700.0,4000,Buy,231319650
2024-08-13 13:54:40,20700.0,100,Buy,231319649
2024-08-13 13:54:40,20700.0,5000,Buy,231319648
2024-08-13 13:54:40,20700.0,100,Buy,231319647
2024-08-13 13:54:40,20700.0,1000,Buy,231319653
2024-08-13 13:54:43,20650.0,1000,Sell,231319724
2024-08-13 13:55:00,20650.0,600,Sell,231320597
2024-08-13 13:55:03,20700.0,3700,Buy,231320706
2024-08-13 13:55:03,20700.0,9000,Buy,231320705
2024-08-13 13:55:03,20700.0,200,Buy,231320704
2024-08-13 13:55:03,20700.0,7000,Buy,231320702
2024-08-13 13:55:03,20700.0,100,Buy,231320703
2024-08-13 13:55:05,20650.0,500,Sell,231320808
2024-08-13 13:55:10,20650.0,700,Sell,231321115
2024-08-13 13:55:13,20700.0,600,Buy,231321222
2024-08-13 13:55:13,20700.0,1300,Buy,231321221
2024-08-13 13:55:15,20700.0,300,Buy,231321261
2024-08-13 13:55:15,20700.0,100,Buy,231321284
2024-08-13 13:55:15,20700.0,100,Buy,231321283
2024-08-13 13:55:15,20700.0,400,Buy,231321260
2024-08-13 13:55:15,20700.0,200,Buy,231321262
2024-08-13 13:55:15,20700.0,700,Buy,231321263
2024-08-13 13:55:24,20700.0,900,Buy,231321487
2024-08-13 13:55:28,20700.0,100,Sell,231321648
2024-08-13 13:55:40,20700.0,900,Buy,231322165
2024-08-13 13:55:40,20700.0,100,Buy,231322166
2024-08-13 13:55:40,20700.0,100,Buy,231322167
2024-08-13 13:55:42,20700.0,500,Sell,231322260
2024-08-13 13:55:44,20700.0,900,Sell,231322320
2024-08-13 13:55:46,20700.0,100,Buy,231322382
2024-08-13 13:55:52,20700.0,900,Buy,231322784
2024-08-13 13:55:55,20700.0,100,Buy,231322910
2024-08-13 13:55:55,20700.0,1000,Buy,231322907
2024-08-13 13:55:55,20700.0,100,Buy,231322908
2024-08-13 13:55:55,20700.0,100,Buy,231322909
2024-08-13 13:56:04,20700.0,2600,Sell,231323249
2024-08-13 13:56:07,20700.0,500,Buy,231323314
2024-08-13 13:56:10,20650.0,1800,Sell,231323408
2024-08-13 13:56:15,20700.0,200,Buy,231323485
2024-08-13 13:56:18,20650.0,10000,Sell,231323609
2024-08-13 13:56:21,20650.0,13400,Sell,231323724
2024-08-13 13:56:21,20650.0,100,Sell,231323725
2024-08-13 13:56:21,20650.0,1000,Sell,231323726
2024-08-13 13:56:21,20650.0,100,Sell,231323727
2024-08-13 13:56:26,20650.0,1000,Buy,231323909
2024-08-13 13:56:28,20700.0,1100,Buy,231324044
2024-08-13 13:56:28,20650.0,400,Buy,231324042
2024-08-13 13:56:28,20650.0,500,Buy,231324043
2024-08-13 13:56:31,20700.0,900,Buy,231324170
2024-08-13 13:56:35,20750.0,200,Buy,231324388
2024-08-13 13:56:35,20700.0,500,Buy,231324387
2024-08-13 13:56:35,20700.0,12200,Buy,231324386
2024-08-13 13:56:35,20700.0,2000,Buy,231324385
2024-08-13 13:56:35,20700.0,800,Buy,231324382
2024-08-13 13:56:35,20700.0,500,Buy,231324383
2024-08-13 13:56:35,20700.0,100,Buy,231324384
2024-08-13 13:56:35,20700.0,29000,Buy,231324381
2024-08-13 13:56:35,20700.0,4700,Buy,231324380
2024-08-13 13:57:04,20700.0,500,Buy,231325334
2024-08-13 13:57:04,20700.0,500,Buy,231325335
2024-08-13 13:57:04,20700.0,3000,Buy,231325336
2024-08-13 13:57:04,20700.0,100,Buy,231325337
2024-08-13 13:57:04,20700.0,2000,Buy,231325338
2024-08-13 13:57:04,20700.0,3900,Buy,231325339
2024-08-13 13:57:12,20700.0,100,Buy,231325559
2024-08-13 13:57:12,20700.0,3000,Buy,231325560
2024-08-13 13:57:17,20700.0,500,Sell,231325711
2024-08-13 13:57:17,20700.0,100,Sell,231325717
2024-08-13 13:57:22,20700.0,1000,Sell,231325926
2024-08-13 13:57:25,20700.0,100,Sell,231326045
2024-08-13 13:57:26,20700.0,100,Sell,231326113
2024-08-13 13:57:28,20700.0,100,Sell,231326155
2024-08-13 13:57:28,20700.0,15000,Sell,231326166
2024-08-13 13:57:30,20700.0,5000,Buy,231326221
2024-08-13 13:57:32,20700.0,5000,Buy,231326365
2024-08-13 13:57:38,20700.0,300,Buy,231326749
2024-08-13 13:57:43,20700.0,100,Buy,231326896
2024-08-13 13:58:06,20650.0,200,Sell,231328013
2024-08-13 13:58:10,20700.0,1500,Buy,231328262
2024-08-13 13:58:10,20650.0,400,Sell,231328347
2024-08-13 13:58:10,20650.0,300,Sell,231328348
2024-08-13 13:58:16,20650.0,1000,Sell,231328596
2024-08-13 13:58:17,20650.0,2500,Sell,231328619
2024-08-13 13:58:21,20650.0,300,Sell,231328889
2024-08-13 13:58:21,20650.0,100,Sell,231328890
2024-08-13 13:58:25,20650.0,100,Sell,231329046
2024-08-13 13:58:27,20700.0,100,Buy,231329128
2024-08-13 13:58:30,20650.0,200,Sell,231329274
2024-08-13 13:58:30,20650.0,300,Sell,231329276
2024-08-13 13:58:30,20650.0,800,Sell,231329273
2024-08-13 13:58:30,20650.0,200,Sell,231329275
2024-08-13 13:58:34,20600.0,1000,Sell,231329435
2024-08-13 13:58:34,20600.0,4700,Sell,231329434
2024-08-13 13:58:34,20600.0,100,Sell,231329433
2024-08-13 13:58:34,20600.0,1000,Sell,231329432
2024-08-13 13:58:34,20600.0,3000,Sell,231329431
2024-08-13 13:58:34,20600.0,1000,Sell,231329430
2024-08-13 13:58:34,20600.0,2000,Sell,231329429
2024-08-13 13:58:34,20650.0,700,Sell,231329421
2024-08-13 13:58:34,20600.0,1000,Sell,231329427
2024-08-13 13:58:34,20600.0,1000,Sell,231329426
2024-08-13 13:58:34,20600.0,8300,Sell,231329425
2024-08-13 13:58:34,20650.0,1300,Sell,231329424
2024-08-13 13:58:34,20650.0,1700,Sell,231329423
2024-08-13 13:58:34,20650.0,100,Sell,231329422
2024-08-13 13:58:34,20600.0,100,Sell,231329428
2024-08-13 13:58:43,20600.0,2000,Sell,231329835
2024-08-13 13:58:48,20600.0,500,Sell,231329991
2024-08-13 13:58:49,20600.0,100,Sell,231330041
2024-08-13 13:58:58,20600.0,3000,Sell,231330457
2024-08-13 13:59:00,20600.0,1000,Sell,231330561
2024-08-13 13:59:01,20650.0,1000,Buy,231330717
2024-08-13 13:59:01,20650.0,2500,Buy,231330719
2024-08-13 13:59:01,20650.0,300,Buy,231330720
2024-08-13 13:59:01,20650.0,5000,Buy,231330721
2024-08-13 13:59:01,20650.0,4100,Buy,231330722
2024-08-13 13:59:01,20650.0,1000,Buy,231330723
2024-08-13 13:59:01,20650.0,3000,Buy,231330724
2024-08-13 13:59:01,20650.0,2000,Buy,231330725
2024-08-13 13:59:01,20650.0,10000,Buy,231330726
2024-08-13 13:59:01,20650.0,600,Buy,231330727
2024-08-13 13:59:01,20650.0,500,Buy,231330718
2024-08-13 13:59:02,20600.0,1000,Sell,231330732
2024-08-13 13:59:06,20600.0,1900,Sell,231331235
2024-08-13 13:59:06,20600.0,1100,Sell,231331234
2024-08-13 13:59:06,20600.0,500,Sell,231331232
2024-08-13 13:59:06,20600.0,500,Sell,231331233
2024-08-13 13:59:08,20600.0,500,Sell,231331321
2024-08-13 13:59:11,20600.0,100,Sell,231331396
2024-08-13 13:59:12,20600.0,100,Sell,231331418
2024-08-13 13:59:22,20600.0,400,Sell,231331762
2024-08-13 13:59:22,20600.0,600,Sell,231331763
2024-08-13 13:59:32,20600.0,400,Sell,231332090
2024-08-13 13:59:35,20600.0,1000,Sell,231332231
2024-08-13 13:59:39,20600.0,500,Sell,231332464
2024-08-13 13:59:42,20600.0,300,Sell,231332599
2024-08-13 13:59:45,20600.0,500,Sell,231332727
2024-08-13 13:59:47,20600.0,1000,Sell,231332866
2024-08-13 13:59:51,20600.0,4000,Sell,231333192
2024-08-13 13:59:51,20600.0,100,Sell,231333193
2024-08-13 14:00:08,20600.0,15900,Buy,231333764
2024-08-13 14:00:08,20600.0,100,Buy,231333765
2024-08-13 14:00:22,20600.0,1000,Buy,231334185
2024-08-13 14:00:23,20600.0,500,Buy,231334214
2024-08-13 14:00:23,20600.0,1000,Buy,231334213
2024-08-13 14:00:23,20600.0,1500,Buy,231334212
2024-08-13 14:00:26,20600.0,500,Buy,231334290
2024-08-13 14:00:57,20650.0,100,Buy,231335567
2024-08-13 14:00:57,20650.0,300,Buy,231335568
2024-08-13 14:00:57,20650.0,100,Buy,231335569
2024-08-13 14:00:57,20650.0,1700,Buy,231335570
2024-08-13 14:00:57,20650.0,500,Buy,231335571
2024-08-13 14:00:57,20650.0,2000,Buy,231335572
2024-08-13 14:00:57,20650.0,2500,Buy,231335573
2024-08-13 14:00:57,20650.0,300,Buy,231335574
2024-08-13 14:01:00,20650.0,400,Sell,231335781
2024-08-13 14:01:08,20650.0,3000,Sell,231336064
2024-08-13 14:01:08,20650.0,1000,Sell,231336086
2024-08-13 14:01:26,20650.0,100,Sell,231336899
2024-08-13 14:01:30,20650.0,100,Sell,231337164
2024-08-13 14:01:30,20650.0,500,Sell,231337150
2024-08-13 14:01:30,20650.0,7600,Sell,231337149
2024-08-13 14:01:30,20650.0,1900,Sell,231337151
2024-08-13 14:01:39,20650.0,100,Sell,231337705
2024-08-13 14:01:43,20650.0,2900,Sell,231337822
2024-08-13 14:01:55,20650.0,100,Buy,231338499
2024-08-13 14:01:55,20650.0,200,Buy,231338500
2024-08-13 14:02:08,20650.0,800,Buy,231338944
2024-08-13 14:02:08,20650.0,200,Buy,231338945
2024-08-13 14:02:12,20650.0,300,Buy,231339093
2024-08-13 14:02:12,20650.0,700,Buy,231339094
2024-08-13 14:02:14,20600.0,800,Sell,231339152
2024-08-13 14:02:14,20600.0,1000,Sell,231339153
2024-08-13 14:02:14,20600.0,1800,Sell,231339154
2024-08-13 14:02:17,20650.0,500,Buy,231339427
2024-08-13 14:02:17,20650.0,5000,Buy,231339426
2024-08-13 14:02:17,20650.0,100,Buy,231339429
2024-08-13 14:02:17,20650.0,3000,Buy,231339424
2024-08-13 14:02:17,20650.0,100,Buy,231339425
2024-08-13 14:02:17,20650.0,300,Buy,231339422
2024-08-13 14:02:17,20650.0,900,Buy,231339428
2024-08-13 14:02:17,20650.0,2000,Buy,231339423
2024-08-13 14:02:20,20650.0,1000,Sell,231339532
2024-08-13 14:02:35,20650.0,2000,Sell,231340155
2024-08-13 14:02:36,20650.0,100,Sell,231340177
2024-08-13 14:02:38,20650.0,400,Buy,231340239
2024-08-13 14:02:39,20650.0,100,Sell,231340252
2024-08-13 14:02:54,20600.0,2000,Sell,231340885
2024-08-13 14:03:04,20600.0,5000,Sell,231341319
2024-08-13 14:03:04,20600.0,2000,Sell,231341318
2024-08-13 14:03:04,20600.0,1000,Sell,231341316
2024-08-13 14:03:04,20600.0,300,Sell,231341315
2024-08-13 14:03:04,20600.0,500,Sell,231341317
2024-08-13 14:03:04,20600.0,1200,Sell,231341314
2024-08-13 14:03:07,20600.0,1000,Sell,231341439
2024-08-13 14:03:23,20600.0,5000,Sell,231341950
2024-08-13 14:03:31,20600.0,500,Sell,231342234
2024-08-13 14:03:33,20600.0,2000,Sell,231342273
2024-08-13 14:03:33,20600.0,500,Sell,231342272
2024-08-13 14:04:03,20600.0,200,Buy,231343337
2024-08-13 14:04:16,20600.0,3200,Buy,231343763
2024-08-13 14:04:20,20600.0,100,Buy,231343913
2024-08-13 14:04:20,20600.0,1000,Buy,231343912
2024-08-13 14:04:20,20600.0,200,Buy,231343911
2024-08-13 14:04:20,20600.0,100,Buy,231343906
2024-08-13 14:04:20,20600.0,3500,Buy,231343909
2024-08-13 14:04:20,20600.0,100,Buy,231343908
2024-08-13 14:04:20,20600.0,900,Buy,231343907
2024-08-13 14:04:20,20600.0,400,Buy,231343910
2024-08-13 14:04:24,20650.0,4000,Buy,231343998
2024-08-13 14:04:24,20650.0,1100,Buy,231343999
2024-08-13 14:04:24,20650.0,4900,Buy,231343997
2024-08-13 14:04:26,20650.0,3800,Buy,231344053
2024-08-13 14:04:26,20650.0,100,Buy,231344054
2024-08-13 14:04:26,20650.0,100,Buy,231344055
2024-08-13 14:04:26,20650.0,2700,Buy,231344056
2024-08-13 14:04:26,20650.0,500,Buy,231344057
2024-08-13 14:04:27,20650.0,100,Sell,231344145
2024-08-13 14:04:45,20650.0,100,Sell,231344666
2024-08-13 14:04:58,20600.0,500,Sell,231344938
2024-08-13 14:05:04,20650.0,9000,Buy,231345066
2024-08-13 14:05:04,20650.0,100,Buy,231345067
2024-08-13 14:05:04,20700.0,900,Buy,231345068
2024-08-13 14:05:08,20700.0,200,Buy,231345196
2024-08-13 14:05:08,20700.0,5000,Buy,231345197
2024-08-13 14:05:08,20700.0,100,Buy,231345198
2024-08-13 14:05:08,20700.0,2500,Buy,231345199
2024-08-13 14:05:08,20700.0,500,Buy,231345200
2024-08-13 14:05:08,20700.0,200,Buy,231345202
2024-08-13 14:05:08,20700.0,400,Buy,231345203
2024-08-13 14:05:08,20700.0,100,Buy,231345204
2024-08-13 14:05:08,20700.0,100,Buy,231345205
2024-08-13 14:05:08,20700.0,600,Buy,231345206
2024-08-13 14:05:08,20700.0,100,Buy,231345207
2024-08-13 14:05:08,20700.0,1000,Buy,231345201
2024-08-13 14:05:08,20700.0,100,Buy,231345195
2024-08-13 14:05:08,20700.0,2000,Buy,231345191
2024-08-13 14:05:08,20700.0,6500,Buy,231345193
2024-08-13 14:05:08,20700.0,1100,Buy,231345180
2024-08-13 14:05:08,20700.0,200,Buy,231345181
2024-08-13 14:05:08,20700.0,500,Buy,231345183
2024-08-13 14:05:08,20700.0,100,Buy,231345184
2024-08-13 14:05:08,20700.0,9500,Buy,231345185
2024-08-13 14:05:08,20700.0,1000,Buy,231345182
2024-08-13 14:05:08,20700.0,1000,Buy,231345187
2024-08-13 14:05:08,20700.0,200,Buy,231345188
2024-08-13 14:05:08,20700.0,600,Buy,231345189
2024-08-13 14:05:08,20700.0,200,Buy,231345190
2024-08-13 14:05:08,20700.0,100,Buy,231345192
2024-08-13 14:05:08,20700.0,100,Buy,231345186
2024-08-13 14:05:08,20700.0,1000,Buy,231345194
2024-08-13 14:05:17,20700.0,200,Buy,231345414
2024-08-13 14:05:18,20650.0,100,Sell,231345464
2024-08-13 14:05:35,20700.0,100,Buy,231345897
2024-08-13 14:05:35,20700.0,100,Buy,231345898
2024-08-13 14:05:35,20700.0,100,Buy,231345899
2024-08-13 14:05:35,20700.0,200,Buy,231345900
2024-08-13 14:05:58,20650.0,900,Sell,231346667
2024-08-13 14:06:07,20650.0,1000,Buy,231346883
2024-08-13 14:06:10,20650.0,100,Buy,231346956
2024-08-13 14:06:10,20700.0,300,Buy,231346957
2024-08-13 14:06:10,20700.0,100,Buy,231346958
2024-08-13 14:06:10,20700.0,400,Buy,231346959
2024-08-13 14:06:10,20650.0,100,Buy,231346955
2024-08-13 14:06:34,20650.0,100,Sell,231347469
2024-08-13 14:06:43,20650.0,600,Sell,231347598
2024-08-13 14:06:49,20650.0,400,Sell,231347704
2024-08-13 14:06:49,20650.0,300,Sell,231347705
2024-08-13 14:06:49,20650.0,1300,Sell,231347706
2024-08-13 14:07:20,20650.0,100,Sell,231348300
2024-08-13 14:07:26,20700.0,500,Buy,231348447
2024-08-13 14:07:26,20700.0,100,Buy,231348441
2024-08-13 14:07:26,20700.0,100,Buy,231348446
2024-08-13 14:07:26,20700.0,1000,Buy,231348445
2024-08-13 14:07:26,20700.0,300,Buy,231348444
2024-08-13 14:07:26,20700.0,800,Buy,231348443
2024-08-13 14:07:26,20700.0,800,Buy,231348442
2024-08-13 14:07:26,20700.0,500,Buy,231348448
2024-08-13 14:07:26,20700.0,100,Buy,231348440
2024-08-13 14:07:26,20700.0,2500,Buy,231348431
2024-08-13 14:07:26,20700.0,1000,Buy,231348438
2024-08-13 14:07:26,20700.0,800,Buy,231348437
2024-08-13 14:07:26,20700.0,500,Buy,231348436
2024-08-13 14:07:26,20700.0,500,Buy,231348435
2024-08-13 14:07:26,20700.0,400,Buy,231348434
2024-08-13 14:07:26,20700.0,1300,Buy,231348433
2024-08-13 14:07:26,20700.0,3000,Buy,231348432
2024-08-13 14:07:26,20700.0,100,Buy,231348430
2024-08-13 14:07:26,20700.0,4600,Buy,231348429
2024-08-13 14:07:26,20700.0,300,Buy,231348439
2024-08-13 14:07:28,20700.0,800,Sell,231348468
2024-08-13 14:07:30,20650.0,100,Sell,231348536
2024-08-13 14:07:30,20650.0,100,Sell,231348537
2024-08-13 14:07:30,20650.0,500,Sell,231348538
2024-08-13 14:07:31,20650.0,2300,Buy,231348563
2024-08-13 14:07:45,20700.0,100,Buy,231348886
2024-08-13 14:08:54,20700.0,100,Buy,231351605
2024-08-13 14:08:54,20700.0,500,Buy,231351606
2024-08-13 14:08:54,20700.0,1900,Buy,231351607
2024-08-13 14:08:54,20650.0,100,Sell,231351649
2024-08-13 14:08:55,20650.0,300,Sell,231351657
2024-08-13 14:08:56,20650.0,1000,Sell,231351721
2024-08-13 14:09:06,20650.0,1000,Sell,231352114
2024-08-13 14:09:06,20650.0,600,Sell,231352118
2024-08-13 14:09:06,20650.0,100,Sell,231352119
2024-08-13 14:09:06,20650.0,2000,Sell,231352120
2024-08-13 14:09:07,20650.0,300,Buy,231352144
2024-08-13 14:09:08,20650.0,500,Buy,231352207
2024-08-13 14:09:16,20650.0,100,Buy,231352700
2024-08-13 14:09:16,20650.0,2800,Sell,231352698
2024-08-13 14:09:29,20650.0,900,Buy,231353364
2024-08-13 14:09:42,20650.0,5000,Buy,231353783
2024-08-13 14:10:01,20650.0,500,Buy,231354478
2024-08-13 14:10:04,20600.0,3200,Sell,231354618
2024-08-13 14:10:04,20600.0,200,Sell,231354619
2024-08-13 14:10:04,20600.0,1600,Sell,231354620
2024-08-13 14:10:15,20600.0,1000,Sell,231355077
2024-08-13 14:10:16,20650.0,1000,Buy,231355083
2024-08-13 14:10:30,20650.0,2100,Buy,231355701
2024-08-13 14:10:46,20600.0,100,Sell,231356227
2024-08-13 14:10:59,20600.0,1000,Sell,231356737
2024-08-13 14:11:03,20600.0,100,Sell,231356868
2024-08-13 14:11:04,20600.0,2000,Sell,231356963
2024-08-13 14:11:07,20600.0,3000,Sell,231357130
2024-08-13 14:11:12,20600.0,400,Sell,231357289
2024-08-13 14:11:12,20600.0,600,Sell,231357298
2024-08-13 14:11:12,20600.0,800,Sell,231357288
2024-08-13 14:11:12,20600.0,2000,Sell,231357287
2024-08-13 14:11:12,20600.0,300,Sell,231357286
2024-08-13 14:11:12,20600.0,14000,Sell,231357285
2024-08-13 14:11:12,20600.0,200,Sell,231357275
2024-08-13 14:11:21,20600.0,300,Buy,231357581
2024-08-13 14:11:46,20550.0,1100,Sell,231358442
2024-08-13 14:11:57,20550.0,5000,Sell,231359039
2024-08-13 14:12:04,20550.0,100,Sell,231359378
2024-08-13 14:12:06,20550.0,7000,Sell,231359495
2024-08-13 14:12:06,20550.0,1000,Sell,231359494
2024-08-13 14:12:06,20550.0,500,Sell,231359493
2024-08-13 14:12:06,20550.0,100,Sell,231359492
2024-08-13 14:12:06,20550.0,400,Sell,231359489
2024-08-13 14:12:06,20550.0,500,Sell,231359490
2024-08-13 14:12:06,20550.0,200,Sell,231359488
2024-08-13 14:12:06,20550.0,1800,Sell,231359487
2024-08-13 14:12:06,20550.0,200,Sell,231359491
2024-08-13 14:12:27,20500.0,1600,Sell,231360205
2024-08-13 14:12:27,20500.0,1000,Sell,231360204
2024-08-13 14:12:27,20500.0,300,Sell,231360194
2024-08-13 14:12:27,20500.0,1700,Sell,231360202
2024-08-13 14:12:27,20500.0,500,Sell,231360193
2024-08-13 14:12:27,20500.0,700,Sell,231360203
2024-08-13 14:12:29,20500.0,2400,Sell,231360252
2024-08-13 14:12:29,20500.0,400,Sell,231360253
2024-08-13 14:12:29,20500.0,200,Sell,231360254
2024-08-13 14:12:30,20500.0,1800,Sell,231360265
2024-08-13 14:12:30,20500.0,1000,Sell,231360266
2024-08-13 14:12:30,20500.0,1000,Sell,231360267
2024-08-13 14:12:30,20500.0,1000,Sell,231360268
2024-08-13 14:12:30,20500.0,500,Sell,231360269
2024-08-13 14:12:31,20500.0,500,Sell,231360292
2024-08-13 14:12:31,20500.0,100,Sell,231360293
2024-08-13 14:12:31,20500.0,200,Sell,231360294
2024-08-13 14:12:31,20500.0,2000,Sell,231360295
2024-08-13 14:12:31,20500.0,2200,Sell,231360296
2024-08-13 14:12:37,20500.0,100,Sell,231360618
2024-08-13 14:12:37,20500.0,400,Sell,231360570
2024-08-13 14:12:37,20500.0,400,Sell,231360617
2024-08-13 14:12:46,20500.0,600,Sell,231361164
2024-08-13 14:12:52,20550.0,6200,Buy,231361649
2024-08-13 14:12:55,20500.0,500,Sell,231361741
2024-08-13 14:13:05,20500.0,600,Sell,231362074
2024-08-13 14:13:06,20500.0,600,Sell,231362100
2024-08-13 14:13:08,20550.0,200,Buy,231362212
2024-08-13 14:13:11,20500.0,300,Sell,231362256
2024-08-13 14:13:23,20500.0,1000,Sell,231362893
2024-08-13 14:13:33,20550.0,100,Buy,231363458
2024-08-13 14:13:36,20550.0,1500,Buy,231363554
2024-08-13 14:13:36,20500.0,500,Sell,231363559
2024-08-13 14:13:36,20500.0,500,Sell,231363560
2024-08-13 14:13:40,20500.0,3000,Sell,231363713
2024-08-13 14:13:43,20500.0,300,Sell,231363837
2024-08-13 14:13:43,20500.0,2400,Sell,231363838
2024-08-13 14:13:43,20500.0,2300,Sell,231363836
2024-08-13 14:13:43,20550.0,300,Buy,231363825
2024-08-13 14:13:43,20550.0,1500,Buy,231363827
2024-08-13 14:13:43,20550.0,500,Buy,231363826
2024-08-13 14:13:43,20550.0,2700,Buy,231363828
2024-08-13 14:13:48,20550.0,100,Buy,231364010
2024-08-13 14:13:48,20550.0,1600,Buy,231364013
2024-08-13 14:13:48,20550.0,2000,Buy,231364014
2024-08-13 14:13:48,20550.0,500,Buy,231364015
2024-08-13 14:13:48,20550.0,900,Buy,231364016
2024-08-13 14:13:49,20500.0,500,Sell,231364041
2024-08-13 14:13:49,20500.0,1000,Sell,231364040
2024-08-13 14:13:49,20500.0,400,Sell,231364042
2024-08-13 14:13:49,20500.0,100,Sell,231364038
2024-08-13 14:13:49,20500.0,200,Sell,231364037
2024-08-13 14:13:49,20500.0,2600,Sell,231364036
2024-08-13 14:13:49,20500.0,5000,Sell,231364039
2024-08-13 14:13:50,20550.0,100,Buy,231364061
2024-08-13 14:13:51,20500.0,100,Sell,231364129
2024-08-13 14:13:51,20500.0,100,Sell,231364130
2024-08-13 14:13:51,20500.0,300,Sell,231364131
2024-08-13 14:13:52,20550.0,3000,Buy,231364154
2024-08-13 14:13:52,20550.0,500,Buy,231364147
2024-08-13 14:13:52,20550.0,4000,Buy,231364146
2024-08-13 14:13:52,20550.0,1200,Buy,231364148
2024-08-13 14:13:56,20450.0,4600,Sell,231364338
2024-08-13 14:13:56,20450.0,6300,Sell,231364337
2024-08-13 14:13:56,20500.0,500,Sell,231364334
2024-08-13 14:13:56,20500.0,200,Sell,231364335
2024-08-13 14:13:56,20500.0,1000,Sell,231364333
2024-08-13 14:13:56,20500.0,13400,Sell,231364336
2024-08-13 14:13:56,20500.0,200,Sell,231364331
2024-08-13 14:13:56,20500.0,2100,Sell,231364330
2024-08-13 14:13:56,20500.0,100,Sell,231364329
2024-08-13 14:13:56,20500.0,1000,Sell,231364328
2024-08-13 14:13:56,20500.0,200,Sell,231364327
2024-08-13 14:13:56,20500.0,200,Sell,231364326
2024-08-13 14:13:56,20500.0,200,Sell,231364332
2024-08-13 14:14:13,20500.0,100,Buy,231364844
2024-08-13 14:14:14,20500.0,100,Buy,231364903
2024-08-13 14:14:15,20450.0,300,Sell,231364946
2024-08-13 14:14:16,20500.0,100,Buy,231364959
2024-08-13 14:14:17,20550.0,5000,Buy,231365032
2024-08-13 14:14:17,20550.0,5800,Buy,231365030
2024-08-13 14:14:17,20550.0,200,Buy,231365031
2024-08-13 14:14:20,20500.0,1000,Sell,231365091
2024-08-13 14:14:22,20500.0,2000,Sell,231365177
2024-08-13 14:14:30,20500.0,100,Sell,231365808
2024-08-13 14:14:39,20600.0,3800,Buy,231366123
2024-08-13 14:14:39,20600.0,100,Buy,231366122
2024-08-13 14:14:39,20600.0,2500,Buy,231366121
2024-08-13 14:14:39,20600.0,500,Buy,231366120
2024-08-13 14:14:39,20600.0,100,Buy,231366116
2024-08-13 14:14:39,20600.0,2000,Buy,231366118
2024-08-13 14:14:39,20600.0,400,Buy,231366117
2024-08-13 14:14:39,20600.0,500,Buy,231366115
2024-08-13 14:14:39,20600.0,10000,Buy,231366114
2024-08-13 14:14:39,20600.0,100,Buy,231366119
2024-08-13 14:14:40,20600.0,6200,Buy,231366158
2024-08-13 14:14:46,20600.0,1000,Sell,231366359
2024-08-13 14:14:59,20600.0,1000,Sell,231366831
2024-08-13 14:14:59,20600.0,300,Sell,231366832
2024-08-13 14:15:04,20600.0,200,Sell,231366972
2024-08-13 14:15:05,20600.0,300,Buy,231366997
2024-08-13 14:15:27,20600.0,200,Buy,231367690
2024-08-13 14:15:27,20600.0,1000,Buy,231367691
2024-08-13 14:15:28,20650.0,2100,Buy,231367730
2024-08-13 14:15:28,20650.0,6000,Buy,231367728
2024-08-13 14:15:28,20650.0,3000,Buy,231367729
2024-08-13 14:15:28,20650.0,100,Buy,231367726
2024-08-13 14:15:28,20650.0,17600,Buy,231367725
2024-08-13 14:15:28,20650.0,100,Buy,231367727
2024-08-13 14:15:29,20600.0,400,Sell,231367731
2024-08-13 14:15:49,20600.0,2300,Sell,231368236
2024-08-13 14:15:49,20600.0,900,Sell,231368237
2024-08-13 14:16:05,20650.0,300,Buy,231368702
2024-08-13 14:16:21,20600.0,100,Sell,231369133
2024-08-13 14:16:33,20600.0,3000,Sell,231369499
2024-08-13 14:16:38,20650.0,900,Buy,231369647
2024-08-13 14:16:38,20650.0,600,Buy,231369646
2024-08-13 14:17:05,20650.0,100,Buy,231370334
2024-08-13 14:17:05,20650.0,100,Buy,231370333
2024-08-13 14:17:10,20600.0,500,Sell,231370458
2024-08-13 14:17:10,20600.0,100,Sell,231370459
2024-08-13 14:17:10,20600.0,4400,Sell,231370460
2024-08-13 14:17:12,20650.0,400,Buy,231370493
2024-08-13 14:17:12,20650.0,600,Buy,231370494
2024-08-13 14:17:27,20650.0,2800,Buy,231370845
2024-08-13 14:17:27,20650.0,100,Buy,231370846
2024-08-13 14:17:27,20650.0,1000,Buy,231370848
2024-08-13 14:17:27,20650.0,2800,Buy,231370843
2024-08-13 14:17:27,20650.0,100,Buy,231370847
2024-08-13 14:17:27,20650.0,1000,Buy,231370842
2024-08-13 14:17:27,20650.0,200,Buy,231370844
2024-08-13 14:17:27,20650.0,200,Buy,231370840
2024-08-13 14:17:27,20650.0,400,Buy,231370835
2024-08-13 14:17:27,20650.0,5000,Buy,231370839
2024-08-13 14:17:27,20650.0,10000,Buy,231370838
2024-08-13 14:17:27,20650.0,100,Buy,231370837
2024-08-13 14:17:27,20650.0,200,Buy,231370836
2024-08-13 14:17:27,20650.0,100,Buy,231370841
2024-08-13 14:17:37,20600.0,500,Sell,231371062
2024-08-13 14:17:41,20650.0,500,Buy,231371162
2024-08-13 14:17:46,20650.0,100,Buy,231371270
2024-08-13 14:17:51,20650.0,1900,Sell,231371364
2024-08-13 14:17:51,20650.0,400,Sell,231371365
2024-08-13 14:17:53,20650.0,100,Sell,231371401
2024-08-13 14:18:02,20650.0,100,Buy,231371617
2024-08-13 14:18:02,20650.0,100,Buy,231371618
2024-08-13 14:18:07,20650.0,900,Buy,231371753
2024-08-13 14:18:10,20650.0,100,Buy,231371838
2024-08-13 14:18:10,20650.0,5000,Buy,231371839
2024-08-13 14:18:10,20650.0,1000,Buy,231371837
2024-08-13 14:18:25,20600.0,100,Sell,231372200
2024-08-13 14:18:41,20650.0,200,Buy,231372572
2024-08-13 14:18:47,20650.0,800,Buy,231372705
2024-08-13 14:18:47,20650.0,100,Buy,231372706
2024-08-13 14:18:47,20650.0,1000,Buy,231372707
2024-08-13 14:18:54,20700.0,1000,Buy,231372877
2024-08-13 14:18:54,20700.0,500,Buy,231372878
2024-08-13 14:18:54,20700.0,200,Buy,231372879
2024-08-13 14:18:54,20700.0,200,Buy,231372880
2024-08-13 14:18:54,20700.0,5000,Buy,231372881
2024-08-13 14:18:54,20700.0,200,Buy,231372884
2024-08-13 14:18:54,20700.0,500,Buy,231372883
2024-08-13 14:18:54,20700.0,4900,Buy,231372885
2024-08-13 14:18:54,20750.0,900,Buy,231372893
2024-08-13 14:18:54,20700.0,1000,Buy,231372876
2024-08-13 14:18:54,20700.0,200,Buy,231372882
2024-08-13 14:18:54,20700.0,2000,Buy,231372875
2024-08-13 14:18:54,20700.0,500,Buy,231372872
2024-08-13 14:18:54,20700.0,1300,Buy,231372873
2024-08-13 14:18:54,20700.0,100,Buy,231372861
2024-08-13 14:18:54,20700.0,300,Buy,231372871
2024-08-13 14:18:54,20700.0,30000,Buy,231372870
2024-08-13 14:18:54,20700.0,10000,Buy,231372869
2024-08-13 14:18:54,20700.0,2000,Buy,231372868
2024-08-13 14:18:54,20700.0,1000,Buy,231372867
2024-08-13 14:18:54,20700.0,200,Buy,231372866
2024-08-13 14:18:54,20700.0,1000,Buy,231372865
2024-08-13 14:18:54,20700.0,500,Buy,231372864
2024-08-13 14:18:54,20700.0,100,Buy,231372863
2024-08-13 14:18:54,20700.0,400,Buy,231372862
2024-08-13 14:18:54,20700.0,1000,Buy,231372874
2024-08-13 14:18:56,20650.0,100,Sell,231372960
2024-08-13 14:19:21,20650.0,1000,Sell,231373642
2024-08-13 14:19:21,20650.0,4000,Sell,231373643
2024-08-13 14:19:32,20700.0,100,Buy,231374010
2024-08-13 14:19:47,20650.0,100,Sell,231374468
2024-08-13 14:20:13,20650.0,900,Sell,231375055
2024-08-13 14:20:13,20650.0,1000,Sell,231375056
2024-08-13 14:20:13,20650.0,3100,Sell,231375057
2024-08-13 14:20:24,20650.0,400,Sell,231375329
2024-08-13 14:20:31,20700.0,300,Buy,231375503
2024-08-13 14:20:31,20700.0,10000,Buy,231375504
2024-08-13 14:20:31,20700.0,200,Buy,231375505
2024-08-13 14:20:31,20700.0,200,Buy,231375506
2024-08-13 14:20:31,20700.0,1300,Buy,231375507
2024-08-13 14:20:31,20700.0,3000,Buy,231375508
2024-08-13 14:20:51,20700.0,200,Buy,231376029
2024-08-13 14:21:14,20650.0,800,Sell,231376696
2024-08-13 14:21:14,20650.0,400,Sell,231376697
2024-08-13 14:21:14,20650.0,1000,Sell,231376695
2024-08-13 14:21:14,20650.0,2000,Sell,231376691
2024-08-13 14:21:14,20650.0,200,Sell,231376693
2024-08-13 14:21:14,20650.0,2000,Sell,231376692
2024-08-13 14:21:14,20650.0,2000,Sell,231376694
2024-08-13 14:21:29,20650.0,600,Sell,231377140
2024-08-13 14:21:29,20650.0,100,Sell,231377141
2024-08-13 14:21:31,20800.0,200,Buy,231377292
2024-08-13 14:21:31,20800.0,100,Buy,231377291
2024-08-13 14:21:31,20800.0,1000,Buy,231377290
2024-08-13 14:21:31,20800.0,500,Buy,231377289
2024-08-13 14:21:31,20800.0,100,Buy,231377288
2024-08-13 14:21:31,20800.0,200,Buy,231377287
2024-08-13 14:21:31,20800.0,300,Buy,231377286
2024-08-13 14:21:31,20800.0,10000,Buy,231377285
2024-08-13 14:21:31,20800.0,100,Buy,231377284
2024-08-13 14:21:31,20800.0,400,Buy,231377282
2024-08-13 14:21:31,20800.0,500,Buy,231377281
2024-08-13 14:21:31,20800.0,100,Buy,231377280
2024-08-13 14:21:31,20800.0,1000,Buy,231377279
2024-08-13 14:21:31,20800.0,100,Buy,231377278
2024-08-13 14:21:31,20800.0,2000,Buy,231377277
2024-08-13 14:21:31,20800.0,100,Buy,231377276
2024-08-13 14:21:31,20800.0,300,Buy,231377275
2024-08-13 14:21:31,20750.0,300,Buy,231377274
2024-08-13 14:21:31,20800.0,1000,Buy,231377293
2024-08-13 14:21:31,20800.0,500,Buy,231377294
2024-08-13 14:21:31,20750.0,500,Buy,231377273
2024-08-13 14:21:31,20800.0,100,Buy,231377296
2024-08-13 14:21:31,20800.0,400,Buy,231377316
2024-08-13 14:21:31,20800.0,500,Buy,231377315
2024-08-13 14:21:31,20800.0,100,Buy,231377314
2024-08-13 14:21:31,20800.0,200,Buy,231377313
2024-08-13 14:21:31,20800.0,5000,Buy,231377312
2024-08-13 14:21:31,20800.0,200,Buy,231377311
2024-08-13 14:21:31,20800.0,500,Buy,231377310
2024-08-13 14:21:31,20800.0,1500,Buy,231377309
2024-08-13 14:21:31,20800.0,100,Buy,231377308
2024-08-13 14:21:31,20800.0,100,Buy,231377295
2024-08-13 14:21:31,20800.0,500,Buy,231377307
2024-08-13 14:21:31,20800.0,500,Buy,231377305
2024-08-13 14:21:31,20800.0,500,Buy,231377304
2024-08-13 14:21:31,20800.0,100,Buy,231377303
2024-08-13 14:21:31,20800.0,1100,Buy,231377302
2024-08-13 14:21:31,20800.0,1000,Buy,231377301
2024-08-13 14:21:31,20800.0,1000,Buy,231377300
2024-08-13 14:21:31,20800.0,100,Buy,231377299
2024-08-13 14:21:31,20800.0,1000,Buy,231377298
2024-08-13 14:21:31,20800.0,500,Buy,231377297
2024-08-13 14:21:31,20800.0,500,Buy,231377306
2024-08-13 14:21:31,20750.0,100,Buy,231377272
2024-08-13 14:21:31,20800.0,200,Buy,231377283
2024-08-13 14:21:31,20750.0,1000,Buy,231377270
2024-08-13 14:21:31,20750.0,100,Buy,231377233
2024-08-13 14:21:31,20750.0,200,Buy,231377232
2024-08-13 14:21:31,20750.0,6300,Buy,231377231
2024-08-13 14:21:31,20750.0,100,Buy,231377230
2024-08-13 14:21:31,20750.0,100,Buy,231377229
2024-08-13 14:21:31,20750.0,2000,Buy,231377228
2024-08-13 14:21:31,20750.0,700,Buy,231377227
2024-08-13 14:21:31,20750.0,200,Buy,231377226
2024-08-13 14:21:31,20700.0,300,Buy,231377225
2024-08-13 14:21:31,20750.0,200,Buy,231377234
2024-08-13 14:21:31,20700.0,100,Buy,231377224
2024-08-13 14:21:31,20700.0,1000,Buy,231377222
2024-08-13 14:21:31,20700.0,2000,Buy,231377221
2024-08-13 14:21:31,20700.0,100,Buy,231377220
2024-08-13 14:21:31,20700.0,200,Buy,231377219
2024-08-13 14:21:31,20700.0,2600,Buy,231377218
2024-08-13 14:21:31,20700.0,5000,Buy,231377217
2024-08-13 14:21:31,20700.0,1000,Buy,231377216
2024-08-13 14:21:31,20700.0,300,Buy,231377215
2024-08-13 14:21:31,20650.0,300,Buy,231377214
2024-08-13 14:21:31,20700.0,100,Buy,231377223
2024-08-13 14:21:31,20750.0,1000,Buy,231377235
2024-08-13 14:21:31,20750.0,500,Buy,231377271
2024-08-13 14:21:31,20750.0,1000,Buy,231377237
2024-08-13 14:21:31,20750.0,2000,Buy,231377269
2024-08-13 14:21:31,20750.0,1000,Buy,231377268
2024-08-13 14:21:31,20750.0,2500,Buy,231377267
2024-08-13 14:21:31,20750.0,1500,Buy,231377266
2024-08-13 14:21:31,20750.0,100,Buy,231377265
2024-08-13 14:21:31,20750.0,100,Buy,231377264
2024-08-13 14:21:31,20750.0,500,Buy,231377263
2024-08-13 14:21:31,20750.0,300,Buy,231377262
2024-08-13 14:21:31,20750.0,200,Buy,231377260
2024-08-13 14:21:31,20750.0,1000,Buy,231377261
2024-08-13 14:21:31,20750.0,500,Buy,231377258
2024-08-13 14:21:31,20750.0,700,Buy,231377257
2024-08-13 14:21:31,20750.0,100,Buy,231377256
2024-08-13 14:21:31,20750.0,1000,Buy,231377255
2024-08-13 14:21:31,20750.0,100,Buy,231377254
2024-08-13 14:21:31,20750.0,1000,Buy,231377253
2024-08-13 14:21:31,20750.0,10000,Buy,231377252
2024-08-13 14:21:31,20750.0,200,Buy,231377251
2024-08-13 14:21:31,20750.0,500,Buy,231377250
2024-08-13 14:21:31,20750.0,100,Buy,231377259
2024-08-13 14:21:31,20750.0,5000,Buy,231377236
2024-08-13 14:21:32,20800.0,100,Buy,231377318
2024-08-13 14:21:37,20700.0,100,Buy,231377436
2024-08-13 14:21:42,20700.0,300,Buy,231377535
2024-08-13 14:21:43,20700.0,600,Sell,231377552
