time,price,volume,match_type,id
2024-07-29 12:59:38,20900.0,100,Buy,226986267
2024-07-29 12:59:40,21000.0,500,Sell,226986901
2024-07-29 12:59:40,21000.0,100,Sell,226986900
2024-07-29 12:59:40,21050.0,100,Buy,226986737
2024-07-29 12:59:40,21600.0,200,Buy,226986739
2024-07-29 12:59:40,21000.0,100,Sell,226986740
2024-07-29 12:59:40,21100.0,100,Buy,226986738
2024-07-29 12:59:43,21000.0,100,Sell,226987610
2024-07-29 12:59:43,21000.0,200,Sell,226987609
2024-07-29 12:59:43,21000.0,500,Sell,226987608
2024-07-29 12:59:43,21000.0,300,Sell,226987607
2024-07-29 12:59:43,21000.0,200,Sell,226987601
2024-07-29 12:59:43,21000.0,200,Sell,226987605
2024-07-29 12:59:43,21000.0,200,Sell,226987602
2024-07-29 12:59:43,21000.0,300,Sell,226987606
2024-07-29 12:59:43,21000.0,200,Sell,226987604
2024-07-29 12:59:43,21000.0,200,Sell,226987603
2024-07-29 12:59:46,21000.0,200,Sell,226988190
2024-07-29 12:59:46,21000.0,200,Sell,226988191
2024-07-29 12:59:53,21000.0,500,Sell,226988839
2024-07-29 12:59:53,21000.0,100,Sell,226988831
2024-07-29 12:59:53,21000.0,5000,Sell,226988829
2024-07-29 12:59:53,21000.0,38000,Sell,226988827
2024-07-29 12:59:53,21000.0,500,Sell,226988825
2024-07-29 12:59:53,21150.0,1000,Sell,226988824
2024-07-29 12:59:53,21150.0,200,Buy,226988823
2024-07-29 12:59:53,21100.0,300,Buy,226988822
2024-07-29 12:59:53,21000.0,500,Sell,226988828
2024-07-29 12:59:53,21050.0,200,Buy,226988820
2024-07-29 12:59:53,21100.0,200,Buy,226988821
2024-07-29 12:59:53,21000.0,100,Sell,226988810
2024-07-29 12:59:53,21000.0,200,Sell,226988813
2024-07-29 12:59:53,21000.0,300,Sell,226988814
2024-07-29 12:59:53,21000.0,500,Sell,226988826
2024-07-29 12:59:53,21000.0,200,Sell,226988817
2024-07-29 12:59:53,21000.0,200,Sell,226988815
2024-07-29 12:59:53,21000.0,2500,Sell,226988818
2024-07-29 12:59:53,21000.0,1500,Sell,226988819
2024-07-29 12:59:55,21000.0,1000,Sell,226988973
2024-07-29 12:59:55,21000.0,2000,Sell,226989016
2024-07-29 12:59:58,21000.0,100,Sell,226989108
2024-07-29 13:00:00,21100.0,500,Buy,226989145
2024-07-29 13:00:02,21000.0,300,Sell,226989192
2024-07-29 13:00:03,21100.0,500,Buy,226989285
2024-07-29 13:00:06,21100.0,600,Sell,226989365
2024-07-29 13:00:09,21200.0,100,Buy,226989418
2024-07-29 13:00:11,21150.0,700,Sell,226989432
2024-07-29 13:00:11,21100.0,3900,Sell,226989433
2024-07-29 13:00:11,21050.0,300,Sell,226989434
2024-07-29 13:00:12,21050.0,300,Buy,226989472
2024-07-29 13:00:13,21050.0,1500,Buy,226989478
2024-07-29 13:00:17,21050.0,100,Sell,226989588
2024-07-29 13:00:19,21000.0,30600,Sell,226989601
2024-07-29 13:00:19,21050.0,2400,Sell,226989600
2024-07-29 13:00:20,21200.0,29900,Buy,226989617
2024-07-29 13:00:20,21200.0,200,Buy,226989618
2024-07-29 13:00:20,21200.0,10000,Buy,226989619
2024-07-29 13:00:20,21200.0,9900,Buy,226989620
2024-07-29 13:00:24,21200.0,4500,Buy,226989672
2024-07-29 13:00:27,21100.0,300,Buy,226989773
2024-07-29 13:00:29,21050.0,8500,Sell,226989785
2024-07-29 13:00:30,21050.0,100,Sell,226989809
2024-07-29 13:00:30,21000.0,3200,Sell,226989810
2024-07-29 13:00:30,21050.0,6500,Sell,226989807
2024-07-29 13:00:30,21050.0,200,Sell,226989808
2024-07-29 13:00:38,21050.0,100,Sell,226989976
2024-07-29 13:00:38,21050.0,400,Sell,226989977
2024-07-29 13:00:42,21150.0,500,Buy,226990043
2024-07-29 13:00:42,21150.0,100,Buy,226990044
2024-07-29 13:00:45,21100.0,3000,Sell,226990116
2024-07-29 13:00:50,21050.0,500,Sell,226990238
2024-07-29 13:00:52,21100.0,200,Sell,226990267
2024-07-29 13:00:58,21100.0,4800,Buy,226990427
2024-07-29 13:00:58,21100.0,5200,Buy,226990428
2024-07-29 13:00:59,21050.0,1000,Sell,226990434
2024-07-29 13:00:59,21050.0,100,Sell,226990432
2024-07-29 13:00:59,21050.0,1000,Sell,226990433
2024-07-29 13:01:00,21000.0,18700,Sell,226990468
2024-07-29 13:01:00,21000.0,1000,Sell,226990483
2024-07-29 13:01:00,21000.0,900,Sell,226990482
2024-07-29 13:01:00,21000.0,1000,Sell,226990481
2024-07-29 13:01:00,21000.0,100,Sell,226990480
2024-07-29 13:01:00,21000.0,2000,Sell,226990479
2024-07-29 13:01:00,21000.0,2000,Sell,226990478
2024-07-29 13:01:00,21000.0,16500,Sell,226990477
2024-07-29 13:01:00,21000.0,1900,Sell,226990476
2024-07-29 13:01:00,21000.0,500,Sell,226990474
2024-07-29 13:01:00,21000.0,1000,Sell,226990473
2024-07-29 13:01:00,21000.0,1000,Sell,226990472
2024-07-29 13:01:00,21000.0,600,Sell,226990471
2024-07-29 13:01:00,21000.0,2000,Sell,226990470
2024-07-29 13:01:00,21000.0,500,Sell,226990469
2024-07-29 13:01:00,21000.0,100,Sell,226990475
2024-07-29 13:01:01,21000.0,100,Sell,226990489
2024-07-29 13:01:01,21050.0,100,Buy,226990506
2024-07-29 13:01:01,21000.0,1000,Sell,226990487
2024-07-29 13:01:01,21000.0,900,Sell,226990488
2024-07-29 13:01:04,21050.0,100,Buy,226990551
2024-07-29 13:01:06,21000.0,1000,Sell,226990595
2024-07-29 13:01:07,21000.0,200,Buy,226990611
2024-07-29 13:01:07,21000.0,10000,Buy,226990612
2024-07-29 13:01:08,21000.0,2000,Buy,226990629
2024-07-29 13:01:08,21000.0,5000,Buy,226990630
2024-07-29 13:01:08,21000.0,1800,Buy,226990631
2024-07-29 13:01:08,21000.0,7500,Buy,226990632
2024-07-29 13:01:09,21000.0,7500,Sell,226990680
2024-07-29 13:01:10,21000.0,2000,Sell,226990709
2024-07-29 13:01:11,21000.0,300,Sell,226990724
2024-07-29 13:01:11,21000.0,200,Sell,226990723
2024-07-29 13:01:11,21000.0,1000,Sell,226990717
2024-07-29 13:01:11,21000.0,1200,Sell,226990716
2024-07-29 13:01:12,21000.0,4200,Buy,226990733
2024-07-29 13:01:12,21000.0,5000,Buy,226990741
2024-07-29 13:01:14,20950.0,200,Sell,226990773
2024-07-29 13:01:14,20950.0,100,Sell,226990774
2024-07-29 13:01:17,20900.0,900,Sell,226990875
2024-07-29 13:01:17,20900.0,100,Sell,226990874
2024-07-29 13:01:17,20900.0,100,Sell,226990873
2024-07-29 13:01:17,20900.0,200,Sell,226990872
2024-07-29 13:01:17,20900.0,5000,Sell,226990871
2024-07-29 13:01:17,20900.0,100,Sell,226990870
2024-07-29 13:01:17,20900.0,1000,Sell,226990869
2024-07-29 13:01:17,20900.0,200,Sell,226990865
2024-07-29 13:01:17,20900.0,100,Sell,226990867
2024-07-29 13:01:17,20900.0,100,Sell,226990866
2024-07-29 13:01:17,20900.0,500,Sell,226990864
2024-07-29 13:01:17,20900.0,100,Sell,226990863
2024-07-29 13:01:17,20900.0,100,Sell,226990862
2024-07-29 13:01:17,20900.0,100,Sell,226990823
2024-07-29 13:01:17,20900.0,1500,Sell,226990868
2024-07-29 13:01:18,20900.0,200,Sell,226990901
2024-07-29 13:01:18,20900.0,1100,Sell,226990902
2024-07-29 13:01:18,20900.0,100,Sell,226990903
2024-07-29 13:01:18,20900.0,400,Sell,226990906
2024-07-29 13:01:18,20900.0,100,Sell,226990907
2024-07-29 13:01:18,20900.0,500,Sell,226990910
2024-07-29 13:01:18,20900.0,400,Sell,226990909
2024-07-29 13:01:18,20900.0,500,Sell,226990911
2024-07-29 13:01:18,20900.0,1000,Sell,226990912
2024-07-29 13:01:18,20950.0,1000,Buy,226990918
2024-07-29 13:01:18,20900.0,2000,Sell,226990900
2024-07-29 13:01:18,20900.0,100,Sell,226990908
2024-07-29 13:01:18,20900.0,1000,Sell,226990899
2024-07-29 13:01:18,20900.0,100,Sell,226990893
2024-07-29 13:01:18,20900.0,5000,Sell,226990897
2024-07-29 13:01:18,20900.0,100,Sell,226990885
2024-07-29 13:01:18,20900.0,1000,Sell,226990886
2024-07-29 13:01:18,20900.0,500,Sell,226990887
2024-07-29 13:01:18,20900.0,100,Sell,226990889
2024-07-29 13:01:18,20900.0,1000,Sell,226990890
2024-07-29 13:01:18,20900.0,1000,Sell,226990888
2024-07-29 13:01:18,20900.0,400,Sell,226990892
2024-07-29 13:01:18,20900.0,1000,Sell,226990894
2024-07-29 13:01:18,20900.0,1500,Sell,226990895
2024-07-29 13:01:18,20900.0,10000,Sell,226990896
2024-07-29 13:01:18,20900.0,1000,Sell,226990891
2024-07-29 13:01:18,20900.0,1000,Sell,226990898
2024-07-29 13:01:19,20950.0,300,Buy,226990934
2024-07-29 13:01:20,20950.0,100,Buy,226990950
2024-07-29 13:01:24,20900.0,200,Sell,226991012
2024-07-29 13:01:27,20800.0,100,Sell,226991073
2024-07-29 13:01:27,20850.0,100,Sell,226991072
2024-07-29 13:01:30,20900.0,5000,Buy,226991145
2024-07-29 13:01:30,20900.0,100,Buy,226991146
2024-07-29 13:01:32,20800.0,200,Sell,226991163
2024-07-29 13:01:32,20700.0,500,Sell,226991170
2024-07-29 13:01:32,20700.0,300,Sell,226991169
2024-07-29 13:01:32,20700.0,100,Sell,226991168
2024-07-29 13:01:32,20700.0,100,Sell,226991171
2024-07-29 13:01:32,20800.0,1000,Sell,226991166
2024-07-29 13:01:32,20800.0,100,Sell,226991165
2024-07-29 13:01:32,20800.0,500,Sell,226991164
2024-07-29 13:01:32,20700.0,500,Sell,226991167
2024-07-29 13:01:43,20650.0,400,Sell,226991409
2024-07-29 13:01:46,20700.0,6700,Buy,226991479
2024-07-29 13:01:46,20700.0,1500,Buy,226991480
2024-07-29 13:01:46,20900.0,7000,Buy,226991481
2024-07-29 13:01:46,20950.0,1300,Buy,226991482
2024-07-29 13:01:46,20950.0,5000,Buy,226991483
2024-07-29 13:01:46,20950.0,600,Buy,226991484
2024-07-29 13:01:47,20950.0,7900,Sell,226991494
2024-07-29 13:01:57,20700.0,100,Sell,226991679
2024-07-29 13:01:57,20600.0,100,Sell,226991687
2024-07-29 13:01:57,20650.0,100,Sell,226991686
2024-07-29 13:01:57,20650.0,500,Sell,226991685
2024-07-29 13:01:57,20650.0,300,Sell,226991684
2024-07-29 13:01:57,20700.0,1000,Sell,226991678
2024-07-29 13:01:57,20650.0,500,Sell,226991682
2024-07-29 13:01:57,20700.0,200,Sell,226991680
2024-07-29 13:01:57,20650.0,100,Sell,226991683
2024-07-29 13:01:57,20650.0,100,Sell,226991681
2024-07-29 13:01:58,20900.0,200,Buy,226991719
2024-07-29 13:01:58,20900.0,800,Buy,226991720
2024-07-29 13:02:01,20900.0,100,Buy,226991776
2024-07-29 13:02:16,20800.0,100,Buy,226992106
2024-07-29 13:02:16,20800.0,100,Buy,226992110
2024-07-29 13:02:25,20800.0,800,Buy,226992355
2024-07-29 13:02:26,20800.0,200,Buy,226992394
2024-07-29 13:02:27,20800.0,500,Sell,226992431
2024-07-29 13:02:34,20800.0,200,Sell,226992559
2024-07-29 13:02:41,20900.0,600,Buy,226992747
2024-07-29 13:02:41,20900.0,200,Buy,226992743
2024-07-29 13:02:41,20900.0,400,Buy,226992744
2024-07-29 13:02:41,20900.0,200,Buy,226992745
2024-07-29 13:02:41,20900.0,8600,Buy,226992746
2024-07-29 13:02:44,20900.0,100,Buy,226992800
2024-07-29 13:02:47,20800.0,100,Sell,226992865
2024-07-29 13:02:47,20850.0,100,Sell,226992864
2024-07-29 13:02:49,20900.0,100,Buy,226992973
2024-07-29 13:02:53,20800.0,100,Sell,226993044
2024-07-29 13:02:55,20800.0,200,Sell,226993101
2024-07-29 13:02:56,20800.0,900,Sell,226993115
2024-07-29 13:02:56,20800.0,400,Sell,226993116
2024-07-29 13:02:56,20800.0,200,Sell,226993113
2024-07-29 13:02:56,20800.0,1000,Sell,226993112
2024-07-29 13:02:56,20800.0,500,Sell,226993114
2024-07-29 13:03:22,20800.0,100,Sell,226993604
2024-07-29 13:03:24,20850.0,200,Buy,226993643
2024-07-29 13:03:24,20850.0,200,Buy,226993644
2024-07-29 13:03:28,20800.0,100,Sell,226993719
2024-07-29 13:03:41,20800.0,2000,Sell,226994022
2024-07-29 13:03:41,20800.0,1300,Sell,226994023
2024-07-29 13:03:41,20800.0,1000,Sell,226994020
2024-07-29 13:03:41,20800.0,200,Sell,226994021
2024-07-29 13:03:41,20800.0,1000,Sell,226994019
2024-07-29 13:03:41,20800.0,200,Sell,226994018
2024-07-29 13:03:41,20800.0,100,Sell,226994017
2024-07-29 13:03:41,20800.0,200,Sell,226994016
2024-07-29 13:03:42,20800.0,200,Sell,226994094
2024-07-29 13:03:48,20850.0,100,Buy,226994265
2024-07-29 13:03:52,20800.0,1000,Sell,226994454
2024-07-29 13:03:52,20800.0,100,Sell,226994455
2024-07-29 13:03:52,20800.0,200,Sell,226994456
2024-07-29 13:03:52,20800.0,300,Sell,226994457
2024-07-29 13:03:52,20800.0,400,Sell,226994458
2024-07-29 13:03:56,20800.0,200,Sell,226994518
2024-07-29 13:03:56,20800.0,100,Sell,226994519
2024-07-29 13:03:56,20800.0,100,Sell,226994517
2024-07-29 13:03:56,20800.0,600,Sell,226994516
2024-07-29 13:04:00,20800.0,200,Sell,226994606
2024-07-29 13:04:00,20800.0,1000,Sell,226994607
2024-07-29 13:04:00,20800.0,200,Sell,226994608
2024-07-29 13:04:00,20800.0,2600,Sell,226994609
2024-07-29 13:04:00,20800.0,300,Sell,226994613
2024-07-29 13:04:02,20800.0,100,Sell,226994649
2024-07-29 13:04:10,20800.0,800,Buy,226994852
2024-07-29 13:04:37,20750.0,500,Sell,226995440
2024-07-29 13:04:41,20750.0,300,Sell,226995529
2024-07-29 13:04:41,20750.0,500,Sell,226995530
2024-07-29 13:04:41,20750.0,900,Sell,226995531
2024-07-29 13:04:41,20750.0,200,Sell,226995525
2024-07-29 13:04:47,20800.0,100,Buy,226995635
2024-07-29 13:04:47,20800.0,100,Buy,226995636
2024-07-29 13:04:47,20750.0,100,Sell,226995637
2024-07-29 13:04:47,20750.0,400,Sell,226995638
2024-07-29 13:04:47,20750.0,1000,Sell,226995639
2024-07-29 13:04:47,20750.0,5000,Sell,226995640
2024-07-29 13:04:50,20750.0,1000,Buy,226995704
2024-07-29 13:04:56,20700.0,200,Sell,226995838
2024-07-29 13:04:57,20750.0,100,Buy,226995938
2024-07-29 13:04:58,20750.0,500,Buy,226995951
2024-07-29 13:05:00,20700.0,800,Sell,226995992
2024-07-29 13:05:00,20700.0,1000,Sell,226995993
2024-07-29 13:05:00,20700.0,7000,Sell,226995994
2024-07-29 13:05:00,20700.0,1200,Sell,226995995
2024-07-29 13:05:00,20750.0,400,Buy,226996010
2024-07-29 13:05:01,20750.0,200,Buy,226996031
2024-07-29 13:05:01,20800.0,300,Buy,226996032
2024-07-29 13:05:07,20750.0,500,Sell,226996212
2024-07-29 13:05:13,20750.0,9500,Sell,226996314
2024-07-29 13:05:13,20750.0,500,Sell,226996313
2024-07-29 13:05:15,20800.0,100,Buy,226996370
2024-07-29 13:05:15,20800.0,200,Buy,226996371
2024-07-29 13:05:15,20800.0,500,Buy,226996372
2024-07-29 13:05:15,20800.0,300,Buy,226996369
2024-07-29 13:05:17,20850.0,200,Buy,226996429
2024-07-29 13:05:17,20850.0,200,Buy,226996430
2024-07-29 13:05:17,20850.0,100,Buy,226996431
2024-07-29 13:05:22,20800.0,1900,Sell,226996539
2024-07-29 13:05:29,20800.0,3000,Buy,226996695
2024-07-29 13:05:31,20800.0,2000,Buy,226996733
2024-07-29 13:05:34,20800.0,800,Buy,226996790
2024-07-29 13:05:35,20850.0,200,Buy,226996813
2024-07-29 13:05:35,20850.0,1600,Buy,226996814
2024-07-29 13:05:40,20850.0,200,Buy,226996928
2024-07-29 13:05:41,20800.0,100,Sell,226996950
2024-07-29 13:05:41,20800.0,800,Sell,226996949
2024-07-29 13:05:41,20800.0,900,Sell,226996951
2024-07-29 13:05:41,20850.0,2000,Buy,226996944
2024-07-29 13:05:41,20850.0,200,Buy,226996943
2024-07-29 13:05:41,20850.0,200,Sell,226996948
2024-07-29 13:05:41,20850.0,1200,Buy,226996942
2024-07-29 13:05:43,20750.0,100,Sell,226996975
2024-07-29 13:05:43,20750.0,100,Sell,226996972
2024-07-29 13:05:43,20750.0,2000,Sell,226996973
2024-07-29 13:05:43,20750.0,300,Sell,226996974
2024-07-29 13:05:50,20800.0,200,Sell,226997101
2024-07-29 13:05:51,20800.0,100,Sell,226997111
2024-07-29 13:05:58,20850.0,100,Buy,226997225
2024-07-29 13:06:06,20850.0,200,Buy,226997368
2024-07-29 13:06:13,20850.0,200,Buy,226997520
2024-07-29 13:06:19,20850.0,100,Buy,226997661
2024-07-29 13:06:21,20850.0,300,Buy,226997695
2024-07-29 13:06:25,20850.0,500,Buy,226997824
2024-07-29 13:06:25,20900.0,200,Buy,226997825
2024-07-29 13:06:25,20900.0,2400,Buy,226997826
2024-07-29 13:06:25,20850.0,200,Buy,226997823
2024-07-29 13:06:27,20900.0,30600,Buy,226997862
2024-07-29 13:06:27,20900.0,400,Buy,226997863
2024-07-29 13:06:37,20900.0,3000,Buy,226998078
2024-07-29 13:06:37,20900.0,1500,Buy,226998082
2024-07-29 13:06:39,20900.0,300,Buy,226998151
2024-07-29 13:06:39,20900.0,100,Buy,226998140
2024-07-29 13:06:39,20900.0,1700,Buy,226998139
2024-07-29 13:06:39,20900.0,200,Buy,226998141
2024-07-29 13:06:40,20900.0,2000,Buy,226998159
2024-07-29 13:06:43,20900.0,500,Buy,226998226
2024-07-29 13:06:43,20900.0,200,Buy,226998227
2024-07-29 13:06:43,20900.0,1500,Sell,226998228
2024-07-29 13:06:49,20950.0,600,Buy,226998353
2024-07-29 13:06:56,20950.0,1000,Buy,226998497
2024-07-29 13:06:56,20950.0,600,Buy,226998498
2024-07-29 13:06:56,20950.0,1000,Buy,226998495
2024-07-29 13:06:56,20950.0,400,Buy,226998494
2024-07-29 13:06:56,20950.0,2000,Buy,226998496
2024-07-29 13:06:57,20950.0,1800,Buy,226998516
2024-07-29 13:06:57,20950.0,100,Buy,226998517
2024-07-29 13:06:57,20950.0,1400,Buy,226998515
2024-07-29 13:07:00,20950.0,100,Sell,226998700
2024-07-29 13:07:05,21000.0,600,Buy,226998798
2024-07-29 13:07:08,20950.0,200,Sell,226998877
2024-07-29 13:07:08,20950.0,700,Sell,226998878
2024-07-29 13:07:16,21000.0,1000,Buy,226999031
2024-07-29 13:07:19,20950.0,100,Sell,226999092
2024-07-29 13:07:25,21000.0,100,Buy,226999216
2024-07-29 13:07:30,20950.0,300,Sell,226999394
2024-07-29 13:07:30,20950.0,200,Sell,226999393
2024-07-29 13:07:39,20950.0,100,Sell,226999573
2024-07-29 13:07:39,20950.0,100,Sell,226999574
2024-07-29 13:07:39,20950.0,100,Sell,226999575
2024-07-29 13:07:40,21000.0,300,Buy,226999580
2024-07-29 13:07:42,21000.0,300,Buy,226999618
2024-07-29 13:07:44,21000.0,1000,Buy,226999703
2024-07-29 13:07:46,21000.0,200,Buy,226999723
2024-07-29 13:07:47,20950.0,200,Sell,226999738
2024-07-29 13:07:48,21000.0,2000,Buy,226999775
2024-07-29 13:07:50,20950.0,300,Sell,226999841
2024-07-29 13:07:50,21000.0,2800,Buy,226999823
2024-07-29 13:07:53,20950.0,300,Sell,226999893
2024-07-29 13:07:55,21000.0,500,Buy,226999949
2024-07-29 13:07:55,21000.0,200,Buy,226999948
2024-07-29 13:07:55,21000.0,2000,Buy,226999944
2024-07-29 13:07:55,21000.0,100,Buy,226999945
2024-07-29 13:07:55,21000.0,100,Buy,226999943
2024-07-29 13:07:55,21000.0,100,Buy,226999947
2024-07-29 13:07:55,21000.0,200,Buy,226999941
2024-07-29 13:07:55,21000.0,500,Buy,226999942
2024-07-29 13:07:55,21000.0,100,Buy,226999914
2024-07-29 13:07:55,21000.0,41100,Buy,226999938
2024-07-29 13:07:55,21000.0,800,Buy,226999946
2024-07-29 13:07:55,21000.0,50000,Buy,226999940
2024-07-29 13:07:55,21000.0,200,Buy,226999939
2024-07-29 13:07:56,21000.0,300,Sell,226999964
2024-07-29 13:07:57,21000.0,2000,Sell,226999978
2024-07-29 13:07:59,21050.0,100,Buy,227000025
2024-07-29 13:07:59,21050.0,200,Buy,227000026
2024-07-29 13:07:59,21050.0,200,Buy,227000027
2024-07-29 13:08:09,21100.0,2000,Buy,227000198
2024-07-29 13:08:09,21100.0,300,Buy,227000210
2024-07-29 13:08:10,21100.0,800,Buy,227000228
2024-07-29 13:08:11,21100.0,300,Buy,227000253
2024-07-29 13:08:11,21100.0,200,Buy,227000252
2024-07-29 13:08:11,21100.0,6900,Buy,227000250
2024-07-29 13:08:11,21100.0,200,Buy,227000251
2024-07-29 13:08:17,21150.0,1300,Buy,227000318
2024-07-29 13:08:18,21150.0,1700,Buy,227000357
2024-07-29 13:08:18,21150.0,5000,Buy,227000358
2024-07-29 13:08:18,21150.0,100,Buy,227000359
2024-07-29 13:08:18,21150.0,200,Buy,227000360
2024-07-29 13:08:18,21150.0,300,Buy,227000361
2024-07-29 13:08:20,21150.0,500,Sell,227000394
2024-07-29 13:08:23,21200.0,200,Buy,227000454
2024-07-29 13:08:27,21200.0,600,Buy,227000528
2024-07-29 13:08:27,21200.0,400,Buy,227000527
2024-07-29 13:08:28,21150.0,200,Sell,227000546
2024-07-29 13:08:30,21200.0,100,Buy,227000569
2024-07-29 13:08:30,21200.0,9300,Buy,227000579
2024-07-29 13:08:30,21200.0,5000,Buy,227000580
2024-07-29 13:08:30,21200.0,1000,Buy,227000581
2024-07-29 13:08:30,21200.0,400,Buy,227000582
2024-07-29 13:08:30,21200.0,1000,Buy,227000583
2024-07-29 13:08:30,21200.0,1000,Buy,227000584
2024-07-29 13:08:30,21200.0,2300,Buy,227000585
2024-07-29 13:08:31,21200.0,5000,Buy,227000627
2024-07-29 13:08:31,21200.0,500,Buy,227000626
2024-07-29 13:08:31,21200.0,300,Buy,227000625
2024-07-29 13:08:31,21200.0,200,Buy,227000624
2024-07-29 13:08:31,21200.0,3000,Buy,227000620
2024-07-29 13:08:31,21200.0,100,Buy,227000622
2024-07-29 13:08:31,21200.0,2000,Buy,227000621
2024-07-29 13:08:31,21200.0,3500,Buy,227000619
2024-07-29 13:08:31,21200.0,100,Buy,227000623
2024-07-29 13:08:34,21200.0,100,Sell,227000728
2024-07-29 13:08:36,21200.0,500,Sell,227000783
2024-07-29 13:08:40,21250.0,300,Buy,227000910
2024-07-29 13:08:40,21250.0,100,Buy,227000911
2024-07-29 13:08:40,21250.0,200,Buy,227000908
2024-07-29 13:08:40,21250.0,200,Buy,227000909
2024-07-29 13:08:41,21250.0,200,Sell,227000953
2024-07-29 13:08:47,21300.0,200,Buy,227001041
2024-07-29 13:08:48,21300.0,300,Buy,227001051
2024-07-29 13:08:48,21300.0,100,Buy,227001050
2024-07-29 13:08:48,21300.0,300,Buy,227001052
2024-07-29 13:08:48,21300.0,100,Buy,227001048
2024-07-29 13:08:48,21300.0,800,Buy,227001047
2024-07-29 13:08:48,21300.0,500,Buy,227001046
2024-07-29 13:08:48,21300.0,300,Buy,227001049
2024-07-29 13:08:51,21350.0,200,Buy,227001138
2024-07-29 13:08:51,21350.0,100,Buy,227001139
2024-07-29 13:08:51,21350.0,300,Buy,227001140
2024-07-29 13:08:51,21350.0,1000,Buy,227001141
2024-07-29 13:08:55,21400.0,200,Buy,227001210
2024-07-29 13:08:57,21350.0,900,Sell,227001250
2024-07-29 13:08:57,21350.0,100,Sell,227001251
2024-07-29 13:09:01,21400.0,100,Buy,227001348
2024-07-29 13:09:03,21400.0,100,Buy,227001392
2024-07-29 13:09:03,21400.0,200,Buy,227001390
2024-07-29 13:09:03,21400.0,200,Buy,227001384
2024-07-29 13:09:03,21400.0,600,Buy,227001379
2024-07-29 13:09:06,21400.0,1000,Buy,227001502
2024-07-29 13:09:08,21400.0,200,Buy,227001546
2024-07-29 13:09:08,21400.0,2000,Buy,227001545
2024-07-29 13:09:08,21400.0,300,Buy,227001544
2024-07-29 13:09:08,21400.0,200,Buy,227001547
2024-07-29 13:09:08,21400.0,100,Buy,227001542
2024-07-29 13:09:08,21400.0,2000,Buy,227001541
2024-07-29 13:09:08,21400.0,300,Buy,227001540
2024-07-29 13:09:08,21400.0,100,Buy,227001543
2024-07-29 13:09:08,21400.0,2800,Buy,227001539
2024-07-29 13:09:10,21400.0,1500,Sell,227001571
2024-07-29 13:09:12,21400.0,500,Sell,227001713
2024-07-29 13:09:12,21400.0,100,Sell,227001714
2024-07-29 13:09:12,21400.0,400,Sell,227001715
2024-07-29 13:09:12,21400.0,100,Sell,227001716
2024-07-29 13:09:17,21450.0,300,Buy,227001803
2024-07-29 13:09:17,21400.0,500,Sell,227001804
2024-07-29 13:09:21,21450.0,100,Buy,227001896
2024-07-29 13:09:21,21450.0,3500,Buy,227001895
2024-07-29 13:09:21,21450.0,300,Buy,227001894
2024-07-29 13:09:21,21450.0,500,Buy,227001898
2024-07-29 13:09:21,21500.0,6800,Buy,227001899
2024-07-29 13:09:21,21450.0,2000,Buy,227001897
2024-07-29 13:09:21,21450.0,100,Buy,227001893
2024-07-29 13:09:21,21450.0,4700,Buy,227001888
2024-07-29 13:09:21,21450.0,500,Buy,227001891
2024-07-29 13:09:21,21450.0,200,Buy,227001892
2024-07-29 13:09:21,21400.0,500,Sell,227001877
2024-07-29 13:09:21,21400.0,500,Sell,227001886
2024-07-29 13:09:21,21400.0,500,Sell,227001887
2024-07-29 13:09:21,21450.0,300,Buy,227001890
2024-07-29 13:09:21,21450.0,1000,Buy,227001889
2024-07-29 13:09:22,21400.0,200,Sell,227001922
2024-07-29 13:09:22,21400.0,200,Sell,227001928
2024-07-29 13:09:24,21450.0,500,Buy,227001955
2024-07-29 13:09:30,21450.0,1000,Sell,227002096
2024-07-29 13:09:30,21450.0,1000,Sell,227002102
2024-07-29 13:09:31,21450.0,100,Sell,227002137
2024-07-29 13:09:31,21500.0,1000,Buy,227002134
2024-07-29 13:09:31,21450.0,700,Sell,227002135
2024-07-29 13:09:31,21450.0,200,Sell,227002136
2024-07-29 13:09:34,21450.0,200,Sell,227002203
2024-07-29 13:09:37,21450.0,800,Sell,227002280
2024-07-29 13:09:40,21450.0,2200,Buy,227002356
2024-07-29 13:09:40,21450.0,200,Buy,227002357
2024-07-29 13:09:41,21450.0,200,Buy,227002377
2024-07-29 13:09:43,21450.0,200,Buy,227002431
2024-07-29 13:09:43,21450.0,200,Buy,227002423
2024-07-29 13:09:44,21400.0,5000,Sell,227002446
2024-07-29 13:09:44,21400.0,1700,Sell,227002447
2024-07-29 13:09:45,21450.0,200,Buy,227002456
2024-07-29 13:09:45,21450.0,800,Buy,227002457
2024-07-29 13:09:45,21400.0,1300,Sell,227002466
2024-07-29 13:09:45,21400.0,5000,Sell,227002467
2024-07-29 13:09:45,21400.0,1300,Sell,227002468
2024-07-29 13:09:45,21400.0,1000,Sell,227002469
2024-07-29 13:09:45,21400.0,400,Sell,227002470
2024-07-29 13:09:45,21400.0,5000,Sell,227002471
2024-07-29 13:09:46,21400.0,1600,Sell,227002491
2024-07-29 13:09:49,21350.0,300,Sell,227002621
2024-07-29 13:09:49,21350.0,200,Sell,227002622
2024-07-29 13:09:49,21350.0,500,Sell,227002623
2024-07-29 13:09:49,21350.0,900,Sell,227002620
2024-07-29 13:09:50,21350.0,200,Sell,227002626
2024-07-29 13:09:50,21350.0,1000,Sell,227002627
2024-07-29 13:09:50,21400.0,300,Buy,227002633
2024-07-29 13:09:51,21400.0,1300,Buy,227002648
2024-07-29 13:09:51,21350.0,3700,Buy,227002647
2024-07-29 13:09:52,21300.0,200,Sell,227002672
2024-07-29 13:09:52,21300.0,200,Sell,227002671
2024-07-29 13:09:52,21300.0,2600,Sell,227002668
2024-07-29 13:09:52,21300.0,1000,Sell,227002669
2024-07-29 13:09:52,21300.0,1000,Sell,227002670
2024-07-29 13:09:55,21300.0,300,Buy,227002806
2024-07-29 13:09:55,21350.0,1500,Buy,227002807
2024-07-29 13:09:55,21350.0,600,Buy,227002812
2024-07-29 13:09:56,21350.0,100,Buy,227002825
2024-07-29 13:09:56,21350.0,1900,Buy,227002824
2024-07-29 13:10:00,21300.0,800,Buy,227002931
2024-07-29 13:10:03,21300.0,300,Buy,227003010
2024-07-29 13:10:04,21300.0,900,Buy,227003023
2024-07-29 13:10:07,21300.0,4100,Sell,227003137
2024-07-29 13:10:09,21300.0,100,Buy,227003192
2024-07-29 13:10:10,21250.0,300,Sell,227003195
2024-07-29 13:10:10,21250.0,400,Sell,227003194
2024-07-29 13:10:12,21250.0,4300,Sell,227003253
2024-07-29 13:10:12,21250.0,700,Buy,227003232
2024-07-29 13:10:13,21300.0,2000,Buy,227003268
2024-07-29 13:10:16,21200.0,300,Sell,227003311
2024-07-29 13:10:16,21200.0,500,Sell,227003312
2024-07-29 13:10:19,21250.0,200,Buy,227003364
2024-07-29 13:10:19,21200.0,1000,Sell,227003365
2024-07-29 13:10:19,21250.0,100,Buy,227003366
2024-07-29 13:10:19,21250.0,1000,Buy,227003367
2024-07-29 13:10:19,21300.0,3500,Buy,227003368
2024-07-29 13:10:24,21200.0,300,Sell,227003432
2024-07-29 13:10:27,21250.0,700,Buy,227003477
2024-07-29 13:10:28,21200.0,2900,Sell,227003490
2024-07-29 13:10:28,21200.0,1100,Sell,227003491
2024-07-29 13:10:28,21200.0,2000,Sell,227003492
2024-07-29 13:10:28,21200.0,500,Sell,227003493
2024-07-29 13:10:28,21200.0,1500,Sell,227003494
2024-07-29 13:10:30,21200.0,400,Buy,227003559
2024-07-29 13:10:31,21250.0,300,Buy,227003584
2024-07-29 13:10:31,21200.0,1000,Buy,227003582
2024-07-29 13:10:31,21200.0,1600,Buy,227003581
2024-07-29 13:10:31,21200.0,100,Buy,227003583
2024-07-29 13:10:33,21250.0,100,Buy,227003620
2024-07-29 13:10:33,21100.0,100,Sell,227003607
2024-07-29 13:10:33,21100.0,300,Sell,227003608
2024-07-29 13:10:33,21250.0,1000,Buy,227003618
2024-07-29 13:10:37,21250.0,100,Buy,227003702
2024-07-29 13:10:39,21200.0,300,Sell,227003906
2024-07-29 13:10:41,21200.0,100,Sell,227003977
2024-07-29 13:10:42,21200.0,500,Sell,227003996
2024-07-29 13:10:50,21200.0,100,Sell,227004130
2024-07-29 13:10:50,21200.0,100,Sell,227004131
2024-07-29 13:10:50,21200.0,100,Sell,227004132
2024-07-29 13:10:54,21200.0,100,Sell,227004278
2024-07-29 13:10:54,21200.0,900,Sell,227004279
2024-07-29 13:10:55,21200.0,100,Sell,227004281
2024-07-29 13:10:55,21200.0,300,Sell,227004282
2024-07-29 13:10:57,21200.0,100,Buy,227004332
2024-07-29 13:10:58,21200.0,300,Buy,227004359
2024-07-29 13:10:58,21200.0,100,Buy,227004358
2024-07-29 13:11:02,21200.0,200,Buy,227004408
2024-07-29 13:11:02,21200.0,400,Buy,227004409
2024-07-29 13:11:02,21200.0,400,Buy,227004410
2024-07-29 13:11:03,21200.0,100,Buy,227004458
2024-07-29 13:11:04,21100.0,300,Sell,227004472
2024-07-29 13:11:04,21100.0,100,Sell,227004473
2024-07-29 13:11:04,21100.0,100,Sell,227004471
2024-07-29 13:11:04,21100.0,500,Sell,227004474
2024-07-29 13:11:04,21100.0,100,Sell,227004469
2024-07-29 13:11:04,21100.0,7900,Sell,227004468
2024-07-29 13:11:04,21100.0,700,Sell,227004467
2024-07-29 13:11:04,21100.0,300,Sell,227004470
2024-07-29 13:11:12,21100.0,100,Sell,227004696
2024-07-29 13:11:12,21100.0,3300,Sell,227004697
2024-07-29 13:11:12,21100.0,1000,Sell,227004698
2024-07-29 13:11:12,21100.0,1000,Sell,227004699
2024-07-29 13:11:21,21050.0,200,Sell,227004892
2024-07-29 13:11:21,21050.0,200,Sell,227004893
2024-07-29 13:11:24,21100.0,1700,Buy,227004974
2024-07-29 13:11:25,21050.0,100,Sell,227005014
2024-07-29 13:11:25,21050.0,300,Sell,227005015
2024-07-29 13:11:27,21100.0,800,Buy,227005050
2024-07-29 13:11:28,21100.0,400,Sell,227005063
2024-07-29 13:11:28,21100.0,2100,Buy,227005058
2024-07-29 13:11:28,21100.0,400,Buy,227005059
2024-07-29 13:11:28,21100.0,100,Buy,227005060
2024-07-29 13:11:29,21100.0,1000,Sell,227005094
2024-07-29 13:11:31,21000.0,2700,Sell,227005171
2024-07-29 13:11:31,21000.0,5000,Sell,227005170
2024-07-29 13:11:31,21000.0,100,Sell,227005165
2024-07-29 13:11:31,21000.0,700,Sell,227005169
2024-07-29 13:11:31,21000.0,100,Sell,227005168
2024-07-29 13:11:31,21000.0,300,Sell,227005167
2024-07-29 13:11:31,21000.0,500,Sell,227005166
2024-07-29 13:11:31,21000.0,6000,Sell,227005164
2024-07-29 13:11:31,21000.0,1900,Sell,227005157
2024-07-29 13:11:31,21000.0,1000,Sell,227005162
2024-07-29 13:11:31,21000.0,1000,Sell,227005163
2024-07-29 13:11:31,21100.0,400,Buy,227005153
2024-07-29 13:11:31,21000.0,1800,Sell,227005158
2024-07-29 13:11:31,21100.0,3600,Sell,227005156
2024-07-29 13:11:31,21000.0,100,Sell,227005160
2024-07-29 13:11:31,21000.0,200,Sell,227005161
2024-07-29 13:11:31,21000.0,5000,Sell,227005159
2024-07-29 13:11:39,21000.0,100,Sell,227005374
2024-07-29 13:11:39,21000.0,100,Sell,227005375
2024-07-29 13:11:39,21000.0,300,Sell,227005376
2024-07-29 13:11:39,21000.0,100,Sell,227005377
2024-07-29 13:11:39,21000.0,200,Sell,227005378
2024-07-29 13:11:39,21000.0,1200,Sell,227005379
2024-07-29 13:11:39,21050.0,100,Buy,227005380
2024-07-29 13:11:45,21150.0,100,Buy,227005529
2024-07-29 13:12:02,21100.0,200,Sell,227005896
2024-07-29 13:12:10,21050.0,100,Sell,227006091
2024-07-29 13:12:12,21100.0,100,Buy,227006117
2024-07-29 13:12:12,21100.0,100,Buy,227006115
2024-07-29 13:12:12,21100.0,500,Buy,227006116
2024-07-29 13:12:17,21050.0,900,Sell,227006255
2024-07-29 13:12:17,21050.0,100,Sell,227006256
2024-07-29 13:12:17,21050.0,2000,Sell,227006257
2024-07-29 13:12:17,21050.0,900,Sell,227006258
2024-07-29 13:12:18,21100.0,400,Buy,227006290
2024-07-29 13:12:18,21150.0,100,Buy,227006291
2024-07-29 13:12:25,21100.0,1000,Buy,227006447
2024-07-29 13:12:25,21100.0,100,Buy,227006448
2024-07-29 13:12:25,21100.0,2900,Buy,227006466
2024-07-29 13:12:28,21100.0,100,Sell,227006532
2024-07-29 13:12:28,21100.0,400,Sell,227006533
2024-07-29 13:12:29,21100.0,1600,Sell,227006540
2024-07-29 13:12:29,21050.0,400,Sell,227006541
2024-07-29 13:12:30,21100.0,100,Sell,227006574
2024-07-29 13:12:41,21100.0,500,Sell,227006773
2024-07-29 13:12:57,21100.0,100,Sell,227007196
2024-07-29 13:12:57,21100.0,500,Sell,227007195
2024-07-29 13:13:07,21100.0,200,Sell,227007439
2024-07-29 13:13:09,21150.0,400,Buy,227007505
2024-07-29 13:13:09,21150.0,200,Buy,227007503
2024-07-29 13:13:09,21150.0,400,Buy,227007504
2024-07-29 13:13:10,21150.0,400,Buy,227007519
2024-07-29 13:13:10,21150.0,100,Buy,227007528
2024-07-29 13:13:10,21150.0,500,Buy,227007526
2024-07-29 13:13:10,21150.0,300,Buy,227007524
2024-07-29 13:13:10,21150.0,200,Buy,227007527
2024-07-29 13:13:10,21150.0,1000,Buy,227007522
2024-07-29 13:13:10,21150.0,600,Buy,227007521
2024-07-29 13:13:10,21150.0,100,Buy,227007520
2024-07-29 13:13:10,21150.0,300,Buy,227007523
2024-07-29 13:13:10,21150.0,300,Buy,227007525
2024-07-29 13:13:17,21200.0,200,Buy,227007799
2024-07-29 13:13:19,21200.0,400,Buy,227007857
2024-07-29 13:13:19,21200.0,200,Buy,227007861
2024-07-29 13:13:19,21200.0,100,Buy,227007860
2024-07-29 13:13:19,21200.0,300,Buy,227007859
2024-07-29 13:13:19,21200.0,300,Buy,227007858
2024-07-29 13:13:19,21200.0,2000,Buy,227007856
2024-07-29 13:13:19,21200.0,1200,Buy,227007854
2024-07-29 13:13:19,21200.0,200,Buy,227007850
2024-07-29 13:13:19,21200.0,400,Buy,227007851
2024-07-29 13:13:19,21200.0,500,Buy,227007855
2024-07-29 13:13:19,21200.0,500,Buy,227007853
2024-07-29 13:13:19,21200.0,400,Buy,227007852
2024-07-29 13:13:26,21250.0,200,Buy,227008034
2024-07-29 13:13:27,21250.0,500,Buy,227008039
2024-07-29 13:13:27,21250.0,300,Buy,227008040
2024-07-29 13:13:35,21200.0,100,Buy,227008186
2024-07-29 13:13:35,21250.0,300,Buy,227008198
2024-07-29 13:13:35,21250.0,300,Buy,227008199
2024-07-29 13:13:35,21250.0,300,Buy,227008200
2024-07-29 13:13:35,21250.0,1000,Buy,227008201
2024-07-29 13:13:35,21250.0,800,Buy,227008202
2024-07-29 13:13:35,21250.0,400,Buy,227008203
2024-07-29 13:13:35,21250.0,600,Buy,227008204
2024-07-29 13:13:35,21250.0,300,Buy,227008197
2024-07-29 13:13:40,21250.0,200,Buy,227008271
2024-07-29 13:13:42,21250.0,100,Buy,227008309
2024-07-29 13:13:44,21250.0,300,Buy,227008356
2024-07-29 13:13:46,21250.0,100,Buy,227008419
2024-07-29 13:13:46,21250.0,900,Buy,227008450
2024-07-29 13:13:46,21250.0,200,Buy,227008418
2024-07-29 13:13:46,21250.0,100,Buy,227008449
2024-07-29 13:13:51,21250.0,100,Buy,227008537
2024-07-29 13:13:51,21300.0,200,Buy,227008552
2024-07-29 13:13:51,21300.0,400,Buy,227008551
2024-07-29 13:13:51,21300.0,500,Buy,227008550
2024-07-29 13:13:51,21300.0,500,Buy,227008549
2024-07-29 13:13:51,21300.0,300,Buy,227008548
2024-07-29 13:13:51,21300.0,300,Buy,227008547
2024-07-29 13:13:51,21300.0,300,Buy,227008546
2024-07-29 13:13:51,21300.0,800,Buy,227008545
2024-07-29 13:13:51,21300.0,1000,Buy,227008543
2024-07-29 13:13:51,21300.0,20000,Buy,227008542
2024-07-29 13:13:51,21300.0,500,Buy,227008541
2024-07-29 13:13:51,21300.0,300,Buy,227008540
2024-07-29 13:13:51,21250.0,100,Buy,227008539
2024-07-29 13:13:51,21250.0,3000,Buy,227008538
2024-07-29 13:13:51,21300.0,300,Buy,227008544
2024-07-29 13:13:55,21300.0,900,Sell,227008625
2024-07-29 13:14:04,21300.0,400,Sell,227008836
2024-07-29 13:14:06,21300.0,100,Sell,227008863
2024-07-29 13:14:08,21350.0,300,Buy,227008914
2024-07-29 13:14:08,21350.0,300,Buy,227008917
2024-07-29 13:14:08,21350.0,300,Buy,227008918
2024-07-29 13:14:08,21350.0,300,Buy,227008919
2024-07-29 13:14:08,21350.0,1000,Buy,227008920
2024-07-29 13:14:08,21350.0,400,Buy,227008921
2024-07-29 13:14:08,21350.0,1000,Buy,227008922
2024-07-29 13:14:08,21350.0,400,Buy,227008923
2024-07-29 13:14:18,21350.0,1800,Buy,227009195
2024-07-29 13:14:18,21350.0,100,Buy,227009193
2024-07-29 13:14:18,21350.0,500,Buy,227009176
2024-07-29 13:14:18,21350.0,100,Buy,227009194
2024-07-29 13:14:19,21350.0,1400,Buy,227009213
2024-07-29 13:14:24,21350.0,100,Buy,227009317
2024-07-29 13:14:25,21350.0,1700,Buy,227009340
2024-07-29 13:14:25,21350.0,100,Buy,227009341
2024-07-29 13:14:25,21350.0,300,Buy,227009342
2024-07-29 13:14:27,21350.0,2900,Sell,227009371
2024-07-29 13:14:33,21350.0,2100,Buy,227009611
2024-07-29 13:14:39,21350.0,2000,Sell,227009816
2024-07-29 13:14:39,21350.0,1200,Sell,227009818
2024-07-29 13:14:39,21350.0,3800,Sell,227009815
2024-07-29 13:14:39,21350.0,3000,Sell,227009817
2024-07-29 13:14:46,21350.0,600,Sell,227009993
2024-07-29 13:14:46,21350.0,300,Sell,227009990
2024-07-29 13:14:46,21350.0,300,Sell,227009991
2024-07-29 13:14:46,21350.0,1500,Sell,227009992
2024-07-29 13:14:49,21350.0,100,Buy,227010034
2024-07-29 13:14:50,21350.0,100,Buy,227010061
2024-07-29 13:15:08,21350.0,100,Buy,227010541
2024-07-29 13:15:14,21300.0,200,Sell,227010701
2024-07-29 13:15:16,21300.0,1000,Sell,227010742
2024-07-29 13:15:18,21300.0,3000,Sell,227010786
2024-07-29 13:15:19,21300.0,800,Sell,227010813
2024-07-29 13:15:19,21300.0,2000,Sell,227010806
2024-07-29 13:15:19,21300.0,1700,Sell,227010805
2024-07-29 13:15:19,21300.0,700,Sell,227010804
2024-07-29 13:15:19,21300.0,100,Sell,227010803
2024-07-29 13:15:19,21300.0,2000,Sell,227010802
2024-07-29 13:15:19,21300.0,1000,Sell,227010799
2024-07-29 13:15:19,21300.0,1000,Sell,227010800
2024-07-29 13:15:19,21300.0,100,Sell,227010798
2024-07-29 13:15:19,21300.0,1000,Sell,227010797
2024-07-29 13:15:19,21300.0,100,Sell,227010796
2024-07-29 13:15:19,21300.0,2700,Sell,227010795
2024-07-29 13:15:19,21300.0,1300,Sell,227010801
2024-07-29 13:15:23,21350.0,1000,Buy,227010900
2024-07-29 13:15:23,21350.0,1500,Buy,227010901
2024-07-29 13:15:23,21350.0,100,Buy,227010899
2024-07-29 13:15:23,21350.0,4000,Buy,227010895
2024-07-29 13:15:23,21350.0,300,Buy,227010897
2024-07-29 13:15:23,21350.0,1000,Buy,227010896
2024-07-29 13:15:23,21350.0,2000,Buy,227010894
2024-07-29 13:15:23,21350.0,100,Buy,227010898
2024-07-29 13:15:28,21300.0,300,Buy,227011023
2024-07-29 13:15:31,21300.0,100,Buy,227011127
2024-07-29 13:15:46,21300.0,100,Buy,227011507
2024-07-29 13:15:46,21300.0,900,Buy,227011508
2024-07-29 13:15:49,21300.0,100,Buy,227011563
2024-07-29 13:15:50,21300.0,500,Buy,227011588
2024-07-29 13:16:07,21250.0,500,Sell,227011952
2024-07-29 13:16:08,21250.0,4500,Sell,227011982
2024-07-29 13:16:08,21250.0,13900,Sell,227011983
2024-07-29 13:16:09,21300.0,16500,Buy,227012021
2024-07-29 13:16:09,21300.0,1500,Buy,227012030
2024-07-29 13:16:10,21300.0,100,Buy,227012048
2024-07-29 13:16:10,21250.0,2000,Sell,227012056
2024-07-29 13:16:14,21300.0,1000,Buy,227012118
2024-07-29 13:16:14,21300.0,400,Buy,227012115
2024-07-29 13:16:14,21300.0,500,Buy,227012116
2024-07-29 13:16:14,21300.0,100,Buy,227012117
2024-07-29 13:16:20,21300.0,100,Buy,227012249
2024-07-29 13:16:24,21300.0,3000,Buy,227012337
2024-07-29 13:16:29,21300.0,600,Buy,227012470
2024-07-29 13:16:29,21300.0,1100,Buy,227012471
2024-07-29 13:16:31,21250.0,1000,Sell,227012507
2024-07-29 13:16:31,21300.0,200,Buy,227012528
2024-07-29 13:16:31,21250.0,2000,Sell,227012531
2024-07-29 13:16:36,21300.0,1000,Buy,227012622
2024-07-29 13:16:36,21300.0,1000,Buy,227012621
2024-07-29 13:16:36,21300.0,300,Buy,227012619
2024-07-29 13:16:36,21300.0,100,Buy,227012617
2024-07-29 13:16:36,21300.0,100,Buy,227012620
2024-07-29 13:16:36,21300.0,500,Buy,227012618
2024-07-29 13:16:37,21250.0,800,Sell,227012680
2024-07-29 13:16:44,21300.0,1900,Buy,227012847
2024-07-29 13:16:47,21250.0,100,Sell,227012934
2024-07-29 13:16:47,21250.0,500,Sell,227012936
2024-07-29 13:16:47,21250.0,500,Sell,227012935
2024-07-29 13:16:47,21250.0,2000,Sell,227012933
2024-07-29 13:16:47,21250.0,200,Sell,227012931
2024-07-29 13:16:47,21250.0,300,Sell,227012930
2024-07-29 13:16:47,21250.0,100,Sell,227012932
2024-07-29 13:16:48,21250.0,300,Buy,227012986
2024-07-29 13:16:49,21250.0,400,Sell,227013010
2024-07-29 13:16:51,21300.0,100,Buy,227013052
2024-07-29 13:16:59,21250.0,300,Sell,227013224
2024-07-29 13:16:59,21250.0,200,Sell,227013225
2024-07-29 13:17:00,21250.0,1000,Buy,227013261
2024-07-29 13:17:00,21250.0,1000,Buy,227013262
2024-07-29 13:17:01,21250.0,1000,Buy,227013273
2024-07-29 13:17:13,21200.0,800,Sell,227013504
2024-07-29 13:17:13,21200.0,200,Sell,227013503
2024-07-29 13:17:20,21200.0,3000,Sell,227013648
2024-07-29 13:17:21,21200.0,500,Sell,227013693
2024-07-29 13:17:29,21200.0,100,Sell,227013861
2024-07-29 13:17:34,21200.0,100,Sell,227013958
2024-07-29 13:17:34,21200.0,500,Sell,227013957
2024-07-29 13:17:34,21200.0,200,Sell,227013955
2024-07-29 13:17:34,21200.0,500,Sell,227013956
2024-07-29 13:17:34,21200.0,100,Sell,227013953
2024-07-29 13:17:34,21200.0,700,Sell,227013951
2024-07-29 13:17:34,21200.0,1200,Sell,227013954
2024-07-29 13:17:34,21200.0,1000,Sell,227013952
2024-07-29 13:17:35,21200.0,11800,Buy,227013985
2024-07-29 13:17:40,21150.0,100,Sell,227014099
2024-07-29 13:17:40,21150.0,300,Sell,227014105
2024-07-29 13:17:40,21150.0,2000,Sell,227014104
2024-07-29 13:17:40,21150.0,1000,Sell,227014103
2024-07-29 13:17:40,21150.0,1000,Sell,227014098
2024-07-29 13:17:40,21150.0,1000,Sell,227014101
2024-07-29 13:17:40,21150.0,500,Sell,227014100
2024-07-29 13:17:40,21150.0,1000,Sell,227014102
2024-07-29 13:17:41,21200.0,200,Buy,227014128
2024-07-29 13:17:42,21200.0,5600,Buy,227014150
2024-07-29 13:17:49,21200.0,1000,Buy,227014324
2024-07-29 13:17:51,21200.0,100,Buy,227014383
2024-07-29 13:17:51,21200.0,4100,Buy,227014377
2024-07-29 13:17:51,21200.0,100,Buy,227014378
2024-07-29 13:17:51,21200.0,1000,Buy,227014379
2024-07-29 13:17:51,21200.0,1000,Buy,227014380
2024-07-29 13:17:51,21200.0,100,Buy,227014381
2024-07-29 13:17:51,21200.0,100,Buy,227014382
2024-07-29 13:17:54,21200.0,1000,Sell,227014439
2024-07-29 13:17:54,21200.0,1000,Sell,227014438
2024-07-29 13:18:08,21200.0,800,Sell,227014803
2024-07-29 13:18:08,21200.0,100,Sell,227014801
2024-07-29 13:18:08,21200.0,100,Sell,227014802
2024-07-29 13:18:13,21200.0,1100,Sell,227014910
2024-07-29 13:18:13,21200.0,100,Sell,227014911
2024-07-29 13:18:13,21200.0,700,Sell,227014912
2024-07-29 13:18:15,21250.0,200,Buy,227014949
2024-07-29 13:18:16,21200.0,300,Sell,227014971
2024-07-29 13:18:16,21200.0,200,Sell,227014972
2024-07-29 13:18:16,21200.0,200,Sell,227014974
2024-07-29 13:18:16,21200.0,300,Sell,227014975
2024-07-29 13:18:16,21200.0,1000,Sell,227014973
2024-07-29 13:18:17,21200.0,100,Sell,227014985
2024-07-29 13:18:23,21200.0,100,Sell,227015096
2024-07-29 13:18:29,21200.0,500,Sell,227015243
2024-07-29 13:18:32,21200.0,100,Sell,227015291
2024-07-29 13:18:33,21200.0,200,Sell,227015306
2024-07-29 13:18:33,21200.0,1300,Sell,227015305
2024-07-29 13:18:43,21200.0,100,Sell,227015519
2024-07-29 13:18:44,21250.0,1000,Buy,227015541
2024-07-29 13:18:44,21250.0,100,Buy,227015532
2024-07-29 13:18:46,21200.0,100,Sell,227015592
2024-07-29 13:18:46,21200.0,1300,Sell,227015593
2024-07-29 13:18:46,21200.0,600,Sell,227015594
2024-07-29 13:18:48,21250.0,4300,Buy,227015637
2024-07-29 13:18:48,21250.0,900,Buy,227015638
2024-07-29 13:18:48,21250.0,200,Buy,227015639
2024-07-29 13:18:48,21250.0,3000,Buy,227015640
2024-07-29 13:18:48,21250.0,200,Buy,227015641
2024-07-29 13:18:54,21250.0,100,Sell,227015766
2024-07-29 13:18:59,21300.0,400,Buy,227015868
2024-07-29 13:19:00,21300.0,500,Buy,227015900
2024-07-29 13:19:00,21300.0,4600,Buy,227015898
2024-07-29 13:19:00,21300.0,500,Buy,227015899
2024-07-29 13:19:01,21250.0,300,Sell,227015922
2024-07-29 13:19:01,21250.0,700,Sell,227015923
2024-07-29 13:19:02,21300.0,500,Buy,227015926
2024-07-29 13:19:02,21300.0,200,Buy,227015927
2024-07-29 13:19:02,21300.0,300,Buy,227015928
2024-07-29 13:19:03,21300.0,1000,Buy,227015966
2024-07-29 13:19:09,21300.0,500,Buy,227016127
2024-07-29 13:19:09,21300.0,500,Buy,227016128
2024-07-29 13:19:09,21300.0,1000,Buy,227016126
2024-07-29 13:19:09,21300.0,2700,Buy,227016121
2024-07-29 13:19:09,21300.0,400,Buy,227016124
2024-07-29 13:19:09,21300.0,500,Buy,227016123
2024-07-29 13:19:09,21300.0,100,Buy,227016122
2024-07-29 13:19:09,21300.0,500,Buy,227016125
2024-07-29 13:19:27,21300.0,100,Sell,227016626
2024-07-29 13:19:31,21300.0,200,Sell,227016739
2024-07-29 13:19:34,21300.0,1000,Sell,227016829
2024-07-29 13:19:35,21300.0,2000,Sell,227016854
2024-07-29 13:19:36,21300.0,200,Sell,227016865
2024-07-29 13:19:40,21300.0,200,Sell,227016935
2024-07-29 13:19:53,21300.0,20000,Sell,227017215
2024-07-29 13:19:56,21300.0,100,Sell,227017278
2024-07-29 13:19:56,21300.0,100,Sell,227017279
2024-07-29 13:19:57,21300.0,900,Sell,227017309
2024-07-29 13:19:57,21300.0,100,Sell,227017310
2024-07-29 13:19:59,21300.0,300,Sell,227017350
2024-07-29 13:19:59,21350.0,200,Buy,227017352
2024-07-29 13:20:01,21300.0,300,Sell,227017382
2024-07-29 13:20:01,21300.0,500,Sell,227017366
2024-07-29 13:20:01,21300.0,800,Sell,227017367
2024-07-29 13:20:02,21300.0,400,Sell,227017384
2024-07-29 13:20:02,21300.0,100,Sell,227017385
2024-07-29 13:20:02,21300.0,100,Sell,227017386
2024-07-29 13:20:02,21300.0,500,Sell,227017387
2024-07-29 13:20:02,21300.0,100,Sell,227017388
2024-07-29 13:20:02,21300.0,800,Sell,227017383
2024-07-29 13:20:03,21300.0,900,Sell,227017402
2024-07-29 13:20:03,21300.0,2100,Sell,227017403
2024-07-29 13:20:12,21250.0,100,Sell,227017587
2024-07-29 13:20:13,21300.0,100,Buy,227017611
2024-07-29 13:20:15,21300.0,200,Buy,227017662
2024-07-29 13:20:15,21300.0,1300,Buy,227017663
2024-07-29 13:20:18,21250.0,300,Sell,227017723
2024-07-29 13:20:20,21300.0,2000,Buy,227017792
2024-07-29 13:20:21,21250.0,500,Sell,227017795
2024-07-29 13:20:21,21250.0,300,Sell,227017798
2024-07-29 13:20:23,21300.0,1000,Buy,227017844
2024-07-29 13:20:24,21250.0,300,Sell,227017863
2024-07-29 13:20:25,21300.0,100,Buy,227017887
2024-07-29 13:20:25,21300.0,2900,Buy,227017888
2024-07-29 13:20:25,21300.0,700,Buy,227017885
2024-07-29 13:20:25,21300.0,300,Buy,227017886
2024-07-29 13:20:28,21300.0,100,Buy,227017930
2024-07-29 13:20:28,21300.0,4100,Buy,227017931
2024-07-29 13:20:29,21300.0,4800,Buy,227017948
2024-07-29 13:20:29,21300.0,300,Buy,227017949
2024-07-29 13:20:29,21300.0,4200,Buy,227017950
2024-07-29 13:20:29,21300.0,200,Buy,227017951
2024-07-29 13:20:29,21300.0,500,Buy,227017952
2024-07-29 13:20:33,21350.0,500,Buy,227018050
2024-07-29 13:20:33,21350.0,300,Buy,227018049
2024-07-29 13:20:33,21350.0,1000,Buy,227018048
2024-07-29 13:20:33,21350.0,1000,Buy,227018045
2024-07-29 13:20:33,21350.0,600,Buy,227018046
2024-07-29 13:20:33,21350.0,1000,Buy,227018044
2024-07-29 13:20:33,21350.0,19800,Buy,227018043
2024-07-29 13:20:33,21350.0,1000,Buy,227018047
2024-07-29 13:20:40,21300.0,100,Sell,227018214
2024-07-29 13:20:44,21350.0,6400,Buy,227018277
2024-07-29 13:20:47,21300.0,100,Sell,227018325
2024-07-29 13:20:53,21300.0,200,Buy,227018444
2024-07-29 13:20:53,21300.0,500,Sell,227018435
2024-07-29 13:20:53,21300.0,100,Sell,227018436
2024-07-29 13:20:53,21300.0,100,Sell,227018433
2024-07-29 13:20:53,21300.0,300,Sell,227018432
2024-07-29 13:20:53,21300.0,2500,Sell,227018431
2024-07-29 13:20:53,21300.0,500,Sell,227018434
2024-07-29 13:20:54,21300.0,900,Buy,227018469
2024-07-29 13:20:57,21350.0,200,Buy,227018550
2024-07-29 13:21:04,21350.0,300,Buy,227018664
2024-07-29 13:21:19,21350.0,500,Buy,227018939
2024-07-29 13:21:29,21350.0,2000,Buy,227019171
2024-07-29 13:21:31,21350.0,100,Buy,227019232
2024-07-29 13:21:31,21350.0,100,Buy,227019231
2024-07-29 13:21:35,21300.0,100,Sell,227019320
2024-07-29 13:21:35,21300.0,3600,Sell,227019321
2024-07-29 13:21:35,21300.0,300,Sell,227019322
2024-07-29 13:21:36,21350.0,300,Buy,227019366
2024-07-29 13:21:36,21350.0,100,Buy,227019365
2024-07-29 13:21:36,21350.0,300,Buy,227019363
2024-07-29 13:21:36,21350.0,3000,Buy,227019362
2024-07-29 13:21:36,21350.0,500,Buy,227019361
2024-07-29 13:21:36,21350.0,100,Buy,227019364
2024-07-29 13:21:36,21350.0,100,Buy,227019359
2024-07-29 13:21:36,21350.0,300,Buy,227019358
2024-07-29 13:21:36,21350.0,5000,Buy,227019357
2024-07-29 13:21:36,21350.0,200,Buy,227019356
2024-07-29 13:21:36,21350.0,100,Buy,227019355
2024-07-29 13:21:36,21350.0,100,Buy,227019360
2024-07-29 13:21:37,21350.0,1000,Sell,227019392
2024-07-29 13:21:47,21350.0,200,Sell,227019585
2024-07-29 13:21:52,21400.0,100,Buy,227019692
2024-07-29 13:21:52,21400.0,100,Buy,227019693
2024-07-29 13:21:56,21400.0,100,Buy,227019777
2024-07-29 13:22:10,21400.0,200,Buy,227020073
2024-07-29 13:22:10,21400.0,100,Buy,227020072
2024-07-29 13:22:10,21400.0,100,Buy,227020070
2024-07-29 13:22:10,21400.0,100,Buy,227020071
2024-07-29 13:22:14,21350.0,200,Sell,227020157
2024-07-29 13:22:14,21350.0,200,Sell,227020158
2024-07-29 13:22:16,21400.0,100,Buy,227020199
2024-07-29 13:22:16,21400.0,400,Buy,227020200
2024-07-29 13:22:19,21400.0,5100,Buy,227020254
2024-07-29 13:22:19,21400.0,1800,Buy,227020253
2024-07-29 13:22:19,21400.0,100,Buy,227020252
2024-07-29 13:22:19,21400.0,300,Buy,227020251
2024-07-29 13:22:19,21400.0,500,Buy,227020250
2024-07-29 13:22:19,21400.0,200,Buy,227020249
2024-07-29 13:22:19,21400.0,600,Buy,227020248
2024-07-29 13:22:19,21400.0,6000,Buy,227020246
2024-07-29 13:22:19,21400.0,1000,Buy,227020245
2024-07-29 13:22:19,21400.0,400,Buy,227020240
2024-07-29 13:22:19,21400.0,100,Buy,227020241
2024-07-29 13:22:19,21400.0,500,Buy,227020247
2024-07-29 13:22:19,21400.0,200,Buy,227020243
2024-07-29 13:22:19,21400.0,500,Buy,227020244
2024-07-29 13:22:19,21400.0,1000,Buy,227020242
2024-07-29 13:22:20,21400.0,200,Buy,227020274
2024-07-29 13:22:23,21350.0,300,Sell,227020312
2024-07-29 13:22:28,21350.0,100,Sell,227020371
2024-07-29 13:22:28,21350.0,300,Sell,227020372
2024-07-29 13:22:28,21350.0,200,Sell,227020376
2024-07-29 13:22:29,21350.0,400,Sell,227020393
2024-07-29 13:22:33,21400.0,2000,Buy,227020456
2024-07-29 13:22:39,21400.0,2100,Buy,227020563
2024-07-29 13:22:39,21400.0,2700,Buy,227020562
2024-07-29 13:22:45,21350.0,100,Sell,227020682
2024-07-29 13:23:01,21400.0,300,Buy,227020999
2024-07-29 13:23:03,21400.0,7600,Buy,227021022
2024-07-29 13:23:03,21400.0,1000,Buy,227021023
2024-07-29 13:23:03,21400.0,500,Buy,227021024
2024-07-29 13:23:03,21400.0,900,Buy,227021025
2024-07-29 13:23:05,21400.0,100,Buy,227021077
2024-07-29 13:23:05,21400.0,500,Buy,227021076
2024-07-29 13:23:05,21400.0,300,Buy,227021075
2024-07-29 13:23:05,21400.0,100,Buy,227021073
2024-07-29 13:23:05,21400.0,100,Buy,227021072
2024-07-29 13:23:05,21400.0,20000,Buy,227021074
2024-07-29 13:23:05,21400.0,2000,Buy,227021055
2024-07-29 13:23:07,21450.0,300,Buy,227021150
2024-07-29 13:23:07,21450.0,400,Buy,227021151
2024-07-29 13:23:07,21450.0,7300,Buy,227021152
2024-07-29 13:23:07,21400.0,100,Sell,227021155
2024-07-29 13:23:07,21450.0,1200,Buy,227021149
2024-07-29 13:23:13,21400.0,500,Sell,227021248
2024-07-29 13:23:13,21400.0,2000,Sell,227021252
2024-07-29 13:23:22,21400.0,6300,Sell,227021436
2024-07-29 13:23:22,21400.0,3700,Sell,227021465
2024-07-29 13:23:23,21400.0,200,Sell,227021485
2024-07-29 13:23:24,21400.0,1000,Sell,227021533
2024-07-29 13:23:24,21400.0,200,Sell,227021534
2024-07-29 13:23:29,21400.0,2000,Buy,227021613
2024-07-29 13:23:32,21400.0,9700,Buy,227021628
2024-07-29 13:23:36,21400.0,2000,Buy,227021698
2024-07-29 13:23:38,21400.0,100,Buy,227021795
2024-07-29 13:23:38,21400.0,15100,Buy,227021794
2024-07-29 13:23:39,21450.0,2000,Buy,227021816
2024-07-29 13:23:44,21450.0,400,Buy,227021936
2024-07-29 13:23:45,21450.0,200,Buy,227021976
2024-07-29 13:23:45,21450.0,100,Buy,227021975
2024-07-29 13:23:45,21450.0,600,Buy,227021974
2024-07-29 13:23:45,21450.0,1000,Buy,227021973
2024-07-29 13:23:45,21450.0,300,Buy,227021972
2024-07-29 13:23:45,21450.0,200,Buy,227021969
2024-07-29 13:23:45,21450.0,100,Buy,227021968
2024-07-29 13:23:45,21450.0,1000,Buy,227021967
2024-07-29 13:23:45,21450.0,200,Buy,227021965
2024-07-29 13:23:45,21450.0,1000,Buy,227021964
2024-07-29 13:23:45,21450.0,1000,Buy,227021963
2024-07-29 13:23:45,21450.0,300,Buy,227021962
2024-07-29 13:23:45,21450.0,1000,Buy,227021961
2024-07-29 13:23:45,21450.0,1000,Buy,227021960
2024-07-29 13:23:45,21450.0,100,Buy,227021959
2024-07-29 13:23:45,21450.0,300,Buy,227021958
2024-07-29 13:23:45,21450.0,600,Buy,227021966
2024-07-29 13:23:46,21450.0,700,Buy,227022004
2024-07-29 13:23:46,21450.0,100,Sell,227021991
2024-07-29 13:23:46,21450.0,300,Sell,227021999
2024-07-29 13:23:47,21450.0,100,Sell,227022065
2024-07-29 13:23:48,21450.0,900,Buy,227022097
2024-07-29 13:23:50,21450.0,500,Sell,227022175
2024-07-29 13:23:55,21450.0,100,Sell,227022290
2024-07-29 13:23:55,21500.0,500,Buy,227022291
2024-07-29 13:23:57,21450.0,100,Sell,227022327
2024-07-29 13:23:57,21450.0,900,Sell,227022328
2024-07-29 13:24:01,21450.0,4900,Sell,227022401
2024-07-29 13:24:01,21450.0,100,Sell,227022400
2024-07-29 13:24:07,21500.0,1000,Buy,227022563
2024-07-29 13:24:15,21450.0,2000,Sell,227022725
2024-07-29 13:24:18,21500.0,1300,Buy,227022767
2024-07-29 13:24:19,21500.0,300,Buy,227022779
2024-07-29 13:24:19,21450.0,3300,Sell,227022781
2024-07-29 13:24:19,21450.0,900,Sell,227022782
2024-07-29 13:24:19,21450.0,800,Sell,227022783
2024-07-29 13:24:20,21500.0,100,Buy,227022813
2024-07-29 13:24:33,21500.0,3000,Buy,227023035
2024-07-29 13:24:34,21500.0,200,Buy,227023051
2024-07-29 13:24:34,21500.0,2000,Buy,227023074
2024-07-29 13:24:34,21500.0,300,Buy,227023073
2024-07-29 13:24:34,21500.0,100,Buy,227023072
2024-07-29 13:24:34,21500.0,1000,Buy,227023071
2024-07-29 13:24:34,21500.0,5000,Buy,227023070
2024-07-29 13:24:34,21500.0,2000,Buy,227023069
2024-07-29 13:24:34,21500.0,300,Buy,227023068
2024-07-29 13:24:34,21500.0,300,Buy,227023067
2024-07-29 13:24:34,21500.0,1000,Buy,227023066
2024-07-29 13:24:34,21500.0,300,Buy,227023065
2024-07-29 13:24:34,21500.0,2000,Buy,227023064
2024-07-29 13:24:34,21500.0,16000,Buy,227023050
2024-07-29 13:24:34,21500.0,500,Buy,227023062
2024-07-29 13:24:34,21500.0,200,Buy,227023063
2024-07-29 13:24:34,21500.0,100,Buy,227023052
2024-07-29 13:24:34,21500.0,1000,Buy,227023054
2024-07-29 13:24:34,21500.0,100,Buy,227023055
2024-07-29 13:24:34,21500.0,1000,Buy,227023056
2024-07-29 13:24:34,21500.0,100,Buy,227023053
2024-07-29 13:24:34,21500.0,5000,Buy,227023058
2024-07-29 13:24:34,21500.0,600,Buy,227023059
2024-07-29 13:24:34,21500.0,100,Buy,227023060
2024-07-29 13:24:34,21500.0,300,Buy,227023061
2024-07-29 13:24:34,21500.0,1000,Buy,227023057
2024-07-29 13:24:35,21500.0,300,Buy,227023099
2024-07-29 13:24:35,21500.0,200,Buy,227023104
2024-07-29 13:24:35,21500.0,700,Buy,227023103
2024-07-29 13:24:35,21500.0,500,Buy,227023102
2024-07-29 13:24:35,21500.0,100,Buy,227023101
2024-07-29 13:24:35,21500.0,200,Buy,227023100
2024-07-29 13:24:35,21500.0,1000,Buy,227023098
2024-07-29 13:24:35,21500.0,200,Buy,227023093
2024-07-29 13:24:35,21500.0,3000,Buy,227023096
2024-07-29 13:24:35,21500.0,300,Buy,227023095
2024-07-29 13:24:35,21500.0,1500,Buy,227023094
2024-07-29 13:24:35,21500.0,100,Buy,227023092
2024-07-29 13:24:35,21500.0,2000,Buy,227023091
2024-07-29 13:24:35,21500.0,200,Buy,227023090
2024-07-29 13:24:35,21500.0,8000,Buy,227023089
2024-07-29 13:24:35,21500.0,1500,Buy,227023097
2024-07-29 13:24:39,21550.0,500,Buy,227023169
2024-07-29 13:24:39,21550.0,500,Buy,227023171
2024-07-29 13:24:39,21550.0,500,Buy,227023170
2024-07-29 13:24:39,21550.0,300,Buy,227023167
2024-07-29 13:24:39,21550.0,20000,Buy,227023168
2024-07-29 13:24:39,21550.0,200,Buy,227023165
2024-07-29 13:24:39,21550.0,500,Buy,227023162
2024-07-29 13:24:39,21550.0,300,Buy,227023163
2024-07-29 13:24:39,21550.0,500,Buy,227023166
2024-07-29 13:24:39,21550.0,100,Buy,227023161
2024-07-29 13:24:39,21550.0,200,Buy,227023164
2024-07-29 13:24:40,21500.0,200,Sell,227023190
2024-07-29 13:24:40,21500.0,4900,Sell,227023191
2024-07-29 13:24:40,21500.0,100,Sell,227023192
2024-07-29 13:24:40,21500.0,24800,Sell,227023193
2024-07-29 13:24:46,21550.0,1000,Buy,227023331
2024-07-29 13:24:47,21550.0,100,Buy,227023360
2024-07-29 13:24:47,21550.0,500,Buy,227023351
2024-07-29 13:24:47,21550.0,300,Buy,227023352
2024-07-29 13:24:47,21550.0,100,Buy,227023353
2024-07-29 13:24:47,21550.0,4100,Buy,227023354
2024-07-29 13:24:47,21550.0,100,Buy,227023355
2024-07-29 13:24:47,21550.0,5800,Buy,227023358
2024-07-29 13:24:47,21550.0,200,Buy,227023359
2024-07-29 13:24:49,21550.0,500,Sell,227023459
2024-07-29 13:24:56,21600.0,100,Buy,227023682
2024-07-29 13:24:56,21600.0,500,Buy,227023667
2024-07-29 13:24:56,21600.0,100,Buy,227023669
2024-07-29 13:24:56,21600.0,400,Buy,227023670
2024-07-29 13:24:56,21600.0,200,Buy,227023671
2024-07-29 13:24:56,21600.0,500,Buy,227023672
2024-07-29 13:24:56,21600.0,1000,Buy,227023673
2024-07-29 13:24:56,21600.0,100,Buy,227023683
2024-07-29 13:24:56,21600.0,20000,Buy,227023674
2024-07-29 13:24:56,21600.0,300,Buy,227023676
2024-07-29 13:24:56,21600.0,100,Buy,227023677
2024-07-29 13:24:56,21600.0,3000,Buy,227023678
2024-07-29 13:24:56,21600.0,300,Buy,227023679
2024-07-29 13:24:56,21600.0,1000,Buy,227023680
2024-07-29 13:24:56,21600.0,10000,Buy,227023681
2024-07-29 13:24:56,21600.0,100,Buy,227023666
2024-07-29 13:24:56,21600.0,100,Buy,227023665
2024-07-29 13:24:56,21600.0,100,Buy,227023675
2024-07-29 13:24:56,21600.0,200,Buy,227023663
2024-07-29 13:24:56,21600.0,300,Buy,227023664
2024-07-29 13:24:56,21600.0,800,Buy,227023646
2024-07-29 13:24:56,21600.0,500,Buy,227023647
2024-07-29 13:24:56,21600.0,200,Buy,227023648
2024-07-29 13:24:56,21600.0,500,Buy,227023649
2024-07-29 13:24:56,21600.0,100,Buy,227023650
2024-07-29 13:24:56,21600.0,100,Buy,227023651
2024-07-29 13:24:56,21600.0,300,Buy,227023652
2024-07-29 13:24:56,21600.0,200,Buy,227023653
2024-07-29 13:24:56,21600.0,800,Buy,227023668
2024-07-29 13:24:56,21600.0,300,Buy,227023655
2024-07-29 13:24:56,21600.0,500,Buy,227023661
2024-07-29 13:24:56,21600.0,500,Buy,227023654
2024-07-29 13:24:56,21600.0,300,Buy,227023660
2024-07-29 13:24:56,21600.0,1000,Buy,227023662
2024-07-29 13:24:56,21600.0,100,Buy,227023658
2024-07-29 13:24:56,21600.0,200,Buy,227023657
2024-07-29 13:24:56,21600.0,100,Buy,227023656
2024-07-29 13:24:56,21600.0,1000,Buy,227023659
2024-07-29 13:24:57,21600.0,200,Buy,227023687
2024-07-29 13:24:59,21600.0,100,Sell,227023776
2024-07-29 13:25:01,21600.0,1000,Sell,227023847
2024-07-29 13:25:02,21650.0,200,Buy,227023856
2024-07-29 13:25:03,21600.0,100,Sell,227023899
2024-07-29 13:25:07,21650.0,200,Buy,227023974
2024-07-29 13:25:07,21650.0,100,Buy,227023973
2024-07-29 13:25:07,21650.0,600,Buy,227023972
2024-07-29 13:25:07,21650.0,100,Buy,227023971
2024-07-29 13:25:07,21650.0,400,Buy,227023970
2024-07-29 13:25:07,21650.0,300,Buy,227023967
2024-07-29 13:25:07,21650.0,3000,Buy,227023966
2024-07-29 13:25:07,21650.0,4700,Buy,227023965
2024-07-29 13:25:07,21650.0,100,Buy,227023964
2024-07-29 13:25:07,21650.0,1000,Buy,227023969
2024-07-29 13:25:07,21650.0,200,Buy,227023968
2024-07-29 13:25:10,21650.0,200,Sell,227024017
2024-07-29 13:25:10,21650.0,100,Sell,227024018
2024-07-29 13:25:12,21700.0,200,Buy,227024056
2024-07-29 13:25:18,21650.0,100,Sell,227024189
2024-07-29 13:25:18,21700.0,500,Buy,227024191
2024-07-29 13:25:20,21650.0,200,Sell,227024231
2024-07-29 13:25:20,21700.0,300,Buy,227024237
2024-07-29 13:25:20,21700.0,500,Buy,227024238
2024-07-29 13:25:21,21700.0,900,Buy,227024304
2024-07-29 13:25:21,21700.0,1000,Buy,227024267
2024-07-29 13:25:24,21700.0,1000,Buy,227024379
2024-07-29 13:25:25,21700.0,1000,Buy,227024455
2024-07-29 13:25:27,21700.0,1000,Buy,227024493
2024-07-29 13:25:27,21700.0,500,Buy,227024509
2024-07-29 13:25:27,21700.0,800,Buy,227024510
2024-07-29 13:25:27,21650.0,100,Sell,227024546
2024-07-29 13:25:29,21700.0,500,Buy,227024599
2024-07-29 13:25:32,21700.0,10000,Buy,227024655
2024-07-29 13:25:33,21700.0,1000,Buy,227024721
2024-07-29 13:25:37,21700.0,2700,Buy,227024836
2024-07-29 13:25:37,21700.0,2900,Buy,227024846
2024-07-29 13:25:39,21700.0,4000,Buy,227024875
2024-07-29 13:25:42,21650.0,700,Sell,227024917
2024-07-29 13:25:42,21700.0,1000,Buy,227024934
2024-07-29 13:25:44,21700.0,200,Buy,227024959
2024-07-29 13:25:44,21700.0,100,Buy,227024960
2024-07-29 13:25:44,21700.0,200,Buy,227024968
2024-07-29 13:25:44,21700.0,300,Buy,227024969
2024-07-29 13:25:47,21700.0,100,Buy,227025002
2024-07-29 13:25:47,21700.0,200,Buy,227025003
2024-07-29 13:25:47,21700.0,200,Buy,227025004
2024-07-29 13:25:50,21700.0,100,Buy,227025141
2024-07-29 13:25:53,21700.0,200,Buy,227025203
2024-07-29 13:25:54,21700.0,200,Buy,227025234
2024-07-29 13:25:54,21700.0,100,Buy,227025221
2024-07-29 13:25:56,21650.0,2000,Sell,227025269
2024-07-29 13:25:57,21700.0,600,Buy,227025290
2024-07-29 13:25:57,21700.0,1000,Buy,227025289
2024-07-29 13:25:57,21700.0,800,Buy,227025288
2024-07-29 13:25:57,21700.0,100,Buy,227025287
2024-07-29 13:25:57,21700.0,200,Buy,227025286
2024-07-29 13:25:57,21700.0,100,Buy,227025285
2024-07-29 13:25:57,21700.0,300,Buy,227025284
2024-07-29 13:25:57,21700.0,500,Buy,227025283
2024-07-29 13:25:57,21700.0,100,Buy,227025282
2024-07-29 13:25:57,21700.0,1000,Buy,227025281
2024-07-29 13:25:57,21700.0,100,Buy,227025280
2024-07-29 13:25:57,21700.0,200,Buy,227025279
2024-07-29 13:25:57,21650.0,200,Sell,227025278
2024-07-29 13:25:57,21650.0,500,Sell,227025277
2024-07-29 13:25:57,21650.0,400,Sell,227025276
2024-07-29 13:25:57,21650.0,500,Sell,227025275
2024-07-29 13:25:57,21650.0,300,Sell,227025274
2024-07-29 13:25:57,21650.0,100,Sell,227025272
2024-07-29 13:25:57,21650.0,1000,Sell,227025273
2024-07-29 13:25:58,21650.0,8900,Sell,227025318
2024-07-29 13:25:58,21650.0,100,Sell,227025317
2024-07-29 13:25:58,21650.0,800,Sell,227025315
2024-07-29 13:25:58,21650.0,200,Sell,227025316
2024-07-29 13:25:59,21700.0,400,Buy,227025347
2024-07-29 13:26:00,21700.0,1000,Sell,227025384
2024-07-29 13:26:01,21700.0,500,Sell,227025398
2024-07-29 13:26:14,21700.0,500,Sell,227025733
2024-07-29 13:26:16,21700.0,200,Sell,227025790
2024-07-29 13:26:16,21750.0,100,Buy,227025787
2024-07-29 13:26:17,21700.0,200,Sell,227025808
2024-07-29 13:26:20,21700.0,200,Sell,227025885
2024-07-29 13:26:20,21700.0,900,Sell,227025886
2024-07-29 13:26:22,21700.0,100,Sell,227025916
2024-07-29 13:26:22,21700.0,100,Sell,227025917
2024-07-29 13:26:22,21700.0,4500,Sell,227025928
2024-07-29 13:26:22,21700.0,5000,Sell,227025921
2024-07-29 13:26:22,21700.0,4000,Sell,227025922
2024-07-29 13:26:22,21700.0,1000,Sell,227025923
2024-07-29 13:26:22,21700.0,100,Sell,227025924
2024-07-29 13:26:22,21700.0,6800,Sell,227025925
2024-07-29 13:26:22,21700.0,6900,Sell,227025926
2024-07-29 13:26:22,21700.0,500,Sell,227025927
2024-07-29 13:26:22,21700.0,900,Sell,227025920
2024-07-29 13:26:26,21700.0,900,Buy,227025998
2024-07-29 13:26:26,21700.0,200,Buy,227025989
2024-07-29 13:26:26,21700.0,100,Buy,227025997
2024-07-29 13:26:28,21700.0,400,Buy,227026023
2024-07-29 13:26:31,21650.0,700,Sell,227026124
2024-07-29 13:26:31,21650.0,7200,Sell,227026125
2024-07-29 13:26:31,21650.0,500,Sell,227026126
2024-07-29 13:26:31,21650.0,100,Sell,227026127
2024-07-29 13:26:31,21650.0,500,Sell,227026128
2024-07-29 13:26:31,21600.0,2700,Sell,227026129
2024-07-29 13:26:31,21600.0,1200,Sell,227026130
2024-07-29 13:26:31,21600.0,5200,Sell,227026131
2024-07-29 13:26:35,21650.0,100,Buy,227026184
2024-07-29 13:26:35,21650.0,100,Buy,227026178
2024-07-29 13:26:43,21650.0,500,Sell,227026314
2024-07-29 13:26:43,21650.0,1000,Sell,227026315
2024-07-29 13:26:43,21650.0,100,Buy,227026324
2024-07-29 13:26:44,21650.0,800,Buy,227026347
2024-07-29 13:26:45,21650.0,300,Buy,227026352
2024-07-29 13:26:45,21600.0,200,Sell,227026353
2024-07-29 13:26:49,21650.0,1000,Buy,227026475
2024-07-29 13:26:50,21600.0,100,Sell,227026484
2024-07-29 13:26:51,21600.0,500,Sell,227026516
2024-07-29 13:26:53,21650.0,1000,Buy,227026550
2024-07-29 13:26:54,21600.0,1000,Sell,227026578
2024-07-29 13:26:55,21650.0,1000,Buy,227026594
2024-07-29 13:26:58,21650.0,3000,Buy,227026650
2024-07-29 13:26:59,21600.0,500,Sell,227026676
2024-07-29 13:27:00,21600.0,1700,Sell,227026701
2024-07-29 13:27:00,21600.0,100,Sell,227026702
2024-07-29 13:27:00,21600.0,100,Sell,227026703
2024-07-29 13:27:00,21600.0,1000,Sell,227026704
2024-07-29 13:27:00,21600.0,7000,Sell,227026705
2024-07-29 13:27:00,21600.0,900,Sell,227026706
2024-07-29 13:27:07,21600.0,100,Sell,227026848
2024-07-29 13:27:07,21600.0,100,Sell,227026845
2024-07-29 13:27:07,21600.0,2000,Sell,227026841
2024-07-29 13:27:07,21600.0,100,Sell,227026840
2024-07-29 13:27:07,21600.0,1000,Sell,227026839
2024-07-29 13:27:07,21600.0,100,Sell,227026847
2024-07-29 13:27:07,21600.0,2000,Sell,227026837
2024-07-29 13:27:07,21600.0,1000,Sell,227026838
2024-07-29 13:27:07,21600.0,1100,Sell,227026818
2024-07-29 13:27:07,21600.0,200,Sell,227026819
2024-07-29 13:27:07,21600.0,2000,Sell,227026846
2024-07-29 13:27:07,21600.0,1000,Sell,227026820
2024-07-29 13:27:07,21600.0,47700,Sell,227026821
2024-07-29 13:27:07,21600.0,2300,Sell,227026836
2024-07-29 13:27:11,21550.0,500,Sell,227026900
2024-07-29 13:27:13,21600.0,600,Buy,227026917
2024-07-29 13:27:13,21600.0,100,Buy,227026921
2024-07-29 13:27:13,21600.0,500,Buy,227026926
2024-07-29 13:27:18,21550.0,500,Sell,227027044
2024-07-29 13:27:26,21550.0,200,Sell,227027232
2024-07-29 13:27:26,21600.0,400,Buy,227027233
2024-07-29 13:27:29,21550.0,100,Sell,227027281
2024-07-29 13:27:31,21600.0,200,Buy,227027413
2024-07-29 13:27:31,21600.0,6400,Buy,227027414
2024-07-29 13:27:31,21600.0,1000,Buy,227027415
2024-07-29 13:27:31,21600.0,1000,Buy,227027416
2024-07-29 13:27:31,21600.0,1400,Buy,227027412
2024-07-29 13:27:33,21600.0,500,Buy,227027460
2024-07-29 13:27:34,21600.0,1000,Buy,227027479
2024-07-29 13:27:40,21550.0,700,Sell,227027609
2024-07-29 13:27:45,21550.0,300,Sell,227027691
2024-07-29 13:27:45,21550.0,200,Sell,227027692
2024-07-29 13:27:45,21550.0,400,Sell,227027690
2024-07-29 13:27:45,21550.0,600,Sell,227027688
2024-07-29 13:27:45,21550.0,400,Sell,227027689
2024-07-29 13:27:45,21550.0,100,Sell,227027687
2024-07-29 13:27:47,21550.0,100,Sell,227027728
2024-07-29 13:27:51,21550.0,3000,Sell,227027805
2024-07-29 13:27:51,21550.0,100,Sell,227027806
2024-07-29 13:27:51,21550.0,400,Buy,227027819
2024-07-29 13:27:51,21550.0,200,Sell,227027804
2024-07-29 13:27:54,21550.0,100,Buy,227027901
2024-07-29 13:27:56,21550.0,500,Buy,227027943
2024-07-29 13:27:57,21500.0,200,Sell,227027972
2024-07-29 13:28:02,21500.0,100,Sell,227028073
2024-07-29 13:28:03,21550.0,100,Buy,227028082
2024-07-29 13:28:06,21500.0,700,Sell,227028192
2024-07-29 13:28:06,21500.0,1000,Sell,227028190
2024-07-29 13:28:06,21500.0,100,Sell,227028191
2024-07-29 13:28:06,21500.0,200,Sell,227028189
2024-07-29 13:28:07,21550.0,200,Buy,227028211
2024-07-29 13:28:18,21500.0,5000,Sell,227028398
2024-07-29 13:28:22,21550.0,100,Buy,227028469
2024-07-29 13:28:31,21550.0,400,Buy,227028673
2024-07-29 13:28:48,21550.0,2000,Buy,227029115
2024-07-29 13:28:49,21550.0,200,Buy,227029142
2024-07-29 13:28:49,21550.0,100,Buy,227029140
2024-07-29 13:28:49,21550.0,2900,Buy,227029139
2024-07-29 13:28:49,21550.0,1000,Buy,227029141
2024-07-29 13:28:55,21550.0,1000,Buy,227029381
2024-07-29 13:28:56,21550.0,500,Buy,227029415
2024-07-29 13:28:56,21550.0,800,Buy,227029416
2024-07-29 13:28:56,21550.0,3000,Buy,227029417
2024-07-29 13:28:56,21550.0,2000,Buy,227029418
2024-07-29 13:28:56,21550.0,1000,Buy,227029419
2024-07-29 13:28:56,21550.0,100,Buy,227029420
2024-07-29 13:29:01,21550.0,500,Sell,227029539
2024-07-29 13:29:11,21550.0,500,Sell,227029877
2024-07-29 13:29:11,21550.0,100,Sell,227029880
2024-07-29 13:29:16,21550.0,100,Buy,227030053
2024-07-29 13:29:18,21550.0,300,Buy,227030208
2024-07-29 13:29:20,21550.0,400,Buy,227030254
2024-07-29 13:29:20,21550.0,2000,Buy,227030255
2024-07-29 13:29:30,21550.0,1500,Sell,227030552
2024-07-29 13:29:33,21550.0,100,Sell,227030601
2024-07-29 13:29:34,21550.0,1000,Sell,227030637
2024-07-29 13:29:34,21550.0,2000,Sell,227030647
2024-07-29 13:29:35,21550.0,400,Sell,227030673
2024-07-29 13:29:35,21550.0,100,Sell,227030674
2024-07-29 13:29:36,21550.0,900,Sell,227030697
2024-07-29 13:29:36,21550.0,100,Sell,227030698
2024-07-29 13:29:36,21550.0,100,Sell,227030699
2024-07-29 13:29:36,21550.0,100,Sell,227030700
2024-07-29 13:29:42,21550.0,100,Buy,227030871
2024-07-29 13:29:42,21550.0,100,Buy,227030883
2024-07-29 13:29:46,21550.0,600,Buy,227030967
2024-07-29 13:29:46,21550.0,100,Buy,227030968
2024-07-29 13:29:54,21550.0,100,Sell,227031109
2024-07-29 13:30:10,21550.0,200,Sell,227031375
2024-07-29 13:30:10,21550.0,300,Sell,227031376
2024-07-29 13:30:14,21550.0,300,Sell,227031422
2024-07-29 13:30:14,21550.0,800,Sell,227031423
2024-07-29 13:30:20,21550.0,200,Sell,227031542
2024-07-29 13:30:27,21600.0,2500,Buy,227031767
2024-07-29 13:30:27,21600.0,400,Buy,227031770
2024-07-29 13:30:27,21600.0,2000,Buy,227031771
2024-07-29 13:30:27,21600.0,100,Buy,227031772
2024-07-29 13:30:28,21600.0,100,Buy,227031784
2024-07-29 13:30:28,21600.0,3300,Buy,227031785
2024-07-29 13:30:28,21600.0,100,Buy,227031782
2024-07-29 13:30:28,21600.0,100,Buy,227031783
2024-07-29 13:30:37,21600.0,100,Buy,227032016
2024-07-29 13:30:37,21600.0,100,Buy,227032030
2024-07-29 13:30:38,21600.0,1000,Buy,227032033
2024-07-29 13:30:39,21600.0,1500,Buy,227032055
2024-07-29 13:30:39,21600.0,1000,Buy,227032056
2024-07-29 13:30:39,21600.0,1000,Buy,227032057
2024-07-29 13:30:39,21600.0,200,Buy,227032058
2024-07-29 13:30:39,21600.0,300,Buy,227032059
2024-07-29 13:30:39,21600.0,600,Buy,227032060
2024-07-29 13:30:40,21600.0,1000,Buy,227032085
2024-07-29 13:30:41,21600.0,2700,Buy,227032106
2024-07-29 13:30:44,21600.0,700,Buy,227032199
2024-07-29 13:30:44,21600.0,2000,Buy,227032200
2024-07-29 13:30:44,21600.0,1500,Buy,227032201
2024-07-29 13:30:44,21600.0,100,Buy,227032202
2024-07-29 13:31:00,21650.0,300,Buy,227032560
2024-07-29 13:31:00,21650.0,1500,Buy,227032603
2024-07-29 13:31:00,21650.0,1500,Buy,227032604
2024-07-29 13:31:01,21650.0,3600,Buy,227032626
2024-07-29 13:31:06,21650.0,10000,Buy,227032924
2024-07-29 13:31:08,21650.0,4900,Buy,227032954
2024-07-29 13:31:08,21650.0,100,Buy,227032956
2024-07-29 13:31:08,21650.0,500,Buy,227032960
2024-07-29 13:31:08,21650.0,100,Buy,227032959
2024-07-29 13:31:08,21650.0,100,Buy,227032955
2024-07-29 13:31:08,21650.0,1000,Buy,227032957
2024-07-29 13:31:08,21650.0,200,Buy,227032958
2024-07-29 13:31:09,21650.0,100,Buy,227033013
2024-07-29 13:31:17,21700.0,500,Buy,227033234
2024-07-29 13:31:17,21700.0,100,Buy,227033227
2024-07-29 13:31:17,21650.0,100,Sell,227033228
2024-07-29 13:31:18,21700.0,200,Buy,227033247
2024-07-29 13:31:23,21650.0,100,Sell,227033379
2024-07-29 13:31:23,21700.0,100,Buy,227033408
2024-07-29 13:31:24,21700.0,100,Buy,227033418
2024-07-29 13:31:27,21700.0,100,Buy,227033585
2024-07-29 13:31:27,21700.0,100,Buy,227033625
2024-07-29 13:31:30,21650.0,100,Sell,227033709
2024-07-29 13:31:38,21700.0,400,Buy,227033848
2024-07-29 13:31:48,21700.0,1500,Buy,227034200
2024-07-29 13:31:51,21700.0,1000,Buy,227034277
2024-07-29 13:31:51,21700.0,2000,Buy,227034276
2024-07-29 13:31:51,21700.0,5000,Buy,227034275
2024-07-29 13:31:51,21700.0,10000,Buy,227034274
2024-07-29 13:31:51,21700.0,100,Buy,227034278
2024-07-29 13:31:51,21700.0,1000,Buy,227034272
2024-07-29 13:31:51,21700.0,100,Buy,227034271
2024-07-29 13:31:51,21700.0,500,Buy,227034270
2024-07-29 13:31:51,21700.0,1000,Buy,227034273
2024-07-29 13:31:51,21700.0,7600,Buy,227034269
2024-07-29 13:31:52,21700.0,1200,Buy,227034314
2024-07-29 13:31:52,21700.0,600,Buy,227034302
2024-07-29 13:31:54,21700.0,100,Buy,227034367
2024-07-29 13:31:56,21700.0,400,Buy,227034447
2024-07-29 13:32:02,21700.0,400,Buy,227034572
2024-07-29 13:32:03,21650.0,1600,Sell,227034622
2024-07-29 13:32:03,21650.0,200,Sell,227034620
2024-07-29 13:32:03,21650.0,200,Sell,227034619
2024-07-29 13:32:03,21650.0,2000,Sell,227034621
2024-07-29 13:32:03,21650.0,100,Sell,227034617
2024-07-29 13:32:03,21650.0,100,Sell,227034616
2024-07-29 13:32:03,21650.0,4700,Sell,227034615
2024-07-29 13:32:03,21650.0,200,Sell,227034618
2024-07-29 13:32:23,21650.0,200,Buy,227035028
2024-07-29 13:32:23,21650.0,700,Buy,227035039
2024-07-29 13:32:30,21650.0,100,Buy,227035200
2024-07-29 13:32:30,21650.0,1000,Buy,227035231
2024-07-29 13:32:33,21650.0,500,Buy,227035269
2024-07-29 13:32:36,21650.0,4100,Buy,227035331
2024-07-29 13:32:37,21650.0,400,Buy,227035378
2024-07-29 13:32:40,21650.0,700,Buy,227035419
2024-07-29 13:32:41,21650.0,300,Buy,227035443
2024-07-29 13:32:43,21650.0,100,Buy,227035495
2024-07-29 13:32:43,21650.0,200,Buy,227035494
2024-07-29 13:32:46,21650.0,300,Sell,227035551
2024-07-29 13:32:47,21650.0,100,Buy,227035619
2024-07-29 13:32:50,21650.0,100,Buy,227035673
2024-07-29 13:32:55,21650.0,500,Buy,227035782
2024-07-29 13:32:55,21650.0,1900,Buy,227035793
2024-07-29 13:32:55,21650.0,1000,Buy,227035794
2024-07-29 13:32:56,21650.0,2000,Sell,227035800
2024-07-29 13:33:01,21700.0,200,Buy,227035929
2024-07-29 13:33:02,21700.0,300,Buy,227035956
2024-07-29 13:33:03,21700.0,300,Buy,227035966
2024-07-29 13:33:17,21700.0,700,Buy,227036344
2024-07-29 13:33:17,21700.0,400,Buy,227036342
2024-07-29 13:33:17,21700.0,100,Buy,227036343
2024-07-29 13:33:17,21700.0,1100,Buy,227036341
2024-07-29 13:33:21,21700.0,1300,Buy,227036416
2024-07-29 13:33:21,21700.0,200,Buy,227036417
2024-07-29 13:33:21,21700.0,300,Buy,227036418
2024-07-29 13:33:23,21700.0,500,Buy,227036480
2024-07-29 13:33:27,21700.0,100,Buy,227036560
2024-07-29 13:33:27,21700.0,200,Buy,227036559
2024-07-29 13:33:29,21700.0,300,Buy,227036611
2024-07-29 13:33:31,21700.0,800,Buy,227036654
2024-07-29 13:33:37,21700.0,100,Buy,227036829
2024-07-29 13:33:37,21700.0,100,Buy,227036828
2024-07-29 13:33:37,21700.0,600,Buy,227036825
2024-07-29 13:33:37,21700.0,200,Buy,227036826
2024-07-29 13:33:37,21700.0,1000,Buy,227036827
2024-07-29 13:33:42,21700.0,1000,Buy,227036972
2024-07-29 13:33:42,21700.0,500,Buy,227036971
2024-07-29 13:33:42,21700.0,100,Buy,227036970
2024-07-29 13:33:42,21700.0,100,Buy,227036969
2024-07-29 13:33:42,21700.0,500,Buy,227036968
2024-07-29 13:33:42,21700.0,500,Buy,227036967
2024-07-29 13:33:42,21700.0,100,Buy,227036966
2024-07-29 13:33:42,21700.0,500,Buy,227036973
2024-07-29 13:33:42,21700.0,100,Buy,227036963
2024-07-29 13:33:42,21700.0,500,Buy,227036962
2024-07-29 13:33:42,21700.0,10000,Buy,227036961
2024-07-29 13:33:42,21700.0,500,Buy,227036960
2024-07-29 13:33:42,21700.0,400,Buy,227036959
2024-07-29 13:33:42,21700.0,2000,Buy,227036965
2024-07-29 13:33:42,21700.0,2000,Buy,227036964
2024-07-29 13:33:52,21750.0,300,Buy,227037241
2024-07-29 13:33:53,21700.0,1300,Sell,227037262
2024-07-29 13:33:53,21700.0,1200,Sell,227037261
2024-07-29 13:33:56,21750.0,100,Buy,227037330
2024-07-29 13:34:00,21750.0,500,Buy,227037449
2024-07-29 13:34:01,21750.0,200,Buy,227037464
2024-07-29 13:34:01,21750.0,400,Buy,227037465
2024-07-29 13:34:15,21750.0,600,Buy,227037830
2024-07-29 13:34:15,21750.0,100,Buy,227037831
2024-07-29 13:34:15,21750.0,300,Buy,227037832
2024-07-29 13:34:19,21700.0,200,Sell,227037915
2024-07-29 13:34:26,21750.0,300,Buy,227038172
2024-07-29 13:34:32,21750.0,300,Buy,227038306
2024-07-29 13:34:32,21750.0,100,Buy,227038289
2024-07-29 13:34:32,21750.0,200,Buy,227038288
2024-07-29 13:34:33,21750.0,700,Buy,227038324
2024-07-29 13:34:42,21750.0,1000,Buy,227038572
2024-07-29 13:34:46,21750.0,2500,Buy,227038656
2024-07-29 13:34:46,21750.0,100,Buy,227038661
2024-07-29 13:34:46,21750.0,3000,Buy,227038666
2024-07-29 13:34:46,21750.0,500,Buy,227038667
2024-07-29 13:34:51,21750.0,3700,Buy,227038844
2024-07-29 13:34:52,21750.0,100,Buy,227038875
2024-07-29 13:34:53,21750.0,5000,Buy,227038895
2024-07-29 13:34:55,21750.0,200,Buy,227038922
2024-07-29 13:34:59,21750.0,1000,Buy,227039062
2024-07-29 13:35:00,21750.0,1000,Buy,227039065
2024-07-29 13:35:01,21750.0,100,Buy,227039088
2024-07-29 13:35:06,21750.0,200,Buy,227039233
2024-07-29 13:35:11,21750.0,5600,Buy,227039371
2024-07-29 13:35:12,21750.0,500,Buy,227039394
2024-07-29 13:35:14,21750.0,600,Buy,227039470
2024-07-29 13:35:15,21750.0,2100,Buy,227039475
2024-07-29 13:35:17,21750.0,300,Buy,227039536
2024-07-29 13:35:19,21700.0,100,Sell,227039585
2024-07-29 13:35:27,21750.0,500,Buy,227039752
2024-07-29 13:35:29,21750.0,400,Buy,227039824
2024-07-29 13:35:30,21750.0,200,Buy,227039853
2024-07-29 13:35:31,21700.0,100,Sell,227039876
2024-07-29 13:35:32,21750.0,500,Buy,227039917
2024-07-29 13:35:32,21750.0,1000,Buy,227039915
2024-07-29 13:35:32,21750.0,500,Buy,227039914
2024-07-29 13:35:32,21750.0,200,Buy,227039916
2024-07-29 13:35:32,21750.0,100,Buy,227039912
2024-07-29 13:35:32,21750.0,100,Buy,227039911
2024-07-29 13:35:32,21750.0,2000,Buy,227039910
2024-07-29 13:35:32,21750.0,400,Buy,227039909
2024-07-29 13:35:32,21750.0,200,Buy,227039913
2024-07-29 13:35:33,21750.0,200,Buy,227039944
2024-07-29 13:35:35,21750.0,1300,Buy,227039992
2024-07-29 13:35:35,21750.0,100,Buy,227039994
2024-07-29 13:35:35,21750.0,2000,Buy,227039995
2024-07-29 13:35:35,21750.0,600,Buy,227039996
2024-07-29 13:35:36,21700.0,100,Sell,227040017
2024-07-29 13:35:37,21750.0,100,Buy,227040030
2024-07-29 13:35:39,21750.0,700,Buy,227040086
2024-07-29 13:35:39,21750.0,300,Buy,227040085
2024-07-29 13:35:40,21750.0,1000,Buy,227040099
2024-07-29 13:35:41,21750.0,100,Buy,227040117
2024-07-29 13:35:44,21750.0,200,Buy,227040198
2024-07-29 13:35:44,21750.0,2300,Buy,227040199
2024-07-29 13:35:48,21750.0,400,Buy,227040277
2024-07-29 13:35:54,21750.0,100,Buy,227040408
2024-07-29 13:35:57,21750.0,200,Buy,227040503
2024-07-29 13:35:59,21750.0,4700,Buy,227040550
2024-07-29 13:35:59,21750.0,2000,Buy,227040549
2024-07-29 13:35:59,21750.0,1000,Buy,227040548
2024-07-29 13:35:59,21750.0,100,Buy,227040547
2024-07-29 13:35:59,21750.0,100,Buy,227040546
2024-07-29 13:35:59,21750.0,500,Buy,227040542
2024-07-29 13:35:59,21750.0,300,Buy,227040544
2024-07-29 13:35:59,21750.0,5000,Buy,227040543
2024-07-29 13:35:59,21750.0,10000,Buy,227040541
2024-07-29 13:35:59,21750.0,100,Buy,227040540
2024-07-29 13:35:59,21750.0,2000,Buy,227040539
2024-07-29 13:35:59,21750.0,2000,Buy,227040545
2024-07-29 13:36:02,21750.0,2000,Sell,227040618
2024-07-29 13:36:03,21700.0,100,Sell,227040670
2024-07-29 13:36:03,21700.0,200,Sell,227040671
2024-07-29 13:36:03,21700.0,100,Sell,227040672
2024-07-29 13:36:03,21700.0,3000,Sell,227040673
2024-07-29 13:36:03,21700.0,3000,Sell,227040669
2024-07-29 13:36:03,21700.0,4000,Sell,227040674
2024-07-29 13:36:03,21700.0,500,Sell,227040679
2024-07-29 13:36:03,21700.0,100,Sell,227040678
2024-07-29 13:36:03,21700.0,500,Sell,227040680
2024-07-29 13:36:03,21700.0,1000,Sell,227040681
2024-07-29 13:36:03,21700.0,100,Sell,227040682
2024-07-29 13:36:03,21700.0,800,Sell,227040683
2024-07-29 13:36:03,21700.0,100,Sell,227040675
2024-07-29 13:36:03,21700.0,800,Sell,227040668
2024-07-29 13:36:03,21700.0,500,Sell,227040660
2024-07-29 13:36:03,21700.0,4000,Sell,227040666
2024-07-29 13:36:03,21700.0,100,Sell,227040667
2024-07-29 13:36:03,21750.0,200,Sell,227040652
2024-07-29 13:36:03,21750.0,100,Sell,227040653
2024-07-29 13:36:03,21700.0,9400,Sell,227040654
2024-07-29 13:36:03,21700.0,300,Sell,227040655
2024-07-29 13:36:03,21700.0,200,Sell,227040656
2024-07-29 13:36:03,21700.0,4700,Sell,227040657
2024-07-29 13:36:03,21700.0,200,Sell,227040658
2024-07-29 13:36:03,21700.0,2000,Sell,227040659
2024-07-29 13:36:03,21700.0,500,Sell,227040664
2024-07-29 13:36:03,21700.0,100,Sell,227040663
2024-07-29 13:36:03,21700.0,200,Sell,227040665
2024-07-29 13:36:03,21700.0,1000,Sell,227040661
2024-07-29 13:36:03,21700.0,300,Sell,227040662
2024-07-29 13:36:05,21700.0,100,Buy,227040760
2024-07-29 13:36:06,21700.0,100,Buy,227040819
2024-07-29 13:36:06,21700.0,2000,Buy,227040820
2024-07-29 13:36:06,21750.0,800,Buy,227040821
2024-07-29 13:36:06,21750.0,100,Buy,227040829
2024-07-29 13:36:11,21750.0,400,Buy,227040964
2024-07-29 13:36:13,21700.0,800,Sell,227040989
2024-07-29 13:36:16,21700.0,3000,Buy,227041045
2024-07-29 13:36:17,21700.0,500,Buy,227041053
2024-07-29 13:36:20,21700.0,7800,Buy,227041133
2024-07-29 13:36:21,21700.0,600,Buy,227041162
2024-07-29 13:36:23,21700.0,7300,Buy,227041188
2024-07-29 13:36:32,21750.0,300,Buy,227041454
2024-07-29 13:36:34,21750.0,100,Buy,227041506
2024-07-29 13:36:39,21750.0,100,Buy,227041582
2024-07-29 13:36:43,21750.0,2800,Buy,227041725
2024-07-29 13:36:48,21700.0,100,Sell,227041834
2024-07-29 13:36:51,21750.0,2100,Buy,227041879
2024-07-29 13:36:51,21750.0,300,Buy,227041880
2024-07-29 13:36:51,21750.0,2000,Buy,227041881
2024-07-29 13:36:51,21750.0,1900,Buy,227041882
2024-07-29 13:36:51,21750.0,100,Buy,227041883
2024-07-29 13:36:51,21750.0,7000,Buy,227041884
2024-07-29 13:36:51,21750.0,2100,Buy,227041885
2024-07-29 13:36:55,21750.0,100,Buy,227041986
2024-07-29 13:36:59,21750.0,500,Buy,227042119
2024-07-29 13:37:00,21750.0,100,Buy,227042129
2024-07-29 13:37:00,21750.0,1000,Buy,227042127
2024-07-29 13:37:00,21750.0,3000,Buy,227042130
2024-07-29 13:37:00,21750.0,400,Buy,227042125
2024-07-29 13:37:00,21750.0,100,Buy,227042126
2024-07-29 13:37:00,21750.0,100,Buy,227042123
2024-07-29 13:37:00,21750.0,100,Buy,227042128
2024-07-29 13:37:00,21750.0,9900,Buy,227042124
2024-07-29 13:37:02,21800.0,500,Buy,227042173
2024-07-29 13:37:03,21800.0,900,Buy,227042174
2024-07-29 13:37:04,21750.0,300,Sell,227042196
2024-07-29 13:37:06,21750.0,4000,Sell,227042243
2024-07-29 13:37:08,21750.0,500,Sell,227042275
2024-07-29 13:37:12,21750.0,500,Sell,227042385
2024-07-29 13:37:14,21800.0,200,Buy,227042418
2024-07-29 13:37:14,21750.0,1300,Sell,227042429
2024-07-29 13:37:15,21750.0,500,Sell,227042432
2024-07-29 13:37:15,21750.0,1500,Sell,227042433
2024-07-29 13:37:15,21750.0,100,Sell,227042434
2024-07-29 13:37:15,21750.0,600,Sell,227042435
2024-07-29 13:37:21,21750.0,2000,Sell,227042705
2024-07-29 13:37:21,21750.0,1600,Sell,227042711
2024-07-29 13:37:24,21750.0,200,Sell,227042779
2024-07-29 13:37:25,21750.0,500,Sell,227042824
2024-07-29 13:37:29,21800.0,2100,Buy,227042952
2024-07-29 13:37:29,21800.0,300,Buy,227042953
2024-07-29 13:37:29,21800.0,200,Buy,227042954
2024-07-29 13:37:29,21800.0,500,Buy,227042955
2024-07-29 13:37:29,21800.0,200,Buy,227042956
2024-07-29 13:37:29,21800.0,5000,Buy,227042957
2024-07-29 13:37:29,21800.0,1500,Buy,227042958
2024-07-29 13:37:29,21800.0,200,Buy,227042951
2024-07-29 13:37:32,21800.0,400,Buy,227043008
2024-07-29 13:37:33,21750.0,500,Sell,227043024
2024-07-29 13:37:33,21750.0,500,Sell,227043023
2024-07-29 13:37:33,21750.0,100,Sell,227043020
2024-07-29 13:37:33,21750.0,400,Sell,227043021
2024-07-29 13:37:33,21750.0,500,Sell,227043022
2024-07-29 13:37:37,21800.0,1100,Buy,227043104
2024-07-29 13:37:37,21800.0,100,Buy,227043105
2024-07-29 13:37:40,21800.0,200,Buy,227043150
2024-07-29 13:37:41,21800.0,100,Buy,227043170
2024-07-29 13:37:43,21800.0,400,Buy,227043245
2024-07-29 13:37:43,21800.0,1600,Buy,227043237
2024-07-29 13:37:43,21800.0,6400,Buy,227043238
2024-07-29 13:37:46,21800.0,1000,Buy,227043299
2024-07-29 13:37:46,21800.0,2700,Buy,227043310
2024-07-29 13:37:47,21800.0,300,Buy,227043345
2024-07-29 13:37:47,21800.0,100,Buy,227043338
2024-07-29 13:37:48,21800.0,2700,Buy,227043363
2024-07-29 13:37:48,21800.0,400,Buy,227043357
2024-07-29 13:37:48,21800.0,9100,Buy,227043348
2024-07-29 13:37:48,21800.0,300,Buy,227043349
2024-07-29 13:37:48,21800.0,600,Buy,227043350
2024-07-29 13:37:49,21800.0,1000,Buy,227043372
2024-07-29 13:37:50,21800.0,1000,Buy,227043396
2024-07-29 13:37:50,21800.0,1000,Buy,227043412
2024-07-29 13:37:51,21800.0,2000,Buy,227043442
2024-07-29 13:37:51,21800.0,2000,Buy,227043441
2024-07-29 13:37:51,21800.0,2000,Buy,227043440
2024-07-29 13:37:51,21800.0,200,Buy,227043439
2024-07-29 13:37:51,21800.0,2500,Buy,227043434
2024-07-29 13:37:51,21800.0,3000,Buy,227043432
2024-07-29 13:37:51,21800.0,400,Buy,227043430
2024-07-29 13:37:51,21800.0,500,Buy,227043433
2024-07-29 13:37:51,21800.0,500,Buy,227043428
2024-07-29 13:37:51,21800.0,1000,Buy,227043429
2024-07-29 13:37:51,21800.0,3300,Buy,227043421
2024-07-29 13:37:51,21800.0,200,Buy,227043422
2024-07-29 13:37:51,21800.0,300,Buy,227043423
2024-07-29 13:37:51,21800.0,200,Buy,227043431
2024-07-29 13:37:51,21800.0,1000,Buy,227043425
2024-07-29 13:37:51,21800.0,2000,Buy,227043426
2024-07-29 13:37:51,21800.0,100,Buy,227043427
2024-07-29 13:37:51,21800.0,2000,Buy,227043424
2024-07-29 13:37:53,21800.0,1000,Sell,227043478
2024-07-29 13:37:57,21800.0,200,Sell,227043565
2024-07-29 13:38:07,21850.0,800,Buy,227043827
2024-07-29 13:38:07,21800.0,200,Sell,227043828
2024-07-29 13:38:08,21800.0,100,Sell,227043846
2024-07-29 13:38:08,21850.0,100,Buy,227043857
2024-07-29 13:38:11,21800.0,100,Sell,227043955
2024-07-29 13:38:11,21800.0,500,Sell,227043950
2024-07-29 13:38:11,21800.0,100,Sell,227043951
2024-07-29 13:38:11,21800.0,300,Sell,227043952
2024-07-29 13:38:11,21800.0,500,Sell,227043953
2024-07-29 13:38:17,21850.0,200,Buy,227044097
2024-07-29 13:38:19,21850.0,1100,Buy,227044159
2024-07-29 13:38:19,21850.0,1000,Buy,227044155
2024-07-29 13:38:24,21800.0,400,Sell,227044299
2024-07-29 13:38:24,21800.0,100,Sell,227044298
2024-07-29 13:38:29,21850.0,3500,Buy,227044444
2024-07-29 13:38:29,21850.0,200,Buy,227044443
2024-07-29 13:38:29,21850.0,700,Buy,227044442
2024-07-29 13:38:29,21850.0,600,Buy,227044441
2024-07-29 13:38:29,21850.0,1000,Buy,227044438
2024-07-29 13:38:29,21850.0,1000,Buy,227044440
2024-07-29 13:38:29,21850.0,300,Buy,227044436
2024-07-29 13:38:29,21850.0,100,Buy,227044435
2024-07-29 13:38:29,21850.0,100,Buy,227044434
2024-07-29 13:38:29,21850.0,500,Buy,227044433
2024-07-29 13:38:29,21850.0,1800,Buy,227044432
2024-07-29 13:38:29,21850.0,100,Buy,227044437
2024-07-29 13:38:29,21850.0,100,Buy,227044439
2024-07-29 13:38:32,21800.0,200,Sell,227044530
2024-07-29 13:38:32,21800.0,500,Sell,227044540
2024-07-29 13:38:33,21850.0,20000,Buy,227044553
2024-07-29 13:38:34,21850.0,500,Buy,227044597
2024-07-29 13:38:36,21850.0,200,Buy,227044648
2024-07-29 13:38:37,21850.0,3000,Buy,227044702
2024-07-29 13:38:37,21800.0,200,Sell,227044699
2024-07-29 13:38:41,21850.0,2000,Buy,227044833
2024-07-29 13:38:42,21850.0,5000,Buy,227044848
2024-07-29 13:38:44,21850.0,300,Buy,227044887
2024-07-29 13:38:45,21800.0,200,Sell,227044939
2024-07-29 13:38:48,21850.0,1000,Buy,227044987
2024-07-29 13:38:51,21850.0,100,Buy,227045068
2024-07-29 13:38:53,21850.0,8000,Buy,227045102
2024-07-29 13:38:53,21850.0,100,Buy,227045103
2024-07-29 13:38:58,21850.0,1000,Buy,227045210
2024-07-29 13:38:58,21850.0,2000,Buy,227045209
2024-07-29 13:38:58,21850.0,100,Buy,227045208
2024-07-29 13:38:58,21850.0,2000,Buy,227045203
2024-07-29 13:38:58,21850.0,100,Buy,227045206
2024-07-29 13:38:58,21850.0,3000,Buy,227045205
2024-07-29 13:38:58,21850.0,4300,Buy,227045204
2024-07-29 13:38:58,21850.0,2000,Buy,227045207
2024-07-29 13:38:59,21850.0,100,Sell,227045232
2024-07-29 13:39:05,21900.0,100,Buy,227045355
2024-07-29 13:39:10,21900.0,5000,Buy,227045524
2024-07-29 13:39:16,21850.0,10000,Sell,227045731
2024-07-29 13:39:16,21900.0,100,Buy,227045737
2024-07-29 13:39:17,21850.0,300,Sell,227045761
2024-07-29 13:39:17,21850.0,200,Sell,227045760
2024-07-29 13:39:17,21850.0,1000,Sell,227045759
2024-07-29 13:39:17,21850.0,500,Sell,227045758
2024-07-29 13:39:17,21850.0,300,Sell,227045757
2024-07-29 13:39:17,21850.0,1400,Sell,227045749
2024-07-29 13:39:17,21850.0,200,Sell,227045755
2024-07-29 13:39:17,21850.0,100,Sell,227045750
2024-07-29 13:39:17,21850.0,900,Sell,227045751
2024-07-29 13:39:17,21850.0,1000,Sell,227045756
2024-07-29 13:39:17,21850.0,100,Sell,227045753
2024-07-29 13:39:17,21850.0,2000,Sell,227045752
2024-07-29 13:39:23,21900.0,2000,Buy,227045907
2024-07-29 13:39:25,21900.0,100,Buy,227045939
2024-07-29 13:39:26,21850.0,400,Sell,227045980
2024-07-29 13:39:26,21850.0,100,Sell,227045978
2024-07-29 13:39:26,21850.0,100,Sell,227045977
2024-07-29 13:39:26,21850.0,300,Sell,227045976
2024-07-29 13:39:26,21850.0,200,Sell,227045975
2024-07-29 13:39:26,21850.0,500,Sell,227045979
2024-07-29 13:39:26,21850.0,200,Sell,227045973
2024-07-29 13:39:26,21850.0,300,Sell,227045972
2024-07-29 13:39:26,21850.0,2000,Sell,227045971
2024-07-29 13:39:26,21850.0,1000,Sell,227045970
2024-07-29 13:39:26,21850.0,100,Sell,227045974
2024-07-29 13:39:26,21850.0,1000,Sell,227045969
2024-07-29 13:39:26,21850.0,200,Sell,227045968
2024-07-29 13:39:27,21850.0,100,Buy,227046010
2024-07-29 13:39:27,21800.0,200,Sell,227045991
2024-07-29 13:39:27,21850.0,2100,Buy,227046009
2024-07-29 13:39:28,21850.0,300,Buy,227046022
2024-07-29 13:39:29,21850.0,300,Buy,227046042
2024-07-29 13:39:29,21850.0,2100,Buy,227046046
2024-07-29 13:39:29,21850.0,100,Buy,227046045
2024-07-29 13:39:31,21850.0,100,Buy,227046086
2024-07-29 13:39:31,21850.0,100,Sell,227046093
2024-07-29 13:39:31,21850.0,400,Buy,227046094
2024-07-29 13:39:34,21850.0,100,Sell,227046200
2024-07-29 13:39:34,21850.0,2000,Sell,227046201
2024-07-29 13:39:37,21850.0,100,Sell,227046322
2024-07-29 13:39:38,21850.0,400,Sell,227046335
2024-07-29 13:39:38,21900.0,100,Buy,227046346
2024-07-29 13:39:39,21900.0,3000,Buy,227046350
2024-07-29 13:39:48,21900.0,100,Buy,227046634
2024-07-29 13:39:52,21900.0,600,Buy,227046744
2024-07-29 13:39:54,21900.0,100,Buy,227046786
2024-07-29 13:39:55,21900.0,100,Buy,227046836
2024-07-29 13:39:56,21900.0,100,Buy,227046837
2024-07-29 13:39:58,21900.0,500,Buy,227046901
2024-07-29 13:39:59,21900.0,1000,Buy,227046931
2024-07-29 13:40:00,21900.0,400,Buy,227046980
2024-07-29 13:40:01,21900.0,200,Buy,227047071
2024-07-29 13:40:02,21900.0,500,Buy,227047101
2024-07-29 13:40:02,21850.0,100,Sell,227047102
2024-07-29 13:40:05,21900.0,5000,Buy,227047270
2024-07-29 13:40:05,21900.0,11000,Buy,227047337
2024-07-29 13:40:06,21900.0,6300,Buy,227047350
2024-07-29 13:40:06,21900.0,300,Buy,227047347
2024-07-29 13:40:06,21900.0,1200,Buy,227047348
2024-07-29 13:40:06,21900.0,100,Buy,227047349
2024-07-29 13:40:07,21900.0,10000,Buy,227047398
2024-07-29 13:40:07,21900.0,2000,Buy,227047408
2024-07-29 13:40:07,21850.0,2000,Sell,227047409
2024-07-29 13:40:08,21900.0,500,Buy,227047427
2024-07-29 13:40:08,21900.0,1000,Buy,227047443
2024-07-29 13:40:10,21900.0,4300,Buy,227047491
2024-07-29 13:40:10,21900.0,4000,Buy,227047492
2024-07-29 13:40:10,21900.0,1000,Buy,227047490
2024-07-29 13:40:10,21900.0,1000,Buy,227047482
2024-07-29 13:40:10,21900.0,200,Buy,227047481
2024-07-29 13:40:10,21900.0,100,Buy,227047483
2024-07-29 13:40:12,21900.0,1000,Buy,227047516
2024-07-29 13:40:12,21900.0,700,Buy,227047525
2024-07-29 13:40:12,21900.0,100,Buy,227047526
2024-07-29 13:40:12,21900.0,200,Buy,227047527
2024-07-29 13:40:12,21900.0,100,Buy,227047528
2024-07-29 13:40:12,21900.0,1500,Buy,227047529
2024-07-29 13:40:12,21900.0,1000,Buy,227047544
2024-07-29 13:40:13,21900.0,100,Buy,227047587
2024-07-29 13:40:13,21900.0,200,Buy,227047586
2024-07-29 13:40:13,21900.0,100,Buy,227047585
2024-07-29 13:40:13,21900.0,500,Buy,227047555
2024-07-29 13:40:13,21900.0,500,Buy,227047583
2024-07-29 13:40:13,21900.0,1500,Buy,227047556
2024-07-29 13:40:13,21900.0,100,Buy,227047584
2024-07-29 13:40:16,21850.0,100,Sell,227047657
2024-07-29 13:40:17,21900.0,1000,Buy,227047693
2024-07-29 13:40:17,21900.0,100,Buy,227047683
2024-07-29 13:40:17,21900.0,2000,Buy,227047671
2024-07-29 13:40:18,21900.0,100,Buy,227047709
2024-07-29 13:40:18,21900.0,1000,Buy,227047699
2024-07-29 13:40:18,21900.0,300,Buy,227047708
2024-07-29 13:40:19,21900.0,100,Buy,227047726
2024-07-29 13:40:21,21900.0,100,Buy,227047799
2024-07-29 13:40:22,21900.0,1000,Buy,227047814
2024-07-29 13:40:22,21900.0,700,Buy,227047835
2024-07-29 13:40:22,21900.0,300,Buy,227047836
2024-07-29 13:40:23,21850.0,1100,Sell,227047868
2024-07-29 13:40:23,21850.0,200,Sell,227047867
2024-07-29 13:40:23,21850.0,100,Sell,227047866
2024-07-29 13:40:23,21850.0,200,Sell,227047865
2024-07-29 13:40:23,21850.0,200,Sell,227047864
2024-07-29 13:40:23,21850.0,200,Sell,227047862
2024-07-29 13:40:23,21850.0,1000,Sell,227047861
2024-07-29 13:40:23,21850.0,200,Sell,227047860
2024-07-29 13:40:23,21850.0,15000,Sell,227047859
2024-07-29 13:40:23,21850.0,1000,Sell,227047858
2024-07-29 13:40:23,21850.0,1000,Sell,227047863
2024-07-29 13:40:23,21850.0,100,Sell,227047856
2024-07-29 13:40:23,21850.0,1200,Sell,227047857
2024-07-29 13:40:23,21900.0,700,Buy,227047846
2024-07-29 13:40:23,21900.0,1300,Buy,227047847
2024-07-29 13:40:23,21850.0,1000,Sell,227047849
2024-07-29 13:40:23,21850.0,2000,Sell,227047850
2024-07-29 13:40:23,21850.0,2300,Sell,227047848
2024-07-29 13:40:23,21850.0,5000,Sell,227047852
2024-07-29 13:40:23,21850.0,1000,Sell,227047853
2024-07-29 13:40:23,21850.0,100,Sell,227047854
2024-07-29 13:40:23,21850.0,1000,Sell,227047855
2024-07-29 13:40:23,21850.0,1000,Sell,227047851
2024-07-29 13:40:24,21800.0,1000,Sell,227047913
2024-07-29 13:40:24,21800.0,200,Sell,227047918
2024-07-29 13:40:24,21800.0,300,Sell,227047914
2024-07-29 13:40:24,21800.0,100,Sell,227047915
2024-07-29 13:40:24,21800.0,2300,Sell,227047916
2024-07-29 13:40:24,21800.0,300,Sell,227047917
2024-07-29 13:40:24,21800.0,500,Sell,227047919
2024-07-29 13:40:24,21800.0,1000,Sell,227047924
2024-07-29 13:40:24,21800.0,100,Sell,227047921
2024-07-29 13:40:24,21800.0,200,Sell,227047922
2024-07-29 13:40:24,21800.0,200,Sell,227047923
2024-07-29 13:40:24,21800.0,2000,Sell,227047925
2024-07-29 13:40:24,21800.0,500,Sell,227047926
2024-07-29 13:40:24,21800.0,6000,Sell,227047927
2024-07-29 13:40:24,21800.0,100,Sell,227047912
2024-07-29 13:40:24,21800.0,9200,Sell,227047920
2024-07-29 13:40:24,21800.0,2000,Sell,227047911
2024-07-29 13:40:24,21800.0,400,Sell,227047906
2024-07-29 13:40:24,21800.0,500,Sell,227047909
2024-07-29 13:40:24,21800.0,100,Sell,227047910
2024-07-29 13:40:24,21800.0,300,Sell,227047893
2024-07-29 13:40:24,21800.0,100,Sell,227047894
2024-07-29 13:40:24,21800.0,1000,Sell,227047895
2024-07-29 13:40:24,21800.0,1000,Sell,227047896
2024-07-29 13:40:24,21800.0,2000,Sell,227047897
2024-07-29 13:40:24,21800.0,200,Sell,227047898
2024-07-29 13:40:24,21800.0,100,Sell,227047899
2024-07-29 13:40:24,21800.0,200,Sell,227047905
2024-07-29 13:40:24,21800.0,1000,Sell,227047901
2024-07-29 13:40:24,21800.0,14900,Sell,227047902
2024-07-29 13:40:24,21800.0,2000,Sell,227047903
2024-07-29 13:40:24,21800.0,1000,Sell,227047904
2024-07-29 13:40:24,21800.0,2000,Sell,227047900
2024-07-29 13:40:24,21800.0,100,Sell,227047907
2024-07-29 13:40:24,21800.0,1000,Sell,227047908
2024-07-29 13:40:27,21850.0,200,Buy,227047973
2024-07-29 13:40:31,21850.0,200,Buy,227048141
2024-07-29 13:40:31,21850.0,100,Buy,227048117
2024-07-29 13:40:32,21850.0,300,Buy,227048170
2024-07-29 13:40:34,21850.0,64300,Buy,227048227
2024-07-29 13:40:34,21850.0,100,Buy,227048228
2024-07-29 13:40:34,21850.0,11200,Buy,227048229
2024-07-29 13:40:35,21850.0,9900,Sell,227048248
2024-07-29 13:40:35,21800.0,2000,Sell,227048262
2024-07-29 13:40:39,21900.0,500,Buy,227048399
2024-07-29 13:40:40,21800.0,500,Sell,227048412
2024-07-29 13:40:44,21800.0,1000,Sell,227048518
2024-07-29 13:40:45,21850.0,4100,Buy,227048539
2024-07-29 13:40:45,21850.0,900,Buy,227048540
2024-07-29 13:40:47,21900.0,1000,Buy,227048629
2024-07-29 13:40:50,21850.0,1500,Buy,227048688
2024-07-29 13:40:50,21850.0,500,Buy,227048689
2024-07-29 13:40:50,21850.0,8000,Buy,227048690
2024-07-29 13:40:55,21850.0,100,Buy,227048797
2024-07-29 13:41:00,21900.0,100,Buy,227048947
2024-07-29 13:41:01,21900.0,800,Buy,227048964
2024-07-29 13:41:08,21900.0,1000,Buy,227049264
2024-07-29 13:41:08,21850.0,200,Sell,227049242
2024-07-29 13:41:09,21900.0,200,Buy,227049310
2024-07-29 13:41:11,21900.0,300,Buy,227049339
2024-07-29 13:41:12,21850.0,2800,Sell,227049349
2024-07-29 13:41:12,21850.0,200,Sell,227049350
2024-07-29 13:41:12,21850.0,500,Sell,227049351
2024-07-29 13:41:12,21850.0,100,Buy,227049352
2024-07-29 13:41:16,21850.0,300,Buy,227049538
2024-07-29 13:41:17,21850.0,100,Buy,227049549
2024-07-29 13:41:17,21850.0,500,Buy,227049558
2024-07-29 13:41:20,21900.0,1300,Buy,227049632
2024-07-29 13:41:20,21850.0,200,Buy,227049631
2024-07-29 13:41:20,21850.0,500,Buy,227049630
2024-07-29 13:41:27,21850.0,100,Sell,227049887
2024-07-29 13:41:27,21850.0,200,Sell,227049888
2024-07-29 13:41:28,21900.0,100,Buy,227049898
2024-07-29 13:41:44,21900.0,500,Buy,227050503
2024-07-29 13:41:45,21900.0,4000,Buy,227050572
2024-07-29 13:41:49,21850.0,100,Sell,227050769
2024-07-29 13:41:49,21850.0,500,Sell,227050768
2024-07-29 13:41:49,21850.0,4000,Sell,227050767
2024-07-29 13:41:49,21850.0,500,Sell,227050766
2024-07-29 13:41:49,21850.0,20000,Sell,227050765
2024-07-29 13:41:49,21850.0,100,Sell,227050764
2024-07-29 13:41:49,21850.0,400,Sell,227050763
2024-07-29 13:41:49,21850.0,500,Sell,227050762
2024-07-29 13:41:49,21850.0,800,Sell,227050761
2024-07-29 13:41:49,21850.0,800,Sell,227050760
2024-07-29 13:41:49,21900.0,1000,Buy,227050758
2024-07-29 13:41:51,21850.0,500,Buy,227050821
2024-07-29 13:41:52,21850.0,21800,Buy,227050846
2024-07-29 13:41:52,21850.0,3200,Buy,227050847
2024-07-29 13:41:56,21900.0,500,Buy,227050942
2024-07-29 13:41:58,21850.0,1000,Sell,227050971
2024-07-29 13:41:58,21850.0,400,Sell,227050974
2024-07-29 13:41:58,21850.0,600,Sell,227050975
2024-07-29 13:42:08,21850.0,100,Sell,227051301
2024-07-29 13:42:08,21850.0,400,Sell,227051302
2024-07-29 13:42:09,21850.0,1500,Sell,227051332
2024-07-29 13:42:14,21900.0,200,Buy,227051522
2024-07-29 13:42:16,21850.0,1000,Sell,227051565
2024-07-29 13:42:17,21900.0,200,Buy,227051576
2024-07-29 13:42:22,21850.0,300,Sell,227051744
2024-07-29 13:42:25,21850.0,100,Sell,227051845
2024-07-29 13:42:27,21850.0,2400,Sell,227051878
2024-07-29 13:42:27,21850.0,700,Sell,227051879
2024-07-29 13:42:27,21850.0,2000,Sell,227051877
2024-07-29 13:42:27,21850.0,1000,Sell,227051873
2024-07-29 13:42:27,21850.0,400,Sell,227051875
2024-07-29 13:42:27,21850.0,2000,Sell,227051874
2024-07-29 13:42:27,21850.0,1000,Sell,227051872
2024-07-29 13:42:27,21850.0,200,Sell,227051876
2024-07-29 13:42:30,21850.0,300,Buy,227051982
2024-07-29 13:42:30,21850.0,200,Buy,227051983
2024-07-29 13:42:30,21850.0,100,Buy,227051990
2024-07-29 13:42:35,21850.0,200,Buy,227052112
2024-07-29 13:42:35,21850.0,200,Buy,227052136
2024-07-29 13:42:35,21850.0,1000,Buy,227052137
2024-07-29 13:42:35,21900.0,20300,Buy,227052138
2024-07-29 13:42:36,21850.0,100,Sell,227052149
2024-07-29 13:42:39,21850.0,500,Sell,227052343
2024-07-29 13:42:49,21850.0,200,Sell,227052701
2024-07-29 13:42:52,21900.0,1000,Buy,227052794
2024-07-29 13:42:55,21900.0,4200,Buy,227052926
2024-07-29 13:42:58,21850.0,100,Sell,227053002
2024-07-29 13:43:02,21900.0,700,Buy,227053145
2024-07-29 13:43:06,21900.0,1200,Buy,227053235
2024-07-29 13:43:18,21900.0,100,Buy,227053558
2024-07-29 13:43:18,21900.0,500,Buy,227053559
2024-07-29 13:43:18,21900.0,900,Buy,227053560
2024-07-29 13:43:21,21900.0,100,Buy,227053622
2024-07-29 13:43:21,21900.0,7200,Buy,227053623
2024-07-29 13:43:21,21900.0,100,Buy,227053621
2024-07-29 13:43:21,21900.0,100,Buy,227053616
2024-07-29 13:43:21,21900.0,200,Buy,227053619
2024-07-29 13:43:21,21900.0,2100,Buy,227053618
2024-07-29 13:43:21,21900.0,100,Buy,227053617
2024-07-29 13:43:21,21900.0,100,Buy,227053620
2024-07-29 13:43:24,21900.0,100,Buy,227053697
2024-07-29 13:43:30,21900.0,300,Buy,227053922
2024-07-29 13:43:33,21900.0,10000,Buy,227054009
2024-07-29 13:43:39,21900.0,5000,Buy,227054152
2024-07-29 13:43:41,21900.0,500,Buy,227054202
2024-07-29 13:43:47,21900.0,500,Buy,227054364
2024-07-29 13:43:54,21850.0,100,Sell,227054549
2024-07-29 13:43:54,21850.0,100,Sell,227054548
2024-07-29 13:43:54,21850.0,10000,Sell,227054545
2024-07-29 13:43:54,21850.0,2400,Sell,227054547
2024-07-29 13:43:54,21850.0,100,Sell,227054546
2024-07-29 13:43:54,21850.0,300,Sell,227054550
2024-07-29 13:43:54,21850.0,100,Sell,227054544
2024-07-29 13:43:54,21850.0,100,Sell,227054538
2024-07-29 13:43:54,21850.0,100,Sell,227054542
2024-07-29 13:43:54,21850.0,500,Sell,227054541
2024-07-29 13:43:54,21850.0,100,Sell,227054540
2024-07-29 13:43:54,21850.0,1800,Sell,227054539
2024-07-29 13:43:54,21850.0,300,Sell,227054537
2024-07-29 13:43:54,21850.0,1000,Sell,227054536
2024-07-29 13:43:54,21850.0,100,Sell,227054535
2024-07-29 13:43:54,21850.0,200,Sell,227054543
2024-07-29 13:43:55,21850.0,5300,Sell,227054558
2024-07-29 13:43:55,21850.0,200,Sell,227054557
2024-07-29 13:43:55,21850.0,100,Sell,227054556
2024-07-29 13:43:55,21850.0,500,Sell,227054554
2024-07-29 13:43:55,21850.0,6600,Sell,227054555
2024-07-29 13:43:57,21900.0,8000,Buy,227054619
2024-07-29 13:44:00,21900.0,900,Buy,227054696
2024-07-29 13:44:00,21900.0,2000,Buy,227054697
2024-07-29 13:44:00,21900.0,100,Buy,227054698
2024-07-29 13:44:03,21900.0,500,Buy,227054777
2024-07-29 13:44:05,21850.0,1800,Sell,227054874
2024-07-29 13:44:05,21850.0,1000,Sell,227054873
2024-07-29 13:44:05,21850.0,2200,Sell,227054872
2024-07-29 13:44:13,21900.0,100,Buy,227055040
2024-07-29 13:44:13,21900.0,100,Buy,227055041
2024-07-29 13:44:16,21900.0,100,Buy,227055148
2024-07-29 13:44:19,21900.0,200,Buy,227055266
2024-07-29 13:44:19,21900.0,100,Buy,227055265
2024-07-29 13:44:19,21900.0,200,Buy,227055264
2024-07-29 13:44:19,21900.0,1000,Buy,227055263
2024-07-29 13:44:19,21900.0,2000,Buy,227055262
2024-07-29 13:44:19,21900.0,100,Buy,227055261
2024-07-29 13:44:19,21900.0,500,Buy,227055260
2024-07-29 13:44:19,21900.0,500,Buy,227055259
2024-07-29 13:44:19,21900.0,100,Buy,227055258
2024-07-29 13:44:19,21900.0,800,Buy,227055257
2024-07-29 13:44:20,21900.0,100,Buy,227055279
2024-07-29 13:44:20,21900.0,200,Buy,227055277
2024-07-29 13:44:20,21900.0,100,Buy,227055276
2024-07-29 13:44:20,21900.0,2000,Buy,227055275
2024-07-29 13:44:20,21900.0,30000,Buy,227055278
2024-07-29 13:44:20,21900.0,2000,Buy,227055273
2024-07-29 13:44:20,21900.0,300,Buy,227055272
2024-07-29 13:44:20,21900.0,500,Buy,227055271
2024-07-29 13:44:20,21900.0,200,Buy,227055270
2024-07-29 13:44:20,21900.0,100,Buy,227055274
2024-07-29 13:44:23,21900.0,300,Sell,227055419
2024-07-29 13:44:29,21900.0,100,Sell,227055644
2024-07-29 13:44:32,21900.0,100,Sell,227055808
2024-07-29 13:44:36,21900.0,3100,Sell,227055910
2024-07-29 13:44:37,21950.0,300,Buy,227055942
2024-07-29 13:44:37,21950.0,5000,Buy,227055941
2024-07-29 13:44:37,21950.0,300,Buy,227055940
2024-07-29 13:44:37,21950.0,2000,Buy,227055939
2024-07-29 13:44:37,21950.0,500,Buy,227055938
2024-07-29 13:44:37,21950.0,100,Buy,227055937
2024-07-29 13:44:37,21950.0,1000,Buy,227055936
2024-07-29 13:44:37,21950.0,400,Buy,227055935
2024-07-29 13:44:37,21950.0,1600,Buy,227055928
2024-07-29 13:44:38,21900.0,100,Sell,227055975
2024-07-29 13:44:39,21900.0,100,Sell,227056009
2024-07-29 13:44:55,21950.0,200,Buy,227056531
2024-07-29 13:44:56,21950.0,10000,Buy,227056579
2024-07-29 13:44:57,21900.0,2000,Sell,227056625
2024-07-29 13:44:57,21950.0,100,Buy,227056608
2024-07-29 13:44:57,21950.0,3000,Buy,227056607
2024-07-29 13:44:57,21950.0,2500,Buy,227056602
2024-07-29 13:44:57,21950.0,200,Buy,227056605
2024-07-29 13:44:57,21950.0,200,Buy,227056604
2024-07-29 13:44:57,21950.0,5000,Buy,227056603
2024-07-29 13:44:57,21950.0,200,Buy,227056606
2024-07-29 13:45:01,21950.0,100,Buy,227056713
2024-07-29 13:45:01,21950.0,400,Buy,227056714
2024-07-29 13:45:02,21950.0,200,Buy,227056737
2024-07-29 13:45:02,21950.0,100,Buy,227056736
2024-07-29 13:45:02,21950.0,100,Buy,227056735
2024-07-29 13:45:02,21950.0,100,Buy,227056732
2024-07-29 13:45:02,21950.0,100,Buy,227056731
2024-07-29 13:45:02,21950.0,500,Buy,227056730
2024-07-29 13:45:02,21950.0,600,Buy,227056729
2024-07-29 13:45:02,21950.0,100,Buy,227056733
2024-07-29 13:45:16,21950.0,200,Sell,227057183
2024-07-29 13:45:16,21950.0,900,Sell,227057184
2024-07-29 13:45:17,22000.0,500,Buy,227057195
2024-07-29 13:45:19,22000.0,400,Buy,227057284
2024-07-29 13:45:19,22000.0,500,Buy,227057282
2024-07-29 13:45:19,22000.0,1000,Buy,227057283
