time,price,volume,match_type,id
2024-08-23 12:59:40,22050.0,100,Sell,234284809
2024-08-23 12:59:40,21400.0,500,Sell,234284814
2024-08-23 12:59:40,21400.0,500,Sell,234284813
2024-08-23 12:59:40,22000.0,100,Sell,234284810
2024-08-23 12:59:40,21600.0,1000,Sell,234284811
2024-08-23 12:59:40,21600.0,1000,Sell,234284812
2024-08-23 12:59:42,21400.0,100,Buy,234285358
2024-08-23 12:59:42,21400.0,100,Buy,234285485
2024-08-23 12:59:42,21400.0,100,Buy,234285362
2024-08-23 12:59:42,21400.0,300,Buy,234285215
2024-08-23 12:59:42,21400.0,100,Buy,234285360
2024-08-23 12:59:42,21400.0,100,Buy,234285361
2024-08-23 12:59:42,21400.0,200,Buy,234285359
2024-08-23 13:00:06,21400.0,4700,Buy,234288188
2024-08-23 13:00:06,21350.0,300,Buy,234288187
2024-08-23 13:00:06,21350.0,200,Buy,234288184
2024-08-23 13:00:06,21350.0,100,Buy,234288183
2024-08-23 13:00:06,21200.0,100,Sell,234288159
2024-08-23 13:00:06,21200.0,400,Sell,234288158
2024-08-23 13:00:06,21250.0,500,Sell,234288157
2024-08-23 13:00:06,21350.0,100,Buy,234288146
2024-08-23 13:00:06,21350.0,1000,Buy,234288153
2024-08-23 13:00:06,21350.0,1000,Buy,234288152
2024-08-23 13:00:06,21350.0,100,Buy,234288151
2024-08-23 13:00:06,21350.0,100,Buy,234288150
2024-08-23 13:00:06,21350.0,100,Buy,234288149
2024-08-23 13:00:06,21350.0,100,Buy,234288148
2024-08-23 13:00:06,21350.0,100,Buy,234288147
2024-08-23 13:00:06,21350.0,1800,Buy,234288156
2024-08-23 13:00:14,21250.0,300,Buy,234288649
2024-08-23 13:00:16,21250.0,200,Buy,234288679
2024-08-23 13:00:16,21400.0,100,Buy,234288680
2024-08-23 13:00:17,21400.0,300,Buy,234288807
2024-08-23 13:00:19,21400.0,1000,Buy,234288887
2024-08-23 13:00:23,21250.0,100,Sell,234289087
2024-08-23 13:00:23,21250.0,500,Sell,234289094
2024-08-23 13:00:23,21200.0,400,Sell,234289095
2024-08-23 13:00:23,21200.0,1000,Sell,234289096
2024-08-23 13:00:24,21350.0,100,Buy,234289138
2024-08-23 13:00:26,21300.0,1000,Sell,234289196
2024-08-23 13:00:27,21200.0,1000,Sell,234289218
2024-08-23 13:00:27,21300.0,100,Buy,234289219
2024-08-23 13:00:29,21300.0,400,Buy,234289259
2024-08-23 13:00:29,21400.0,600,Buy,234289260
2024-08-23 13:00:32,21400.0,100,Sell,234289398
2024-08-23 13:00:32,21400.0,3300,Sell,234289397
2024-08-23 13:00:32,21400.0,6000,Buy,234289355
2024-08-23 13:00:32,21350.0,2300,Buy,234289352
2024-08-23 13:00:32,21400.0,1400,Buy,234289353
2024-08-23 13:00:32,21400.0,1700,Buy,234289354
2024-08-23 13:00:32,21300.0,300,Buy,234289351
2024-08-23 13:00:33,21250.0,100,Sell,234289400
2024-08-23 13:00:33,21250.0,900,Sell,234289399
2024-08-23 13:00:34,21350.0,500,Buy,234289479
2024-08-23 13:00:34,21350.0,4100,Buy,234289480
2024-08-23 13:00:35,21400.0,2800,Sell,234289512
2024-08-23 13:00:35,21350.0,1700,Sell,234289513
2024-08-23 13:00:35,21350.0,2900,Sell,234289554
2024-08-23 13:00:36,21350.0,400,Buy,234289566
2024-08-23 13:00:40,21500.0,100,Buy,234289779
2024-08-23 13:00:46,21500.0,100,Buy,234289913
2024-08-23 13:00:48,21400.0,100,Sell,234289973
2024-08-23 13:00:49,21500.0,1800,Buy,234290007
2024-08-23 13:00:58,21350.0,400,Buy,234290248
2024-08-23 13:00:58,21350.0,200,Sell,234290247
2024-08-23 13:00:58,21350.0,100,Sell,234290246
2024-08-23 13:00:58,21350.0,100,Sell,234290245
2024-08-23 13:00:58,21400.0,200,Sell,234290241
2024-08-23 13:00:58,21350.0,300,Sell,234290243
2024-08-23 13:00:58,21400.0,500,Sell,234290242
2024-08-23 13:00:58,21350.0,1000,Sell,234290244
2024-08-23 13:00:58,21400.0,100,Sell,234290240
2024-08-23 13:01:14,21500.0,200,Buy,234290893
2024-08-23 13:01:25,21500.0,100,Buy,234291248
2024-08-23 13:01:27,21500.0,1100,Buy,234291341
2024-08-23 13:01:27,21500.0,900,Buy,234291342
2024-08-23 13:01:30,21500.0,400,Buy,234291452
2024-08-23 13:01:45,21550.0,100,Sell,234291917
2024-08-23 13:01:45,21550.0,200,Sell,234291916
2024-08-23 13:01:51,21550.0,1000,Buy,234292055
2024-08-23 13:01:53,21550.0,400,Buy,234292080
2024-08-23 13:02:04,21600.0,500,Sell,234292403
2024-08-23 13:02:20,21700.0,100,Buy,234292831
2024-08-23 13:02:21,21700.0,100,Buy,234292886
2024-08-23 13:02:26,21700.0,200,Buy,234293017
2024-08-23 13:02:27,21700.0,1600,Buy,234293025
2024-08-23 13:02:27,21700.0,300,Buy,234293026
2024-08-23 13:02:41,21800.0,1000,Buy,234293369
2024-08-23 13:02:45,21800.0,500,Buy,234293460
2024-08-23 13:02:45,21800.0,2000,Buy,234293461
2024-08-23 13:02:45,21800.0,500,Buy,234293463
2024-08-23 13:02:45,21750.0,100,Sell,234293462
2024-08-23 13:02:52,21800.0,7500,Buy,234293675
2024-08-23 13:02:53,21800.0,200,Sell,234293683
2024-08-23 13:03:06,21850.0,2000,Buy,234294018
2024-08-23 13:03:06,21850.0,700,Buy,234294019
2024-08-23 13:03:11,21850.0,200,Buy,234294243
2024-08-23 13:03:11,21850.0,300,Buy,234294241
2024-08-23 13:03:11,21850.0,100,Buy,234294242
2024-08-23 13:03:13,21800.0,200,Sell,234294286
2024-08-23 13:03:17,21850.0,100,Buy,234294431
2024-08-23 13:03:22,21800.0,4000,Sell,234294608
2024-08-23 13:03:23,21850.0,300,Buy,234294644
2024-08-23 13:03:28,21850.0,1000,Buy,234294766
2024-08-23 13:03:30,21850.0,400,Buy,234294812
2024-08-23 13:03:35,21850.0,500,Buy,234294891
2024-08-23 13:03:37,21850.0,400,Buy,234294985
2024-08-23 13:03:46,21850.0,2300,Sell,234295258
2024-08-23 13:03:46,21800.0,7700,Sell,234295259
2024-08-23 13:03:55,21800.0,400,Sell,234295459
2024-08-23 13:03:55,21800.0,500,Sell,234295460
2024-08-23 13:03:55,21800.0,1100,Sell,234295461
2024-08-23 13:04:00,21850.0,400,Buy,234295634
2024-08-23 13:04:00,21850.0,500,Sell,234295639
2024-08-23 13:04:01,21800.0,500,Sell,234295674
2024-08-23 13:04:01,21800.0,400,Sell,234295673
2024-08-23 13:04:01,21800.0,100,Sell,234295671
2024-08-23 13:04:01,21800.0,1000,Sell,234295670
2024-08-23 13:04:01,21800.0,100,Sell,234295672
2024-08-23 13:04:04,21800.0,100,Buy,234295751
2024-08-23 13:04:18,21800.0,500,Buy,234296261
2024-08-23 13:04:25,21800.0,300,Buy,234296510
2024-08-23 13:04:28,21750.0,100,Sell,234296678
2024-08-23 13:04:34,21750.0,300,Sell,234296902
2024-08-23 13:04:36,21800.0,200,Buy,234296959
2024-08-23 13:05:00,21750.0,500,Sell,234297903
2024-08-23 13:05:18,21750.0,100,Sell,234298584
2024-08-23 13:05:18,21750.0,100,Sell,234298585
2024-08-23 13:05:18,21750.0,4400,Sell,234298586
2024-08-23 13:05:28,21750.0,500,Sell,234299037
2024-08-23 13:05:38,21800.0,700,Buy,234299376
2024-08-23 13:05:52,21800.0,100,Buy,234299872
2024-08-23 13:05:52,21800.0,4000,Buy,234299881
2024-08-23 13:06:05,21750.0,500,Sell,234300389
2024-08-23 13:06:12,21800.0,100,Buy,234300576
2024-08-23 13:06:43,21800.0,600,Buy,234301595
2024-08-23 13:06:47,21800.0,100,Buy,234301748
2024-08-23 13:06:55,21800.0,200,Buy,234301993
2024-08-23 13:06:55,21800.0,100,Buy,234302011
2024-08-23 13:07:04,21800.0,900,Buy,234302308
2024-08-23 13:07:04,21800.0,100,Buy,234302309
2024-08-23 13:07:06,21750.0,100,Sell,234302367
2024-08-23 13:07:07,21800.0,500,Buy,234302389
2024-08-23 13:07:28,21800.0,800,Sell,234302973
2024-08-23 13:07:28,21800.0,100,Sell,234302974
2024-08-23 13:07:28,21800.0,600,Sell,234302975
2024-08-23 13:07:33,21800.0,400,Sell,234303101
2024-08-23 13:08:00,21850.0,500,Buy,234303920
2024-08-23 13:08:04,21850.0,1500,Buy,234304024
2024-08-23 13:08:53,21900.0,400,Buy,234306199
2024-08-23 13:09:09,21900.0,100,Buy,234306731
2024-08-23 13:09:14,21900.0,100,Buy,234306935
2024-08-23 13:09:14,21900.0,500,Buy,234306933
2024-08-23 13:09:14,21900.0,500,Buy,234306934
2024-08-23 13:09:15,21900.0,100,Buy,234306991
2024-08-23 13:09:15,21900.0,400,Buy,234306992
2024-08-23 13:09:21,21900.0,100,Buy,234307337
2024-08-23 13:09:43,21850.0,500,Sell,234308184
2024-08-23 13:09:43,21850.0,600,Sell,234308185
2024-08-23 13:09:53,21800.0,10000,Sell,234308520
2024-08-23 13:09:54,21800.0,200,Sell,234308562
2024-08-23 13:09:54,21800.0,3000,Sell,234308561
2024-08-23 13:09:54,21800.0,3000,Sell,234308559
2024-08-23 13:09:54,21800.0,100,Sell,234308558
2024-08-23 13:09:54,21800.0,1000,Sell,234308557
2024-08-23 13:09:54,21800.0,500,Sell,234308556
2024-08-23 13:09:54,21800.0,100,Sell,234308560
2024-08-23 13:09:54,21800.0,3000,Sell,234308554
2024-08-23 13:09:54,21800.0,500,Sell,234308553
2024-08-23 13:09:54,21800.0,4500,Sell,234308552
2024-08-23 13:09:54,21800.0,1000,Sell,234308551
2024-08-23 13:09:54,21800.0,100,Sell,234308550
2024-08-23 13:09:54,21800.0,2000,Sell,234308549
2024-08-23 13:09:54,21800.0,1500,Sell,234308548
2024-08-23 13:09:54,21800.0,100,Sell,234308555
2024-08-23 13:09:56,21850.0,1500,Buy,234308642
2024-08-23 13:09:57,21850.0,200,Buy,234308656
2024-08-23 13:10:05,21850.0,100,Buy,234308933
2024-08-23 13:10:34,21850.0,1000,Buy,234310530
2024-08-23 13:10:51,21850.0,100,Buy,234311372
2024-08-23 13:10:57,21850.0,400,Buy,234311694
2024-08-23 13:10:58,21800.0,7500,Sell,234311757
2024-08-23 13:11:00,21800.0,1000,Buy,234311839
2024-08-23 13:11:20,21800.0,1500,Buy,234312659
2024-08-23 13:11:20,21800.0,500,Buy,234312660
2024-08-23 13:11:20,21800.0,200,Buy,234312661
2024-08-23 13:12:22,21800.0,11700,Sell,234314806
2024-08-23 13:12:34,21800.0,2100,Sell,234315223
2024-08-23 13:12:34,21800.0,100,Sell,234315224
2024-08-23 13:12:34,21800.0,800,Sell,234315225
2024-08-23 13:12:43,21800.0,200,Sell,234315500
2024-08-23 13:12:43,21800.0,200,Sell,234315497
2024-08-23 13:12:43,21800.0,100,Sell,234315498
2024-08-23 13:12:43,21800.0,500,Sell,234315499
2024-08-23 13:12:48,21800.0,100,Sell,234315660
2024-08-23 13:12:54,21800.0,100,Buy,234315799
2024-08-23 13:12:54,21800.0,200,Buy,234315800
2024-08-23 13:12:54,21800.0,100,Buy,234315801
2024-08-23 13:13:02,21850.0,100,Buy,234316032
2024-08-23 13:13:02,21800.0,300,Sell,234316033
2024-08-23 13:13:02,21800.0,700,Sell,234316034
2024-08-23 13:13:05,21800.0,100,Sell,234316140
2024-08-23 13:13:05,21800.0,1300,Sell,234316141
2024-08-23 13:13:06,21800.0,100,Buy,234316156
2024-08-23 13:13:19,21800.0,1000,Buy,234316494
2024-08-23 13:13:21,21800.0,100,Buy,234316561
2024-08-23 13:13:27,21800.0,1600,Buy,234316782
2024-08-23 13:13:49,21800.0,10000,Buy,234317495
2024-08-23 13:13:54,21700.0,1000,Sell,234317691
2024-08-23 13:13:54,21700.0,500,Sell,234317696
2024-08-23 13:13:54,21700.0,500,Sell,234317689
2024-08-23 13:13:54,21700.0,1000,Sell,234317692
2024-08-23 13:13:54,21700.0,100,Sell,234317693
2024-08-23 13:13:54,21700.0,1000,Sell,234317694
2024-08-23 13:13:54,21700.0,10000,Sell,234317695
2024-08-23 13:13:54,21700.0,1000,Sell,234317697
2024-08-23 13:13:54,21700.0,3000,Sell,234317706
2024-08-23 13:13:54,21700.0,500,Sell,234317699
2024-08-23 13:13:54,21700.0,200,Sell,234317700
2024-08-23 13:13:54,21700.0,100,Sell,234317701
2024-08-23 13:13:54,21700.0,3000,Sell,234317702
2024-08-23 13:13:54,21700.0,3000,Sell,234317703
2024-08-23 13:13:54,21700.0,300,Sell,234317704
2024-08-23 13:13:54,21700.0,10300,Sell,234317707
2024-08-23 13:13:54,21700.0,300,Sell,234317698
2024-08-23 13:13:54,21700.0,100,Sell,234317688
2024-08-23 13:13:54,21750.0,100,Sell,234317683
2024-08-23 13:13:54,21700.0,500,Sell,234317686
2024-08-23 13:13:54,21700.0,100,Sell,234317687
2024-08-23 13:13:54,21750.0,600,Sell,234317668
2024-08-23 13:13:54,21750.0,500,Sell,234317669
2024-08-23 13:13:54,21750.0,500,Sell,234317670
2024-08-23 13:13:54,21750.0,100,Sell,234317671
2024-08-23 13:13:54,21750.0,100,Sell,234317672
2024-08-23 13:13:54,21750.0,1000,Sell,234317673
2024-08-23 13:13:54,21750.0,100,Sell,234317674
2024-08-23 13:13:54,21750.0,100,Sell,234317675
2024-08-23 13:13:54,21750.0,1000,Sell,234317682
2024-08-23 13:13:54,21750.0,100,Sell,234317677
2024-08-23 13:13:54,21750.0,100,Sell,234317684
2024-08-23 13:13:54,21750.0,3000,Sell,234317676
2024-08-23 13:13:54,21750.0,1000,Sell,234317681
2024-08-23 13:13:54,21700.0,600,Sell,234317685
2024-08-23 13:13:54,21750.0,2000,Sell,234317679
2024-08-23 13:13:54,21750.0,100,Sell,234317678
2024-08-23 13:13:54,21750.0,2500,Sell,234317680
2024-08-23 13:13:58,21800.0,200,Buy,234317843
2024-08-23 13:13:58,21700.0,200,Sell,234317866
2024-08-23 13:14:02,21800.0,1000,Buy,234317993
2024-08-23 13:14:12,21700.0,5000,Sell,234318374
2024-08-23 13:14:12,21700.0,200,Sell,234318375
2024-08-23 13:14:12,21700.0,100,Sell,234318373
2024-08-23 13:14:12,21700.0,22500,Sell,234318372
2024-08-23 13:14:14,21700.0,9000,Buy,234318442
2024-08-23 13:14:15,21700.0,100,Buy,234318487
2024-08-23 13:14:19,21700.0,600,Buy,234318673
2024-08-23 13:14:24,21700.0,500,Buy,234318860
2024-08-23 13:14:24,21700.0,12000,Buy,234318877
2024-08-23 13:14:35,21700.0,3000,Sell,234319311
2024-08-23 13:14:40,21800.0,5200,Buy,234319495
2024-08-23 13:14:40,21800.0,200,Buy,234319494
2024-08-23 13:14:40,21800.0,4600,Buy,234319493
2024-08-23 13:14:42,21700.0,200,Sell,234319580
2024-08-23 13:15:04,21700.0,100,Sell,234320332
2024-08-23 13:15:29,21700.0,2000,Sell,234321065
2024-08-23 13:15:41,21700.0,2000,Sell,234321402
2024-08-23 13:15:44,21700.0,700,Sell,234321476
2024-08-23 13:15:44,21700.0,700,Sell,234321474
2024-08-23 13:15:44,21700.0,100,Sell,234321475
2024-08-23 13:15:49,21750.0,100,Buy,234321639
2024-08-23 13:16:17,21800.0,100,Buy,234322443
2024-08-23 13:16:17,21750.0,200,Sell,234322448
2024-08-23 13:16:17,21750.0,300,Sell,234322449
2024-08-23 13:16:25,21750.0,200,Sell,234322705
2024-08-23 13:16:25,21750.0,200,Sell,234322706
2024-08-23 13:16:38,21750.0,100,Buy,234323042
2024-08-23 13:16:54,21750.0,100,Sell,234323487
2024-08-23 13:16:59,21750.0,200,Buy,234323695
2024-08-23 13:17:09,21750.0,5000,Buy,234323964
2024-08-23 13:17:09,21750.0,600,Buy,234323965
2024-08-23 13:17:09,21750.0,3700,Buy,234323963
2024-08-23 13:17:10,21750.0,100,Buy,234324006
2024-08-23 13:17:25,21700.0,100,Sell,234324318
2024-08-23 13:17:25,21700.0,100,Sell,234324319
2024-08-23 13:17:25,21700.0,300,Sell,234324320
2024-08-23 13:17:25,21700.0,100,Sell,234324321
2024-08-23 13:17:25,21700.0,400,Sell,234324322
2024-08-23 13:18:04,21700.0,8600,Sell,234325281
2024-08-23 13:18:04,21700.0,100,Sell,234325276
2024-08-23 13:18:04,21700.0,1000,Sell,234325277
2024-08-23 13:18:04,21700.0,1000,Sell,234325278
2024-08-23 13:18:04,21700.0,100,Sell,234325279
2024-08-23 13:18:04,21700.0,100,Sell,234325280
2024-08-23 13:18:16,21700.0,400,Sell,234325642
2024-08-23 13:18:16,21700.0,200,Sell,234325641
2024-08-23 13:18:16,21700.0,1400,Sell,234325640
2024-08-23 13:18:18,21750.0,2300,Buy,234325685
2024-08-23 13:18:18,21750.0,700,Buy,234325684
2024-08-23 13:18:20,21700.0,9600,Sell,234325731
2024-08-23 13:18:20,21700.0,400,Sell,234325732
2024-08-23 13:18:21,21700.0,1000,Sell,234325782
2024-08-23 13:18:21,21700.0,500,Sell,234325781
2024-08-23 13:18:21,21700.0,100,Sell,234325780
2024-08-23 13:18:21,21700.0,1600,Sell,234325769
2024-08-23 13:18:21,21700.0,200,Sell,234325778
2024-08-23 13:18:21,21700.0,100,Sell,234325777
2024-08-23 13:18:21,21700.0,100,Sell,234325779
2024-08-23 13:18:45,21750.0,1000,Buy,234326433
2024-08-23 13:18:45,21750.0,9000,Buy,234326434
2024-08-23 13:18:47,21700.0,1000,Sell,234326488
2024-08-23 13:18:47,21700.0,100,Sell,234326489
2024-08-23 13:18:52,21700.0,1600,Buy,234326659
2024-08-23 13:18:53,21700.0,1000,Sell,234326687
2024-08-23 13:19:17,21700.0,500,Sell,234327358
2024-08-23 13:19:17,21700.0,200,Sell,234327359
2024-08-23 13:19:17,21700.0,1200,Sell,234327356
2024-08-23 13:19:17,21700.0,1000,Sell,234327357
2024-08-23 13:19:38,21750.0,100,Buy,234328002
2024-08-23 13:19:38,21750.0,100,Buy,234328001
2024-08-23 13:20:06,21750.0,100,Buy,234328775
2024-08-23 13:20:08,21700.0,400,Sell,234328802
2024-08-23 13:20:08,21700.0,600,Sell,234328803
2024-08-23 13:20:10,21750.0,200,Buy,234328857
2024-08-23 13:20:19,21750.0,300,Buy,234329099
2024-08-23 13:20:35,21700.0,100,Sell,234329634
2024-08-23 13:20:42,21750.0,400,Buy,234329772
2024-08-23 13:20:44,21750.0,1600,Buy,234329884
2024-08-23 13:20:44,21750.0,100,Buy,234329885
2024-08-23 13:20:44,21750.0,1700,Buy,234329886
2024-08-23 13:20:44,21750.0,200,Buy,234329887
2024-08-23 13:20:44,21750.0,2900,Buy,234329888
2024-08-23 13:20:44,21750.0,500,Buy,234329889
2024-08-23 13:20:46,21700.0,300,Sell,234329940
2024-08-23 13:21:08,21700.0,2200,Sell,234330513
2024-08-23 13:21:08,21750.0,1000,Sell,234330512
2024-08-23 13:21:11,21700.0,100,Sell,234330580
2024-08-23 13:22:41,21750.0,200,Buy,234333255
2024-08-23 13:22:41,21750.0,300,Buy,234333256
2024-08-23 13:22:51,21750.0,1000,Buy,234333552
2024-08-23 13:22:58,21750.0,500,Buy,234333740
2024-08-23 13:22:59,21750.0,3000,Buy,234333750
2024-08-23 13:23:02,21750.0,4800,Buy,234333827
2024-08-23 13:23:03,21750.0,500,Buy,234333837
2024-08-23 13:23:21,21700.0,900,Sell,234334311
2024-08-23 13:23:21,21700.0,1000,Sell,234334310
2024-08-23 13:23:21,21700.0,100,Sell,234334309
2024-08-23 13:23:21,21700.0,500,Sell,234334306
2024-08-23 13:23:21,21700.0,100,Sell,234334308
2024-08-23 13:23:21,21700.0,100,Sell,234334304
2024-08-23 13:23:21,21700.0,300,Sell,234334305
2024-08-23 13:23:21,21700.0,200,Sell,234334300
2024-08-23 13:23:21,21700.0,100,Sell,234334301
2024-08-23 13:23:21,21700.0,500,Sell,234334307
2024-08-23 13:23:21,21700.0,2000,Sell,234334303
2024-08-23 13:23:21,21700.0,200,Sell,234334302
2024-08-23 13:23:33,21750.0,200,Buy,234334840
2024-08-23 13:23:35,21700.0,400,Sell,234334892
2024-08-23 13:23:43,21700.0,700,Sell,234335161
2024-08-23 13:23:57,21700.0,10000,Sell,234335626
2024-08-23 13:24:02,21700.0,100,Sell,234335778
2024-08-23 13:24:02,21700.0,200,Sell,234335784
2024-08-23 13:24:02,21700.0,500,Sell,234335783
2024-08-23 13:24:02,21700.0,100,Sell,234335782
2024-08-23 13:24:02,21700.0,3000,Sell,234335781
2024-08-23 13:24:02,21700.0,500,Sell,234335780
2024-08-23 13:24:02,21700.0,1900,Sell,234335779
2024-08-23 13:24:02,21700.0,100,Sell,234335777
2024-08-23 13:24:02,21700.0,500,Sell,234335776
2024-08-23 13:24:02,21700.0,1000,Sell,234335765
2024-08-23 13:24:02,21700.0,100,Sell,234335766
2024-08-23 13:24:02,21700.0,1000,Sell,234335767
2024-08-23 13:24:02,21700.0,1000,Sell,234335768
2024-08-23 13:24:02,21700.0,1000,Sell,234335773
2024-08-23 13:24:02,21700.0,1000,Sell,234335770
2024-08-23 13:24:02,21700.0,1000,Sell,234335771
2024-08-23 13:24:02,21700.0,100,Sell,234335772
2024-08-23 13:24:02,21700.0,100,Sell,234335769
2024-08-23 13:24:03,21700.0,1700,Buy,234335849
2024-08-23 13:24:07,21700.0,100,Buy,234335927
2024-08-23 13:24:13,21700.0,100,Buy,234336122
2024-08-23 13:24:16,21700.0,100,Buy,234336256
2024-08-23 13:24:19,21700.0,800,Buy,234336346
2024-08-23 13:24:26,21650.0,13000,Sell,234336542
2024-08-23 13:24:26,21650.0,200,Sell,234336541
2024-08-23 13:24:26,21650.0,3000,Sell,234336540
2024-08-23 13:24:26,21650.0,100,Sell,234336539
2024-08-23 13:24:26,21650.0,600,Sell,234336538
2024-08-23 13:24:26,21650.0,100,Sell,234336537
2024-08-23 13:24:26,21650.0,100,Sell,234336536
2024-08-23 13:24:26,21650.0,100,Sell,234336534
2024-08-23 13:24:26,21650.0,500,Sell,234336532
2024-08-23 13:24:26,21650.0,100,Sell,234336531
2024-08-23 13:24:26,21650.0,1000,Sell,234336530
2024-08-23 13:24:26,21650.0,1000,Sell,234336529
2024-08-23 13:24:26,21650.0,100,Sell,234336535
2024-08-23 13:24:26,21650.0,100,Sell,234336533
2024-08-23 13:24:31,21650.0,3000,Sell,234336689
2024-08-23 13:24:33,21650.0,3000,Sell,234336708
2024-08-23 13:24:42,21700.0,100,Buy,234337047
2024-08-23 13:24:43,21650.0,300,Sell,234337072
2024-08-23 13:24:51,21650.0,200,Sell,234337272
2024-08-23 13:24:51,21650.0,800,Sell,234337273
2024-08-23 13:24:58,21650.0,400,Sell,234337484
2024-08-23 13:25:09,21700.0,100,Buy,234337791
2024-08-23 13:25:10,21650.0,1700,Sell,234337804
2024-08-23 13:25:57,21650.0,200,Sell,234339120
2024-08-23 13:25:57,21650.0,700,Sell,234339121
2024-08-23 13:25:57,21650.0,2100,Sell,234339119
2024-08-23 13:26:01,21650.0,300,Sell,234339178
2024-08-23 13:26:01,21650.0,500,Sell,234339179
2024-08-23 13:26:01,21650.0,1000,Sell,234339180
2024-08-23 13:26:01,21650.0,500,Sell,234339181
2024-08-23 13:26:13,21650.0,1100,Sell,234339580
2024-08-23 13:26:15,21700.0,1200,Buy,234339612
2024-08-23 13:26:16,21650.0,100,Sell,234339648
2024-08-23 13:26:16,21650.0,2300,Sell,234339647
2024-08-23 13:26:16,21650.0,100,Sell,234339645
2024-08-23 13:26:16,21650.0,400,Sell,234339644
2024-08-23 13:26:16,21650.0,100,Sell,234339646
2024-08-23 13:26:35,21650.0,100,Sell,234340083
2024-08-23 13:26:35,21650.0,500,Sell,234340082
2024-08-23 13:26:35,21650.0,900,Sell,234340081
2024-08-23 13:26:35,21650.0,100,Sell,234340080
2024-08-23 13:26:35,21650.0,100,Sell,234340079
2024-08-23 13:26:35,21650.0,100,Sell,234340077
2024-08-23 13:26:35,21650.0,1000,Sell,234340076
2024-08-23 13:26:35,21650.0,200,Sell,234340075
2024-08-23 13:26:35,21650.0,500,Sell,234340074
2024-08-23 13:26:35,21650.0,400,Sell,234340056
2024-08-23 13:26:35,21650.0,100,Sell,234340078
2024-08-23 13:26:42,21650.0,500,Buy,234340228
2024-08-23 13:26:43,21650.0,100,Buy,234340239
2024-08-23 13:26:51,21650.0,800,Buy,234340438
2024-08-23 13:27:05,21650.0,200,Sell,234340763
2024-08-23 13:27:07,21650.0,500,Sell,234340868
2024-08-23 13:27:10,21650.0,1500,Sell,234340909
2024-08-23 13:27:10,21650.0,500,Sell,234340910
2024-08-23 13:27:27,21650.0,100,Sell,234341334
2024-08-23 13:27:27,21650.0,100,Sell,234341335
2024-08-23 13:27:27,21650.0,100,Sell,234341336
2024-08-23 13:27:37,21650.0,100,Buy,234341591
2024-08-23 13:27:39,21700.0,4300,Buy,234341606
2024-08-23 13:27:39,21650.0,700,Buy,234341605
2024-08-23 13:27:52,21650.0,200,Buy,234341894
2024-08-23 13:28:26,21650.0,100,Sell,234342810
2024-08-23 13:28:50,21650.0,200,Sell,234343364
2024-08-23 13:29:28,21650.0,500,Sell,234344762
2024-08-23 13:29:28,21650.0,100,Sell,234344763
2024-08-23 13:29:28,21650.0,100,Sell,234344764
2024-08-23 13:29:28,21650.0,300,Sell,234344765
2024-08-23 13:29:28,21650.0,1800,Sell,234344766
2024-08-23 13:29:29,21700.0,200,Buy,234344789
2024-08-23 13:29:44,21650.0,300,Sell,234345309
2024-08-23 13:30:00,21650.0,500,Sell,234345986
2024-08-23 13:30:03,21650.0,1000,Sell,234346072
2024-08-23 13:30:03,21650.0,5000,Sell,234346071
2024-08-23 13:30:03,21650.0,800,Sell,234346070
2024-08-23 13:30:03,21650.0,1000,Sell,234346069
2024-08-23 13:30:03,21650.0,1000,Sell,234346068
2024-08-23 13:30:03,21650.0,1000,Sell,234346067
2024-08-23 13:30:03,21650.0,500,Sell,234346066
2024-08-23 13:30:03,21650.0,500,Sell,234346064
2024-08-23 13:30:03,21650.0,3000,Sell,234346063
2024-08-23 13:30:03,21650.0,200,Sell,234346062
2024-08-23 13:30:03,21650.0,100,Sell,234346061
2024-08-23 13:30:03,21650.0,4000,Sell,234346060
2024-08-23 13:30:03,21650.0,12000,Sell,234346059
2024-08-23 13:30:03,21650.0,1600,Sell,234346058
2024-08-23 13:30:03,21650.0,1000,Sell,234346065
2024-08-23 13:30:09,21650.0,200,Buy,234346224
2024-08-23 13:30:21,21650.0,100,Buy,234346735
2024-08-23 13:30:22,21650.0,100,Buy,234346762
2024-08-23 13:30:27,21650.0,20300,Buy,234347065
2024-08-23 13:30:27,21650.0,2400,Buy,234347066
2024-08-23 13:31:14,21650.0,500,Sell,234349208
2024-08-23 13:31:14,21650.0,400,Sell,234349207
2024-08-23 13:31:14,21650.0,100,Sell,234349210
2024-08-23 13:31:14,21650.0,500,Sell,234349205
2024-08-23 13:31:14,21650.0,200,Sell,234349206
2024-08-23 13:31:14,21650.0,1000,Sell,234349209
2024-08-23 13:31:14,21650.0,7300,Sell,234349204
2024-08-23 13:31:45,21650.0,900,Sell,234351048
2024-08-23 13:31:45,21650.0,100,Sell,234351049
2024-08-23 13:31:45,21650.0,500,Sell,234351050
2024-08-23 13:31:45,21650.0,500,Sell,234351051
2024-08-23 13:31:53,21650.0,1000,Sell,234351674
2024-08-23 13:31:53,21650.0,100,Sell,234351675
2024-08-23 13:31:53,21650.0,1000,Sell,234351676
2024-08-23 13:31:53,21650.0,900,Sell,234351677
2024-08-23 13:32:00,21650.0,100,Sell,234352081
2024-08-23 13:32:15,21650.0,3900,Sell,234353051
2024-08-23 13:32:37,21650.0,100,Sell,234354499
2024-08-23 13:32:37,21650.0,5000,Sell,234354500
2024-08-23 13:32:37,21650.0,1800,Sell,234354501
2024-08-23 13:32:37,21650.0,100,Sell,234354498
2024-08-23 13:33:05,21700.0,3000,Buy,234356301
2024-08-23 13:33:05,21700.0,2000,Buy,234356300
2024-08-23 13:33:05,21700.0,200,Buy,234356299
2024-08-23 13:33:05,21700.0,500,Buy,234356298
2024-08-23 13:33:05,21700.0,1000,Buy,234356297
2024-08-23 13:33:05,21650.0,1400,Sell,234356268
2024-08-23 13:33:05,21700.0,6000,Buy,234356295
2024-08-23 13:33:05,21700.0,10200,Buy,234356294
2024-08-23 13:33:05,21650.0,400,Sell,234356266
2024-08-23 13:33:05,21650.0,3200,Sell,234356265
2024-08-23 13:33:05,21700.0,100,Buy,234356296
2024-08-23 13:33:05,21650.0,5000,Sell,234356267
2024-08-23 13:33:12,21700.0,500,Sell,234356791
2024-08-23 13:33:20,21700.0,100,Sell,234357350
2024-08-23 13:33:27,21750.0,700,Buy,234357972
2024-08-23 13:33:29,21750.0,1500,Buy,234358055
2024-08-23 13:33:32,21750.0,1000,Buy,234358264
2024-08-23 13:33:33,21750.0,1400,Buy,234358332
2024-08-23 13:33:37,21750.0,1000,Buy,234358778
2024-08-23 13:33:41,21750.0,5900,Buy,234358961
2024-08-23 13:33:41,21750.0,14100,Buy,234358946
2024-08-23 13:33:42,21750.0,100,Buy,234359115
2024-08-23 13:33:44,21700.0,10000,Sell,234359279
2024-08-23 13:33:53,21750.0,1000,Buy,234359847
2024-08-23 13:33:54,21750.0,700,Buy,234359901
2024-08-23 13:33:56,21700.0,1000,Sell,234359994
2024-08-23 13:33:58,21700.0,100,Sell,234360178
2024-08-23 13:34:00,21700.0,100,Sell,234360344
2024-08-23 13:34:03,21750.0,500,Buy,234360523
2024-08-23 13:34:07,21750.0,100,Buy,234360665
2024-08-23 13:34:11,21700.0,10400,Sell,234360910
2024-08-23 13:34:12,21750.0,500,Buy,234360930
2024-08-23 13:34:14,21700.0,100,Sell,234361079
2024-08-23 13:34:22,21750.0,600,Buy,234361735
2024-08-23 13:34:22,21750.0,100,Buy,234361733
2024-08-23 13:34:22,21750.0,1200,Buy,234361732
2024-08-23 13:34:22,21750.0,100,Buy,234361734
2024-08-23 13:34:34,21800.0,1000,Buy,234362432
2024-08-23 13:34:34,21800.0,300,Buy,234362437
2024-08-23 13:34:34,21800.0,100,Buy,234362436
2024-08-23 13:34:34,21800.0,600,Buy,234362435
2024-08-23 13:34:34,21800.0,5000,Buy,234362434
2024-08-23 13:34:34,21800.0,1000,Buy,234362433
2024-08-23 13:34:34,21800.0,100,Buy,234362431
2024-08-23 13:34:34,21800.0,1000,Buy,234362427
2024-08-23 13:34:34,21800.0,1000,Buy,234362429
2024-08-23 13:34:34,21800.0,5000,Buy,234362428
2024-08-23 13:34:34,21800.0,2300,Buy,234362425
2024-08-23 13:34:34,21800.0,2700,Buy,234362424
2024-08-23 13:34:34,21800.0,10000,Buy,234362423
2024-08-23 13:34:34,21750.0,4400,Buy,234362422
2024-08-23 13:34:34,21800.0,500,Buy,234362430
2024-08-23 13:34:34,21800.0,100,Buy,234362426
2024-08-23 13:34:59,21800.0,4900,Sell,234363505
2024-08-23 13:34:59,21800.0,500,Sell,234363506
2024-08-23 13:35:01,21800.0,1600,Buy,234363624
2024-08-23 13:35:04,21800.0,2700,Sell,234363810
2024-08-23 13:35:05,21850.0,600,Buy,234363889
2024-08-23 13:35:05,21850.0,400,Buy,234363888
2024-08-23 13:35:14,21850.0,200,Buy,234364330
2024-08-23 13:35:23,21850.0,5000,Buy,234364893
2024-08-23 13:35:27,21850.0,1700,Buy,234365136
2024-08-23 13:35:27,21900.0,200,Buy,234365137
2024-08-23 13:35:27,21900.0,300,Buy,234365138
2024-08-23 13:35:27,21950.0,2600,Buy,234365139
2024-08-23 13:35:27,21950.0,100,Buy,234365140
2024-08-23 13:35:27,22000.0,100,Buy,234365141
2024-08-23 13:35:38,21800.0,500,Sell,234365697
2024-08-23 13:35:48,21850.0,3000,Buy,234366248
2024-08-23 13:36:20,21850.0,200,Sell,234367951
2024-08-23 13:36:20,21850.0,100,Sell,234367952
2024-08-23 13:36:20,21850.0,700,Sell,234367953
2024-08-23 13:36:24,21800.0,2000,Sell,234368180
2024-08-23 13:36:24,21800.0,1000,Sell,234368179
2024-08-23 13:36:24,21800.0,1100,Sell,234368181
2024-08-23 13:36:24,21800.0,300,Sell,234368177
2024-08-23 13:36:24,21800.0,200,Sell,234368176
2024-08-23 13:36:24,21850.0,300,Sell,234368175
2024-08-23 13:36:24,21800.0,100,Sell,234368178
2024-08-23 13:36:30,21950.0,2000,Buy,234368486
2024-08-23 13:36:55,21950.0,100,Buy,234369653
2024-08-23 13:36:58,21950.0,1000,Buy,234369752
2024-08-23 13:37:04,21850.0,100,Sell,234370117
2024-08-23 13:37:04,21850.0,500,Sell,234370118
2024-08-23 13:37:37,21800.0,900,Sell,234372014
2024-08-23 13:37:37,21850.0,100,Sell,234372013
2024-08-23 13:37:39,21800.0,1000,Sell,234372190
2024-08-23 13:37:39,21800.0,200,Sell,234372191
2024-08-23 13:37:39,21800.0,1000,Sell,234372192
2024-08-23 13:37:39,21800.0,300,Sell,234372193
2024-08-23 13:37:39,21800.0,1000,Sell,234372194
2024-08-23 13:37:39,21800.0,1000,Sell,234372195
2024-08-23 13:37:39,21800.0,3000,Sell,234372196
2024-08-23 13:37:39,21800.0,1400,Sell,234372197
2024-08-23 13:37:41,21800.0,200,Buy,234372253
2024-08-23 13:37:41,21800.0,900,Buy,234372273
2024-08-23 13:37:47,21850.0,100,Buy,234372580
2024-08-23 13:38:07,21800.0,1000,Sell,234373593
2024-08-23 13:38:07,21850.0,200,Sell,234373590
2024-08-23 13:38:07,21800.0,14100,Sell,234373591
2024-08-23 13:38:07,21800.0,100,Sell,234373592
2024-08-23 13:38:09,21800.0,1000,Buy,234373665
2024-08-23 13:38:22,21800.0,2900,Buy,234374167
2024-08-23 13:38:27,21800.0,200,Buy,234374400
2024-08-23 13:38:42,21750.0,1000,Sell,234374948
2024-08-23 13:39:35,21750.0,200,Sell,234377087
2024-08-23 13:39:35,21750.0,100,Sell,234377088
2024-08-23 13:39:35,21750.0,500,Sell,234377089
2024-08-23 13:39:35,21750.0,200,Sell,234377090
2024-08-23 13:39:58,21800.0,1000,Buy,234378084
2024-08-23 13:39:58,21800.0,100,Buy,234378135
2024-08-23 13:40:00,21750.0,200,Sell,234378239
2024-08-23 13:40:00,21750.0,500,Sell,234378240
2024-08-23 13:40:00,21750.0,2000,Sell,234378241
2024-08-23 13:40:00,21750.0,300,Sell,234378242
2024-08-23 13:40:06,21750.0,100,Sell,234378447
2024-08-23 13:40:06,21750.0,1500,Sell,234378449
2024-08-23 13:40:06,21750.0,500,Sell,234378448
2024-08-23 13:40:06,21750.0,300,Sell,234378446
2024-08-23 13:40:06,21750.0,100,Sell,234378426
2024-08-23 13:40:06,21750.0,2500,Sell,234378444
2024-08-23 13:40:06,21750.0,2500,Sell,234378427
2024-08-23 13:40:06,21750.0,200,Sell,234378425
2024-08-23 13:40:06,21750.0,100,Sell,234378445
2024-08-23 13:40:09,21750.0,500,Sell,234378602
2024-08-23 13:40:09,21750.0,500,Sell,234378603
2024-08-23 13:40:10,21750.0,100,Buy,234378644
2024-08-23 13:40:12,21750.0,100,Buy,234378715
2024-08-23 13:40:16,21750.0,200,Buy,234378918
2024-08-23 13:40:26,21750.0,2000,Buy,234379329
2024-08-23 13:40:32,21700.0,200,Sell,234379590
2024-08-23 13:40:32,21700.0,200,Sell,234379589
2024-08-23 13:40:32,21700.0,3900,Sell,234379591
2024-08-23 13:40:32,21700.0,500,Sell,234379587
2024-08-23 13:40:32,21700.0,4700,Sell,234379586
2024-08-23 13:40:32,21700.0,500,Sell,234379588
2024-08-23 13:40:38,21750.0,600,Buy,234379801
2024-08-23 13:40:38,21750.0,1400,Buy,234379802
2024-08-23 13:40:42,21700.0,1100,Sell,234379951
2024-08-23 13:41:03,21750.0,500,Buy,234380742
2024-08-23 13:41:07,21700.0,1500,Sell,234380908
2024-08-23 13:41:10,21750.0,200,Buy,234381014
2024-08-23 13:41:12,21700.0,30000,Sell,234381070
2024-08-23 13:41:12,21750.0,2000,Buy,234381072
2024-08-23 13:41:16,21750.0,1100,Buy,234381207
2024-08-23 13:41:16,21750.0,900,Buy,234381206
2024-08-23 13:41:19,21750.0,100,Buy,234381432
2024-08-23 13:41:21,21700.0,13500,Sell,234381477
2024-08-23 13:41:21,21700.0,500,Sell,234381478
2024-08-23 13:41:21,21700.0,300,Sell,234381479
2024-08-23 13:41:21,21700.0,1000,Sell,234381480
2024-08-23 13:41:21,21700.0,4100,Sell,234381481
2024-08-23 13:41:22,21700.0,4900,Sell,234381549
2024-08-23 13:41:22,21700.0,100,Sell,234381548
2024-08-23 13:41:22,21700.0,500,Sell,234381547
2024-08-23 13:41:22,21700.0,1000,Sell,234381546
2024-08-23 13:41:22,21700.0,1000,Sell,234381545
2024-08-23 13:41:22,21700.0,10900,Sell,234381539
2024-08-23 13:41:22,21700.0,1100,Sell,234381543
2024-08-23 13:41:22,21700.0,100,Sell,234381542
2024-08-23 13:41:22,21700.0,300,Sell,234381541
2024-08-23 13:41:22,21700.0,100,Sell,234381540
2024-08-23 13:41:22,21700.0,1000,Sell,234381544
2024-08-23 13:41:27,21750.0,3200,Buy,234381698
2024-08-23 13:41:27,21750.0,200,Buy,234381699
2024-08-23 13:41:27,21750.0,2000,Buy,234381700
2024-08-23 13:41:27,21750.0,3300,Buy,234381701
2024-08-23 13:41:27,21750.0,500,Buy,234381702
2024-08-23 13:41:27,21750.0,800,Buy,234381703
2024-08-23 13:41:32,21750.0,2000,Buy,234381873
2024-08-23 13:41:47,21700.0,300,Sell,234382406
2024-08-23 13:41:47,21750.0,1000,Buy,234382400
2024-08-23 13:41:47,21700.0,200,Sell,234382404
2024-08-23 13:41:47,21700.0,500,Sell,234382405
2024-08-23 13:42:02,21700.0,200,Sell,234382827
2024-08-23 13:42:02,21700.0,200,Sell,234382826
2024-08-23 13:42:06,21700.0,500,Buy,234382958
2024-08-23 13:42:14,21700.0,100,Buy,234383210
2024-08-23 13:42:14,21700.0,8000,Buy,234383224
2024-08-23 13:42:14,21700.0,2000,Buy,234383225
2024-08-23 13:42:18,21700.0,1000,Buy,234383289
2024-08-23 13:42:23,21700.0,200,Buy,234383441
2024-08-23 13:42:24,21700.0,800,Buy,234383502
2024-08-23 13:42:24,21700.0,200,Buy,234383503
2024-08-23 13:42:25,21700.0,100,Buy,234383530
2024-08-23 13:42:32,21700.0,1000,Buy,234383753
2024-08-23 13:42:36,21700.0,700,Buy,234383890
2024-08-23 13:42:36,21700.0,200,Buy,234383891
2024-08-23 13:42:45,21700.0,1000,Buy,234384169
2024-08-23 13:42:47,21700.0,300,Buy,234384231
2024-08-23 13:42:48,21700.0,400,Buy,234384258
2024-08-23 13:43:07,21700.0,500,Buy,234384991
2024-08-23 13:43:07,21700.0,1000,Buy,234385009
2024-08-23 13:43:20,21700.0,600,Buy,234385418
2024-08-23 13:43:20,21700.0,1900,Buy,234385419
2024-08-23 13:43:33,21700.0,2000,Buy,234385905
2024-08-23 13:43:35,21700.0,700,Buy,234385956
2024-08-23 13:43:39,21700.0,5000,Buy,234386117
2024-08-23 13:43:50,21700.0,400,Buy,234386376
2024-08-23 13:44:23,21700.0,100,Sell,234387405
2024-08-23 13:44:23,21700.0,500,Sell,234387406
2024-08-23 13:44:23,21700.0,100,Sell,234387407
2024-08-23 13:44:23,21700.0,4300,Sell,234387408
2024-08-23 13:44:28,21700.0,3000,Sell,234387519
2024-08-23 13:44:47,21700.0,100,Sell,234388104
2024-08-23 13:45:38,21700.0,3000,Sell,234389908
2024-08-23 13:45:42,21750.0,200,Buy,234390120
2024-08-23 13:45:42,21750.0,4800,Buy,234390121
2024-08-23 13:45:46,21700.0,800,Sell,234390248
2024-08-23 13:46:13,21700.0,100,Sell,234391077
2024-08-23 13:46:19,21700.0,1000,Sell,234391288
2024-08-23 13:46:23,21750.0,2000,Buy,234391429
2024-08-23 13:46:33,21700.0,100,Sell,234391670
2024-08-23 13:46:49,21700.0,10000,Sell,234392146
2024-08-23 13:46:50,21750.0,100,Buy,234392170
2024-08-23 13:47:00,21700.0,200,Sell,234392586
2024-08-23 13:47:04,21700.0,5000,Sell,234392679
2024-08-23 13:47:33,21700.0,4000,Sell,234393531
2024-08-23 13:47:44,21700.0,18400,Sell,234393823
2024-08-23 13:47:44,21700.0,500,Sell,234393824
2024-08-23 13:47:44,21700.0,1000,Sell,234393825
2024-08-23 13:47:44,21700.0,100,Sell,234393826
2024-08-23 13:47:46,21700.0,1000,Sell,234393899
2024-08-23 13:47:46,21700.0,1100,Sell,234393900
2024-08-23 13:47:46,21700.0,500,Sell,234393897
2024-08-23 13:47:46,21700.0,400,Sell,234393896
2024-08-23 13:47:46,21750.0,200,Buy,234393874
2024-08-23 13:47:46,21700.0,1000,Sell,234393898
2024-08-23 13:47:48,21700.0,300,Sell,234393940
2024-08-23 13:47:49,21700.0,1600,Sell,234393982
2024-08-23 13:47:49,21700.0,200,Sell,234393983
2024-08-23 13:47:49,21700.0,500,Sell,234393984
2024-08-23 13:47:49,21700.0,200,Sell,234393985
2024-08-23 13:47:49,21700.0,100,Sell,234393986
2024-08-23 13:47:49,21700.0,1000,Sell,234393987
2024-08-23 13:47:49,21700.0,100,Sell,234393988
2024-08-23 13:47:49,21700.0,1300,Sell,234393989
2024-08-23 13:47:55,21700.0,5000,Sell,234394111
2024-08-23 13:48:04,21700.0,1000,Sell,234394431
2024-08-23 13:48:04,21700.0,3000,Sell,234394430
2024-08-23 13:48:04,21700.0,300,Sell,234394433
2024-08-23 13:48:04,21700.0,400,Sell,234394428
2024-08-23 13:48:04,21700.0,500,Sell,234394429
2024-08-23 13:48:04,21700.0,2900,Sell,234394426
2024-08-23 13:48:04,21700.0,100,Sell,234394432
2024-08-23 13:48:04,21700.0,500,Sell,234394427
2024-08-23 13:48:05,21700.0,100,Buy,234394490
2024-08-23 13:48:11,21700.0,600,Buy,234394676
2024-08-23 13:48:13,21700.0,300,Buy,234394753
2024-08-23 13:48:19,21700.0,100,Buy,234394904
2024-08-23 13:48:28,21700.0,200,Buy,234395182
2024-08-23 13:48:28,21700.0,1800,Buy,234395183
2024-08-23 13:48:52,21700.0,200,Buy,234395890
2024-08-23 13:48:52,21700.0,700,Buy,234395891
2024-08-23 13:48:52,21700.0,100,Buy,234395892
2024-08-23 13:48:59,21650.0,400,Sell,234396063
2024-08-23 13:49:02,21700.0,100,Buy,234396153
2024-08-23 13:49:11,21700.0,100,Buy,234396427
2024-08-23 13:49:22,21700.0,100,Buy,234396744
2024-08-23 13:49:33,21700.0,100,Buy,234397185
2024-08-23 13:49:43,21700.0,1200,Buy,234397551
2024-08-23 13:50:22,21700.0,1000,Buy,234398824
2024-08-23 13:50:37,21700.0,300,Buy,234399224
2024-08-23 13:50:37,21700.0,1700,Buy,234399225
2024-08-23 13:50:42,21700.0,1200,Buy,234399391
2024-08-23 13:50:50,21700.0,2000,Buy,234399592
2024-08-23 13:50:57,21700.0,1000,Buy,234399753
2024-08-23 13:51:06,21700.0,100,Buy,234399952
2024-08-23 13:51:06,21700.0,200,Buy,234399953
2024-08-23 13:51:08,21700.0,500,Buy,234399994
2024-08-23 13:51:12,21700.0,1300,Buy,234400163
2024-08-23 13:51:12,21700.0,300,Buy,234400164
2024-08-23 13:51:12,21700.0,400,Buy,234400165
2024-08-23 13:51:14,21700.0,600,Buy,234400222
2024-08-23 13:51:14,21700.0,300,Buy,234400223
2024-08-23 13:51:14,21700.0,100,Buy,234400224
2024-08-23 13:51:15,21700.0,100,Buy,234400240
2024-08-23 13:51:18,21650.0,3000,Sell,234400315
2024-08-23 13:51:24,21700.0,200,Buy,234400501
2024-08-23 13:51:26,21700.0,1000,Buy,234400553
2024-08-23 13:51:32,21700.0,1000,Buy,234400774
2024-08-23 13:51:32,21700.0,1000,Buy,234400754
2024-08-23 13:51:32,21700.0,900,Buy,234400773
2024-08-23 13:51:41,21700.0,100,Buy,234400997
2024-08-23 13:52:12,21700.0,600,Buy,234401809
2024-08-23 13:52:12,21700.0,900,Buy,234401810
2024-08-23 13:52:17,21650.0,200,Sell,234402014
2024-08-23 13:52:17,21650.0,900,Sell,234402015
2024-08-23 13:52:17,21650.0,4000,Sell,234402016
2024-08-23 13:52:17,21650.0,500,Sell,234402017
2024-08-23 13:52:17,21650.0,100,Sell,234402018
2024-08-23 13:52:17,21650.0,1000,Sell,234402019
2024-08-23 13:52:17,21650.0,300,Sell,234402020
2024-08-23 13:52:21,21700.0,300,Buy,234402118
2024-08-23 13:52:35,21700.0,1000,Buy,234402531
2024-08-23 13:52:40,21700.0,500,Buy,234402706
2024-08-23 13:52:42,21700.0,300,Buy,234402751
2024-08-23 13:52:42,21700.0,200,Buy,234402752
2024-08-23 13:52:44,21700.0,1800,Buy,234402820
2024-08-23 13:52:45,21700.0,1000,Buy,234402838
2024-08-23 13:52:45,21700.0,200,Sell,234402832
2024-08-23 13:52:48,21700.0,5000,Buy,234402875
2024-08-23 13:52:58,21700.0,400,Buy,234403194
2024-08-23 13:53:05,21650.0,200,Sell,234403382
2024-08-23 13:53:48,21700.0,400,Sell,234404481
2024-08-23 13:53:48,21700.0,500,Sell,234404482
2024-08-23 13:53:48,21700.0,100,Sell,234404483
2024-08-23 13:53:49,21700.0,4900,Sell,234404507
2024-08-23 13:53:49,21700.0,300,Sell,234404508
2024-08-23 13:53:49,21700.0,600,Sell,234404509
2024-08-23 13:53:50,21700.0,1000,Buy,234404517
2024-08-23 13:53:54,21700.0,1500,Sell,234404653
2024-08-23 13:54:04,21700.0,100,Buy,234404901
2024-08-23 13:54:07,21700.0,100,Buy,234404973
2024-08-23 13:54:13,21700.0,100,Buy,234405107
2024-08-23 13:54:30,21700.0,200,Buy,234405651
2024-08-23 13:54:31,21700.0,200,Buy,234405666
2024-08-23 13:54:32,21700.0,100,Buy,234405680
2024-08-23 13:54:32,21700.0,200,Buy,234405679
2024-08-23 13:54:41,21650.0,400,Sell,234405978
2024-08-23 13:54:45,21700.0,3000,Buy,234406054
2024-08-23 13:54:45,21700.0,7000,Buy,234406055
2024-08-23 13:54:53,21700.0,500,Buy,234406245
2024-08-23 13:55:03,21700.0,100,Buy,234406437
2024-08-23 13:55:07,21700.0,100,Buy,234406570
2024-08-23 13:55:08,21700.0,2000,Buy,234406593
2024-08-23 13:55:32,21700.0,300,Buy,234407227
2024-08-23 13:55:32,21700.0,100,Buy,234407228
2024-08-23 13:55:33,21700.0,100,Buy,234407324
2024-08-23 13:55:37,21650.0,200,Sell,234407414
2024-08-23 13:55:37,21650.0,500,Sell,234407413
2024-08-23 13:55:37,21650.0,100,Sell,234407412
2024-08-23 13:55:37,21650.0,7800,Sell,234407415
2024-08-23 13:55:37,21650.0,1000,Sell,234407410
2024-08-23 13:55:37,21650.0,5000,Sell,234407409
2024-08-23 13:55:37,21650.0,100,Sell,234407411
2024-08-23 13:55:37,21650.0,100,Sell,234407408
2024-08-23 13:55:43,21700.0,200,Buy,234407580
2024-08-23 13:55:52,21700.0,1000,Buy,234407809
2024-08-23 13:55:58,21700.0,2800,Buy,234407944
2024-08-23 13:55:58,21700.0,1900,Buy,234407945
2024-08-23 13:55:58,21700.0,300,Buy,234407946
2024-08-23 13:56:02,21700.0,2000,Buy,234408041
2024-08-23 13:56:08,21700.0,500,Buy,234408146
2024-08-23 13:56:11,21700.0,100,Buy,234408209
2024-08-23 13:56:15,21700.0,600,Buy,234408355
2024-08-23 13:56:15,21700.0,400,Buy,234408356
2024-08-23 13:56:28,21700.0,14600,Buy,234408680
2024-08-23 13:56:28,21700.0,400,Buy,234408681
2024-08-23 13:56:37,21700.0,100,Buy,234408847
2024-08-23 13:56:44,21700.0,100,Buy,234409036
2024-08-23 13:56:51,21700.0,1000,Buy,234409214
2024-08-23 13:57:05,21700.0,200,Buy,234409596
2024-08-23 13:57:05,21700.0,800,Buy,234409595
2024-08-23 13:57:36,21700.0,200,Buy,234410357
2024-08-23 13:57:37,21700.0,100,Buy,234410380
2024-08-23 13:57:37,21700.0,500,Buy,234410368
2024-08-23 13:57:56,21700.0,500,Buy,234410847
2024-08-23 13:57:57,21700.0,100,Buy,234410871
2024-08-23 13:58:10,21700.0,400,Buy,234411215
2024-08-23 13:58:10,21700.0,1600,Buy,234411216
2024-08-23 13:58:10,21700.0,100,Buy,234411219
2024-08-23 13:58:14,21700.0,900,Buy,234411325
2024-08-23 13:58:25,21700.0,100,Buy,234411589
2024-08-23 13:58:38,21700.0,200,Buy,234411936
2024-08-23 13:59:01,21700.0,5000,Buy,234412770
2024-08-23 13:59:08,21700.0,400,Buy,234412963
2024-08-23 13:59:21,21700.0,200,Buy,234413322
2024-08-23 13:59:32,21700.0,1000,Buy,234413580
2024-08-23 13:59:37,21700.0,200,Buy,234413664
2024-08-23 13:59:49,21700.0,4500,Buy,234414059
2024-08-23 13:59:49,21700.0,300,Buy,234414057
2024-08-23 13:59:49,21700.0,200,Buy,234414058
2024-08-23 13:59:52,21700.0,100,Sell,234414142
2024-08-23 13:59:57,21700.0,200,Sell,234414239
2024-08-23 13:59:57,21700.0,900,Sell,234414238
2024-08-23 13:59:59,21700.0,100,Buy,234414281
2024-08-23 13:59:59,21650.0,2000,Sell,234414295
2024-08-23 14:00:02,21700.0,1000,Buy,234414374
2024-08-23 14:00:23,21700.0,2000,Buy,234414970
2024-08-23 14:00:24,21700.0,100,Buy,234414980
2024-08-23 14:00:34,21700.0,1000,Buy,234415218
2024-08-23 14:00:37,21650.0,700,Sell,234415285
2024-08-23 14:00:56,21700.0,500,Buy,234415808
2024-08-23 14:00:58,21650.0,1000,Sell,234415854
2024-08-23 14:01:03,21650.0,100,Sell,234415989
2024-08-23 14:01:04,21700.0,500,Buy,234415996
2024-08-23 14:01:07,21700.0,13700,Buy,234416081
2024-08-23 14:01:07,21700.0,4300,Buy,234416082
2024-08-23 14:01:26,21700.0,500,Buy,234416656
2024-08-23 14:01:30,21700.0,200,Buy,234416814
2024-08-23 14:01:33,21700.0,200,Buy,234416876
2024-08-23 14:01:35,21700.0,2000,Sell,234416964
2024-08-23 14:01:35,21700.0,300,Sell,234416948
2024-08-23 14:01:46,21700.0,2000,Sell,234417242
2024-08-23 14:01:46,21700.0,7900,Sell,234417240
2024-08-23 14:01:46,21700.0,100,Sell,234417243
2024-08-23 14:01:47,21700.0,300,Sell,234417275
2024-08-23 14:01:47,21700.0,500,Sell,234417274
2024-08-23 14:01:47,21700.0,2900,Sell,234417271
2024-08-23 14:01:47,21700.0,500,Sell,234417272
2024-08-23 14:01:47,21700.0,2000,Sell,234417273
2024-08-23 14:02:09,21700.0,400,Buy,234417914
2024-08-23 14:02:09,21700.0,2600,Buy,234417915
2024-08-23 14:03:14,21750.0,800,Buy,234419486
2024-08-23 14:03:22,21750.0,100,Buy,234419658
2024-08-23 14:03:50,21750.0,1000,Buy,234420319
2024-08-23 14:04:34,21750.0,300,Buy,234421555
2024-08-23 14:04:35,21750.0,2000,Buy,234421603
2024-08-23 14:04:37,21700.0,500,Sell,234421667
2024-08-23 14:04:39,21750.0,2400,Buy,234421737
2024-08-23 14:04:39,21750.0,3000,Buy,234421736
2024-08-23 14:04:39,21750.0,6000,Buy,234421735
2024-08-23 14:04:39,21750.0,1000,Buy,234421734
2024-08-23 14:04:39,21750.0,100,Buy,234421733
2024-08-23 14:04:39,21750.0,800,Buy,234421730
2024-08-23 14:04:39,21750.0,3700,Buy,234421729
2024-08-23 14:04:39,21750.0,500,Buy,234421732
2024-08-23 14:04:39,21750.0,500,Buy,234421731
2024-08-23 14:04:47,21700.0,100,Sell,234421941
2024-08-23 14:05:32,21700.0,400,Sell,234423228
2024-08-23 14:05:32,21700.0,100,Sell,234423232
2024-08-23 14:05:32,21700.0,1000,Sell,234423233
2024-08-23 14:05:32,21700.0,300,Sell,234423234
2024-08-23 14:05:32,21700.0,2000,Sell,234423235
2024-08-23 14:05:32,21700.0,25300,Sell,234423237
2024-08-23 14:05:39,21700.0,2000,Sell,234423448
2024-08-23 14:05:40,21700.0,2900,Sell,234423508
2024-08-23 14:05:40,21700.0,1000,Sell,234423507
2024-08-23 14:05:40,21700.0,100,Sell,234423506
2024-08-23 14:05:40,21700.0,2700,Sell,234423503
2024-08-23 14:05:40,21700.0,1000,Sell,234423505
2024-08-23 14:05:40,21700.0,20000,Sell,234423504
2024-08-23 14:05:47,21700.0,100,Sell,234423643
2024-08-23 14:05:51,21750.0,600,Buy,234423756
2024-08-23 14:05:51,21750.0,400,Buy,234423757
2024-08-23 14:05:51,21750.0,1100,Buy,234423758
2024-08-23 14:05:51,21750.0,2900,Buy,234423759
2024-08-23 14:05:51,21700.0,500,Sell,234423783
2024-08-23 14:05:56,21700.0,2600,Sell,234423912
2024-08-23 14:05:56,21700.0,500,Sell,234423913
2024-08-23 14:05:56,21700.0,100,Sell,234423914
2024-08-23 14:05:56,21700.0,1000,Sell,234423915
2024-08-23 14:05:56,21700.0,300,Sell,234423916
2024-08-23 14:05:56,21700.0,100,Sell,234423917
2024-08-23 14:06:05,21700.0,5000,Buy,234424155
2024-08-23 14:06:13,21700.0,3600,Buy,234424383
2024-08-23 14:06:16,21700.0,100,Buy,234424463
2024-08-23 14:06:25,21700.0,2900,Buy,234424797
2024-08-23 14:06:31,21700.0,100,Buy,234424924
2024-08-23 14:06:31,21700.0,3600,Buy,234424925
2024-08-23 14:06:31,21700.0,100,Sell,234424945
2024-08-23 14:06:43,21750.0,50000,Buy,234425551
2024-08-23 14:06:46,21750.0,2100,Buy,234425680
2024-08-23 14:06:58,21750.0,1300,Buy,234426106
2024-08-23 14:06:58,21750.0,3700,Buy,234426107
2024-08-23 14:07:06,21800.0,1200,Buy,234426493
2024-08-23 14:07:06,21800.0,800,Buy,234426492
2024-08-23 14:07:06,21800.0,1000,Buy,234426491
2024-08-23 14:07:26,21800.0,1000,Buy,234427289
2024-08-23 14:07:29,21800.0,2000,Buy,234427408
2024-08-23 14:07:32,21800.0,1800,Buy,234427531
2024-08-23 14:07:55,21800.0,500,Sell,234428194
2024-08-23 14:08:18,21800.0,200,Sell,234428855
2024-08-23 14:08:36,21800.0,100,Sell,234429488
2024-08-23 14:08:45,21800.0,100,Sell,234429761
2024-08-23 14:08:52,21800.0,2000,Buy,234429947
2024-08-23 14:08:52,21800.0,100,Buy,234429946
2024-08-23 14:09:44,21800.0,1000,Buy,234431899
2024-08-23 14:09:44,21800.0,3200,Buy,234431900
2024-08-23 14:09:44,21800.0,800,Buy,234431898
2024-08-23 14:10:13,21800.0,200,Buy,234433181
2024-08-23 14:10:27,21800.0,800,Buy,234433716
2024-08-23 14:10:27,21800.0,200,Buy,234433717
2024-08-23 14:10:27,21800.0,1000,Buy,234433718
2024-08-23 14:10:58,21800.0,10000,Sell,234434874
2024-08-23 14:10:58,21800.0,300,Sell,234434875
2024-08-23 14:10:58,21800.0,300,Sell,234434876
2024-08-23 14:11:21,21800.0,3300,Buy,234435824
2024-08-23 14:11:21,21800.0,4300,Buy,234435825
2024-08-23 14:11:21,21800.0,100,Buy,234435826
2024-08-23 14:11:21,21800.0,1000,Buy,234435827
2024-08-23 14:11:21,21800.0,1000,Buy,234435828
2024-08-23 14:11:21,21800.0,500,Buy,234435829
2024-08-23 14:11:22,21800.0,4300,Sell,234435866
2024-08-23 14:11:27,21800.0,500,Sell,234436011
2024-08-23 14:11:47,21800.0,2000,Sell,234436792
2024-08-23 14:12:31,21800.0,1200,Sell,234438195
2024-08-23 14:12:40,21800.0,700,Sell,234438562
2024-08-23 14:13:16,21800.0,1000,Sell,234439674
2024-08-23 14:13:22,21800.0,500,Sell,234439862
2024-08-23 14:13:35,21800.0,500,Sell,234440274
2024-08-23 14:13:48,21800.0,1000,Sell,234440839
2024-08-23 14:13:53,21800.0,100,Sell,234441054
2024-08-23 14:13:57,21850.0,100,Buy,234441236
2024-08-23 14:14:07,21850.0,200,Buy,234441610
2024-08-23 14:14:13,21850.0,1800,Buy,234441955
2024-08-23 14:14:13,21850.0,300,Buy,234441954
2024-08-23 14:14:13,21850.0,200,Buy,234441951
2024-08-23 14:14:13,21850.0,100,Buy,234441953
2024-08-23 14:14:13,21850.0,200,Buy,234441949
2024-08-23 14:14:13,21850.0,100,Buy,234441950
2024-08-23 14:14:13,21850.0,100,Buy,234441946
2024-08-23 14:14:13,21850.0,100,Buy,234441952
2024-08-23 14:14:13,21850.0,300,Buy,234441948
2024-08-23 14:14:13,21850.0,100,Buy,234441947
2024-08-23 14:14:20,21850.0,200,Buy,234442199
2024-08-23 14:14:20,21850.0,200,Buy,234442200
2024-08-23 14:14:20,21850.0,600,Buy,234442201
2024-08-23 14:14:50,21850.0,2000,Buy,234443332
2024-08-23 14:14:53,21850.0,2000,Buy,234443413
2024-08-23 14:15:01,21850.0,100,Buy,234443604
2024-08-23 14:15:16,21850.0,100,Buy,234444064
2024-08-23 14:15:21,21850.0,100,Buy,234444555
2024-08-23 14:15:21,21850.0,200,Buy,234444556
2024-08-23 14:15:52,21850.0,100,Buy,234446066
2024-08-23 14:15:54,21850.0,3100,Buy,234446265
2024-08-23 14:16:13,21850.0,100,Buy,234447088
2024-08-23 14:16:23,21850.0,2300,Buy,234447358
2024-08-23 14:16:34,21800.0,300,Sell,234448031
2024-08-23 14:17:07,21850.0,200,Buy,234449267
2024-08-23 14:17:07,21850.0,16800,Buy,234449268
2024-08-23 14:17:07,21850.0,3000,Buy,234449266
2024-08-23 14:17:15,21850.0,2000,Buy,234449519
2024-08-23 14:17:15,21850.0,300,Buy,234449520
2024-08-23 14:17:15,21850.0,2000,Buy,234449521
2024-08-23 14:17:15,21850.0,700,Buy,234449522
2024-08-23 14:17:16,21850.0,100,Buy,234449597
2024-08-23 14:17:47,21850.0,200,Sell,234450517
2024-08-23 14:17:47,21850.0,100,Sell,234450516
2024-08-23 14:17:47,21850.0,100,Sell,234450513
2024-08-23 14:17:47,21850.0,200,Sell,234450514
2024-08-23 14:17:47,21850.0,1200,Sell,234450512
2024-08-23 14:17:47,21850.0,500,Sell,234450515
2024-08-23 14:17:48,21850.0,2700,Buy,234450539
2024-08-23 14:17:48,21900.0,700,Buy,234450540
2024-08-23 14:17:48,21900.0,200,Buy,234450541
2024-08-23 14:18:03,21900.0,500,Buy,234451212
2024-08-23 14:18:03,21900.0,200,Buy,234451211
2024-08-23 14:18:03,21900.0,800,Buy,234451209
2024-08-23 14:18:03,21900.0,100,Buy,234451210
2024-08-23 14:18:04,21900.0,200,Buy,234451248
2024-08-23 14:18:05,21900.0,1300,Buy,234451278
2024-08-23 14:18:05,21900.0,100,Buy,234451279
2024-08-23 14:18:05,21900.0,300,Buy,234451280
2024-08-23 14:18:05,21900.0,300,Buy,234451281
2024-08-23 14:18:05,21900.0,500,Buy,234451282
2024-08-23 14:18:34,21900.0,200,Sell,234452357
2024-08-23 14:18:37,21950.0,100,Buy,234452499
2024-08-23 14:18:37,21950.0,100,Buy,234452498
2024-08-23 14:18:37,21950.0,200,Buy,234452495
2024-08-23 14:18:37,21950.0,500,Buy,234452496
2024-08-23 14:18:37,21950.0,100,Buy,234452497
2024-08-23 14:18:42,21950.0,100,Buy,234452745
2024-08-23 14:18:53,21900.0,100,Sell,234453238
2024-08-23 14:18:53,21950.0,200,Buy,234453233
2024-08-23 14:18:53,21950.0,800,Buy,234453230
2024-08-23 14:18:53,21950.0,300,Buy,234453231
2024-08-23 14:18:53,21950.0,1700,Buy,234453232
2024-08-23 14:19:04,21900.0,2200,Sell,234453747
2024-08-23 14:19:04,21900.0,100,Sell,234453748
2024-08-23 14:19:34,21950.0,10000,Buy,234454922
2024-08-23 14:19:52,21950.0,1000,Buy,234455993
2024-08-23 14:19:52,21950.0,300,Buy,234455995
2024-08-23 14:20:09,21950.0,1900,Buy,234456778
2024-08-23 14:20:09,22000.0,100,Buy,234456800
2024-08-23 14:20:09,22000.0,100,Buy,234456799
2024-08-23 14:20:09,21950.0,8200,Buy,234456787
2024-08-23 14:20:09,21950.0,200,Buy,234456777
2024-08-23 14:20:09,22000.0,800,Buy,234456801
2024-08-23 14:20:09,21950.0,300,Buy,234456775
2024-08-23 14:20:09,21950.0,6800,Buy,234456771
2024-08-23 14:20:09,21950.0,200,Buy,234456772
2024-08-23 14:20:09,21950.0,700,Buy,234456776
2024-08-23 14:20:09,21950.0,200,Buy,234456774
2024-08-23 14:20:09,21950.0,400,Buy,234456773
2024-08-23 14:20:10,21950.0,6100,Sell,234456833
2024-08-23 14:20:28,21900.0,100,Sell,234457771
2024-08-23 14:20:34,21900.0,1500,Sell,234458183
2024-08-23 14:20:34,21900.0,1000,Sell,234458184
2024-08-23 14:20:34,21900.0,1500,Sell,234458186
2024-08-23 14:20:34,21900.0,1000,Sell,234458185
2024-08-23 14:21:00,21900.0,500,Sell,234459701
2024-08-23 14:21:00,21900.0,500,Sell,234459702
2024-08-23 14:21:00,21900.0,2800,Sell,234459703
2024-08-23 14:21:09,21900.0,1600,Sell,234460228
2024-08-23 14:21:09,21950.0,100,Buy,234460229
2024-08-23 14:21:09,21950.0,2900,Buy,234460230
2024-08-23 14:21:30,21950.0,100,Buy,234461374
2024-08-23 14:21:32,21900.0,200,Sell,234461480
2024-08-23 14:21:51,21900.0,1000,Sell,234462633
2024-08-23 14:21:53,21900.0,400,Sell,234462767
2024-08-23 14:22:08,21900.0,1000,Sell,234463581
2024-08-23 14:22:17,21900.0,15000,Sell,234464197
2024-08-23 14:22:18,21900.0,30200,Sell,234464264
2024-08-23 14:22:40,21900.0,1000,Sell,234465657
2024-08-23 14:22:49,21900.0,1000,Buy,234466325
2024-08-23 14:22:49,21900.0,6500,Buy,234466326
2024-08-23 14:22:49,21900.0,500,Buy,234466327
2024-08-23 14:22:52,21900.0,1000,Sell,234466499
2024-08-23 14:23:04,21950.0,400,Buy,234467207
2024-08-23 14:23:21,21900.0,4300,Sell,234468302
2024-08-23 14:23:21,21950.0,1300,Buy,234468303
2024-08-23 14:23:45,21950.0,400,Buy,234469954
2024-08-23 14:23:45,21950.0,800,Buy,234469955
2024-08-23 14:23:54,21900.0,200,Sell,234470584
2024-08-23 14:23:55,21950.0,3000,Buy,234470623
2024-08-23 14:23:55,21900.0,2000,Sell,234470637
2024-08-23 14:24:04,21900.0,200,Sell,234471199
2024-08-23 14:24:07,21900.0,500,Sell,234471332
2024-08-23 14:24:07,21900.0,100,Sell,234471333
2024-08-23 14:24:07,21900.0,4300,Sell,234471330
2024-08-23 14:24:07,21900.0,100,Sell,234471331
2024-08-23 14:24:10,21900.0,100,Sell,234471433
2024-08-23 14:24:18,21900.0,100,Sell,234471912
2024-08-23 14:24:18,21900.0,300,Sell,234471913
2024-08-23 14:24:40,21950.0,100,Buy,234473169
2024-08-23 14:24:43,21900.0,100,Sell,234473450
2024-08-23 14:24:54,21900.0,1000,Sell,234474032
2024-08-23 14:24:56,21900.0,4500,Sell,234474090
2024-08-23 14:25:19,21900.0,500,Sell,234475562
2024-08-23 14:25:49,21900.0,1000,Sell,234477269
2024-08-23 14:26:03,21900.0,400,Sell,234478254
2024-08-23 14:26:04,21900.0,100,Sell,234478368
2024-08-23 14:26:15,21950.0,200,Buy,234479171
2024-08-23 14:26:22,21900.0,12100,Sell,234479691
2024-08-23 14:26:22,21900.0,100,Sell,234479692
2024-08-23 14:26:22,21900.0,100,Sell,234479693
2024-08-23 14:26:22,21900.0,2200,Sell,234479694
2024-08-23 14:26:22,21900.0,100,Sell,234479695
2024-08-23 14:26:22,21900.0,5400,Sell,234479696
2024-08-23 14:26:23,21900.0,100,Sell,234479743
2024-08-23 14:26:33,21950.0,400,Buy,234480416
2024-08-23 14:26:33,21950.0,300,Buy,234480417
2024-08-23 14:26:55,21950.0,1000,Buy,234482088
2024-08-23 14:27:04,21950.0,1000,Buy,234482772
2024-08-23 14:27:13,21900.0,400,Sell,234483300
2024-08-23 14:27:13,21900.0,2000,Sell,234483333
2024-08-23 14:27:22,21900.0,2000,Sell,234483853
2024-08-23 14:27:37,21900.0,100,Sell,234485000
2024-08-23 14:27:38,21900.0,300,Sell,234485070
2024-08-23 14:27:39,21900.0,400,Sell,234485109
2024-08-23 14:27:47,21900.0,100,Sell,234485555
2024-08-23 14:27:55,21900.0,100,Sell,234486023
2024-08-23 14:28:00,21900.0,700,Sell,234486316
2024-08-23 14:28:15,21900.0,20000,Sell,234487359
2024-08-23 14:28:24,21900.0,200,Sell,234487947
2024-08-23 14:28:29,21900.0,100,Sell,234488331
2024-08-23 14:28:29,21900.0,200,Sell,234488328
2024-08-23 14:28:29,21900.0,100,Sell,234488330
2024-08-23 14:28:29,21900.0,1000,Sell,234488329
2024-08-23 14:28:29,21900.0,100,Sell,234488327
2024-08-23 14:28:29,21900.0,1000,Sell,234488321
2024-08-23 14:28:29,21900.0,100,Sell,234488325
2024-08-23 14:28:29,21900.0,1000,Sell,234488324
2024-08-23 14:28:29,21900.0,500,Sell,234488323
2024-08-23 14:28:29,21900.0,10000,Sell,234488322
2024-08-23 14:28:29,21900.0,13000,Sell,234488320
2024-08-23 14:28:29,21900.0,200,Sell,234488326
2024-08-23 14:28:30,21900.0,200,Buy,234488359
2024-08-23 14:28:31,21900.0,800,Buy,234488451
2024-08-23 14:28:31,21950.0,4400,Buy,234488452
2024-08-23 14:28:40,21900.0,100,Buy,234489004
2024-08-23 14:28:45,21900.0,100,Buy,234489338
2024-08-23 14:28:45,21900.0,400,Buy,234489339
2024-08-23 14:28:52,21900.0,100,Sell,234489876
2024-08-23 14:28:54,21900.0,100,Sell,234489998
2024-08-23 14:28:54,21900.0,100,Sell,234490023
2024-08-23 14:28:57,21950.0,1800,Buy,234490225
2024-08-23 14:28:57,21900.0,200,Buy,234490224
2024-08-23 14:29:03,21900.0,500,Buy,234490677
2024-08-23 14:29:11,21900.0,100,Buy,234491127
2024-08-23 14:29:11,21900.0,800,Buy,234491128
2024-08-23 14:29:20,21900.0,100,Buy,234491813
2024-08-23 14:29:25,21850.0,700,Sell,234492098
2024-08-23 14:29:29,21900.0,2100,Buy,234492443
2024-08-23 14:29:29,21900.0,100,Buy,234492444
2024-08-23 14:29:29,21900.0,400,Buy,234492445
2024-08-23 14:29:29,21900.0,1100,Buy,234492446
2024-08-23 14:29:29,21900.0,2100,Buy,234492447
2024-08-23 14:29:29,21900.0,1800,Buy,234492448
2024-08-23 14:29:29,21900.0,2000,Buy,234492449
2024-08-23 14:29:29,21900.0,5000,Buy,234492450
2024-08-23 14:29:29,21900.0,400,Buy,234492451
2024-08-23 14:44:38,21850.0,213100,ATO/ATC,234493967
