time,price,volume,match_type,id
2024-08-28 13:00:08,20750.0,100,Buy,235436411
2024-08-28 13:00:08,20800.0,200,Buy,235436412
2024-08-28 13:00:08,20800.0,1200,Buy,235436413
2024-08-28 13:00:09,20800.0,100,Buy,235436731
2024-08-28 13:00:09,20800.0,100,Buy,235436732
2024-08-28 13:00:23,20650.0,200,Sell,235438813
2024-08-28 13:00:29,20750.0,3000,Buy,235439126
2024-08-28 13:00:35,20750.0,100,Buy,235439581
2024-08-28 13:00:36,20750.0,2000,Buy,235439657
2024-08-28 13:00:36,20800.0,100,Buy,235439665
2024-08-28 13:00:36,20800.0,4700,Buy,235439664
2024-08-28 13:00:36,20800.0,2000,Buy,235439663
2024-08-28 13:00:36,20800.0,5200,Buy,235439666
2024-08-28 13:00:36,20800.0,800,Buy,235439661
2024-08-28 13:00:36,20750.0,1800,Buy,235439660
2024-08-28 13:00:36,20750.0,100,Buy,235439658
2024-08-28 13:00:36,20800.0,1000,Buy,235439662
2024-08-28 13:00:36,20750.0,3000,Buy,235439656
2024-08-28 13:00:41,20700.0,300,Buy,235440066
2024-08-28 13:00:45,20650.0,100,Sell,235440220
2024-08-28 13:00:45,20650.0,100,Sell,235440221
2024-08-28 13:01:00,20650.0,100,Buy,235440689
2024-08-28 13:01:01,20650.0,1000,Buy,235440740
2024-08-28 13:01:10,20650.0,2000,Buy,235441031
2024-08-28 13:01:10,20650.0,7300,Buy,235441030
2024-08-28 13:01:18,20650.0,700,Sell,235441233
2024-08-28 13:01:19,20650.0,200,Sell,235441251
2024-08-28 13:01:24,20650.0,100,Sell,235441340
2024-08-28 13:01:24,20650.0,100,Sell,235441341
2024-08-28 13:01:39,20650.0,100,Sell,235441719
2024-08-28 13:01:50,20650.0,300,Sell,235442105
2024-08-28 13:01:50,20650.0,500,Sell,235442106
2024-08-28 13:01:50,20650.0,100,Sell,235442107
2024-08-28 13:01:50,20650.0,100,Sell,235442108
2024-08-28 13:01:50,20650.0,500,Sell,235442109
2024-08-28 13:01:50,20650.0,1000,Sell,235442111
2024-08-28 13:01:50,20650.0,100,Sell,235442110
2024-08-28 13:01:56,20650.0,200,Buy,235442253
2024-08-28 13:01:56,20650.0,600,Buy,235442254
2024-08-28 13:02:02,20650.0,500,Buy,235442366
2024-08-28 13:02:11,20650.0,500,Buy,235442650
2024-08-28 13:02:24,20650.0,200,Buy,235442931
2024-08-28 13:02:25,20650.0,700,Buy,235442965
2024-08-28 13:02:32,20650.0,100,Buy,235443147
2024-08-28 13:02:39,20650.0,500,Buy,235443377
2024-08-28 13:02:39,20650.0,400,Buy,235443376
2024-08-28 13:03:20,20700.0,100,Buy,235444712
2024-08-28 13:03:25,20700.0,1100,Buy,235444860
2024-08-28 13:03:29,20650.0,1000,Sell,235444977
2024-08-28 13:03:29,20650.0,300,Sell,235444978
2024-08-28 13:03:29,20650.0,200,Sell,235444979
2024-08-28 13:03:29,20650.0,500,Sell,235444976
2024-08-28 13:03:32,20700.0,200,Buy,235445061
2024-08-28 13:03:53,20700.0,3000,Buy,235445717
2024-08-28 13:04:01,20700.0,400,Buy,235445948
2024-08-28 13:04:04,20700.0,1900,Buy,235446035
2024-08-28 13:04:04,20700.0,100,Buy,235446034
2024-08-28 13:04:05,20700.0,700,Buy,235446076
2024-08-28 13:04:05,20700.0,300,Buy,235446077
2024-08-28 13:04:06,20700.0,100,Buy,235446091
2024-08-28 13:04:08,20700.0,300,Buy,235446141
2024-08-28 13:04:14,20700.0,200,Buy,235446274
2024-08-28 13:04:14,20700.0,300,Buy,235446273
2024-08-28 13:04:18,20700.0,100,Buy,235446377
2024-08-28 13:04:18,20700.0,500,Buy,235446376
2024-08-28 13:04:25,20700.0,200,Buy,235446545
2024-08-28 13:04:25,20700.0,100,Buy,235446546
2024-08-28 13:04:36,20750.0,500,Buy,235446851
2024-08-28 13:04:36,20750.0,100,Buy,235446852
2024-08-28 13:04:36,20750.0,2000,Buy,235446853
2024-08-28 13:04:36,20800.0,2400,Buy,235446854
2024-08-28 13:05:05,20700.0,100,Sell,235447648
2024-08-28 13:05:05,20700.0,100,Sell,235447649
2024-08-28 13:05:05,20700.0,500,Sell,235447651
2024-08-28 13:05:05,20700.0,100,Sell,235447652
2024-08-28 13:05:05,20700.0,600,Sell,235447653
2024-08-28 13:05:05,20700.0,100,Sell,235447650
2024-08-28 13:05:15,20800.0,2000,Buy,235447957
2024-08-28 13:05:39,20800.0,500,Buy,235448697
2024-08-28 13:05:39,20800.0,600,Buy,235448718
2024-08-28 13:05:40,20800.0,500,Buy,235448763
2024-08-28 13:05:45,20800.0,1000,Buy,235448889
2024-08-28 13:05:53,20800.0,1000,Buy,235449121
2024-08-28 13:06:00,20800.0,200,Buy,235449314
2024-08-28 13:06:00,20800.0,800,Buy,235449313
2024-08-28 13:06:11,20750.0,200,Sell,235449594
2024-08-28 13:06:26,20750.0,100,Sell,235450044
2024-08-28 13:06:34,20750.0,200,Buy,235450217
2024-08-28 13:06:40,20800.0,500,Buy,235450379
2024-08-28 13:06:40,20800.0,500,Buy,235450377
2024-08-28 13:06:40,20800.0,200,Buy,235450378
2024-08-28 13:07:03,20800.0,100,Buy,235450925
2024-08-28 13:07:57,20800.0,500,Buy,235452169
2024-08-28 13:08:00,20800.0,400,Buy,235452206
2024-08-28 13:08:16,20800.0,300,Buy,235452637
2024-08-28 13:08:47,20800.0,200,Buy,235453453
2024-08-28 13:08:50,20750.0,2900,Sell,235453536
2024-08-28 13:08:50,20750.0,100,Sell,235453535
2024-08-28 13:09:08,20750.0,100,Sell,235454080
2024-08-28 13:09:36,20750.0,4200,Sell,235454692
2024-08-28 13:09:36,20750.0,1000,Sell,235454688
2024-08-28 13:09:36,20750.0,100,Sell,235454689
2024-08-28 13:09:36,20750.0,100,Sell,235454690
2024-08-28 13:09:36,20750.0,600,Sell,235454691
2024-08-28 13:09:37,20800.0,1000,Buy,235454745
2024-08-28 13:09:43,20750.0,3000,Sell,235454868
2024-08-28 13:09:43,20750.0,800,Sell,235454867
2024-08-28 13:09:43,20750.0,4400,Sell,235454869
2024-08-28 13:09:46,20750.0,300,Buy,235454940
2024-08-28 13:10:51,20700.0,2000,Sell,235456591
2024-08-28 13:10:51,20700.0,1000,Sell,235456592
2024-08-28 13:10:51,20700.0,500,Sell,235456593
2024-08-28 13:10:51,20700.0,100,Sell,235456594
2024-08-28 13:10:51,20700.0,1000,Sell,235456595
2024-08-28 13:10:51,20700.0,500,Sell,235456597
2024-08-28 13:10:51,20700.0,100,Sell,235456596
2024-08-28 13:10:58,20700.0,700,Sell,235456756
2024-08-28 13:10:58,20700.0,500,Sell,235456761
2024-08-28 13:10:58,20700.0,1000,Sell,235456760
2024-08-28 13:10:58,20700.0,100,Sell,235456759
2024-08-28 13:10:58,20700.0,2000,Sell,235456758
2024-08-28 13:10:58,20700.0,100,Sell,235456757
2024-08-28 13:10:58,20700.0,5000,Sell,235456755
2024-08-28 13:10:58,20700.0,100,Sell,235456753
2024-08-28 13:10:58,20700.0,500,Sell,235456748
2024-08-28 13:10:58,20700.0,200,Sell,235456749
2024-08-28 13:10:58,20700.0,100,Sell,235456754
2024-08-28 13:10:58,20700.0,500,Sell,235456751
2024-08-28 13:10:58,20700.0,2000,Sell,235456752
2024-08-28 13:10:58,20700.0,1700,Sell,235456750
2024-08-28 13:11:11,20700.0,300,Buy,235457088
2024-08-28 13:11:12,20700.0,500,Buy,235457115
2024-08-28 13:11:15,20700.0,4000,Buy,235457175
2024-08-28 13:11:17,20700.0,100,Buy,235457249
2024-08-28 13:11:23,20700.0,600,Buy,235457397
2024-08-28 13:11:23,20700.0,100,Buy,235457398
2024-08-28 13:11:23,20700.0,500,Buy,235457399
2024-08-28 13:11:23,20700.0,2800,Buy,235457400
2024-08-28 13:11:27,20650.0,2000,Sell,235457456
2024-08-28 13:11:46,20700.0,500,Buy,235457884
2024-08-28 13:11:49,20700.0,10000,Buy,235457976
2024-08-28 13:11:49,20700.0,2000,Buy,235457991
2024-08-28 13:11:57,20700.0,2000,Buy,235458191
2024-08-28 13:12:00,20700.0,2100,Buy,235458266
2024-08-28 13:12:01,20700.0,600,Buy,235458275
2024-08-28 13:12:06,20700.0,100,Buy,235458422
2024-08-28 13:12:12,20700.0,1300,Buy,235458560
2024-08-28 13:12:16,20700.0,1000,Buy,235458620
2024-08-28 13:12:23,20700.0,500,Buy,235458740
2024-08-28 13:12:28,20700.0,500,Buy,235458869
2024-08-28 13:12:43,20700.0,2000,Buy,235459278
2024-08-28 13:12:53,20700.0,100,Buy,235459523
2024-08-28 13:12:53,20700.0,600,Buy,235459503
2024-08-28 13:12:53,20700.0,600,Buy,235459502
2024-08-28 13:12:53,20700.0,400,Buy,235459522
2024-08-28 13:12:54,20700.0,100,Buy,235459530
2024-08-28 13:12:59,20700.0,1900,Sell,235459721
2024-08-28 13:13:09,20700.0,100,Buy,235459946
2024-08-28 13:13:15,20700.0,1400,Sell,235460069
2024-08-28 13:13:15,20700.0,500,Sell,235460070
2024-08-28 13:13:21,20700.0,100,Buy,235460205
2024-08-28 13:13:39,20750.0,2000,Buy,235460632
2024-08-28 13:13:59,20750.0,500,Buy,235461188
2024-08-28 13:13:59,20750.0,9500,Buy,235461187
2024-08-28 13:14:10,20750.0,1000,Buy,235461450
2024-08-28 13:14:31,20700.0,300,Sell,235461960
2024-08-28 13:14:32,20750.0,1500,Buy,235462008
2024-08-28 13:14:32,20750.0,500,Buy,235462009
2024-08-28 13:14:38,20700.0,100,Sell,235462232
2024-08-28 13:14:41,20750.0,1000,Buy,235462301
2024-08-28 13:14:56,20750.0,1000,Buy,235462650
2024-08-28 13:15:09,20750.0,100,Buy,235463027
2024-08-28 13:15:17,20700.0,1500,Sell,235463253
2024-08-28 13:15:26,20700.0,300,Sell,235463408
2024-08-28 13:15:39,20750.0,7400,Buy,235463756
2024-08-28 13:15:46,20750.0,200,Sell,235463878
2024-08-28 13:15:47,20750.0,1000,Sell,235463911
2024-08-28 13:16:00,20800.0,300,Buy,235464259
2024-08-28 13:16:05,20800.0,2000,Buy,235464398
2024-08-28 13:16:05,20800.0,9000,Buy,235464397
2024-08-28 13:16:05,20800.0,1000,Buy,235464396
2024-08-28 13:16:05,20800.0,2500,Buy,235464395
2024-08-28 13:16:05,20800.0,500,Buy,235464394
2024-08-28 13:16:05,20800.0,100,Buy,235464393
2024-08-28 13:16:05,20800.0,500,Buy,235464390
2024-08-28 13:16:05,20800.0,500,Buy,235464391
2024-08-28 13:16:05,20800.0,200,Buy,235464389
2024-08-28 13:16:05,20800.0,10000,Buy,235464388
2024-08-28 13:16:05,20800.0,2100,Buy,235464387
2024-08-28 13:16:05,20800.0,9700,Buy,235464386
2024-08-28 13:16:05,20800.0,1000,Buy,235464392
2024-08-28 13:16:15,20800.0,5000,Sell,235464608
2024-08-28 13:16:20,20850.0,5000,Buy,235464724
2024-08-28 13:16:30,20850.0,400,Buy,235464916
2024-08-28 13:16:35,20850.0,300,Buy,235465011
2024-08-28 13:16:39,20850.0,600,Buy,235465076
2024-08-28 13:16:42,20850.0,500,Buy,235465212
2024-08-28 13:16:43,20850.0,10000,Buy,235465244
2024-08-28 13:16:43,20850.0,200,Buy,235465241
2024-08-28 13:16:43,20850.0,10000,Buy,235465243
2024-08-28 13:16:43,20850.0,1000,Buy,235465242
2024-08-28 13:16:43,20850.0,3200,Buy,235465238
2024-08-28 13:16:43,20850.0,4000,Buy,235465240
2024-08-28 13:16:43,20850.0,500,Buy,235465239
2024-08-28 13:16:51,20900.0,200,Buy,235465430
2024-08-28 13:17:00,20900.0,2300,Buy,235465638
2024-08-28 13:17:03,20900.0,800,Buy,235465687
2024-08-28 13:17:09,20900.0,1000,Buy,235465853
2024-08-28 13:17:10,20900.0,100,Buy,235465895
2024-08-28 13:17:15,20900.0,500,Buy,235466016
2024-08-28 13:17:16,20900.0,200,Buy,235466069
2024-08-28 13:17:19,20900.0,100,Buy,235466144
2024-08-28 13:17:21,20900.0,24800,Buy,235466183
2024-08-28 13:17:21,20900.0,5000,Buy,235466184
2024-08-28 13:17:21,20900.0,500,Buy,235466185
2024-08-28 13:17:21,20900.0,10000,Buy,235466186
2024-08-28 13:17:21,20900.0,500,Buy,235466187
2024-08-28 13:17:21,20900.0,100,Buy,235466188
2024-08-28 13:17:32,20950.0,100,Buy,235466474
2024-08-28 13:17:32,20950.0,10000,Buy,235466473
2024-08-28 13:17:32,20950.0,10000,Buy,235466471
2024-08-28 13:17:32,20950.0,500,Buy,235466472
2024-08-28 13:17:40,20950.0,100,Sell,235466620
2024-08-28 13:17:44,21000.0,5000,Buy,235466733
2024-08-28 13:17:46,21000.0,200,Buy,235466792
2024-08-28 13:17:49,20950.0,100,Sell,235466833
2024-08-28 13:17:53,21000.0,14800,Buy,235466932
2024-08-28 13:17:53,21000.0,100,Buy,235466933
2024-08-28 13:17:53,21000.0,1000,Buy,235466934
2024-08-28 13:17:53,21000.0,4100,Buy,235466935
2024-08-28 13:17:55,21000.0,1000,Buy,235466986
2024-08-28 13:17:56,21000.0,2000,Buy,235467026
2024-08-28 13:17:58,21000.0,700,Buy,235467050
2024-08-28 13:17:59,21000.0,100,Buy,235467063
2024-08-28 13:17:59,21000.0,2100,Buy,235467069
2024-08-28 13:17:59,21000.0,400,Buy,235467070
2024-08-28 13:17:59,21000.0,100,Buy,235467071
2024-08-28 13:17:59,21000.0,100,Buy,235467072
2024-08-28 13:17:59,21000.0,100,Buy,235467073
2024-08-28 13:18:01,21050.0,100,Buy,235467175
2024-08-28 13:18:01,21050.0,2900,Buy,235467174
2024-08-28 13:18:01,21050.0,10000,Buy,235467172
2024-08-28 13:18:01,21050.0,1000,Buy,235467173
2024-08-28 13:18:02,21100.0,10000,Buy,235467213
2024-08-28 13:18:02,21100.0,100,Buy,235467214
2024-08-28 13:18:02,21100.0,300,Buy,235467212
2024-08-28 13:18:15,21150.0,300,Buy,235467511
2024-08-28 13:18:16,21150.0,100,Sell,235467549
2024-08-28 13:18:19,21200.0,900,Buy,235467615
2024-08-28 13:18:19,21200.0,100,Buy,235467616
2024-08-28 13:18:19,21200.0,200,Buy,235467617
2024-08-28 13:18:19,21200.0,300,Buy,235467618
2024-08-28 13:18:19,21200.0,600,Buy,235467619
2024-08-28 13:18:22,21200.0,2600,Buy,235467655
2024-08-28 13:18:24,21200.0,800,Buy,235467702
2024-08-28 13:18:28,21200.0,100,Sell,235467842
2024-08-28 13:18:29,21300.0,800,Buy,235467861
2024-08-28 13:18:34,21300.0,200,Buy,235467986
2024-08-28 13:18:35,21300.0,7500,Buy,235467998
2024-08-28 13:18:35,21300.0,200,Buy,235467997
2024-08-28 13:18:35,21300.0,100,Buy,235467996
2024-08-28 13:18:35,21300.0,1700,Buy,235467994
2024-08-28 13:18:35,21300.0,300,Buy,235467993
2024-08-28 13:18:35,21300.0,500,Buy,235467995
2024-08-28 13:18:38,21300.0,1700,Buy,235468039
2024-08-28 13:18:38,21300.0,800,Buy,235468041
2024-08-28 13:18:38,21300.0,300,Buy,235468042
2024-08-28 13:18:38,21300.0,100,Buy,235468043
2024-08-28 13:18:38,21300.0,300,Buy,235468044
2024-08-28 13:18:39,21300.0,200,Buy,235468052
2024-08-28 13:18:41,21300.0,100,Buy,235468083
2024-08-28 13:18:42,21300.0,100,Buy,235468108
2024-08-28 13:18:43,21300.0,200,Buy,235468130
2024-08-28 13:18:43,21300.0,100,Buy,235468131
2024-08-28 13:18:43,21300.0,400,Buy,235468132
2024-08-28 13:18:44,21300.0,300,Buy,235468141
2024-08-28 13:18:44,21300.0,400,Buy,235468142
2024-08-28 13:18:44,21300.0,100,Buy,235468153
2024-08-28 13:18:44,21350.0,200,Buy,235468154
2024-08-28 13:18:47,21350.0,100,Buy,235468230
2024-08-28 13:18:55,21350.0,1700,Buy,235468369
2024-08-28 13:18:55,21350.0,2400,Buy,235468370
2024-08-28 13:19:03,21350.0,4000,Buy,235468529
2024-08-28 13:19:04,21350.0,100,Buy,235468546
2024-08-28 13:19:04,21350.0,800,Buy,235468547
2024-08-28 13:19:04,21350.0,100,Buy,235468553
2024-08-28 13:19:04,21350.0,1500,Buy,235468545
2024-08-28 13:19:05,21350.0,300,Buy,235468580
2024-08-28 13:19:05,21350.0,200,Buy,235468581
2024-08-28 13:19:06,21350.0,300,Sell,235468603
2024-08-28 13:19:07,21350.0,300,Sell,235468614
2024-08-28 13:19:07,21350.0,1700,Sell,235468613
2024-08-28 13:19:08,21400.0,500,Buy,235468629
2024-08-28 13:19:08,21400.0,100,Buy,235468630
2024-08-28 13:19:08,21400.0,100,Buy,235468631
2024-08-28 13:19:08,21400.0,100,Buy,235468632
2024-08-28 13:19:08,21400.0,200,Buy,235468628
2024-08-28 13:19:11,21350.0,100,Sell,235468714
2024-08-28 13:19:11,21400.0,500,Buy,235468717
2024-08-28 13:19:13,21350.0,14400,Sell,235468768
2024-08-28 13:19:13,21350.0,1000,Sell,235468767
2024-08-28 13:19:13,21350.0,4600,Sell,235468766
2024-08-28 13:19:17,21400.0,100,Buy,235468825
2024-08-28 13:19:17,21350.0,5000,Sell,235468836
2024-08-28 13:19:19,21350.0,6600,Sell,235468860
2024-08-28 13:19:19,21400.0,100,Buy,235468861
2024-08-28 13:19:20,21400.0,700,Buy,235468876
2024-08-28 13:19:21,21400.0,700,Buy,235468894
2024-08-28 13:19:21,21400.0,1000,Buy,235468908
2024-08-28 13:19:29,21400.0,500,Buy,235469041
2024-08-28 13:19:34,21400.0,1100,Buy,235469140
2024-08-28 13:19:34,21400.0,400,Buy,235469137
2024-08-28 13:19:34,21400.0,2000,Buy,235469138
2024-08-28 13:19:34,21400.0,200,Buy,235469139
2024-08-28 13:19:36,21400.0,100,Buy,235469159
2024-08-28 13:19:36,21400.0,100,Buy,235469164
2024-08-28 13:19:36,21400.0,100,Sell,235469167
2024-08-28 13:19:40,21350.0,300,Sell,235469247
2024-08-28 13:19:40,21350.0,600,Sell,235469246
2024-08-28 13:19:40,21350.0,100,Sell,235469244
2024-08-28 13:19:40,21350.0,48100,Sell,235469243
2024-08-28 13:19:40,21350.0,100,Sell,235469245
2024-08-28 13:19:41,21350.0,2000,Buy,235469271
2024-08-28 13:19:41,21400.0,200,Buy,235469270
2024-08-28 13:19:42,21350.0,2000,Buy,235469293
2024-08-28 13:19:44,21350.0,1000,Buy,235469347
2024-08-28 13:19:55,21350.0,700,Buy,235469618
2024-08-28 13:19:56,21300.0,100,Sell,235469637
2024-08-28 13:19:59,21300.0,1200,Sell,235469691
2024-08-28 13:20:02,21300.0,3300,Sell,235469758
2024-08-28 13:20:02,21300.0,200,Sell,235469759
2024-08-28 13:20:02,21300.0,300,Sell,235469760
2024-08-28 13:20:03,21300.0,100,Sell,235469794
2024-08-28 13:20:04,21300.0,400,Sell,235469812
2024-08-28 13:20:06,21200.0,400,Sell,235469850
2024-08-28 13:20:06,21200.0,1500,Sell,235469851
2024-08-28 13:20:06,21200.0,1000,Sell,235469852
2024-08-28 13:20:08,21300.0,500,Buy,235469886
2024-08-28 13:20:17,21250.0,1000,Buy,235470043
2024-08-28 13:20:19,21200.0,3800,Sell,235470087
2024-08-28 13:20:19,21200.0,2000,Sell,235470072
2024-08-28 13:20:21,21250.0,1700,Buy,235470121
2024-08-28 13:20:23,21250.0,600,Buy,235470150
2024-08-28 13:20:25,21200.0,200,Sell,235470168
2024-08-28 13:20:33,21200.0,300,Buy,235470326
2024-08-28 13:20:35,21100.0,100,Sell,235470372
2024-08-28 13:20:35,21100.0,900,Sell,235470373
2024-08-28 13:20:36,21150.0,100,Buy,235470381
2024-08-28 13:20:41,21100.0,1000,Sell,235470482
2024-08-28 13:20:45,21100.0,100,Sell,235470566
2024-08-28 13:20:45,21100.0,100,Sell,235470567
2024-08-28 13:20:45,21100.0,100,Sell,235470568
2024-08-28 13:20:54,21100.0,400,Buy,235470743
2024-08-28 13:20:55,21100.0,100,Buy,235470766
2024-08-28 13:20:58,21100.0,2000,Buy,235470820
2024-08-28 13:21:00,21100.0,800,Sell,235470882
2024-08-28 13:21:00,21100.0,1200,Sell,235470883
2024-08-28 13:21:13,21150.0,1900,Buy,235471204
2024-08-28 13:21:33,21150.0,100,Sell,235471596
2024-08-28 13:21:33,21150.0,100,Buy,235471610
2024-08-28 13:21:33,21150.0,500,Sell,235471595
2024-08-28 13:21:33,21150.0,100,Sell,235471593
2024-08-28 13:21:33,21150.0,200,Sell,235471594
2024-08-28 13:21:35,21100.0,1000,Sell,235471666
2024-08-28 13:21:44,21150.0,100,Sell,235471853
2024-08-28 13:21:50,21150.0,500,Sell,235471996
2024-08-28 13:21:58,21200.0,200,Buy,235472185
2024-08-28 13:22:04,21200.0,300,Buy,235472277
2024-08-28 13:22:06,21200.0,600,Buy,235472348
2024-08-28 13:22:12,21200.0,900,Buy,235472485
2024-08-28 13:22:12,21200.0,100,Buy,235472486
2024-08-28 13:22:12,21200.0,100,Buy,235472487
2024-08-28 13:22:12,21200.0,700,Buy,235472488
2024-08-28 13:22:19,21200.0,300,Buy,235472599
2024-08-28 13:22:19,21200.0,700,Buy,235472600
2024-08-28 13:22:33,21200.0,100,Buy,235472881
2024-08-28 13:22:33,21200.0,200,Buy,235472882
2024-08-28 13:22:33,21200.0,500,Buy,235472879
2024-08-28 13:22:33,21200.0,100,Buy,235472880
2024-08-28 13:22:33,21200.0,300,Buy,235472878
2024-08-28 13:22:39,21200.0,500,Buy,235473020
2024-08-28 13:22:53,21200.0,200,Buy,235473300
2024-08-28 13:22:53,21200.0,300,Buy,235473299
2024-08-28 13:23:28,21150.0,4800,Sell,235474063
2024-08-28 13:23:28,21150.0,600,Sell,235474064
2024-08-28 13:23:28,21150.0,1000,Sell,235474065
2024-08-28 13:23:28,21150.0,5000,Sell,235474066
2024-08-28 13:23:28,21150.0,500,Sell,235474068
2024-08-28 13:23:28,21150.0,500,Sell,235474069
2024-08-28 13:23:28,21150.0,3000,Sell,235474070
2024-08-28 13:23:28,21150.0,500,Sell,235474071
2024-08-28 13:23:28,21150.0,900,Sell,235474072
2024-08-28 13:23:28,21200.0,800,Buy,235474073
2024-08-28 13:23:28,21200.0,1200,Buy,235474074
2024-08-28 13:23:28,21150.0,100,Sell,235474067
2024-08-28 13:23:29,21200.0,3000,Buy,235474096
2024-08-28 13:23:29,21150.0,1600,Sell,235474092
2024-08-28 13:23:33,21150.0,1000,Buy,235474189
2024-08-28 13:23:39,21200.0,800,Buy,235474307
2024-08-28 13:23:39,21200.0,1000,Buy,235474309
2024-08-28 13:23:39,21150.0,1000,Buy,235474306
2024-08-28 13:23:39,21200.0,200,Buy,235474308
2024-08-28 13:23:45,21200.0,3500,Buy,235474437
2024-08-28 13:23:45,21200.0,1000,Buy,235474438
2024-08-28 13:23:45,21200.0,1000,Buy,235474439
2024-08-28 13:23:45,21200.0,100,Buy,235474440
2024-08-28 13:23:46,21200.0,1000,Sell,235474476
2024-08-28 13:23:56,21200.0,1000,Sell,235474648
2024-08-28 13:23:56,21200.0,3400,Sell,235474647
2024-08-28 13:24:04,21200.0,500,Buy,235474782
2024-08-28 13:24:08,21200.0,100,Buy,235474857
2024-08-28 13:24:25,21200.0,500,Buy,235475288
2024-08-28 13:24:51,21200.0,2500,Buy,235475971
2024-08-28 13:24:51,21200.0,2500,Buy,235475969
2024-08-28 13:24:51,21200.0,5000,Buy,235475970
2024-08-28 13:24:58,21200.0,200,Buy,235476110
2024-08-28 13:24:58,21200.0,100,Buy,235476111
2024-08-28 13:25:00,21200.0,900,Buy,235476133
2024-08-28 13:25:00,21200.0,100,Buy,235476134
2024-08-28 13:25:03,21200.0,400,Buy,235476239
2024-08-28 13:25:03,21200.0,1000,Buy,235476240
2024-08-28 13:25:03,21200.0,1000,Buy,235476241
2024-08-28 13:25:03,21200.0,2600,Buy,235476242
2024-08-28 13:25:08,21200.0,100,Buy,235476419
2024-08-28 13:25:21,21200.0,2300,Buy,235476727
2024-08-28 13:25:21,21200.0,100,Buy,235476728
2024-08-28 13:25:21,21200.0,900,Buy,235476729
2024-08-28 13:25:24,21200.0,600,Buy,235476794
2024-08-28 13:25:26,21200.0,100,Buy,235476839
2024-08-28 13:25:33,21200.0,2000,Buy,235476999
2024-08-28 13:25:33,21200.0,1000,Buy,235477000
2024-08-28 13:25:33,21200.0,1000,Buy,235476998
2024-08-28 13:25:33,21200.0,100,Buy,235477001
2024-08-28 13:25:33,21200.0,1000,Buy,235476996
2024-08-28 13:25:33,21200.0,900,Buy,235476994
2024-08-28 13:25:33,21200.0,100,Buy,235476997
2024-08-28 13:25:33,21200.0,100,Buy,235476995
2024-08-28 13:25:44,21200.0,200,Sell,235477303
2024-08-28 13:25:44,21250.0,2000,Buy,235477327
2024-08-28 13:25:44,21250.0,1000,Buy,235477324
2024-08-28 13:25:44,21250.0,1000,Buy,235477323
2024-08-28 13:25:44,21250.0,5000,Buy,235477326
2024-08-28 13:25:44,21250.0,300,Buy,235477321
2024-08-28 13:25:44,21250.0,200,Buy,235477320
2024-08-28 13:25:44,21250.0,100,Buy,235477319
2024-08-28 13:25:44,21250.0,100,Buy,235477322
2024-08-28 13:25:44,21250.0,100,Buy,235477325
2024-08-28 13:25:45,21250.0,200,Buy,235477328
2024-08-28 13:25:47,21250.0,300,Buy,235477394
2024-08-28 13:25:57,21250.0,1500,Buy,235477699
2024-08-28 13:26:02,21250.0,8000,Buy,235477867
2024-08-28 13:26:08,21250.0,2000,Sell,235478033
2024-08-28 13:26:08,21250.0,1000,Sell,235478034
2024-08-28 13:26:11,21250.0,1000,Sell,235478125
2024-08-28 13:26:19,21250.0,100,Buy,235478372
2024-08-28 13:26:23,21250.0,100,Buy,235478464
2024-08-28 13:26:23,21250.0,1000,Buy,235478465
2024-08-28 13:26:23,21250.0,900,Buy,235478463
2024-08-28 13:26:24,21250.0,1000,Buy,235478499
2024-08-28 13:26:24,21250.0,2000,Buy,235478500
2024-08-28 13:26:29,21250.0,500,Buy,235478739
2024-08-28 13:26:44,21250.0,5000,Buy,235479331
2024-08-28 13:26:47,21250.0,600,Buy,235479426
2024-08-28 13:26:47,21250.0,500,Buy,235479436
2024-08-28 13:26:56,21250.0,600,Buy,235479802
2024-08-28 13:27:03,21250.0,100,Buy,235480094
2024-08-28 13:27:03,21250.0,300,Buy,235480083
2024-08-28 13:27:03,21250.0,500,Buy,235480092
2024-08-28 13:27:03,21250.0,300,Buy,235480093
2024-08-28 13:27:06,21250.0,1000,Sell,235480198
2024-08-28 13:27:42,21250.0,600,Sell,235481939
2024-08-28 13:27:45,21300.0,400,Buy,235482074
2024-08-28 13:27:45,21300.0,100,Buy,235482073
2024-08-28 13:27:45,21300.0,1000,Buy,235482071
2024-08-28 13:27:45,21300.0,100,Buy,235482072
2024-08-28 13:27:45,21300.0,300,Buy,235482069
2024-08-28 13:27:45,21300.0,200,Buy,235482066
2024-08-28 13:27:45,21300.0,200,Buy,235482070
2024-08-28 13:27:45,21300.0,500,Buy,235482068
2024-08-28 13:27:45,21300.0,200,Buy,235482067
2024-08-28 13:27:56,21300.0,1100,Buy,235482497
2024-08-28 13:27:58,21300.0,100,Buy,235482582
2024-08-28 13:28:04,21300.0,700,Buy,235483125
2024-08-28 13:28:05,21300.0,700,Buy,235483149
2024-08-28 13:28:05,21300.0,2000,Buy,235483150
2024-08-28 13:28:05,21300.0,1000,Buy,235483151
2024-08-28 13:28:05,21300.0,5000,Buy,235483152
2024-08-28 13:28:05,21300.0,100,Buy,235483153
2024-08-28 13:28:05,21300.0,700,Buy,235483154
2024-08-28 13:28:09,21300.0,500,Buy,235483312
2024-08-28 13:28:10,21300.0,8800,Buy,235483321
2024-08-28 13:28:10,21300.0,100,Buy,235483322
2024-08-28 13:28:10,21300.0,100,Buy,235483323
2024-08-28 13:28:10,21300.0,1000,Buy,235483333
2024-08-28 13:28:11,21300.0,300,Buy,235483398
2024-08-28 13:28:15,21300.0,500,Buy,235483620
2024-08-28 13:28:18,21300.0,500,Buy,235483785
2024-08-28 13:28:18,21300.0,500,Buy,235483777
2024-08-28 13:28:18,21250.0,2000,Sell,235483779
2024-08-28 13:28:18,21300.0,500,Buy,235483720
2024-08-28 13:28:21,21300.0,3400,Buy,235483878
2024-08-28 13:28:21,21300.0,500,Buy,235483879
2024-08-28 13:28:21,21300.0,500,Buy,235483880
2024-08-28 13:28:21,21300.0,100,Buy,235483881
2024-08-28 13:28:21,21300.0,300,Buy,235483882
2024-08-28 13:28:21,21300.0,500,Buy,235483883
2024-08-28 13:28:21,21300.0,1000,Buy,235483884
2024-08-28 13:28:21,21300.0,3700,Buy,235483885
2024-08-28 13:28:22,21300.0,100,Buy,235483936
2024-08-28 13:28:22,21300.0,6300,Buy,235483932
2024-08-28 13:28:22,21300.0,300,Buy,235483933
2024-08-28 13:28:22,21300.0,500,Buy,235483934
2024-08-28 13:28:22,21300.0,500,Buy,235483935
2024-08-28 13:28:44,21350.0,5800,Buy,235484875
2024-08-28 13:28:44,21300.0,1000,Sell,235484874
2024-08-28 13:28:48,21300.0,5900,Sell,235485085
2024-08-28 13:28:48,21300.0,2000,Sell,235485086
2024-08-28 13:28:48,21300.0,2000,Sell,235485087
2024-08-28 13:28:51,21300.0,100,Buy,235485300
2024-08-28 13:28:52,21300.0,3600,Buy,235485364
2024-08-28 13:29:11,21300.0,1000,Sell,235486232
2024-08-28 13:29:14,21300.0,100,Sell,235486335
2024-08-28 13:29:19,21300.0,1000,Sell,235486619
2024-08-28 13:29:38,21300.0,800,Sell,235487734
2024-08-28 13:29:42,21350.0,600,Buy,235488094
2024-08-28 13:29:46,21350.0,1900,Buy,235488362
2024-08-28 13:29:47,21300.0,1100,Sell,235488365
2024-08-28 13:29:53,21350.0,1000,Buy,235488720
2024-08-28 13:29:54,21350.0,100,Buy,235488742
2024-08-28 13:29:54,21350.0,400,Buy,235488743
2024-08-28 13:29:56,21350.0,200,Buy,235488843
2024-08-28 13:29:56,21350.0,600,Buy,235488847
2024-08-28 13:29:56,21350.0,1000,Buy,235488846
2024-08-28 13:29:56,21350.0,1000,Buy,235488845
2024-08-28 13:29:56,21350.0,500,Buy,235488844
2024-08-28 13:29:56,21350.0,400,Buy,235488842
2024-08-28 13:29:56,21350.0,100,Buy,235488840
2024-08-28 13:29:56,21350.0,600,Buy,235488837
2024-08-28 13:29:56,21350.0,200,Buy,235488841
2024-08-28 13:29:56,21350.0,200,Buy,235488839
2024-08-28 13:29:56,21350.0,200,Buy,235488838
2024-08-28 13:30:02,21350.0,500,Buy,235489105
2024-08-28 13:30:06,21350.0,100,Buy,235489321
2024-08-28 13:30:06,21350.0,100,Buy,235489322
2024-08-28 13:30:06,21350.0,800,Buy,235489323
2024-08-28 13:30:09,21300.0,500,Sell,235489423
2024-08-28 13:30:11,21350.0,1000,Buy,235489510
2024-08-28 13:30:17,21350.0,1000,Buy,235489794
2024-08-28 13:30:26,21350.0,7200,Buy,235490255
2024-08-28 13:30:26,21350.0,300,Buy,235490256
2024-08-28 13:30:26,21350.0,1000,Buy,235490257
2024-08-28 13:30:27,21350.0,500,Sell,235490272
2024-08-28 13:30:29,21350.0,100,Sell,235490332
2024-08-28 13:30:39,21400.0,900,Buy,235490714
2024-08-28 13:30:39,21400.0,100,Buy,235490713
2024-08-28 13:30:40,21350.0,1000,Sell,235490764
2024-08-28 13:30:40,21350.0,200,Sell,235490763
2024-08-28 13:30:40,21350.0,900,Sell,235490760
2024-08-28 13:30:40,21350.0,100,Sell,235490761
2024-08-28 13:30:40,21350.0,200,Sell,235490762
2024-08-28 13:30:41,21350.0,1600,Buy,235490826
2024-08-28 13:30:41,21350.0,2400,Sell,235490840
2024-08-28 13:30:41,21350.0,4300,Sell,235490841
2024-08-28 13:30:46,21400.0,100,Buy,235491007
2024-08-28 13:30:46,21400.0,900,Buy,235491008
2024-08-28 13:30:49,21350.0,1000,Sell,235491128
2024-08-28 13:30:49,21350.0,700,Sell,235491154
2024-08-28 13:30:49,21350.0,300,Sell,235491155
2024-08-28 13:30:50,21350.0,1200,Sell,235491200
2024-08-28 13:31:04,21350.0,100,Sell,235491778
2024-08-28 13:31:12,21350.0,200,Sell,235492083
2024-08-28 13:31:12,21350.0,1000,Sell,235492084
2024-08-28 13:31:22,21350.0,100,Buy,235492397
2024-08-28 13:31:22,21350.0,400,Buy,235492398
2024-08-28 13:31:33,21350.0,100,Sell,235492682
2024-08-28 13:31:34,21350.0,900,Sell,235492712
2024-08-28 13:31:41,21350.0,500,Buy,235492915
2024-08-28 13:31:41,21350.0,2700,Buy,235492916
2024-08-28 13:31:44,21350.0,500,Sell,235493102
2024-08-28 13:31:46,21350.0,1300,Sell,235493225
2024-08-28 13:31:51,21400.0,8100,Buy,235493400
2024-08-28 13:31:51,21400.0,300,Buy,235493399
2024-08-28 13:31:51,21400.0,200,Buy,235493398
2024-08-28 13:31:51,21400.0,500,Buy,235493397
2024-08-28 13:31:51,21400.0,200,Buy,235493396
2024-08-28 13:31:51,21400.0,100,Buy,235493394
2024-08-28 13:31:51,21400.0,10000,Buy,235493393
2024-08-28 13:31:51,21400.0,100,Buy,235493392
2024-08-28 13:31:51,21400.0,500,Buy,235493395
2024-08-28 13:31:52,21350.0,200,Buy,235493450
2024-08-28 13:32:20,21350.0,100,Sell,235494326
2024-08-28 13:32:27,21350.0,400,Sell,235494597
2024-08-28 13:32:27,21350.0,2600,Sell,235494598
2024-08-28 13:32:29,21350.0,300,Sell,235494644
2024-08-28 13:32:29,21350.0,200,Sell,235494643
2024-08-28 13:32:32,21400.0,1700,Buy,235494746
2024-08-28 13:32:42,21350.0,1000,Sell,235495059
2024-08-28 13:33:05,21350.0,8900,Sell,235495818
2024-08-28 13:33:05,21350.0,1000,Sell,235495819
2024-08-28 13:33:05,21350.0,6900,Sell,235495820
2024-08-28 13:33:06,21350.0,3100,Sell,235495872
2024-08-28 13:33:06,21350.0,400,Sell,235495873
2024-08-28 13:33:06,21350.0,10000,Sell,235495874
2024-08-28 13:33:06,21350.0,700,Sell,235495875
2024-08-28 13:33:06,21350.0,500,Sell,235495876
2024-08-28 13:33:06,21300.0,300,Sell,235495877
2024-08-28 13:33:08,21350.0,1000,Buy,235495948
2024-08-28 13:33:14,21300.0,500,Sell,235496161
2024-08-28 13:33:25,21350.0,100,Buy,235496485
2024-08-28 13:33:31,21350.0,100,Buy,235496750
2024-08-28 13:33:38,21350.0,1800,Buy,235497004
2024-08-28 13:33:55,21350.0,300,Buy,235497575
2024-08-28 13:34:30,21300.0,1100,Sell,235498858
2024-08-28 13:34:30,21300.0,400,Sell,235498859
2024-08-28 13:34:32,21300.0,1000,Sell,235498912
2024-08-28 13:34:32,21300.0,100,Sell,235498918
2024-08-28 13:34:32,21300.0,5000,Sell,235498917
2024-08-28 13:34:32,21300.0,100,Sell,235498916
2024-08-28 13:34:32,21300.0,100,Sell,235498915
2024-08-28 13:34:32,21300.0,5000,Sell,235498914
2024-08-28 13:34:32,21300.0,10000,Sell,235498913
2024-08-28 13:34:32,21300.0,200,Sell,235498911
2024-08-28 13:34:32,21300.0,4600,Sell,235498901
2024-08-28 13:34:32,21300.0,5000,Sell,235498909
2024-08-28 13:34:32,21300.0,800,Sell,235498908
2024-08-28 13:34:32,21300.0,100,Sell,235498907
2024-08-28 13:34:32,21300.0,500,Sell,235498906
2024-08-28 13:34:32,21300.0,1000,Sell,235498905
2024-08-28 13:34:32,21300.0,200,Sell,235498904
2024-08-28 13:34:32,21300.0,3000,Sell,235498903
2024-08-28 13:34:32,21300.0,1000,Sell,235498902
2024-08-28 13:34:32,21300.0,2400,Sell,235498910
2024-08-28 13:34:32,21300.0,3000,Sell,235498919
2024-08-28 13:34:32,21300.0,100,Sell,235498920
2024-08-28 13:34:32,21300.0,200,Sell,235498922
2024-08-28 13:34:32,21300.0,500,Sell,235498921
2024-08-28 13:34:44,21350.0,100,Buy,235499278
2024-08-28 13:34:44,21350.0,100,Buy,235499277
2024-08-28 13:34:44,21350.0,800,Buy,235499279
2024-08-28 13:34:45,21350.0,1200,Buy,235499300
2024-08-28 13:34:45,21350.0,2300,Buy,235499301
2024-08-28 13:34:46,21300.0,300,Sell,235499322
2024-08-28 13:34:47,21300.0,200,Sell,235499339
2024-08-28 13:34:48,21300.0,1300,Buy,235499357
2024-08-28 13:35:06,21300.0,200,Buy,235499805
2024-08-28 13:35:13,21300.0,300,Buy,235499990
2024-08-28 13:35:31,21300.0,400,Buy,235500383
2024-08-28 13:35:31,21300.0,200,Buy,235500384
2024-08-28 13:35:31,21300.0,400,Buy,235500385
2024-08-28 13:35:31,21300.0,200,Buy,235500386
2024-08-28 13:35:31,21300.0,200,Buy,235500387
2024-08-28 13:35:31,21300.0,100,Buy,235500388
2024-08-28 13:35:40,21300.0,500,Sell,235500559
2024-08-28 13:35:41,21300.0,2000,Sell,235500567
2024-08-28 13:35:45,21300.0,1000,Sell,235500691
2024-08-28 13:36:02,21300.0,1400,Sell,235501196
2024-08-28 13:36:02,21300.0,800,Sell,235501197
2024-08-28 13:36:02,21300.0,2000,Sell,235501195
2024-08-28 13:36:06,21300.0,800,Buy,235501287
2024-08-28 13:36:11,21350.0,600,Buy,235501417
2024-08-28 13:36:44,21300.0,1000,Sell,235502407
2024-08-28 13:36:45,21300.0,200,Sell,235502460
2024-08-28 13:36:46,21350.0,200,Buy,235502488
2024-08-28 13:36:49,21350.0,500,Buy,235502532
2024-08-28 13:37:02,21300.0,800,Sell,235502900
2024-08-28 13:37:07,21300.0,1000,Sell,235503047
2024-08-28 13:37:11,21300.0,500,Sell,235503112
2024-08-28 13:37:15,21300.0,200,Sell,235503196
2024-08-28 13:37:18,21350.0,200,Buy,235503324
2024-08-28 13:37:23,21300.0,200,Sell,235503431
2024-08-28 13:37:37,21300.0,200,Sell,235503721
2024-08-28 13:37:37,21300.0,1300,Sell,235503722
2024-08-28 13:37:37,21300.0,200,Sell,235503720
2024-08-28 13:37:37,21300.0,300,Sell,235503719
2024-08-28 13:37:40,21300.0,100,Sell,235503775
2024-08-28 13:37:41,21300.0,700,Sell,235503796
2024-08-28 13:37:52,21300.0,2000,Sell,235504032
2024-08-28 13:37:54,21350.0,100,Buy,235504070
2024-08-28 13:38:02,21300.0,5000,Sell,235504219
2024-08-28 13:38:16,21300.0,900,Sell,235504545
2024-08-28 13:38:16,21300.0,500,Sell,235504546
2024-08-28 13:38:16,21300.0,500,Sell,235504547
2024-08-28 13:38:16,21300.0,100,Sell,235504549
2024-08-28 13:38:16,21300.0,500,Sell,235504550
2024-08-28 13:38:16,21300.0,200,Sell,235504548
2024-08-28 13:38:48,21300.0,1000,Buy,235505258
2024-08-28 13:38:57,21300.0,100,Buy,235505446
2024-08-28 13:39:02,21300.0,400,Buy,235505542
2024-08-28 13:39:02,21300.0,1200,Buy,235505539
2024-08-28 13:39:02,21300.0,1000,Buy,235505540
2024-08-28 13:39:02,21300.0,500,Buy,235505541
2024-08-28 13:39:15,21300.0,400,Buy,235505790
2024-08-28 13:39:15,21300.0,600,Buy,235505789
2024-08-28 13:39:17,21300.0,500,Buy,235505809
2024-08-28 13:39:17,21300.0,100,Buy,235505819
2024-08-28 13:39:28,21300.0,200,Buy,235506070
2024-08-28 13:39:38,21300.0,100,Buy,235506212
2024-08-28 13:39:39,21300.0,1200,Buy,235506244
2024-08-28 13:39:39,21300.0,100,Buy,235506245
2024-08-28 13:39:39,21300.0,200,Buy,235506246
2024-08-28 13:39:45,21300.0,17200,Sell,235506330
2024-08-28 13:39:52,21300.0,100,Sell,235506447
2024-08-28 13:39:52,21300.0,100,Sell,235506436
2024-08-28 13:39:55,21350.0,100,Buy,235506510
2024-08-28 13:39:55,21350.0,400,Buy,235506511
2024-08-28 13:40:04,21300.0,8700,Sell,235506682
2024-08-28 13:40:04,21300.0,1100,Sell,235506683
2024-08-28 13:40:04,21300.0,1200,Sell,235506684
2024-08-28 13:40:14,21350.0,100,Buy,235506879
2024-08-28 13:40:14,21350.0,400,Buy,235506880
2024-08-28 13:40:21,21300.0,800,Sell,235507041
2024-08-28 13:40:21,21300.0,200,Sell,235507042
2024-08-28 13:40:28,21300.0,100,Sell,235507211
2024-08-28 13:41:08,21350.0,400,Buy,235508034
2024-08-28 13:41:08,21350.0,3400,Buy,235508037
2024-08-28 13:41:08,21350.0,100,Buy,235508033
2024-08-28 13:41:08,21350.0,1000,Buy,235508035
2024-08-28 13:41:08,21350.0,100,Buy,235508036
2024-08-28 13:41:19,21350.0,600,Buy,235508230
2024-08-28 13:41:19,21350.0,300,Buy,235508231
2024-08-28 13:41:26,21300.0,200,Sell,235508347
2024-08-28 13:41:45,21350.0,1200,Buy,235508725
2024-08-28 13:41:45,21350.0,4200,Buy,235508726
2024-08-28 13:42:13,21350.0,700,Buy,235509377
2024-08-28 13:42:23,21350.0,100,Buy,235509562
2024-08-28 13:42:57,21300.0,500,Sell,235510166
2024-08-28 13:42:57,21300.0,100,Sell,235510167
2024-08-28 13:42:57,21300.0,7500,Sell,235510168
2024-08-28 13:42:57,21300.0,1200,Sell,235510169
2024-08-28 13:42:57,21300.0,700,Sell,235510170
2024-08-28 13:43:13,21300.0,300,Sell,235510477
2024-08-28 13:43:13,21300.0,100,Sell,235510475
2024-08-28 13:43:13,21300.0,100,Sell,235510476
2024-08-28 13:43:15,21300.0,2000,Sell,235510561
2024-08-28 13:43:18,21300.0,100,Sell,235510617
2024-08-28 13:43:28,21350.0,1000,Buy,235510939
2024-08-28 13:43:33,21300.0,2600,Sell,235511051
2024-08-28 13:43:33,21300.0,400,Sell,235511052
2024-08-28 13:43:50,21300.0,100,Sell,235511298
2024-08-28 13:43:50,21300.0,32800,Sell,235511299
2024-08-28 13:43:50,21300.0,1600,Sell,235511296
2024-08-28 13:43:50,21300.0,500,Sell,235511297
2024-08-28 13:44:00,21300.0,7200,Sell,235511464
2024-08-28 13:44:00,21300.0,500,Sell,235511465
2024-08-28 13:44:00,21300.0,600,Sell,235511466
2024-08-28 13:44:00,21300.0,100,Sell,235511467
2024-08-28 13:44:00,21300.0,100,Sell,235511468
2024-08-28 13:44:00,21300.0,1800,Sell,235511469
2024-08-28 13:44:02,21300.0,5000,Buy,235511484
2024-08-28 13:44:29,21300.0,800,Buy,235512102
2024-08-28 13:44:48,21300.0,200,Buy,235512480
2024-08-28 13:44:51,21300.0,2300,Buy,235512540
2024-08-28 13:44:51,21300.0,500,Buy,235512535
2024-08-28 13:44:57,21300.0,1000,Buy,235512672
2024-08-28 13:44:57,21300.0,2000,Buy,235512698
2024-08-28 13:45:02,21300.0,100,Buy,235512868
2024-08-28 13:45:11,21300.0,400,Buy,235513089
2024-08-28 13:45:16,21300.0,2400,Buy,235513217
2024-08-28 13:45:16,21300.0,2600,Buy,235513218
2024-08-28 13:45:26,21300.0,1000,Buy,235513432
2024-08-28 13:45:56,21300.0,300,Buy,235514115
2024-08-28 13:46:27,21300.0,700,Buy,235514808
2024-08-28 13:46:27,21300.0,300,Buy,235514807
2024-08-28 13:46:27,21300.0,100,Buy,235514806
2024-08-28 13:46:27,21300.0,100,Buy,235514805
2024-08-28 13:46:27,21300.0,2200,Buy,235514802
2024-08-28 13:46:27,21300.0,100,Buy,235514803
2024-08-28 13:46:27,21300.0,100,Buy,235514800
2024-08-28 13:46:27,21300.0,100,Buy,235514804
2024-08-28 13:46:27,21300.0,300,Buy,235514801
2024-08-28 13:46:28,21300.0,100,Buy,235514819
2024-08-28 13:46:40,21300.0,400,Buy,235515117
2024-08-28 13:46:47,21300.0,800,Buy,235515323
2024-08-28 13:46:47,21300.0,3500,Buy,235515322
2024-08-28 13:46:47,21300.0,2000,Buy,235515330
2024-08-28 13:46:47,21300.0,500,Buy,235515329
2024-08-28 13:46:47,21300.0,1300,Buy,235515328
2024-08-28 13:46:47,21300.0,4000,Buy,235515331
2024-08-28 13:46:47,21300.0,2000,Buy,235515326
2024-08-28 13:46:47,21300.0,500,Buy,235515325
2024-08-28 13:46:47,21300.0,100,Buy,235515324
2024-08-28 13:46:47,21300.0,300,Buy,235515327
2024-08-28 13:46:49,21300.0,300,Buy,235515385
2024-08-28 13:46:49,21300.0,200,Buy,235515386
2024-08-28 13:47:01,21300.0,1800,Buy,235515623
2024-08-28 13:47:01,21300.0,7200,Buy,235515624
2024-08-28 13:47:05,21250.0,1000,Sell,235515735
2024-08-28 13:47:05,21250.0,4200,Sell,235515737
2024-08-28 13:47:05,21250.0,200,Sell,235515736
2024-08-28 13:47:05,21250.0,100,Sell,235515734
2024-08-28 13:47:05,21250.0,1000,Sell,235515733
2024-08-28 13:47:05,21250.0,5000,Sell,235515732
2024-08-28 13:47:05,21250.0,3000,Sell,235515730
2024-08-28 13:47:05,21250.0,500,Sell,235515729
2024-08-28 13:47:05,21250.0,5000,Sell,235515731
2024-08-28 13:47:15,21300.0,300,Buy,235515961
2024-08-28 13:47:24,21300.0,100,Buy,235516115
2024-08-28 13:47:37,21250.0,5800,Sell,235516463
2024-08-28 13:47:37,21250.0,100,Sell,235516467
2024-08-28 13:47:37,21250.0,4100,Sell,235516468
2024-08-28 13:47:50,21250.0,100,Sell,235516791
2024-08-28 13:48:36,21250.0,3100,Sell,235517959
2024-08-28 13:48:36,21250.0,800,Sell,235517957
2024-08-28 13:48:36,21250.0,100,Sell,235517958
2024-08-28 13:48:37,21250.0,500,Sell,235517984
2024-08-28 13:48:44,21250.0,400,Sell,235518097
2024-08-28 13:48:53,21250.0,1000,Sell,235518262
2024-08-28 13:49:12,21300.0,400,Buy,235518634
2024-08-28 13:49:13,21250.0,500,Sell,235518638
2024-08-28 13:49:34,21250.0,100,Sell,235519102
2024-08-28 13:49:50,21250.0,500,Sell,235519545
2024-08-28 13:50:20,21300.0,100,Buy,235520626
2024-08-28 13:50:43,21300.0,500,Buy,235521348
2024-08-28 13:50:44,21250.0,100,Sell,235521356
2024-08-28 13:50:51,21250.0,500,Sell,235521589
2024-08-28 13:50:52,21300.0,4900,Buy,235521606
2024-08-28 13:50:52,21300.0,100,Buy,235521605
2024-08-28 13:50:52,21300.0,1000,Buy,235521604
2024-08-28 13:50:52,21300.0,100,Buy,235521603
2024-08-28 13:50:52,21300.0,200,Buy,235521601
2024-08-28 13:50:52,21300.0,2900,Buy,235521600
2024-08-28 13:50:52,21300.0,1000,Buy,235521599
2024-08-28 13:50:52,21300.0,100,Buy,235521598
2024-08-28 13:50:52,21300.0,200,Buy,235521596
2024-08-28 13:50:52,21300.0,5000,Buy,235521595
2024-08-28 13:50:52,21300.0,800,Buy,235521594
2024-08-28 13:50:52,21300.0,100,Buy,235521593
2024-08-28 13:50:52,21300.0,100,Buy,235521592
2024-08-28 13:50:52,21300.0,2000,Buy,235521591
2024-08-28 13:50:52,21300.0,1400,Buy,235521590
2024-08-28 13:50:52,21300.0,100,Buy,235521597
2024-08-28 13:50:55,21300.0,13900,Buy,235521743
2024-08-28 13:50:55,21300.0,1000,Buy,235521741
2024-08-28 13:50:55,21300.0,1000,Buy,235521742
2024-08-28 13:50:55,21300.0,100,Buy,235521740
2024-08-28 13:50:56,21250.0,1000,Sell,235521762
2024-08-28 13:50:56,21300.0,11900,Buy,235521763
2024-08-28 13:50:56,21300.0,1400,Buy,235521764
2024-08-28 13:50:56,21300.0,200,Buy,235521765
2024-08-28 13:50:56,21300.0,1000,Buy,235521766
2024-08-28 13:50:56,21300.0,500,Buy,235521767
2024-08-28 13:50:56,21300.0,5000,Buy,235521768
2024-08-28 13:51:02,21300.0,100,Buy,235521972
2024-08-28 13:51:44,21300.0,2400,Sell,235523506
2024-08-28 13:51:44,21300.0,200,Sell,235523503
2024-08-28 13:51:44,21300.0,300,Sell,235523504
2024-08-28 13:51:44,21300.0,100,Sell,235523505
2024-08-28 13:51:54,21300.0,500,Sell,235523911
2024-08-28 13:52:00,21300.0,100,Sell,235524164
2024-08-28 13:52:18,21300.0,100,Sell,235524859
2024-08-28 13:52:25,21300.0,1000,Sell,235525130
2024-08-28 13:52:31,21350.0,1000,Buy,235525325
2024-08-28 13:52:40,21300.0,200,Sell,235525670
2024-08-28 13:52:44,21350.0,1000,Buy,235525763
2024-08-28 13:52:47,21350.0,1000,Buy,235525870
2024-08-28 13:52:50,21350.0,200,Buy,235526002
2024-08-28 13:52:50,21350.0,100,Buy,235526003
2024-08-28 13:52:50,21350.0,100,Buy,235526004
2024-08-28 13:52:50,21350.0,100,Buy,235526005
2024-08-28 13:52:50,21350.0,500,Buy,235526006
2024-08-28 13:53:02,21300.0,200,Sell,235526342
2024-08-28 13:53:43,21350.0,100,Buy,235527592
2024-08-28 13:53:44,21350.0,600,Buy,235527637
2024-08-28 13:53:44,21350.0,500,Buy,235527626
2024-08-28 13:53:44,21350.0,100,Buy,235527636
2024-08-28 13:53:44,21350.0,100,Buy,235527638
2024-08-28 13:53:44,21350.0,4100,Buy,235527625
2024-08-28 13:53:44,21350.0,1000,Buy,235527640
2024-08-28 13:53:44,21350.0,100,Buy,235527641
2024-08-28 13:53:44,21350.0,100,Buy,235527642
2024-08-28 13:53:44,21350.0,100,Buy,235527639
2024-08-28 13:53:44,21350.0,1000,Buy,235527624
2024-08-28 13:53:44,21350.0,300,Buy,235527619
2024-08-28 13:53:44,21350.0,100,Buy,235527621
2024-08-28 13:53:44,21350.0,300,Buy,235527614
2024-08-28 13:53:44,21350.0,2000,Buy,235527615
2024-08-28 13:53:44,21350.0,100,Buy,235527616
2024-08-28 13:53:44,21350.0,100,Buy,235527613
2024-08-28 13:53:44,21350.0,300,Buy,235527618
2024-08-28 13:53:44,21350.0,400,Buy,235527612
2024-08-28 13:53:44,21350.0,100,Buy,235527620
2024-08-28 13:53:44,21350.0,500,Buy,235527617
2024-08-28 13:53:44,21350.0,500,Buy,235527622
2024-08-28 13:54:00,21350.0,2900,Buy,235528038
2024-08-28 13:54:00,21350.0,700,Buy,235528039
2024-08-28 13:54:01,21350.0,800,Buy,235528060
2024-08-28 13:54:01,21350.0,200,Buy,235528068
2024-08-28 13:54:01,21350.0,300,Buy,235528067
2024-08-28 13:54:01,21350.0,200,Buy,235528062
2024-08-28 13:54:01,21350.0,1000,Buy,235528061
2024-08-28 13:54:01,21350.0,1000,Buy,235528059
2024-08-28 13:54:01,21350.0,500,Buy,235528057
2024-08-28 13:54:01,21350.0,500,Buy,235528056
2024-08-28 13:54:01,21350.0,100,Buy,235528055
2024-08-28 13:54:01,21350.0,5000,Buy,235528054
2024-08-28 13:54:01,21350.0,100,Buy,235528053
2024-08-28 13:54:01,21350.0,4300,Buy,235528052
2024-08-28 13:54:01,21350.0,5000,Buy,235528058
2024-08-28 13:54:34,21350.0,2500,Sell,235528933
2024-08-28 13:54:45,21350.0,200,Sell,235529211
2024-08-28 13:54:55,21400.0,600,Buy,235529429
2024-08-28 13:54:55,21400.0,100,Buy,235529428
2024-08-28 13:54:55,21400.0,1000,Buy,235529426
2024-08-28 13:54:55,21400.0,200,Buy,235529425
2024-08-28 13:54:55,21400.0,100,Buy,235529427
2024-08-28 13:54:56,21350.0,2000,Sell,235529484
2024-08-28 13:55:00,21350.0,1500,Sell,235529614
2024-08-28 13:55:10,21350.0,600,Sell,235529867
2024-08-28 13:55:14,21400.0,600,Buy,235529960
2024-08-28 13:55:14,21400.0,100,Buy,235529959
2024-08-28 13:55:14,21400.0,300,Buy,235529958
2024-08-28 13:55:14,21400.0,100,Buy,235529956
2024-08-28 13:55:14,21400.0,100,Buy,235529955
2024-08-28 13:55:14,21400.0,200,Buy,235529954
2024-08-28 13:55:14,21400.0,100,Buy,235529957
2024-08-28 13:55:26,21350.0,200,Sell,235530257
2024-08-28 13:55:44,21350.0,5000,Sell,235530630
2024-08-28 13:55:51,21350.0,1400,Sell,235530923
2024-08-28 13:55:52,21400.0,400,Buy,235530946
2024-08-28 13:55:52,21400.0,500,Buy,235530947
2024-08-28 13:55:52,21400.0,300,Buy,235530948
2024-08-28 13:55:52,21400.0,800,Buy,235530949
2024-08-28 13:56:10,21350.0,100,Sell,235531367
2024-08-28 13:56:12,21400.0,100,Buy,235531446
2024-08-28 13:56:12,21400.0,500,Buy,235531445
2024-08-28 13:56:12,21400.0,3500,Buy,235531447
2024-08-28 13:56:12,21400.0,100,Buy,235531443
2024-08-28 13:56:12,21400.0,4900,Buy,235531442
2024-08-28 13:56:12,21350.0,400,Sell,235531395
2024-08-28 13:56:12,21400.0,100,Buy,235531444
2024-08-28 13:56:25,21400.0,300,Buy,235531769
2024-08-28 13:56:25,21400.0,1000,Buy,235531767
2024-08-28 13:56:25,21400.0,400,Buy,235531766
2024-08-28 13:56:25,21400.0,200,Buy,235531768
2024-08-28 13:56:25,21400.0,1000,Buy,235531764
2024-08-28 13:56:25,21400.0,100,Buy,235531763
2024-08-28 13:56:25,21400.0,1500,Buy,235531762
2024-08-28 13:56:25,21400.0,500,Buy,235531765
2024-08-28 13:56:26,21400.0,200,Buy,235531811
2024-08-28 13:56:30,21350.0,100,Sell,235531904
2024-08-28 13:56:30,21350.0,800,Sell,235531905
2024-08-28 13:56:31,21350.0,200,Sell,235531917
2024-08-28 13:56:40,21350.0,5000,Sell,235532180
2024-08-28 13:56:40,21350.0,100,Sell,235532182
2024-08-28 13:56:40,21350.0,300,Sell,235532181
2024-08-28 13:56:40,21350.0,100,Sell,235532179
2024-08-28 13:56:40,21300.0,5300,Sell,235532183
2024-08-28 13:56:40,21350.0,500,Sell,235532177
2024-08-28 13:56:40,21350.0,2000,Sell,235532174
2024-08-28 13:56:40,21350.0,300,Sell,235532178
2024-08-28 13:56:40,21350.0,100,Sell,235532176
2024-08-28 13:56:40,21350.0,300,Sell,235532175
2024-08-28 13:56:49,21350.0,100,Sell,235532529
2024-08-28 13:56:54,21350.0,100,Sell,235532716
2024-08-28 13:57:02,21350.0,500,Buy,235532925
2024-08-28 13:57:18,21350.0,400,Buy,235533460
2024-08-28 13:57:18,21350.0,600,Buy,235533461
2024-08-28 13:57:51,21300.0,200,Sell,235534521
2024-08-28 13:57:51,21300.0,100,Sell,235534522
2024-08-28 13:57:51,21300.0,200,Sell,235534523
2024-08-28 13:58:05,21300.0,1600,Sell,235534843
2024-08-28 13:58:05,21300.0,100,Sell,235534844
2024-08-28 13:58:05,21300.0,400,Sell,235534845
2024-08-28 13:58:06,21300.0,100,Sell,235534886
2024-08-28 13:58:09,21300.0,900,Sell,235534955
2024-08-28 13:58:09,21300.0,1100,Sell,235534956
2024-08-28 13:58:18,21300.0,900,Sell,235535195
2024-08-28 13:58:18,21300.0,5000,Sell,235535196
2024-08-28 13:58:18,21300.0,100,Sell,235535197
2024-08-28 13:58:18,21300.0,800,Sell,235535198
2024-08-28 13:58:28,21300.0,500,Sell,235535559
2024-08-28 13:58:47,21300.0,100,Sell,235536047
2024-08-28 13:59:01,21300.0,1600,Sell,235536431
2024-08-28 13:59:01,21300.0,400,Sell,235536432
2024-08-28 13:59:19,21300.0,100,Sell,235537009
2024-08-28 13:59:19,21300.0,500,Sell,235537010
2024-08-28 13:59:19,21300.0,200,Sell,235537011
2024-08-28 13:59:19,21300.0,200,Sell,235537012
2024-08-28 13:59:28,21300.0,9000,Sell,235537196
2024-08-28 13:59:42,21300.0,1000,Sell,235537517
2024-08-28 13:59:56,21300.0,200,Buy,235537916
2024-08-28 13:59:58,21250.0,300,Sell,235537992
2024-08-28 13:59:58,21250.0,100,Sell,235537993
2024-08-28 13:59:58,21250.0,200,Sell,235537994
2024-08-28 13:59:58,21250.0,300,Sell,235537995
2024-08-28 13:59:58,21250.0,100,Sell,235537996
2024-08-28 14:00:00,21300.0,1800,Buy,235538025
2024-08-28 14:00:10,21300.0,500,Sell,235538384
2024-08-28 14:00:11,21300.0,500,Sell,235538421
2024-08-28 14:00:22,21300.0,1000,Sell,235538735
2024-08-28 14:00:27,21300.0,200,Sell,235538996
2024-08-28 14:00:35,21300.0,200,Sell,235539385
2024-08-28 14:00:39,21300.0,1500,Sell,235539564
2024-08-28 14:00:44,21300.0,100,Sell,235539671
2024-08-28 14:00:45,21300.0,200,Sell,235539700
2024-08-28 14:01:01,21300.0,500,Sell,235540198
2024-08-28 14:01:14,21300.0,900,Sell,235540724
2024-08-28 14:01:15,21300.0,2000,Sell,235540753
2024-08-28 14:01:31,21300.0,600,Sell,235541289
2024-08-28 14:01:31,21300.0,500,Sell,235541290
2024-08-28 14:01:31,21300.0,2000,Sell,235541291
2024-08-28 14:01:31,21300.0,200,Sell,235541292
2024-08-28 14:01:31,21300.0,100,Sell,235541293
2024-08-28 14:01:31,21300.0,1000,Sell,235541294
2024-08-28 14:01:35,21300.0,100,Buy,235541390
2024-08-28 14:02:26,21300.0,100,Buy,235543170
2024-08-28 14:02:37,21250.0,900,Sell,235543525
2024-08-28 14:02:37,21250.0,100,Sell,235543524
2024-08-28 14:02:53,21250.0,500,Sell,235544019
2024-08-28 14:03:07,21250.0,2500,Sell,235544469
2024-08-28 14:03:11,21250.0,1000,Sell,235544619
2024-08-28 14:03:19,21250.0,100,Sell,235544887
2024-08-28 14:03:19,21250.0,100,Sell,235544888
2024-08-28 14:03:26,21250.0,100,Sell,235545056
2024-08-28 14:03:26,21250.0,900,Sell,235545057
2024-08-28 14:03:51,21250.0,1000,Sell,235545625
2024-08-28 14:03:51,21250.0,2000,Sell,235545626
2024-08-28 14:03:55,21250.0,100,Sell,235545779
2024-08-28 14:03:57,21250.0,500,Sell,235545841
2024-08-28 14:04:03,21250.0,300,Sell,235545993
2024-08-28 14:04:03,21250.0,7400,Sell,235545988
2024-08-28 14:04:03,21250.0,100,Sell,235545989
2024-08-28 14:04:03,21250.0,100,Sell,235545990
2024-08-28 14:04:03,21250.0,1000,Sell,235545991
2024-08-28 14:04:03,21250.0,1100,Sell,235545992
2024-08-28 14:04:09,21250.0,200,Sell,235546231
2024-08-28 14:04:09,21250.0,700,Sell,235546229
2024-08-28 14:04:09,21250.0,100,Sell,235546230
2024-08-28 14:04:15,21250.0,600,Sell,235546498
2024-08-28 14:04:15,21250.0,200,Sell,235546497
2024-08-28 14:04:23,21250.0,500,Sell,235546818
2024-08-28 14:04:26,21250.0,200,Sell,235546917
2024-08-28 14:04:52,21250.0,300,Sell,235547630
2024-08-28 14:04:56,21250.0,1500,Sell,235547748
2024-08-28 14:04:56,21250.0,1600,Sell,235547749
2024-08-28 14:04:56,21250.0,200,Sell,235547750
2024-08-28 14:04:56,21250.0,5000,Sell,235547751
2024-08-28 14:05:00,21250.0,200,Buy,235548028
2024-08-28 14:05:02,21250.0,200,Buy,235548060
2024-08-28 14:05:02,21250.0,1500,Buy,235548059
2024-08-28 14:05:57,21250.0,500,Sell,235549569
2024-08-28 14:06:04,21250.0,2500,Sell,235549745
2024-08-28 14:06:32,21250.0,1300,Sell,235550416
2024-08-28 14:06:36,21250.0,1000,Sell,235550526
2024-08-28 14:06:48,21250.0,3000,Sell,235550856
2024-08-28 14:06:58,21250.0,1000,Sell,235551145
2024-08-28 14:07:10,21250.0,1000,Sell,235551370
2024-08-28 14:07:16,21250.0,2000,Sell,235551516
2024-08-28 14:07:16,21250.0,2000,Sell,235551511
2024-08-28 14:07:16,21250.0,100,Sell,235551514
2024-08-28 14:07:16,21250.0,100,Sell,235551515
2024-08-28 14:07:25,21250.0,1600,Buy,235551670
2024-08-28 14:08:40,21250.0,400,Sell,235553802
2024-08-28 14:08:51,21300.0,400,Buy,235554005
2024-08-28 14:08:51,21300.0,400,Buy,235554006
2024-08-28 14:08:54,21300.0,200,Buy,235554065
2024-08-28 14:09:05,21300.0,1000,Buy,235554383
2024-08-28 14:09:19,21300.0,500,Buy,235554875
2024-08-28 14:09:21,21300.0,2000,Buy,235554910
2024-08-28 14:09:21,21300.0,200,Buy,235554909
2024-08-28 14:09:21,21300.0,100,Buy,235554908
2024-08-28 14:09:21,21300.0,500,Buy,235554905
2024-08-28 14:09:21,21300.0,2000,Buy,235554906
2024-08-28 14:09:21,21300.0,2300,Buy,235554904
2024-08-28 14:09:21,21300.0,4500,Buy,235554907
2024-08-28 14:09:22,21300.0,200,Buy,235554928
2024-08-28 14:09:22,21300.0,100,Buy,235554927
2024-08-28 14:09:22,21300.0,800,Buy,235554926
2024-08-28 14:09:22,21300.0,3000,Buy,235554923
2024-08-28 14:09:22,21300.0,1000,Buy,235554924
2024-08-28 14:09:22,21300.0,7300,Buy,235554921
2024-08-28 14:09:22,21300.0,100,Buy,235554925
2024-08-28 14:09:22,21300.0,1000,Buy,235554922
2024-08-28 14:09:36,21350.0,1000,Buy,235555328
2024-08-28 14:09:38,21300.0,400,Sell,235555395
2024-08-28 14:09:39,21300.0,500,Sell,235555435
2024-08-28 14:09:57,21300.0,300,Sell,235555877
2024-08-28 14:10:06,21300.0,200,Sell,235556131
2024-08-28 14:10:21,21300.0,500,Sell,235556501
2024-08-28 14:10:45,21300.0,1100,Sell,235557121
2024-08-28 14:10:46,21300.0,100,Sell,235557141
2024-08-28 14:10:59,21300.0,1000,Sell,235557405
2024-08-28 14:11:05,21300.0,100,Sell,235557479
2024-08-28 14:11:08,21300.0,200,Sell,235557595
2024-08-28 14:11:32,21300.0,300,Sell,235558111
2024-08-28 14:11:32,21300.0,700,Sell,235558112
2024-08-28 14:11:32,21300.0,100,Sell,235558114
2024-08-28 14:12:17,21300.0,1500,Sell,235559197
2024-08-28 14:12:17,21300.0,300,Sell,235559196
2024-08-28 14:12:17,21300.0,1200,Sell,235559195
2024-08-28 14:12:32,21300.0,200,Sell,235559599
2024-08-28 14:12:44,21300.0,300,Sell,235559871
2024-08-28 14:12:44,21300.0,2700,Sell,235559898
2024-08-28 14:13:04,21300.0,800,Sell,235560362
2024-08-28 14:13:04,21300.0,100,Sell,235560363
2024-08-28 14:13:04,21300.0,1100,Sell,235560364
2024-08-28 14:13:05,21300.0,1000,Sell,235560394
2024-08-28 14:13:05,21300.0,500,Sell,235560393
2024-08-28 14:13:05,21300.0,100,Sell,235560392
2024-08-28 14:13:05,21300.0,100,Sell,235560389
2024-08-28 14:13:05,21300.0,1500,Sell,235560390
2024-08-28 14:13:05,21300.0,100,Sell,235560388
2024-08-28 14:13:05,21300.0,3900,Sell,235560387
2024-08-28 14:13:05,21300.0,300,Sell,235560391
2024-08-28 14:13:10,21300.0,300,Buy,235560516
2024-08-28 14:13:31,21300.0,1000,Buy,235560972
2024-08-28 14:13:32,21300.0,200,Buy,235561015
2024-08-28 14:13:40,21300.0,100,Buy,235561270
2024-08-28 14:13:43,21300.0,400,Buy,235561337
2024-08-28 14:13:43,21300.0,600,Buy,235561339
2024-08-28 14:13:43,21300.0,500,Buy,235561324
2024-08-28 14:13:43,21300.0,100,Buy,235561338
2024-08-28 14:13:52,21300.0,1000,Buy,235561599
2024-08-28 14:13:52,21300.0,700,Buy,235561597
2024-08-28 14:13:52,21300.0,1700,Buy,235561598
2024-08-28 14:14:43,21300.0,500,Sell,235562920
2024-08-28 14:14:43,21300.0,100,Sell,235562921
2024-08-28 14:14:43,21300.0,400,Sell,235562922
2024-08-28 14:14:57,21300.0,100,Sell,235563266
2024-08-28 14:15:21,21300.0,200,Sell,235563872
2024-08-28 14:15:25,21300.0,200,Sell,235563999
2024-08-28 14:15:26,21300.0,400,Sell,235564034
2024-08-28 14:15:26,21300.0,300,Sell,235564035
2024-08-28 14:15:26,21300.0,500,Sell,235564036
2024-08-28 14:15:26,21300.0,700,Sell,235564037
2024-08-28 14:15:27,21300.0,500,Buy,235564062
2024-08-28 14:15:28,21300.0,3800,Buy,235564089
2024-08-28 14:15:38,21250.0,100,Sell,235564375
2024-08-28 14:15:40,21250.0,100,Sell,235564427
2024-08-28 14:15:44,21250.0,100,Sell,235564540
2024-08-28 14:16:14,21250.0,100,Sell,235565412
2024-08-28 14:16:14,21250.0,500,Sell,235565406
2024-08-28 14:16:19,21250.0,2000,Sell,235565540
2024-08-28 14:17:07,21250.0,100,Sell,235566890
2024-08-28 14:17:23,21250.0,100,Sell,235567416
2024-08-28 14:17:23,21250.0,500,Sell,235567417
2024-08-28 14:17:23,21250.0,400,Sell,235567418
2024-08-28 14:17:34,21300.0,3900,Buy,235567688
2024-08-28 14:17:49,21300.0,300,Buy,235568347
2024-08-28 14:17:50,21300.0,11600,Buy,235568372
2024-08-28 14:17:57,21300.0,300,Buy,235568733
2024-08-28 14:17:58,21300.0,2700,Buy,235568747
2024-08-28 14:17:58,21300.0,200,Buy,235568748
2024-08-28 14:17:58,21300.0,5000,Buy,235568749
2024-08-28 14:17:58,21300.0,1000,Buy,235568750
2024-08-28 14:17:58,21300.0,700,Buy,235568751
2024-08-28 14:17:58,21300.0,100,Sell,235568757
2024-08-28 14:18:20,21300.0,5000,Buy,235569289
2024-08-28 14:18:23,21300.0,6800,Buy,235569370
2024-08-28 14:18:45,21300.0,100,Buy,235570002
2024-08-28 14:19:27,21300.0,100,Sell,235571090
2024-08-28 14:19:27,21300.0,300,Sell,235571091
2024-08-28 14:19:29,21300.0,600,Buy,235571125
2024-08-28 14:19:39,21300.0,2000,Sell,235571421
2024-08-28 14:19:52,21300.0,100,Sell,235572254
2024-08-28 14:20:04,21300.0,200,Sell,235572817
2024-08-28 14:20:20,21300.0,1300,Sell,235573433
2024-08-28 14:20:38,21300.0,200,Sell,235574023
2024-08-28 14:20:40,21300.0,1100,Sell,235574056
2024-08-28 14:20:40,21300.0,600,Sell,235574054
2024-08-28 14:20:40,21300.0,200,Sell,235574055
2024-08-28 14:20:43,21300.0,500,Sell,235574135
2024-08-28 14:20:59,21300.0,300,Sell,235574691
2024-08-28 14:21:19,21300.0,1900,Sell,235575457
2024-08-28 14:21:27,21300.0,200,Sell,235575668
2024-08-28 14:21:27,21300.0,200,Sell,235575669
2024-08-28 14:21:27,21300.0,1600,Sell,235575670
2024-08-28 14:21:42,21350.0,100,Buy,235576102
2024-08-28 14:21:53,21300.0,1000,Sell,235576415
2024-08-28 14:21:53,21300.0,500,Sell,235576413
2024-08-28 14:21:53,21300.0,1400,Sell,235576412
2024-08-28 14:21:53,21300.0,500,Sell,235576414
2024-08-28 14:22:00,21350.0,100,Buy,235576620
2024-08-28 14:22:14,21300.0,2000,Sell,235577042
2024-08-28 14:22:14,21300.0,800,Sell,235577043
2024-08-28 14:22:21,21350.0,100,Buy,235577316
2024-08-28 14:22:58,21350.0,800,Buy,235578434
2024-08-28 14:22:58,21350.0,700,Buy,235578433
2024-08-28 14:22:58,21350.0,200,Buy,235578432
2024-08-28 14:22:58,21350.0,100,Buy,235578430
2024-08-28 14:22:58,21350.0,200,Buy,235578429
2024-08-28 14:22:58,21350.0,500,Buy,235578431
2024-08-28 14:23:09,21350.0,400,Buy,235578848
2024-08-28 14:23:09,21350.0,100,Buy,235578849
2024-08-28 14:23:09,21350.0,1000,Buy,235578850
2024-08-28 14:23:09,21350.0,100,Buy,235578851
2024-08-28 14:23:09,21350.0,500,Buy,235578852
2024-08-28 14:23:09,21350.0,900,Buy,235578853
2024-08-28 14:24:00,21350.0,100,Buy,235580771
2024-08-28 14:24:26,21350.0,100,Buy,235581633
2024-08-28 14:24:31,21350.0,100,Buy,235581911
2024-08-28 14:24:31,21350.0,1900,Buy,235581908
2024-08-28 14:24:31,21350.0,2000,Buy,235581909
2024-08-28 14:24:31,21350.0,1000,Buy,235581910
2024-08-28 14:24:33,21350.0,300,Buy,235582018
2024-08-28 14:24:33,21350.0,200,Buy,235582019
2024-08-28 14:24:33,21350.0,100,Buy,235582020
2024-08-28 14:24:33,21350.0,400,Buy,235582021
2024-08-28 14:24:33,21350.0,600,Buy,235582022
2024-08-28 14:24:33,21350.0,400,Buy,235582017
2024-08-28 14:25:00,21350.0,1000,Buy,235583171
2024-08-28 14:25:04,21350.0,600,Buy,235583321
2024-08-28 14:25:04,21350.0,400,Buy,235583320
2024-08-28 14:25:26,21350.0,300,Buy,235584235
2024-08-28 14:25:30,21350.0,100,Buy,235584399
2024-08-28 14:25:30,21350.0,900,Buy,235584400
2024-08-28 14:25:50,21350.0,2100,Buy,235585051
2024-08-28 14:25:50,21350.0,1100,Buy,235585052
2024-08-28 14:26:00,21350.0,4100,Buy,235585345
2024-08-28 14:26:00,21350.0,1000,Buy,235585344
2024-08-28 14:26:00,21350.0,3900,Buy,235585342
2024-08-28 14:26:00,21350.0,1000,Buy,235585343
2024-08-28 14:26:21,21350.0,500,Buy,235586194
2024-08-28 14:26:21,21350.0,300,Buy,235586195
2024-08-28 14:26:21,21350.0,400,Buy,235586196
2024-08-28 14:26:21,21350.0,100,Buy,235586197
2024-08-28 14:26:21,21350.0,1000,Buy,235586198
2024-08-28 14:26:21,21350.0,100,Buy,235586199
2024-08-28 14:26:21,21350.0,100,Buy,235586201
2024-08-28 14:26:21,21350.0,3400,Buy,235586202
2024-08-28 14:26:21,21350.0,100,Buy,235586203
2024-08-28 14:26:21,21350.0,400,Buy,235586193
2024-08-28 14:26:21,21350.0,500,Buy,235586200
2024-08-28 14:26:38,21350.0,3000,Sell,235587041
2024-08-28 14:26:39,21350.0,500,Sell,235587076
2024-08-28 14:26:49,21350.0,2000,Sell,235587473
2024-08-28 14:27:05,21350.0,500,Sell,235588143
2024-08-28 14:27:07,21350.0,100,Sell,235588291
2024-08-28 14:27:10,21350.0,500,Sell,235588375
2024-08-28 14:27:19,21350.0,200,Sell,235588776
2024-08-28 14:27:24,21350.0,3000,Sell,235588937
2024-08-28 14:27:44,21350.0,2800,Sell,235589844
2024-08-28 14:27:51,21350.0,300,Sell,235590141
2024-08-28 14:28:12,21350.0,100,Sell,235590940
2024-08-28 14:28:13,21350.0,100,Sell,235591000
2024-08-28 14:28:13,21350.0,200,Sell,235591001
2024-08-28 14:28:13,21350.0,200,Sell,235591002
2024-08-28 14:28:14,21350.0,500,Sell,235591039
2024-08-28 14:28:14,21350.0,2500,Sell,235591040
2024-08-28 14:28:16,21350.0,1000,Sell,235591172
2024-08-28 14:28:17,21350.0,500,Sell,235591263
2024-08-28 14:28:18,21350.0,600,Sell,235591275
2024-08-28 14:28:39,21350.0,200,Sell,235592199
2024-08-28 14:28:45,21350.0,200,Sell,235592501
2024-08-28 14:28:45,21350.0,1000,Sell,235592502
2024-08-28 14:28:45,21350.0,1000,Sell,235592503
2024-08-28 14:28:50,21350.0,500,Sell,235592688
2024-08-28 14:28:52,21350.0,1000,Sell,235592746
2024-08-28 14:28:53,21350.0,5000,Sell,235592791
2024-08-28 14:28:57,21350.0,1500,Sell,235592999
2024-08-28 14:29:03,21350.0,500,Sell,235593194
2024-08-28 14:29:05,21350.0,200,Sell,235593373
2024-08-28 14:29:05,21350.0,3400,Sell,235593374
2024-08-28 14:29:05,21350.0,1400,Sell,235593375
2024-08-28 14:29:05,21350.0,500,Sell,235593381
2024-08-28 14:29:06,21350.0,100,Sell,235593403
2024-08-28 14:29:10,21350.0,700,Sell,235593654
2024-08-28 14:29:20,21350.0,100,Sell,235594251
2024-08-28 14:29:20,21350.0,100,Sell,235594250
2024-08-28 14:29:22,21350.0,100,Sell,235594382
2024-08-28 14:29:22,21350.0,2200,Sell,235594395
2024-08-28 14:29:22,21350.0,200,Sell,235594396
2024-08-28 14:29:38,21350.0,2000,Buy,235595117
2024-08-28 14:29:38,21350.0,100,Buy,235595119
2024-08-28 14:29:49,21350.0,400,Buy,235595525
2024-08-28 14:29:50,21350.0,1000,Buy,235595545
2024-08-28 14:45:02,21300.0,59900,ATO/ATC,235596974
