time,price,volume,match_type,id
2024-08-09 12:59:38,19950.0,100,Sell,230567418
2024-08-09 12:59:38,20000.0,100,Sell,230567460
2024-08-09 12:59:38,19950.0,200,Sell,230567419
2024-08-09 12:59:38,19950.0,1700,Sell,230567420
2024-08-09 12:59:40,20000.0,100,Sell,230568095
2024-08-09 12:59:40,20000.0,100,Sell,230567950
2024-08-09 12:59:40,20000.0,800,Sell,230568093
2024-08-09 12:59:40,20000.0,200,Sell,230568094
2024-08-09 12:59:41,20200.0,900,Buy,230568261
2024-08-09 12:59:42,20000.0,500,Sell,230568777
2024-08-09 12:59:42,20000.0,1000,Sell,230568775
2024-08-09 12:59:42,20000.0,500,Sell,230568776
2024-08-09 12:59:43,20200.0,400,Buy,230568956
2024-08-09 12:59:50,20300.0,500,Sell,230569658
2024-08-09 12:59:51,20300.0,1000,Sell,230569805
2024-08-09 12:59:52,20300.0,600,Sell,230569823
2024-08-09 12:59:53,20300.0,1000,Buy,230570074
2024-08-09 12:59:54,20200.0,500,Sell,230570097
2024-08-09 12:59:54,20200.0,100,Sell,230570112
2024-08-09 12:59:54,20200.0,400,Sell,230570113
2024-08-09 12:59:54,20000.0,2600,Sell,230570114
2024-08-09 12:59:54,20000.0,4000,Sell,230570115
2024-08-09 13:00:00,20300.0,2000,Buy,230570494
2024-08-09 13:00:00,20300.0,300,Buy,230570493
2024-08-09 13:00:01,20300.0,1000,Buy,230570534
2024-08-09 13:00:03,20300.0,100,Buy,230570559
2024-08-09 13:00:07,20200.0,4000,Sell,230570730
2024-08-09 13:00:07,20200.0,1000,Sell,230570731
2024-08-09 13:00:07,20150.0,5000,Sell,230570732
2024-08-09 13:00:07,20300.0,100,Buy,230570736
2024-08-09 13:00:07,20150.0,3000,Sell,230570740
2024-08-09 13:00:08,20150.0,4000,Sell,230570741
2024-08-09 13:00:09,20300.0,3000,Buy,230570772
2024-08-09 13:00:18,20150.0,300,Sell,230570907
2024-08-09 13:00:18,20200.0,100,Buy,230570904
2024-08-09 13:00:21,20200.0,1500,Buy,230570923
2024-08-09 13:00:35,20200.0,100,Buy,230571164
2024-08-09 13:00:38,20200.0,300,Buy,230571211
2024-08-09 13:00:38,20200.0,500,Buy,230571212
2024-08-09 13:00:38,20200.0,200,Buy,230571213
2024-08-09 13:00:38,20150.0,7700,Sell,230571222
2024-08-09 13:00:38,20150.0,500,Sell,230571223
2024-08-09 13:00:38,20150.0,600,Sell,230571224
2024-08-09 13:00:38,20150.0,1000,Sell,230571225
2024-08-09 13:00:38,20150.0,200,Buy,230571231
2024-08-09 13:00:39,20200.0,1000,Buy,230571264
2024-08-09 13:00:43,20200.0,1000,Buy,230571325
2024-08-09 13:00:52,20200.0,100,Buy,230571440
2024-08-09 13:00:53,20000.0,56200,Sell,230571494
2024-08-09 13:00:53,20000.0,500,Sell,230571488
2024-08-09 13:00:53,20000.0,600,Sell,230571493
2024-08-09 13:00:53,20000.0,500,Sell,230571492
2024-08-09 13:00:53,20000.0,500,Sell,230571491
2024-08-09 13:00:53,20000.0,500,Sell,230571490
2024-08-09 13:00:53,20000.0,100,Sell,230571489
2024-08-09 13:00:53,20000.0,300,Sell,230571487
2024-08-09 13:00:53,20150.0,1500,Sell,230571477
2024-08-09 13:00:53,20000.0,1000,Sell,230571485
2024-08-09 13:00:53,20000.0,100,Sell,230571486
2024-08-09 13:00:53,20100.0,200,Sell,230571478
2024-08-09 13:00:53,20100.0,2000,Sell,230571479
2024-08-09 13:00:53,20200.0,6000,Buy,230571476
2024-08-09 13:00:53,20050.0,700,Sell,230571482
2024-08-09 13:00:53,20000.0,1100,Sell,230571483
2024-08-09 13:00:53,20050.0,500,Sell,230571481
2024-08-09 13:00:53,20000.0,600,Sell,230571484
2024-08-09 13:00:58,20200.0,1700,Buy,230571585
2024-08-09 13:00:58,20200.0,100,Buy,230571586
2024-08-09 13:00:58,20200.0,1000,Buy,230571587
2024-08-09 13:00:59,20250.0,100,Buy,230571627
2024-08-09 13:00:59,20250.0,100,Buy,230571628
2024-08-09 13:00:59,20250.0,1800,Buy,230571629
2024-08-09 13:01:00,20200.0,1700,Sell,230571650
2024-08-09 13:01:02,20000.0,2700,Sell,230571769
2024-08-09 13:01:02,20050.0,300,Sell,230571768
2024-08-09 13:01:05,20200.0,1000,Sell,230571840
2024-08-09 13:01:05,20200.0,300,Buy,230571831
2024-08-09 13:01:10,20200.0,2000,Sell,230571942
2024-08-09 13:01:11,20200.0,1000,Sell,230571953
2024-08-09 13:01:17,20200.0,300,Sell,230572102
2024-08-09 13:01:18,20200.0,500,Sell,230572104
2024-08-09 13:01:20,20200.0,3000,Sell,230572135
2024-08-09 13:01:21,20250.0,600,Buy,230572141
2024-08-09 13:01:24,20250.0,7600,Buy,230572214
2024-08-09 13:01:31,20250.0,1000,Sell,230572347
2024-08-09 13:01:31,20250.0,7400,Sell,230572348
2024-08-09 13:01:32,20300.0,2800,Buy,230572354
2024-08-09 13:01:32,20300.0,700,Buy,230572352
2024-08-09 13:01:32,20300.0,1900,Buy,230572351
2024-08-09 13:01:32,20300.0,500,Buy,230572353
2024-08-09 13:01:39,20350.0,500,Buy,230572496
2024-08-09 13:01:39,20350.0,100,Buy,230572495
2024-08-09 13:01:46,20350.0,100,Sell,230572701
2024-08-09 13:01:48,20350.0,200,Sell,230572747
2024-08-09 13:01:48,20350.0,200,Sell,230572748
2024-08-09 13:01:49,20350.0,100,Buy,230572772
2024-08-09 13:01:52,20350.0,800,Buy,230572806
2024-08-09 13:01:53,20350.0,1000,Sell,230572847
2024-08-09 13:01:54,20350.0,100,Sell,230572852
2024-08-09 13:01:59,20350.0,100,Sell,230572972
2024-08-09 13:01:59,20350.0,400,Sell,230572973
2024-08-09 13:02:00,20350.0,500,Sell,230573017
2024-08-09 13:02:04,20350.0,600,Sell,230573145
2024-08-09 13:02:04,20350.0,1000,Sell,230573146
2024-08-09 13:02:04,20350.0,300,Sell,230573147
2024-08-09 13:02:04,20350.0,100,Sell,230573148
2024-08-09 13:02:05,20350.0,100,Buy,230573181
2024-08-09 13:02:05,20350.0,400,Sell,230573179
2024-08-09 13:02:05,20350.0,300,Sell,230573180
2024-08-09 13:02:07,20350.0,100,Buy,230573236
2024-08-09 13:02:07,20350.0,1300,Buy,230573237
2024-08-09 13:02:07,20350.0,600,Sell,230573238
2024-08-09 13:02:07,20350.0,100,Buy,230573226
2024-08-09 13:02:08,20350.0,100,Buy,230573242
2024-08-09 13:02:11,20350.0,300,Buy,230573353
2024-08-09 13:02:11,20350.0,100,Buy,230573354
2024-08-09 13:02:11,20350.0,600,Buy,230573355
2024-08-09 13:02:15,20350.0,1400,Buy,230573486
2024-08-09 13:02:15,20350.0,600,Buy,230573487
2024-08-09 13:02:18,20350.0,400,Buy,230573530
2024-08-09 13:02:18,20350.0,500,Buy,230573531
2024-08-09 13:02:25,20300.0,1000,Sell,230573635
2024-08-09 13:02:25,20300.0,3400,Sell,230573638
2024-08-09 13:02:25,20300.0,1000,Sell,230573637
2024-08-09 13:02:25,20300.0,1000,Sell,230573636
2024-08-09 13:02:25,20300.0,100,Sell,230573634
2024-08-09 13:02:25,20350.0,100,Sell,230573632
2024-08-09 13:02:25,20350.0,1100,Sell,230573628
2024-08-09 13:02:25,20350.0,100,Sell,230573629
2024-08-09 13:02:25,20300.0,4100,Sell,230573633
2024-08-09 13:02:25,20350.0,500,Sell,230573631
2024-08-09 13:02:25,20350.0,300,Sell,230573630
2024-08-09 13:02:26,20350.0,100,Sell,230573662
2024-08-09 13:02:35,20350.0,100,Buy,230573872
2024-08-09 13:02:36,20350.0,200,Buy,230573881
2024-08-09 13:02:41,20350.0,1000,Buy,230573984
2024-08-09 13:02:43,20350.0,1000,Buy,230574043
2024-08-09 13:02:45,20350.0,100,Buy,230574063
2024-08-09 13:02:48,20350.0,2500,Buy,230574164
2024-08-09 13:02:48,20350.0,100,Buy,230574165
2024-08-09 13:02:48,20350.0,300,Buy,230574166
2024-08-09 13:02:49,20300.0,100,Sell,230574194
2024-08-09 13:02:49,20350.0,100,Buy,230574195
2024-08-09 13:02:50,20350.0,100,Buy,230574207
2024-08-09 13:02:50,20350.0,900,Buy,230574208
2024-08-09 13:02:53,20350.0,1000,Buy,230574272
2024-08-09 13:02:56,20350.0,500,Buy,230574377
2024-08-09 13:02:57,20350.0,500,Buy,230574412
2024-08-09 13:02:57,20350.0,100,Buy,230574400
2024-08-09 13:02:59,20350.0,100,Buy,230574444
2024-08-09 13:03:00,20350.0,1900,Buy,230574463
2024-08-09 13:03:00,20350.0,200,Buy,230574464
2024-08-09 13:03:00,20350.0,100,Buy,230574465
2024-08-09 13:03:01,20350.0,100,Buy,230574488
2024-08-09 13:03:07,20350.0,800,Buy,230574692
2024-08-09 13:03:07,20350.0,100,Buy,230574693
2024-08-09 13:03:07,20350.0,100,Buy,230574694
2024-08-09 13:03:08,20350.0,500,Buy,230574718
2024-08-09 13:03:14,20350.0,200,Buy,230574899
2024-08-09 13:03:15,20350.0,4000,Buy,230574912
2024-08-09 13:03:16,20350.0,100,Buy,230574938
2024-08-09 13:03:18,20300.0,1000,Sell,230575048
2024-08-09 13:03:18,20300.0,100,Sell,230575047
2024-08-09 13:03:18,20300.0,1000,Sell,230575046
2024-08-09 13:03:18,20300.0,100,Sell,230575045
2024-08-09 13:03:18,20300.0,200,Sell,230575044
2024-08-09 13:03:18,20300.0,3000,Sell,230575043
2024-08-09 13:03:18,20300.0,100,Sell,230575041
2024-08-09 13:03:18,20350.0,100,Buy,230575000
2024-08-09 13:03:18,20350.0,600,Buy,230575001
2024-08-09 13:03:18,20300.0,2000,Sell,230575042
2024-08-09 13:03:18,20300.0,2000,Sell,230575039
2024-08-09 13:03:18,20300.0,1500,Sell,230575038
2024-08-09 13:03:18,20300.0,200,Sell,230575040
2024-08-09 13:03:20,20300.0,300,Buy,230575073
2024-08-09 13:03:21,20300.0,2900,Buy,230575104
2024-08-09 13:03:21,20300.0,1200,Buy,230575108
2024-08-09 13:03:25,20250.0,1000,Sell,230575200
2024-08-09 13:03:30,20300.0,2000,Buy,230575290
2024-08-09 13:03:35,20300.0,1000,Buy,230575460
2024-08-09 13:03:36,20300.0,500,Buy,230575531
2024-08-09 13:03:39,20300.0,100,Buy,230575587
2024-08-09 13:03:40,20250.0,10000,Sell,230575609
2024-08-09 13:03:43,20250.0,1000,Sell,230575715
2024-08-09 13:03:43,20300.0,500,Buy,230575716
2024-08-09 13:03:44,20250.0,1200,Sell,230575745
2024-08-09 13:03:44,20250.0,100,Sell,230575744
2024-08-09 13:03:44,20250.0,100,Sell,230575743
2024-08-09 13:03:44,20250.0,100,Sell,230575742
2024-08-09 13:03:44,20250.0,1000,Sell,230575741
2024-08-09 13:03:44,20250.0,200,Sell,230575739
2024-08-09 13:03:44,20250.0,600,Sell,230575735
2024-08-09 13:03:44,20250.0,500,Sell,230575736
2024-08-09 13:03:44,20250.0,100,Sell,230575740
2024-08-09 13:03:44,20250.0,1000,Sell,230575738
2024-08-09 13:03:44,20250.0,100,Sell,230575737
2024-08-09 13:03:48,20250.0,100,Sell,230575839
2024-08-09 13:03:51,20250.0,1700,Sell,230575939
2024-08-09 13:03:51,20250.0,300,Sell,230575940
2024-08-09 13:03:54,20250.0,700,Sell,230575982
2024-08-09 13:03:55,20250.0,200,Sell,230575992
2024-08-09 13:03:59,20200.0,1600,Sell,230576080
2024-08-09 13:03:59,20200.0,900,Sell,230576081
2024-08-09 13:03:59,20200.0,300,Sell,230576082
2024-08-09 13:03:59,20200.0,900,Sell,230576083
2024-08-09 13:03:59,20200.0,1000,Sell,230576084
2024-08-09 13:03:59,20200.0,14800,Sell,230576085
2024-08-09 13:04:09,20200.0,100,Sell,230576399
2024-08-09 13:04:09,20200.0,100,Sell,230576398
2024-08-09 13:04:09,20200.0,8900,Sell,230576396
2024-08-09 13:04:09,20200.0,500,Sell,230576397
2024-08-09 13:04:09,20200.0,1500,Sell,230576384
2024-08-09 13:04:10,20200.0,100,Buy,230576403
2024-08-09 13:04:11,20200.0,100,Buy,230576422
2024-08-09 13:04:20,20200.0,400,Buy,230576598
2024-08-09 13:04:22,20150.0,300,Sell,230576640
2024-08-09 13:04:23,20150.0,600,Sell,230576677
2024-08-09 13:04:25,20150.0,400,Sell,230576712
2024-08-09 13:04:25,20150.0,100,Sell,230576709
2024-08-09 13:04:25,20150.0,1000,Sell,230576710
2024-08-09 13:04:25,20150.0,500,Sell,230576711
2024-08-09 13:04:26,20150.0,600,Sell,230576729
2024-08-09 13:04:26,20150.0,100,Sell,230576730
2024-08-09 13:04:30,20100.0,100,Sell,230576825
2024-08-09 13:04:35,20150.0,1000,Buy,230576944
2024-08-09 13:04:49,20150.0,100,Buy,230577259
2024-08-09 13:04:49,20150.0,100,Buy,230577260
2024-08-09 13:04:52,20100.0,3000,Sell,230577321
2024-08-09 13:04:53,20100.0,100,Sell,230577356
2024-08-09 13:04:53,20100.0,1300,Sell,230577355
2024-08-09 13:04:53,20100.0,2000,Sell,230577354
2024-08-09 13:04:54,20150.0,200,Buy,230577361
2024-08-09 13:04:55,20150.0,700,Buy,230577376
2024-08-09 13:04:55,20150.0,300,Buy,230577377
2024-08-09 13:04:57,20150.0,4700,Buy,230577412
2024-08-09 13:04:57,20150.0,100,Buy,230577413
2024-08-09 13:04:57,20150.0,1000,Buy,230577414
2024-08-09 13:04:57,20150.0,5000,Buy,230577415
2024-08-09 13:04:57,20150.0,1000,Sell,230577422
2024-08-09 13:05:06,20150.0,1000,Sell,230577633
2024-08-09 13:05:15,20200.0,200,Buy,230577812
2024-08-09 13:05:17,20200.0,1800,Buy,230577860
2024-08-09 13:05:17,20200.0,600,Buy,230577861
2024-08-09 13:05:17,20200.0,1000,Buy,230577862
2024-08-09 13:05:17,20200.0,500,Buy,230577863
2024-08-09 13:05:17,20200.0,100,Buy,230577864
2024-08-09 13:05:17,20200.0,500,Buy,230577865
2024-08-09 13:05:17,20200.0,500,Buy,230577866
2024-08-09 13:05:20,20200.0,2000,Buy,230577943
2024-08-09 13:05:26,20200.0,1000,Buy,230578103
2024-08-09 13:05:31,20200.0,1000,Buy,230578181
2024-08-09 13:05:32,20200.0,100,Buy,230578191
2024-08-09 13:05:39,20200.0,600,Buy,230578331
2024-08-09 13:05:39,20200.0,400,Buy,230578310
2024-08-09 13:05:39,20200.0,600,Buy,230578311
2024-08-09 13:05:39,20200.0,2800,Buy,230578330
2024-08-09 13:05:40,20200.0,100,Sell,230578350
2024-08-09 13:05:57,20200.0,500,Sell,230578793
2024-08-09 13:06:13,20200.0,100,Sell,230579172
2024-08-09 13:06:25,20200.0,100,Sell,230579424
2024-08-09 13:06:49,20200.0,100,Sell,230579854
2024-08-09 13:06:49,20200.0,300,Sell,230579855
2024-08-09 13:06:49,20200.0,800,Sell,230579853
2024-08-09 13:06:50,20250.0,2800,Buy,230579864
2024-08-09 13:06:50,20250.0,1000,Buy,230579865
2024-08-09 13:06:50,20250.0,100,Buy,230579866
2024-08-09 13:06:50,20250.0,100,Buy,230579867
2024-08-09 13:06:52,20250.0,4000,Buy,230579900
2024-08-09 13:06:59,20250.0,1000,Buy,230580034
2024-08-09 13:06:59,20250.0,900,Buy,230580032
2024-08-09 13:06:59,20250.0,5000,Buy,230580033
2024-08-09 13:07:16,20250.0,200,Sell,230580356
2024-08-09 13:07:18,20300.0,100,Buy,230580391
2024-08-09 13:07:18,20300.0,500,Buy,230580392
2024-08-09 13:07:18,20300.0,3400,Buy,230580393
2024-08-09 13:07:19,20250.0,100,Sell,230580425
2024-08-09 13:07:24,20300.0,500,Buy,230580570
2024-08-09 13:07:29,20300.0,5000,Buy,230580684
2024-08-09 13:07:29,20300.0,1100,Buy,230580681
2024-08-09 13:07:29,20300.0,500,Buy,230580682
2024-08-09 13:07:29,20300.0,100,Buy,230580683
2024-08-09 13:07:33,20350.0,1000,Buy,230580755
2024-08-09 13:07:33,20350.0,500,Buy,230580761
2024-08-09 13:07:33,20350.0,5000,Buy,230580760
2024-08-09 13:07:33,20350.0,2000,Buy,230580759
2024-08-09 13:07:33,20350.0,5000,Buy,230580758
2024-08-09 13:07:33,20350.0,500,Buy,230580757
2024-08-09 13:07:33,20350.0,100,Buy,230580756
2024-08-09 13:07:33,20350.0,100,Buy,230580754
2024-08-09 13:07:33,20350.0,500,Buy,230580752
2024-08-09 13:07:33,20350.0,1000,Buy,230580751
2024-08-09 13:07:33,20350.0,1000,Buy,230580750
2024-08-09 13:07:33,20350.0,500,Buy,230580749
2024-08-09 13:07:33,20350.0,100,Buy,230580748
2024-08-09 13:07:33,20350.0,2000,Buy,230580747
2024-08-09 13:07:33,20350.0,2400,Buy,230580746
2024-08-09 13:07:33,20350.0,1000,Buy,230580753
2024-08-09 13:07:42,20350.0,100,Sell,230580935
2024-08-09 13:07:49,20400.0,100,Buy,230581138
2024-08-09 13:07:49,20400.0,3000,Buy,230581139
2024-08-09 13:07:49,20400.0,100,Buy,230581140
2024-08-09 13:07:49,20400.0,500,Buy,230581141
2024-08-09 13:07:49,20400.0,300,Buy,230581142
2024-08-09 13:07:53,20400.0,500,Buy,230581207
2024-08-09 13:07:53,20400.0,200,Buy,230581206
2024-08-09 13:07:53,20400.0,800,Buy,230581208
2024-08-09 13:07:53,20400.0,5000,Buy,230581204
2024-08-09 13:07:53,20400.0,1400,Buy,230581203
2024-08-09 13:07:53,20400.0,300,Buy,230581186
2024-08-09 13:07:53,20400.0,1000,Buy,230581205
2024-08-09 13:07:55,20400.0,200,Buy,230581234
2024-08-09 13:07:55,20400.0,1800,Buy,230581235
2024-08-09 13:07:55,20400.0,100,Buy,230581236
2024-08-09 13:07:55,20400.0,1100,Buy,230581239
2024-08-09 13:07:55,20400.0,200,Buy,230581240
2024-08-09 13:07:55,20400.0,3700,Buy,230581241
2024-08-09 13:07:56,20400.0,1000,Buy,230581255
2024-08-09 13:07:56,20400.0,200,Buy,230581254
2024-08-09 13:07:56,20400.0,1300,Buy,230581252
2024-08-09 13:07:56,20400.0,100,Buy,230581253
2024-08-09 13:07:57,20400.0,100,Sell,230581288
2024-08-09 13:07:59,20400.0,100,Sell,230581346
2024-08-09 13:08:02,20400.0,300,Sell,230581417
2024-08-09 13:08:03,20450.0,200,Buy,230581433
2024-08-09 13:08:05,20450.0,300,Buy,230581538
2024-08-09 13:08:05,20450.0,100,Buy,230581539
2024-08-09 13:08:06,20450.0,100,Buy,230581559
2024-08-09 13:08:10,20450.0,200,Buy,230581630
2024-08-09 13:08:11,20450.0,300,Buy,230581662
2024-08-09 13:08:12,20450.0,200,Buy,230581667
2024-08-09 13:08:15,20450.0,200,Buy,230581746
2024-08-09 13:08:16,20450.0,400,Buy,230581780
2024-08-09 13:08:22,20450.0,2000,Buy,230581864
2024-08-09 13:08:26,20450.0,200,Buy,230581958
2024-08-09 13:08:26,20450.0,500,Buy,230581948
2024-08-09 13:08:26,20450.0,100,Buy,230581956
2024-08-09 13:08:26,20450.0,400,Buy,230581957
2024-08-09 13:08:27,20450.0,300,Buy,230581973
2024-08-09 13:08:27,20450.0,200,Buy,230581974
2024-08-09 13:08:28,20450.0,300,Buy,230581990
2024-08-09 13:08:28,20450.0,500,Buy,230581991
2024-08-09 13:08:28,20450.0,500,Buy,230581992
2024-08-09 13:08:28,20450.0,100,Buy,230581993
2024-08-09 13:08:28,20450.0,100,Buy,230581994
2024-08-09 13:08:28,20450.0,500,Buy,230581995
2024-08-09 13:08:28,20450.0,100,Buy,230582002
2024-08-09 13:08:32,20450.0,100,Sell,230582129
2024-08-09 13:08:34,20450.0,300,Sell,230582169
2024-08-09 13:08:34,20450.0,100,Sell,230582170
2024-08-09 13:08:41,20450.0,10000,Buy,230582317
2024-08-09 13:08:41,20450.0,900,Buy,230582309
2024-08-09 13:08:41,20450.0,1400,Sell,230582293
2024-08-09 13:08:41,20450.0,200,Sell,230582294
2024-08-09 13:08:41,20450.0,1500,Sell,230582295
2024-08-09 13:08:57,20400.0,100,Sell,230582752
2024-08-09 13:08:58,20500.0,100,Buy,230582801
2024-08-09 13:08:58,20500.0,300,Buy,230582793
2024-08-09 13:08:58,20500.0,500,Buy,230582798
2024-08-09 13:08:58,20500.0,100,Buy,230582797
2024-08-09 13:08:58,20500.0,200,Buy,230582796
2024-08-09 13:08:58,20500.0,300,Buy,230582795
2024-08-09 13:08:58,20500.0,500,Buy,230582794
2024-08-09 13:08:58,20500.0,100,Buy,230582792
2024-08-09 13:08:58,20500.0,7800,Buy,230582800
2024-08-09 13:08:58,20500.0,100,Buy,230582790
2024-08-09 13:08:58,20500.0,500,Buy,230582791
2024-08-09 13:08:58,20450.0,6000,Buy,230582782
2024-08-09 13:08:58,20450.0,10000,Buy,230582783
2024-08-09 13:08:58,20450.0,100,Buy,230582784
2024-08-09 13:08:58,20500.0,2000,Buy,230582799
2024-08-09 13:08:58,20450.0,300,Buy,230582786
2024-08-09 13:08:58,20500.0,5000,Buy,230582788
2024-08-09 13:08:58,20500.0,100,Buy,230582789
2024-08-09 13:08:58,20450.0,3000,Buy,230582785
2024-08-09 13:08:58,20450.0,200,Buy,230582787
2024-08-09 13:09:00,20500.0,1000,Sell,230582929
2024-08-09 13:09:00,20500.0,1300,Sell,230582930
2024-08-09 13:09:01,20500.0,6100,Sell,230582936
2024-08-09 13:09:02,20500.0,4400,Sell,230582952
2024-08-09 13:09:06,20500.0,300,Buy,230583092
2024-08-09 13:09:14,20500.0,100,Buy,230583302
2024-08-09 13:09:18,20450.0,100,Sell,230583392
2024-08-09 13:09:27,20500.0,100,Buy,230583582
2024-08-09 13:09:35,20450.0,400,Sell,230583817
2024-08-09 13:09:35,20450.0,900,Sell,230583813
2024-08-09 13:09:35,20450.0,500,Sell,230583814
2024-08-09 13:09:35,20450.0,100,Sell,230583815
2024-08-09 13:09:35,20450.0,100,Sell,230583816
2024-08-09 13:09:36,20450.0,5000,Sell,230583848
2024-08-09 13:09:37,20450.0,1000,Sell,230583861
2024-08-09 13:09:37,20450.0,6500,Sell,230583860
2024-08-09 13:09:37,20450.0,600,Sell,230583869
2024-08-09 13:09:37,20450.0,100,Sell,230583868
2024-08-09 13:09:37,20450.0,1000,Sell,230583867
2024-08-09 13:09:37,20450.0,100,Sell,230583862
2024-08-09 13:09:37,20450.0,200,Sell,230583865
2024-08-09 13:09:37,20450.0,100,Sell,230583864
2024-08-09 13:09:37,20450.0,300,Sell,230583863
2024-08-09 13:09:37,20450.0,2900,Sell,230583866
2024-08-09 13:09:40,20450.0,3000,Buy,230583926
2024-08-09 13:09:41,20500.0,200,Buy,230583949
2024-08-09 13:09:56,20450.0,900,Buy,230584669
2024-08-09 13:09:58,20450.0,200,Buy,230584699
2024-08-09 13:10:03,20450.0,1000,Buy,230584809
2024-08-09 13:10:05,20450.0,1000,Buy,230584849
2024-08-09 13:10:09,20400.0,5900,Sell,230584949
2024-08-09 13:10:15,20450.0,1000,Buy,230585091
2024-08-09 13:10:17,20400.0,1100,Sell,230585120
2024-08-09 13:10:17,20400.0,900,Sell,230585121
2024-08-09 13:10:25,20450.0,200,Buy,230585306
2024-08-09 13:10:30,20450.0,5000,Buy,230585469
2024-08-09 13:10:33,20450.0,100,Buy,230585532
2024-08-09 13:10:35,20400.0,900,Sell,230585550
2024-08-09 13:10:35,20400.0,100,Sell,230585549
2024-08-09 13:10:39,20400.0,500,Sell,230585646
2024-08-09 13:10:40,20400.0,700,Sell,230585679
2024-08-09 13:10:40,20400.0,500,Sell,230585678
2024-08-09 13:10:40,20400.0,2600,Sell,230585674
2024-08-09 13:10:40,20400.0,100,Sell,230585676
2024-08-09 13:10:40,20400.0,10000,Sell,230585675
2024-08-09 13:10:40,20400.0,100,Sell,230585677
2024-08-09 13:10:42,20400.0,300,Sell,230585718
2024-08-09 13:10:42,20400.0,3700,Sell,230585719
2024-08-09 13:10:43,20400.0,100,Sell,230585748
2024-08-09 13:10:43,20400.0,200,Sell,230585755
2024-08-09 13:10:43,20400.0,4900,Sell,230585756
2024-08-09 13:10:43,20400.0,300,Sell,230585757
2024-08-09 13:10:44,20400.0,600,Buy,230585766
2024-08-09 13:10:44,20400.0,300,Buy,230585771
2024-08-09 13:10:55,20400.0,300,Buy,230586044
2024-08-09 13:10:56,20400.0,100,Buy,230586063
2024-08-09 13:10:57,20400.0,200,Buy,230586094
2024-08-09 13:11:03,20350.0,500,Sell,230586209
2024-08-09 13:11:07,20350.0,4700,Sell,230586293
2024-08-09 13:11:14,20350.0,5000,Sell,230586487
2024-08-09 13:11:15,20350.0,17000,Sell,230586505
2024-08-09 13:11:15,20350.0,200,Sell,230586506
2024-08-09 13:11:15,20350.0,5500,Sell,230586507
2024-08-09 13:11:15,20350.0,200,Sell,230586508
2024-08-09 13:11:15,20350.0,5100,Sell,230586509
2024-08-09 13:11:18,20350.0,4900,Sell,230586579
2024-08-09 13:11:18,20350.0,200,Sell,230586586
2024-08-09 13:11:19,20350.0,500,Sell,230586617
2024-08-09 13:11:20,20350.0,100,Sell,230586630
2024-08-09 13:11:22,20350.0,100,Sell,230586658
2024-08-09 13:11:22,20350.0,200,Sell,230586659
2024-08-09 13:11:22,20350.0,200,Sell,230586657
2024-08-09 13:11:35,20350.0,300,Buy,230586868
2024-08-09 13:11:37,20350.0,4100,Buy,230586917
2024-08-09 13:11:40,20350.0,100,Buy,230587030
2024-08-09 13:11:40,20350.0,100,Buy,230587031
2024-08-09 13:11:48,20350.0,200,Buy,230587264
2024-08-09 13:11:57,20350.0,100,Buy,230587418
2024-08-09 13:11:58,20350.0,100,Buy,230587433
2024-08-09 13:11:58,20300.0,100,Sell,230587427
2024-08-09 13:12:03,20350.0,1000,Buy,230587566
2024-08-09 13:12:08,20350.0,500,Buy,230587657
2024-08-09 13:12:08,20350.0,500,Buy,230587658
2024-08-09 13:12:12,20350.0,100,Buy,230587740
2024-08-09 13:12:17,20350.0,100,Buy,230587825
2024-08-09 13:12:20,20350.0,100,Buy,230587863
2024-08-09 13:12:20,20350.0,100,Buy,230587864
2024-08-09 13:12:20,20350.0,2100,Buy,230587865
2024-08-09 13:12:20,20350.0,3000,Buy,230587866
2024-08-09 13:12:21,20350.0,10000,Sell,230587892
2024-08-09 13:12:23,20350.0,1000,Sell,230587922
2024-08-09 13:12:29,20350.0,700,Sell,230588044
2024-08-09 13:12:29,20350.0,100,Sell,230588045
2024-08-09 13:12:30,20350.0,500,Buy,230588062
2024-08-09 13:12:32,20350.0,400,Buy,230588087
2024-08-09 13:12:33,20350.0,4600,Sell,230588091
2024-08-09 13:12:37,20300.0,1000,Sell,230588196
2024-08-09 13:12:37,20350.0,300,Buy,230588179
2024-08-09 13:12:41,20350.0,1000,Buy,230588252
2024-08-09 13:12:43,20300.0,800,Sell,230588272
2024-08-09 13:12:54,20350.0,1000,Buy,230588469
2024-08-09 13:12:54,20350.0,200,Buy,230588470
2024-08-09 13:13:01,20300.0,100,Sell,230588662
2024-08-09 13:13:03,20300.0,1300,Sell,230588705
2024-08-09 13:13:03,20300.0,500,Sell,230588706
2024-08-09 13:13:03,20300.0,5800,Sell,230588707
2024-08-09 13:13:03,20300.0,1000,Sell,230588708
2024-08-09 13:13:03,20300.0,500,Sell,230588709
2024-08-09 13:13:03,20300.0,1000,Sell,230588711
2024-08-09 13:13:03,20300.0,1200,Sell,230588712
2024-08-09 13:13:03,20300.0,200,Sell,230588713
2024-08-09 13:13:03,20300.0,100,Sell,230588714
2024-08-09 13:13:03,20300.0,500,Sell,230588715
2024-08-09 13:13:03,20300.0,100,Sell,230588710
2024-08-09 13:13:06,20300.0,10000,Buy,230588781
2024-08-09 13:13:10,20300.0,500,Buy,230588880
2024-08-09 13:13:12,20300.0,100,Buy,230588898
2024-08-09 13:13:19,20300.0,200,Buy,230589092
2024-08-09 13:13:22,20250.0,1000,Sell,230589198
2024-08-09 13:13:22,20250.0,2000,Sell,230589146
2024-08-09 13:13:23,20250.0,100,Sell,230589212
2024-08-09 13:13:23,20250.0,1000,Sell,230589217
2024-08-09 13:13:23,20250.0,200,Sell,230589216
2024-08-09 13:13:23,20250.0,1000,Sell,230589211
2024-08-09 13:13:23,20250.0,100,Sell,230589214
2024-08-09 13:13:23,20250.0,300,Sell,230589213
2024-08-09 13:13:23,20250.0,100,Sell,230589215
2024-08-09 13:13:25,20250.0,2200,Buy,230589269
2024-08-09 13:13:27,20300.0,100,Buy,230589299
2024-08-09 13:13:33,20250.0,800,Sell,230589427
2024-08-09 13:13:33,20250.0,100,Sell,230589428
2024-08-09 13:13:33,20200.0,500,Sell,230589429
2024-08-09 13:13:33,20200.0,200,Sell,230589430
2024-08-09 13:13:33,20200.0,100,Sell,230589431
2024-08-09 13:13:33,20200.0,500,Sell,230589432
2024-08-09 13:13:33,20200.0,200,Sell,230589433
2024-08-09 13:13:33,20200.0,2100,Sell,230589434
2024-08-09 13:13:47,20200.0,100,Sell,230589690
2024-08-09 13:13:50,20200.0,500,Sell,230589764
2024-08-09 13:13:50,20250.0,500,Sell,230589763
2024-08-09 13:13:56,20250.0,100,Sell,230589973
2024-08-09 13:13:56,20200.0,100,Sell,230589981
2024-08-09 13:13:56,20200.0,200,Sell,230589980
2024-08-09 13:13:56,20200.0,1000,Sell,230589979
2024-08-09 13:13:56,20200.0,2800,Sell,230589982
2024-08-09 13:13:56,20200.0,100,Sell,230589977
2024-08-09 13:13:56,20200.0,100,Sell,230589976
2024-08-09 13:13:56,20200.0,100,Sell,230589975
2024-08-09 13:13:56,20200.0,200,Sell,230589978
2024-08-09 13:13:56,20200.0,1300,Sell,230589974
2024-08-09 13:14:00,20200.0,19400,Sell,230590117
2024-08-09 13:14:00,20200.0,100,Sell,230590118
2024-08-09 13:14:14,20150.0,2000,Sell,230590481
2024-08-09 13:14:16,20200.0,500,Buy,230590496
2024-08-09 13:14:16,20200.0,2000,Buy,230590497
2024-08-09 13:14:25,20200.0,1000,Sell,230590698
2024-08-09 13:14:29,20200.0,1000,Sell,230590793
2024-08-09 13:14:34,20200.0,900,Sell,230590865
2024-08-09 13:14:36,20200.0,200,Sell,230590985
2024-08-09 13:14:36,20250.0,100,Buy,230590982
2024-08-09 13:14:43,20200.0,900,Sell,230591148
2024-08-09 13:14:46,20200.0,1000,Sell,230591183
2024-08-09 13:14:51,20200.0,1000,Sell,230591329
2024-08-09 13:14:53,20200.0,200,Sell,230591368
2024-08-09 13:14:57,20300.0,300,Buy,230591464
2024-08-09 13:14:57,20300.0,1100,Buy,230591465
2024-08-09 13:14:58,20200.0,1100,Sell,230591506
2024-08-09 13:14:59,20200.0,200,Sell,230591559
2024-08-09 13:14:59,20200.0,700,Sell,230591560
2024-08-09 13:15:09,20200.0,300,Sell,230591718
2024-08-09 13:15:09,20200.0,600,Sell,230591719
2024-08-09 13:15:11,20200.0,5000,Sell,230591818
2024-08-09 13:15:18,20200.0,900,Sell,230592007
2024-08-09 13:15:20,20200.0,4100,Sell,230592098
2024-08-09 13:15:22,20300.0,600,Buy,230592149
2024-08-09 13:15:22,20300.0,400,Buy,230592150
2024-08-09 13:15:23,20200.0,500,Sell,230592155
2024-08-09 13:15:25,20200.0,5000,Sell,230592244
2024-08-09 13:15:27,20200.0,1000,Sell,230592287
2024-08-09 13:15:32,20200.0,400,Sell,230592438
2024-08-09 13:15:32,20250.0,500,Sell,230592437
2024-08-09 13:15:35,20200.0,900,Sell,230592537
2024-08-09 13:15:42,20200.0,500,Sell,230592759
2024-08-09 13:15:44,20200.0,900,Sell,230592807
2024-08-09 13:15:44,20200.0,200,Sell,230592812
2024-08-09 13:15:44,20200.0,800,Sell,230592813
2024-08-09 13:15:48,20200.0,200,Sell,230592998
2024-08-09 13:15:50,20200.0,1500,Sell,230593047
2024-08-09 13:15:53,20250.0,500,Sell,230593121
2024-08-09 13:15:53,20200.0,1000,Sell,230593122
2024-08-09 13:15:54,20200.0,2500,Sell,230593149
2024-08-09 13:16:02,20200.0,100,Sell,230593276
2024-08-09 13:16:02,20200.0,100,Sell,230593277
2024-08-09 13:16:02,20200.0,600,Sell,230593278
2024-08-09 13:16:02,20200.0,100,Sell,230593275
2024-08-09 13:16:11,20200.0,900,Sell,230593579
2024-08-09 13:16:19,20200.0,1000,Sell,230593756
2024-08-09 13:16:26,20200.0,100,Sell,230593931
2024-08-09 13:16:28,20200.0,300,Sell,230593981
2024-08-09 13:16:28,20200.0,200,Sell,230593980
2024-08-09 13:16:28,20200.0,400,Sell,230593976
2024-08-09 13:16:37,20200.0,100,Sell,230594191
2024-08-09 13:16:37,20200.0,700,Sell,230594189
2024-08-09 13:16:37,20200.0,100,Sell,230594190
2024-08-09 13:16:38,20200.0,500,Sell,230594296
2024-08-09 13:16:45,20250.0,2000,Buy,230594434
2024-08-09 13:16:56,20250.0,3000,Buy,230594670
2024-08-09 13:16:56,20250.0,900,Buy,230594671
2024-08-09 13:16:56,20250.0,1000,Buy,230594672
2024-08-09 13:16:56,20250.0,100,Sell,230594673
2024-08-09 13:17:01,20250.0,400,Buy,230594765
2024-08-09 13:17:03,20250.0,900,Sell,230594843
2024-08-09 13:17:07,20250.0,500,Sell,230594934
2024-08-09 13:17:12,20250.0,900,Sell,230595097
2024-08-09 13:17:13,20250.0,2300,Sell,230595123
2024-08-09 13:17:13,20250.0,900,Buy,230595153
2024-08-09 13:17:14,20250.0,3100,Sell,230595198
2024-08-09 13:17:17,20250.0,100,Buy,230595286
2024-08-09 13:17:21,20250.0,1000,Sell,230595375
2024-08-09 13:17:22,20250.0,3000,Sell,230595416
2024-08-09 13:17:30,20250.0,900,Sell,230595736
2024-08-09 13:17:31,20250.0,1000,Sell,230595783
2024-08-09 13:17:31,20250.0,100,Sell,230595784
2024-08-09 13:17:31,20250.0,100,Sell,230595785
2024-08-09 13:17:31,20250.0,100,Sell,230595782
2024-08-09 13:17:34,20250.0,500,Buy,230595835
2024-08-09 13:17:46,20250.0,100,Buy,230596223
2024-08-09 13:17:46,20200.0,100,Sell,230596224
2024-08-09 13:17:47,20200.0,1000,Sell,230596262
2024-08-09 13:17:50,20250.0,300,Buy,230596395
2024-08-09 13:17:50,20250.0,3000,Buy,230596394
2024-08-09 13:17:50,20250.0,400,Buy,230596392
2024-08-09 13:17:50,20250.0,900,Buy,230596393
2024-08-09 13:17:54,20250.0,300,Buy,230596469
2024-08-09 13:17:57,20250.0,700,Buy,230596541
2024-08-09 13:17:57,20250.0,300,Buy,230596542
2024-08-09 13:18:00,20250.0,600,Buy,230596602
2024-08-09 13:18:00,20250.0,1400,Buy,230596603
2024-08-09 13:18:01,20250.0,500,Buy,230596631
2024-08-09 13:18:09,20250.0,300,Buy,230596798
2024-08-09 13:18:09,20250.0,500,Buy,230596797
2024-08-09 13:18:09,20250.0,200,Buy,230596796
2024-08-09 13:18:10,20250.0,100,Buy,230596818
2024-08-09 13:18:10,20250.0,900,Buy,230596819
2024-08-09 13:18:13,20250.0,900,Buy,230596890
2024-08-09 13:18:14,20250.0,900,Sell,230596906
2024-08-09 13:18:23,20250.0,1000,Sell,230597283
2024-08-09 13:18:29,20250.0,2500,Sell,230597452
2024-08-09 13:18:29,20300.0,100,Buy,230597465
2024-08-09 13:18:29,20300.0,200,Buy,230597466
2024-08-09 13:18:29,20300.0,200,Buy,230597467
2024-08-09 13:18:32,20250.0,2000,Sell,230597550
2024-08-09 13:18:40,20250.0,900,Sell,230597884
2024-08-09 13:18:41,20250.0,1800,Sell,230597921
2024-08-09 13:18:41,20250.0,100,Sell,230597922
2024-08-09 13:18:41,20250.0,100,Sell,230597923
2024-08-09 13:18:48,20250.0,600,Sell,230598214
2024-08-09 13:18:50,20250.0,400,Buy,230598252
2024-08-09 13:18:50,20250.0,600,Buy,230598253
2024-08-09 13:18:52,20250.0,3000,Buy,230598311
2024-08-09 13:18:58,20250.0,900,Sell,230598464
2024-08-09 13:18:59,20250.0,1000,Sell,230598481
2024-08-09 13:18:59,20250.0,100,Sell,230598480
2024-08-09 13:19:02,20250.0,300,Buy,230598613
2024-08-09 13:19:02,20250.0,3000,Buy,230598614
2024-08-09 13:19:02,20250.0,200,Buy,230598615
2024-08-09 13:19:14,20250.0,900,Buy,230598891
2024-08-09 13:19:15,20250.0,1000,Sell,230598922
2024-08-09 13:19:22,20250.0,6000,Sell,230599189
2024-08-09 13:19:24,20250.0,2000,Sell,230599284
2024-08-09 13:19:24,20250.0,900,Sell,230599268
2024-08-09 13:19:33,20250.0,900,Sell,230599654
2024-08-09 13:19:41,20250.0,1000,Sell,230599867
2024-08-09 13:19:42,20250.0,900,Sell,230599939
2024-08-09 13:19:42,20250.0,5000,Sell,230599940
2024-08-09 13:19:48,20250.0,500,Sell,230600093
2024-08-09 13:19:51,20250.0,900,Sell,230600176
2024-08-09 13:19:51,20250.0,100,Sell,230600177
2024-08-09 13:19:59,20250.0,500,Sell,230600643
2024-08-09 13:19:59,20250.0,200,Sell,230600642
2024-08-09 13:19:59,20250.0,100,Sell,230600641
2024-08-09 13:19:59,20250.0,200,Sell,230600640
2024-08-09 13:20:06,20300.0,300,Buy,230600992
2024-08-09 13:20:25,20300.0,900,Buy,230601790
2024-08-09 13:20:35,20300.0,3000,Buy,230602089
2024-08-09 13:20:41,20300.0,1300,Buy,230602346
2024-08-09 13:20:41,20300.0,5600,Buy,230602340
2024-08-09 13:20:41,20300.0,100,Buy,230602341
2024-08-09 13:20:41,20300.0,700,Buy,230602345
2024-08-09 13:20:46,20300.0,2000,Buy,230602462
2024-08-09 13:20:46,20300.0,200,Buy,230602463
2024-08-09 13:20:46,20300.0,1000,Buy,230602464
2024-08-09 13:20:46,20300.0,1500,Buy,230602465
2024-08-09 13:20:46,20300.0,100,Buy,230602466
2024-08-09 13:20:46,20300.0,200,Buy,230602460
2024-08-09 13:20:49,20300.0,800,Buy,230602560
2024-08-09 13:20:49,20300.0,200,Buy,230602561
2024-08-09 13:20:50,20300.0,200,Buy,230602594
2024-08-09 13:20:51,20300.0,1000,Buy,230602606
2024-08-09 13:20:51,20300.0,900,Buy,230602601
2024-08-09 13:20:51,20300.0,900,Buy,230602602
2024-08-09 13:20:51,20300.0,900,Buy,230602603
2024-08-09 13:20:51,20300.0,200,Buy,230602604
2024-08-09 13:20:51,20300.0,900,Buy,230602605
2024-08-09 13:20:52,20300.0,900,Sell,230602628
2024-08-09 13:21:01,20300.0,900,Sell,230603096
2024-08-09 13:21:08,20300.0,100,Sell,230603439
2024-08-09 13:21:10,20300.0,900,Sell,230603486
2024-08-09 13:21:11,20350.0,300,Buy,230603517
2024-08-09 13:21:11,20350.0,700,Buy,230603518
2024-08-09 13:21:25,20350.0,1000,Buy,230603947
2024-08-09 13:21:27,20350.0,1000,Buy,230604018
2024-08-09 13:21:39,20350.0,1900,Buy,230604491
2024-08-09 13:21:40,20350.0,500,Buy,230604552
2024-08-09 13:21:41,20350.0,800,Buy,230604572
2024-08-09 13:21:46,20350.0,1400,Buy,230604710
2024-08-09 13:21:46,20350.0,100,Buy,230604711
2024-08-09 13:21:46,20350.0,1000,Buy,230604712
2024-08-09 13:21:46,20350.0,700,Buy,230604713
2024-08-09 13:21:50,20350.0,100,Buy,230604900
2024-08-09 13:21:51,20350.0,100,Buy,230604927
2024-08-09 13:22:00,20350.0,200,Buy,230605248
2024-08-09 13:22:08,20300.0,200,Sell,230605487
2024-08-09 13:22:08,20300.0,1200,Sell,230605486
2024-08-09 13:22:08,20300.0,600,Sell,230605485
2024-08-09 13:22:11,20300.0,800,Sell,230605562
2024-08-09 13:22:11,20300.0,100,Sell,230605563
2024-08-09 13:22:14,20350.0,100,Buy,230605728
2024-08-09 13:22:24,20300.0,100,Sell,230606231
2024-08-09 13:22:24,20300.0,400,Sell,230606230
2024-08-09 13:22:25,20350.0,8800,Buy,230606242
2024-08-09 13:22:25,20350.0,300,Buy,230606243
2024-08-09 13:22:25,20350.0,900,Buy,230606244
2024-08-09 13:22:25,20350.0,1000,Buy,230606245
2024-08-09 13:22:25,20350.0,900,Buy,230606246
2024-08-09 13:22:25,20350.0,100,Buy,230606248
2024-08-09 13:22:25,20350.0,900,Buy,230606249
2024-08-09 13:22:25,20350.0,900,Buy,230606250
2024-08-09 13:22:25,20350.0,3900,Buy,230606251
2024-08-09 13:22:25,20350.0,900,Buy,230606252
2024-08-09 13:22:25,20350.0,1000,Buy,230606253
2024-08-09 13:22:25,20350.0,5000,Buy,230606247
2024-08-09 13:22:29,20350.0,900,Sell,230606676
2024-08-09 13:22:38,20400.0,500,Buy,230606958
2024-08-09 13:22:38,20400.0,2000,Buy,230606957
2024-08-09 13:22:38,20350.0,900,Sell,230606955
2024-08-09 13:22:46,20400.0,100,Buy,230607415
2024-08-09 13:22:49,20400.0,2400,Buy,230607535
2024-08-09 13:22:49,20400.0,2600,Buy,230607536
2024-08-09 13:22:50,20400.0,1900,Buy,230607545
2024-08-09 13:22:52,20400.0,1000,Buy,230607631
2024-08-09 13:23:05,20350.0,10900,Sell,230607957
2024-08-09 13:23:07,20350.0,5000,Sell,230608045
2024-08-09 13:23:07,20350.0,3000,Sell,230608078
2024-08-09 13:23:08,20400.0,1000,Buy,230608096
2024-08-09 13:23:08,20350.0,4700,Sell,230608120
2024-08-09 13:23:08,20350.0,400,Sell,230608121
2024-08-09 13:23:10,20350.0,300,Buy,230608190
2024-08-09 13:23:18,20350.0,900,Buy,230608483
2024-08-09 13:23:18,20400.0,1400,Buy,230608484
2024-08-09 13:23:36,20350.0,200,Buy,230609042
2024-08-09 13:24:00,20350.0,300,Buy,230609831
2024-08-09 13:24:00,20350.0,2700,Buy,230609832
2024-08-09 13:24:04,20350.0,1000,Buy,230609984
2024-08-09 13:24:10,20350.0,3700,Buy,230610134
2024-08-09 13:24:10,20350.0,1300,Buy,230610133
2024-08-09 13:24:23,20350.0,900,Buy,230610495
2024-08-09 13:24:23,20350.0,1000,Buy,230610496
2024-08-09 13:24:23,20350.0,900,Buy,230610497
2024-08-09 13:24:23,20350.0,1000,Buy,230610498
2024-08-09 13:24:23,20350.0,600,Buy,230610499
2024-08-09 13:24:23,20350.0,600,Buy,230610494
2024-08-09 13:24:26,20350.0,300,Buy,230610603
2024-08-09 13:24:26,20350.0,300,Buy,230610605
2024-08-09 13:24:26,20350.0,900,Buy,230610604
2024-08-09 13:24:34,20350.0,600,Buy,230610796
2024-08-09 13:24:34,20350.0,400,Buy,230610797
2024-08-09 13:24:37,20300.0,400,Sell,230610915
2024-08-09 13:24:37,20300.0,100,Sell,230610916
2024-08-09 13:24:37,20300.0,2500,Sell,230610917
2024-08-09 13:24:37,20350.0,600,Buy,230610921
2024-08-09 13:24:38,20350.0,400,Sell,230610942
2024-08-09 13:24:40,20350.0,100,Buy,230611045
2024-08-09 13:24:46,20350.0,200,Buy,230611208
2024-08-09 13:24:55,20350.0,1000,Buy,230611557
2024-08-09 13:24:55,20350.0,2600,Buy,230611542
2024-08-09 13:24:55,20350.0,200,Buy,230611524
2024-08-09 13:24:55,20350.0,900,Buy,230611540
2024-08-09 13:24:55,20350.0,500,Buy,230611539
2024-08-09 13:24:55,20350.0,1000,Buy,230611541
2024-08-09 13:24:59,20350.0,900,Buy,230611677
2024-08-09 13:24:59,20350.0,100,Buy,230611678
2024-08-09 13:25:08,20350.0,500,Buy,230611994
2024-08-09 13:25:12,20350.0,100,Buy,230612296
2024-08-09 13:25:13,20350.0,100,Buy,230612319
2024-08-09 13:25:15,20350.0,200,Buy,230612411
2024-08-09 13:25:15,20350.0,300,Buy,230612412
2024-08-09 13:25:19,20350.0,100,Buy,230612517
2024-08-09 13:25:20,20350.0,200,Buy,230612581
2024-08-09 13:25:39,20350.0,1500,Buy,230613292
2024-08-09 13:25:40,20350.0,300,Buy,230613354
2024-08-09 13:25:40,20350.0,900,Buy,230613353
2024-08-09 13:25:40,20350.0,1800,Buy,230613352
2024-08-09 13:25:43,20350.0,1000,Buy,230613419
2024-08-09 13:26:01,20350.0,700,Buy,230613974
2024-08-09 13:26:01,20350.0,1000,Buy,230613975
2024-08-09 13:26:01,20350.0,2000,Buy,230613976
2024-08-09 13:26:01,20350.0,500,Buy,230613977
2024-08-09 13:26:01,20350.0,900,Buy,230613978
2024-08-09 13:26:01,20350.0,100,Buy,230613979
2024-08-09 13:26:01,20350.0,500,Buy,230613980
2024-08-09 13:26:10,20350.0,600,Buy,230614274
2024-08-09 13:26:10,20350.0,1000,Buy,230614273
2024-08-09 13:26:10,20350.0,1000,Buy,230614272
2024-08-09 13:26:10,20350.0,900,Buy,230614271
2024-08-09 13:26:10,20350.0,1500,Buy,230614270
2024-08-09 13:26:20,20350.0,300,Buy,230614585
2024-08-09 13:26:34,20350.0,500,Buy,230615037
2024-08-09 13:26:34,20350.0,500,Buy,230615038
2024-08-09 13:26:37,20350.0,200,Buy,230615135
2024-08-09 13:26:37,20350.0,500,Buy,230615134
2024-08-09 13:26:37,20350.0,1000,Buy,230615133
2024-08-09 13:26:37,20350.0,1000,Buy,230615132
2024-08-09 13:26:37,20350.0,500,Buy,230615131
2024-08-09 13:26:37,20350.0,900,Buy,230615127
2024-08-09 13:26:37,20350.0,1200,Buy,230615129
2024-08-09 13:26:37,20350.0,900,Buy,230615128
2024-08-09 13:26:37,20350.0,900,Buy,230615126
2024-08-09 13:26:37,20350.0,7800,Buy,230615125
2024-08-09 13:26:37,20350.0,100,Buy,230615130
2024-08-09 13:26:40,20350.0,100,Buy,230615251
2024-08-09 13:26:40,20350.0,900,Buy,230615252
2024-08-09 13:26:40,20350.0,900,Buy,230615253
2024-08-09 13:26:40,20350.0,1900,Buy,230615254
2024-08-09 13:26:40,20350.0,1000,Buy,230615255
2024-08-09 13:26:41,20350.0,200,Buy,230615260
2024-08-09 13:27:02,20350.0,100,Buy,230615863
2024-08-09 13:27:12,20300.0,100,Sell,230616160
2024-08-09 13:27:12,20300.0,1000,Sell,230616159
2024-08-09 13:27:12,20300.0,2100,Sell,230616161
2024-08-09 13:27:12,20300.0,200,Sell,230616157
2024-08-09 13:27:12,20300.0,5000,Sell,230616158
2024-08-09 13:27:12,20300.0,2500,Sell,230616156
2024-08-09 13:27:19,20300.0,400,Sell,230616345
2024-08-09 13:27:19,20300.0,900,Sell,230616332
2024-08-09 13:27:19,20300.0,100,Sell,230616333
2024-08-09 13:27:20,20300.0,1000,Sell,230616377
2024-08-09 13:27:20,20300.0,200,Sell,230616374
2024-08-09 13:27:20,20300.0,600,Sell,230616373
2024-08-09 13:27:20,20300.0,1000,Sell,230616372
2024-08-09 13:27:20,20300.0,100,Sell,230616371
2024-08-09 13:27:20,20300.0,900,Sell,230616350
2024-08-09 13:27:20,20300.0,1000,Sell,230616369
2024-08-09 13:27:20,20300.0,900,Sell,230616368
2024-08-09 13:27:20,20300.0,200,Sell,230616367
2024-08-09 13:27:20,20300.0,1300,Sell,230616366
2024-08-09 13:27:20,20300.0,8600,Sell,230616365
2024-08-09 13:27:20,20300.0,200,Sell,230616370
2024-08-09 13:27:28,20300.0,200,Buy,230616557
2024-08-09 13:27:33,20300.0,100,Buy,230616717
2024-08-09 13:27:41,20300.0,100,Buy,230616930
2024-08-09 13:27:51,20300.0,500,Buy,230617226
2024-08-09 13:27:51,20300.0,1000,Buy,230617227
2024-08-09 13:27:51,20300.0,900,Buy,230617228
2024-08-09 13:27:55,20300.0,900,Sell,230617376
2024-08-09 13:28:00,20300.0,1700,Sell,230617542
2024-08-09 13:28:00,20300.0,200,Sell,230617543
2024-08-09 13:28:02,20300.0,6100,Buy,230617593
2024-08-09 13:28:03,20300.0,500,Sell,230617623
2024-08-09 13:28:04,20300.0,900,Sell,230617637
2024-08-09 13:28:12,20300.0,900,Sell,230617836
2024-08-09 13:28:14,20300.0,10000,Sell,230617891
2024-08-09 13:28:21,20300.0,600,Sell,230618061
2024-08-09 13:28:21,20300.0,300,Sell,230618062
2024-08-09 13:28:29,20300.0,700,Sell,230618358
2024-08-09 13:28:29,20300.0,2300,Sell,230618359
2024-08-09 13:28:30,20300.0,900,Sell,230618383
2024-08-09 13:28:39,20300.0,900,Sell,230618693
2024-08-09 13:28:48,20300.0,800,Sell,230618983
2024-08-09 13:28:56,20300.0,100,Sell,230619263
2024-08-09 13:28:56,20300.0,500,Sell,230619264
2024-08-09 13:28:56,20300.0,200,Sell,230619265
2024-08-09 13:29:05,20300.0,800,Sell,230619588
2024-08-09 13:29:13,20300.0,400,Sell,230619890
2024-08-09 13:29:13,20300.0,200,Sell,230619889
2024-08-09 13:29:13,20300.0,400,Sell,230619888
2024-08-09 13:29:14,20300.0,800,Sell,230619904
2024-08-09 13:29:15,20300.0,500,Sell,230619963
2024-08-09 13:29:22,20300.0,900,Sell,230620202
2024-08-09 13:29:22,20300.0,5000,Sell,230620164
2024-08-09 13:29:27,20300.0,1000,Sell,230620355
2024-08-09 13:29:29,20350.0,500,Buy,230620435
2024-08-09 13:29:36,20350.0,100,Buy,230620627
2024-08-09 13:29:36,20350.0,100,Buy,230620628
2024-08-09 13:29:36,20350.0,300,Buy,230620629
2024-08-09 13:30:23,20300.0,1400,Sell,230622284
2024-08-09 13:30:23,20300.0,7900,Sell,230622285
2024-08-09 13:30:23,20300.0,700,Sell,230622286
2024-08-09 13:30:24,20300.0,500,Sell,230622313
2024-08-09 13:30:24,20300.0,200,Sell,230622312
2024-08-09 13:30:24,20300.0,100,Sell,230622314
2024-08-09 13:30:24,20300.0,200,Sell,230622310
2024-08-09 13:30:24,20300.0,200,Sell,230622309
2024-08-09 13:30:24,20300.0,200,Sell,230622311
2024-08-09 13:30:24,20300.0,100,Sell,230622308
2024-08-09 13:30:42,20300.0,100,Buy,230622893
2024-08-09 13:30:43,20300.0,2800,Buy,230622937
2024-08-09 13:30:53,20300.0,1200,Buy,230623246
2024-08-09 13:30:53,20300.0,800,Buy,230623247
2024-08-09 13:30:53,20300.0,4900,Buy,230623248
2024-08-09 13:30:53,20300.0,300,Buy,230623249
2024-08-09 13:30:53,20300.0,800,Buy,230623250
2024-08-09 13:30:53,20300.0,100,Buy,230623252
2024-08-09 13:30:53,20300.0,200,Buy,230623253
2024-08-09 13:30:53,20300.0,800,Buy,230623254
2024-08-09 13:30:53,20300.0,500,Buy,230623255
2024-08-09 13:30:53,20300.0,4600,Buy,230623256
2024-08-09 13:30:53,20300.0,900,Buy,230623257
2024-08-09 13:30:53,20300.0,300,Buy,230623251
2024-08-09 13:31:00,20300.0,300,Buy,230623570
2024-08-09 13:31:00,20300.0,400,Sell,230623557
2024-08-09 13:31:00,20300.0,100,Buy,230623561
2024-08-09 13:31:01,20300.0,200,Sell,230623589
2024-08-09 13:31:17,20300.0,1000,Buy,230624317
2024-08-09 13:31:22,20300.0,100,Buy,230624514
2024-08-09 13:31:26,20300.0,100,Buy,230624774
2024-08-09 13:31:27,20300.0,500,Buy,230624788
2024-08-09 13:31:37,20300.0,2100,Buy,230625137
2024-08-09 13:31:37,20300.0,3300,Buy,230625135
2024-08-09 13:31:37,20300.0,800,Buy,230625136
2024-08-09 13:31:42,20250.0,2000,Sell,230625338
2024-08-09 13:31:42,20250.0,100,Sell,230625339
2024-08-09 13:31:42,20250.0,3500,Sell,230625340
2024-08-09 13:31:44,20250.0,800,Sell,230625372
2024-08-09 13:31:46,20300.0,1800,Buy,230625474
2024-08-09 13:31:47,20300.0,200,Buy,230625497
2024-08-09 13:31:47,20300.0,500,Buy,230625498
2024-08-09 13:32:09,20250.0,3200,Sell,230626625
2024-08-09 13:32:10,20250.0,800,Sell,230626649
2024-08-09 13:32:11,20300.0,300,Buy,230626698
2024-08-09 13:32:11,20300.0,1700,Buy,230626699
2024-08-09 13:32:11,20250.0,100,Sell,230626711
2024-08-09 13:32:12,20300.0,500,Buy,230626729
2024-08-09 13:32:19,20300.0,2000,Buy,230626950
2024-08-09 13:32:25,20300.0,300,Buy,230627477
2024-08-09 13:32:25,20300.0,800,Buy,230627476
2024-08-09 13:32:25,20300.0,800,Buy,230627474
2024-08-09 13:32:25,20300.0,3000,Buy,230627475
2024-08-09 13:32:26,20300.0,100,Buy,230627480
2024-08-09 13:32:31,20300.0,800,Buy,230627836
2024-08-09 13:32:31,20300.0,4100,Buy,230627837
2024-08-09 13:32:47,20300.0,100,Buy,230628602
2024-08-09 13:32:53,20300.0,1000,Buy,230628870
2024-08-09 13:32:53,20300.0,400,Buy,230628871
2024-08-09 13:32:53,20300.0,800,Buy,230628865
2024-08-09 13:32:53,20300.0,800,Buy,230628869
2024-08-09 13:32:55,20300.0,200,Buy,230628966
2024-08-09 13:33:02,20300.0,200,Buy,230629305
2024-08-09 13:33:02,20300.0,200,Buy,230629306
2024-08-09 13:33:02,20300.0,500,Buy,230629307
2024-08-09 13:33:02,20300.0,100,Buy,230629308
2024-08-09 13:33:03,20300.0,100,Buy,230629345
2024-08-09 13:33:04,20300.0,300,Buy,230629372
2024-08-09 13:33:14,20300.0,100,Buy,230629833
2024-08-09 13:33:14,20300.0,400,Buy,230629802
2024-08-09 13:33:14,20300.0,800,Buy,230629801
2024-08-09 13:33:14,20300.0,400,Buy,230629799
2024-08-09 13:33:14,20300.0,800,Buy,230629800
2024-08-09 13:33:32,20300.0,700,Buy,230630949
2024-08-09 13:33:32,20300.0,300,Buy,230630948
2024-08-09 13:33:33,20300.0,100,Buy,230630981
2024-08-09 13:33:36,20300.0,1100,Buy,230631137
2024-08-09 13:33:36,20300.0,5000,Buy,230631138
2024-08-09 13:33:36,20300.0,800,Buy,230631139
2024-08-09 13:33:36,20300.0,900,Buy,230631140
2024-08-09 13:33:36,20300.0,2000,Buy,230631141
2024-08-09 13:33:36,20300.0,800,Buy,230631142
2024-08-09 13:33:36,20300.0,800,Buy,230631144
2024-08-09 13:33:36,20300.0,800,Buy,230631143
2024-08-09 13:33:40,20300.0,800,Sell,230631315
2024-08-09 13:33:47,20300.0,900,Sell,230631587
2024-08-09 13:33:55,20300.0,800,Sell,230632099
2024-08-09 13:33:58,20300.0,1000,Sell,230632217
2024-08-09 13:34:04,20300.0,800,Sell,230632439
2024-08-09 13:34:13,20300.0,800,Sell,230632811
2024-08-09 13:34:23,20300.0,800,Sell,230633200
2024-08-09 13:34:28,20350.0,100,Buy,230633432
2024-08-09 13:34:34,20350.0,100,Buy,230633663
2024-08-09 13:34:40,20350.0,100,Buy,230633907
2024-08-09 13:34:44,20300.0,100,Sell,230634274
2024-08-09 13:34:45,20350.0,300,Buy,230634291
2024-08-09 13:34:45,20350.0,1000,Buy,230634292
2024-08-09 13:34:45,20350.0,400,Buy,230634293
2024-08-09 13:34:48,20350.0,100,Buy,230634458
2024-08-09 13:34:57,20300.0,20000,Sell,230634865
2024-08-09 13:35:06,20300.0,800,Sell,230635304
2024-08-09 13:35:12,20350.0,300,Buy,230635656
2024-08-09 13:35:29,20350.0,100,Buy,230636444
2024-08-09 13:35:29,20350.0,100,Buy,230636445
2024-08-09 13:35:29,20350.0,900,Buy,230636446
2024-08-09 13:35:29,20350.0,200,Buy,230636447
2024-08-09 13:35:29,20350.0,700,Buy,230636448
2024-08-09 13:35:32,20300.0,5000,Sell,230636591
2024-08-09 13:35:42,20300.0,800,Sell,230636945
2024-08-09 13:35:44,20350.0,5200,Buy,230637029
2024-08-09 13:35:44,20350.0,500,Buy,230637028
2024-08-09 13:35:44,20350.0,9300,Buy,230637026
2024-08-09 13:35:49,20350.0,3000,Buy,230637223
2024-08-09 13:35:49,20350.0,800,Buy,230637234
2024-08-09 13:35:49,20350.0,2000,Buy,230637233
2024-08-09 13:35:49,20350.0,2800,Buy,230637222
2024-08-09 13:35:49,20350.0,1000,Buy,230637230
2024-08-09 13:35:49,20350.0,800,Buy,230637229
2024-08-09 13:35:49,20350.0,900,Buy,230637232
2024-08-09 13:35:49,20350.0,800,Buy,230637227
2024-08-09 13:35:49,20350.0,1000,Buy,230637226
2024-08-09 13:35:49,20350.0,800,Buy,230637225
2024-08-09 13:35:49,20350.0,800,Buy,230637224
2024-08-09 13:35:49,20350.0,100,Buy,230637228
2024-08-09 13:35:49,20350.0,200,Buy,230637231
2024-08-09 13:35:54,20350.0,1000,Buy,230637432
2024-08-09 13:36:00,20350.0,100,Buy,230637843
2024-08-09 13:36:02,20350.0,100,Buy,230637970
2024-08-09 13:36:05,20350.0,100,Buy,230638189
2024-08-09 13:36:07,20350.0,100,Buy,230638352
2024-08-09 13:36:36,20350.0,1000,Buy,230639871
2024-08-09 13:36:38,20350.0,1000,Buy,230640053
2024-08-09 13:36:39,20350.0,10000,Buy,230640084
2024-08-09 13:36:41,20350.0,100,Buy,230640166
2024-08-09 13:36:42,20350.0,1500,Buy,230640202
2024-08-09 13:36:42,20350.0,100,Buy,230640203
2024-08-09 13:36:42,20350.0,400,Buy,230640204
2024-08-09 13:36:45,20350.0,9000,Buy,230640306
2024-08-09 13:36:45,20350.0,900,Buy,230640307
2024-08-09 13:36:45,20350.0,100,Buy,230640308
2024-08-09 13:36:51,20350.0,4200,Buy,230640642
2024-08-09 13:36:51,20350.0,1000,Buy,230640641
2024-08-09 13:36:51,20350.0,800,Buy,230640640
2024-08-09 13:36:51,20350.0,800,Buy,230640637
2024-08-09 13:36:51,20350.0,900,Buy,230640638
2024-08-09 13:36:51,20350.0,800,Buy,230640636
2024-08-09 13:36:51,20350.0,700,Buy,230640635
2024-08-09 13:36:51,20350.0,800,Buy,230640639
2024-08-09 13:36:53,20350.0,900,Buy,230640720
2024-08-09 13:36:53,20350.0,800,Sell,230640727
2024-08-09 13:36:53,20350.0,200,Buy,230640721
2024-08-09 13:36:53,20350.0,800,Buy,230640719
2024-08-09 13:36:53,20350.0,800,Buy,230640717
2024-08-09 13:36:53,20350.0,2800,Buy,230640713
2024-08-09 13:36:53,20350.0,800,Buy,230640716
2024-08-09 13:36:53,20350.0,900,Buy,230640715
2024-08-09 13:36:53,20350.0,800,Buy,230640714
2024-08-09 13:36:53,20350.0,800,Buy,230640718
2024-08-09 13:36:55,20350.0,400,Sell,230640839
2024-08-09 13:36:56,20350.0,300,Buy,230640863
2024-08-09 13:37:03,20350.0,800,Sell,230641188
2024-08-09 13:37:09,20350.0,800,Sell,230641487
2024-08-09 13:37:18,20350.0,600,Sell,230641751
2024-08-09 13:37:18,20350.0,100,Sell,230641749
2024-08-09 13:37:18,20350.0,100,Sell,230641750
2024-08-09 13:37:27,20350.0,900,Sell,230642218
2024-08-09 13:37:33,20350.0,100,Sell,230642426
2024-08-09 13:37:36,20350.0,800,Sell,230642668
2024-08-09 13:37:37,20350.0,600,Sell,230642688
2024-08-09 13:37:41,20350.0,5000,Sell,230642850
2024-08-09 13:37:43,20350.0,1000,Sell,230642949
2024-08-09 13:37:44,20350.0,1600,Sell,230643018
2024-08-09 13:37:44,20350.0,900,Sell,230643017
2024-08-09 13:37:44,20350.0,2000,Sell,230643016
2024-08-09 13:37:44,20350.0,100,Sell,230643014
2024-08-09 13:37:44,20350.0,200,Sell,230643013
2024-08-09 13:37:44,20350.0,200,Sell,230643015
2024-08-09 13:37:44,20350.0,800,Sell,230642984
2024-08-09 13:37:45,20350.0,3400,Sell,230643043
2024-08-09 13:37:45,20350.0,100,Sell,230643044
2024-08-09 13:37:45,20350.0,5000,Sell,230643045
2024-08-09 13:37:45,20350.0,2000,Sell,230643046
2024-08-09 13:37:45,20350.0,200,Sell,230643047
2024-08-09 13:37:45,20350.0,1000,Sell,230643048
2024-08-09 13:37:49,20350.0,500,Buy,230643163
2024-08-09 13:37:56,20350.0,500,Buy,230643506
2024-08-09 13:37:56,20350.0,800,Buy,230643507
2024-08-09 13:37:56,20350.0,2700,Buy,230643508
2024-08-09 13:37:58,20350.0,1100,Sell,230643580
2024-08-09 13:38:02,20350.0,800,Sell,230643805
2024-08-09 13:38:11,20350.0,900,Sell,230644144
2024-08-09 13:38:12,20350.0,1000,Sell,230644161
2024-08-09 13:38:14,20350.0,400,Sell,230644262
2024-08-09 13:38:15,20400.0,1400,Buy,230644404
2024-08-09 13:38:35,20400.0,300,Buy,230645092
2024-08-09 13:38:35,20400.0,700,Buy,230645091
2024-08-09 13:38:37,20400.0,900,Buy,230645236
2024-08-09 13:38:38,20400.0,500,Buy,230645266
2024-08-09 13:38:48,20350.0,200,Sell,230645584
2024-08-09 13:38:48,20400.0,100,Buy,230645585
2024-08-09 13:39:04,20350.0,100,Sell,230646232
2024-08-09 13:39:04,20350.0,300,Sell,230646237
2024-08-09 13:39:12,20350.0,900,Sell,230646575
2024-08-09 13:39:12,20350.0,800,Sell,230646580
2024-08-09 13:39:14,20350.0,6100,Sell,230646638
2024-08-09 13:39:14,20350.0,4000,Sell,230646636
2024-08-09 13:39:14,20350.0,2000,Sell,230646635
2024-08-09 13:39:14,20350.0,1000,Sell,230646634
2024-08-09 13:39:14,20350.0,600,Sell,230646633
2024-08-09 13:39:14,20350.0,2000,Sell,230646637
2024-08-09 13:39:14,20350.0,4000,Sell,230646631
2024-08-09 13:39:14,20350.0,1000,Sell,230646630
2024-08-09 13:39:14,20350.0,100,Sell,230646629
2024-08-09 13:39:14,20350.0,9500,Sell,230646627
2024-08-09 13:39:14,20350.0,100,Sell,230646628
2024-08-09 13:39:14,20350.0,300,Sell,230646632
2024-08-09 13:39:16,20400.0,1600,Buy,230646737
2024-08-09 13:39:16,20400.0,500,Buy,230646736
2024-08-09 13:39:16,20400.0,1000,Buy,230646735
2024-08-09 13:39:16,20400.0,300,Buy,230646734
2024-08-09 13:39:16,20400.0,900,Buy,230646733
2024-08-09 13:39:16,20400.0,900,Buy,230646732
2024-08-09 13:39:16,20400.0,900,Buy,230646730
2024-08-09 13:39:16,20400.0,900,Buy,230646729
2024-08-09 13:39:16,20400.0,300,Buy,230646728
2024-08-09 13:39:16,20400.0,100,Buy,230646727
2024-08-09 13:39:16,20400.0,100,Buy,230646726
2024-08-09 13:39:16,20400.0,8200,Buy,230646725
2024-08-09 13:39:16,20350.0,3300,Buy,230646724
2024-08-09 13:39:16,20400.0,1000,Buy,230646731
2024-08-09 13:39:17,20400.0,1000,Buy,230646829
2024-08-09 13:39:23,20300.0,2000,Sell,230647071
2024-08-09 13:39:23,20300.0,100,Sell,230647072
2024-08-09 13:39:23,20300.0,400,Sell,230647070
2024-08-09 13:39:23,20300.0,55200,Sell,230647066
2024-08-09 13:39:23,20300.0,200,Sell,230647068
2024-08-09 13:39:23,20300.0,1000,Sell,230647067
2024-08-09 13:39:23,20300.0,100,Sell,230647069
2024-08-09 13:39:30,20300.0,800,Sell,230647271
2024-08-09 13:39:34,20300.0,1800,Sell,230647458
2024-08-09 13:39:34,20300.0,10200,Sell,230647456
2024-08-09 13:39:34,20300.0,2000,Sell,230647455
2024-08-09 13:39:34,20300.0,10000,Sell,230647454
2024-08-09 13:39:34,20300.0,100,Sell,230647453
2024-08-09 13:39:34,20250.0,26600,Sell,230647459
2024-08-09 13:39:34,20300.0,100,Sell,230647451
2024-08-09 13:39:34,20300.0,200,Sell,230647450
2024-08-09 13:39:34,20300.0,4800,Sell,230647449
2024-08-09 13:39:34,20300.0,1600,Sell,230647448
2024-08-09 13:39:34,20300.0,500,Sell,230647447
2024-08-09 13:39:34,20300.0,1200,Sell,230647446
2024-08-09 13:39:34,20300.0,1000,Sell,230647452
2024-08-09 13:39:36,20350.0,100,Buy,230647544
2024-08-09 13:39:39,20300.0,2500,Buy,230647615
2024-08-09 13:39:42,20300.0,100,Buy,230647771
2024-08-09 13:39:44,20300.0,1800,Buy,230647851
2024-08-09 13:39:46,20300.0,600,Buy,230647970
2024-08-09 13:39:46,20300.0,3300,Buy,230647971
2024-08-09 13:39:48,20300.0,800,Sell,230648039
2024-08-09 13:39:52,20300.0,1800,Sell,230648241
2024-08-09 13:39:56,20300.0,800,Sell,230648349
2024-08-09 13:40:02,20350.0,1000,Buy,230648553
2024-08-09 13:40:02,20350.0,400,Buy,230648554
2024-08-09 13:40:02,20350.0,600,Buy,230648555
2024-08-09 13:40:08,20300.0,2000,Sell,230648783
2024-08-09 13:40:14,20250.0,5900,Sell,230648982
2024-08-09 13:40:14,20300.0,1000,Sell,230648980
2024-08-09 13:40:14,20300.0,1000,Sell,230648981
2024-08-09 13:40:14,20300.0,100,Sell,230648965
2024-08-09 13:40:14,20300.0,700,Sell,230648964
2024-08-09 13:40:14,20300.0,100,Sell,230648979
2024-08-09 13:40:23,20300.0,900,Sell,230649227
2024-08-09 13:40:26,20300.0,7000,Sell,230649382
2024-08-09 13:40:28,20250.0,1600,Sell,230649467
2024-08-09 13:40:28,20250.0,100,Sell,230649466
2024-08-09 13:40:28,20250.0,9100,Sell,230649462
2024-08-09 13:40:28,20250.0,2000,Sell,230649464
2024-08-09 13:40:28,20250.0,1000,Sell,230649465
2024-08-09 13:40:28,20250.0,10000,Sell,230649463
2024-08-09 13:40:32,20250.0,400,Sell,230649593
2024-08-09 13:40:32,20250.0,200,Sell,230649594
2024-08-09 13:40:32,20250.0,200,Sell,230649595
2024-08-09 13:40:40,20250.0,800,Sell,230649882
2024-08-09 13:40:44,20250.0,600,Sell,230650095
2024-08-09 13:40:49,20250.0,700,Sell,230650297
2024-08-09 13:40:49,20250.0,1300,Sell,230650298
2024-08-09 13:40:49,20250.0,600,Sell,230650278
2024-08-09 13:40:49,20250.0,200,Sell,230650279
2024-08-09 13:40:55,20250.0,200,Sell,230650501
2024-08-09 13:40:58,20250.0,500,Sell,230650612
2024-08-09 13:40:58,20250.0,2000,Sell,230650613
2024-08-09 13:40:58,20250.0,1000,Sell,230650614
2024-08-09 13:40:58,20250.0,4000,Sell,230650615
2024-08-09 13:40:58,20250.0,2000,Sell,230650616
2024-08-09 13:41:02,20200.0,300,Sell,230650734
2024-08-09 13:41:02,20200.0,88600,Sell,230650736
2024-08-09 13:41:02,20200.0,200,Sell,230650735
2024-08-09 13:41:02,20200.0,1000,Sell,230650732
2024-08-09 13:41:02,20200.0,500,Sell,230650731
2024-08-09 13:41:02,20200.0,200,Sell,230650730
2024-08-09 13:41:02,20200.0,1000,Sell,230650729
2024-08-09 13:41:02,20200.0,300,Sell,230650733
2024-08-09 13:41:06,20250.0,100,Buy,230650846
2024-08-09 13:41:10,20250.0,100,Buy,230650984
2024-08-09 13:41:14,20100.0,300,Sell,230651148
2024-08-09 13:41:14,20150.0,2000,Sell,230651147
2024-08-09 13:41:14,20150.0,1000,Sell,230651146
2024-08-09 13:41:14,20150.0,200,Sell,230651145
2024-08-09 13:41:14,20150.0,500,Sell,230651144
2024-08-09 13:41:14,20150.0,3000,Sell,230651143
2024-08-09 13:41:14,20150.0,500,Sell,230651140
2024-08-09 13:41:14,20150.0,400,Sell,230651141
2024-08-09 13:41:14,20150.0,500,Sell,230651139
2024-08-09 13:41:14,20150.0,1000,Sell,230651138
2024-08-09 13:41:14,20150.0,200,Sell,230651137
2024-08-09 13:41:14,20150.0,5000,Sell,230651136
2024-08-09 13:41:14,20150.0,5000,Sell,230651142
2024-08-09 13:41:14,20100.0,100,Sell,230651149
2024-08-09 13:41:14,20100.0,6600,Sell,230651167
2024-08-09 13:41:14,20100.0,100,Sell,230651152
2024-08-09 13:41:14,20100.0,1000,Sell,230651153
2024-08-09 13:41:14,20100.0,100,Sell,230651158
2024-08-09 13:41:14,20100.0,100,Sell,230651159
2024-08-09 13:41:14,20100.0,200,Sell,230651160
2024-08-09 13:41:14,20100.0,200,Sell,230651161
2024-08-09 13:41:14,20100.0,1000,Sell,230651162
2024-08-09 13:41:14,20100.0,100,Sell,230651163
2024-08-09 13:41:14,20100.0,20000,Sell,230651164
2024-08-09 13:41:14,20100.0,500,Sell,230651165
2024-08-09 13:41:14,20100.0,400,Sell,230651166
2024-08-09 13:41:14,20150.0,100,Sell,230651135
2024-08-09 13:41:14,20250.0,300,Buy,230651205
2024-08-09 13:41:14,20100.0,100,Sell,230651150
2024-08-09 13:41:14,20150.0,3000,Sell,230651134
2024-08-09 13:41:14,20100.0,200,Sell,230651151
2024-08-09 13:41:14,20150.0,3200,Sell,230651132
2024-08-09 13:41:14,20200.0,10000,Sell,230651103
2024-08-09 13:41:14,20200.0,1400,Sell,230651104
2024-08-09 13:41:14,20200.0,100,Sell,230651105
2024-08-09 13:41:14,20200.0,1000,Sell,230651106
2024-08-09 13:41:14,20200.0,100,Sell,230651107
2024-08-09 13:41:14,20200.0,4000,Sell,230651108
2024-08-09 13:41:14,20200.0,1000,Sell,230651109
2024-08-09 13:41:14,20200.0,100,Sell,230651111
2024-08-09 13:41:14,20200.0,200,Sell,230651112
2024-08-09 13:41:14,20200.0,4400,Sell,230651113
2024-08-09 13:41:14,20200.0,4000,Sell,230651114
2024-08-09 13:41:14,20200.0,10000,Sell,230651115
2024-08-09 13:41:14,20200.0,100,Sell,230651116
2024-08-09 13:41:14,20200.0,800,Sell,230651117
2024-08-09 13:41:14,20200.0,100,Sell,230651110
2024-08-09 13:41:14,20200.0,1500,Sell,230651119
2024-08-09 13:41:14,20200.0,100,Sell,230651118
2024-08-09 13:41:14,20200.0,100,Sell,230651131
2024-08-09 13:41:14,20200.0,200,Sell,230651130
2024-08-09 13:41:14,20200.0,5000,Sell,230651129
2024-08-09 13:41:14,20200.0,2000,Sell,230651128
2024-08-09 13:41:14,20200.0,100,Sell,230651127
2024-08-09 13:41:14,20200.0,500,Sell,230651126
2024-08-09 13:41:14,20150.0,100,Sell,230651133
2024-08-09 13:41:14,20200.0,800,Sell,230651124
2024-08-09 13:41:14,20200.0,3000,Sell,230651123
2024-08-09 13:41:14,20200.0,100,Sell,230651122
2024-08-09 13:41:14,20200.0,2000,Sell,230651121
2024-08-09 13:41:14,20200.0,100,Sell,230651120
2024-08-09 13:41:14,20200.0,500,Sell,230651125
2024-08-09 13:41:15,20200.0,2000,Sell,230651214
2024-08-09 13:41:15,20200.0,1200,Buy,230651215
2024-08-09 13:41:18,20100.0,3400,Sell,230651311
2024-08-09 13:41:18,20100.0,1600,Sell,230651312
2024-08-09 13:41:19,20100.0,300,Sell,230651362
2024-08-09 13:41:24,20100.0,800,Sell,230651493
2024-08-09 13:41:24,20100.0,500,Sell,230651542
2024-08-09 13:41:27,20100.0,500,Sell,230651610
2024-08-09 13:41:27,20100.0,300,Sell,230651611
2024-08-09 13:41:27,20100.0,200,Sell,230651612
2024-08-09 13:41:30,20100.0,1000,Sell,230651717
2024-08-09 13:41:33,20100.0,800,Sell,230651776
2024-08-09 13:41:35,20100.0,100,Sell,230651855
2024-08-09 13:41:42,20100.0,100,Sell,230652057
2024-08-09 13:41:42,20100.0,700,Sell,230652058
2024-08-09 13:41:51,20100.0,900,Sell,230652388
2024-08-09 13:41:54,20100.0,1000,Sell,230652538
2024-08-09 13:41:54,20100.0,200,Sell,230652539
2024-08-09 13:41:54,20100.0,500,Sell,230652540
2024-08-09 13:41:54,20100.0,3300,Sell,230652537
2024-08-09 13:41:57,20050.0,1000,Sell,230652635
2024-08-09 13:41:57,20050.0,10000,Sell,230652634
2024-08-09 13:41:57,20050.0,10000,Sell,230652633
2024-08-09 13:41:57,20000.0,15100,Sell,230652636
2024-08-09 13:41:57,20050.0,1000,Sell,230652631
2024-08-09 13:41:57,20050.0,500,Sell,230652630
2024-08-09 13:41:57,20050.0,100,Sell,230652629
2024-08-09 13:41:57,20100.0,500,Sell,230652628
2024-08-09 13:41:57,20050.0,500,Sell,230652632
2024-08-09 13:42:00,20000.0,800,Sell,230652705
2024-08-09 13:42:02,20100.0,100,Sell,230652786
2024-08-09 13:42:04,20000.0,25200,Sell,230652832
2024-08-09 13:42:04,20000.0,500,Sell,230652839
2024-08-09 13:42:04,20000.0,100,Sell,230652840
2024-08-09 13:42:04,20000.0,200,Sell,230652841
2024-08-09 13:42:04,20000.0,200,Sell,230652842
2024-08-09 13:42:04,20000.0,1000,Sell,230652843
2024-08-09 13:42:04,20000.0,500,Sell,230652844
2024-08-09 13:42:04,20000.0,2300,Sell,230652845
2024-08-09 13:42:09,20000.0,20300,Sell,230653004
2024-08-09 13:42:09,20000.0,800,Sell,230652993
2024-08-09 13:42:09,20000.0,9600,Sell,230653002
2024-08-09 13:42:09,20000.0,100,Sell,230653003
2024-08-09 13:42:13,20000.0,6800,Sell,230653143
2024-08-09 13:42:13,20000.0,2000,Sell,230653142
2024-08-09 13:42:13,20000.0,100,Sell,230653140
2024-08-09 13:42:13,20000.0,100,Sell,230653139
2024-08-09 13:42:13,20000.0,300,Sell,230653141
2024-08-09 13:42:13,20000.0,1000,Sell,230653137
2024-08-09 13:42:13,20000.0,5000,Sell,230653136
2024-08-09 13:42:13,20000.0,1000,Sell,230653135
2024-08-09 13:42:13,20000.0,1000,Sell,230653134
2024-08-09 13:42:13,20000.0,2600,Sell,230653133
2024-08-09 13:42:13,20000.0,100,Sell,230653138
2024-08-09 13:42:14,20000.0,500,Sell,230653194
2024-08-09 13:42:14,20000.0,5000,Sell,230653195
2024-08-09 13:42:14,20000.0,700,Sell,230653196
2024-08-09 13:42:14,20000.0,200,Sell,230653199
2024-08-09 13:42:14,20000.0,1000,Sell,230653197
2024-08-09 13:42:14,20000.0,100,Sell,230653198
2024-08-09 13:42:14,20000.0,100,Sell,230653200
2024-08-09 13:42:14,20000.0,200,Sell,230653193
2024-08-09 13:42:14,20000.0,5000,Sell,230653202
2024-08-09 13:42:14,20000.0,100,Sell,230653203
2024-08-09 13:42:14,20000.0,100,Sell,230653205
2024-08-09 13:42:14,20000.0,2000,Sell,230653207
2024-08-09 13:42:14,20000.0,100,Sell,230653208
2024-08-09 13:42:14,20000.0,400,Sell,230653209
2024-08-09 13:42:14,20000.0,500,Sell,230653201
2024-08-09 13:42:14,20000.0,5000,Sell,230653192
2024-08-09 13:42:14,20000.0,200,Sell,230653206
2024-08-09 13:42:14,20000.0,2000,Sell,230653190
2024-08-09 13:42:14,20000.0,800,Sell,230653191
2024-08-09 13:42:14,20000.0,3200,Sell,230653175
2024-08-09 13:42:14,20000.0,100,Sell,230653176
2024-08-09 13:42:14,20000.0,300,Sell,230653177
2024-08-09 13:42:14,20000.0,1000,Sell,230653178
2024-08-09 13:42:14,20000.0,10000,Sell,230653179
2024-08-09 13:42:14,20000.0,7800,Sell,230653180
2024-08-09 13:42:14,20000.0,100,Sell,230653181
2024-08-09 13:42:14,20000.0,1000,Sell,230653204
2024-08-09 13:42:14,20000.0,500,Sell,230653183
2024-08-09 13:42:14,20000.0,200,Sell,230653188
2024-08-09 13:42:14,20000.0,200,Sell,230653187
2024-08-09 13:42:14,20000.0,300,Sell,230653186
2024-08-09 13:42:14,20000.0,500,Sell,230653189
2024-08-09 13:42:14,20000.0,500,Sell,230653184
2024-08-09 13:42:14,20000.0,100,Sell,230653185
2024-08-09 13:42:14,20000.0,200,Sell,230653182
2024-08-09 13:42:16,20000.0,200,Sell,230653287
2024-08-09 13:42:16,20000.0,3800,Sell,230653286
2024-08-09 13:42:16,20000.0,800,Sell,230653281
2024-08-09 13:42:16,20100.0,2600,Buy,230653277
2024-08-09 13:42:16,20100.0,4200,Buy,230653279
2024-08-09 13:42:16,20100.0,4200,Sell,230653280
2024-08-09 13:42:16,20100.0,500,Buy,230653278
2024-08-09 13:42:20,20000.0,300,Buy,230653359
2024-08-09 13:42:21,19950.0,2000,Sell,230653555
2024-08-09 13:42:24,19950.0,1300,Sell,230653653
2024-08-09 13:42:24,19950.0,2900,Sell,230653654
2024-08-09 13:42:26,19950.0,800,Sell,230653715
2024-08-09 13:42:27,19950.0,900,Sell,230653765
2024-08-09 13:42:29,19950.0,400,Sell,230653876
2024-08-09 13:42:29,19950.0,100,Sell,230653877
2024-08-09 13:42:30,19950.0,200,Sell,230653924
2024-08-09 13:42:30,19950.0,800,Sell,230653925
2024-08-09 13:42:30,19950.0,400,Sell,230653926
2024-08-09 13:42:31,19950.0,100,Sell,230653953
2024-08-09 13:42:31,19950.0,900,Sell,230653954
2024-08-09 13:42:35,19950.0,400,Sell,230654106
2024-08-09 13:42:35,19950.0,500,Sell,230654117
2024-08-09 13:42:35,19950.0,200,Sell,230654107
2024-08-09 13:42:35,19950.0,100,Sell,230654104
2024-08-09 13:42:35,19950.0,200,Sell,230654105
2024-08-09 13:42:37,19950.0,2200,Sell,230654237
2024-08-09 13:42:37,19950.0,300,Sell,230654236
2024-08-09 13:42:37,19950.0,2000,Sell,230654235
2024-08-09 13:42:37,19950.0,500,Sell,230654234
2024-08-09 13:42:37,19950.0,100,Sell,230654233
2024-08-09 13:42:37,19950.0,100,Sell,230654232
2024-08-09 13:42:37,19950.0,500,Sell,230654231
2024-08-09 13:42:37,19950.0,200,Sell,230654230
2024-08-09 13:42:37,19950.0,3000,Sell,230654228
2024-08-09 13:42:37,19950.0,500,Sell,230654227
2024-08-09 13:42:37,19950.0,100,Sell,230654226
2024-08-09 13:42:37,19950.0,100,Sell,230654225
2024-08-09 13:42:37,19950.0,100,Sell,230654224
2024-08-09 13:42:37,19950.0,200,Sell,230654223
2024-08-09 13:42:37,19950.0,100,Sell,230654229
2024-08-09 13:42:43,19950.0,1000,Sell,230654457
2024-08-09 13:42:43,19950.0,1000,Sell,230654458
2024-08-09 13:42:44,19950.0,800,Sell,230654484
2024-08-09 13:42:45,19950.0,5000,Sell,230654500
2024-08-09 13:42:45,20000.0,1000,Buy,230654530
2024-08-09 13:42:45,19950.0,500,Sell,230654514
2024-08-09 13:42:45,19950.0,1000,Sell,230654513
2024-08-09 13:42:45,19950.0,100,Sell,230654512
2024-08-09 13:42:45,19950.0,100,Sell,230654511
2024-08-09 13:42:45,19950.0,200,Sell,230654510
2024-08-09 13:42:45,19950.0,5000,Sell,230654499
2024-08-09 13:42:45,19950.0,200,Sell,230654509
2024-08-09 13:42:45,19950.0,100,Sell,230654507
2024-08-09 13:42:45,19950.0,1500,Sell,230654506
2024-08-09 13:42:45,19950.0,100,Sell,230654505
2024-08-09 13:42:45,19950.0,100,Sell,230654504
2024-08-09 13:42:45,19950.0,100,Sell,230654503
2024-08-09 13:42:45,19950.0,9000,Sell,230654502
2024-08-09 13:42:45,19950.0,1000,Sell,230654501
2024-08-09 13:42:45,19950.0,1500,Sell,230654508
2024-08-09 13:42:46,19950.0,100,Sell,230654540
2024-08-09 13:42:46,19950.0,600,Sell,230654539
2024-08-09 13:42:46,19950.0,100,Sell,230654537
2024-08-09 13:42:46,19950.0,500,Sell,230654536
2024-08-09 13:42:46,19950.0,1400,Sell,230654538
2024-08-09 13:42:47,19950.0,100,Buy,230654589
2024-08-09 13:42:50,19950.0,100,Buy,230654698
2024-08-09 13:42:55,19950.0,800,Buy,230654840
2024-08-09 13:42:55,19950.0,700,Buy,230654841
2024-08-09 13:42:56,19950.0,500,Buy,230654889
2024-08-09 13:42:57,19950.0,500,Buy,230654927
2024-08-09 13:42:59,19950.0,100,Buy,230654999
2024-08-09 13:43:05,19950.0,100,Buy,230655217
2024-08-09 13:43:06,19950.0,1000,Buy,230655266
2024-08-09 13:43:07,19950.0,500,Buy,230655289
2024-08-09 13:43:08,19950.0,100,Buy,230655317
2024-08-09 13:43:08,19950.0,300,Buy,230655340
2024-08-09 13:43:08,19950.0,100,Buy,230655341
2024-08-09 13:43:10,19950.0,500,Buy,230655386
2024-08-09 13:43:10,19950.0,800,Buy,230655385
2024-08-09 13:43:10,19950.0,700,Buy,230655384
2024-08-09 13:43:13,19950.0,800,Sell,230655471
2024-08-09 13:43:19,19900.0,9600,Sell,230655734
2024-08-09 13:43:19,19900.0,100,Sell,230655733
2024-08-09 13:43:19,19900.0,100,Sell,230655732
2024-08-09 13:43:19,19900.0,500,Sell,230655731
2024-08-09 13:43:19,19900.0,100,Sell,230655730
2024-08-09 13:43:19,19900.0,500,Sell,230655729
2024-08-09 13:43:19,19900.0,500,Sell,230655728
2024-08-09 13:43:19,19950.0,200,Sell,230655679
2024-08-09 13:43:19,19900.0,300,Sell,230655726
2024-08-09 13:43:19,19950.0,600,Sell,230655680
2024-08-09 13:43:19,19950.0,400,Sell,230655721
2024-08-09 13:43:19,19950.0,100,Sell,230655722
2024-08-09 13:43:19,19900.0,600,Sell,230655727
2024-08-09 13:43:19,19950.0,500,Sell,230655724
2024-08-09 13:43:19,19900.0,100,Sell,230655725
2024-08-09 13:43:19,19950.0,400,Sell,230655723
2024-08-09 13:43:27,19950.0,900,Sell,230656011
2024-08-09 13:43:30,19950.0,100,Sell,230656103
2024-08-09 13:43:30,19950.0,200,Sell,230656104
2024-08-09 13:43:30,19950.0,100,Sell,230656105
2024-08-09 13:43:30,19950.0,400,Sell,230656106
2024-08-09 13:43:37,19950.0,600,Sell,230656403
2024-08-09 13:43:37,19950.0,100,Sell,230656402
2024-08-09 13:43:37,19950.0,100,Sell,230656388
2024-08-09 13:43:39,19950.0,400,Sell,230656459
2024-08-09 13:43:39,19950.0,100,Sell,230656460
2024-08-09 13:43:41,19950.0,200,Sell,230656517
2024-08-09 13:43:42,19950.0,1000,Buy,230656545
2024-08-09 13:43:42,19950.0,500,Buy,230656547
2024-08-09 13:43:45,19950.0,300,Buy,230656619
2024-08-09 13:43:45,19950.0,700,Buy,230656620
2024-08-09 13:43:46,19950.0,100,Buy,230656637
2024-08-09 13:43:46,19950.0,1000,Sell,230656638
2024-08-09 13:43:46,19950.0,1000,Buy,230656660
2024-08-09 13:43:47,19950.0,100,Buy,230656682
2024-08-09 13:43:48,19950.0,100,Buy,230656707
2024-08-09 13:43:51,19950.0,100,Buy,230656834
2024-08-09 13:43:51,19950.0,300,Buy,230656826
2024-08-09 13:43:51,19950.0,200,Buy,230656804
2024-08-09 13:43:54,19950.0,100,Buy,230656944
2024-08-09 13:43:54,19900.0,400,Sell,230656929
2024-08-09 13:43:54,19900.0,500,Sell,230656928
2024-08-09 13:43:54,19900.0,1000,Sell,230656927
2024-08-09 13:43:54,19900.0,200,Sell,230656925
2024-08-09 13:43:54,19900.0,2000,Sell,230656924
2024-08-09 13:43:54,19900.0,400,Sell,230656923
2024-08-09 13:43:54,19900.0,500,Sell,230656926
2024-08-09 13:43:54,19950.0,5000,Buy,230656945
2024-08-09 13:43:59,19950.0,300,Buy,230657137
2024-08-09 13:44:08,19950.0,1000,Buy,230657440
2024-08-09 13:44:09,19900.0,5600,Sell,230657458
2024-08-09 13:44:09,19900.0,2000,Sell,230657459
2024-08-09 13:44:09,19900.0,400,Sell,230657460
2024-08-09 13:44:10,19900.0,3200,Sell,230657518
2024-08-09 13:44:12,19900.0,900,Sell,230657555
2024-08-09 13:44:15,19950.0,500,Buy,230657691
2024-08-09 13:44:16,19950.0,100,Buy,230657719
2024-08-09 13:44:16,19900.0,500,Sell,230657705
2024-08-09 13:44:20,19950.0,1900,Buy,230657871
2024-08-09 13:44:27,19900.0,200,Sell,230658056
2024-08-09 13:44:27,19900.0,100,Sell,230658057
2024-08-09 13:44:27,19900.0,800,Sell,230658058
2024-08-09 13:44:28,19900.0,200,Sell,230658085
2024-08-09 13:44:29,19950.0,400,Buy,230658131
2024-08-09 13:44:29,19900.0,100,Sell,230658128
2024-08-09 13:44:29,19900.0,200,Sell,230658129
2024-08-09 13:44:29,19900.0,200,Sell,230658126
2024-08-09 13:44:29,19900.0,100,Sell,230658125
2024-08-09 13:44:29,19900.0,200,Sell,230658127
2024-08-09 13:44:30,19950.0,900,Buy,230658182
2024-08-09 13:44:30,19950.0,100,Buy,230658183
2024-08-09 13:44:38,19950.0,700,Buy,230658427
2024-08-09 13:44:38,19950.0,300,Buy,230658428
2024-08-09 13:44:38,19900.0,100,Sell,230658446
2024-08-09 13:44:38,19900.0,300,Sell,230658447
2024-08-09 13:44:41,19900.0,100,Sell,230658602
2024-08-09 13:44:45,19900.0,400,Sell,230658787
2024-08-09 13:44:45,19900.0,1000,Sell,230658786
2024-08-09 13:44:45,19900.0,300,Sell,230658784
2024-08-09 13:44:45,19900.0,200,Sell,230658785
2024-08-09 13:44:45,19900.0,100,Sell,230658783
2024-08-09 13:44:46,19900.0,500,Sell,230658830
2024-08-09 13:44:46,19900.0,2000,Sell,230658829
2024-08-09 13:44:46,19900.0,100,Sell,230658828
2024-08-09 13:44:46,19900.0,1000,Sell,230658827
2024-08-09 13:44:46,19900.0,600,Sell,230658813
2024-08-09 13:44:46,19900.0,1000,Sell,230658825
2024-08-09 13:44:46,19900.0,100,Sell,230658824
2024-08-09 13:44:46,19900.0,900,Sell,230658815
2024-08-09 13:44:46,19900.0,300,Sell,230658814
2024-08-09 13:44:46,19900.0,300,Sell,230658826
2024-08-09 13:44:47,19900.0,800,Sell,230658860
2024-08-09 13:44:47,19900.0,200,Sell,230658866
2024-08-09 13:44:47,19900.0,1000,Sell,230658867
2024-08-09 13:44:47,19900.0,500,Sell,230658868
2024-08-09 13:44:51,19900.0,300,Buy,230659065
2024-08-09 13:44:51,19900.0,700,Buy,230659066
2024-08-09 13:44:53,19900.0,1000,Buy,230659103
2024-08-09 13:44:54,19900.0,4300,Buy,230659121
2024-08-09 13:44:54,19900.0,700,Buy,230659122
2024-08-09 13:44:55,19900.0,100,Buy,230659159
2024-08-09 13:44:58,19900.0,100,Buy,230659325
2024-08-09 13:44:58,19900.0,1000,Buy,230659302
2024-08-09 13:44:58,19900.0,100,Buy,230659322
2024-08-09 13:45:02,19900.0,600,Buy,230659501
2024-08-09 13:45:02,19900.0,100,Buy,230659454
2024-08-09 13:45:02,19900.0,1000,Buy,230659500
2024-08-09 13:45:06,19900.0,300,Buy,230659620
2024-08-09 13:45:06,19900.0,500,Buy,230659621
2024-08-09 13:45:06,19900.0,900,Buy,230659622
2024-08-09 13:45:06,19900.0,1000,Buy,230659623
2024-08-09 13:45:06,19900.0,1100,Buy,230659624
2024-08-09 13:45:06,19900.0,1200,Buy,230659625
2024-08-09 13:45:09,19900.0,2700,Buy,230659700
2024-08-09 13:45:09,19900.0,700,Buy,230659699
2024-08-09 13:45:16,19900.0,1800,Buy,230659918
2024-08-09 13:45:16,19900.0,600,Buy,230659919
2024-08-09 13:45:16,19900.0,12000,Buy,230659920
2024-08-09 13:45:16,19900.0,800,Buy,230659921
2024-08-09 13:45:16,19900.0,1500,Buy,230659922
2024-08-09 13:45:16,19900.0,800,Buy,230659923
2024-08-09 13:45:16,19900.0,1000,Buy,230659924
2024-08-09 13:45:17,19900.0,1500,Sell,230659949
2024-08-09 13:45:18,19900.0,500,Buy,230659962
2024-08-09 13:45:18,19900.0,100,Buy,230659963
2024-08-09 13:45:18,19900.0,400,Sell,230659967
2024-08-09 13:45:19,19850.0,1000,Sell,230660014
2024-08-09 13:45:19,19850.0,300,Sell,230660015
2024-08-09 13:45:21,19900.0,200,Buy,230660054
2024-08-09 13:45:21,19900.0,200,Buy,230660055
2024-08-09 13:45:22,19900.0,700,Buy,230660122
2024-08-09 13:45:22,19900.0,300,Buy,230660123
2024-08-09 13:45:23,19900.0,500,Buy,230660149
2024-08-09 13:45:24,19900.0,500,Sell,230660205
2024-08-09 13:45:25,19900.0,500,Buy,230660211
2024-08-09 13:45:27,19900.0,100,Sell,230660297
2024-08-09 13:45:27,19850.0,100,Sell,230660299
2024-08-09 13:45:27,19900.0,500,Sell,230660295
2024-08-09 13:45:27,19900.0,1000,Sell,230660296
2024-08-09 13:45:27,19900.0,300,Sell,230660298
2024-08-09 13:45:28,19850.0,500,Sell,230660341
2024-08-09 13:45:31,19850.0,800,Sell,230660400
2024-08-09 13:45:37,19900.0,1000,Sell,230660586
2024-08-09 13:45:43,19900.0,300,Buy,230660802
2024-08-09 13:45:44,19900.0,100,Buy,230660902
2024-08-09 13:45:51,19900.0,100,Buy,230661104
2024-08-09 13:45:52,19850.0,100,Sell,230661144
2024-08-09 13:45:52,19900.0,200,Buy,230661138
2024-08-09 13:45:54,19850.0,2000,Sell,230661195
2024-08-09 13:45:54,19850.0,3000,Sell,230661194
2024-08-09 13:45:55,19900.0,200,Buy,230661224
2024-08-09 13:45:55,19900.0,2500,Buy,230661225
2024-08-09 13:45:55,19900.0,2300,Buy,230661226
2024-08-09 13:45:56,19900.0,500,Buy,230661258
2024-08-09 13:45:58,19900.0,5000,Buy,230661337
2024-08-09 13:45:59,19900.0,200,Buy,230661359
2024-08-09 13:45:59,19900.0,300,Buy,230661360
2024-08-09 13:46:00,19900.0,100,Buy,230661379
2024-08-09 13:46:00,19900.0,100,Buy,230661408
2024-08-09 13:46:02,19850.0,5000,Sell,230661456
2024-08-09 13:46:02,19850.0,100,Sell,230661457
2024-08-09 13:46:02,19850.0,200,Sell,230661458
2024-08-09 13:46:02,19850.0,500,Sell,230661459
2024-08-09 13:46:02,19850.0,1500,Sell,230661460
2024-08-09 13:46:02,19850.0,100,Sell,230661464
2024-08-09 13:46:02,19850.0,600,Sell,230661462
2024-08-09 13:46:02,19850.0,1000,Sell,230661463
2024-08-09 13:46:02,19850.0,200,Sell,230661455
2024-08-09 13:46:02,19850.0,300,Sell,230661465
2024-08-09 13:46:02,19850.0,1000,Sell,230661461
2024-08-09 13:46:02,19850.0,600,Sell,230661454
2024-08-09 13:46:02,19850.0,300,Sell,230661442
2024-08-09 13:46:02,19850.0,1000,Sell,230661452
2024-08-09 13:46:02,19850.0,100,Sell,230661453
2024-08-09 13:46:02,19850.0,3200,Sell,230661440
2024-08-09 13:46:02,19850.0,200,Sell,230661443
2024-08-09 13:46:02,19850.0,1000,Sell,230661444
2024-08-09 13:46:02,19850.0,200,Sell,230661445
2024-08-09 13:46:02,19850.0,10000,Sell,230661441
2024-08-09 13:46:02,19850.0,100,Sell,230661447
2024-08-09 13:46:02,19850.0,300,Sell,230661450
2024-08-09 13:46:02,19850.0,1000,Sell,230661446
2024-08-09 13:46:02,19850.0,1000,Sell,230661451
2024-08-09 13:46:02,19850.0,100,Sell,230661448
2024-08-09 13:46:02,19850.0,100,Sell,230661449
2024-08-09 13:46:05,19850.0,300,Buy,230661560
2024-08-09 13:46:05,19900.0,300,Buy,230661569
2024-08-09 13:46:05,19900.0,800,Buy,230661570
2024-08-09 13:46:05,19900.0,100,Buy,230661571
2024-08-09 13:46:10,19900.0,100,Buy,230661741
2024-08-09 13:46:11,19900.0,300,Buy,230661790
2024-08-09 13:46:11,19900.0,700,Buy,230661791
2024-08-09 13:46:14,19900.0,100,Buy,230661875
2024-08-09 13:46:16,19900.0,200,Buy,230661964
2024-08-09 13:46:16,19900.0,800,Buy,230661966
2024-08-09 13:46:21,19900.0,100,Buy,230662128
2024-08-09 13:46:23,19900.0,100,Buy,230662197
2024-08-09 13:46:26,19900.0,100,Buy,230662283
2024-08-09 13:46:26,19900.0,400,Buy,230662285
2024-08-09 13:46:27,19900.0,200,Buy,230662460
2024-08-09 13:46:30,19900.0,100,Buy,230662548
2024-08-09 13:46:36,19900.0,1000,Buy,230662806
2024-08-09 13:46:36,19900.0,500,Buy,230662807
2024-08-09 13:46:37,19900.0,800,Buy,230662876
2024-08-09 13:46:37,19900.0,300,Buy,230662873
2024-08-09 13:46:37,19900.0,300,Buy,230662874
2024-08-09 13:46:37,19900.0,900,Buy,230662875
2024-08-09 13:46:38,19900.0,2000,Sell,230662900
2024-08-09 13:46:39,19900.0,200,Sell,230662949
2024-08-09 13:46:41,19900.0,500,Sell,230663023
2024-08-09 13:46:41,19850.0,100,Sell,230663036
2024-08-09 13:46:41,19900.0,2000,Sell,230663030
2024-08-09 13:46:41,19900.0,100,Sell,230663024
2024-08-09 13:46:41,19900.0,4800,Sell,230663028
2024-08-09 13:46:41,19900.0,200,Sell,230663025
2024-08-09 13:46:41,19900.0,500,Sell,230663029
2024-08-09 13:46:46,19850.0,200,Sell,230663216
2024-08-09 13:46:47,19900.0,300,Buy,230663263
2024-08-09 13:46:52,19900.0,400,Buy,230663402
2024-08-09 13:46:57,19850.0,200,Sell,230663606
2024-08-09 13:46:57,19850.0,800,Sell,230663607
2024-08-09 13:46:59,19850.0,200,Sell,230663647
2024-08-09 13:46:59,19850.0,100,Sell,230663650
2024-08-09 13:46:59,19850.0,100,Sell,230663651
2024-08-09 13:46:59,19850.0,400,Sell,230663652
2024-08-09 13:47:00,19900.0,100,Buy,230663686
2024-08-09 13:47:03,19900.0,200,Buy,230663793
2024-08-09 13:47:03,19900.0,800,Buy,230663794
2024-08-09 13:47:04,19900.0,4700,Buy,230663797
2024-08-09 13:47:04,19900.0,1000,Buy,230663798
2024-08-09 13:47:04,19900.0,500,Buy,230663799
2024-08-09 13:47:04,19900.0,500,Buy,230663800
2024-08-09 13:47:04,19900.0,3300,Buy,230663801
2024-08-09 13:47:06,19850.0,100,Sell,230663856
2024-08-09 13:47:06,19850.0,100,Sell,230663863
2024-08-09 13:47:06,19850.0,100,Sell,230663862
2024-08-09 13:47:06,19850.0,1000,Sell,230663861
2024-08-09 13:47:06,19850.0,500,Sell,230663860
2024-08-09 13:47:06,19850.0,500,Sell,230663859
2024-08-09 13:47:06,19850.0,100,Sell,230663858
2024-08-09 13:47:06,19850.0,300,Sell,230663857
2024-08-09 13:47:06,19850.0,100,Sell,230663855
2024-08-09 13:47:06,19850.0,1000,Sell,230663853
2024-08-09 13:47:06,19850.0,100,Sell,230663854
2024-08-09 13:47:06,19850.0,600,Sell,230663847
2024-08-09 13:47:06,19850.0,1000,Sell,230663848
2024-08-09 13:47:06,19850.0,200,Sell,230663852
2024-08-09 13:47:06,19850.0,1000,Sell,230663850
2024-08-09 13:47:06,19850.0,100,Sell,230663849
2024-08-09 13:47:06,19850.0,1000,Sell,230663851
2024-08-09 13:47:09,19850.0,200,Buy,230663974
2024-08-09 13:47:10,19850.0,800,Buy,230663978
2024-08-09 13:47:13,19850.0,100,Buy,230664052
2024-08-09 13:47:13,19850.0,100,Buy,230664053
2024-08-09 13:47:14,19850.0,200,Buy,230664068
2024-08-09 13:47:16,19850.0,1000,Buy,230664132
2024-08-09 13:47:19,19850.0,1000,Buy,230664200
2024-08-09 13:47:21,19800.0,300,Sell,230664291
2024-08-09 13:47:21,19800.0,100,Sell,230664292
2024-08-09 13:47:21,19800.0,500,Sell,230664293
2024-08-09 13:47:21,19800.0,100,Sell,230664294
2024-08-09 13:47:21,19800.0,10000,Sell,230664295
2024-08-09 13:47:21,19800.0,3100,Sell,230664296
2024-08-09 13:47:21,19800.0,500,Sell,230664297
2024-08-09 13:47:21,19800.0,1100,Sell,230664298
2024-08-09 13:47:24,19800.0,100,Sell,230664355
2024-08-09 13:47:24,19800.0,900,Sell,230664354
2024-08-09 13:47:25,19800.0,800,Sell,230664380
2024-08-09 13:47:26,19850.0,500,Buy,230664434
2024-08-09 13:47:26,19850.0,100,Buy,230664424
2024-08-09 13:47:28,19800.0,1000,Sell,230664478
2024-08-09 13:47:28,19800.0,300,Sell,230664477
2024-08-09 13:47:28,19800.0,100,Sell,230664476
2024-08-09 13:47:28,19800.0,5000,Sell,230664475
2024-08-09 13:47:28,19800.0,100,Sell,230664474
2024-08-09 13:47:28,19800.0,100,Sell,230664473
2024-08-09 13:47:28,19800.0,2000,Sell,230664472
2024-08-09 13:47:28,19800.0,200,Sell,230664470
2024-08-09 13:47:28,19800.0,5000,Sell,230664469
2024-08-09 13:47:28,19800.0,500,Sell,230664468
2024-08-09 13:47:28,19800.0,100,Sell,230664467
2024-08-09 13:47:28,19800.0,200,Sell,230664466
2024-08-09 13:47:28,19800.0,100,Sell,230664465
2024-08-09 13:47:28,19800.0,1000,Sell,230664494
2024-08-09 13:47:28,19800.0,300,Sell,230664471
2024-08-09 13:47:29,19850.0,200,Buy,230664520
2024-08-09 13:47:31,19850.0,2000,Buy,230664562
2024-08-09 13:47:32,19850.0,900,Buy,230664587
2024-08-09 13:47:32,19850.0,800,Buy,230664588
2024-08-09 13:47:32,19850.0,2100,Buy,230664589
2024-08-09 13:47:32,19850.0,1200,Buy,230664590
2024-08-09 13:47:32,19800.0,1500,Sell,230664595
2024-08-09 13:47:33,19800.0,500,Sell,230664640
2024-08-09 13:47:34,19800.0,800,Sell,230664643
2024-08-09 13:47:35,19800.0,2600,Sell,230664715
2024-08-09 13:47:35,19800.0,100,Sell,230664714
2024-08-09 13:47:35,19800.0,100,Sell,230664713
2024-08-09 13:47:35,19800.0,1000,Sell,230664711
2024-08-09 13:47:35,19800.0,100,Sell,230664710
2024-08-09 13:47:35,19800.0,200,Sell,230664709
2024-08-09 13:47:35,19800.0,200,Sell,230664712
2024-08-09 13:47:35,19800.0,500,Sell,230664707
2024-08-09 13:47:35,19800.0,1000,Sell,230664706
2024-08-09 13:47:35,19800.0,100,Sell,230664705
2024-08-09 13:47:35,19800.0,1000,Sell,230664704
2024-08-09 13:47:35,19800.0,500,Sell,230664703
2024-08-09 13:47:35,19800.0,100,Sell,230664702
2024-08-09 13:47:35,19800.0,5200,Sell,230664701
2024-08-09 13:47:35,19800.0,100,Sell,230664708
2024-08-09 13:47:36,19750.0,1300,Sell,230664719
2024-08-09 13:47:36,19750.0,200,Sell,230664720
2024-08-09 13:47:36,19750.0,1700,Sell,230664721
2024-08-09 13:47:39,19800.0,500,Buy,230664791
2024-08-09 13:47:40,19800.0,200,Buy,230664832
2024-08-09 13:47:49,19750.0,8300,Sell,230665092
2024-08-09 13:47:49,19750.0,10000,Sell,230665093
2024-08-09 13:47:49,19750.0,10000,Sell,230665094
2024-08-09 13:47:49,19750.0,200,Sell,230665095
2024-08-09 13:47:49,19750.0,100,Sell,230665096
2024-08-09 13:47:49,19750.0,1000,Sell,230665097
2024-08-09 13:47:49,19750.0,100,Sell,230665098
2024-08-09 13:47:49,19750.0,400,Sell,230665099
2024-08-09 13:47:50,19750.0,100,Sell,230665136
2024-08-09 13:47:50,19750.0,1500,Sell,230665137
2024-08-09 13:47:50,19750.0,300,Sell,230665134
2024-08-09 13:47:50,19750.0,100,Sell,230665135
2024-08-09 13:47:50,19750.0,100,Sell,230665133
2024-08-09 13:47:51,19750.0,500,Sell,230665155
2024-08-09 13:47:51,19750.0,500,Sell,230665154
2024-08-09 13:47:51,19750.0,3500,Sell,230665150
2024-08-09 13:47:51,19750.0,200,Sell,230665152
2024-08-09 13:47:51,19750.0,100,Sell,230665151
2024-08-09 13:47:51,19750.0,200,Sell,230665153
2024-08-09 13:47:58,19700.0,800,Sell,230665347
2024-08-09 13:47:58,19700.0,100,Sell,230665348
2024-08-09 13:47:58,19700.0,100,Sell,230665350
2024-08-09 13:47:58,19700.0,500,Sell,230665349
2024-08-09 13:47:59,19750.0,300,Buy,230665426
2024-08-09 13:48:00,19700.0,100,Sell,230665476
2024-08-09 13:48:00,19700.0,400,Sell,230665477
2024-08-09 13:48:03,19700.0,2000,Sell,230665549
2024-08-09 13:48:03,19750.0,100,Buy,230665536
2024-08-09 13:48:03,19700.0,7000,Sell,230665541
2024-08-09 13:48:05,19700.0,500,Sell,230665598
2024-08-09 13:48:05,19700.0,600,Sell,230665596
2024-08-09 13:48:05,19700.0,200,Sell,230665597
2024-08-09 13:48:07,19700.0,1000,Sell,230665658
2024-08-09 13:48:07,19700.0,500,Sell,230665666
2024-08-09 13:48:07,19700.0,100,Sell,230665667
2024-08-09 13:48:07,19700.0,500,Sell,230665654
2024-08-09 13:48:09,19700.0,100,Sell,230665689
2024-08-09 13:48:09,19700.0,3000,Sell,230665706
2024-08-09 13:48:09,19700.0,100,Sell,230665687
2024-08-09 13:48:09,19700.0,400,Sell,230665686
2024-08-09 13:48:09,19700.0,100,Sell,230665688
2024-08-09 13:48:09,19700.0,100,Sell,230665690
2024-08-09 13:48:10,19700.0,700,Sell,230665748
2024-08-09 13:48:11,19700.0,800,Sell,230665774
2024-08-09 13:48:11,19700.0,1200,Sell,230665768
2024-08-09 13:48:11,19700.0,100,Sell,230665769
2024-08-09 13:48:11,19700.0,200,Sell,230665770
2024-08-09 13:48:11,19700.0,100,Sell,230665771
2024-08-09 13:48:11,19700.0,100,Sell,230665772
2024-08-09 13:48:11,19700.0,500,Sell,230665773
2024-08-09 13:48:12,19700.0,100,Buy,230665784
2024-08-09 13:48:12,19700.0,200,Sell,230665783
2024-08-09 13:48:13,19650.0,2500,Sell,230665844
2024-08-09 13:48:13,19700.0,100,Buy,230665849
2024-08-09 13:48:18,19700.0,200,Buy,230665955
2024-08-09 13:48:19,19700.0,100,Buy,230665980
2024-08-09 13:48:20,19700.0,100,Buy,230666032
2024-08-09 13:48:20,19650.0,1000,Sell,230666033
2024-08-09 13:48:23,19650.0,500,Sell,230666105
2024-08-09 13:48:23,19650.0,6000,Sell,230666111
2024-08-09 13:48:23,19650.0,200,Sell,230666113
2024-08-09 13:48:23,19650.0,100,Sell,230666114
2024-08-09 13:48:23,19650.0,500,Sell,230666115
2024-08-09 13:48:23,19650.0,100,Sell,230666116
2024-08-09 13:48:23,19650.0,1000,Sell,230666117
2024-08-09 13:48:23,19650.0,200,Sell,230666118
2024-08-09 13:48:23,19650.0,10000,Sell,230666112
2024-08-09 13:48:24,19650.0,300,Sell,230666130
2024-08-09 13:48:26,19600.0,4600,Sell,230666181
2024-08-09 13:48:26,19600.0,100,Sell,230666180
2024-08-09 13:48:26,19600.0,100,Sell,230666178
2024-08-09 13:48:26,19600.0,100,Sell,230666177
2024-08-09 13:48:26,19600.0,100,Sell,230666179
2024-08-09 13:48:27,19600.0,800,Sell,230666192
2024-08-09 13:48:29,19600.0,500,Sell,230666253
2024-08-09 13:48:29,19650.0,500,Buy,230666261
2024-08-09 13:48:30,19650.0,100,Buy,230666294
2024-08-09 13:48:30,19600.0,200,Sell,230666309
2024-08-09 13:48:31,19650.0,800,Buy,230666325
2024-08-09 13:48:32,19600.0,100,Sell,230666364
2024-08-09 13:48:32,19600.0,200,Sell,230666337
2024-08-09 13:48:32,19600.0,200,Sell,230666336
2024-08-09 13:48:32,19600.0,100,Sell,230666335
2024-08-09 13:48:32,19600.0,300,Sell,230666334
2024-08-09 13:48:32,19600.0,200,Sell,230666330
2024-08-09 13:48:32,19600.0,300,Sell,230666332
2024-08-09 13:48:32,19600.0,100,Sell,230666331
2024-08-09 13:48:32,19600.0,2000,Sell,230666329
2024-08-09 13:48:32,19600.0,3900,Sell,230666328
2024-08-09 13:48:32,19600.0,500,Sell,230666333
2024-08-09 13:48:35,19600.0,100,Sell,230666422
2024-08-09 13:48:35,19600.0,100,Sell,230666423
2024-08-09 13:48:35,19600.0,700,Sell,230666420
2024-08-09 13:48:35,19600.0,100,Sell,230666421
2024-08-09 13:48:36,19600.0,900,Sell,230666427
2024-08-09 13:48:37,19600.0,400,Sell,230666474
2024-08-09 13:48:37,19600.0,100,Sell,230666475
2024-08-09 13:48:37,19600.0,100,Sell,230666476
2024-08-09 13:48:41,19550.0,400,Sell,230666543
2024-08-09 13:48:41,19550.0,100,Sell,230666542
2024-08-09 13:48:41,19550.0,100,Sell,230666541
2024-08-09 13:48:41,19550.0,200,Sell,230666540
2024-08-09 13:48:41,19550.0,300,Sell,230666539
2024-08-09 13:48:41,19550.0,100,Sell,230666538
2024-08-09 13:48:41,19550.0,300,Sell,230666537
2024-08-09 13:48:42,19600.0,200,Buy,230666575
2024-08-09 13:48:43,19600.0,100,Buy,230666606
2024-08-09 13:48:44,19550.0,900,Sell,230666645
2024-08-09 13:48:44,19550.0,100,Sell,230666631
2024-08-09 13:48:44,19550.0,100,Sell,230666630
2024-08-09 13:48:44,19550.0,1000,Sell,230666629
2024-08-09 13:48:44,19550.0,600,Sell,230666628
2024-08-09 13:48:45,19500.0,500,Sell,230666656
2024-08-09 13:48:45,19500.0,1000,Sell,230666657
2024-08-09 13:48:45,19500.0,1000,Sell,230666658
2024-08-09 13:48:45,19500.0,400,Sell,230666659
2024-08-09 13:48:46,19550.0,100,Buy,230666693
2024-08-09 13:48:46,19500.0,900,Sell,230666687
2024-08-09 13:48:46,19500.0,200,Sell,230666686
2024-08-09 13:48:46,19500.0,300,Sell,230666685
2024-08-09 13:48:46,19500.0,300,Sell,230666684
2024-08-09 13:48:46,19500.0,200,Sell,230666683
2024-08-09 13:48:46,19500.0,500,Sell,230666681
2024-08-09 13:48:46,19500.0,1000,Sell,230666680
2024-08-09 13:48:46,19500.0,2000,Sell,230666679
2024-08-09 13:48:46,19500.0,100,Sell,230666678
2024-08-09 13:48:46,19500.0,100,Sell,230666682
2024-08-09 13:48:46,19500.0,100,Sell,230666676
2024-08-09 13:48:46,19500.0,1000,Sell,230666677
2024-08-09 13:48:46,19500.0,500,Sell,230666668
2024-08-09 13:48:46,19500.0,300,Sell,230666669
2024-08-09 13:48:46,19500.0,100,Sell,230666670
2024-08-09 13:48:46,19500.0,4600,Sell,230666667
2024-08-09 13:48:46,19500.0,1000,Sell,230666672
2024-08-09 13:48:46,19500.0,1000,Sell,230666673
2024-08-09 13:48:46,19500.0,600,Sell,230666674
2024-08-09 13:48:46,19500.0,100,Sell,230666675
2024-08-09 13:48:46,19500.0,100,Sell,230666671
2024-08-09 13:48:47,19500.0,2100,Sell,230666733
2024-08-09 13:48:47,19500.0,1000,Sell,230666734
2024-08-09 13:48:47,19500.0,100,Sell,230666735
2024-08-09 13:48:47,19500.0,500,Sell,230666736
2024-08-09 13:48:47,19500.0,100,Sell,230666737
2024-08-09 13:48:47,19500.0,2000,Sell,230666738
2024-08-09 13:48:47,19500.0,200,Sell,230666739
2024-08-09 13:48:48,19500.0,400,Sell,230666781
2024-08-09 13:48:48,19500.0,100,Sell,230666782
2024-08-09 13:48:48,19500.0,1000,Sell,230666779
2024-08-09 13:48:48,19500.0,1800,Sell,230666778
2024-08-09 13:48:48,19500.0,100,Sell,230666780
2024-08-09 13:48:50,19500.0,100,Buy,230666839
2024-08-09 13:48:50,19500.0,100,Buy,230666846
2024-08-09 13:48:52,19450.0,500,Sell,230666915
2024-08-09 13:48:52,19450.0,300,Sell,230666916
2024-08-09 13:48:52,19450.0,1000,Sell,230666917
2024-08-09 13:48:53,19450.0,200,Buy,230666928
2024-08-09 13:48:53,19450.0,800,Buy,230666929
2024-08-09 13:48:53,19500.0,7000,Buy,230666930
2024-08-09 13:48:55,19500.0,400,Buy,230666972
2024-08-09 13:48:55,19450.0,600,Buy,230666971
2024-08-09 13:48:58,19400.0,100,Sell,230667096
2024-08-09 13:48:58,19400.0,400,Sell,230667097
2024-08-09 13:48:59,19400.0,1000,Sell,230667115
2024-08-09 13:48:59,19450.0,300,Buy,230667116
2024-08-09 13:48:59,19450.0,200,Buy,230667117
2024-08-09 13:48:59,19500.0,4200,Buy,230667118
2024-08-09 13:49:00,19400.0,100,Sell,230667149
2024-08-09 13:49:01,19300.0,1600,Sell,230667186
2024-08-09 13:49:01,19350.0,100,Sell,230667185
2024-08-09 13:49:01,19350.0,300,Sell,230667183
2024-08-09 13:49:01,19350.0,100,Sell,230667184
2024-08-09 13:49:01,19400.0,300,Sell,230667170
2024-08-09 13:49:01,19400.0,200,Sell,230667169
2024-08-09 13:49:01,19400.0,500,Sell,230667168
2024-08-09 13:49:01,19400.0,100,Sell,230667171
2024-08-09 13:49:03,19300.0,5000,Sell,230667234
2024-08-09 13:49:04,19400.0,400,Buy,230667243
2024-08-09 13:49:04,19400.0,100,Buy,230667254
2024-08-09 13:49:04,19400.0,400,Buy,230667256
2024-08-09 13:49:05,19400.0,1000,Buy,230667270
2024-08-09 13:49:05,19400.0,300,Buy,230667271
2024-08-09 13:49:05,19400.0,500,Buy,230667262
2024-08-09 13:49:05,19400.0,300,Buy,230667269
2024-08-09 13:49:07,19400.0,1200,Sell,230667347
2024-08-09 13:49:07,19300.0,600,Sell,230667348
2024-08-09 13:49:08,19400.0,1000,Buy,230667390
2024-08-09 13:49:09,19400.0,1000,Buy,230667433
2024-08-09 13:49:11,19300.0,100,Buy,230667510
2024-08-09 13:49:11,19250.0,100,Sell,230667502
2024-08-09 13:49:11,19300.0,1000,Sell,230667485
2024-08-09 13:49:11,19300.0,100,Sell,230667484
2024-08-09 13:49:11,19300.0,300,Sell,230667483
2024-08-09 13:49:11,19300.0,300,Sell,230667482
2024-08-09 13:49:11,19300.0,200,Sell,230667480
2024-08-09 13:49:11,19300.0,100,Sell,230667479
2024-08-09 13:49:11,19300.0,500,Sell,230667478
2024-08-09 13:49:11,19300.0,100,Sell,230667477
2024-08-09 13:49:11,19300.0,100,Sell,230667476
2024-08-09 13:49:11,19300.0,22800,Sell,230667475
2024-08-09 13:49:11,19300.0,200,Sell,230667481
2024-08-09 13:49:12,19300.0,100,Buy,230667534
2024-08-09 13:49:12,19300.0,500,Buy,230667535
2024-08-09 13:49:13,19400.0,200,Buy,230667550
2024-08-09 13:49:14,19350.0,100,Sell,230667560
2024-08-09 13:49:16,19250.0,100,Sell,230667669
2024-08-09 13:49:16,19350.0,300,Sell,230667659
2024-08-09 13:49:16,19250.0,100,Sell,230667660
2024-08-09 13:49:20,19250.0,200,Sell,230667754
2024-08-09 13:49:20,19250.0,100,Sell,230667755
2024-08-09 13:49:20,19250.0,600,Sell,230667756
2024-08-09 13:49:20,19250.0,200,Sell,230667758
2024-08-09 13:49:20,19300.0,200,Buy,230667761
2024-08-09 13:49:23,19300.0,700,Buy,230667806
2024-08-09 13:49:23,19250.0,200,Sell,230667791
2024-08-09 13:49:23,19250.0,300,Sell,230667792
2024-08-09 13:49:25,19250.0,100,Sell,230667858
2024-08-09 13:49:25,19300.0,1100,Buy,230667848
2024-08-09 13:49:25,19300.0,100,Buy,230667849
2024-08-09 13:49:25,19300.0,1700,Buy,230667850
2024-08-09 13:49:26,19250.0,4600,Sell,230667883
2024-08-09 13:49:26,19250.0,100,Sell,230667884
2024-08-09 13:49:26,19250.0,1300,Sell,230667885
2024-08-09 13:49:27,19300.0,100,Buy,230667899
2024-08-09 13:49:28,19250.0,200,Sell,230667904
2024-08-09 13:49:28,19250.0,500,Sell,230667908
2024-08-09 13:49:28,19250.0,500,Sell,230667907
2024-08-09 13:49:29,19250.0,800,Sell,230667913
2024-08-09 13:49:30,19250.0,1000,Sell,230667950
2024-08-09 13:49:30,19250.0,2700,Sell,230667956
2024-08-09 13:49:30,19250.0,100,Sell,230667957
2024-08-09 13:49:30,19250.0,200,Sell,230667958
2024-08-09 13:49:30,19250.0,500,Sell,230667959
2024-08-09 13:49:32,19250.0,300,Sell,230668039
2024-08-09 13:49:32,19250.0,500,Sell,230668038
2024-08-09 13:49:32,19250.0,300,Sell,230668037
2024-08-09 13:49:36,19200.0,2000,Sell,230668177
2024-08-09 13:49:36,19200.0,1000,Sell,230668178
2024-08-09 13:49:36,19200.0,100,Sell,230668179
2024-08-09 13:49:36,19200.0,100,Sell,230668180
2024-08-09 13:49:36,19200.0,300,Sell,230668181
2024-08-09 13:49:36,19200.0,1500,Sell,230668182
2024-08-09 13:49:37,19200.0,500,Sell,230668207
2024-08-09 13:49:37,19200.0,300,Sell,230668208
2024-08-09 13:49:38,19200.0,200,Sell,230668259
2024-08-09 13:49:38,19200.0,200,Sell,230668258
2024-08-09 13:49:38,19200.0,800,Sell,230668233
2024-08-09 13:49:38,19200.0,200,Sell,230668228
2024-08-09 13:49:38,19200.0,1000,Sell,230668231
2024-08-09 13:49:38,19200.0,800,Sell,230668230
2024-08-09 13:49:38,19200.0,200,Sell,230668229
2024-08-09 13:49:38,19200.0,1000,Sell,230668232
2024-08-09 13:49:40,19200.0,100,Sell,230668298
2024-08-09 13:49:42,19200.0,1000,Sell,230668326
2024-08-09 13:49:42,19200.0,300,Sell,230668327
2024-08-09 13:49:44,19200.0,100,Buy,230668361
2024-08-09 13:49:44,19200.0,500,Buy,230668384
2024-08-09 13:49:44,19150.0,1000,Sell,230668397
2024-08-09 13:49:46,19150.0,300,Sell,230668486
2024-08-09 13:49:46,19150.0,800,Sell,230668485
2024-08-09 13:49:46,19150.0,100,Sell,230668484
2024-08-09 13:49:46,19150.0,100,Sell,230668483
2024-08-09 13:49:46,19150.0,800,Sell,230668458
2024-08-09 13:49:46,19150.0,200,Sell,230668481
2024-08-09 13:49:46,19150.0,1200,Sell,230668479
2024-08-09 13:49:46,19150.0,1000,Sell,230668482
2024-08-09 13:49:46,19150.0,1000,Sell,230668480
2024-08-09 13:49:47,19050.0,300,Sell,230668528
2024-08-09 13:49:47,19050.0,1000,Sell,230668527
2024-08-09 13:49:47,19050.0,100,Sell,230668526
2024-08-09 13:49:47,19100.0,500,Sell,230668525
2024-08-09 13:49:47,19100.0,200,Sell,230668524
2024-08-09 13:49:47,19100.0,100,Sell,230668523
2024-08-09 13:49:47,19100.0,200,Sell,230668522
2024-08-09 13:49:47,19100.0,5000,Sell,230668521
2024-08-09 13:49:47,19100.0,1000,Sell,230668520
2024-08-09 13:49:47,19150.0,100,Buy,230668509
2024-08-09 13:49:47,19100.0,100,Sell,230668518
2024-08-09 13:49:47,19100.0,100,Sell,230668510
2024-08-09 13:49:47,19100.0,15000,Sell,230668511
2024-08-09 13:49:47,19100.0,500,Sell,230668512
2024-08-09 13:49:47,19100.0,2000,Sell,230668513
2024-08-09 13:49:47,19100.0,1300,Sell,230668519
2024-08-09 13:49:47,19100.0,100,Sell,230668515
2024-08-09 13:49:47,19100.0,100,Sell,230668517
2024-08-09 13:49:47,19100.0,100,Sell,230668514
2024-08-09 13:49:47,19100.0,500,Sell,230668516
2024-08-09 13:49:48,19050.0,700,Sell,230668534
2024-08-09 13:49:48,19050.0,1000,Sell,230668535
2024-08-09 13:49:48,19050.0,400,Sell,230668536
2024-08-09 13:49:48,19050.0,1000,Sell,230668537
2024-08-09 13:49:48,19050.0,200,Sell,230668538
2024-08-09 13:49:48,19000.0,5400,Sell,230668547
2024-08-09 13:49:48,19050.0,200,Sell,230668540
2024-08-09 13:49:48,19000.0,2000,Sell,230668541
2024-08-09 13:49:48,19000.0,2000,Sell,230668542
2024-08-09 13:49:48,19000.0,3000,Sell,230668543
2024-08-09 13:49:48,19000.0,2000,Sell,230668544
2024-08-09 13:49:48,19000.0,100,Sell,230668545
2024-08-09 13:49:48,19000.0,1000,Sell,230668546
2024-08-09 13:49:48,19050.0,1000,Sell,230668539
2024-08-09 13:49:49,19000.0,500,Sell,230668570
2024-08-09 13:49:49,19150.0,100,Buy,230668569
2024-08-09 13:49:50,19150.0,400,Buy,230668592
2024-08-09 13:49:53,19000.0,300,Sell,230668687
2024-08-09 13:49:53,19000.0,2000,Sell,230668688
2024-08-09 13:49:53,19000.0,2000,Sell,230668689
2024-08-09 13:49:53,19000.0,100,Sell,230668690
2024-08-09 13:49:53,19000.0,2000,Sell,230668691
2024-08-09 13:49:53,19000.0,100,Sell,230668692
2024-08-09 13:49:53,19000.0,100,Sell,230668693
2024-08-09 13:49:53,19000.0,300,Sell,230668694
2024-08-09 13:49:53,19000.0,1000,Sell,230668695
2024-08-09 13:49:53,19000.0,2600,Sell,230668696
2024-08-09 13:49:53,19000.0,100,Sell,230668697
2024-08-09 13:49:53,19000.0,500,Sell,230668698
2024-08-09 13:49:53,19000.0,200,Sell,230668699
2024-08-09 13:49:53,19000.0,2100,Sell,230668700
2024-08-09 13:49:53,19000.0,1000,Sell,230668686
2024-08-09 13:49:53,19000.0,1000,Sell,230668685
2024-08-09 13:49:53,19000.0,1000,Sell,230668681
2024-08-09 13:49:53,19000.0,100,Sell,230668683
2024-08-09 13:49:53,19000.0,1000,Sell,230668684
2024-08-09 13:49:53,19000.0,200,Sell,230668668
2024-08-09 13:49:53,19000.0,1000,Sell,230668669
2024-08-09 13:49:53,19000.0,1000,Sell,230668670
2024-08-09 13:49:53,19000.0,100,Sell,230668671
2024-08-09 13:49:53,19000.0,3000,Sell,230668672
2024-08-09 13:49:53,19000.0,1000,Sell,230668673
2024-08-09 13:49:53,19000.0,9100,Sell,230668667
2024-08-09 13:49:53,19000.0,600,Sell,230668675
2024-08-09 13:49:53,19000.0,4600,Sell,230668674
2024-08-09 13:49:53,19000.0,200,Sell,230668682
2024-08-09 13:49:53,19000.0,1000,Sell,230668680
2024-08-09 13:49:53,19000.0,100,Sell,230668678
2024-08-09 13:49:53,19000.0,500,Sell,230668677
2024-08-09 13:49:53,19000.0,10000,Sell,230668676
2024-08-09 13:49:53,19000.0,100,Sell,230668679
2024-08-09 13:49:54,19000.0,400,Sell,230668730
2024-08-09 13:49:54,19000.0,300,Sell,230668731
2024-08-09 13:49:54,19000.0,1000,Sell,230668732
2024-08-09 13:49:54,19000.0,100,Sell,230668733
2024-08-09 13:49:54,19000.0,100,Sell,230668734
2024-08-09 13:49:54,19000.0,300,Sell,230668739
2024-08-09 13:49:54,19000.0,100,Sell,230668741
2024-08-09 13:49:54,19000.0,1000,Sell,230668742
2024-08-09 13:49:54,19000.0,2000,Sell,230668743
2024-08-09 13:49:54,19000.0,100,Sell,230668745
2024-08-09 13:49:54,19000.0,300,Sell,230668746
2024-08-09 13:49:54,19000.0,1800,Sell,230668747
2024-08-09 13:49:54,19000.0,100,Sell,230668740
2024-08-09 13:49:54,19000.0,1000,Sell,230668744
2024-08-09 13:49:54,19000.0,300,Sell,230668728
2024-08-09 13:49:54,19000.0,200,Sell,230668727
2024-08-09 13:49:54,19000.0,200,Sell,230668729
2024-08-09 13:49:54,19000.0,1700,Sell,230668714
2024-08-09 13:49:54,19000.0,1200,Sell,230668715
2024-08-09 13:49:54,19000.0,100,Sell,230668716
2024-08-09 13:49:54,19000.0,500,Sell,230668717
2024-08-09 13:49:54,19000.0,1000,Sell,230668718
2024-08-09 13:49:54,19000.0,1000,Sell,230668719
2024-08-09 13:49:54,19000.0,1000,Sell,230668722
2024-08-09 13:49:54,19000.0,500,Sell,230668721
2024-08-09 13:49:54,19000.0,3000,Sell,230668725
2024-08-09 13:49:54,19000.0,100,Sell,230668724
2024-08-09 13:49:54,19000.0,500,Sell,230668726
2024-08-09 13:49:54,19000.0,100,Sell,230668720
2024-08-09 13:49:54,19000.0,1500,Sell,230668723
2024-08-09 13:49:55,19000.0,200,Sell,230668756
2024-08-09 13:49:55,19000.0,300,Sell,230668757
2024-08-09 13:49:55,19000.0,300,Sell,230668758
2024-08-09 13:49:55,19000.0,200,Sell,230668760
2024-08-09 13:49:55,19000.0,2000,Sell,230668761
2024-08-09 13:49:55,19000.0,500,Sell,230668762
2024-08-09 13:49:55,19000.0,200,Sell,230668763
2024-08-09 13:49:55,19000.0,100,Sell,230668764
2024-08-09 13:49:56,19150.0,5000,Buy,230668823
2024-08-09 13:49:57,19000.0,100,Sell,230668854
2024-08-09 13:49:57,19000.0,300,Sell,230668855
2024-08-09 13:49:57,19000.0,1000,Sell,230668856
2024-08-09 13:49:57,19000.0,100,Sell,230668857
2024-08-09 13:49:57,19000.0,100,Sell,230668858
2024-08-09 13:49:57,19000.0,1000,Sell,230668859
2024-08-09 13:49:57,19000.0,500,Sell,230668860
2024-08-09 13:49:57,19000.0,200,Sell,230668861
2024-08-09 13:49:57,19000.0,500,Buy,230668864
2024-08-09 13:49:57,19000.0,900,Sell,230668852
2024-08-09 13:49:57,19000.0,100,Sell,230668853
2024-08-09 13:49:58,19000.0,100,Buy,230668898
2024-08-09 13:49:58,19000.0,500,Buy,230668883
2024-08-09 13:49:59,19000.0,100,Buy,230668908
2024-08-09 13:49:59,19000.0,500,Buy,230668919
2024-08-09 13:50:00,19000.0,500,Buy,230668937
2024-08-09 13:50:01,19000.0,1000,Buy,230668983
2024-08-09 13:50:01,19000.0,100,Buy,230668982
2024-08-09 13:50:02,18950.0,300,Sell,230668996
2024-08-09 13:50:02,18900.0,1500,Sell,230669009
2024-08-09 13:50:02,18900.0,100,Sell,230669008
2024-08-09 13:50:02,18900.0,100,Sell,230669007
2024-08-09 13:50:02,18900.0,200,Sell,230669006
2024-08-09 13:50:02,18900.0,100,Sell,230669005
2024-08-09 13:50:02,18900.0,100,Sell,230669004
2024-08-09 13:50:02,18900.0,1300,Sell,230669010
2024-08-09 13:50:02,18950.0,200,Sell,230669002
2024-08-09 13:50:02,18950.0,5000,Sell,230669001
2024-08-09 13:50:02,18950.0,1000,Sell,230669000
2024-08-09 13:50:02,18950.0,200,Sell,230668999
2024-08-09 13:50:02,18950.0,200,Sell,230668998
2024-08-09 13:50:02,18950.0,200,Sell,230668997
