time,price,volume,match_type,id
2024-07-26 12:59:40,20000.0,1000,Buy,226688773
2024-07-26 12:59:40,20050.0,300,Buy,226688779
2024-07-26 12:59:40,20000.0,700,Buy,226688778
2024-07-26 12:59:40,20050.0,200,Buy,226688774
2024-07-26 12:59:40,20000.0,500,Sell,226688776
2024-07-26 12:59:40,20000.0,100,Buy,226688777
2024-07-26 12:59:40,20050.0,100,Buy,226688775
2024-07-26 12:59:41,20000.0,100,Sell,226689111
2024-07-26 12:59:41,20000.0,200,Sell,226689110
2024-07-26 12:59:41,20050.0,100,Buy,226689107
2024-07-26 12:59:41,20050.0,1000,Buy,226689108
2024-07-26 12:59:41,20000.0,200,Sell,226689109
2024-07-26 12:59:42,20050.0,100,Buy,226689419
2024-07-26 12:59:42,19600.0,5000,Sell,226689424
2024-07-26 12:59:42,19600.0,100,Sell,226689423
2024-07-26 12:59:42,20050.0,300,Buy,226689418
2024-07-26 12:59:42,20000.0,700,Sell,226689421
2024-07-26 12:59:42,20050.0,300,Buy,226689420
2024-07-26 12:59:42,19800.0,200,Sell,226689422
2024-07-26 12:59:44,19900.0,100,Buy,226690083
2024-07-26 12:59:44,19900.0,1000,Buy,226690082
2024-07-26 12:59:44,19900.0,200,Buy,226690081
2024-07-26 12:59:44,19900.0,2000,Buy,226690080
2024-07-26 12:59:44,19850.0,400,Sell,226690079
2024-07-26 12:59:44,19850.0,1000,Sell,226690078
2024-07-26 12:59:44,19900.0,100,Buy,226690077
2024-07-26 12:59:44,19850.0,300,Sell,226690075
2024-07-26 12:59:44,19900.0,200,Buy,226690074
2024-07-26 12:59:44,19900.0,100,Buy,226690073
2024-07-26 12:59:44,19850.0,1900,Sell,226689838
2024-07-26 12:59:44,19900.0,1000,Sell,226689837
2024-07-26 12:59:44,20000.0,100,Sell,226689836
2024-07-26 12:59:44,20050.0,5000,Buy,226689835
2024-07-26 12:59:44,19900.0,100,Buy,226690076
2024-07-26 12:59:46,19500.0,500,Sell,226690313
2024-07-26 12:59:46,19500.0,3100,Sell,226690387
2024-07-26 12:59:46,19500.0,300,Sell,226690314
2024-07-26 12:59:46,19500.0,100,Sell,226690312
2024-07-26 12:59:46,19500.0,100,Sell,226690310
2024-07-26 12:59:46,19500.0,2000,Sell,226690309
2024-07-26 12:59:46,19600.0,5000,Sell,226690308
2024-07-26 12:59:46,19750.0,100,Sell,226690307
2024-07-26 12:59:46,19500.0,500,Sell,226690311
2024-07-26 12:59:46,19850.0,1400,Sell,226690306
2024-07-26 12:59:47,19600.0,100,Buy,226690471
2024-07-26 12:59:48,19500.0,100,Sell,226690674
2024-07-26 12:59:53,19600.0,500,Buy,226691295
2024-07-26 12:59:53,19600.0,2400,Buy,226691296
2024-07-26 12:59:53,19600.0,2600,Buy,226691297
2024-07-26 12:59:54,20000.0,400,Buy,226691555
2024-07-26 12:59:54,20000.0,100,Buy,226691556
2024-07-26 12:59:54,20000.0,100,Buy,226691557
2024-07-26 12:59:54,20000.0,200,Buy,226691558
2024-07-26 12:59:54,20000.0,200,Buy,226691559
2024-07-26 12:59:54,19500.0,100,Sell,226691568
2024-07-26 12:59:54,20000.0,100,Buy,226691566
2024-07-26 12:59:54,20000.0,1000,Buy,226691567
2024-07-26 12:59:54,20000.0,1000,Buy,226691573
2024-07-26 12:59:54,20000.0,400,Buy,226691565
2024-07-26 12:59:54,20000.0,100,Buy,226691554
2024-07-26 12:59:54,19950.0,400,Buy,226691537
2024-07-26 12:59:54,19500.0,500,Sell,226691552
2024-07-26 12:59:54,19500.0,500,Sell,226691553
2024-07-26 12:59:54,19600.0,400,Buy,226691532
2024-07-26 12:59:54,19800.0,500,Buy,226691533
2024-07-26 12:59:54,19900.0,100,Buy,226691534
2024-07-26 12:59:54,19900.0,600,Buy,226691536
2024-07-26 12:59:54,19900.0,500,Buy,226691535
2024-07-26 12:59:54,20000.0,900,Buy,226691539
2024-07-26 12:59:54,20000.0,100,Buy,226691540
2024-07-26 12:59:54,20000.0,1000,Buy,226691541
2024-07-26 12:59:54,20000.0,200,Buy,226691551
2024-07-26 12:59:54,19950.0,100,Buy,226691538
2024-07-26 12:59:55,19500.0,200,Sell,226691581
2024-07-26 12:59:55,20000.0,500,Buy,226691575
2024-07-26 12:59:55,19500.0,1400,Sell,226691579
2024-07-26 12:59:55,19500.0,1000,Sell,226691580
2024-07-26 12:59:55,19500.0,7400,Sell,226691582
2024-07-26 12:59:55,19500.0,5000,Sell,226691583
2024-07-26 12:59:55,19500.0,3000,Sell,226691584
2024-07-26 12:59:56,19700.0,2000,Buy,226691718
2024-07-26 12:59:57,19700.0,6000,Sell,226691749
2024-07-26 12:59:57,19500.0,10000,Sell,226691750
2024-07-26 12:59:57,19700.0,2000,Sell,226691748
2024-07-26 13:00:03,19550.0,800,Sell,226692033
2024-07-26 13:00:03,19550.0,200,Sell,226692039
2024-07-26 13:00:03,19500.0,700,Sell,226692040
2024-07-26 13:00:04,19900.0,400,Buy,226692059
2024-07-26 13:00:04,19900.0,600,Buy,226692075
2024-07-26 13:00:04,19900.0,2000,Buy,226692076
2024-07-26 13:00:05,20000.0,5200,Buy,226692120
2024-07-26 13:00:06,20000.0,100,Buy,226692165
2024-07-26 13:00:06,20000.0,600,Buy,226692156
2024-07-26 13:00:08,19950.0,500,Buy,226692217
2024-07-26 13:00:08,19900.0,400,Sell,226692218
2024-07-26 13:00:09,19900.0,400,Sell,226692240
2024-07-26 13:00:09,19900.0,6600,Sell,226692244
2024-07-26 13:00:11,19800.0,100,Sell,226692288
2024-07-26 13:00:11,19600.0,8900,Sell,226692289
2024-07-26 13:00:12,19900.0,200,Buy,226692299
2024-07-26 13:00:13,19900.0,200,Buy,226692312
2024-07-26 13:00:14,19900.0,1000,Buy,226692345
2024-07-26 13:00:16,19850.0,100,Buy,226692376
2024-07-26 13:00:16,19600.0,600,Sell,226692372
2024-07-26 13:00:21,19700.0,1700,Buy,226692445
2024-07-26 13:00:22,19850.0,1000,Buy,226692458
2024-07-26 13:00:25,19800.0,200,Buy,226692508
2024-07-26 13:00:32,19700.0,1000,Sell,226692575
2024-07-26 13:00:32,19700.0,300,Buy,226692591
2024-07-26 13:00:33,19700.0,500,Buy,226692643
2024-07-26 13:00:34,19700.0,200,Buy,226692656
2024-07-26 13:00:34,19700.0,6800,Buy,226692657
2024-07-26 13:00:34,19650.0,2000,Sell,226692658
2024-07-26 13:00:35,19700.0,200,Buy,226692659
2024-07-26 13:00:37,19600.0,200,Sell,226692712
2024-07-26 13:00:37,19600.0,100,Sell,226692713
2024-07-26 13:00:37,19600.0,500,Sell,226692714
2024-07-26 13:00:37,19600.0,300,Sell,226692715
2024-07-26 13:00:37,19600.0,1000,Sell,226692716
2024-07-26 13:00:37,19600.0,100,Sell,226692717
2024-07-26 13:00:37,19600.0,500,Sell,226692718
2024-07-26 13:00:37,19600.0,6800,Sell,226692719
2024-07-26 13:00:37,19750.0,500,Buy,226692720
2024-07-26 13:00:37,19600.0,500,Sell,226692711
2024-07-26 13:00:38,19550.0,8700,Sell,226692740
2024-07-26 13:00:38,19550.0,100,Sell,226692739
2024-07-26 13:00:38,19550.0,200,Sell,226692738
2024-07-26 13:00:38,19600.0,200,Sell,226692733
2024-07-26 13:00:38,19550.0,200,Sell,226692736
2024-07-26 13:00:38,19600.0,20000,Sell,226692735
2024-07-26 13:00:38,19600.0,500,Sell,226692734
2024-07-26 13:00:38,19550.0,100,Sell,226692737
2024-07-26 13:00:39,19550.0,900,Sell,226692749
2024-07-26 13:00:39,19700.0,1000,Sell,226692746
2024-07-26 13:00:39,19700.0,100,Sell,226692747
2024-07-26 13:00:39,19550.0,1300,Sell,226692748
2024-07-26 13:00:40,19700.0,500,Sell,226692786
2024-07-26 13:00:41,19700.0,100,Sell,226692790
2024-07-26 13:00:41,19700.0,900,Sell,226692791
2024-07-26 13:00:41,19700.0,200,Sell,226692792
2024-07-26 13:00:41,19700.0,600,Sell,226692801
2024-07-26 13:00:41,19700.0,100,Buy,226692802
2024-07-26 13:00:42,19700.0,100,Buy,226692807
2024-07-26 13:00:42,19700.0,1000,Buy,226692809
2024-07-26 13:00:44,19600.0,200,Sell,226692834
2024-07-26 13:00:46,19600.0,2600,Sell,226692847
2024-07-26 13:00:48,19550.0,6000,Sell,226692880
2024-07-26 13:00:49,19550.0,300,Sell,226692883
2024-07-26 13:00:49,19550.0,8700,Sell,226692902
2024-07-26 13:00:49,19550.0,1300,Sell,226692903
2024-07-26 13:00:50,19550.0,100,Sell,226692905
2024-07-26 13:00:51,19550.0,1600,Sell,226692937
2024-07-26 13:00:51,19550.0,100,Sell,226692938
2024-07-26 13:00:52,19600.0,200,Buy,226692947
2024-07-26 13:00:53,19550.0,500,Buy,226692961
2024-07-26 13:00:54,19550.0,500,Buy,226692976
2024-07-26 13:00:54,19550.0,200,Buy,226692984
2024-07-26 13:00:55,19550.0,100,Buy,226692992
2024-07-26 13:00:56,19550.0,100,Buy,226693001
2024-07-26 13:00:59,19550.0,700,Buy,226693048
2024-07-26 13:00:59,19550.0,1300,Buy,226693049
2024-07-26 13:00:59,19500.0,100,Sell,226693050
2024-07-26 13:01:00,19500.0,100,Sell,226693094
2024-07-26 13:01:00,19500.0,500,Sell,226693095
2024-07-26 13:01:00,19500.0,1000,Sell,226693096
2024-07-26 13:01:00,19500.0,100,Sell,226693099
2024-07-26 13:01:00,19500.0,200,Sell,226693097
2024-07-26 13:01:00,19500.0,100,Sell,226693098
2024-07-26 13:01:00,19500.0,1000,Sell,226693102
2024-07-26 13:01:00,19500.0,200,Sell,226693093
2024-07-26 13:01:00,19500.0,300,Sell,226693092
2024-07-26 13:01:00,19500.0,2000,Sell,226693086
2024-07-26 13:01:00,19500.0,500,Sell,226693090
2024-07-26 13:01:00,19500.0,15000,Sell,226693091
2024-07-26 13:01:00,19550.0,400,Buy,226693081
2024-07-26 13:01:00,19500.0,100,Sell,226693083
2024-07-26 13:01:00,19500.0,500,Sell,226693084
2024-07-26 13:01:00,19500.0,500,Sell,226693085
2024-07-26 13:01:00,19500.0,500,Sell,226693087
2024-07-26 13:01:00,19500.0,5000,Sell,226693089
2024-07-26 13:01:00,19500.0,100,Sell,226693088
2024-07-26 13:01:01,19550.0,100,Buy,226693110
2024-07-26 13:01:02,19500.0,2000,Buy,226693124
2024-07-26 13:01:03,19500.0,1000,Buy,226693194
2024-07-26 13:01:03,19450.0,100,Sell,226693204
2024-07-26 13:01:03,19450.0,1200,Sell,226693205
2024-07-26 13:01:03,19500.0,1000,Buy,226693206
2024-07-26 13:01:04,19450.0,1000,Sell,226693234
2024-07-26 13:01:05,19500.0,200,Sell,226693238
2024-07-26 13:01:06,19500.0,10000,Buy,226693249
2024-07-26 13:01:07,19450.0,800,Sell,226693272
2024-07-26 13:01:07,19450.0,900,Sell,226693273
2024-07-26 13:01:07,19450.0,600,Sell,226693274
2024-07-26 13:01:09,19450.0,1000,Sell,226693333
2024-07-26 13:01:09,19450.0,3900,Sell,226693327
2024-07-26 13:01:09,19500.0,10000,Buy,226693320
2024-07-26 13:01:09,19500.0,200,Buy,226693328
2024-07-26 13:01:10,19450.0,3600,Sell,226693339
2024-07-26 13:01:10,19450.0,200,Sell,226693340
2024-07-26 13:01:11,19450.0,300,Buy,226693440
2024-07-26 13:01:11,19450.0,100,Buy,226693441
2024-07-26 13:01:12,19450.0,100,Buy,226693445
2024-07-26 13:01:15,19450.0,200,Buy,226693509
2024-07-26 13:01:15,19450.0,1000,Buy,226693510
2024-07-26 13:01:16,19500.0,7700,Buy,226693519
2024-07-26 13:01:16,19500.0,3400,Buy,226693522
2024-07-26 13:01:16,19450.0,2500,Buy,226693518
2024-07-26 13:01:16,19500.0,100,Buy,226693521
2024-07-26 13:01:16,19450.0,200,Buy,226693516
2024-07-26 13:01:16,19450.0,100,Buy,226693517
2024-07-26 13:01:16,19450.0,4900,Buy,226693513
2024-07-26 13:01:16,19500.0,1000,Buy,226693520
2024-07-26 13:01:16,19450.0,100,Buy,226693515
2024-07-26 13:01:16,19450.0,10000,Buy,226693514
2024-07-26 13:01:17,19400.0,100,Sell,226693547
2024-07-26 13:01:17,19450.0,1000,Buy,226693535
2024-07-26 13:01:17,19450.0,300,Buy,226693536
2024-07-26 13:01:17,19500.0,2800,Buy,226693537
2024-07-26 13:01:17,19500.0,100,Buy,226693538
2024-07-26 13:01:17,19500.0,10000,Buy,226693539
2024-07-26 13:01:17,19500.0,800,Buy,226693540
2024-07-26 13:01:17,19500.0,700,Buy,226693541
2024-07-26 13:01:17,19500.0,4000,Buy,226693542
2024-07-26 13:01:17,19500.0,300,Buy,226693543
2024-07-26 13:01:17,19400.0,100,Sell,226693544
2024-07-26 13:01:17,19400.0,100,Sell,226693545
2024-07-26 13:01:17,19400.0,200,Sell,226693546
2024-07-26 13:01:18,19300.0,300,Sell,226693581
2024-07-26 13:01:19,19300.0,100,Sell,226693598
2024-07-26 13:01:20,19300.0,100,Sell,226693622
2024-07-26 13:01:20,19300.0,300,Sell,226693623
2024-07-26 13:01:20,19300.0,600,Sell,226693621
2024-07-26 13:01:21,19300.0,1700,Sell,226693625
2024-07-26 13:01:21,19250.0,100,Sell,226693626
2024-07-26 13:01:21,19200.0,200,Sell,226693627
2024-07-26 13:01:21,19400.0,100,Buy,226693628
2024-07-26 13:01:21,19400.0,100,Buy,226693635
2024-07-26 13:01:22,19300.0,500,Buy,226693650
2024-07-26 13:01:24,19200.0,100,Sell,226693682
2024-07-26 13:01:24,19200.0,2900,Sell,226693683
2024-07-26 13:01:24,19200.0,200,Sell,226693704
2024-07-26 13:01:24,19300.0,200,Buy,226693705
2024-07-26 13:01:26,19200.0,1200,Sell,226693742
2024-07-26 13:01:26,19200.0,500,Sell,226693741
2024-07-26 13:01:26,19200.0,200,Sell,226693740
2024-07-26 13:01:26,19300.0,6000,Sell,226693738
2024-07-26 13:01:26,19300.0,700,Buy,226693737
2024-07-26 13:01:26,19300.0,300,Buy,226693736
2024-07-26 13:01:26,19200.0,2100,Sell,226693739
2024-07-26 13:01:28,19250.0,100,Sell,226693777
2024-07-26 13:01:29,19250.0,200,Sell,226693815
2024-07-26 13:01:30,19200.0,1000,Sell,226693821
2024-07-26 13:01:31,19250.0,300,Buy,226693839
2024-07-26 13:01:31,19250.0,400,Buy,226693840
2024-07-26 13:01:31,19200.0,1900,Sell,226693835
2024-07-26 13:01:32,19250.0,600,Sell,226693846
2024-07-26 13:01:32,19200.0,4400,Sell,226693847
2024-07-26 13:01:33,19250.0,200,Sell,226693859
2024-07-26 13:01:34,19250.0,1700,Sell,226693868
2024-07-26 13:01:34,19200.0,21500,Sell,226693869
2024-07-26 13:01:34,19200.0,200,Sell,226693870
2024-07-26 13:01:34,19200.0,1600,Sell,226693871
2024-07-26 13:01:35,19250.0,1000,Buy,226693930
2024-07-26 13:01:35,19250.0,1000,Buy,226693931
2024-07-26 13:01:36,19200.0,3000,Sell,226693949
2024-07-26 13:01:36,19200.0,1900,Sell,226693950
2024-07-26 13:01:36,19250.0,100,Buy,226693947
2024-07-26 13:01:36,19200.0,100,Sell,226693948
2024-07-26 13:01:37,19200.0,4700,Sell,226693956
2024-07-26 13:01:37,19200.0,1000,Sell,226693957
2024-07-26 13:01:37,19200.0,100,Sell,226693958
2024-07-26 13:01:37,19200.0,2000,Sell,226693959
2024-07-26 13:01:37,19100.0,2000,Sell,226693961
2024-07-26 13:01:38,19150.0,5100,Sell,226694028
2024-07-26 13:01:38,19150.0,8000,Buy,226694027
2024-07-26 13:01:38,19150.0,2000,Buy,226694019
2024-07-26 13:01:38,19150.0,10000,Buy,226694020
2024-07-26 13:01:39,19150.0,7000,Sell,226694044
2024-07-26 13:01:39,19200.0,1800,Buy,226694048
2024-07-26 13:01:40,19200.0,1500,Buy,226694064
2024-07-26 13:01:41,19150.0,21800,Sell,226694085
2024-07-26 13:01:41,19150.0,5000,Sell,226694127
2024-07-26 13:01:42,19150.0,500,Sell,226694145
2024-07-26 13:01:43,19150.0,2600,Sell,226694172
2024-07-26 13:01:44,19150.0,200,Buy,226694188
2024-07-26 13:01:44,19200.0,700,Buy,226694197
2024-07-26 13:01:44,19150.0,200,Buy,226694174
2024-07-26 13:01:44,19150.0,100,Buy,226694189
2024-07-26 13:01:44,19150.0,1100,Sell,226694196
2024-07-26 13:01:45,19150.0,1000,Sell,226694201
2024-07-26 13:01:45,19150.0,800,Sell,226694212
2024-07-26 13:01:46,19200.0,1000,Buy,226694227
2024-07-26 13:01:48,19150.0,600,Sell,226694283
2024-07-26 13:01:48,19150.0,7200,Sell,226694292
2024-07-26 13:01:48,19200.0,3000,Buy,226694286
2024-07-26 13:01:49,19150.0,1000,Sell,226694305
2024-07-26 13:01:49,19150.0,900,Sell,226694314
2024-07-26 13:01:49,19150.0,1900,Sell,226694315
2024-07-26 13:01:50,19150.0,100,Buy,226694334
2024-07-26 13:01:50,19150.0,3100,Sell,226694328
2024-07-26 13:01:50,19150.0,10000,Buy,226694329
2024-07-26 13:01:51,19150.0,500,Buy,226694350
2024-07-26 13:01:51,19150.0,6300,Buy,226694335
2024-07-26 13:01:52,19150.0,4500,Sell,226694358
2024-07-26 13:01:52,19150.0,200,Sell,226694359
2024-07-26 13:01:52,19150.0,5000,Buy,226694372
2024-07-26 13:01:53,19150.0,2800,Buy,226694404
2024-07-26 13:01:53,19150.0,200,Buy,226694402
2024-07-26 13:01:53,19200.0,100,Buy,226694400
2024-07-26 13:01:53,19200.0,5000,Buy,226694399
2024-07-26 13:01:53,19200.0,500,Buy,226694398
2024-07-26 13:01:53,19200.0,300,Buy,226694397
2024-07-26 13:01:53,19150.0,4700,Buy,226694395
2024-07-26 13:01:53,19150.0,2400,Buy,226694394
2024-07-26 13:01:53,19150.0,8800,Buy,226694393
2024-07-26 13:01:53,19150.0,2000,Buy,226694392
2024-07-26 13:01:53,19200.0,26200,Buy,226694396
2024-07-26 13:01:54,19150.0,500,Sell,226694415
2024-07-26 13:01:54,19150.0,3700,Sell,226694416
2024-07-26 13:01:54,19150.0,2000,Buy,226694417
2024-07-26 13:01:55,19100.0,200,Sell,226694424
2024-07-26 13:01:56,19150.0,600,Buy,226694438
2024-07-26 13:01:56,19100.0,600,Sell,226694437
2024-07-26 13:01:57,19150.0,100,Buy,226694449
2024-07-26 13:01:58,19150.0,100,Buy,226694451
2024-07-26 13:01:58,19150.0,500,Buy,226694452
2024-07-26 13:01:59,19300.0,1500,Buy,226694505
2024-07-26 13:01:59,19200.0,100,Buy,226694500
2024-07-26 13:01:59,19200.0,1000,Buy,226694499
2024-07-26 13:01:59,19200.0,500,Buy,226694498
2024-07-26 13:01:59,19200.0,1400,Buy,226694497
2024-07-26 13:01:59,19200.0,300,Buy,226694496
2024-07-26 13:01:59,19200.0,500,Buy,226694495
2024-07-26 13:01:59,19200.0,1300,Buy,226694494
2024-07-26 13:01:59,19150.0,100,Buy,226694480
2024-07-26 13:01:59,19200.0,100,Buy,226694492
2024-07-26 13:01:59,19200.0,200,Buy,226694493
2024-07-26 13:01:59,19150.0,8000,Buy,226694485
2024-07-26 13:01:59,19150.0,2000,Buy,226694486
2024-07-26 13:01:59,19200.0,15100,Buy,226694487
2024-07-26 13:01:59,19250.0,500,Buy,226694504
2024-07-26 13:01:59,19200.0,2600,Buy,226694489
2024-07-26 13:01:59,19200.0,100,Buy,226694488
2024-07-26 13:01:59,19200.0,5000,Buy,226694490
2024-07-26 13:01:59,19200.0,1000,Buy,226694491
2024-07-26 13:02:03,19300.0,1000,Buy,226694573
2024-07-26 13:02:03,19200.0,4000,Sell,226694577
2024-07-26 13:02:05,19200.0,1000,Sell,226694609
2024-07-26 13:02:05,19300.0,100,Buy,226694603
2024-07-26 13:02:05,19250.0,200,Buy,226694598
2024-07-26 13:02:07,19300.0,2000,Buy,226694631
2024-07-26 13:02:07,19300.0,1400,Buy,226694633
2024-07-26 13:02:07,19300.0,5000,Buy,226694634
2024-07-26 13:02:07,19300.0,1500,Buy,226694635
2024-07-26 13:02:07,19200.0,2000,Sell,226694656
2024-07-26 13:02:07,19300.0,300,Buy,226694657
2024-07-26 13:02:07,19300.0,500,Buy,226694658
2024-07-26 13:02:07,19300.0,400,Buy,226694632
2024-07-26 13:02:08,19300.0,600,Sell,226694691
2024-07-26 13:02:08,19400.0,1000,Buy,226694684
2024-07-26 13:02:08,19400.0,1000,Buy,226694685
2024-07-26 13:02:09,19300.0,300,Sell,226694710
2024-07-26 13:02:10,19300.0,200,Sell,226694739
2024-07-26 13:02:12,19300.0,200,Sell,226694775
2024-07-26 13:02:12,19300.0,100,Sell,226694777
2024-07-26 13:02:13,19300.0,3700,Sell,226694798
2024-07-26 13:02:14,19400.0,400,Buy,226694810
2024-07-26 13:02:15,19300.0,200,Sell,226694854
2024-07-26 13:02:18,19350.0,500,Buy,226694886
2024-07-26 13:02:19,19300.0,3900,Sell,226694910
2024-07-26 13:02:19,19300.0,200,Sell,226694911
2024-07-26 13:02:19,19300.0,5000,Sell,226694912
2024-07-26 13:02:19,19300.0,500,Sell,226694913
2024-07-26 13:02:19,19300.0,200,Sell,226694915
2024-07-26 13:02:19,19300.0,1000,Sell,226694916
2024-07-26 13:02:19,19300.0,1000,Sell,226694917
2024-07-26 13:02:19,19300.0,2000,Sell,226694918
2024-07-26 13:02:19,19300.0,100,Sell,226694919
2024-07-26 13:02:19,19300.0,800,Buy,226694926
2024-07-26 13:02:19,19300.0,100,Sell,226694914
2024-07-26 13:02:20,19300.0,11000,Buy,226694935
2024-07-26 13:02:23,19350.0,100,Sell,226694991
2024-07-26 13:02:23,19350.0,1400,Sell,226694987
2024-07-26 13:02:23,19350.0,500,Sell,226694990
2024-07-26 13:02:23,19350.0,100,Sell,226694986
2024-07-26 13:02:24,19400.0,2300,Buy,226695011
2024-07-26 13:02:26,19350.0,200,Sell,226695039
2024-07-26 13:02:27,19350.0,400,Sell,226695045
2024-07-26 13:02:27,19400.0,900,Buy,226695046
2024-07-26 13:02:27,19350.0,1500,Sell,226695050
2024-07-26 13:02:27,19350.0,900,Sell,226695061
2024-07-26 13:02:27,19350.0,500,Sell,226695062
2024-07-26 13:02:27,19300.0,2100,Sell,226695063
2024-07-26 13:02:29,19350.0,2000,Buy,226695093
2024-07-26 13:02:30,19350.0,500,Buy,226695130
2024-07-26 13:02:30,19300.0,600,Sell,226695134
2024-07-26 13:02:30,19350.0,200,Buy,226695135
2024-07-26 13:02:31,19350.0,7400,Buy,226695140
2024-07-26 13:02:32,19350.0,100,Buy,226695165
2024-07-26 13:02:34,19350.0,3000,Sell,226695209
2024-07-26 13:02:36,19400.0,200,Buy,226695250
2024-07-26 13:02:37,19300.0,100,Buy,226695303
2024-07-26 13:02:37,19300.0,500,Buy,226695292
2024-07-26 13:02:37,19300.0,300,Sell,226695291
2024-07-26 13:02:37,19300.0,100,Sell,226695290
2024-07-26 13:02:37,19300.0,400,Sell,226695289
2024-07-26 13:02:37,19300.0,1000,Sell,226695288
2024-07-26 13:02:37,19300.0,300,Sell,226695287
2024-07-26 13:02:37,19300.0,1000,Sell,226695286
2024-07-26 13:02:37,19300.0,1600,Sell,226695285
2024-07-26 13:02:37,19300.0,2000,Sell,226695284
2024-07-26 13:02:37,19400.0,5000,Buy,226695267
2024-07-26 13:02:37,19300.0,5000,Sell,226695282
2024-07-26 13:02:37,19350.0,7200,Sell,226695273
2024-07-26 13:02:37,19350.0,200,Sell,226695274
2024-07-26 13:02:37,19350.0,5000,Sell,226695275
2024-07-26 13:02:37,19350.0,500,Sell,226695276
2024-07-26 13:02:37,19300.0,1000,Sell,226695283
2024-07-26 13:02:37,19350.0,100,Sell,226695278
2024-07-26 13:02:37,19300.0,7300,Sell,226695279
2024-07-26 13:02:37,19300.0,200,Sell,226695280
2024-07-26 13:02:37,19300.0,1800,Sell,226695281
2024-07-26 13:02:37,19350.0,200,Sell,226695277
2024-07-26 13:02:38,19300.0,1000,Buy,226695304
2024-07-26 13:02:38,19300.0,8200,Buy,226695306
2024-07-26 13:02:41,19350.0,500,Sell,226695356
2024-07-26 13:02:42,19300.0,600,Sell,226695404
2024-07-26 13:02:42,19300.0,300,Sell,226695403
2024-07-26 13:02:42,19350.0,100,Sell,226695401
2024-07-26 13:02:42,19300.0,500,Sell,226695402
2024-07-26 13:02:42,19350.0,500,Sell,226695400
2024-07-26 13:02:44,19400.0,3000,Buy,226695446
2024-07-26 13:02:44,19350.0,500,Sell,226695457
2024-07-26 13:02:48,19350.0,500,Sell,226695549
2024-07-26 13:02:48,19350.0,1000,Sell,226695550
2024-07-26 13:02:48,19300.0,300,Sell,226695551
2024-07-26 13:02:49,19350.0,500,Buy,226695572
2024-07-26 13:02:50,19400.0,300,Buy,226695588
2024-07-26 13:02:50,19350.0,200,Buy,226695587
2024-07-26 13:02:51,19400.0,100,Buy,226695608
2024-07-26 13:02:53,19400.0,100,Buy,226695652
2024-07-26 13:02:54,19350.0,1000,Buy,226695675
2024-07-26 13:02:57,19400.0,10000,Buy,226695705
2024-07-26 13:02:58,19400.0,200,Buy,226695736
2024-07-26 13:02:58,19400.0,200,Buy,226695735
2024-07-26 13:02:58,19400.0,4000,Buy,226695734
2024-07-26 13:02:58,19400.0,1000,Buy,226695733
2024-07-26 13:02:58,19400.0,500,Buy,226695732
2024-07-26 13:02:58,19400.0,1000,Buy,226695728
2024-07-26 13:02:58,19400.0,17000,Buy,226695730
2024-07-26 13:02:58,19400.0,2200,Buy,226695729
2024-07-26 13:02:58,19400.0,100,Buy,226695731
2024-07-26 13:02:58,19400.0,23300,Buy,226695727
2024-07-26 13:02:58,19400.0,200,Buy,226695726
2024-07-26 13:02:59,19350.0,1000,Sell,226695752
2024-07-26 13:02:59,19350.0,500,Sell,226695753
2024-07-26 13:02:59,19350.0,1000,Buy,226695762
2024-07-26 13:03:00,19350.0,3300,Buy,226695769
2024-07-26 13:03:01,19400.0,700,Buy,226695804
2024-07-26 13:03:01,19400.0,3000,Buy,226695803
2024-07-26 13:03:04,19400.0,500,Sell,226695897
2024-07-26 13:03:06,19400.0,20000,Sell,226695946
2024-07-26 13:03:07,19400.0,500,Sell,226695972
2024-07-26 13:03:08,19450.0,400,Buy,226695989
2024-07-26 13:03:08,19450.0,500,Buy,226695981
2024-07-26 13:03:08,19400.0,200,Sell,226695982
2024-07-26 13:03:08,19400.0,2000,Sell,226695988
2024-07-26 13:03:09,19450.0,800,Sell,226696008
2024-07-26 13:03:09,19450.0,200,Sell,226696009
2024-07-26 13:03:10,19500.0,200,Sell,226696036
2024-07-26 13:03:10,19500.0,700,Buy,226696029
2024-07-26 13:03:10,19500.0,200,Buy,226696030
2024-07-26 13:03:10,19500.0,1000,Buy,226696031
2024-07-26 13:03:10,19500.0,10000,Buy,226696032
2024-07-26 13:03:10,19500.0,500,Buy,226696033
2024-07-26 13:03:10,19500.0,500,Buy,226696034
2024-07-26 13:03:10,19500.0,200,Buy,226696035
2024-07-26 13:03:14,19550.0,100,Buy,226696127
2024-07-26 13:03:17,19550.0,500,Buy,226696214
2024-07-26 13:03:27,19600.0,500,Buy,226696427
2024-07-26 13:03:27,19600.0,100,Buy,226696428
2024-07-26 13:03:27,19600.0,100,Buy,226696430
2024-07-26 13:03:27,19600.0,100,Buy,226696446
2024-07-26 13:03:29,19600.0,700,Buy,226696459
2024-07-26 13:03:29,19600.0,100,Buy,226696460
2024-07-26 13:03:32,19600.0,200,Sell,226696506
2024-07-26 13:03:32,19600.0,100,Sell,226696507
2024-07-26 13:03:32,19600.0,200,Sell,226696508
2024-07-26 13:03:34,19600.0,200,Buy,226696577
2024-07-26 13:03:34,19600.0,300,Buy,226696596
2024-07-26 13:03:37,19650.0,3000,Buy,226696635
2024-07-26 13:03:38,19650.0,1400,Buy,226696641
2024-07-26 13:03:39,19600.0,100,Sell,226696678
2024-07-26 13:03:40,19600.0,1500,Sell,226696699
2024-07-26 13:03:40,19650.0,300,Buy,226696700
2024-07-26 13:03:40,19600.0,100,Sell,226696697
2024-07-26 13:03:40,19600.0,200,Sell,226696698
2024-07-26 13:03:41,19650.0,500,Buy,226696708
2024-07-26 13:03:42,19600.0,500,Sell,226696742
2024-07-26 13:03:45,19650.0,300,Buy,226696836
2024-07-26 13:03:45,19650.0,14500,Buy,226696875
2024-07-26 13:03:49,19700.0,100,Buy,226696973
2024-07-26 13:03:49,19700.0,100,Buy,226696974
2024-07-26 13:03:49,19700.0,500,Buy,226696975
2024-07-26 13:03:50,19700.0,300,Sell,226697008
2024-07-26 13:03:54,19700.0,7000,Sell,226697111
2024-07-26 13:03:54,19650.0,2800,Sell,226697112
2024-07-26 13:03:54,19700.0,200,Sell,226697110
2024-07-26 13:03:57,19700.0,100,Sell,226697153
2024-07-26 13:03:57,19700.0,900,Sell,226697154
2024-07-26 13:04:00,19700.0,100,Sell,226697191
2024-07-26 13:04:00,19700.0,100,Sell,226697194
2024-07-26 13:04:02,19700.0,100,Buy,226697222
2024-07-26 13:04:02,19700.0,100,Buy,226697223
2024-07-26 13:04:02,19700.0,700,Sell,226697215
2024-07-26 13:04:02,19700.0,300,Sell,226697216
2024-07-26 13:04:03,19700.0,400,Buy,226697248
2024-07-26 13:04:04,19700.0,2400,Buy,226697270
2024-07-26 13:04:05,19700.0,300,Buy,226697283
2024-07-26 13:04:06,19700.0,100,Buy,226697294
2024-07-26 13:04:06,19700.0,100,Buy,226697295
2024-07-26 13:04:07,19700.0,500,Buy,226697310
2024-07-26 13:04:07,19700.0,300,Buy,226697315
2024-07-26 13:04:08,19700.0,1000,Buy,226697320
2024-07-26 13:04:08,19700.0,200,Buy,226697324
2024-07-26 13:04:09,19650.0,2700,Sell,226697345
2024-07-26 13:04:09,19650.0,500,Sell,226697346
2024-07-26 13:04:09,19650.0,300,Sell,226697347
2024-07-26 13:04:09,19700.0,500,Buy,226697351
2024-07-26 13:04:09,19700.0,1000,Buy,226697354
2024-07-26 13:04:10,19700.0,600,Buy,226697378
2024-07-26 13:04:10,19700.0,1800,Buy,226697377
2024-07-26 13:04:10,19700.0,200,Buy,226697358
2024-07-26 13:04:11,19750.0,100,Buy,226697398
2024-07-26 13:04:12,19700.0,100,Sell,226697426
2024-07-26 13:04:13,19700.0,200,Sell,226697439
2024-07-26 13:04:13,19750.0,200,Buy,226697451
2024-07-26 13:04:13,19750.0,100,Buy,226697452
2024-07-26 13:04:13,19750.0,100,Buy,226697453
2024-07-26 13:04:13,19750.0,1000,Buy,226697454
2024-07-26 13:04:13,19750.0,100,Buy,226697455
2024-07-26 13:04:13,19800.0,100,Buy,226697456
2024-07-26 13:04:13,19800.0,1000,Buy,226697457
2024-07-26 13:04:13,19800.0,100,Buy,226697458
2024-07-26 13:04:13,19800.0,100,Buy,226697459
2024-07-26 13:04:13,19800.0,500,Buy,226697460
2024-07-26 13:04:13,19800.0,700,Buy,226697461
2024-07-26 13:04:14,19700.0,100,Sell,226697470
2024-07-26 13:04:19,19700.0,500,Sell,226697640
2024-07-26 13:04:19,19700.0,3000,Sell,226697643
2024-07-26 13:04:19,19700.0,100,Sell,226697642
2024-07-26 13:04:19,19700.0,100,Sell,226697639
2024-07-26 13:04:19,19700.0,100,Sell,226697641
2024-07-26 13:04:19,19700.0,100,Sell,226697637
2024-07-26 13:04:19,19750.0,100,Sell,226697622
2024-07-26 13:04:19,19750.0,100,Sell,226697634
2024-07-26 13:04:19,19700.0,2000,Sell,226697638
2024-07-26 13:04:19,19700.0,100,Sell,226697636
2024-07-26 13:04:19,19750.0,200,Sell,226697635
2024-07-26 13:04:23,19750.0,200,Buy,226697714
2024-07-26 13:04:26,19700.0,200,Sell,226697740
2024-07-26 13:04:28,19750.0,200,Buy,226697780
2024-07-26 13:04:28,19700.0,200,Sell,226697784
2024-07-26 13:04:29,19750.0,600,Buy,226697798
2024-07-26 13:04:33,19750.0,100,Buy,226697878
2024-07-26 13:04:33,19700.0,1800,Sell,226697877
2024-07-26 13:04:33,19700.0,1200,Sell,226697876
2024-07-26 13:04:35,19750.0,1200,Buy,226697921
2024-07-26 13:04:36,19750.0,300,Buy,226697935
2024-07-26 13:04:39,19750.0,400,Buy,226698024
2024-07-26 13:04:39,19750.0,600,Buy,226698025
2024-07-26 13:04:40,19750.0,500,Buy,226698057
2024-07-26 13:04:42,19750.0,1000,Buy,226698080
2024-07-26 13:04:43,19750.0,500,Buy,226698104
2024-07-26 13:04:43,19750.0,1000,Buy,226698111
2024-07-26 13:04:45,19700.0,100,Sell,226698149
2024-07-26 13:04:45,19750.0,500,Buy,226698153
2024-07-26 13:04:46,19750.0,100,Buy,226698165
2024-07-26 13:04:48,19750.0,1000,Buy,226698224
2024-07-26 13:04:50,19700.0,100,Sell,226698269
2024-07-26 13:04:50,19700.0,100,Sell,226698278
2024-07-26 13:04:50,19700.0,200,Sell,226698277
2024-07-26 13:04:50,19700.0,200,Sell,226698276
2024-07-26 13:04:50,19700.0,100,Sell,226698275
2024-07-26 13:04:50,19700.0,600,Sell,226698279
2024-07-26 13:04:50,19700.0,200,Sell,226698273
2024-07-26 13:04:50,19700.0,100,Sell,226698272
2024-07-26 13:04:50,19700.0,200,Sell,226698271
2024-07-26 13:04:50,19700.0,100,Sell,226698270
2024-07-26 13:04:50,19700.0,100,Sell,226698274
2024-07-26 13:04:56,19700.0,100,Sell,226698398
2024-07-26 13:04:56,19700.0,100,Sell,226698409
2024-07-26 13:04:59,19750.0,2400,Buy,226698461
2024-07-26 13:04:59,19700.0,100,Sell,226698455
2024-07-26 13:04:59,19700.0,200,Sell,226698460
2024-07-26 13:04:59,19700.0,200,Sell,226698459
2024-07-26 13:04:59,19700.0,200,Sell,226698458
2024-07-26 13:04:59,19700.0,100,Sell,226698457
2024-07-26 13:04:59,19700.0,500,Sell,226698456
2024-07-26 13:04:59,19700.0,1000,Sell,226698454
2024-07-26 13:04:59,19700.0,300,Sell,226698446
2024-07-26 13:04:59,19700.0,300,Sell,226698452
2024-07-26 13:04:59,19700.0,5100,Sell,226698451
2024-07-26 13:04:59,19700.0,1600,Sell,226698450
2024-07-26 13:04:59,19700.0,100,Sell,226698449
2024-07-26 13:04:59,19700.0,1000,Sell,226698448
2024-07-26 13:04:59,19700.0,400,Sell,226698447
2024-07-26 13:04:59,19700.0,3700,Sell,226698445
2024-07-26 13:04:59,19700.0,200,Sell,226698453
2024-07-26 13:05:01,19700.0,100,Sell,226698482
2024-07-26 13:05:01,19700.0,300,Sell,226698483
2024-07-26 13:05:01,19700.0,300,Sell,226698484
2024-07-26 13:05:01,19700.0,100,Sell,226698485
2024-07-26 13:05:01,19700.0,1000,Sell,226698486
2024-07-26 13:05:03,19700.0,1000,Buy,226698514
2024-07-26 13:05:04,19700.0,200,Buy,226698521
2024-07-26 13:05:08,19700.0,1000,Buy,226698575
2024-07-26 13:05:08,19700.0,2000,Buy,226698574
2024-07-26 13:05:09,19700.0,4000,Buy,226698580
2024-07-26 13:05:09,19700.0,100,Buy,226698587
2024-07-26 13:05:09,19700.0,100,Buy,226698588
2024-07-26 13:05:09,19700.0,100,Buy,226698589
2024-07-26 13:05:09,19700.0,100,Buy,226698590
2024-07-26 13:05:09,19700.0,2200,Buy,226698591
2024-07-26 13:05:09,19700.0,100,Sell,226698597
2024-07-26 13:05:10,19700.0,200,Sell,226698600
2024-07-26 13:05:10,19700.0,1000,Sell,226698601
2024-07-26 13:05:10,19750.0,200,Buy,226698609
2024-07-26 13:05:12,19700.0,7100,Sell,226698647
2024-07-26 13:05:12,19700.0,100,Sell,226698648
2024-07-26 13:05:12,19700.0,2800,Sell,226698649
2024-07-26 13:05:13,19700.0,200,Sell,226698661
2024-07-26 13:05:13,19750.0,30800,Buy,226698662
2024-07-26 13:05:14,19700.0,1000,Buy,226698685
2024-07-26 13:05:16,19750.0,6800,Buy,226698721
2024-07-26 13:05:17,19650.0,45800,Sell,226698762
2024-07-26 13:05:17,19650.0,200,Sell,226698761
2024-07-26 13:05:17,19650.0,200,Sell,226698760
2024-07-26 13:05:17,19700.0,2000,Sell,226698755
2024-07-26 13:05:17,19650.0,500,Sell,226698758
2024-07-26 13:05:17,19650.0,700,Sell,226698756
2024-07-26 13:05:17,19650.0,300,Sell,226698759
2024-07-26 13:05:17,19650.0,300,Sell,226698757
2024-07-26 13:05:18,19700.0,100,Buy,226698793
2024-07-26 13:05:18,19700.0,500,Buy,226698796
2024-07-26 13:05:22,19700.0,400,Buy,226698875
2024-07-26 13:05:22,19700.0,500,Buy,226698876
2024-07-26 13:05:24,19700.0,2000,Sell,226698932
2024-07-26 13:05:26,19750.0,1000,Buy,226698966
2024-07-26 13:05:26,19750.0,100,Buy,226698965
2024-07-26 13:05:26,19750.0,2000,Buy,226698964
2024-07-26 13:05:26,19750.0,100,Buy,226698963
2024-07-26 13:05:26,19750.0,400,Buy,226698962
2024-07-26 13:05:26,19750.0,1000,Buy,226698961
2024-07-26 13:05:26,19750.0,400,Buy,226698960
2024-07-26 13:05:26,19750.0,2400,Buy,226698959
2024-07-26 13:05:26,19750.0,100,Buy,226698958
2024-07-26 13:05:26,19750.0,4600,Buy,226698957
2024-07-26 13:05:28,19750.0,2600,Sell,226698991
2024-07-26 13:05:33,19750.0,5300,Sell,226699132
2024-07-26 13:05:33,19750.0,500,Sell,226699133
2024-07-26 13:05:33,19750.0,14200,Sell,226699134
2024-07-26 13:05:34,19800.0,1000,Buy,226699153
2024-07-26 13:05:34,19800.0,500,Buy,226699152
2024-07-26 13:05:34,19800.0,14300,Buy,226699149
2024-07-26 13:05:34,19800.0,100,Buy,226699150
2024-07-26 13:05:34,19800.0,500,Buy,226699151
2024-07-26 13:05:37,19750.0,200,Sell,226699215
2024-07-26 13:05:37,19750.0,200,Sell,226699216
2024-07-26 13:05:37,19750.0,600,Buy,226699221
2024-07-26 13:05:37,19750.0,5400,Buy,226699222
2024-07-26 13:05:39,19750.0,200,Buy,226699260
2024-07-26 13:05:41,19750.0,4400,Buy,226699283
2024-07-26 13:05:41,19750.0,100,Sell,226699288
2024-07-26 13:05:42,19800.0,1000,Buy,226699308
2024-07-26 13:05:46,19750.0,500,Sell,226699416
2024-07-26 13:05:47,19800.0,100,Buy,226699445
2024-07-26 13:05:48,19800.0,3000,Buy,226699457
2024-07-26 13:05:51,19800.0,100,Buy,226699500
2024-07-26 13:05:51,19800.0,200,Buy,226699510
2024-07-26 13:05:54,19800.0,1000,Buy,226699586
2024-07-26 13:05:55,19800.0,100,Buy,226699612
2024-07-26 13:05:55,19800.0,200,Buy,226699610
2024-07-26 13:05:55,19800.0,2400,Buy,226699609
2024-07-26 13:05:55,19800.0,400,Buy,226699611
2024-07-26 13:06:00,19800.0,100,Buy,226699698
2024-07-26 13:06:02,19800.0,4900,Sell,226699735
2024-07-26 13:06:02,19800.0,18900,Sell,226699736
2024-07-26 13:06:02,19800.0,200,Buy,226699738
2024-07-26 13:06:05,19800.0,1000,Buy,226699773
2024-07-26 13:06:09,19800.0,500,Buy,226699837
2024-07-26 13:06:10,19800.0,2000,Buy,226699862
2024-07-26 13:06:12,19800.0,600,Buy,226699929
2024-07-26 13:06:15,19750.0,300,Sell,226699992
2024-07-26 13:06:15,19750.0,1000,Sell,226699991
2024-07-26 13:06:15,19750.0,3000,Sell,226699990
2024-07-26 13:06:15,19750.0,4800,Sell,226699988
2024-07-26 13:06:15,19750.0,10000,Sell,226699989
2024-07-26 13:06:15,19750.0,100,Sell,226699986
2024-07-26 13:06:15,19750.0,500,Sell,226699982
2024-07-26 13:06:15,19750.0,2000,Sell,226699985
2024-07-26 13:06:15,19750.0,1000,Sell,226699984
2024-07-26 13:06:15,19750.0,2000,Sell,226699983
2024-07-26 13:06:15,19750.0,1000,Sell,226699987
2024-07-26 13:06:16,19750.0,100,Buy,226700005
2024-07-26 13:06:16,19750.0,5000,Buy,226700006
2024-07-26 13:06:17,19750.0,1000,Buy,226700018
2024-07-26 13:06:21,19750.0,500,Buy,226700101
2024-07-26 13:06:22,19700.0,1000,Sell,226700109
2024-07-26 13:06:25,19750.0,500,Buy,226700174
2024-07-26 13:06:30,19750.0,100,Buy,226700291
2024-07-26 13:06:31,19750.0,1500,Buy,226700296
2024-07-26 13:06:35,19700.0,1000,Sell,226700364
2024-07-26 13:06:36,19700.0,100,Sell,226700396
2024-07-26 13:06:36,19700.0,300,Sell,226700397
2024-07-26 13:06:36,19700.0,300,Sell,226700398
2024-07-26 13:06:36,19700.0,200,Sell,226700395
2024-07-26 13:06:36,19700.0,100,Sell,226700400
2024-07-26 13:06:36,19700.0,200,Sell,226700401
2024-07-26 13:06:36,19700.0,2000,Sell,226700402
2024-07-26 13:06:36,19700.0,500,Sell,226700399
2024-07-26 13:06:36,19700.0,200,Sell,226700394
2024-07-26 13:06:36,19700.0,100,Sell,226700389
2024-07-26 13:06:36,19700.0,200,Sell,226700392
2024-07-26 13:06:36,19700.0,27100,Sell,226700383
2024-07-26 13:06:36,19700.0,200,Sell,226700384
2024-07-26 13:06:36,19700.0,500,Sell,226700385
2024-07-26 13:06:36,19700.0,100,Sell,226700386
2024-07-26 13:06:36,19700.0,500,Sell,226700393
2024-07-26 13:06:36,19700.0,10000,Sell,226700388
2024-07-26 13:06:36,19700.0,100,Sell,226700390
2024-07-26 13:06:36,19700.0,200,Sell,226700391
2024-07-26 13:06:36,19700.0,200,Sell,226700387
2024-07-26 13:06:37,19700.0,1000,Buy,226700429
2024-07-26 13:06:38,19700.0,1000,Buy,226700441
2024-07-26 13:06:43,19700.0,4900,Buy,226700512
2024-07-26 13:06:43,19700.0,100,Buy,226700513
2024-07-26 13:06:45,19650.0,6000,Sell,226700552
2024-07-26 13:06:46,19650.0,300,Sell,226700585
2024-07-26 13:06:46,19700.0,4900,Buy,226700592
2024-07-26 13:06:46,19700.0,200,Buy,226700593
2024-07-26 13:06:46,19700.0,100,Buy,226700594
2024-07-26 13:06:48,19700.0,1800,Sell,226700627
2024-07-26 13:06:49,19700.0,500,Buy,226700649
2024-07-26 13:06:52,19650.0,200,Sell,226700777
2024-07-26 13:06:53,19700.0,100,Buy,226700798
2024-07-26 13:06:54,19700.0,100,Buy,226700818
2024-07-26 13:06:54,19700.0,1500,Buy,226700819
2024-07-26 13:06:54,19700.0,500,Buy,226700820
2024-07-26 13:06:54,19700.0,100,Buy,226700821
2024-07-26 13:06:54,19700.0,600,Buy,226700817
2024-07-26 13:06:57,19700.0,1500,Sell,226700896
2024-07-26 13:06:57,19700.0,700,Sell,226700907
2024-07-26 13:06:59,19700.0,300,Buy,226700932
2024-07-26 13:06:59,19700.0,1000,Buy,226700933
2024-07-26 13:06:59,19700.0,5000,Buy,226700934
2024-07-26 13:06:59,19700.0,100,Buy,226700935
2024-07-26 13:07:01,19700.0,400,Sell,226700983
2024-07-26 13:07:01,19650.0,800,Sell,226700984
2024-07-26 13:07:04,19700.0,500,Sell,226701029
2024-07-26 13:07:06,19700.0,1100,Buy,226701049
2024-07-26 13:07:06,19700.0,900,Buy,226701050
2024-07-26 13:07:09,19650.0,1900,Sell,226701104
2024-07-26 13:07:09,19650.0,1700,Sell,226701120
2024-07-26 13:07:09,19650.0,300,Sell,226701119
2024-07-26 13:07:09,19650.0,300,Sell,226701118
2024-07-26 13:07:09,19650.0,200,Sell,226701117
2024-07-26 13:07:09,19650.0,200,Sell,226701116
2024-07-26 13:07:09,19650.0,200,Sell,226701115
2024-07-26 13:07:09,19650.0,1000,Sell,226701114
2024-07-26 13:07:09,19650.0,4900,Sell,226701121
2024-07-26 13:07:09,19650.0,200,Sell,226701112
2024-07-26 13:07:09,19650.0,300,Sell,226701111
2024-07-26 13:07:09,19650.0,500,Sell,226701110
2024-07-26 13:07:09,19650.0,200,Sell,226701109
2024-07-26 13:07:09,19650.0,300,Sell,226701108
2024-07-26 13:07:09,19650.0,200,Sell,226701107
2024-07-26 13:07:09,19650.0,1000,Sell,226701106
2024-07-26 13:07:09,19650.0,300,Sell,226701105
2024-07-26 13:07:09,19650.0,1300,Sell,226701113
2024-07-26 13:07:15,19650.0,200,Buy,226701212
2024-07-26 13:07:16,19600.0,1700,Sell,226701234
2024-07-26 13:07:16,19600.0,200,Sell,226701233
2024-07-26 13:07:16,19600.0,100,Sell,226701232
2024-07-26 13:07:16,19600.0,500,Sell,226701231
2024-07-26 13:07:16,19600.0,100,Sell,226701229
2024-07-26 13:07:16,19600.0,100,Sell,226701228
2024-07-26 13:07:16,19600.0,300,Sell,226701230
2024-07-26 13:07:17,19600.0,100,Sell,226701244
2024-07-26 13:07:18,19600.0,500,Sell,226701269
2024-07-26 13:07:18,19600.0,200,Sell,226701268
2024-07-26 13:07:18,19600.0,1000,Sell,226701267
2024-07-26 13:07:18,19600.0,100,Sell,226701266
2024-07-26 13:07:18,19600.0,300,Sell,226701265
2024-07-26 13:07:18,19600.0,1000,Sell,226701264
2024-07-26 13:07:18,19600.0,300,Sell,226701263
2024-07-26 13:07:18,19600.0,200,Sell,226701261
2024-07-26 13:07:18,19600.0,500,Sell,226701260
2024-07-26 13:07:18,19650.0,200,Buy,226701249
2024-07-26 13:07:18,19600.0,11200,Sell,226701256
2024-07-26 13:07:18,19600.0,100,Sell,226701262
2024-07-26 13:07:18,19600.0,200,Sell,226701258
2024-07-26 13:07:18,19600.0,300,Sell,226701259
2024-07-26 13:07:18,19600.0,200,Sell,226701257
2024-07-26 13:07:23,19600.0,500,Buy,226701360
2024-07-26 13:07:23,19550.0,100,Sell,226701372
2024-07-26 13:07:23,19550.0,1400,Sell,226701373
2024-07-26 13:07:24,19600.0,100,Buy,226701387
2024-07-26 13:07:28,19550.0,1000,Sell,226701462
2024-07-26 13:07:28,19550.0,100,Sell,226701463
2024-07-26 13:07:28,19550.0,1200,Sell,226701460
2024-07-26 13:07:28,19550.0,200,Sell,226701461
2024-07-26 13:07:29,19550.0,200,Sell,226701490
2024-07-26 13:07:29,19550.0,200,Sell,226701491
2024-07-26 13:07:29,19550.0,300,Sell,226701492
2024-07-26 13:07:29,19550.0,400,Sell,226701493
2024-07-26 13:07:29,19550.0,3400,Sell,226701494
2024-07-26 13:07:29,19550.0,400,Sell,226701512
2024-07-26 13:07:30,19550.0,100,Buy,226701521
2024-07-26 13:07:30,19550.0,100,Sell,226701520
2024-07-26 13:07:30,19550.0,300,Sell,226701519
2024-07-26 13:07:30,19550.0,1000,Sell,226701518
2024-07-26 13:07:30,19550.0,1000,Sell,226701517
2024-07-26 13:07:30,19550.0,300,Sell,226701514
2024-07-26 13:07:31,19550.0,500,Buy,226701575
2024-07-26 13:07:33,19500.0,5000,Sell,226701630
2024-07-26 13:07:36,19500.0,500,Sell,226701691
2024-07-26 13:07:37,19500.0,100,Sell,226701717
2024-07-26 13:07:37,19500.0,6100,Sell,226701718
2024-07-26 13:07:37,19500.0,300,Sell,226701719
2024-07-26 13:07:37,19500.0,100,Sell,226701720
2024-07-26 13:07:37,19500.0,300,Sell,226701721
2024-07-26 13:07:37,19500.0,300,Sell,226701723
2024-07-26 13:07:37,19500.0,1000,Sell,226701716
2024-07-26 13:07:37,19500.0,500,Sell,226701724
2024-07-26 13:07:37,19500.0,100,Sell,226701725
2024-07-26 13:07:37,19500.0,1100,Sell,226701726
2024-07-26 13:07:37,19500.0,300,Sell,226701727
2024-07-26 13:07:37,19500.0,300,Sell,226701722
2024-07-26 13:07:37,19500.0,200,Sell,226701715
2024-07-26 13:07:37,19500.0,100,Sell,226701710
2024-07-26 13:07:37,19500.0,200,Sell,226701713
2024-07-26 13:07:37,19500.0,1200,Sell,226701714
2024-07-26 13:07:37,19500.0,1200,Sell,226701700
2024-07-26 13:07:37,19500.0,4400,Sell,226701701
2024-07-26 13:07:37,19500.0,100,Sell,226701702
2024-07-26 13:07:37,19500.0,200,Sell,226701703
2024-07-26 13:07:37,19500.0,2000,Sell,226701704
2024-07-26 13:07:37,19500.0,200,Sell,226701708
2024-07-26 13:07:37,19500.0,500,Sell,226701706
2024-07-26 13:07:37,19500.0,2000,Sell,226701707
2024-07-26 13:07:37,19500.0,2000,Sell,226701705
2024-07-26 13:07:37,19500.0,3000,Sell,226701709
2024-07-26 13:07:37,19500.0,200,Sell,226701711
2024-07-26 13:07:37,19500.0,200,Sell,226701712
2024-07-26 13:07:39,19500.0,1000,Sell,226701771
2024-07-26 13:07:39,19500.0,300,Sell,226701772
2024-07-26 13:07:41,19500.0,300,Buy,226701798
2024-07-26 13:07:42,19500.0,1000,Buy,226701852
2024-07-26 13:07:42,19500.0,100,Buy,226701830
2024-07-26 13:07:45,19500.0,100,Buy,226701891
2024-07-26 13:07:45,19500.0,100,Buy,226701904
2024-07-26 13:07:49,19500.0,100,Buy,226702002
2024-07-26 13:07:50,19450.0,3900,Sell,226702006
2024-07-26 13:07:50,19450.0,1000,Sell,226702007
2024-07-26 13:07:50,19450.0,100,Sell,226702008
2024-07-26 13:07:50,19450.0,500,Sell,226702009
2024-07-26 13:07:50,19450.0,100,Sell,226702010
2024-07-26 13:07:50,19450.0,300,Sell,226702011
2024-07-26 13:07:50,19450.0,1400,Sell,226702012
2024-07-26 13:07:50,19450.0,2000,Sell,226702016
2024-07-26 13:07:51,19500.0,200,Buy,226702024
2024-07-26 13:07:52,19500.0,100,Buy,226702094
2024-07-26 13:07:52,19500.0,2000,Buy,226702087
2024-07-26 13:07:56,19400.0,500,Sell,226702168
2024-07-26 13:07:56,19450.0,100,Buy,226702153
2024-07-26 13:07:56,19450.0,900,Buy,226702159
2024-07-26 13:07:56,19450.0,100,Buy,226702160
2024-07-26 13:07:57,19450.0,100,Buy,226702170
2024-07-26 13:07:57,19450.0,2300,Buy,226702202
2024-07-26 13:07:57,19500.0,700,Buy,226702203
2024-07-26 13:07:57,19500.0,200,Buy,226702204
2024-07-26 13:07:57,19500.0,500,Buy,226702205
2024-07-26 13:07:57,19500.0,500,Buy,226702206
2024-07-26 13:07:57,19500.0,600,Buy,226702207
2024-07-26 13:07:57,19500.0,1000,Buy,226702208
2024-07-26 13:07:57,19500.0,100,Sell,226702219
2024-07-26 13:07:58,19450.0,10700,Buy,226702240
2024-07-26 13:07:58,19450.0,500,Sell,226702236
2024-07-26 13:07:58,19400.0,5000,Sell,226702237
2024-07-26 13:07:58,19500.0,100,Sell,226702231
2024-07-26 13:07:58,19450.0,2400,Sell,226702235
2024-07-26 13:07:58,19500.0,1000,Sell,226702230
2024-07-26 13:07:58,19500.0,31100,Sell,226702229
2024-07-26 13:07:59,19450.0,1000,Buy,226702255
2024-07-26 13:08:00,19450.0,100,Sell,226702270
2024-07-26 13:08:00,19450.0,300,Sell,226702275
2024-07-26 13:08:00,19450.0,100,Sell,226702276
2024-07-26 13:08:00,19450.0,3200,Buy,226702268
2024-07-26 13:08:04,19450.0,5200,Sell,226702348
2024-07-26 13:08:04,19450.0,1000,Sell,226702349
2024-07-26 13:08:04,19450.0,700,Sell,226702350
2024-07-26 13:08:09,19450.0,600,Sell,226702400
2024-07-26 13:08:10,19450.0,3000,Sell,226702408
2024-07-26 13:08:10,19450.0,500,Sell,226702409
2024-07-26 13:08:10,19450.0,4000,Sell,226702410
2024-07-26 13:08:10,19450.0,100,Sell,226702411
2024-07-26 13:08:10,19450.0,200,Sell,226702412
2024-07-26 13:08:10,19450.0,12200,Sell,226702413
2024-07-26 13:08:13,19500.0,500,Buy,226702497
2024-07-26 13:08:13,19500.0,400,Buy,226702498
2024-07-26 13:08:13,19500.0,2000,Buy,226702495
2024-07-26 13:08:13,19500.0,5000,Buy,226702494
2024-07-26 13:08:13,19500.0,200,Buy,226702493
2024-07-26 13:08:13,19500.0,300,Buy,226702496
2024-07-26 13:08:14,19450.0,100,Sell,226702512
2024-07-26 13:08:14,19500.0,5000,Buy,226702514
2024-07-26 13:08:18,19550.0,5000,Buy,226702564
2024-07-26 13:08:18,19550.0,1000,Buy,226702565
2024-07-26 13:08:20,19550.0,2000,Buy,226702579
2024-07-26 13:08:20,19550.0,8200,Buy,226702580
2024-07-26 13:08:20,19500.0,5800,Sell,226702584
2024-07-26 13:08:21,19550.0,1000,Buy,226702593
2024-07-26 13:08:21,19550.0,10800,Buy,226702598
2024-07-26 13:08:21,19550.0,1200,Buy,226702599
2024-07-26 13:08:21,19550.0,500,Buy,226702600
2024-07-26 13:08:21,19550.0,500,Buy,226702601
2024-07-26 13:08:24,19550.0,400,Sell,226702654
2024-07-26 13:08:25,19500.0,12500,Sell,226702662
2024-07-26 13:08:25,19550.0,100,Sell,226702660
2024-07-26 13:08:25,19550.0,7400,Sell,226702661
2024-07-26 13:08:27,19500.0,1700,Sell,226702713
2024-07-26 13:08:27,19500.0,3400,Sell,226702714
2024-07-26 13:08:31,19500.0,100,Sell,226702775
2024-07-26 13:08:31,19500.0,1000,Sell,226702780
2024-07-26 13:08:33,19500.0,100,Sell,226702812
2024-07-26 13:08:33,19500.0,14900,Sell,226702813
2024-07-26 13:08:33,19500.0,100,Sell,226702814
2024-07-26 13:08:37,19600.0,200,Buy,226702870
2024-07-26 13:08:39,19600.0,2200,Buy,226702892
2024-07-26 13:08:39,19600.0,10200,Buy,226702904
2024-07-26 13:08:40,19600.0,13800,Buy,226702931
2024-07-26 13:08:40,19600.0,100,Buy,226702932
2024-07-26 13:08:40,19600.0,1000,Buy,226702933
2024-07-26 13:08:40,19600.0,100,Buy,226702934
2024-07-26 13:08:42,19650.0,400,Buy,226702966
2024-07-26 13:08:47,19650.0,600,Buy,226703055
2024-07-26 13:08:47,19650.0,400,Buy,226703056
2024-07-26 13:08:48,19650.0,3000,Sell,226703068
2024-07-26 13:08:48,19650.0,200,Sell,226703069
2024-07-26 13:08:49,19650.0,1800,Buy,226703082
2024-07-26 13:08:50,19650.0,400,Sell,226703108
2024-07-26 13:08:50,19600.0,1000,Sell,226703109
2024-07-26 13:08:50,19600.0,400,Sell,226703110
2024-07-26 13:08:50,19650.0,8200,Sell,226703107
2024-07-26 13:08:52,19650.0,3000,Sell,226703145
2024-07-26 13:08:58,19650.0,100,Buy,226703235
2024-07-26 13:09:01,19650.0,100,Buy,226703279
2024-07-26 13:09:03,19650.0,100,Buy,226703330
2024-07-26 13:09:03,19650.0,2000,Buy,226703319
2024-07-26 13:09:07,19600.0,3000,Sell,226703412
2024-07-26 13:09:07,19600.0,100,Sell,226703413
2024-07-26 13:09:07,19600.0,20000,Sell,226703414
2024-07-26 13:09:07,19600.0,1000,Sell,226703415
2024-07-26 13:09:07,19600.0,5700,Sell,226703416
2024-07-26 13:09:07,19600.0,2500,Buy,226703423
2024-07-26 13:09:07,19600.0,200,Sell,226703411
2024-07-26 13:09:08,19600.0,10000,Buy,226703453
2024-07-26 13:09:09,19600.0,100,Buy,226703479
2024-07-26 13:09:11,19550.0,300,Sell,226703535
2024-07-26 13:09:19,19600.0,1000,Buy,226703889
2024-07-26 13:09:19,19550.0,2500,Sell,226703888
2024-07-26 13:09:21,19550.0,7200,Sell,226703934
2024-07-26 13:09:21,19550.0,200,Sell,226703935
2024-07-26 13:09:21,19550.0,2600,Sell,226703936
2024-07-26 13:09:21,19600.0,500,Buy,226703961
2024-07-26 13:09:22,19550.0,100,Sell,226703972
2024-07-26 13:09:24,19600.0,200,Buy,226704073
2024-07-26 13:09:25,19600.0,20000,Buy,226704121
2024-07-26 13:09:27,19600.0,10000,Buy,226704174
2024-07-26 13:09:30,19600.0,500,Buy,226704218
2024-07-26 13:09:36,19600.0,100,Buy,226704380
2024-07-26 13:09:37,19600.0,100,Buy,226704389
2024-07-26 13:09:37,19600.0,100,Buy,226704402
2024-07-26 13:09:39,19600.0,1000,Buy,226704477
2024-07-26 13:09:42,19550.0,1000,Sell,226704520
2024-07-26 13:09:42,19550.0,5200,Buy,226704524
2024-07-26 13:09:42,19550.0,500,Sell,226704519
2024-07-26 13:09:42,19550.0,1000,Sell,226704518
2024-07-26 13:09:42,19550.0,9000,Sell,226704517
2024-07-26 13:09:42,19550.0,1000,Sell,226704516
2024-07-26 13:09:42,19550.0,2300,Sell,226704515
2024-07-26 13:09:43,19550.0,1700,Sell,226704545
2024-07-26 13:09:46,19600.0,800,Buy,226704589
2024-07-26 13:09:47,19550.0,100,Sell,226704606
2024-07-26 13:09:47,19600.0,9100,Buy,226704617
2024-07-26 13:09:47,19600.0,900,Buy,226704618
2024-07-26 13:09:51,19550.0,16000,Sell,226704707
2024-07-26 13:09:51,19600.0,400,Buy,226704719
2024-07-26 13:09:52,19550.0,200,Sell,226704724
2024-07-26 13:09:52,19550.0,1600,Sell,226704723
2024-07-26 13:09:55,19550.0,800,Sell,226704771
2024-07-26 13:09:55,19550.0,1000,Sell,226704772
2024-07-26 13:09:58,19550.0,500,Sell,226704830
2024-07-26 13:09:58,19550.0,10000,Sell,226704831
2024-07-26 13:09:58,19550.0,9500,Sell,226704832
2024-07-26 13:09:59,19550.0,100,Sell,226704848
2024-07-26 13:10:03,19550.0,200,Sell,226704936
2024-07-26 13:10:03,19550.0,1100,Sell,226704934
2024-07-26 13:10:03,19550.0,100,Sell,226704933
2024-07-26 13:10:03,19550.0,800,Sell,226704932
2024-07-26 13:10:03,19550.0,600,Sell,226704928
2024-07-26 13:10:03,19550.0,300,Sell,226704930
2024-07-26 13:10:03,19550.0,100,Sell,226704929
2024-07-26 13:10:03,19550.0,400,Sell,226704927
2024-07-26 13:10:03,19550.0,600,Sell,226704931
2024-07-26 13:10:04,19550.0,300,Sell,226704953
2024-07-26 13:10:04,19550.0,500,Sell,226704954
2024-07-26 13:10:06,19550.0,5000,Sell,226705016
2024-07-26 13:10:09,19550.0,3000,Sell,226705158
2024-07-26 13:10:12,19550.0,400,Sell,226705251
2024-07-26 13:10:12,19550.0,600,Sell,226705252
2024-07-26 13:10:14,19550.0,31000,Sell,226705270
2024-07-26 13:10:15,19550.0,900,Sell,226705286
2024-07-26 13:10:15,19600.0,500,Buy,226705290
2024-07-26 13:10:16,19550.0,200,Sell,226705316
2024-07-26 13:10:16,19550.0,200,Sell,226705314
2024-07-26 13:10:16,19550.0,500,Sell,226705315
2024-07-26 13:10:16,19550.0,4500,Sell,226705311
2024-07-26 13:10:16,19550.0,4500,Sell,226705312
2024-07-26 13:10:16,19550.0,100,Sell,226705313
2024-07-26 13:10:18,19600.0,500,Buy,226705408
2024-07-26 13:10:22,19550.0,1000,Sell,226705546
2024-07-26 13:10:27,19550.0,1500,Sell,226705643
2024-07-26 13:10:28,19600.0,800,Buy,226705707
2024-07-26 13:10:28,19550.0,4600,Sell,226705709
2024-07-26 13:10:30,19550.0,1000,Sell,226705747
2024-07-26 13:10:34,19550.0,100,Sell,226705841
2024-07-26 13:10:38,19550.0,100,Sell,226705925
2024-07-26 13:10:39,19550.0,500,Sell,226705946
2024-07-26 13:10:39,19550.0,500,Sell,226705947
2024-07-26 13:10:41,19600.0,500,Buy,226705996
2024-07-26 13:10:42,19550.0,900,Sell,226706094
2024-07-26 13:10:43,19550.0,100,Sell,226706115
2024-07-26 13:10:49,19550.0,400,Sell,226706253
2024-07-26 13:10:49,19550.0,100,Sell,226706254
2024-07-26 13:10:49,19600.0,5400,Buy,226706261
2024-07-26 13:10:50,19550.0,500,Sell,226706275
2024-07-26 13:10:50,19550.0,1500,Sell,226706274
2024-07-26 13:10:50,19550.0,900,Sell,226706271
2024-07-26 13:10:50,19550.0,100,Sell,226706272
2024-07-26 13:10:50,19550.0,2000,Sell,226706273
2024-07-26 13:10:53,19550.0,500,Sell,226706328
2024-07-26 13:10:53,19550.0,1000,Sell,226706329
2024-07-26 13:10:53,19550.0,1000,Sell,226706330
2024-07-26 13:10:53,19550.0,100,Sell,226706331
2024-07-26 13:10:53,19550.0,1000,Sell,226706332
2024-07-26 13:10:53,19550.0,700,Sell,226706333
2024-07-26 13:10:55,19550.0,5000,Buy,226706362
2024-07-26 13:10:55,19550.0,2000,Buy,226706374
2024-07-26 13:10:56,19550.0,8700,Buy,226706383
2024-07-26 13:10:56,19550.0,500,Buy,226706384
2024-07-26 13:10:57,19550.0,500,Sell,226706402
2024-07-26 13:10:59,19550.0,8000,Sell,226706467
2024-07-26 13:11:00,19550.0,5000,Sell,226706484
2024-07-26 13:11:00,19550.0,200,Buy,226706494
2024-07-26 13:11:00,19550.0,3000,Sell,226706482
2024-07-26 13:11:00,19550.0,700,Sell,226706483
2024-07-26 13:11:01,19500.0,100,Sell,226706524
2024-07-26 13:11:01,19500.0,100,Sell,226706525
2024-07-26 13:11:01,19500.0,300,Sell,226706526
2024-07-26 13:11:02,19550.0,1000,Buy,226706551
2024-07-26 13:11:03,19550.0,200,Buy,226706553
2024-07-26 13:11:03,19500.0,700,Sell,226706557
2024-07-26 13:11:03,19500.0,300,Sell,226706558
2024-07-26 13:11:04,19550.0,100,Buy,226706578
2024-07-26 13:11:05,19550.0,1000,Buy,226706589
2024-07-26 13:11:07,19550.0,3000,Buy,226706639
2024-07-26 13:11:12,19550.0,2000,Buy,226706784
2024-07-26 13:11:17,19500.0,500,Sell,226706992
2024-07-26 13:11:17,19500.0,100,Sell,226706991
2024-07-26 13:11:17,19500.0,100,Sell,226706990
2024-07-26 13:11:17,19500.0,500,Sell,226706989
2024-07-26 13:11:17,19500.0,300,Sell,226706988
2024-07-26 13:11:17,19500.0,300,Sell,226706987
2024-07-26 13:11:17,19500.0,2000,Sell,226706984
2024-07-26 13:11:17,19500.0,200,Sell,226706986
2024-07-26 13:11:17,19500.0,3000,Sell,226706985
2024-07-26 13:11:17,19550.0,1000,Buy,226706994
2024-07-26 13:11:17,19500.0,2000,Sell,226706983
2024-07-26 13:11:17,19500.0,100,Sell,226706977
2024-07-26 13:11:17,19500.0,1000,Sell,226706981
2024-07-26 13:11:17,19500.0,200,Sell,226706980
2024-07-26 13:11:17,19500.0,5000,Sell,226706979
2024-07-26 13:11:17,19500.0,200,Sell,226706978
2024-07-26 13:11:17,19500.0,100,Sell,226706976
2024-07-26 13:11:17,19500.0,100,Sell,226706975
2024-07-26 13:11:17,19500.0,2000,Sell,226706974
2024-07-26 13:11:17,19500.0,500,Sell,226706973
2024-07-26 13:11:17,19500.0,200,Sell,226706972
2024-07-26 13:11:17,19500.0,500,Sell,226706971
2024-07-26 13:11:17,19500.0,900,Sell,226706970
2024-07-26 13:11:17,19500.0,200,Sell,226706982
2024-07-26 13:11:19,19500.0,1500,Sell,226707026
2024-07-26 13:11:24,19500.0,3000,Sell,226707108
2024-07-26 13:11:24,19500.0,200,Sell,226707107
2024-07-26 13:11:24,19500.0,200,Sell,226707109
2024-07-26 13:11:24,19500.0,200,Sell,226707106
2024-07-26 13:11:24,19500.0,200,Sell,226707102
2024-07-26 13:11:24,19500.0,300,Sell,226707104
2024-07-26 13:11:24,19500.0,4600,Sell,226707101
2024-07-26 13:11:24,19500.0,100,Sell,226707105
2024-07-26 13:11:24,19500.0,200,Sell,226707103
2024-07-26 13:11:28,19500.0,200,Sell,226707173
2024-07-26 13:11:28,19500.0,500,Sell,226707158
2024-07-26 13:11:28,19500.0,3500,Sell,226707159
2024-07-26 13:11:28,19500.0,2500,Sell,226707172
2024-07-26 13:11:36,19450.0,500,Sell,226707357
2024-07-26 13:11:38,19450.0,500,Sell,226707395
2024-07-26 13:11:42,19450.0,200,Sell,226707528
2024-07-26 13:11:42,19450.0,200,Sell,226707527
2024-07-26 13:11:42,19450.0,2000,Sell,226707526
2024-07-26 13:11:42,19450.0,2000,Sell,226707525
2024-07-26 13:11:42,19450.0,100,Sell,226707529
2024-07-26 13:11:42,19450.0,100,Sell,226707523
2024-07-26 13:11:42,19450.0,3800,Sell,226707522
2024-07-26 13:11:42,19450.0,100,Sell,226707521
2024-07-26 13:11:42,19450.0,1000,Sell,226707520
2024-07-26 13:11:42,19450.0,200,Sell,226707524
2024-07-26 13:11:42,19450.0,1100,Sell,226707519
2024-07-26 13:11:45,19450.0,100,Sell,226707604
2024-07-26 13:11:45,19450.0,100,Sell,226707603
2024-07-26 13:11:47,19450.0,400,Sell,226707620
2024-07-26 13:11:47,19450.0,500,Sell,226707621
2024-07-26 13:11:47,19450.0,500,Sell,226707622
2024-07-26 13:11:47,19450.0,2800,Sell,226707624
2024-07-26 13:11:47,19450.0,200,Sell,226707623
2024-07-26 13:11:48,19450.0,200,Sell,226707640
2024-07-26 13:11:48,19450.0,800,Sell,226707641
2024-07-26 13:11:49,19450.0,100,Sell,226707661
2024-07-26 13:11:49,19450.0,100,Sell,226707666
2024-07-26 13:11:50,19450.0,1500,Sell,226707685
2024-07-26 13:11:50,19450.0,400,Sell,226707686
2024-07-26 13:11:50,19450.0,200,Sell,226707687
2024-07-26 13:11:50,19450.0,400,Sell,226707688
2024-07-26 13:11:52,19450.0,200,Sell,226707708
2024-07-26 13:11:54,19450.0,1000,Sell,226707752
2024-07-26 13:11:54,19450.0,300,Sell,226707783
2024-07-26 13:11:56,19500.0,10000,Buy,226707817
2024-07-26 13:11:56,19450.0,100,Sell,226707831
2024-07-26 13:11:56,19450.0,100,Sell,226707832
2024-07-26 13:11:56,19450.0,200,Sell,226707833
2024-07-26 13:11:56,19450.0,200,Sell,226707834
2024-07-26 13:12:00,19450.0,500,Sell,226707879
2024-07-26 13:12:00,19450.0,100,Sell,226707880
2024-07-26 13:12:00,19450.0,1500,Sell,226707881
2024-07-26 13:12:00,19450.0,500,Sell,226707886
2024-07-26 13:12:01,19450.0,300,Sell,226707897
2024-07-26 13:12:01,19450.0,200,Sell,226707898
2024-07-26 13:12:03,19450.0,100,Sell,226707944
2024-07-26 13:12:03,19450.0,1000,Sell,226707950
2024-07-26 13:12:04,19450.0,5000,Buy,226707968
2024-07-26 13:12:04,19450.0,500,Sell,226707964
2024-07-26 13:12:04,19450.0,100,Sell,226707965
2024-07-26 13:12:04,19450.0,200,Sell,226707962
2024-07-26 13:12:04,19450.0,3700,Sell,226707961
2024-07-26 13:12:04,19450.0,500,Sell,226707963
2024-07-26 13:12:05,19450.0,100,Sell,226707992
2024-07-26 13:12:07,19450.0,100,Sell,226708051
2024-07-26 13:12:07,19500.0,100,Buy,226708059
2024-07-26 13:12:10,19500.0,3100,Buy,226708110
2024-07-26 13:12:17,19450.0,1000,Sell,226708228
2024-07-26 13:12:17,19500.0,300,Buy,226708233
2024-07-26 13:12:19,19450.0,1000,Sell,226708303
2024-07-26 13:12:20,19450.0,5000,Sell,226708324
2024-07-26 13:12:20,19450.0,100,Sell,226708323
2024-07-26 13:12:20,19450.0,500,Sell,226708322
2024-07-26 13:12:20,19450.0,1000,Sell,226708317
2024-07-26 13:12:20,19450.0,500,Sell,226708320
2024-07-26 13:12:20,19450.0,500,Sell,226708319
2024-07-26 13:12:20,19450.0,100,Sell,226708318
2024-07-26 13:12:20,19450.0,5000,Sell,226708321
2024-07-26 13:12:21,19450.0,600,Buy,226708349
2024-07-26 13:12:22,19400.0,100,Sell,226708357
2024-07-26 13:12:22,19450.0,4400,Sell,226708355
2024-07-26 13:12:22,19400.0,500,Sell,226708356
2024-07-26 13:12:25,19500.0,1000,Buy,226708474
2024-07-26 13:12:26,19500.0,300,Buy,226708494
2024-07-26 13:12:32,19450.0,100,Sell,226708702
2024-07-26 13:12:33,19500.0,500,Buy,226708716
2024-07-26 13:12:34,19450.0,4900,Sell,226708746
2024-07-26 13:12:34,19450.0,100,Sell,226708747
2024-07-26 13:12:39,19450.0,100,Sell,226708849
2024-07-26 13:12:46,19450.0,600,Sell,226709059
2024-07-26 13:12:46,19450.0,200,Sell,226709064
2024-07-26 13:12:51,19450.0,300,Sell,226709167
2024-07-26 13:12:51,19450.0,500,Sell,226709165
2024-07-26 13:12:51,19450.0,200,Sell,226709166
2024-07-26 13:12:56,19450.0,700,Sell,226709325
2024-07-26 13:12:56,19450.0,3300,Sell,226709326
2024-07-26 13:12:57,19450.0,1900,Sell,226709332
2024-07-26 13:12:58,19450.0,2800,Sell,226709349
2024-07-26 13:12:58,19450.0,1500,Sell,226709351
2024-07-26 13:13:00,19450.0,1000,Sell,226709406
2024-07-26 13:13:00,19450.0,6700,Sell,226709408
2024-07-26 13:13:00,19450.0,500,Sell,226709407
2024-07-26 13:13:00,19450.0,100,Sell,226709405
2024-07-26 13:13:00,19450.0,2000,Sell,226709393
2024-07-26 13:13:00,19450.0,2100,Sell,226709403
2024-07-26 13:13:00,19450.0,5900,Sell,226709394
2024-07-26 13:13:00,19450.0,500,Sell,226709391
2024-07-26 13:13:00,19450.0,1000,Sell,226709404
2024-07-26 13:13:00,19450.0,200,Sell,226709392
2024-07-26 13:13:02,19450.0,3300,Sell,226709423
2024-07-26 13:13:05,19450.0,600,Sell,226709508
2024-07-26 13:13:07,19500.0,2000,Buy,226709542
2024-07-26 13:13:07,19500.0,1000,Buy,226709543
2024-07-26 13:13:07,19500.0,300,Buy,226709544
2024-07-26 13:13:07,19500.0,100,Buy,226709545
2024-07-26 13:13:07,19500.0,1600,Buy,226709546
2024-07-26 13:13:13,19450.0,2800,Sell,226709700
2024-07-26 13:13:14,19500.0,1000,Buy,226709740
2024-07-26 13:13:16,19500.0,5200,Buy,226709809
2024-07-26 13:13:17,19500.0,20000,Buy,226709826
2024-07-26 13:13:18,19500.0,400,Buy,226709846
2024-07-26 13:13:18,19500.0,200,Buy,226709863
2024-07-26 13:13:18,19500.0,3000,Buy,226709862
2024-07-26 13:13:18,19500.0,3000,Buy,226709861
2024-07-26 13:13:18,19500.0,500,Buy,226709858
2024-07-26 13:13:18,19500.0,100,Buy,226709857
2024-07-26 13:13:18,19500.0,300,Buy,226709856
2024-07-26 13:13:18,19500.0,2400,Buy,226709854
2024-07-26 13:13:18,19500.0,1300,Buy,226709855
2024-07-26 13:13:18,19500.0,500,Buy,226709852
2024-07-26 13:13:18,19500.0,500,Buy,226709851
2024-07-26 13:13:18,19500.0,100,Buy,226709850
2024-07-26 13:13:18,19500.0,100,Buy,226709849
2024-07-26 13:13:18,19500.0,300,Buy,226709848
2024-07-26 13:13:18,19500.0,2000,Buy,226709847
2024-07-26 13:13:18,19500.0,100,Buy,226709853
2024-07-26 13:13:18,19500.0,2200,Buy,226709845
2024-07-26 13:13:20,19500.0,4900,Sell,226709897
2024-07-26 13:13:20,19500.0,100,Sell,226709896
2024-07-26 13:13:23,19500.0,300,Sell,226709944
2024-07-26 13:13:25,19500.0,100,Sell,226709967
2024-07-26 13:13:25,19500.0,100,Sell,226709968
2024-07-26 13:13:25,19500.0,1000,Sell,226709969
2024-07-26 13:13:25,19500.0,2700,Sell,226709966
2024-07-26 13:13:26,19450.0,100,Sell,226710005
2024-07-26 13:13:26,19450.0,5000,Sell,226710004
2024-07-26 13:13:26,19450.0,700,Sell,226710003
2024-07-26 13:13:26,19450.0,500,Sell,226710002
2024-07-26 13:13:26,19450.0,4600,Sell,226710001
2024-07-26 13:13:26,19450.0,200,Sell,226709999
2024-07-26 13:13:26,19450.0,100,Sell,226709998
2024-07-26 13:13:26,19450.0,1400,Sell,226709997
2024-07-26 13:13:26,19450.0,500,Sell,226709996
2024-07-26 13:13:26,19450.0,36600,Sell,226709995
2024-07-26 13:13:26,19500.0,300,Buy,226709994
2024-07-26 13:13:26,19450.0,300,Sell,226710000
2024-07-26 13:13:26,19500.0,2600,Buy,226710007
2024-07-26 13:13:27,19500.0,100,Buy,226710025
2024-07-26 13:13:27,19500.0,3600,Buy,226710024
2024-07-26 13:13:28,19500.0,1000,Sell,226710052
2024-07-26 13:13:29,19550.0,1000,Buy,226710090
2024-07-26 13:13:29,19500.0,300,Sell,226710069
2024-07-26 13:13:29,19500.0,3600,Sell,226710076
2024-07-26 13:13:29,19500.0,3100,Sell,226710077
2024-07-26 13:13:32,19500.0,1000,Sell,226710144
2024-07-26 13:13:34,19550.0,4900,Buy,226710195
2024-07-26 13:13:34,19550.0,500,Buy,226710194
2024-07-26 13:13:34,19550.0,500,Buy,226710193
2024-07-26 13:13:34,19550.0,200,Buy,226710192
2024-07-26 13:13:34,19550.0,31800,Buy,226710187
2024-07-26 13:13:34,19550.0,20000,Buy,226710190
2024-07-26 13:13:34,19550.0,100,Buy,226710188
2024-07-26 13:13:34,19550.0,500,Buy,226710191
2024-07-26 13:13:34,19550.0,500,Buy,226710189
2024-07-26 13:13:35,19550.0,2200,Buy,226710239
2024-07-26 13:13:36,19550.0,1500,Buy,226710254
2024-07-26 13:13:36,19550.0,2900,Buy,226710253
2024-07-26 13:13:39,19550.0,500,Sell,226710312
2024-07-26 13:13:45,19550.0,1100,Sell,226710454
2024-07-26 13:13:45,19550.0,1000,Sell,226710455
2024-07-26 13:13:45,19550.0,3600,Sell,226710456
2024-07-26 13:13:45,19550.0,300,Sell,226710457
2024-07-26 13:13:45,19550.0,900,Sell,226710458
2024-07-26 13:13:45,19550.0,4400,Sell,226710459
2024-07-26 13:13:45,19500.0,5900,Sell,226710460
2024-07-26 13:13:45,19500.0,2800,Sell,226710461
2024-07-26 13:13:47,19550.0,300,Sell,226710518
2024-07-26 13:13:48,19550.0,3700,Buy,226710530
2024-07-26 13:13:54,19550.0,400,Sell,226710685
2024-07-26 13:13:55,19550.0,100,Sell,226710696
2024-07-26 13:13:56,19550.0,100,Sell,226710712
2024-07-26 13:14:06,19600.0,3500,Buy,226710942
2024-07-26 13:14:08,19550.0,100,Sell,226710970
2024-07-26 13:14:08,19550.0,900,Sell,226710975
2024-07-26 13:14:11,19550.0,9100,Sell,226711033
2024-07-26 13:14:11,19550.0,3600,Sell,226711034
2024-07-26 13:14:11,19550.0,300,Sell,226711035
2024-07-26 13:14:11,19550.0,500,Sell,226711036
2024-07-26 13:14:11,19550.0,3000,Sell,226711037
2024-07-26 13:14:11,19550.0,500,Sell,226711038
2024-07-26 13:14:11,19550.0,200,Sell,226711039
2024-07-26 13:14:11,19550.0,200,Sell,226711040
2024-07-26 13:14:11,19550.0,1000,Sell,226711041
2024-07-26 13:14:11,19550.0,1500,Sell,226711042
2024-07-26 13:14:11,19550.0,5000,Sell,226711043
2024-07-26 13:14:12,19550.0,900,Buy,226711080
2024-07-26 13:14:12,19550.0,400,Buy,226711085
2024-07-26 13:14:14,19550.0,1000,Buy,226711104
2024-07-26 13:14:15,19550.0,200,Buy,226711122
2024-07-26 13:14:15,19550.0,500,Buy,226711117
2024-07-26 13:14:15,19550.0,100,Buy,226711125
2024-07-26 13:14:17,19550.0,100,Buy,226711173
2024-07-26 13:14:17,19550.0,200,Buy,226711176
2024-07-26 13:14:17,19550.0,200,Buy,226711189
2024-07-26 13:14:18,19550.0,4000,Buy,226711200
2024-07-26 13:14:23,19550.0,17500,Buy,226711304
2024-07-26 13:14:23,19550.0,500,Buy,226711305
2024-07-26 13:14:26,19550.0,1500,Sell,226711376
2024-07-26 13:14:27,19550.0,3000,Sell,226711399
2024-07-26 13:14:27,19550.0,1000,Sell,226711400
2024-07-26 13:14:27,19550.0,1000,Sell,226711401
2024-07-26 13:14:27,19550.0,500,Sell,226711402
2024-07-26 13:14:27,19550.0,1000,Sell,226711403
2024-07-26 13:14:27,19550.0,3500,Sell,226711404
2024-07-26 13:14:28,19550.0,800,Sell,226711412
2024-07-26 13:14:30,19550.0,1500,Sell,226711460
2024-07-26 13:14:31,19550.0,1400,Buy,226711493
2024-07-26 13:14:33,19550.0,100,Buy,226711565
2024-07-26 13:14:39,19550.0,2800,Sell,226711635
2024-07-26 13:14:44,19550.0,100,Sell,226711769
2024-07-26 13:14:44,19550.0,200,Sell,226711770
2024-07-26 13:14:44,19550.0,5000,Sell,226711771
2024-07-26 13:14:44,19550.0,700,Sell,226711772
2024-07-26 13:14:47,19600.0,100,Buy,226711875
2024-07-26 13:14:47,19550.0,800,Sell,226711860
2024-07-26 13:14:47,19550.0,2000,Sell,226711859
2024-07-26 13:14:47,19550.0,1000,Sell,226711857
2024-07-26 13:14:47,19550.0,100,Sell,226711856
2024-07-26 13:14:47,19550.0,3600,Sell,226711855
2024-07-26 13:14:47,19550.0,9300,Sell,226711854
2024-07-26 13:14:47,19550.0,600,Sell,226711858
2024-07-26 13:14:49,19550.0,4000,Sell,226711928
2024-07-26 13:14:49,19550.0,1000,Sell,226711927
2024-07-26 13:14:49,19550.0,500,Sell,226711926
2024-07-26 13:14:49,19550.0,1000,Sell,226711925
2024-07-26 13:14:49,19550.0,1000,Sell,226711923
2024-07-26 13:14:49,19550.0,3000,Sell,226711924
2024-07-26 13:14:49,19550.0,1200,Sell,226711922
2024-07-26 13:14:50,19550.0,500,Buy,226712001
2024-07-26 13:14:51,19550.0,10000,Buy,226712008
2024-07-26 13:14:52,19550.0,100,Buy,226712032
2024-07-26 13:14:52,19550.0,7800,Buy,226712031
2024-07-26 13:14:56,19550.0,1100,Sell,226712132
2024-07-26 13:14:56,19550.0,500,Sell,226712133
2024-07-26 13:14:56,19550.0,200,Sell,226712134
2024-07-26 13:14:56,19550.0,4000,Sell,226712135
2024-07-26 13:14:56,19550.0,500,Sell,226712136
2024-07-26 13:14:56,19550.0,2000,Sell,226712137
2024-07-26 13:14:56,19550.0,6700,Sell,226712138
2024-07-26 13:14:58,19550.0,1500,Sell,226712174
2024-07-26 13:14:58,19550.0,1000,Sell,226712175
2024-07-26 13:14:58,19550.0,600,Sell,226712176
2024-07-26 13:14:58,19550.0,5000,Buy,226712178
2024-07-26 13:14:58,19550.0,200,Buy,226712179
2024-07-26 13:14:58,19550.0,1200,Buy,226712180
2024-07-26 13:14:59,19550.0,16400,Buy,226712211
2024-07-26 13:14:59,19550.0,4000,Buy,226712201
2024-07-26 13:14:59,19550.0,100,Buy,226712191
2024-07-26 13:15:05,19600.0,1400,Buy,226712349
2024-07-26 13:15:05,19600.0,1800,Buy,226712350
2024-07-26 13:15:05,19600.0,4800,Buy,226712351
2024-07-26 13:15:05,19600.0,200,Buy,226712352
2024-07-26 13:15:05,19600.0,1000,Buy,226712353
2024-07-26 13:15:05,19600.0,400,Buy,226712354
2024-07-26 13:15:05,19600.0,100,Buy,226712355
2024-07-26 13:15:05,19600.0,100,Buy,226712356
2024-07-26 13:15:05,19600.0,200,Buy,226712357
2024-07-26 13:15:06,19550.0,100,Sell,226712360
2024-07-26 13:15:06,19550.0,200,Sell,226712361
2024-07-26 13:15:06,19550.0,100,Sell,226712362
2024-07-26 13:15:06,19550.0,500,Sell,226712363
2024-07-26 13:15:14,19550.0,2000,Sell,226712560
2024-07-26 13:15:14,19550.0,500,Sell,226712559
2024-07-26 13:15:14,19550.0,2300,Sell,226712557
2024-07-26 13:15:14,19550.0,200,Sell,226712558
2024-07-26 13:15:18,19550.0,300,Sell,226712634
2024-07-26 13:15:19,19550.0,700,Sell,226712656
2024-07-26 13:15:19,19550.0,4000,Sell,226712657
2024-07-26 13:15:19,19550.0,100,Sell,226712658
2024-07-26 13:15:19,19550.0,200,Sell,226712659
2024-07-26 13:15:20,19550.0,300,Sell,226712673
2024-07-26 13:15:20,19550.0,100,Sell,226712674
2024-07-26 13:15:20,19550.0,200,Sell,226712675
2024-07-26 13:15:20,19550.0,2000,Sell,226712676
2024-07-26 13:15:20,19550.0,1000,Sell,226712677
2024-07-26 13:15:20,19550.0,800,Sell,226712678
2024-07-26 13:15:20,19550.0,500,Sell,226712679
2024-07-26 13:15:20,19550.0,100,Sell,226712680
2024-07-26 13:15:20,19550.0,4000,Buy,226712699
2024-07-26 13:15:20,19550.0,3400,Buy,226712700
2024-07-26 13:15:22,19550.0,5000,Buy,226712779
2024-07-26 13:15:23,19550.0,1000,Buy,226712785
2024-07-26 13:15:26,19550.0,200,Buy,226712885
2024-07-26 13:15:26,19550.0,200,Buy,226712883
2024-07-26 13:15:27,19550.0,400,Buy,226712919
2024-07-26 13:15:30,19550.0,200,Buy,226712992
2024-07-26 13:15:31,19550.0,300,Buy,226713007
2024-07-26 13:15:31,19500.0,1000,Sell,226713012
2024-07-26 13:15:31,19550.0,100,Buy,226713013
2024-07-26 13:15:32,19550.0,200,Buy,226713027
2024-07-26 13:15:32,19550.0,500,Buy,226713044
2024-07-26 13:15:34,19550.0,1000,Buy,226713100
2024-07-26 13:15:34,19550.0,400,Buy,226713101
2024-07-26 13:15:34,19550.0,5000,Buy,226713102
2024-07-26 13:15:34,19550.0,22000,Buy,226713103
2024-07-26 13:15:38,19550.0,700,Sell,226713266
2024-07-26 13:15:40,19550.0,1900,Sell,226713293
2024-07-26 13:15:40,19550.0,100,Sell,226713294
2024-07-26 13:15:41,19600.0,400,Buy,226713312
2024-07-26 13:15:41,19600.0,100,Buy,226713311
2024-07-26 13:15:42,19600.0,900,Buy,226713352
2024-07-26 13:15:42,19600.0,1600,Buy,226713350
2024-07-26 13:15:42,19600.0,500,Buy,226713351
2024-07-26 13:15:43,19600.0,8400,Buy,226713368
2024-07-26 13:15:43,19600.0,100,Buy,226713367
2024-07-26 13:15:43,19600.0,100,Buy,226713364
2024-07-26 13:15:43,19600.0,400,Buy,226713365
2024-07-26 13:15:43,19600.0,1000,Buy,226713366
2024-07-26 13:15:44,19550.0,500,Sell,226713373
2024-07-26 13:15:44,19550.0,100,Sell,226713372
2024-07-26 13:15:44,19550.0,100,Sell,226713389
2024-07-26 13:15:46,19550.0,400,Sell,226713406
2024-07-26 13:15:46,19550.0,100,Sell,226713407
2024-07-26 13:15:49,19550.0,900,Sell,226713512
2024-07-26 13:15:49,19550.0,100,Sell,226713513
2024-07-26 13:15:49,19550.0,100,Sell,226713514
2024-07-26 13:15:49,19550.0,3400,Sell,226713515
2024-07-26 13:15:49,19550.0,5500,Sell,226713516
2024-07-26 13:15:52,19600.0,500,Buy,226713564
2024-07-26 13:15:52,19600.0,100,Buy,226713568
2024-07-26 13:15:52,19600.0,100,Buy,226713569
2024-07-26 13:15:52,19600.0,3000,Buy,226713570
2024-07-26 13:15:52,19600.0,1600,Buy,226713571
2024-07-26 13:15:52,19600.0,100,Buy,226713572
2024-07-26 13:15:52,19600.0,5100,Buy,226713573
2024-07-26 13:15:53,19600.0,800,Buy,226713586
2024-07-26 13:15:53,19600.0,100,Buy,226713580
2024-07-26 13:15:53,19600.0,4900,Buy,226713579
2024-07-26 13:15:54,19600.0,4100,Buy,226713607
2024-07-26 13:15:54,19600.0,100,Buy,226713608
2024-07-26 13:15:55,19600.0,100,Sell,226713632
2024-07-26 13:15:59,19650.0,500,Buy,226713701
2024-07-26 13:15:59,19650.0,3000,Buy,226713702
2024-07-26 13:15:59,19650.0,100,Buy,226713703
2024-07-26 13:15:59,19650.0,200,Buy,226713704
2024-07-26 13:15:59,19650.0,500,Buy,226713705
2024-07-26 13:15:59,19650.0,2000,Buy,226713706
2024-07-26 13:15:59,19650.0,1000,Buy,226713707
2024-07-26 13:16:02,19650.0,100,Sell,226713798
2024-07-26 13:16:02,19600.0,4900,Sell,226713799
2024-07-26 13:16:03,19600.0,11600,Buy,226713837
2024-07-26 13:16:03,19600.0,1200,Sell,226713832
2024-07-26 13:16:03,19600.0,4000,Sell,226713831
2024-07-26 13:16:03,19600.0,7200,Sell,226713830
2024-07-26 13:16:03,19600.0,15800,Sell,226713828
2024-07-26 13:16:03,19600.0,3000,Sell,226713829
2024-07-26 13:16:03,19650.0,7200,Sell,226713827
2024-07-26 13:16:08,19650.0,500,Sell,226713994
2024-07-26 13:16:10,19650.0,4700,Sell,226714052
2024-07-26 13:16:13,19650.0,4800,Sell,226714093
2024-07-26 13:16:13,19650.0,100,Sell,226714094
2024-07-26 13:16:23,19600.0,500,Sell,226714267
2024-07-26 13:16:23,19600.0,200,Sell,226714268
2024-07-26 13:16:23,19600.0,300,Sell,226714270
2024-07-26 13:16:23,19600.0,100,Sell,226714271
2024-07-26 13:16:23,19600.0,200,Sell,226714272
2024-07-26 13:16:23,19550.0,1600,Sell,226714273
2024-07-26 13:16:23,19600.0,1000,Buy,226714285
2024-07-26 13:16:23,19600.0,200,Buy,226714289
2024-07-26 13:16:23,19600.0,100,Sell,226714269
2024-07-26 13:16:25,19600.0,300,Buy,226714388
2024-07-26 13:16:31,19650.0,1900,Buy,226714674
2024-07-26 13:16:43,19650.0,2000,Buy,226714947
2024-07-26 13:16:50,19650.0,100,Buy,226715115
2024-07-26 13:16:51,19650.0,500,Buy,226715125
2024-07-26 13:16:52,19650.0,100,Buy,226715165
2024-07-26 13:16:52,19650.0,1000,Buy,226715179
2024-07-26 13:16:55,19600.0,2700,Sell,226715254
2024-07-26 13:16:55,19600.0,1000,Sell,226715255
2024-07-26 13:16:55,19600.0,300,Sell,226715256
2024-07-26 13:16:55,19600.0,1000,Sell,226715257
2024-07-26 13:16:57,19650.0,2000,Buy,226715377
2024-07-26 13:17:00,19600.0,2000,Sell,226715417
2024-07-26 13:17:17,19650.0,3000,Buy,226715812
2024-07-26 13:17:18,19600.0,2200,Sell,226715824
2024-07-26 13:17:18,19600.0,2000,Sell,226715823
2024-07-26 13:17:18,19600.0,200,Sell,226715822
2024-07-26 13:17:18,19600.0,3600,Sell,226715821
2024-07-26 13:17:18,19600.0,2000,Sell,226715820
2024-07-26 13:17:18,19600.0,2000,Sell,226715818
2024-07-26 13:17:18,19600.0,1000,Sell,226715817
2024-07-26 13:17:18,19600.0,100,Sell,226715819
2024-07-26 13:17:18,19600.0,2000,Sell,226715813
2024-07-26 13:17:18,19600.0,100,Sell,226715816
2024-07-26 13:17:18,19600.0,1800,Sell,226715815
2024-07-26 13:17:18,19600.0,3000,Sell,226715814
2024-07-26 13:17:22,19650.0,3000,Buy,226715940
2024-07-26 13:17:25,19600.0,3000,Sell,226716043
2024-07-26 13:17:34,19650.0,26900,Buy,226716296
2024-07-26 13:17:35,19650.0,4600,Buy,226716333
2024-07-26 13:17:35,19650.0,18300,Buy,226716334
2024-07-26 13:17:35,19650.0,4000,Buy,226716335
2024-07-26 13:17:36,19650.0,1000,Buy,226716353
2024-07-26 13:17:36,19650.0,700,Buy,226716354
2024-07-26 13:17:36,19650.0,5000,Buy,226716355
2024-07-26 13:17:36,19650.0,100,Buy,226716356
2024-07-26 13:17:36,19650.0,100,Buy,226716357
2024-07-26 13:17:36,19650.0,100,Buy,226716358
2024-07-26 13:17:36,19650.0,500,Buy,226716359
2024-07-26 13:17:46,19650.0,3800,Sell,226716568
2024-07-26 13:17:53,19700.0,3400,Buy,226716889
2024-07-26 13:17:53,19700.0,1600,Buy,226716888
2024-07-26 13:18:01,19700.0,1600,Buy,226717130
2024-07-26 13:18:01,19700.0,500,Buy,226717131
2024-07-26 13:18:01,19700.0,1000,Buy,226717132
2024-07-26 13:18:01,19700.0,100,Buy,226717133
2024-07-26 13:18:01,19700.0,300,Buy,226717134
2024-07-26 13:18:01,19700.0,500,Buy,226717135
2024-07-26 13:18:01,19700.0,600,Buy,226717136
2024-07-26 13:18:01,19700.0,200,Buy,226717147
2024-07-26 13:18:03,19700.0,100,Buy,226717217
2024-07-26 13:18:04,19700.0,100,Buy,226717223
2024-07-26 13:18:04,19700.0,900,Buy,226717224
2024-07-26 13:18:04,19700.0,1000,Buy,226717246
2024-07-26 13:18:05,19700.0,100,Buy,226717250
2024-07-26 13:18:07,19700.0,3000,Buy,226717302
2024-07-26 13:18:08,19700.0,800,Buy,226717322
2024-07-26 13:18:08,19700.0,100,Buy,226717320
2024-07-26 13:18:08,19700.0,100,Buy,226717321
2024-07-26 13:18:09,19700.0,1000,Buy,226717343
2024-07-26 13:18:09,19700.0,4200,Buy,226717342
2024-07-26 13:18:09,19700.0,5000,Sell,226717344
2024-07-26 13:18:30,19700.0,9700,Sell,226717793
2024-07-26 13:18:30,19700.0,100,Sell,226717794
2024-07-26 13:18:30,19700.0,1000,Sell,226717795
2024-07-26 13:18:30,19700.0,200,Sell,226717796
2024-07-26 13:18:30,19700.0,1000,Sell,226717797
2024-07-26 13:18:31,19700.0,500,Sell,226717810
2024-07-26 13:18:32,19750.0,1000,Buy,226717841
2024-07-26 13:18:33,19750.0,1800,Buy,226717865
2024-07-26 13:18:33,19750.0,100,Buy,226717863
2024-07-26 13:18:33,19750.0,1000,Buy,226717862
2024-07-26 13:18:33,19750.0,5000,Buy,226717864
2024-07-26 13:18:33,19750.0,1000,Buy,226717860
2024-07-26 13:18:33,19750.0,400,Buy,226717859
2024-07-26 13:18:33,19750.0,100,Buy,226717858
2024-07-26 13:18:33,19750.0,500,Buy,226717857
2024-07-26 13:18:33,19750.0,100,Buy,226717861
2024-07-26 13:18:35,19750.0,100,Buy,226717895
2024-07-26 13:18:36,19750.0,1300,Buy,226717916
2024-07-26 13:18:36,19750.0,500,Buy,226717919
2024-07-26 13:18:40,19750.0,100,Buy,226717978
2024-07-26 13:18:42,19750.0,100,Buy,226718053
2024-07-26 13:18:44,19750.0,800,Buy,226718090
2024-07-26 13:18:46,19750.0,200,Buy,226718122
2024-07-26 13:18:47,19700.0,200,Sell,226718129
2024-07-26 13:18:52,19750.0,2100,Buy,226718274
2024-07-26 13:18:59,19750.0,500,Buy,226718444
2024-07-26 13:18:59,19750.0,28700,Buy,226718465
2024-07-26 13:18:59,19750.0,400,Buy,226718466
2024-07-26 13:18:59,19750.0,900,Buy,226718467
2024-07-26 13:19:01,19750.0,12900,Buy,226718487
2024-07-26 13:19:01,19750.0,200,Buy,226718488
2024-07-26 13:19:05,19750.0,200,Sell,226718568
2024-07-26 13:19:12,19750.0,3200,Sell,226718709
2024-07-26 13:19:12,19750.0,1000,Sell,226718708
2024-07-26 13:19:12,19750.0,700,Sell,226718706
2024-07-26 13:19:12,19750.0,100,Sell,226718707
2024-07-26 13:19:12,19750.0,100,Sell,226718701
2024-07-26 13:19:13,19800.0,500,Buy,226718754
2024-07-26 13:19:13,19800.0,300,Buy,226718752
2024-07-26 13:19:13,19800.0,100,Buy,226718753
2024-07-26 13:19:14,19800.0,16700,Buy,226718778
2024-07-26 13:19:14,19800.0,500,Buy,226718776
2024-07-26 13:19:14,19800.0,3000,Buy,226718775
2024-07-26 13:19:14,19800.0,600,Buy,226718774
2024-07-26 13:19:14,19800.0,1000,Buy,226718769
2024-07-26 13:19:14,19800.0,100,Buy,226718772
2024-07-26 13:19:14,19800.0,200,Buy,226718771
2024-07-26 13:19:14,19800.0,2000,Buy,226718770
2024-07-26 13:19:14,19800.0,5000,Buy,226718773
2024-07-26 13:19:14,19800.0,1000,Buy,226718777
2024-07-26 13:19:15,19800.0,100,Buy,226718799
2024-07-26 13:19:15,19800.0,7300,Buy,226718793
2024-07-26 13:19:15,19800.0,7000,Buy,226718794
2024-07-26 13:19:15,19800.0,8800,Buy,226718795
2024-07-26 13:19:15,19800.0,100,Buy,226718796
2024-07-26 13:19:15,19800.0,3000,Buy,226718797
2024-07-26 13:19:15,19800.0,5000,Buy,226718798
2024-07-26 13:19:20,19800.0,100,Sell,226719031
2024-07-26 13:19:21,19850.0,300,Buy,226719074
2024-07-26 13:19:21,19850.0,300,Buy,226719073
2024-07-26 13:19:21,19850.0,1700,Buy,226719075
2024-07-26 13:19:25,19800.0,1300,Sell,226719158
2024-07-26 13:19:25,19800.0,100,Sell,226719159
2024-07-26 13:19:25,19800.0,1000,Sell,226719160
2024-07-26 13:19:25,19800.0,2600,Sell,226719161
2024-07-26 13:19:25,19850.0,3300,Buy,226719166
2024-07-26 13:19:25,19850.0,100,Buy,226719167
2024-07-26 13:19:25,19850.0,1600,Buy,226719168
2024-07-26 13:19:28,19850.0,600,Sell,226719252
2024-07-26 13:19:28,19850.0,400,Buy,226719222
2024-07-26 13:19:30,19850.0,100,Buy,226719304
2024-07-26 13:19:31,19800.0,1300,Sell,226719319
2024-07-26 13:19:31,19800.0,200,Sell,226719320
2024-07-26 13:19:31,19800.0,1000,Sell,226719321
2024-07-26 13:19:31,19800.0,400,Sell,226719322
2024-07-26 13:19:31,19800.0,2100,Sell,226719323
2024-07-26 13:19:37,19800.0,100,Sell,226719427
2024-07-26 13:19:39,19850.0,1000,Buy,226719476
2024-07-26 13:19:40,19800.0,2000,Sell,226719512
2024-07-26 13:19:40,19850.0,10000,Buy,226719498
2024-07-26 13:19:42,19800.0,100,Sell,226719532
2024-07-26 13:19:42,19850.0,25000,Buy,226719539
2024-07-26 13:19:43,19850.0,13300,Buy,226719556
2024-07-26 13:19:43,19850.0,100,Buy,226719557
2024-07-26 13:19:43,19850.0,100,Buy,226719558
2024-07-26 13:19:43,19850.0,500,Buy,226719559
2024-07-26 13:19:46,19850.0,500,Buy,226719632
2024-07-26 13:19:51,20000.0,2600,Buy,226719733
2024-07-26 13:19:51,19950.0,200,Buy,226719731
2024-07-26 13:19:51,19900.0,2000,Buy,226719730
2024-07-26 13:19:51,19900.0,1600,Buy,226719729
2024-07-26 13:19:51,19900.0,2000,Buy,226719728
2024-07-26 13:19:51,19950.0,12500,Buy,226719732
2024-07-26 13:19:51,19900.0,900,Buy,226719726
2024-07-26 13:19:51,19900.0,2000,Buy,226719725
2024-07-26 13:19:51,19900.0,100,Buy,226719724
2024-07-26 13:19:51,19900.0,100,Buy,226719723
2024-07-26 13:19:51,19900.0,500,Buy,226719722
2024-07-26 13:19:51,19900.0,5000,Buy,226719721
2024-07-26 13:19:51,19900.0,500,Buy,226719727
2024-07-26 13:19:58,20000.0,200,Buy,226719990
2024-07-26 13:20:00,19950.0,100,Buy,226720077
2024-07-26 13:20:01,20000.0,1000,Buy,226720108
2024-07-26 13:20:01,20000.0,1200,Buy,226720115
2024-07-26 13:20:01,20000.0,800,Buy,226720116
2024-07-26 13:20:02,20000.0,500,Buy,226720187
2024-07-26 13:20:04,20000.0,1500,Buy,226720216
2024-07-26 13:20:04,20000.0,3700,Buy,226720215
2024-07-26 13:20:05,20000.0,200,Buy,226720250
2024-07-26 13:20:05,20000.0,300,Buy,226720253
2024-07-26 13:20:07,20000.0,200,Buy,226720338
2024-07-26 13:20:07,20000.0,1000,Buy,226720337
2024-07-26 13:20:07,20000.0,300,Buy,226720336
2024-07-26 13:20:07,20000.0,500,Buy,226720335
2024-07-26 13:20:07,20000.0,100,Buy,226720333
2024-07-26 13:20:07,20000.0,100,Buy,226720334
2024-07-26 13:20:07,20000.0,600,Buy,226720332
2024-07-26 13:20:07,20000.0,100,Buy,226720328
2024-07-26 13:20:07,20000.0,200,Buy,226720330
2024-07-26 13:20:07,20000.0,100,Buy,226720331
2024-07-26 13:20:07,20000.0,100,Buy,226720318
2024-07-26 13:20:07,20000.0,500,Buy,226720325
2024-07-26 13:20:07,20000.0,100,Buy,226720327
2024-07-26 13:20:07,20000.0,900,Buy,226720326
2024-07-26 13:20:07,20000.0,800,Buy,226720329
2024-07-26 13:20:08,20000.0,100,Buy,226720352
2024-07-26 13:20:08,20000.0,200,Buy,226720353
2024-07-26 13:20:09,19950.0,4900,Sell,226720427
2024-07-26 13:20:09,19950.0,3400,Sell,226720428
2024-07-26 13:20:10,19950.0,5000,Buy,226720453
2024-07-26 13:20:10,19950.0,400,Buy,226720454
2024-07-26 13:20:11,19950.0,5000,Buy,226720460
2024-07-26 13:20:11,19950.0,1000,Buy,226720468
2024-07-26 13:20:12,19950.0,300,Buy,226720477
2024-07-26 13:20:12,19950.0,700,Buy,226720478
2024-07-26 13:20:12,19950.0,300,Buy,226720479
2024-07-26 13:20:13,20000.0,500,Buy,226720500
2024-07-26 13:20:15,20000.0,1600,Buy,226720573
2024-07-26 13:20:16,20000.0,100,Buy,226720582
2024-07-26 13:20:16,20000.0,200,Buy,226720583
2024-07-26 13:20:16,20000.0,2000,Buy,226720578
2024-07-26 13:20:16,20000.0,700,Buy,226720581
2024-07-26 13:20:17,20000.0,100,Buy,226720611
2024-07-26 13:20:17,20000.0,200,Buy,226720616
2024-07-26 13:20:17,20000.0,5000,Buy,226720615
2024-07-26 13:20:17,20000.0,100,Buy,226720614
2024-07-26 13:20:17,20000.0,200,Buy,226720613
2024-07-26 13:20:17,20000.0,200,Buy,226720612
2024-07-26 13:20:17,20000.0,600,Buy,226720617
2024-07-26 13:20:17,20000.0,400,Buy,226720609
2024-07-26 13:20:17,20000.0,200,Buy,226720608
2024-07-26 13:20:17,20000.0,5000,Buy,226720607
2024-07-26 13:20:17,20000.0,100,Buy,226720606
2024-07-26 13:20:17,20000.0,1000,Buy,226720605
2024-07-26 13:20:17,20000.0,300,Buy,226720604
2024-07-26 13:20:17,20000.0,1600,Buy,226720610
2024-07-26 13:20:19,20000.0,7000,Buy,226720681
2024-07-26 13:20:19,20000.0,600,Buy,226720685
2024-07-26 13:20:20,20000.0,300,Buy,226720704
2024-07-26 13:20:21,19950.0,200,Sell,226720732
2024-07-26 13:20:22,20000.0,500,Buy,226720738
2024-07-26 13:20:22,20000.0,1500,Buy,226720736
2024-07-26 13:20:22,20000.0,100,Buy,226720737
2024-07-26 13:20:24,20000.0,200,Sell,226720774
2024-07-26 13:20:28,20050.0,1800,Buy,226720914
2024-07-26 13:20:28,20050.0,1500,Buy,226720915
2024-07-26 13:20:28,20050.0,2700,Buy,226720916
2024-07-26 13:20:29,20000.0,200,Sell,226720936
2024-07-26 13:20:30,20050.0,300,Buy,226720987
2024-07-26 13:20:30,20050.0,100,Buy,226720988
2024-07-26 13:20:30,20050.0,200,Buy,226720989
2024-07-26 13:20:30,20050.0,900,Buy,226720990
2024-07-26 13:20:30,20050.0,200,Buy,226720991
2024-07-26 13:20:30,20050.0,1000,Buy,226720992
2024-07-26 13:20:30,20050.0,2300,Buy,226720986
2024-07-26 13:20:31,20000.0,200,Sell,226721012
2024-07-26 13:20:32,20050.0,500,Buy,226721037
2024-07-26 13:20:33,20050.0,100,Buy,226721051
2024-07-26 13:20:34,20050.0,100,Buy,226721057
2024-07-26 13:20:35,20050.0,1000,Buy,226721073
2024-07-26 13:20:35,20050.0,300,Buy,226721077
2024-07-26 13:20:38,20050.0,300,Sell,226721131
2024-07-26 13:20:38,20050.0,500,Sell,226721132
2024-07-26 13:20:42,20050.0,100,Sell,226721211
2024-07-26 13:20:44,20100.0,1000,Buy,226721292
2024-07-26 13:20:44,20100.0,100,Buy,226721293
2024-07-26 13:20:44,20100.0,8800,Buy,226721294
2024-07-26 13:20:44,20100.0,300,Buy,226721295
2024-07-26 13:20:44,20100.0,200,Buy,226721296
2024-07-26 13:20:44,20100.0,200,Buy,226721297
2024-07-26 13:20:44,20100.0,200,Buy,226721298
2024-07-26 13:20:46,20150.0,200,Buy,226721330
2024-07-26 13:20:46,20150.0,300,Buy,226721329
2024-07-26 13:20:46,20100.0,500,Sell,226721319
2024-07-26 13:20:51,20150.0,100,Buy,226721443
2024-07-26 13:20:51,20150.0,200,Buy,226721448
2024-07-26 13:20:51,20150.0,3000,Buy,226721449
2024-07-26 13:20:52,20100.0,200,Sell,226721476
2024-07-26 13:20:53,20150.0,100,Buy,226721511
2024-07-26 13:20:53,20150.0,1000,Buy,226721521
2024-07-26 13:20:53,20150.0,400,Buy,226721524
2024-07-26 13:20:54,20150.0,200,Buy,226721609
2024-07-26 13:20:54,20150.0,3700,Sell,226721536
2024-07-26 13:20:54,20150.0,200,Buy,226721532
2024-07-26 13:20:54,20150.0,5000,Buy,226721531
2024-07-26 13:20:54,20150.0,500,Buy,226721530
2024-07-26 13:20:54,20150.0,200,Buy,226721533
2024-07-26 13:20:55,20150.0,1000,Buy,226721629
2024-07-26 13:20:56,20150.0,2000,Buy,226721655
2024-07-26 13:20:56,20150.0,1000,Buy,226721669
2024-07-26 13:20:57,20150.0,1000,Buy,226721683
2024-07-26 13:20:58,20150.0,700,Buy,226721701
2024-07-26 13:20:58,20150.0,200,Buy,226721702
2024-07-26 13:20:58,20150.0,1100,Buy,226721699
2024-07-26 13:20:58,20150.0,100,Buy,226721700
2024-07-26 13:20:59,20150.0,1000,Buy,226721712
2024-07-26 13:20:59,20150.0,500,Buy,226721729
2024-07-26 13:21:00,20150.0,1000,Buy,226721738
2024-07-26 13:21:01,20150.0,200,Buy,226721774
2024-07-26 13:21:01,20150.0,29500,Buy,226721779
2024-07-26 13:21:01,20150.0,100,Buy,226721780
2024-07-26 13:21:01,20150.0,2000,Buy,226721781
2024-07-26 13:21:02,20150.0,500,Buy,226721798
2024-07-26 13:21:02,20150.0,200,Buy,226721813
2024-07-26 13:21:02,20150.0,3100,Buy,226721796
2024-07-26 13:21:02,20150.0,1700,Buy,226721797
2024-07-26 13:21:02,20150.0,300,Buy,226721799
2024-07-26 13:21:03,20200.0,100,Buy,226721831
2024-07-26 13:21:05,20150.0,1000,Sell,226721881
2024-07-26 13:21:06,20150.0,100,Sell,226721936
2024-07-26 13:21:08,20200.0,200,Buy,226722119
2024-07-26 13:21:08,20200.0,50000,Buy,226722118
2024-07-26 13:21:08,20200.0,100,Buy,226722121
2024-07-26 13:21:08,20200.0,100,Buy,226722120
2024-07-26 13:21:08,20200.0,4500,Buy,226722117
2024-07-26 13:21:08,20200.0,300,Buy,226722114
2024-07-26 13:21:08,20200.0,100,Buy,226722115
2024-07-26 13:21:08,20200.0,500,Buy,226722113
2024-07-26 13:21:08,20200.0,300,Buy,226722112
2024-07-26 13:21:08,20200.0,700,Buy,226722111
2024-07-26 13:21:08,20200.0,100,Buy,226722116
2024-07-26 13:21:09,20200.0,1500,Buy,226722126
2024-07-26 13:21:09,20200.0,3000,Buy,226722127
2024-07-26 13:21:09,20200.0,3100,Buy,226722128
2024-07-26 13:21:10,20150.0,300,Sell,226722152
2024-07-26 13:21:12,20200.0,1700,Buy,226722235
2024-07-26 13:21:12,20200.0,1300,Buy,226722236
2024-07-26 13:21:12,20200.0,500,Buy,226722237
2024-07-26 13:21:13,20150.0,500,Sell,226722263
2024-07-26 13:21:13,20200.0,2500,Buy,226722246
2024-07-26 13:21:13,20200.0,500,Buy,226722253
2024-07-26 13:21:15,20200.0,100,Buy,226722330
2024-07-26 13:21:15,20200.0,200,Buy,226722329
2024-07-26 13:21:15,20200.0,200,Buy,226722328
2024-07-26 13:21:15,20200.0,2000,Buy,226722327
2024-07-26 13:21:15,20200.0,300,Buy,226722323
2024-07-26 13:21:15,20200.0,100,Buy,226722326
2024-07-26 13:21:15,20200.0,400,Buy,226722325
2024-07-26 13:21:15,20200.0,1000,Buy,226722324
2024-07-26 13:21:15,20200.0,200,Buy,226722322
2024-07-26 13:21:15,20200.0,1800,Buy,226722316
2024-07-26 13:21:15,20200.0,100,Buy,226722320
2024-07-26 13:21:15,20200.0,200,Buy,226722319
2024-07-26 13:21:15,20200.0,100,Buy,226722318
2024-07-26 13:21:15,20200.0,200,Buy,226722317
2024-07-26 13:21:15,20200.0,2900,Buy,226722315
2024-07-26 13:21:15,20200.0,23500,Buy,226722314
2024-07-26 13:21:15,20200.0,500,Buy,226722298
2024-07-26 13:21:15,20200.0,1200,Buy,226722297
2024-07-26 13:21:15,20200.0,300,Buy,226722321
2024-07-26 13:21:16,20200.0,2000,Sell,226722350
2024-07-26 13:21:17,20250.0,200,Buy,226722385
2024-07-26 13:21:17,20250.0,200,Buy,226722384
2024-07-26 13:21:17,20250.0,300,Buy,226722382
2024-07-26 13:21:17,20250.0,200,Buy,226722381
2024-07-26 13:21:17,20250.0,300,Buy,226722383
2024-07-26 13:21:20,20250.0,200,Buy,226722441
2024-07-26 13:21:20,20300.0,500,Buy,226722442
2024-07-26 13:21:20,20300.0,1000,Buy,226722443
2024-07-26 13:21:20,20300.0,300,Buy,226722444
2024-07-26 13:21:20,20300.0,500,Buy,226722445
2024-07-26 13:21:20,20300.0,100,Buy,226722446
2024-07-26 13:21:20,20300.0,300,Buy,226722447
2024-07-26 13:21:20,20300.0,200,Buy,226722448
2024-07-26 13:21:20,20300.0,1600,Buy,226722449
2024-07-26 13:21:20,20300.0,1000,Sell,226722467
2024-07-26 13:21:23,20300.0,200,Sell,226722506
2024-07-26 13:21:25,20350.0,200,Buy,226722619
2024-07-26 13:21:27,20350.0,200,Buy,226722691
2024-07-26 13:21:27,20350.0,200,Buy,226722692
2024-07-26 13:21:27,20350.0,100,Buy,226722689
2024-07-26 13:21:27,20350.0,500,Buy,226722690
2024-07-26 13:21:31,20500.0,100,Buy,226722799
2024-07-26 13:21:31,20500.0,2000,Buy,226722801
2024-07-26 13:21:31,20500.0,200,Buy,226722802
2024-07-26 13:21:31,20500.0,100,Buy,226722803
2024-07-26 13:21:31,20500.0,200,Buy,226722804
2024-07-26 13:21:31,20500.0,100,Buy,226722805
2024-07-26 13:21:31,20600.0,100,Buy,226722806
2024-07-26 13:21:31,20600.0,300,Buy,226722807
2024-07-26 13:21:31,20600.0,500,Buy,226722809
2024-07-26 13:21:31,20600.0,12800,Buy,226722810
2024-07-26 13:21:31,20600.0,200,Buy,226722811
2024-07-26 13:21:31,20700.0,500,Buy,226722812
2024-07-26 13:21:31,20700.0,2000,Buy,226722813
2024-07-26 13:21:31,20700.0,16400,Buy,226722814
2024-07-26 13:21:31,20600.0,300,Buy,226722808
2024-07-26 13:21:31,20500.0,1000,Buy,226722798
2024-07-26 13:21:31,20500.0,200,Buy,226722800
2024-07-26 13:21:31,20500.0,500,Buy,226722796
2024-07-26 13:21:31,20400.0,300,Buy,226722780
2024-07-26 13:21:31,20400.0,500,Buy,226722781
2024-07-26 13:21:31,20400.0,300,Buy,226722782
2024-07-26 13:21:31,20400.0,200,Buy,226722783
2024-07-26 13:21:31,20400.0,200,Buy,226722784
2024-07-26 13:21:31,20450.0,300,Buy,226722785
2024-07-26 13:21:31,20450.0,200,Buy,226722787
2024-07-26 13:21:31,20450.0,500,Buy,226722786
2024-07-26 13:21:31,20500.0,1000,Buy,226722789
2024-07-26 13:21:31,20500.0,500,Buy,226722790
2024-07-26 13:21:31,20500.0,300,Buy,226722791
2024-07-26 13:21:31,20500.0,1000,Buy,226722792
2024-07-26 13:21:31,20500.0,100,Buy,226722793
2024-07-26 13:21:31,20500.0,300,Buy,226722794
2024-07-26 13:21:31,20500.0,500,Buy,226722795
2024-07-26 13:21:31,20450.0,6000,Buy,226722788
2024-07-26 13:21:31,20500.0,300,Buy,226722797
2024-07-26 13:21:32,20350.0,100,Sell,226722826
2024-07-26 13:21:37,20450.0,100,Buy,226723013
2024-07-26 13:21:37,20450.0,100,Buy,226723012
2024-07-26 13:21:39,20500.0,200,Buy,226723062
2024-07-26 13:21:39,20650.0,2800,Buy,226723063
2024-07-26 13:21:40,20650.0,5300,Buy,226723081
2024-07-26 13:21:42,20650.0,500,Buy,226723168
2024-07-26 13:21:43,20550.0,200,Sell,226723212
2024-07-26 13:21:47,20650.0,300,Buy,226723291
2024-07-26 13:21:49,20650.0,500,Buy,226723333
2024-07-26 13:21:50,20650.0,10000,Buy,226723360
2024-07-26 13:21:52,20650.0,400,Buy,226723407
2024-07-26 13:21:52,20650.0,4900,Buy,226723442
2024-07-26 13:21:53,20650.0,200,Buy,226723445
2024-07-26 13:21:54,20650.0,700,Buy,226723465
2024-07-26 13:21:54,20650.0,800,Buy,226723468
2024-07-26 13:21:55,20650.0,500,Buy,226723494
2024-07-26 13:21:56,20650.0,3000,Buy,226723522
2024-07-26 13:21:56,20650.0,100,Buy,226723529
2024-07-26 13:21:56,20650.0,2900,Buy,226723530
2024-07-26 13:21:57,20650.0,1000,Buy,226723569
2024-07-26 13:21:57,20650.0,300,Buy,226723565
2024-07-26 13:21:57,20650.0,1200,Buy,226723541
2024-07-26 13:21:57,20650.0,100,Buy,226723539
2024-07-26 13:21:57,20650.0,10000,Buy,226723538
2024-07-26 13:21:57,20650.0,1000,Buy,226723540
2024-07-26 13:21:57,20650.0,6600,Buy,226723537
2024-07-26 13:21:59,20700.0,10000,Sell,226723631
2024-07-26 13:22:01,20700.0,100,Sell,226723668
2024-07-26 13:22:03,20700.0,100,Sell,226723756
2024-07-26 13:22:07,20800.0,100,Buy,226723933
2024-07-26 13:22:08,20800.0,200,Buy,226724003
2024-07-26 13:22:08,20800.0,400,Buy,226724007
2024-07-26 13:22:08,20800.0,200,Buy,226724006
2024-07-26 13:22:08,20800.0,200,Buy,226724002
2024-07-26 13:22:08,20800.0,100,Buy,226724004
2024-07-26 13:22:08,20800.0,100,Buy,226724005
2024-07-26 13:22:09,20800.0,100,Buy,226724015
2024-07-26 13:22:09,20800.0,7000,Buy,226724020
2024-07-26 13:22:09,20800.0,1000,Buy,226724028
2024-07-26 13:22:12,20800.0,100,Buy,226724096
2024-07-26 13:22:12,20800.0,500,Buy,226724100
2024-07-26 13:22:12,20800.0,100,Buy,226724101
2024-07-26 13:22:13,20800.0,800,Buy,226724115
2024-07-26 13:22:13,20800.0,100,Buy,226724116
2024-07-26 13:22:13,20800.0,600,Buy,226724117
2024-07-26 13:22:13,20800.0,4400,Buy,226724118
2024-07-26 13:22:13,20800.0,200,Buy,226724119
2024-07-26 13:22:14,20800.0,200,Sell,226724178
2024-07-26 13:22:16,20800.0,700,Sell,226724249
2024-07-26 13:22:16,20800.0,200,Sell,226724247
2024-07-26 13:22:16,20800.0,100,Sell,226724248
2024-07-26 13:22:17,20850.0,300,Buy,226724257
2024-07-26 13:22:18,20850.0,4700,Buy,226724299
2024-07-26 13:22:18,20850.0,300,Buy,226724300
2024-07-26 13:22:19,20800.0,4300,Sell,226724331
2024-07-26 13:22:19,20850.0,200,Buy,226724307
2024-07-26 13:22:19,20850.0,100,Buy,226724308
2024-07-26 13:22:19,20850.0,200,Buy,226724309
2024-07-26 13:22:19,20850.0,200,Buy,226724310
2024-07-26 13:22:19,20850.0,2300,Sell,226724326
2024-07-26 13:22:19,20800.0,1400,Sell,226724327
2024-07-26 13:22:19,20800.0,900,Sell,226724328
2024-07-26 13:22:19,20800.0,1000,Sell,226724329
2024-07-26 13:22:19,20800.0,100,Sell,226724330
2024-07-26 13:22:22,20800.0,100,Sell,226724406
2024-07-26 13:22:22,20850.0,800,Sell,226724404
2024-07-26 13:22:22,20850.0,100,Sell,226724405
2024-07-26 13:22:23,20900.0,2000,Buy,226724413
2024-07-26 13:22:23,20900.0,12000,Buy,226724414
2024-07-26 13:22:23,20800.0,300,Sell,226724426
2024-07-26 13:22:23,20900.0,6000,Buy,226724412
2024-07-26 13:22:26,20900.0,100,Buy,226724470
2024-07-26 13:22:27,20900.0,5000,Buy,226724506
2024-07-26 13:22:28,20900.0,1900,Buy,226724527
2024-07-26 13:22:29,20900.0,1000,Buy,226724535
2024-07-26 13:22:30,20900.0,1000,Buy,226724598
2024-07-26 13:22:30,20900.0,500,Buy,226724599
2024-07-26 13:22:30,20900.0,300,Buy,226724600
2024-07-26 13:22:32,20950.0,200,Buy,226724648
2024-07-26 13:22:32,20950.0,500,Buy,226724647
2024-07-26 13:22:32,20950.0,200,Buy,226724646
2024-07-26 13:22:32,20950.0,100,Buy,226724645
2024-07-26 13:22:32,20900.0,100,Buy,226724644
2024-07-26 13:22:32,20900.0,500,Buy,226724643
2024-07-26 13:22:32,20900.0,700,Buy,226724641
2024-07-26 13:22:32,20900.0,1000,Buy,226724636
2024-07-26 13:22:32,20900.0,7200,Buy,226724637
2024-07-26 13:22:32,20900.0,200,Buy,226724642
2024-07-26 13:22:32,20900.0,3300,Buy,226724639
2024-07-26 13:22:32,20900.0,200,Buy,226724640
2024-07-26 13:22:32,20900.0,200,Buy,226724638
2024-07-26 13:22:33,21000.0,1000,Buy,226724705
2024-07-26 13:22:35,20950.0,100,Sell,226724729
2024-07-26 13:22:37,21000.0,500,Buy,226724802
2024-07-26 13:22:37,21000.0,3000,Buy,226724786
2024-07-26 13:22:38,21000.0,500,Buy,226724815
2024-07-26 13:22:40,21000.0,500,Buy,226724865
2024-07-26 13:22:41,21000.0,1000,Buy,226724900
2024-07-26 13:22:42,21000.0,2000,Buy,226724924
2024-07-26 13:22:42,21000.0,300,Buy,226724927
2024-07-26 13:22:42,21000.0,500,Buy,226724926
2024-07-26 13:22:42,21000.0,200,Buy,226724925
2024-07-26 13:22:42,21000.0,300,Buy,226724917
2024-07-26 13:22:42,21000.0,500,Buy,226724915
2024-07-26 13:22:42,21000.0,2500,Buy,226724911
2024-07-26 13:22:42,21000.0,1000,Buy,226724912
2024-07-26 13:22:42,21000.0,300,Buy,226724916
2024-07-26 13:22:42,21000.0,100,Buy,226724914
2024-07-26 13:22:42,21000.0,500,Buy,226724913
2024-07-26 13:22:43,21000.0,3400,Buy,226724958
2024-07-26 13:22:43,21000.0,1000,Buy,226724959
2024-07-26 13:22:43,21000.0,100,Buy,226724960
2024-07-26 13:22:43,21000.0,400,Buy,226724961
2024-07-26 13:22:43,21000.0,500,Buy,226724948
2024-07-26 13:22:44,20950.0,2000,Sell,226724965
2024-07-26 13:22:44,21000.0,2000,Buy,226724978
2024-07-26 13:22:44,21000.0,500,Buy,226725007
2024-07-26 13:22:45,21000.0,500,Buy,226725032
2024-07-26 13:22:45,21000.0,1000,Buy,226725031
2024-07-26 13:22:45,21000.0,100,Buy,226725030
2024-07-26 13:22:45,21000.0,300,Buy,226725036
2024-07-26 13:22:45,21000.0,2900,Buy,226725028
2024-07-26 13:22:45,21000.0,100,Buy,226725029
2024-07-26 13:22:45,21000.0,3000,Buy,226725020
2024-07-26 13:22:45,21000.0,300,Buy,226725033
2024-07-26 13:22:45,21000.0,1200,Buy,226725021
2024-07-26 13:22:46,21000.0,1400,Buy,226725065
2024-07-26 13:22:46,21000.0,1300,Buy,226725070
2024-07-26 13:22:47,21000.0,500,Buy,226725099
2024-07-26 13:22:47,21000.0,500,Buy,226725106
2024-07-26 13:22:47,21000.0,500,Buy,226725107
2024-07-26 13:22:47,21000.0,500,Buy,226725113
2024-07-26 13:22:48,21000.0,100,Buy,226725123
2024-07-26 13:22:49,21000.0,1600,Buy,226725134
2024-07-26 13:22:49,21000.0,200,Buy,226725135
2024-07-26 13:22:49,21000.0,1000,Buy,226725136
2024-07-26 13:22:49,21000.0,500,Buy,226725137
2024-07-26 13:22:49,21000.0,300,Buy,226725138
2024-07-26 13:22:49,21000.0,700,Buy,226725139
2024-07-26 13:22:49,21000.0,600,Buy,226725149
2024-07-26 13:22:50,21000.0,100,Buy,226725185
2024-07-26 13:22:50,21000.0,200,Buy,226725171
2024-07-26 13:22:50,21000.0,600,Buy,226725157
2024-07-26 13:22:50,21000.0,100,Buy,226725156
2024-07-26 13:22:50,21000.0,100,Buy,226725158
2024-07-26 13:22:51,21000.0,700,Buy,226725196
2024-07-26 13:22:54,21050.0,300,Buy,226725255
2024-07-26 13:22:54,21100.0,500,Buy,226725256
2024-07-26 13:22:54,21100.0,300,Buy,226725257
2024-07-26 13:22:54,21100.0,100,Buy,226725258
2024-07-26 13:22:55,21150.0,400,Buy,226725294
2024-07-26 13:22:56,21150.0,1000,Buy,226725308
2024-07-26 13:22:57,21100.0,200,Sell,226725354
2024-07-26 13:22:58,21200.0,18400,Buy,226725387
2024-07-26 13:22:58,21200.0,11600,Buy,226725377
2024-07-26 13:22:58,21200.0,1000,Buy,226725376
2024-07-26 13:22:58,21200.0,3100,Buy,226725374
2024-07-26 13:22:58,21200.0,10000,Buy,226725373
2024-07-26 13:22:58,21200.0,300,Buy,226725375
2024-07-26 13:22:58,21200.0,1000,Buy,226725371
2024-07-26 13:22:58,21200.0,1000,Buy,226725370
2024-07-26 13:22:58,21200.0,600,Buy,226725369
2024-07-26 13:22:58,21150.0,300,Buy,226725368
2024-07-26 13:22:58,21150.0,100,Buy,226725367
2024-07-26 13:22:58,21200.0,1000,Buy,226725372
2024-07-26 13:22:59,21200.0,1000,Sell,226725409
2024-07-26 13:23:01,21200.0,8000,Sell,226725441
2024-07-26 13:23:02,21200.0,2800,Sell,226725455
2024-07-26 13:23:05,21150.0,1000,Buy,226725537
2024-07-26 13:23:05,21150.0,100,Sell,226725529
2024-07-26 13:23:05,21150.0,500,Sell,226725528
2024-07-26 13:23:06,21100.0,5100,Sell,226725549
2024-07-26 13:23:06,21100.0,50000,Sell,226725550
2024-07-26 13:23:07,21100.0,100,Sell,226725577
2024-07-26 13:23:07,21150.0,21400,Buy,226725583
2024-07-26 13:23:07,21150.0,8600,Buy,226725584
2024-07-26 13:23:07,21150.0,200,Buy,226725588
2024-07-26 13:23:08,21150.0,2000,Buy,226725608
2024-07-26 13:23:09,21100.0,100,Sell,226725643
2024-07-26 13:23:09,21100.0,500,Sell,226725640
2024-07-26 13:23:09,21150.0,1000,Buy,226725618
2024-07-26 13:23:09,21150.0,200,Buy,226725622
2024-07-26 13:23:10,21100.0,200,Sell,226725662
2024-07-26 13:23:10,21100.0,100,Sell,226725663
2024-07-26 13:23:10,21100.0,3400,Sell,226725661
2024-07-26 13:23:11,21100.0,1000,Buy,226725694
2024-07-26 13:23:13,21100.0,100,Buy,226725733
2024-07-26 13:23:14,21100.0,200,Buy,226725747
2024-07-26 13:23:14,21100.0,200,Buy,226725748
2024-07-26 13:23:16,21100.0,2000,Sell,226725835
2024-07-26 13:23:16,21200.0,100,Buy,226725814
2024-07-26 13:23:16,21100.0,200,Sell,226725833
2024-07-26 13:23:17,21100.0,2400,Sell,226725867
2024-07-26 13:23:17,21100.0,100,Sell,226725868
2024-07-26 13:23:17,21100.0,200,Sell,226725869
2024-07-26 13:23:17,21100.0,100,Buy,226725874
2024-07-26 13:23:18,21100.0,1000,Buy,226725907
2024-07-26 13:23:19,21050.0,4900,Sell,226725980
2024-07-26 13:23:19,21100.0,100,Sell,226725979
2024-07-26 13:23:19,21150.0,100,Buy,226725953
2024-07-26 13:23:19,21150.0,700,Buy,226725954
2024-07-26 13:23:19,21100.0,2000,Sell,226725956
2024-07-26 13:23:20,21100.0,100,Sell,226725989
2024-07-26 13:23:20,21150.0,1000,Buy,226725990
2024-07-26 13:23:20,21150.0,1000,Buy,226725991
2024-07-26 13:23:21,21150.0,1000,Buy,226726036
2024-07-26 13:23:23,21200.0,3000,Buy,226726097
2024-07-26 13:23:23,21200.0,1000,Buy,226726101
2024-07-26 13:23:23,21200.0,500,Buy,226726100
2024-07-26 13:23:23,21200.0,7400,Buy,226726099
2024-07-26 13:23:23,21200.0,1000,Buy,226726098
2024-07-26 13:23:23,21200.0,100,Buy,226726096
2024-07-26 13:23:23,21250.0,1200,Buy,226726103
2024-07-26 13:23:23,21200.0,100,Buy,226726094
2024-07-26 13:23:23,21200.0,100,Buy,226726095
2024-07-26 13:23:23,21100.0,100,Buy,226726080
2024-07-26 13:23:23,21100.0,4900,Buy,226726090
2024-07-26 13:23:23,21250.0,300,Buy,226726102
2024-07-26 13:23:23,21150.0,7400,Buy,226726091
2024-07-26 13:23:23,21200.0,1000,Buy,226726092
2024-07-26 13:23:23,21200.0,2000,Buy,226726093
2024-07-26 13:23:24,21150.0,1600,Sell,226726142
2024-07-26 13:23:24,21100.0,100,Buy,226726143
2024-07-26 13:23:25,21100.0,2000,Buy,226726157
2024-07-26 13:23:25,21200.0,1000,Buy,226726162
2024-07-26 13:23:26,21100.0,100,Buy,226726182
2024-07-26 13:23:26,21100.0,100,Buy,226726183
2024-07-26 13:23:26,21100.0,7200,Buy,226726192
2024-07-26 13:23:27,21100.0,100,Sell,226726218
2024-07-26 13:23:27,21100.0,500,Sell,226726219
2024-07-26 13:23:28,21100.0,1100,Sell,226726254
2024-07-26 13:23:29,21100.0,2000,Sell,226726285
2024-07-26 13:23:31,21200.0,5000,Sell,226726331
2024-07-26 13:23:31,21200.0,5000,Sell,226726352
2024-07-26 13:23:35,21200.0,500,Buy,226726403
2024-07-26 13:23:35,21200.0,100,Buy,226726432
2024-07-26 13:23:39,21200.0,1700,Buy,226726514
2024-07-26 13:23:39,21200.0,300,Buy,226726513
2024-07-26 13:23:41,21200.0,200,Buy,226726571
2024-07-26 13:23:42,21200.0,200,Buy,226726587
2024-07-26 13:23:43,21200.0,200,Buy,226726622
2024-07-26 13:23:44,21150.0,100,Sell,226726668
2024-07-26 13:23:44,21200.0,1000,Buy,226726669
2024-07-26 13:23:45,21150.0,100,Sell,226726690
2024-07-26 13:23:45,21150.0,1000,Buy,226726696
2024-07-26 13:23:47,21100.0,6000,Sell,226726758
2024-07-26 13:23:48,21150.0,900,Buy,226726779
2024-07-26 13:23:48,21150.0,2100,Buy,226726780
2024-07-26 13:23:49,21150.0,100,Sell,226726851
2024-07-26 13:23:49,21100.0,1000,Sell,226726823
2024-07-26 13:23:49,21150.0,700,Buy,226726849
2024-07-26 13:23:49,21150.0,200,Buy,226726850
2024-07-26 13:23:50,21150.0,200,Sell,226726868
2024-07-26 13:23:54,21150.0,1000,Sell,226726996
2024-07-26 13:23:56,21150.0,100,Buy,226727040
2024-07-26 13:23:56,21150.0,1000,Buy,226727041
2024-07-26 13:23:57,21150.0,200,Buy,226727080
