time,price,volume,match_type,id
2024-08-15 12:59:41,20650.0,100,Buy,231828449
2024-08-15 12:59:41,20650.0,1400,Buy,231828450
2024-08-15 12:59:41,20650.0,200,Buy,231828451
2024-08-15 12:59:44,20600.0,400,Buy,231829234
2024-08-15 12:59:44,20600.0,500,Buy,231829233
2024-08-15 12:59:44,20500.0,1000,Sell,231829115
2024-08-15 12:59:44,20550.0,100,Sell,231829075
2024-08-15 12:59:44,20400.0,100,Buy,231829078
2024-08-15 12:59:44,20500.0,300,Sell,231829076
2024-08-15 12:59:44,20400.0,400,Buy,231829079
2024-08-15 12:59:44,20500.0,100,Sell,231829077
2024-08-15 12:59:45,20600.0,100,Buy,231829300
2024-08-15 12:59:45,20600.0,100,Buy,231829301
2024-08-15 12:59:49,20500.0,200,Sell,231830131
2024-08-15 12:59:49,20450.0,1000,Sell,231830132
2024-08-15 12:59:49,20400.0,100,Sell,231830133
2024-08-15 12:59:58,20550.0,200,Buy,231830880
2024-08-15 12:59:58,20550.0,500,Buy,231830881
2024-08-15 12:59:58,20300.0,300,Sell,231830885
2024-08-15 12:59:58,20300.0,2900,Sell,231830886
2024-08-15 13:00:02,20300.0,200,Sell,231831037
2024-08-15 13:00:03,20500.0,200,Buy,231831079
2024-08-15 13:00:29,20450.0,100,Sell,231832099
2024-08-15 13:00:43,20300.0,100,Sell,231832577
2024-08-15 13:00:52,20300.0,200,Sell,231832812
2024-08-15 13:00:55,20300.0,12400,Sell,231832925
2024-08-15 13:00:55,20300.0,1600,Sell,231832924
2024-08-15 13:00:56,20300.0,1200,Sell,231832934
2024-08-15 13:00:56,20300.0,1300,Sell,231832933
2024-08-15 13:00:56,20300.0,1300,Sell,231832931
2024-08-15 13:01:06,20250.0,100,Sell,231833220
2024-08-15 13:01:06,20250.0,100,Sell,231833221
2024-08-15 13:01:06,20250.0,600,Sell,231833222
2024-08-15 13:01:07,20250.0,500,Sell,231833292
2024-08-15 13:01:07,20250.0,700,Sell,231833293
2024-08-15 13:01:10,20250.0,1200,Sell,231833420
2024-08-15 13:01:13,20200.0,20000,Sell,231833502
2024-08-15 13:01:15,20100.0,100,Buy,231833550
2024-08-15 13:01:24,20050.0,100,Sell,231833738
2024-08-15 13:01:25,20050.0,1200,Sell,231833742
2024-08-15 13:01:28,20050.0,500,Sell,231833829
2024-08-15 13:01:33,20050.0,1300,Sell,231833959
2024-08-15 13:01:36,20000.0,400,Sell,231834053
2024-08-15 13:01:38,20000.0,1000,Sell,231834113
2024-08-15 13:01:38,20000.0,500,Sell,231834112
2024-08-15 13:01:38,20000.0,3600,Sell,231834115
2024-08-15 13:01:38,20000.0,200,Sell,231834114
2024-08-15 13:01:38,20000.0,1000,Sell,231834111
2024-08-15 13:01:38,20000.0,500,Sell,231834109
2024-08-15 13:01:38,20000.0,600,Sell,231834105
2024-08-15 13:01:38,20000.0,100,Sell,231834108
2024-08-15 13:01:38,20000.0,1000,Sell,231834107
2024-08-15 13:01:38,20000.0,1000,Sell,231834106
2024-08-15 13:01:38,20000.0,500,Sell,231834110
2024-08-15 13:01:39,20000.0,400,Sell,231834133
2024-08-15 13:01:43,19900.0,100,Sell,231834352
2024-08-15 13:01:44,19900.0,100,Sell,231834405
2024-08-15 13:01:44,19850.0,200,Sell,231834406
2024-08-15 13:01:50,19850.0,200,Sell,231834573
2024-08-15 13:01:50,19850.0,300,Buy,231834577
2024-08-15 13:01:50,19900.0,500,Buy,231834578
2024-08-15 13:01:53,20000.0,1600,Buy,231834633
2024-08-15 13:01:53,20000.0,300,Buy,231834634
2024-08-15 13:01:58,19850.0,400,Sell,231834795
2024-08-15 13:01:58,19850.0,1000,Sell,231834794
2024-08-15 13:01:58,19900.0,1600,Sell,231834793
2024-08-15 13:02:03,19900.0,1000,Sell,231834879
2024-08-15 13:02:07,19900.0,300,Sell,231834975
2024-08-15 13:02:08,20000.0,1000,Buy,231835061
2024-08-15 13:02:08,19900.0,200,Sell,231835065
2024-08-15 13:02:08,19900.0,100,Sell,231835066
2024-08-15 13:02:08,19900.0,100,Sell,231835067
2024-08-15 13:02:09,19850.0,600,Buy,231835077
2024-08-15 13:02:11,19900.0,100,Sell,231835129
2024-08-15 13:02:11,19900.0,100,Sell,231835130
2024-08-15 13:02:17,20000.0,100,Buy,231835303
2024-08-15 13:02:22,20000.0,1000,Buy,231835466
2024-08-15 13:02:24,19900.0,500,Sell,231835499
2024-08-15 13:02:30,20000.0,200,Buy,231835712
2024-08-15 13:02:32,20000.0,500,Buy,231835754
2024-08-15 13:02:32,20000.0,1000,Buy,231835756
2024-08-15 13:02:32,20000.0,500,Buy,231835755
2024-08-15 13:02:32,20000.0,2500,Buy,231835753
2024-08-15 13:02:32,20000.0,500,Buy,231835749
2024-08-15 13:02:32,20000.0,100,Buy,231835751
2024-08-15 13:02:32,20000.0,1000,Buy,231835752
2024-08-15 13:02:32,20000.0,400,Buy,231835747
2024-08-15 13:02:32,20000.0,100,Buy,231835748
2024-08-15 13:02:32,20000.0,14300,Buy,231835750
2024-08-15 13:02:37,19950.0,500,Sell,231835852
2024-08-15 13:02:51,20100.0,100,Buy,231836280
2024-08-15 13:02:53,20100.0,3800,Buy,231836340
2024-08-15 13:02:53,20100.0,1000,Buy,231836341
2024-08-15 13:03:03,20300.0,200,Buy,231836650
2024-08-15 13:03:12,20000.0,1500,Sell,231836833
2024-08-15 13:03:12,20000.0,1000,Sell,231836832
2024-08-15 13:03:12,20000.0,3000,Sell,231836831
2024-08-15 13:03:12,20100.0,1000,Sell,231836830
2024-08-15 13:03:12,20000.0,1500,Sell,231836835
2024-08-15 13:03:12,20100.0,100,Sell,231836828
2024-08-15 13:03:12,20100.0,100,Sell,231836829
2024-08-15 13:03:12,20250.0,700,Sell,231836825
2024-08-15 13:03:12,20000.0,300,Sell,231836834
2024-08-15 13:03:12,20150.0,200,Sell,231836826
2024-08-15 13:03:12,20150.0,600,Sell,231836827
2024-08-15 13:03:26,20100.0,300,Sell,231837175
2024-08-15 13:03:40,20200.0,200,Sell,231837597
2024-08-15 13:03:42,20200.0,100,Sell,231837667
2024-08-15 13:03:53,20100.0,200,Sell,231837985
2024-08-15 13:03:53,20100.0,200,Sell,231837986
2024-08-15 13:03:55,20300.0,800,Buy,231838031
2024-08-15 13:03:55,20300.0,1000,Buy,231838032
2024-08-15 13:03:55,20300.0,300,Buy,231838033
2024-08-15 13:03:55,20300.0,500,Buy,231838034
2024-08-15 13:03:55,20300.0,400,Buy,231838035
2024-08-15 13:04:05,20300.0,100,Buy,231838268
2024-08-15 13:04:08,20200.0,100,Sell,231838320
2024-08-15 13:04:17,20200.0,400,Buy,231838590
2024-08-15 13:04:19,20150.0,500,Sell,231838633
2024-08-15 13:04:26,20150.0,200,Sell,231838828
2024-08-15 13:04:28,20050.0,800,Sell,231838905
2024-08-15 13:04:28,20050.0,100,Sell,231838904
2024-08-15 13:04:28,20150.0,4300,Sell,231838900
2024-08-15 13:04:28,20100.0,1000,Sell,231838902
2024-08-15 13:04:28,20150.0,8700,Sell,231838901
2024-08-15 13:04:28,20100.0,300,Sell,231838903
2024-08-15 13:04:30,20200.0,1000,Buy,231838944
2024-08-15 13:04:30,20200.0,100,Buy,231838945
2024-08-15 13:04:30,20200.0,300,Buy,231838946
2024-08-15 13:04:33,20200.0,500,Sell,231839017
2024-08-15 13:04:43,20250.0,200,Sell,231839291
2024-08-15 13:05:00,20250.0,500,Sell,231839873
2024-08-15 13:05:00,20250.0,100,Sell,231839874
2024-08-15 13:05:00,20250.0,100,Sell,231839875
2024-08-15 13:05:08,20250.0,200,Buy,231840291
2024-08-15 13:05:11,20250.0,1000,Buy,231840349
2024-08-15 13:05:14,20250.0,1100,Buy,231840411
2024-08-15 13:05:15,20250.0,1600,Sell,231840438
2024-08-15 13:05:18,20250.0,900,Buy,231840523
2024-08-15 13:05:18,20250.0,100,Buy,231840524
2024-08-15 13:05:24,20250.0,200,Buy,231840740
2024-08-15 13:05:24,20200.0,2200,Sell,231840751
2024-08-15 13:05:30,20250.0,200,Buy,231840953
2024-08-15 13:05:30,20250.0,1000,Buy,231840954
2024-08-15 13:05:31,20250.0,100,Sell,231840998
2024-08-15 13:05:34,20250.0,100,Sell,231841206
2024-08-15 13:05:42,20250.0,500,Sell,231841515
2024-08-15 13:05:42,20250.0,500,Sell,231841525
2024-08-15 13:05:52,20250.0,100,Sell,231841907
2024-08-15 13:05:55,20400.0,900,Buy,231842025
2024-08-15 13:05:55,20400.0,200,Buy,231842024
2024-08-15 13:05:55,20400.0,5000,Buy,231842023
2024-08-15 13:05:55,20350.0,100,Buy,231842022
2024-08-15 13:05:55,20300.0,200,Buy,231842020
2024-08-15 13:05:55,20300.0,3600,Buy,231842017
2024-08-15 13:05:55,20300.0,500,Buy,231842021
2024-08-15 13:05:55,20300.0,100,Buy,231842019
2024-08-15 13:05:55,20300.0,300,Buy,231842018
2024-08-15 13:06:03,20250.0,2000,Buy,231842343
2024-08-15 13:06:04,20250.0,1000,Buy,231842418
2024-08-15 13:06:04,20250.0,800,Buy,231842419
2024-08-15 13:06:06,20250.0,1000,Buy,231842437
2024-08-15 13:06:14,20250.0,1800,Buy,231842688
2024-08-15 13:06:14,20250.0,200,Buy,231842687
2024-08-15 13:06:16,20250.0,700,Buy,231842790
2024-08-15 13:06:19,20250.0,400,Sell,231842894
2024-08-15 13:06:25,20250.0,100,Sell,231843056
2024-08-15 13:06:25,20250.0,1000,Sell,231843057
2024-08-15 13:06:27,20400.0,800,Buy,231843096
2024-08-15 13:06:35,20250.0,200,Sell,231843290
2024-08-15 13:06:46,20400.0,100,Buy,231843525
2024-08-15 13:06:59,20300.0,100,Sell,231843822
2024-08-15 13:06:59,20300.0,400,Sell,231843821
2024-08-15 13:07:10,20300.0,100,Sell,231844101
2024-08-15 13:07:25,20300.0,100,Sell,231844506
2024-08-15 13:07:28,20300.0,1000,Sell,231844605
2024-08-15 13:07:30,20350.0,2000,Buy,231844658
2024-08-15 13:07:55,20400.0,500,Buy,231845216
2024-08-15 13:07:57,20300.0,300,Sell,231845260
2024-08-15 13:07:57,20300.0,100,Sell,231845261
2024-08-15 13:07:59,20400.0,100,Buy,231845376
2024-08-15 13:08:03,20350.0,500,Sell,231845508
2024-08-15 13:08:03,20300.0,200,Sell,231845509
2024-08-15 13:08:09,20300.0,100,Sell,231845699
2024-08-15 13:08:18,20300.0,100,Sell,231846004
2024-08-15 13:08:27,20300.0,100,Sell,231846254
2024-08-15 13:08:32,20350.0,500,Sell,231846380
2024-08-15 13:08:36,20350.0,500,Sell,231846517
2024-08-15 13:08:39,20400.0,100,Buy,231846655
2024-08-15 13:09:02,20400.0,400,Buy,231847232
2024-08-15 13:09:02,20400.0,2500,Buy,231847230
2024-08-15 13:09:02,20400.0,100,Buy,231847231
2024-08-15 13:09:11,20400.0,100,Buy,231847504
2024-08-15 13:09:32,20400.0,100,Buy,231848028
2024-08-15 13:09:32,20400.0,500,Buy,231848027
2024-08-15 13:09:36,20400.0,600,Sell,231848180
2024-08-15 13:09:45,20400.0,100,Buy,231848484
2024-08-15 13:09:49,20400.0,300,Buy,231848547
2024-08-15 13:09:49,20400.0,1300,Buy,231848548
2024-08-15 13:09:49,20450.0,2000,Buy,231848549
2024-08-15 13:09:49,20450.0,400,Buy,231848550
2024-08-15 13:09:52,20400.0,300,Buy,231848600
2024-08-15 13:10:01,20400.0,200,Buy,231848912
2024-08-15 13:10:01,20400.0,300,Buy,231848913
2024-08-15 13:10:05,20400.0,1000,Buy,231849014
2024-08-15 13:10:05,20400.0,900,Buy,231849015
2024-08-15 13:10:09,20400.0,100,Buy,231849099
2024-08-15 13:10:11,20400.0,100,Buy,231849144
2024-08-15 13:10:12,20400.0,100,Buy,231849159
2024-08-15 13:10:14,20350.0,100,Sell,231849225
2024-08-15 13:10:16,20400.0,100,Buy,231849256
2024-08-15 13:10:22,20400.0,700,Buy,231849427
2024-08-15 13:10:22,20400.0,300,Buy,231849430
2024-08-15 13:10:24,20400.0,1000,Buy,231849492
2024-08-15 13:10:24,20400.0,1000,Buy,231849493
2024-08-15 13:10:24,20400.0,1000,Buy,231849494
2024-08-15 13:10:31,20350.0,900,Sell,231849644
2024-08-15 13:10:31,20350.0,100,Sell,231849645
2024-08-15 13:10:44,20300.0,300,Sell,231850001
2024-08-15 13:10:51,20300.0,1100,Sell,231850308
2024-08-15 13:10:51,20300.0,200,Sell,231850309
2024-08-15 13:10:51,20300.0,4600,Sell,231850310
2024-08-15 13:10:53,20300.0,100,Sell,231850369
2024-08-15 13:10:53,20300.0,200,Sell,231850367
2024-08-15 13:10:53,20300.0,100,Sell,231850368
2024-08-15 13:10:53,20300.0,100,Sell,231850365
2024-08-15 13:10:53,20300.0,2900,Sell,231850362
2024-08-15 13:10:53,20300.0,200,Sell,231850366
2024-08-15 13:10:53,20300.0,100,Sell,231850364
2024-08-15 13:11:00,20300.0,1000,Buy,231850565
2024-08-15 13:11:04,20250.0,1000,Sell,231850703
2024-08-15 13:11:10,20300.0,300,Buy,231850865
2024-08-15 13:11:10,20300.0,700,Buy,231850866
2024-08-15 13:11:11,20300.0,300,Buy,231850902
2024-08-15 13:11:11,20300.0,100,Buy,231850903
2024-08-15 13:11:11,20300.0,1000,Buy,231850904
2024-08-15 13:11:23,20300.0,500,Sell,231851324
2024-08-15 13:11:26,20300.0,100,Sell,231851418
2024-08-15 13:11:27,20300.0,3000,Sell,231851451
2024-08-15 13:11:29,20300.0,3000,Sell,231851494
2024-08-15 13:11:30,20300.0,100,Buy,231851496
2024-08-15 13:11:37,20250.0,5000,Sell,231851741
2024-08-15 13:11:42,20250.0,700,Sell,231851892
2024-08-15 13:11:42,20250.0,700,Sell,231851894
2024-08-15 13:11:42,20250.0,500,Sell,231851893
2024-08-15 13:11:42,20250.0,100,Sell,231851891
2024-08-15 13:11:42,20250.0,100,Sell,231851889
2024-08-15 13:11:42,20250.0,500,Sell,231851888
2024-08-15 13:11:42,20250.0,1600,Sell,231851887
2024-08-15 13:11:42,20250.0,100,Sell,231851890
2024-08-15 13:11:44,20300.0,100,Buy,231851977
2024-08-15 13:12:06,20300.0,500,Buy,231852604
2024-08-15 13:12:10,20250.0,100,Sell,231852724
2024-08-15 13:12:19,20300.0,100,Buy,231852953
2024-08-15 13:12:31,20250.0,300,Sell,231853393
2024-08-15 13:12:34,20250.0,500,Sell,231853491
2024-08-15 13:12:55,20250.0,2000,Sell,231853982
2024-08-15 13:13:03,20250.0,5000,Sell,231854203
2024-08-15 13:13:11,20250.0,2000,Sell,231854390
2024-08-15 13:13:11,20250.0,200,Sell,231854389
2024-08-15 13:13:11,20250.0,800,Sell,231854388
2024-08-15 13:13:11,20250.0,1000,Sell,231854387
2024-08-15 13:13:11,20250.0,1000,Sell,231854386
2024-08-15 13:13:11,20250.0,400,Sell,231854385
2024-08-15 13:13:11,20250.0,100,Sell,231854383
2024-08-15 13:13:11,20250.0,1400,Sell,231854380
2024-08-15 13:13:11,20250.0,4000,Sell,231854384
2024-08-15 13:13:11,20250.0,1000,Sell,231854382
2024-08-15 13:13:11,20250.0,100,Sell,231854381
2024-08-15 13:13:14,20250.0,10000,Sell,231854439
2024-08-15 13:13:18,20250.0,500,Sell,231854536
2024-08-15 13:13:19,20250.0,4300,Sell,231854550
2024-08-15 13:13:20,20250.0,3000,Sell,231854579
2024-08-15 13:13:21,20250.0,1300,Sell,231854600
2024-08-15 13:13:22,20250.0,400,Sell,231854607
2024-08-15 13:13:23,20250.0,10400,Sell,231854629
2024-08-15 13:13:25,20250.0,7800,Sell,231854700
2024-08-15 13:13:26,20250.0,1500,Sell,231854712
2024-08-15 13:13:26,20250.0,2000,Sell,231854713
2024-08-15 13:13:26,20250.0,100,Sell,231854714
2024-08-15 13:13:27,20250.0,100,Buy,231854732
2024-08-15 13:13:31,20250.0,100,Buy,231854798
2024-08-15 13:13:48,20250.0,1800,Buy,231855264
2024-08-15 13:13:48,20250.0,1200,Buy,231855263
2024-08-15 13:14:17,20250.0,100,Buy,231855908
2024-08-15 13:14:32,20200.0,200,Sell,231856253
2024-08-15 13:14:32,20200.0,200,Sell,231856252
2024-08-15 13:14:32,20200.0,200,Sell,231856251
2024-08-15 13:14:32,20200.0,500,Sell,231856250
2024-08-15 13:14:32,20200.0,500,Sell,231856249
2024-08-15 13:14:32,20200.0,100,Sell,231856248
2024-08-15 13:14:32,20200.0,1000,Sell,231856247
2024-08-15 13:14:32,20200.0,500,Sell,231856245
2024-08-15 13:14:32,20200.0,500,Sell,231856244
2024-08-15 13:14:32,20200.0,300,Sell,231856243
2024-08-15 13:14:32,20200.0,100,Sell,231856242
2024-08-15 13:14:32,20200.0,100,Sell,231856241
2024-08-15 13:14:32,20200.0,500,Sell,231856240
2024-08-15 13:14:32,20200.0,300,Sell,231856246
2024-08-15 13:14:33,20200.0,1800,Sell,231856292
2024-08-15 13:14:34,20200.0,100,Buy,231856311
2024-08-15 13:14:44,20200.0,1000,Buy,231856489
2024-08-15 13:14:54,20200.0,500,Buy,231856739
2024-08-15 13:14:54,20200.0,1700,Buy,231856742
2024-08-15 13:14:54,20200.0,100,Buy,231856738
2024-08-15 13:14:54,20200.0,1000,Buy,231856740
2024-08-15 13:14:54,20200.0,100,Buy,231856741
2024-08-15 13:15:05,20150.0,100,Sell,231857076
2024-08-15 13:15:12,20150.0,100,Sell,231857240
2024-08-15 13:15:19,20200.0,200,Buy,231857437
2024-08-15 13:15:19,20200.0,300,Buy,231857436
2024-08-15 13:15:24,20200.0,2800,Buy,231857623
2024-08-15 13:15:24,20200.0,200,Buy,231857624
2024-08-15 13:15:24,20200.0,100,Buy,231857659
2024-08-15 13:15:25,20200.0,4300,Buy,231857686
2024-08-15 13:15:26,20200.0,400,Buy,231857760
2024-08-15 13:15:32,20200.0,1000,Sell,231857943
2024-08-15 13:15:53,20200.0,1600,Sell,231858540
2024-08-15 13:15:57,20200.0,400,Sell,231858649
2024-08-15 13:16:02,20200.0,900,Sell,231858810
2024-08-15 13:16:02,20200.0,300,Sell,231858811
2024-08-15 13:16:02,20200.0,200,Sell,231858812
2024-08-15 13:16:10,20200.0,200,Sell,231859031
2024-08-15 13:16:10,20200.0,200,Sell,231859053
2024-08-15 13:16:10,20200.0,100,Sell,231859032
2024-08-15 13:16:10,20200.0,300,Sell,231859029
2024-08-15 13:16:10,20200.0,400,Sell,231859030
2024-08-15 13:16:27,20250.0,3100,Buy,231859483
2024-08-15 13:16:27,20250.0,200,Buy,231859484
2024-08-15 13:16:27,20250.0,7100,Buy,231859485
2024-08-15 13:16:30,20200.0,100,Sell,231859574
2024-08-15 13:16:31,20250.0,1100,Buy,231859589
2024-08-15 13:16:31,20250.0,400,Buy,231859590
2024-08-15 13:16:48,20250.0,100,Buy,231860082
2024-08-15 13:16:48,20250.0,600,Buy,231860079
2024-08-15 13:16:48,20250.0,100,Buy,231860080
2024-08-15 13:16:48,20250.0,200,Buy,231860081
2024-08-15 13:16:50,20250.0,200,Buy,231860139
2024-08-15 13:16:54,20250.0,100,Sell,231860202
2024-08-15 13:16:58,20250.0,700,Sell,231860303
2024-08-15 13:16:58,20250.0,200,Sell,231860304
2024-08-15 13:16:58,20250.0,100,Sell,231860305
2024-08-15 13:17:00,20250.0,1000,Buy,231860366
2024-08-15 13:17:03,20250.0,100,Buy,231860425
2024-08-15 13:17:04,20250.0,100,Buy,231860439
2024-08-15 13:17:06,20250.0,100,Buy,231860504
2024-08-15 13:17:10,20250.0,700,Buy,231860562
2024-08-15 13:17:15,20250.0,800,Sell,231860690
2024-08-15 13:17:15,20250.0,200,Sell,231860691
2024-08-15 13:17:24,20300.0,2200,Buy,231860890
2024-08-15 13:17:24,20300.0,1000,Buy,231860891
2024-08-15 13:17:24,20300.0,800,Buy,231860892
2024-08-15 13:17:32,20300.0,200,Buy,231861069
2024-08-15 13:17:32,20300.0,300,Buy,231861070
2024-08-15 13:17:36,20300.0,600,Buy,231861135
2024-08-15 13:17:36,20300.0,200,Buy,231861133
2024-08-15 13:17:36,20300.0,200,Buy,231861134
2024-08-15 13:17:39,20300.0,100,Buy,231861185
2024-08-15 13:17:39,20300.0,2000,Buy,231861186
2024-08-15 13:18:16,20300.0,500,Sell,231862006
2024-08-15 13:18:23,20300.0,100,Sell,231862186
2024-08-15 13:19:19,20300.0,1000,Sell,231863368
2024-08-15 13:19:19,20300.0,300,Sell,231863371
2024-08-15 13:19:19,20300.0,1000,Sell,231863370
2024-08-15 13:19:19,20300.0,100,Sell,231863369
2024-08-15 13:19:19,20300.0,100,Sell,231863367
2024-08-15 13:19:19,20300.0,500,Sell,231863361
2024-08-15 13:19:19,20300.0,100,Sell,231863365
2024-08-15 13:19:19,20300.0,300,Sell,231863364
2024-08-15 13:19:19,20300.0,100,Sell,231863363
2024-08-15 13:19:19,20300.0,100,Sell,231863362
2024-08-15 13:19:19,20300.0,100,Sell,231863366
2024-08-15 13:19:19,20300.0,300,Sell,231863360
2024-08-15 13:19:30,20300.0,200,Sell,231863591
2024-08-15 13:19:30,20300.0,800,Sell,231863592
2024-08-15 13:19:50,20300.0,9000,Sell,231864033
2024-08-15 13:19:50,20300.0,1200,Sell,231864031
2024-08-15 13:19:50,20300.0,100,Sell,231864032
2024-08-15 13:20:09,20300.0,100,Sell,231864404
2024-08-15 13:20:24,20350.0,100,Buy,231864693
2024-08-15 13:20:42,20350.0,100,Buy,231865109
2024-08-15 13:21:40,20350.0,700,Buy,231866179
2024-08-15 13:21:40,20350.0,300,Buy,231866178
2024-08-15 13:21:43,20300.0,100,Sell,231866244
2024-08-15 13:21:43,20300.0,1100,Sell,231866245
2024-08-15 13:21:44,20350.0,100,Buy,231866259
2024-08-15 13:21:47,20350.0,100,Buy,231866347
2024-08-15 13:21:48,20350.0,100,Buy,231866368
2024-08-15 13:21:48,20350.0,4900,Buy,231866369
2024-08-15 13:21:49,20350.0,3100,Buy,231866391
2024-08-15 13:21:49,20350.0,100,Buy,231866392
2024-08-15 13:21:49,20350.0,100,Buy,231866393
2024-08-15 13:21:49,20350.0,1200,Buy,231866394
2024-08-15 13:21:53,20300.0,200,Sell,231866470
2024-08-15 13:23:16,20300.0,500,Sell,231868266
2024-08-15 13:23:16,20300.0,500,Sell,231868268
2024-08-15 13:23:16,20300.0,5000,Sell,231868267
2024-08-15 13:23:16,20300.0,500,Sell,231868265
2024-08-15 13:23:16,20300.0,1300,Sell,231868263
2024-08-15 13:23:16,20300.0,100,Sell,231868262
2024-08-15 13:23:16,20300.0,8700,Sell,231868261
2024-08-15 13:23:16,20300.0,100,Sell,231868264
2024-08-15 13:23:25,20300.0,600,Buy,231868557
2024-08-15 13:23:38,20300.0,200,Buy,231868813
2024-08-15 13:23:41,20300.0,500,Buy,231868952
2024-08-15 13:23:41,20300.0,100,Buy,231868953
2024-08-15 13:23:49,20300.0,100,Sell,231869102
2024-08-15 13:24:19,20350.0,1000,Buy,231869785
2024-08-15 13:24:23,20300.0,100,Sell,231869893
2024-08-15 13:25:11,20350.0,1000,Sell,231870857
2024-08-15 13:25:11,20350.0,2000,Sell,231870858
2024-08-15 13:25:16,20350.0,500,Sell,231870998
2024-08-15 13:25:16,20350.0,1300,Sell,231870999
2024-08-15 13:25:47,20350.0,100,Buy,231871726
2024-08-15 13:26:29,20350.0,2000,Buy,231872511
2024-08-15 13:26:48,20300.0,6300,Sell,231872951
2024-08-15 13:26:48,20300.0,200,Sell,231872948
2024-08-15 13:26:48,20300.0,2000,Sell,231872949
2024-08-15 13:26:48,20300.0,500,Sell,231872950
2024-08-15 13:27:01,20300.0,1300,Sell,231873251
2024-08-15 13:27:02,20300.0,2400,Sell,231873265
2024-08-15 13:27:02,20300.0,1900,Sell,231873266
2024-08-15 13:27:02,20350.0,1100,Buy,231873268
2024-08-15 13:27:02,20350.0,200,Buy,231873269
2024-08-15 13:27:23,20300.0,100,Sell,231873653
2024-08-15 13:27:42,20300.0,500,Sell,231874124
2024-08-15 13:28:18,20300.0,100,Sell,231874964
2024-08-15 13:28:18,20300.0,400,Sell,231874965
2024-08-15 13:28:18,20300.0,500,Sell,231874963
2024-08-15 13:28:36,20300.0,500,Sell,231875309
2024-08-15 13:28:49,20300.0,100,Sell,231875558
2024-08-15 13:29:04,20300.0,2900,Sell,231875821
2024-08-15 13:29:04,20300.0,1000,Sell,231875819
2024-08-15 13:29:04,20300.0,100,Sell,231875820
2024-08-15 13:29:06,20300.0,500,Sell,231875903
2024-08-15 13:29:57,20300.0,5000,Sell,231877114
2024-08-15 13:30:03,20300.0,200,Sell,231877261
2024-08-15 13:30:27,20300.0,700,Sell,231877752
2024-08-15 13:31:09,20350.0,600,Buy,231878583
2024-08-15 13:31:09,20350.0,1300,Buy,231878584
2024-08-15 13:31:48,20350.0,1000,Buy,231879375
2024-08-15 13:31:49,20350.0,1700,Buy,231879393
2024-08-15 13:31:49,20350.0,500,Buy,231879394
2024-08-15 13:31:49,20350.0,100,Buy,231879395
2024-08-15 13:31:49,20350.0,500,Buy,231879396
2024-08-15 13:31:49,20350.0,300,Buy,231879397
2024-08-15 13:32:30,20350.0,100,Sell,231880162
2024-08-15 13:32:34,20350.0,200,Sell,231880250
2024-08-15 13:32:34,20350.0,500,Sell,231880251
2024-08-15 13:33:33,20350.0,500,Sell,231881451
2024-08-15 13:33:36,20350.0,3100,Sell,231881499
2024-08-15 13:33:36,20350.0,1000,Sell,231881498
2024-08-15 13:33:36,20350.0,400,Sell,231881497
2024-08-15 13:33:36,20350.0,500,Sell,231881496
2024-08-15 13:33:46,20350.0,700,Sell,231881685
2024-08-15 13:33:56,20400.0,500,Buy,231881916
2024-08-15 13:33:56,20400.0,300,Buy,231881915
2024-08-15 13:33:56,20400.0,400,Buy,231881917
2024-08-15 13:33:57,20400.0,100,Buy,231881942
2024-08-15 13:33:57,20400.0,5000,Buy,231881943
2024-08-15 13:33:57,20400.0,300,Buy,231881944
2024-08-15 13:33:57,20400.0,100,Buy,231881945
2024-08-15 13:33:57,20400.0,5700,Buy,231881946
2024-08-15 13:33:57,20400.0,800,Buy,231881947
2024-08-15 13:34:06,20400.0,2300,Buy,231882098
2024-08-15 13:34:17,20400.0,1300,Sell,231882376
2024-08-15 13:34:17,20400.0,3700,Sell,231882375
2024-08-15 13:34:27,20400.0,1300,Sell,231882767
2024-08-15 13:34:27,20400.0,700,Sell,231882768
2024-08-15 13:34:48,20400.0,100,Sell,231883096
2024-08-15 13:34:56,20400.0,900,Sell,231883304
2024-08-15 13:34:56,20400.0,2000,Sell,231883305
2024-08-15 13:34:56,20400.0,100,Sell,231883306
2024-08-15 13:34:56,20400.0,100,Sell,231883307
2024-08-15 13:35:06,20400.0,100,Buy,231883453
2024-08-15 13:35:19,20350.0,1000,Sell,231883659
2024-08-15 13:35:19,20350.0,500,Sell,231883658
2024-08-15 13:35:21,20350.0,200,Buy,231883755
2024-08-15 13:35:23,20350.0,500,Buy,231883791
2024-08-15 13:35:28,20350.0,500,Buy,231883942
2024-08-15 13:35:29,20350.0,800,Buy,231883958
2024-08-15 13:35:48,20350.0,1200,Sell,231884401
2024-08-15 13:35:48,20350.0,500,Sell,231884402
2024-08-15 13:36:05,20350.0,100,Buy,231885216
2024-08-15 13:36:13,20350.0,3200,Buy,231885428
2024-08-15 13:36:33,20400.0,13200,Buy,231885913
2024-08-15 13:36:33,20400.0,16800,Buy,231885912
2024-08-15 13:36:35,20400.0,5300,Buy,231885954
2024-08-15 13:36:39,20400.0,1500,Buy,231886059
2024-08-15 13:36:39,20400.0,12400,Buy,231886060
2024-08-15 13:36:42,20450.0,7400,Buy,231886112
2024-08-15 13:36:42,20450.0,100,Buy,231886111
2024-08-15 13:36:42,20450.0,100,Buy,231886104
2024-08-15 13:36:42,20450.0,5000,Buy,231886109
2024-08-15 13:36:42,20450.0,100,Buy,231886108
2024-08-15 13:36:42,20450.0,500,Buy,231886110
2024-08-15 13:37:20,20450.0,2600,Buy,231886840
2024-08-15 13:37:20,20450.0,1400,Buy,231886841
2024-08-15 13:37:25,20450.0,300,Buy,231886975
2024-08-15 13:37:26,20450.0,500,Buy,231887002
2024-08-15 13:37:39,20450.0,5000,Buy,231887333
2024-08-15 13:37:49,20450.0,300,Buy,231887606
2024-08-15 13:37:55,20450.0,500,Buy,231887716
2024-08-15 13:38:13,20450.0,500,Buy,231888097
2024-08-15 13:38:13,20450.0,500,Buy,231888126
2024-08-15 13:38:19,20450.0,1000,Buy,231888260
2024-08-15 13:38:23,20450.0,400,Buy,231888406
2024-08-15 13:38:23,20450.0,100,Buy,231888407
2024-08-15 13:38:23,20450.0,500,Buy,231888408
2024-08-15 13:38:31,20450.0,100,Sell,231888561
2024-08-15 13:39:14,20450.0,100,Sell,231889604
2024-08-15 13:39:19,20450.0,300,Sell,231889692
2024-08-15 13:39:19,20450.0,1000,Sell,231889693
2024-08-15 13:39:24,20450.0,100,Buy,231889807
2024-08-15 13:39:37,20450.0,100,Buy,231890079
2024-08-15 13:39:39,20450.0,500,Buy,231890127
2024-08-15 13:39:44,20450.0,400,Buy,231890225
2024-08-15 13:40:21,20450.0,100,Sell,231891023
2024-08-15 13:40:41,20500.0,100,Buy,231891556
2024-08-15 13:40:41,20500.0,100,Buy,231891557
2024-08-15 13:40:42,20450.0,500,Sell,231891586
2024-08-15 13:40:42,20450.0,100,Sell,231891587
2024-08-15 13:40:42,20450.0,400,Sell,231891588
2024-08-15 13:40:59,20500.0,500,Buy,231891977
2024-08-15 13:41:22,20500.0,300,Buy,231892561
2024-08-15 13:41:22,20500.0,200,Buy,231892562
2024-08-15 13:41:22,20500.0,100,Buy,231892560
2024-08-15 13:41:22,20500.0,400,Buy,231892559
2024-08-15 13:41:26,20500.0,2000,Buy,231892620
2024-08-15 13:41:26,20500.0,2000,Buy,231892619
2024-08-15 13:41:26,20500.0,400,Buy,231892616
2024-08-15 13:41:26,20500.0,100,Buy,231892617
2024-08-15 13:41:26,20500.0,1800,Buy,231892615
2024-08-15 13:41:26,20500.0,100,Buy,231892618
2024-08-15 13:41:49,20500.0,100,Sell,231893174
2024-08-15 13:41:50,20550.0,500,Buy,231893296
2024-08-15 13:41:50,20500.0,3500,Sell,231893303
2024-08-15 13:41:50,20500.0,1000,Sell,231893304
2024-08-15 13:41:50,20450.0,600,Sell,231893305
2024-08-15 13:41:50,20450.0,100,Sell,231893306
2024-08-15 13:41:54,20550.0,500,Buy,231893385
2024-08-15 13:41:56,20500.0,300,Sell,231893409
2024-08-15 13:41:56,20550.0,500,Buy,231893411
2024-08-15 13:41:58,20550.0,500,Buy,231893440
2024-08-15 13:42:19,20550.0,100,Buy,231893957
2024-08-15 13:42:20,20550.0,500,Buy,231893964
2024-08-15 13:42:25,20550.0,100,Buy,231894048
2024-08-15 13:42:55,20550.0,400,Buy,231894681
2024-08-15 13:42:56,20550.0,1000,Buy,231894690
2024-08-15 13:43:10,20500.0,100,Sell,231894958
2024-08-15 13:43:10,20500.0,1200,Sell,231894959
2024-08-15 13:43:10,20500.0,700,Sell,231894957
2024-08-15 13:43:34,20500.0,100,Sell,231895446
2024-08-15 13:43:34,20500.0,100,Sell,231895447
2024-08-15 13:43:34,20500.0,200,Sell,231895448
2024-08-15 13:43:34,20500.0,100,Sell,231895449
2024-08-15 13:43:39,20500.0,100,Sell,231895557
2024-08-15 13:43:41,20550.0,4900,Buy,231895618
2024-08-15 13:44:29,20500.0,1000,Sell,231896680
2024-08-15 13:44:29,20500.0,500,Sell,231896681
2024-08-15 13:44:31,20550.0,100,Buy,231896717
2024-08-15 13:44:34,20550.0,900,Buy,231896810
2024-08-15 13:44:34,20550.0,100,Buy,231896811
2024-08-15 13:44:36,20500.0,100,Sell,231896840
2024-08-15 13:44:40,20500.0,400,Sell,231896961
2024-08-15 13:44:40,20500.0,2600,Sell,231896962
2024-08-15 13:45:10,20500.0,200,Sell,231897578
2024-08-15 13:45:11,20500.0,100,Sell,231897607
2024-08-15 13:45:57,20500.0,400,Sell,231898631
2024-08-15 13:45:57,20500.0,200,Sell,231898630
2024-08-15 13:45:57,20500.0,1100,Sell,231898632
2024-08-15 13:45:57,20500.0,200,Sell,231898628
2024-08-15 13:45:57,20500.0,100,Sell,231898627
2024-08-15 13:45:57,20500.0,100,Sell,231898625
2024-08-15 13:45:57,20500.0,400,Sell,231898629
2024-08-15 13:46:07,20500.0,500,Sell,231898828
2024-08-15 13:46:15,20550.0,500,Buy,231898979
2024-08-15 13:46:16,20500.0,400,Sell,231899005
2024-08-15 13:46:16,20500.0,200,Sell,231899006
2024-08-15 13:46:16,20500.0,400,Sell,231899007
2024-08-15 13:46:16,20500.0,1000,Sell,231899009
2024-08-15 13:46:25,20500.0,500,Sell,231899195
2024-08-15 13:46:25,20500.0,100,Sell,231899196
2024-08-15 13:46:25,20500.0,600,Sell,231899193
2024-08-15 13:46:25,20500.0,100,Sell,231899194
2024-08-15 13:46:58,20450.0,1000,Sell,231899876
2024-08-15 13:46:58,20450.0,200,Sell,231899875
2024-08-15 13:46:58,20450.0,1000,Sell,231899874
2024-08-15 13:46:58,20450.0,100,Sell,231899877
2024-08-15 13:46:58,20450.0,100,Sell,231899872
2024-08-15 13:46:58,20450.0,100,Sell,231899871
2024-08-15 13:46:58,20450.0,200,Sell,231899870
2024-08-15 13:46:58,20450.0,500,Sell,231899869
2024-08-15 13:46:58,20450.0,1300,Sell,231899873
2024-08-15 13:47:45,20450.0,100,Sell,231900868
2024-08-15 13:48:18,20450.0,500,Sell,231901500
2024-08-15 13:49:07,20450.0,400,Sell,231902457
2024-08-15 13:49:07,20450.0,1000,Sell,231902458
2024-08-15 13:49:07,20450.0,200,Sell,231902459
2024-08-15 13:49:14,20500.0,800,Buy,231902646
2024-08-15 13:49:30,20450.0,1000,Sell,231902957
2024-08-15 13:49:36,20500.0,100,Buy,231903081
2024-08-15 13:50:20,20500.0,2200,Buy,231903956
2024-08-15 13:50:20,20500.0,1800,Buy,231903957
2024-08-15 13:50:31,20450.0,400,Sell,231904221
2024-08-15 13:50:31,20450.0,100,Sell,231904222
2024-08-15 13:50:53,20450.0,1000,Sell,231904695
2024-08-15 13:51:28,20450.0,900,Sell,231905409
2024-08-15 13:51:28,20450.0,5000,Sell,231905410
2024-08-15 13:51:28,20450.0,12000,Sell,231905411
2024-08-15 13:51:33,20450.0,2000,Buy,231905498
2024-08-15 13:51:33,20450.0,1700,Buy,231905499
2024-08-15 13:51:41,20450.0,1300,Sell,231905669
2024-08-15 13:51:46,20400.0,11100,Sell,231905756
2024-08-15 13:51:46,20400.0,18900,Sell,231905757
2024-08-15 13:51:56,20400.0,400,Sell,231906024
2024-08-15 13:51:57,20400.0,1500,Sell,231906043
2024-08-15 13:52:04,20400.0,2000,Sell,231906200
2024-08-15 13:52:24,20450.0,200,Buy,231906611
2024-08-15 13:52:43,20400.0,1500,Sell,231906993
2024-08-15 13:53:24,20400.0,500,Sell,231907850
2024-08-15 13:53:27,20400.0,1000,Sell,231907916
2024-08-15 13:53:33,20400.0,2100,Sell,231908067
2024-08-15 13:54:22,20400.0,500,Sell,231909146
2024-08-15 13:54:22,20400.0,1100,Sell,231909147
2024-08-15 13:54:22,20400.0,15000,Sell,231909145
2024-08-15 13:54:22,20400.0,200,Sell,231909144
2024-08-15 13:54:22,20400.0,100,Sell,231909143
2024-08-15 13:54:22,20400.0,1000,Sell,231909142
2024-08-15 13:54:22,20400.0,2100,Sell,231909141
2024-08-15 13:54:25,20400.0,700,Sell,231909235
2024-08-15 13:54:25,20400.0,500,Sell,231909234
2024-08-15 13:54:25,20400.0,100,Sell,231909232
2024-08-15 13:54:25,20400.0,1000,Sell,231909231
2024-08-15 13:54:25,20400.0,1000,Sell,231909233
2024-08-15 13:54:25,20400.0,100,Sell,231909229
2024-08-15 13:54:25,20400.0,100,Sell,231909228
2024-08-15 13:54:25,20400.0,200,Sell,231909227
2024-08-15 13:54:25,20400.0,1900,Sell,231909226
2024-08-15 13:54:25,20400.0,300,Sell,231909230
2024-08-15 13:54:52,20350.0,100,Sell,231909932
2024-08-15 13:54:54,20350.0,400,Sell,231909993
2024-08-15 13:54:54,20350.0,500,Sell,231909996
2024-08-15 13:54:54,20350.0,100,Sell,231909995
2024-08-15 13:54:54,20350.0,100,Sell,231909994
2024-08-15 13:54:54,20350.0,100,Sell,231909992
2024-08-15 13:54:54,20350.0,200,Sell,231909987
2024-08-15 13:54:54,20350.0,100,Sell,231909990
2024-08-15 13:54:54,20350.0,4900,Sell,231909991
2024-08-15 13:54:54,20350.0,6700,Sell,231909986
2024-08-15 13:54:54,20350.0,1500,Sell,231909988
2024-08-15 13:54:54,20350.0,1000,Sell,231909989
2024-08-15 13:55:06,20300.0,100,Sell,231910353
2024-08-15 13:55:06,20300.0,100,Sell,231910363
2024-08-15 13:55:06,20300.0,100,Sell,231910362
2024-08-15 13:55:06,20300.0,100,Sell,231910361
2024-08-15 13:55:06,20300.0,1000,Sell,231910360
2024-08-15 13:55:06,20300.0,300,Sell,231910359
2024-08-15 13:55:06,20300.0,100,Sell,231910358
2024-08-15 13:55:06,20300.0,200,Sell,231910357
2024-08-15 13:55:06,20300.0,100,Sell,231910356
2024-08-15 13:55:06,20300.0,100,Sell,231910355
2024-08-15 13:55:06,20300.0,5000,Sell,231910354
2024-08-15 13:55:06,20300.0,200,Sell,231910352
2024-08-15 13:55:06,20300.0,100,Sell,231910350
2024-08-15 13:55:06,20300.0,10000,Sell,231910349
2024-08-15 13:55:06,20300.0,200,Sell,231910348
2024-08-15 13:55:06,20300.0,700,Sell,231910347
2024-08-15 13:55:06,20300.0,300,Sell,231910339
2024-08-15 13:55:06,20300.0,1000,Sell,231910338
2024-08-15 13:55:06,20300.0,400,Sell,231910337
2024-08-15 13:55:06,20300.0,700,Sell,231910336
2024-08-15 13:55:06,20300.0,400,Sell,231910335
2024-08-15 13:55:06,20300.0,700,Sell,231910334
2024-08-15 13:55:06,20300.0,500,Sell,231910351
2024-08-15 13:55:07,20300.0,400,Buy,231910374
2024-08-15 13:55:20,20250.0,1200,Sell,231910800
2024-08-15 13:55:21,20250.0,5300,Sell,231910831
2024-08-15 13:55:22,20250.0,200,Sell,231910842
2024-08-15 13:55:22,20250.0,3500,Sell,231910840
2024-08-15 13:55:22,20250.0,1000,Sell,231910841
2024-08-15 13:55:29,20300.0,500,Buy,231911001
2024-08-15 13:55:30,20250.0,400,Sell,231911034
2024-08-15 13:55:45,20250.0,400,Sell,231911289
2024-08-15 13:55:45,20250.0,400,Sell,231911290
2024-08-15 13:55:45,20250.0,3000,Sell,231911291
2024-08-15 13:55:45,20250.0,200,Sell,231911292
2024-08-15 13:55:45,20250.0,400,Sell,231911293
2024-08-15 13:55:45,20250.0,100,Sell,231911294
2024-08-15 13:55:49,20250.0,100,Sell,231911418
2024-08-15 13:55:49,20250.0,100,Sell,231911419
2024-08-15 13:55:49,20250.0,400,Sell,231911420
2024-08-15 13:55:49,20250.0,400,Sell,231911421
2024-08-15 13:55:50,20250.0,300,Sell,231911443
2024-08-15 13:55:50,20250.0,100,Sell,231911442
2024-08-15 13:55:50,20250.0,600,Sell,231911441
2024-08-15 13:55:56,20250.0,200,Sell,231911637
2024-08-15 13:56:26,20250.0,100,Buy,231912720
2024-08-15 13:56:44,20250.0,100,Buy,231913176
2024-08-15 13:56:49,20200.0,500,Sell,231913451
2024-08-15 13:56:49,20200.0,100,Sell,231913445
2024-08-15 13:56:49,20200.0,1000,Sell,231913443
2024-08-15 13:56:49,20200.0,100,Sell,231913442
2024-08-15 13:56:49,20200.0,500,Sell,231913441
2024-08-15 13:56:49,20200.0,100,Sell,231913440
2024-08-15 13:56:49,20200.0,200,Sell,231913439
2024-08-15 13:56:49,20200.0,500,Sell,231913438
2024-08-15 13:56:49,20200.0,200,Sell,231913437
2024-08-15 13:56:49,20200.0,12000,Sell,231913446
2024-08-15 13:56:49,20200.0,500,Sell,231913435
2024-08-15 13:56:49,20200.0,100,Sell,231913436
2024-08-15 13:56:49,20200.0,1000,Sell,231913427
2024-08-15 13:56:49,20200.0,200,Sell,231913428
2024-08-15 13:56:49,20200.0,100,Sell,231913429
2024-08-15 13:56:49,20200.0,1700,Sell,231913444
2024-08-15 13:56:49,20200.0,100,Sell,231913431
2024-08-15 13:56:49,20200.0,100,Sell,231913432
2024-08-15 13:56:49,20200.0,300,Sell,231913433
2024-08-15 13:56:49,20200.0,800,Sell,231913430
2024-08-15 13:56:49,20200.0,3300,Sell,231913434
2024-08-15 13:57:13,20200.0,100,Buy,231914314
2024-08-15 13:57:13,20200.0,400,Buy,231914315
2024-08-15 13:57:25,20200.0,100,Buy,231914691
2024-08-15 13:57:27,20150.0,300,Sell,231914760
2024-08-15 13:57:27,20150.0,400,Sell,231914761
2024-08-15 13:57:27,20150.0,300,Sell,231914762
2024-08-15 13:57:34,20150.0,300,Sell,231915054
2024-08-15 13:57:34,20150.0,200,Sell,231915053
2024-08-15 13:57:34,20150.0,100,Sell,231915052
2024-08-15 13:57:34,20150.0,200,Sell,231915051
2024-08-15 13:57:34,20150.0,1000,Sell,231915049
2024-08-15 13:57:34,20150.0,100,Sell,231915048
2024-08-15 13:57:34,20150.0,900,Sell,231915047
2024-08-15 13:57:34,20150.0,700,Sell,231915046
2024-08-15 13:57:34,20150.0,500,Sell,231915050
2024-08-15 13:57:35,20200.0,300,Buy,231915116
2024-08-15 13:57:35,20200.0,400,Buy,231915117
2024-08-15 13:57:35,20200.0,300,Buy,231915118
2024-08-15 13:57:47,20200.0,100,Buy,231915572
2024-08-15 13:57:57,20200.0,100,Buy,231915972
2024-08-15 13:58:02,20200.0,1000,Buy,231916146
2024-08-15 13:58:02,20200.0,5000,Buy,231916145
2024-08-15 13:58:02,20200.0,500,Buy,231916143
2024-08-15 13:58:02,20200.0,1000,Buy,231916144
2024-08-15 13:58:28,20200.0,300,Sell,231917062
2024-08-15 13:58:40,20200.0,100,Sell,231917408
2024-08-15 13:58:58,20200.0,7100,Sell,231918147
2024-08-15 13:58:58,20200.0,900,Sell,231918148
2024-08-15 13:58:58,20200.0,100,Sell,231918149
2024-08-15 13:58:58,20200.0,200,Sell,231918150
2024-08-15 13:58:58,20200.0,1300,Sell,231918151
2024-08-15 13:58:58,20200.0,200,Sell,231918152
2024-08-15 13:59:22,20150.0,100,Sell,231918962
2024-08-15 13:59:37,20150.0,500,Sell,231919465
2024-08-15 13:59:37,20150.0,200,Sell,231919466
2024-08-15 13:59:37,20150.0,500,Sell,231919464
2024-08-15 13:59:37,20150.0,500,Sell,231919462
2024-08-15 13:59:37,20150.0,1600,Sell,231919460
2024-08-15 13:59:37,20150.0,5000,Sell,231919463
2024-08-15 13:59:37,20150.0,200,Sell,231919461
2024-08-15 13:59:55,20100.0,100,Sell,231920135
2024-08-15 13:59:55,20100.0,1900,Sell,231920136
2024-08-15 13:59:57,20150.0,4100,Buy,231920210
2024-08-15 14:00:02,20100.0,100,Sell,231920327
2024-08-15 14:00:02,20100.0,200,Sell,231920326
2024-08-15 14:00:02,20100.0,100,Sell,231920323
2024-08-15 14:00:02,20100.0,100,Sell,231920325
2024-08-15 14:00:02,20100.0,500,Sell,231920321
2024-08-15 14:00:02,20100.0,100,Sell,231920320
2024-08-15 14:00:02,20100.0,100,Sell,231920319
2024-08-15 14:00:02,20150.0,900,Sell,231920318
2024-08-15 14:00:02,20100.0,1000,Sell,231920322
2024-08-15 14:00:02,20100.0,100,Sell,231920324
2024-08-15 14:00:13,20150.0,500,Sell,231920736
2024-08-15 14:00:38,20150.0,500,Sell,231921463
2024-08-15 14:00:38,20150.0,500,Sell,231921460
2024-08-15 14:00:38,20150.0,100,Sell,231921461
2024-08-15 14:00:38,20150.0,200,Sell,231921462
2024-08-15 14:00:39,20150.0,1000,Buy,231921498
2024-08-15 14:00:41,20150.0,500,Buy,231921538
2024-08-15 14:01:08,20150.0,500,Sell,231922302
2024-08-15 14:01:22,20150.0,200,Sell,231922756
2024-08-15 14:01:22,20150.0,300,Sell,231922757
2024-08-15 14:01:27,20150.0,1100,Sell,231922926
2024-08-15 14:02:24,20150.0,500,Sell,231925350
2024-08-15 14:02:34,20150.0,100,Sell,231925849
2024-08-15 14:02:40,20150.0,2500,Sell,231926052
2024-08-15 14:02:40,20150.0,200,Sell,231926051
2024-08-15 14:02:40,20150.0,2000,Sell,231926050
2024-08-15 14:02:40,20150.0,1000,Sell,231926048
2024-08-15 14:02:40,20150.0,3000,Sell,231926049
2024-08-15 14:02:41,20200.0,200,Buy,231926134
2024-08-15 14:02:41,20200.0,500,Buy,231926135
2024-08-15 14:02:41,20200.0,1400,Buy,231926136
2024-08-15 14:02:43,20150.0,600,Sell,231926199
2024-08-15 14:02:43,20150.0,1000,Sell,231926198
2024-08-15 14:02:43,20150.0,100,Sell,231926173
2024-08-15 14:02:43,20150.0,500,Sell,231926172
2024-08-15 14:02:43,20150.0,400,Sell,231926197
2024-08-15 14:02:49,20150.0,200,Sell,231926384
2024-08-15 14:02:51,20150.0,200,Sell,231926454
2024-08-15 14:02:52,20150.0,300,Buy,231926475
2024-08-15 14:02:54,20150.0,200,Sell,231926601
2024-08-15 14:03:41,20150.0,100,Buy,231928731
2024-08-15 14:03:52,20150.0,100,Buy,231929203
2024-08-15 14:04:10,20100.0,200,Sell,231930679
2024-08-15 14:04:25,20150.0,900,Buy,231931804
2024-08-15 14:04:25,20150.0,100,Buy,231931803
2024-08-15 14:04:27,20150.0,100,Buy,231931837
2024-08-15 14:04:27,20150.0,200,Buy,231931838
2024-08-15 14:04:36,20150.0,700,Buy,231932150
2024-08-15 14:04:36,20150.0,300,Buy,231932151
2024-08-15 14:04:46,20150.0,800,Buy,231932635
2024-08-15 14:04:46,20150.0,200,Buy,231932634
2024-08-15 14:04:55,20150.0,900,Buy,231933513
2024-08-15 14:04:58,20150.0,2200,Buy,231933618
2024-08-15 14:05:00,20150.0,100,Buy,231933689
2024-08-15 14:05:04,20150.0,1000,Buy,231934202
2024-08-15 14:05:04,20150.0,300,Buy,231934203
2024-08-15 14:05:08,20150.0,1000,Sell,231934385
2024-08-15 14:05:11,20150.0,100,Buy,231934485
2024-08-15 14:05:17,20100.0,700,Sell,231934771
2024-08-15 14:05:17,20100.0,1300,Sell,231934772
2024-08-15 14:05:21,20150.0,200,Buy,231934927
2024-08-15 14:05:23,20150.0,100,Buy,231934982
2024-08-15 14:05:38,20150.0,900,Sell,231935725
2024-08-15 14:05:38,20150.0,2700,Sell,231935726
2024-08-15 14:05:39,20150.0,500,Sell,231935769
2024-08-15 14:05:44,20150.0,100,Sell,231935940
2024-08-15 14:05:47,20150.0,1000,Sell,231936016
2024-08-15 14:06:07,20150.0,500,Sell,231937081
2024-08-15 14:06:07,20150.0,700,Sell,231937080
2024-08-15 14:06:12,20150.0,1000,Buy,231937266
2024-08-15 14:06:19,20100.0,100,Sell,231937658
2024-08-15 14:06:20,20150.0,300,Buy,231937696
2024-08-15 14:06:26,20100.0,200,Sell,231937918
2024-08-15 14:06:26,20100.0,4800,Sell,231937929
2024-08-15 14:06:26,20100.0,10000,Sell,231937928
2024-08-15 14:06:26,20100.0,500,Sell,231937927
2024-08-15 14:06:26,20100.0,600,Sell,231937917
2024-08-15 14:06:26,20100.0,1500,Sell,231937925
2024-08-15 14:06:26,20100.0,300,Sell,231937926
2024-08-15 14:06:26,20100.0,500,Sell,231937923
2024-08-15 14:06:26,20100.0,5000,Sell,231937922
2024-08-15 14:06:26,20100.0,100,Sell,231937921
2024-08-15 14:06:26,20100.0,5000,Sell,231937920
2024-08-15 14:06:26,20100.0,500,Sell,231937919
2024-08-15 14:06:26,20100.0,1000,Sell,231937924
2024-08-15 14:06:30,20100.0,200,Sell,231938207
2024-08-15 14:06:30,20100.0,200,Sell,231938206
2024-08-15 14:06:30,20100.0,700,Sell,231938205
2024-08-15 14:06:30,20100.0,9900,Sell,231938204
2024-08-15 14:06:30,20100.0,1000,Sell,231938203
2024-08-15 14:06:30,20100.0,1000,Sell,231938201
2024-08-15 14:06:30,20100.0,2000,Sell,231938199
2024-08-15 14:06:30,20100.0,500,Sell,231938198
2024-08-15 14:06:30,20100.0,5200,Sell,231938197
2024-08-15 14:06:30,20100.0,1000,Sell,231938202
2024-08-15 14:06:30,20100.0,1000,Sell,231938200
2024-08-15 14:06:33,20100.0,200,Buy,231938293
2024-08-15 14:06:52,20100.0,5000,Buy,231938893
2024-08-15 14:07:00,20100.0,2100,Buy,231939232
2024-08-15 14:07:00,20100.0,500,Buy,231939233
2024-08-15 14:07:00,20100.0,3000,Buy,231939234
2024-08-15 14:07:00,20100.0,4400,Buy,231939235
2024-08-15 14:07:03,20100.0,500,Buy,231939328
2024-08-15 14:07:10,20100.0,100,Buy,231939585
2024-08-15 14:07:10,20100.0,300,Buy,231939584
2024-08-15 14:07:14,20050.0,400,Sell,231939653
2024-08-15 14:07:15,20100.0,500,Buy,231939696
2024-08-15 14:07:15,20100.0,1900,Buy,231939695
2024-08-15 14:07:39,20100.0,100,Sell,231940634
2024-08-15 14:07:39,20100.0,300,Sell,231940635
2024-08-15 14:07:39,20100.0,900,Sell,231940636
2024-08-15 14:07:39,20100.0,200,Sell,231940637
2024-08-15 14:07:39,20100.0,100,Sell,231940638
2024-08-15 14:07:39,20100.0,1000,Sell,231940639
2024-08-15 14:07:39,20100.0,400,Sell,231940640
2024-08-15 14:07:39,20100.0,2000,Sell,231940633
2024-08-15 14:07:43,20100.0,100,Sell,231940756
2024-08-15 14:07:43,20100.0,100,Sell,231940757
2024-08-15 14:07:43,20100.0,1000,Sell,231940758
2024-08-15 14:07:48,20100.0,2000,Buy,231940942
2024-08-15 14:07:51,20100.0,100,Buy,231941017
2024-08-15 14:08:13,20100.0,100,Buy,231941574
2024-08-15 14:08:29,20100.0,200,Buy,231942116
2024-08-15 14:08:47,20100.0,1000,Buy,231942651
2024-08-15 14:08:47,20100.0,1400,Buy,231942650
2024-08-15 14:08:59,20100.0,3000,Sell,231942915
2024-08-15 14:09:00,20150.0,1000,Buy,231942950
2024-08-15 14:09:03,20100.0,4600,Sell,231943090
2024-08-15 14:09:03,20100.0,100,Sell,231943091
2024-08-15 14:09:03,20100.0,300,Sell,231943092
2024-08-15 14:09:08,20150.0,200,Buy,231943228
2024-08-15 14:09:22,20150.0,100,Buy,231943552
2024-08-15 14:09:29,20150.0,2300,Buy,231943758
2024-08-15 14:09:50,20150.0,2000,Buy,231944309
2024-08-15 14:09:51,20100.0,1900,Sell,231944334
2024-08-15 14:09:51,20100.0,700,Sell,231944328
2024-08-15 14:09:51,20100.0,5900,Sell,231944329
2024-08-15 14:09:51,20100.0,100,Sell,231944330
2024-08-15 14:09:51,20100.0,1000,Sell,231944331
2024-08-15 14:09:51,20100.0,300,Sell,231944332
2024-08-15 14:09:51,20100.0,100,Sell,231944333
2024-08-15 14:09:56,20100.0,200,Sell,231944499
2024-08-15 14:09:56,20100.0,900,Sell,231944500
2024-08-15 14:09:56,20100.0,3200,Sell,231944498
2024-08-15 14:09:56,20100.0,500,Sell,231944494
2024-08-15 14:09:56,20100.0,100,Sell,231944496
2024-08-15 14:09:56,20100.0,100,Sell,231944497
2024-08-15 14:09:56,20100.0,5000,Sell,231944495
2024-08-15 14:10:04,20150.0,500,Buy,231944676
2024-08-15 14:10:13,20150.0,1000,Buy,231944930
2024-08-15 14:10:17,20150.0,2500,Buy,231945029
2024-08-15 14:10:31,20150.0,1800,Buy,231945345
2024-08-15 14:10:38,20150.0,100,Buy,231945586
2024-08-15 14:10:39,20150.0,1000,Buy,231945624
2024-08-15 14:10:39,20150.0,15000,Buy,231945625
2024-08-15 14:10:39,20150.0,300,Buy,231945626
2024-08-15 14:10:54,20200.0,100,Buy,231946040
2024-08-15 14:11:04,20200.0,1000,Buy,231946299
2024-08-15 14:11:14,20150.0,500,Sell,231946616
2024-08-15 14:11:14,20150.0,200,Sell,231946617
2024-08-15 14:11:26,20200.0,500,Buy,231946982
2024-08-15 14:11:26,20200.0,500,Buy,231946983
2024-08-15 14:11:27,20200.0,2000,Buy,231947032
2024-08-15 14:11:29,20150.0,300,Sell,231947072
2024-08-15 14:11:29,20150.0,200,Sell,231947073
2024-08-15 14:11:44,20200.0,100,Buy,231947414
2024-08-15 14:11:47,20200.0,1000,Buy,231947503
2024-08-15 14:12:05,20200.0,1300,Buy,231947979
2024-08-15 14:12:05,20200.0,700,Buy,231947980
2024-08-15 14:12:05,20200.0,600,Buy,231947978
2024-08-15 14:12:09,20200.0,300,Buy,231948087
2024-08-15 14:12:09,20200.0,700,Buy,231948088
2024-08-15 14:12:10,20200.0,3400,Buy,231948131
2024-08-15 14:12:10,20200.0,1600,Buy,231948132
2024-08-15 14:12:10,20200.0,3400,Buy,231948140
2024-08-15 14:12:10,20200.0,1100,Buy,231948141
2024-08-15 14:12:10,20200.0,1000,Buy,231948158
2024-08-15 14:12:17,20200.0,1600,Buy,231948339
2024-08-15 14:12:17,20200.0,500,Buy,231948340
2024-08-15 14:12:17,20200.0,200,Buy,231948341
2024-08-15 14:12:17,20200.0,600,Buy,231948342
2024-08-15 14:12:17,20200.0,100,Buy,231948343
2024-08-15 14:12:38,20250.0,100,Buy,231948832
2024-08-15 14:12:46,20250.0,300,Buy,231949045
2024-08-15 14:12:59,20250.0,100,Buy,231949335
2024-08-15 14:13:13,20250.0,1000,Buy,231949696
2024-08-15 14:13:40,20200.0,500,Sell,231950405
2024-08-15 14:13:48,20250.0,500,Buy,231950677
2024-08-15 14:13:48,20250.0,100,Buy,231950678
2024-08-15 14:13:48,20250.0,4400,Buy,231950679
2024-08-15 14:13:49,20250.0,200,Buy,231950706
2024-08-15 14:14:08,20200.0,1500,Sell,231951146
2024-08-15 14:14:08,20200.0,500,Sell,231951147
2024-08-15 14:14:08,20200.0,1000,Sell,231951148
2024-08-15 14:14:08,20200.0,2000,Sell,231951149
2024-08-15 14:14:08,20200.0,2800,Sell,231951150
2024-08-15 14:14:08,20200.0,100,Sell,231951151
2024-08-15 14:14:08,20200.0,2100,Sell,231951152
2024-08-15 14:14:14,20250.0,100,Buy,231951331
2024-08-15 14:14:16,20250.0,300,Buy,231951365
2024-08-15 14:14:16,20250.0,200,Buy,231951366
2024-08-15 14:14:37,20250.0,1000,Buy,231951964
2024-08-15 14:14:38,20200.0,600,Sell,231951980
2024-08-15 14:14:48,20200.0,100,Sell,231952177
2024-08-15 14:14:52,20200.0,2200,Sell,231952245
2024-08-15 14:14:52,20200.0,200,Sell,231952246
2024-08-15 14:14:52,20200.0,100,Sell,231952247
2024-08-15 14:14:52,20200.0,500,Sell,231952248
2024-08-15 14:14:52,20200.0,500,Sell,231952249
2024-08-15 14:14:52,20200.0,5000,Sell,231952250
2024-08-15 14:14:52,20200.0,300,Sell,231952251
2024-08-15 14:14:52,20200.0,100,Sell,231952252
2024-08-15 14:14:52,20200.0,1100,Sell,231952253
2024-08-15 14:14:55,20200.0,1000,Sell,231952401
2024-08-15 14:14:57,20200.0,2000,Sell,231952525
2024-08-15 14:15:07,20200.0,900,Sell,231952918
2024-08-15 14:15:07,20200.0,1000,Sell,231952919
2024-08-15 14:15:20,20200.0,100,Buy,231953471
2024-08-15 14:15:21,20200.0,400,Buy,231953524
2024-08-15 14:15:46,20200.0,200,Buy,231954160
2024-08-15 14:15:52,20200.0,1000,Buy,231954362
2024-08-15 14:15:57,20200.0,400,Buy,231954480
2024-08-15 14:15:57,20200.0,400,Buy,231954478
2024-08-15 14:15:57,20200.0,200,Buy,231954479
2024-08-15 14:15:59,20200.0,400,Buy,231954550
2024-08-15 14:16:00,20200.0,100,Buy,231954572
2024-08-15 14:16:31,20200.0,1000,Buy,231955381
2024-08-15 14:16:31,20200.0,100,Buy,231955385
2024-08-15 14:16:36,20200.0,1000,Buy,231955637
2024-08-15 14:16:36,20200.0,300,Buy,231955638
2024-08-15 14:16:36,20200.0,200,Buy,231955639
2024-08-15 14:16:36,20200.0,2700,Buy,231955640
2024-08-15 14:16:40,20200.0,900,Buy,231955733
2024-08-15 14:16:47,20200.0,900,Buy,231955989
2024-08-15 14:16:52,20200.0,500,Buy,231956139
2024-08-15 14:16:59,20200.0,2000,Buy,231956376
2024-08-15 14:17:00,20200.0,600,Buy,231956412
2024-08-15 14:17:00,20200.0,100,Buy,231956413
2024-08-15 14:17:00,20200.0,200,Buy,231956414
2024-08-15 14:17:42,20200.0,500,Sell,231957675
2024-08-15 14:17:43,20200.0,1000,Sell,231957711
2024-08-15 14:17:43,20200.0,1000,Sell,231957712
2024-08-15 14:17:43,20200.0,100,Sell,231957709
2024-08-15 14:17:43,20200.0,600,Sell,231957707
2024-08-15 14:17:43,20200.0,300,Sell,231957710
2024-08-15 14:17:43,20200.0,2000,Sell,231957708
2024-08-15 14:17:46,20200.0,100,Sell,231957783
2024-08-15 14:17:46,20200.0,300,Sell,231957784
2024-08-15 14:17:51,20200.0,3000,Buy,231957942
2024-08-15 14:18:09,20200.0,1600,Buy,231958482
2024-08-15 14:18:09,20200.0,400,Buy,231958483
2024-08-15 14:18:16,20200.0,900,Buy,231958676
2024-08-15 14:18:20,20200.0,700,Buy,231958785
2024-08-15 14:18:56,20250.0,3800,Buy,231959971
2024-08-15 14:18:56,20250.0,500,Buy,231959972
2024-08-15 14:18:56,20250.0,700,Buy,231959973
2024-08-15 14:19:00,20250.0,1000,Buy,231960066
2024-08-15 14:19:00,20250.0,600,Buy,231960067
2024-08-15 14:19:00,20250.0,200,Buy,231960065
2024-08-15 14:19:00,20250.0,1200,Buy,231960063
2024-08-15 14:19:00,20250.0,2000,Buy,231960064
2024-08-15 14:19:07,20250.0,2000,Buy,231960271
2024-08-15 14:19:21,20250.0,500,Buy,231960760
2024-08-15 14:19:23,20250.0,100,Buy,231960845
2024-08-15 14:19:23,20250.0,100,Buy,231960848
2024-08-15 14:19:31,20250.0,100,Buy,231961054
2024-08-15 14:19:38,20250.0,1000,Buy,231961239
2024-08-15 14:19:39,20250.0,200,Buy,231961256
2024-08-15 14:20:01,20250.0,400,Buy,231962066
2024-08-15 14:20:01,20250.0,500,Buy,231962067
2024-08-15 14:20:01,20250.0,100,Buy,231962068
2024-08-15 14:20:02,20300.0,300,Buy,231962113
2024-08-15 14:20:32,20300.0,500,Buy,231962954
2024-08-15 14:20:36,20250.0,300,Sell,231963085
2024-08-15 14:20:36,20250.0,4700,Sell,231963086
2024-08-15 14:20:39,20300.0,500,Buy,231963276
2024-08-15 14:20:39,20300.0,4200,Buy,231963274
2024-08-15 14:20:39,20300.0,2000,Buy,231963275
2024-08-15 14:20:41,20250.0,300,Sell,231963314
2024-08-15 14:20:41,20250.0,4000,Sell,231963315
2024-08-15 14:20:41,20300.0,700,Sell,231963313
2024-08-15 14:21:07,20300.0,100,Sell,231964029
2024-08-15 14:21:46,20350.0,500,Buy,231965163
2024-08-15 14:21:48,20300.0,100,Sell,231965224
2024-08-15 14:21:51,20300.0,1000,Sell,231965334
2024-08-15 14:22:11,20350.0,5000,Buy,231965973
2024-08-15 14:22:11,20350.0,100,Buy,231965974
2024-08-15 14:22:11,20350.0,2000,Buy,231965975
2024-08-15 14:22:11,20350.0,200,Buy,231965972
2024-08-15 14:22:17,20350.0,500,Sell,231966172
2024-08-15 14:22:20,20400.0,1000,Buy,231966278
2024-08-15 14:22:29,20350.0,200,Sell,231966576
2024-08-15 14:22:32,20400.0,200,Buy,231966649
2024-08-15 14:22:35,20400.0,100,Buy,231966762
2024-08-15 14:22:43,20400.0,1000,Buy,231966979
2024-08-15 14:22:46,20400.0,700,Buy,231967104
2024-08-15 14:22:46,20400.0,700,Buy,231967105
2024-08-15 14:23:14,20400.0,200,Buy,231967953
2024-08-15 14:23:17,20400.0,4300,Buy,231968034
2024-08-15 14:23:17,20400.0,700,Buy,231968033
2024-08-15 14:23:26,20400.0,100,Buy,231968246
2024-08-15 14:23:26,20400.0,2900,Buy,231968247
2024-08-15 14:23:27,20400.0,2000,Sell,231968288
2024-08-15 14:23:30,20400.0,500,Buy,231968370
2024-08-15 14:23:34,20400.0,200,Buy,231968516
2024-08-15 14:23:52,20400.0,800,Buy,231969101
2024-08-15 14:23:53,20400.0,200,Buy,231969110
2024-08-15 14:23:53,20400.0,300,Buy,231969124
2024-08-15 14:23:53,20400.0,500,Buy,231969125
2024-08-15 14:23:54,20400.0,4200,Sell,231969153
2024-08-15 14:23:55,20400.0,500,Buy,231969161
2024-08-15 14:23:59,20450.0,100,Buy,231969265
2024-08-15 14:24:08,20450.0,200,Buy,231969565
2024-08-15 14:24:08,20450.0,300,Buy,231969566
2024-08-15 14:24:11,20450.0,2400,Buy,231969666
2024-08-15 14:24:31,20450.0,300,Buy,231970253
2024-08-15 14:24:37,20450.0,500,Buy,231970445
2024-08-15 14:24:40,20450.0,6800,Buy,231970611
2024-08-15 14:24:40,20450.0,2500,Buy,231970612
2024-08-15 14:24:40,20450.0,100,Buy,231970613
2024-08-15 14:24:40,20450.0,400,Buy,231970614
2024-08-15 14:24:40,20450.0,200,Buy,231970615
2024-08-15 14:24:41,20450.0,200,Buy,231970635
2024-08-15 14:24:48,20450.0,2100,Buy,231970934
2024-08-15 14:24:48,20450.0,400,Buy,231970935
2024-08-15 14:25:01,20450.0,2500,Sell,231971418
2024-08-15 14:25:01,20450.0,400,Sell,231971419
2024-08-15 14:25:02,20500.0,500,Buy,231971478
2024-08-15 14:25:07,20450.0,100,Sell,231971678
2024-08-15 14:25:11,20450.0,2000,Sell,231971853
2024-08-15 14:25:13,20450.0,900,Buy,231971911
2024-08-15 14:25:18,20450.0,100,Buy,231972116
2024-08-15 14:25:20,20450.0,100,Buy,231972215
2024-08-15 14:25:28,20450.0,300,Buy,231972464
2024-08-15 14:25:28,20450.0,100,Buy,231972479
2024-08-15 14:25:39,20450.0,400,Buy,231972918
2024-08-15 14:25:39,20450.0,2000,Buy,231972919
2024-08-15 14:25:39,20450.0,600,Buy,231972920
2024-08-15 14:25:43,20450.0,200,Buy,231973077
2024-08-15 14:26:03,20450.0,400,Buy,231973948
2024-08-15 14:26:03,20450.0,100,Buy,231973949
2024-08-15 14:26:09,20400.0,100,Sell,231974190
2024-08-15 14:26:11,20450.0,200,Buy,231974253
2024-08-15 14:26:15,20450.0,100,Buy,231974414
2024-08-15 14:26:49,20400.0,500,Sell,231975746
2024-08-15 14:26:51,20400.0,1400,Sell,231975860
2024-08-15 14:26:57,20450.0,300,Buy,231976049
2024-08-15 14:27:12,20450.0,300,Buy,231976835
2024-08-15 14:27:12,20450.0,200,Buy,231976836
2024-08-15 14:27:19,20400.0,100,Sell,231977093
2024-08-15 14:27:23,20450.0,200,Buy,231977254
2024-08-15 14:27:23,20400.0,1000,Sell,231977235
2024-08-15 14:27:23,20400.0,500,Sell,231977237
2024-08-15 14:27:23,20400.0,500,Sell,231977236
2024-08-15 14:27:23,20400.0,1000,Sell,231977234
2024-08-15 14:27:23,20400.0,1000,Sell,231977228
2024-08-15 14:27:23,20400.0,500,Sell,231977232
2024-08-15 14:27:23,20400.0,900,Sell,231977231
2024-08-15 14:27:23,20400.0,100,Sell,231977230
2024-08-15 14:27:23,20400.0,10000,Sell,231977229
2024-08-15 14:27:23,20400.0,1000,Sell,231977233
2024-08-15 14:27:23,20400.0,1000,Sell,231977227
2024-08-15 14:27:33,20400.0,200,Sell,231977632
2024-08-15 14:27:33,20400.0,200,Sell,231977633
2024-08-15 14:27:58,20400.0,400,Buy,231978590
2024-08-15 14:28:02,20400.0,1000,Buy,231978727
2024-08-15 14:28:02,20400.0,1000,Sell,231978739
2024-08-15 14:28:02,20400.0,500,Buy,231978726
2024-08-15 14:28:02,20400.0,1100,Buy,231978724
2024-08-15 14:28:02,20400.0,9200,Buy,231978723
2024-08-15 14:28:02,20400.0,5000,Buy,231978725
2024-08-15 14:28:16,20400.0,1800,Sell,231979270
2024-08-15 14:28:16,20400.0,500,Sell,231979279
2024-08-15 14:28:21,20400.0,5000,Sell,231979529
2024-08-15 14:28:29,20400.0,1900,Sell,231979798
2024-08-15 14:28:29,20400.0,100,Sell,231979799
2024-08-15 14:28:31,20400.0,1000,Buy,231979874
2024-08-15 14:28:54,20250.0,500,Sell,231981245
2024-08-15 14:28:54,20250.0,500,Sell,231981246
2024-08-15 14:28:54,20250.0,900,Sell,231981247
2024-08-15 14:28:54,20250.0,1000,Sell,231981248
2024-08-15 14:28:54,20250.0,500,Sell,231981249
2024-08-15 14:28:54,20200.0,300,Sell,231981250
2024-08-15 14:28:54,20200.0,700,Sell,231981252
2024-08-15 14:28:54,20200.0,2000,Sell,231981256
2024-08-15 14:28:54,20200.0,10000,Sell,231981254
2024-08-15 14:28:54,20200.0,5000,Sell,231981255
2024-08-15 14:28:54,20250.0,1000,Sell,231981244
2024-08-15 14:28:54,20200.0,1000,Sell,231981257
2024-08-15 14:28:54,20200.0,1000,Sell,231981258
2024-08-15 14:28:54,20200.0,500,Sell,231981259
2024-08-15 14:28:54,20200.0,5000,Sell,231981260
2024-08-15 14:28:54,20200.0,200,Sell,231981261
2024-08-15 14:28:54,20200.0,3000,Sell,231981253
2024-08-15 14:28:54,20250.0,2000,Sell,231981243
2024-08-15 14:28:54,20200.0,5000,Sell,231981251
2024-08-15 14:28:54,20300.0,100,Sell,231981238
2024-08-15 14:28:54,20350.0,100,Sell,231981220
2024-08-15 14:28:54,20350.0,2000,Sell,231981221
2024-08-15 14:28:54,20350.0,2000,Sell,231981222
2024-08-15 14:28:54,20350.0,100,Sell,231981223
2024-08-15 14:28:54,20350.0,500,Sell,231981224
2024-08-15 14:28:54,20300.0,4000,Sell,231981225
2024-08-15 14:28:54,20300.0,5000,Sell,231981226
2024-08-15 14:28:54,20300.0,100,Sell,231981227
2024-08-15 14:28:54,20300.0,300,Sell,231981228
2024-08-15 14:28:54,20300.0,5000,Sell,231981230
2024-08-15 14:28:54,20300.0,10000,Sell,231981231
2024-08-15 14:28:54,20300.0,2000,Sell,231981232
2024-08-15 14:28:54,20300.0,100,Sell,231981233
2024-08-15 14:28:54,20300.0,5000,Sell,231981234
2024-08-15 14:28:54,20300.0,500,Sell,231981235
2024-08-15 14:28:54,20300.0,1000,Sell,231981236
2024-08-15 14:28:54,20300.0,800,Sell,231981237
2024-08-15 14:28:54,20300.0,500,Sell,231981229
2024-08-15 14:28:54,20250.0,100,Sell,231981239
2024-08-15 14:28:58,20350.0,3500,Buy,231981547
2024-08-15 14:28:58,20350.0,1400,Buy,231981546
2024-08-15 14:28:59,20350.0,3100,Sell,231981629
2024-08-15 14:28:59,20400.0,1000,Buy,231981604
2024-08-15 14:29:00,20350.0,400,Buy,231981654
2024-08-15 14:29:00,20350.0,4600,Buy,231981655
2024-08-15 14:29:06,20300.0,200,Sell,231982005
2024-08-15 14:29:14,20200.0,2000,Sell,231982433
2024-08-15 14:29:20,20200.0,500,Sell,231982843
2024-08-15 14:29:25,20200.0,1000,Sell,231983122
2024-08-15 14:29:28,20200.0,2000,Sell,231983247
2024-08-15 14:29:28,20200.0,200,Sell,231983246
2024-08-15 14:29:28,20200.0,500,Sell,231983245
2024-08-15 14:29:28,20200.0,100,Sell,231983244
2024-08-15 14:29:28,20200.0,200,Sell,231983242
2024-08-15 14:29:28,20200.0,500,Sell,231983241
2024-08-15 14:29:28,20200.0,1300,Sell,231983240
2024-08-15 14:29:28,20200.0,200,Sell,231983243
2024-08-15 14:29:31,20250.0,1900,Sell,231983349
2024-08-15 14:29:31,20200.0,100,Sell,231983350
2024-08-15 14:29:37,20200.0,400,Sell,231983574
2024-08-15 14:29:39,20300.0,800,Buy,231983649
2024-08-15 14:29:39,20300.0,100,Buy,231983650
2024-08-15 14:29:39,20300.0,1000,Buy,231983651
2024-08-15 14:44:40,20300.0,70400,ATO/ATC,231984583
