time,price,volume,match_type,id
2024-08-14 12:59:43,20850.0,1000,Buy,231544020
2024-08-14 12:59:43,20850.0,100,Buy,231544195
2024-08-14 12:59:43,20850.0,100,Buy,231544194
2024-08-14 12:59:43,20850.0,100,Buy,231544106
2024-08-14 12:59:43,20800.0,100,Buy,231544192
2024-08-14 12:59:43,20800.0,100,Buy,231544193
2024-08-14 12:59:45,21000.0,100,Buy,231544858
2024-08-14 12:59:46,21000.0,300,Buy,231545024
2024-08-14 12:59:46,21000.0,500,Buy,231545023
2024-08-14 12:59:46,20950.0,100,Buy,231545019
2024-08-14 12:59:46,21000.0,500,Buy,231545021
2024-08-14 12:59:46,21000.0,200,Buy,231545022
2024-08-14 12:59:46,20950.0,400,Buy,231545020
2024-08-14 12:59:52,20850.0,200,Buy,231546035
2024-08-14 12:59:52,20750.0,2800,Sell,231546034
2024-08-14 12:59:52,20800.0,200,Sell,231546033
2024-08-14 12:59:52,20800.0,500,Sell,231546032
2024-08-14 12:59:52,20850.0,200,Sell,231546003
2024-08-14 12:59:52,20850.0,100,Sell,231546030
2024-08-14 12:59:52,20850.0,200,Sell,231546007
2024-08-14 12:59:52,20850.0,300,Sell,231546005
2024-08-14 12:59:52,20850.0,500,Sell,231546004
2024-08-14 12:59:52,20850.0,200,Sell,231546031
2024-08-14 12:59:53,20800.0,100,Sell,231546042
2024-08-14 12:59:53,20800.0,100,Buy,231546043
2024-08-14 12:59:55,20750.0,200,Sell,231546172
2024-08-14 13:00:13,20750.0,100,Sell,231546699
2024-08-14 13:00:20,20850.0,300,Buy,231546835
2024-08-14 13:00:20,20850.0,200,Buy,231546836
2024-08-14 13:00:36,20850.0,300,Buy,231547108
2024-08-14 13:00:36,20750.0,100,Sell,231547099
2024-08-14 13:00:41,20750.0,100,Sell,231547211
2024-08-14 13:00:43,20750.0,600,Sell,231547237
2024-08-14 13:00:44,20850.0,500,Buy,231547239
2024-08-14 13:00:44,20850.0,500,Buy,231547240
2024-08-14 13:00:46,20750.0,300,Sell,231547292
2024-08-14 13:01:03,20750.0,700,Sell,231547560
2024-08-14 13:01:08,20750.0,500,Sell,231547621
2024-08-14 13:01:14,20750.0,500,Sell,231547687
2024-08-14 13:01:23,20750.0,1500,Sell,231547797
2024-08-14 13:01:23,20750.0,500,Sell,231547796
2024-08-14 13:01:27,20750.0,500,Sell,231547844
2024-08-14 13:01:27,20750.0,2500,Sell,231547845
2024-08-14 13:01:28,20750.0,500,Sell,231547865
2024-08-14 13:01:30,20750.0,200,Sell,231547881
2024-08-14 13:01:36,20750.0,700,Sell,231547968
2024-08-14 13:01:37,20750.0,200,Sell,231548001
2024-08-14 13:01:37,20750.0,1000,Sell,231548002
2024-08-14 13:01:37,20750.0,300,Sell,231548000
2024-08-14 13:01:37,20750.0,100,Sell,231547998
2024-08-14 13:01:37,20750.0,400,Sell,231547999
2024-08-14 13:01:44,20800.0,200,Buy,231548151
2024-08-14 13:01:45,20750.0,300,Sell,231548157
2024-08-14 13:01:48,20750.0,200,Sell,231548203
2024-08-14 13:02:06,20750.0,400,Sell,231548626
2024-08-14 13:02:08,20750.0,700,Sell,231548647
2024-08-14 13:02:22,20750.0,2000,Sell,231548898
2024-08-14 13:02:22,20750.0,100,Sell,231548899
2024-08-14 13:02:24,20750.0,100,Sell,231548937
2024-08-14 13:02:25,20750.0,300,Sell,231548951
2024-08-14 13:02:37,20750.0,3600,Sell,231549186
2024-08-14 13:02:41,20750.0,1000,Sell,231549238
2024-08-14 13:02:41,20750.0,1200,Sell,231549236
2024-08-14 13:02:41,20750.0,100,Sell,231549237
2024-08-14 13:02:53,20750.0,100,Buy,231549409
2024-08-14 13:02:59,20750.0,500,Buy,231549528
2024-08-14 13:03:03,20700.0,300,Sell,231549594
2024-08-14 13:03:05,20750.0,2200,Buy,231549632
2024-08-14 13:03:05,20750.0,100,Buy,231549631
2024-08-14 13:03:05,20750.0,200,Buy,231549630
2024-08-14 13:03:05,20750.0,3100,Buy,231549626
2024-08-14 13:03:05,20750.0,5000,Buy,231549628
2024-08-14 13:03:05,20750.0,100,Buy,231549627
2024-08-14 13:03:05,20750.0,1000,Buy,231549629
2024-08-14 13:03:05,20750.0,300,Buy,231549625
2024-08-14 13:03:11,20750.0,7800,Buy,231549733
2024-08-14 13:03:11,20750.0,2200,Buy,231549734
2024-08-14 13:03:24,20750.0,300,Buy,231549925
2024-08-14 13:03:24,20750.0,100,Buy,231549926
2024-08-14 13:03:26,20750.0,400,Buy,231549999
2024-08-14 13:03:26,20750.0,100,Buy,231550000
2024-08-14 13:03:26,20750.0,300,Buy,231550001
2024-08-14 13:03:32,20750.0,200,Buy,231550117
2024-08-14 13:03:38,20750.0,1000,Sell,231550224
2024-08-14 13:03:40,20750.0,100,Sell,231550256
2024-08-14 13:03:46,20750.0,400,Sell,231550427
2024-08-14 13:04:14,20800.0,1000,Buy,231550984
2024-08-14 13:04:14,20800.0,1600,Buy,231550983
2024-08-14 13:04:14,20800.0,300,Buy,231550979
2024-08-14 13:04:14,20800.0,500,Buy,231550981
2024-08-14 13:04:14,20800.0,1000,Buy,231550980
2024-08-14 13:04:14,20800.0,200,Buy,231550982
2024-08-14 13:04:33,20800.0,400,Sell,231551353
2024-08-14 13:04:52,20800.0,200,Sell,231551742
2024-08-14 13:04:52,20750.0,800,Sell,231551744
2024-08-14 13:05:09,20750.0,500,Sell,231552067
2024-08-14 13:05:31,20750.0,100,Sell,231552459
2024-08-14 13:05:37,20800.0,2000,Buy,231552538
2024-08-14 13:05:37,20800.0,200,Buy,231552539
2024-08-14 13:05:37,20800.0,2000,Buy,231552540
2024-08-14 13:05:37,20800.0,500,Buy,231552541
2024-08-14 13:05:37,20800.0,6300,Buy,231552542
2024-08-14 13:05:44,20750.0,2000,Sell,231552722
2024-08-14 13:05:55,20800.0,200,Buy,231552915
2024-08-14 13:05:55,20800.0,100,Buy,231552914
2024-08-14 13:05:55,20800.0,700,Buy,231552913
2024-08-14 13:06:02,20750.0,500,Sell,231553060
2024-08-14 13:06:14,20750.0,100,Sell,231553403
2024-08-14 13:06:26,20800.0,800,Buy,231553600
2024-08-14 13:06:26,20800.0,1700,Buy,231553601
2024-08-14 13:06:27,20750.0,400,Sell,231553642
2024-08-14 13:06:31,20750.0,2100,Sell,231553721
2024-08-14 13:06:31,20750.0,500,Sell,231553722
2024-08-14 13:06:31,20750.0,100,Sell,231553723
2024-08-14 13:06:31,20750.0,400,Sell,231553725
2024-08-14 13:06:31,20750.0,300,Sell,231553726
2024-08-14 13:06:31,20750.0,500,Sell,231553727
2024-08-14 13:06:31,20750.0,1000,Sell,231553728
2024-08-14 13:06:31,20750.0,100,Sell,231553724
2024-08-14 13:06:38,20750.0,100,Sell,231553930
2024-08-14 13:06:43,20750.0,100,Sell,231554030
2024-08-14 13:06:46,20750.0,1000,Sell,231554094
2024-08-14 13:06:46,20750.0,800,Sell,231554095
2024-08-14 13:06:46,20750.0,100,Sell,231554093
2024-08-14 13:06:46,20750.0,100,Sell,231554091
2024-08-14 13:06:46,20750.0,1800,Sell,231554090
2024-08-14 13:06:46,20750.0,5000,Sell,231554092
2024-08-14 13:06:49,20750.0,500,Sell,231554148
2024-08-14 13:06:50,20750.0,3700,Sell,231554183
2024-08-14 13:06:50,20750.0,100,Sell,231554184
2024-08-14 13:07:05,20700.0,400,Sell,231554517
2024-08-14 13:07:05,20700.0,200,Sell,231554518
2024-08-14 13:07:05,20700.0,1900,Sell,231554519
2024-08-14 13:07:06,20750.0,1000,Buy,231554535
2024-08-14 13:07:06,20750.0,1600,Buy,231554536
2024-08-14 13:07:08,20750.0,2000,Sell,231554579
2024-08-14 13:07:11,20750.0,2000,Sell,231554632
2024-08-14 13:07:27,20800.0,300,Buy,231554972
2024-08-14 13:07:37,20750.0,1400,Sell,231555167
2024-08-14 13:07:37,20750.0,1600,Sell,231555168
2024-08-14 13:07:39,20750.0,600,Sell,231555283
2024-08-14 13:07:39,20750.0,100,Sell,231555284
2024-08-14 13:07:39,20800.0,100,Buy,231555280
2024-08-14 13:07:39,20750.0,6400,Sell,231555282
2024-08-14 13:07:56,20750.0,5400,Buy,231555609
2024-08-14 13:07:56,20750.0,2800,Buy,231555610
2024-08-14 13:07:56,20750.0,5000,Buy,231555611
2024-08-14 13:07:56,20750.0,1000,Buy,231555612
2024-08-14 13:08:00,20750.0,200,Sell,231555706
2024-08-14 13:08:10,20750.0,600,Sell,231555855
2024-08-14 13:08:10,20750.0,300,Sell,231555856
2024-08-14 13:08:10,20750.0,100,Buy,231555857
2024-08-14 13:08:13,20750.0,100,Sell,231555901
2024-08-14 13:08:19,20750.0,200,Sell,231556219
2024-08-14 13:08:19,20750.0,1800,Sell,231556218
2024-08-14 13:08:48,20750.0,500,Sell,231556863
2024-08-14 13:08:51,20750.0,100,Sell,231556927
2024-08-14 13:08:59,20750.0,200,Sell,231557049
2024-08-14 13:09:02,20800.0,600,Buy,231557089
2024-08-14 13:09:05,20800.0,100,Buy,231557144
2024-08-14 13:09:05,20750.0,700,Sell,231557157
2024-08-14 13:09:18,20750.0,1000,Sell,231557315
2024-08-14 13:09:21,20800.0,100,Buy,231557355
2024-08-14 13:09:30,20750.0,1000,Sell,231557530
2024-08-14 13:09:49,20750.0,300,Sell,231557885
2024-08-14 13:09:55,20750.0,500,Sell,231557955
2024-08-14 13:09:55,20750.0,500,Sell,231557957
2024-08-14 13:09:55,20750.0,6000,Sell,231557954
2024-08-14 13:09:55,20750.0,1000,Sell,231557956
2024-08-14 13:09:56,20750.0,200,Sell,231557974
2024-08-14 13:09:58,20750.0,300,Sell,231558056
2024-08-14 13:09:58,20750.0,500,Sell,231558058
2024-08-14 13:09:58,20750.0,800,Sell,231558054
2024-08-14 13:09:58,20750.0,400,Sell,231558057
2024-08-14 13:10:02,20750.0,3000,Buy,231558152
2024-08-14 13:10:31,20750.0,300,Sell,231558693
2024-08-14 13:10:31,20750.0,200,Sell,231558694
2024-08-14 13:10:35,20750.0,100,Sell,231558790
2024-08-14 13:11:05,20750.0,900,Sell,231559408
2024-08-14 13:11:23,20750.0,1200,Sell,231559764
2024-08-14 13:11:34,20800.0,100,Buy,231560003
2024-08-14 13:11:34,20800.0,2100,Buy,231559997
2024-08-14 13:11:34,20800.0,500,Buy,231559998
2024-08-14 13:11:34,20800.0,1500,Buy,231559999
2024-08-14 13:11:34,20800.0,5000,Buy,231560000
2024-08-14 13:11:34,20800.0,500,Buy,231560001
2024-08-14 13:11:34,20800.0,200,Buy,231560002
2024-08-14 13:11:40,20800.0,5100,Sell,231560080
2024-08-14 13:11:42,20800.0,500,Buy,231560171
2024-08-14 13:11:48,20800.0,100,Buy,231560262
2024-08-14 13:11:56,20800.0,3000,Buy,231560421
2024-08-14 13:11:56,20800.0,9000,Buy,231560422
2024-08-14 13:11:56,20800.0,800,Buy,231560420
2024-08-14 13:11:57,20800.0,1000,Sell,231560430
2024-08-14 13:12:02,20800.0,1200,Sell,231560573
2024-08-14 13:12:02,20750.0,3800,Sell,231560574
2024-08-14 13:12:14,20750.0,1000,Sell,231560836
2024-08-14 13:12:14,20750.0,5000,Sell,231560839
2024-08-14 13:12:16,20750.0,200,Sell,231560896
2024-08-14 13:12:19,20800.0,300,Sell,231560966
2024-08-14 13:12:22,20800.0,300,Sell,231561020
2024-08-14 13:12:28,20800.0,400,Sell,231561135
2024-08-14 13:12:34,20800.0,600,Buy,231561204
2024-08-14 13:12:34,20800.0,4400,Buy,231561205
2024-08-14 13:12:39,20800.0,100,Buy,231561290
2024-08-14 13:12:39,20800.0,1000,Buy,231561289
2024-08-14 13:12:39,20800.0,900,Buy,231561288
2024-08-14 13:12:59,20800.0,100,Buy,231561660
2024-08-14 13:12:59,20800.0,9900,Buy,231561661
2024-08-14 13:13:03,20800.0,100,Buy,231561719
2024-08-14 13:13:03,20800.0,400,Buy,231561720
2024-08-14 13:13:11,20750.0,100,Sell,231561840
2024-08-14 13:13:20,20800.0,4600,Buy,231561973
2024-08-14 13:13:20,20800.0,100,Buy,231561974
2024-08-14 13:13:20,20800.0,200,Buy,231561975
2024-08-14 13:13:20,20800.0,400,Buy,231561976
2024-08-14 13:13:20,20800.0,2000,Buy,231561977
2024-08-14 13:13:20,20800.0,1000,Buy,231561978
2024-08-14 13:13:20,20800.0,1000,Buy,231561979
2024-08-14 13:13:20,20800.0,4200,Buy,231561980
2024-08-14 13:13:20,20800.0,2000,Buy,231561981
2024-08-14 13:14:20,20850.0,3000,Buy,231563349
2024-08-14 13:14:20,20850.0,100,Buy,231563350
2024-08-14 13:14:20,20850.0,1900,Buy,231563351
2024-08-14 13:14:21,20800.0,100,Sell,231563370
2024-08-14 13:14:21,20800.0,500,Sell,231563361
2024-08-14 13:14:32,20800.0,2000,Sell,231563754
2024-08-14 13:14:59,20800.0,100,Sell,231564544
2024-08-14 13:15:04,20800.0,100,Sell,231564688
2024-08-14 13:15:15,20800.0,700,Sell,231565068
2024-08-14 13:15:15,20800.0,200,Sell,231565069
2024-08-14 13:15:15,20800.0,100,Sell,231565070
2024-08-14 13:15:16,20800.0,500,Sell,231565083
2024-08-14 13:15:27,20800.0,1500,Sell,231565514
2024-08-14 13:15:27,20800.0,100,Sell,231565516
2024-08-14 13:15:27,20800.0,100,Sell,231565517
2024-08-14 13:15:27,20800.0,800,Sell,231565518
2024-08-14 13:15:27,20800.0,200,Sell,231565515
2024-08-14 13:15:38,20800.0,200,Sell,231565734
2024-08-14 13:15:38,20800.0,800,Sell,231565735
2024-08-14 13:15:49,20800.0,100,Sell,231566047
2024-08-14 13:15:54,20800.0,500,Sell,231566125
2024-08-14 13:16:00,20800.0,300,Sell,231566238
2024-08-14 13:16:01,20800.0,1500,Sell,231566261
2024-08-14 13:16:01,20800.0,300,Sell,231566260
2024-08-14 13:16:21,20800.0,500,Sell,231566714
2024-08-14 13:16:21,20800.0,3500,Sell,231566713
2024-08-14 13:16:22,20800.0,200,Sell,231566727
2024-08-14 13:16:26,20800.0,500,Buy,231566817
2024-08-14 13:16:46,20750.0,1000,Sell,231567362
2024-08-14 13:16:59,20800.0,100,Buy,231567626
2024-08-14 13:16:59,20800.0,100,Buy,231567633
2024-08-14 13:17:00,20800.0,100,Buy,231567679
2024-08-14 13:17:00,20800.0,100,Buy,231567680
2024-08-14 13:17:00,20800.0,100,Buy,231567681
2024-08-14 13:17:19,20800.0,100,Sell,231568103
2024-08-14 13:17:32,20750.0,6000,Sell,231568578
2024-08-14 13:17:32,20750.0,100,Sell,231568585
2024-08-14 13:17:32,20750.0,100,Sell,231568584
2024-08-14 13:17:32,20750.0,5000,Sell,231568583
2024-08-14 13:17:32,20750.0,100,Sell,231568582
2024-08-14 13:17:32,20750.0,200,Sell,231568581
2024-08-14 13:17:32,20750.0,1000,Sell,231568580
2024-08-14 13:17:32,20750.0,400,Sell,231568579
2024-08-14 13:17:32,20750.0,200,Sell,231568586
2024-08-14 13:17:32,20750.0,200,Sell,231568576
2024-08-14 13:17:32,20750.0,6000,Sell,231568574
2024-08-14 13:17:32,20750.0,100,Sell,231568573
2024-08-14 13:17:32,20750.0,5000,Sell,231568572
2024-08-14 13:17:32,20750.0,2000,Sell,231568571
2024-08-14 13:17:32,20750.0,100,Sell,231568570
2024-08-14 13:17:32,20750.0,100,Sell,231568569
2024-08-14 13:17:32,20750.0,500,Sell,231568568
2024-08-14 13:17:32,20800.0,9600,Sell,231568567
2024-08-14 13:17:32,20750.0,500,Sell,231568577
2024-08-14 13:17:32,20750.0,5000,Sell,231568575
2024-08-14 13:17:34,20750.0,300,Buy,231568644
2024-08-14 13:17:53,20700.0,100,Sell,231569364
2024-08-14 13:18:10,20700.0,100,Sell,231569920
2024-08-14 13:18:10,20700.0,900,Sell,231569921
2024-08-14 13:18:14,20750.0,500,Buy,231570041
2024-08-14 13:18:14,20750.0,7500,Buy,231570040
2024-08-14 13:18:15,20750.0,100,Sell,231570058
2024-08-14 13:18:18,20750.0,1000,Sell,231570122
2024-08-14 13:18:30,20750.0,300,Sell,231570360
2024-08-14 13:18:59,20750.0,1000,Sell,231571004
2024-08-14 13:19:00,20800.0,14000,Buy,231571121
2024-08-14 13:19:00,20800.0,500,Buy,231571119
2024-08-14 13:19:00,20800.0,500,Buy,231571120
2024-08-14 13:19:06,20800.0,1000,Buy,231571253
2024-08-14 13:19:08,20800.0,200,Buy,231571319
2024-08-14 13:19:08,20800.0,500,Buy,231571320
2024-08-14 13:19:08,20800.0,300,Buy,231571321
2024-08-14 13:19:12,20800.0,200,Buy,231571537
2024-08-14 13:19:12,20800.0,300,Buy,231571538
2024-08-14 13:19:41,20800.0,200,Buy,231572320
2024-08-14 13:19:42,20800.0,500,Buy,231572343
2024-08-14 13:19:45,20800.0,500,Buy,231572444
2024-08-14 13:19:51,20800.0,200,Buy,231572634
2024-08-14 13:20:20,20800.0,100,Buy,231573480
2024-08-14 13:20:38,20800.0,100,Buy,231573956
2024-08-14 13:20:52,20750.0,1000,Sell,231574327
2024-08-14 13:20:55,20800.0,500,Buy,231574382
2024-08-14 13:20:58,20800.0,500,Buy,231574444
2024-08-14 13:20:58,20800.0,100,Buy,231574451
2024-08-14 13:20:58,20800.0,2000,Buy,231574450
2024-08-14 13:20:58,20800.0,1000,Buy,231574449
2024-08-14 13:20:58,20800.0,1600,Buy,231574443
2024-08-14 13:20:58,20800.0,100,Buy,231574447
2024-08-14 13:20:58,20800.0,200,Buy,231574446
2024-08-14 13:20:58,20800.0,400,Buy,231574445
2024-08-14 13:20:58,20800.0,100,Buy,231574448
2024-08-14 13:21:19,20800.0,100,Buy,231575254
2024-08-14 13:21:24,20800.0,100,Buy,231575356
2024-08-14 13:21:33,20800.0,200,Buy,231575541
2024-08-14 13:21:33,20800.0,300,Buy,231575542
2024-08-14 13:21:34,20800.0,200,Buy,231575557
2024-08-14 13:21:34,20800.0,2800,Buy,231575554
2024-08-14 13:21:34,20800.0,5000,Buy,231575555
2024-08-14 13:21:34,20800.0,1000,Buy,231575556
2024-08-14 13:22:09,20800.0,700,Buy,231576200
2024-08-14 13:22:09,20800.0,1300,Buy,231576201
2024-08-14 13:22:27,20750.0,1600,Sell,231576698
2024-08-14 13:22:36,20800.0,200,Buy,231576899
2024-08-14 13:22:47,20800.0,100,Buy,231577133
2024-08-14 13:22:51,20750.0,10000,Sell,231577224
2024-08-14 13:22:51,20750.0,100,Sell,231577225
2024-08-14 13:22:51,20750.0,500,Sell,231577226
2024-08-14 13:22:51,20750.0,100,Sell,231577227
2024-08-14 13:22:51,20750.0,5000,Sell,231577228
2024-08-14 13:22:51,20750.0,100,Sell,231577229
2024-08-14 13:22:51,20750.0,100,Sell,231577230
2024-08-14 13:22:51,20750.0,200,Sell,231577231
2024-08-14 13:22:51,20750.0,100,Sell,231577232
2024-08-14 13:22:51,20750.0,200,Sell,231577233
2024-08-14 13:22:51,20750.0,100,Sell,231577234
2024-08-14 13:22:51,20750.0,200,Sell,231577235
2024-08-14 13:22:51,20750.0,1300,Sell,231577236
2024-08-14 13:22:51,20750.0,2000,Sell,231577223
2024-08-14 13:22:59,20750.0,2000,Sell,231577404
2024-08-14 13:22:59,20750.0,100,Sell,231577406
2024-08-14 13:22:59,20750.0,100,Sell,231577405
2024-08-14 13:22:59,20750.0,4700,Sell,231577402
2024-08-14 13:22:59,20750.0,100,Sell,231577403
2024-08-14 13:23:05,20750.0,700,Sell,231577577
2024-08-14 13:23:17,20750.0,200,Sell,231577791
2024-08-14 13:23:17,20750.0,100,Sell,231577790
2024-08-14 13:23:17,20750.0,300,Sell,231577792
2024-08-14 13:23:17,20750.0,1000,Sell,231577788
2024-08-14 13:23:17,20750.0,1000,Sell,231577787
2024-08-14 13:23:17,20750.0,100,Sell,231577786
2024-08-14 13:23:17,20750.0,100,Sell,231577789
2024-08-14 13:23:20,20750.0,300,Buy,231577832
2024-08-14 13:23:25,20750.0,200,Sell,231577906
2024-08-14 13:23:47,20750.0,200,Buy,231578447
2024-08-14 13:23:47,20700.0,100,Sell,231578466
2024-08-14 13:23:55,20700.0,100,Sell,231578611
2024-08-14 13:23:55,20700.0,900,Sell,231578612
2024-08-14 13:24:03,20750.0,300,Sell,231578739
2024-08-14 13:24:03,20700.0,200,Sell,231578740
2024-08-14 13:24:11,20800.0,1000,Buy,231578938
2024-08-14 13:24:12,20700.0,1900,Sell,231578950
2024-08-14 13:24:12,20750.0,100,Sell,231578949
2024-08-14 13:24:18,20750.0,2000,Sell,231579046
2024-08-14 13:24:20,20750.0,28000,Buy,231579087
2024-08-14 13:24:20,20800.0,2000,Buy,231579088
2024-08-14 13:24:29,20750.0,3000,Buy,231579296
2024-08-14 13:24:31,20750.0,10000,Sell,231579317
2024-08-14 13:24:50,20750.0,500,Sell,231579605
2024-08-14 13:24:59,20750.0,1000,Sell,231579758
2024-08-14 13:25:05,20750.0,100,Sell,231579880
2024-08-14 13:25:18,20750.0,13400,Sell,231580185
2024-08-14 13:25:18,20750.0,200,Sell,231580186
2024-08-14 13:25:20,20750.0,100,Buy,231580238
2024-08-14 13:25:34,20750.0,100,Buy,231580500
2024-08-14 13:25:53,20700.0,200,Sell,231580844
2024-08-14 13:26:07,20750.0,1000,Buy,231581165
2024-08-14 13:26:07,20750.0,1000,Buy,231581164
2024-08-14 13:26:07,20750.0,4000,Buy,231581163
2024-08-14 13:26:07,20750.0,200,Buy,231581162
2024-08-14 13:26:07,20750.0,1100,Buy,231581160
2024-08-14 13:26:07,20750.0,200,Buy,231581159
2024-08-14 13:26:07,20750.0,4200,Buy,231581158
2024-08-14 13:26:07,20750.0,1000,Buy,231581161
2024-08-14 13:26:14,20750.0,2000,Sell,231581270
2024-08-14 13:26:17,20750.0,4000,Sell,231581435
2024-08-14 13:26:24,20750.0,1000,Sell,231581721
2024-08-14 13:26:31,20750.0,600,Sell,231581865
2024-08-14 13:26:36,20750.0,1000,Sell,231581965
2024-08-14 13:26:41,20750.0,4000,Sell,231582121
2024-08-14 13:26:41,20750.0,1600,Sell,231582130
2024-08-14 13:26:44,20750.0,1600,Sell,231582226
2024-08-14 13:26:44,20750.0,300,Sell,231582247
2024-08-14 13:26:45,20750.0,1200,Sell,231582256
2024-08-14 13:26:45,20750.0,3800,Sell,231582257
2024-08-14 13:27:02,20750.0,900,Sell,231582685
2024-08-14 13:27:03,20750.0,1600,Sell,231582698
2024-08-14 13:27:04,20750.0,100,Sell,231582711
2024-08-14 13:27:04,20750.0,400,Sell,231582710
2024-08-14 13:27:04,20750.0,2300,Sell,231582708
2024-08-14 13:27:04,20750.0,100,Sell,231582709
2024-08-14 13:27:15,20750.0,200,Buy,231583100
2024-08-14 13:27:15,20750.0,100,Buy,231583101
2024-08-14 13:27:19,20750.0,500,Buy,231583203
2024-08-14 13:27:19,20750.0,500,Buy,231583204
2024-08-14 13:27:24,20750.0,300,Sell,231583298
2024-08-14 13:27:24,20750.0,28700,Sell,231583334
2024-08-14 13:27:32,20750.0,200,Buy,231583570
2024-08-14 13:27:33,20750.0,500,Buy,231583585
2024-08-14 13:27:34,20750.0,20600,Buy,231583599
2024-08-14 13:27:36,20750.0,1700,Sell,231583680
2024-08-14 13:27:48,20750.0,200,Sell,231583967
2024-08-14 13:28:00,20800.0,900,Buy,231584462
2024-08-14 13:28:00,20800.0,100,Buy,231584463
2024-08-14 13:28:00,20800.0,400,Buy,231584464
2024-08-14 13:28:24,20750.0,4000,Sell,231585029
2024-08-14 13:28:34,20800.0,100,Buy,231585310
2024-08-14 13:28:44,20800.0,1000,Buy,231585552
2024-08-14 13:29:03,20800.0,400,Buy,231585992
2024-08-14 13:29:05,20800.0,2000,Buy,231586017
2024-08-14 13:29:06,20800.0,100,Buy,231586047
2024-08-14 13:29:06,20800.0,200,Buy,231586049
2024-08-14 13:29:16,20800.0,100,Buy,231586231
2024-08-14 13:29:49,20800.0,1300,Buy,231587329
2024-08-14 13:29:49,20800.0,5000,Buy,231587328
2024-08-14 13:29:49,20800.0,400,Buy,231587327
2024-08-14 13:29:49,20800.0,1000,Buy,231587322
2024-08-14 13:29:49,20800.0,100,Buy,231587325
2024-08-14 13:29:49,20800.0,100,Buy,231587324
2024-08-14 13:29:49,20800.0,600,Buy,231587323
2024-08-14 13:29:49,20800.0,200,Buy,231587321
2024-08-14 13:29:49,20800.0,300,Buy,231587326
2024-08-14 13:29:49,20800.0,500,Buy,231587319
2024-08-14 13:29:49,20800.0,5700,Buy,231587311
2024-08-14 13:29:49,20800.0,500,Buy,231587312
2024-08-14 13:29:49,20800.0,500,Buy,231587313
2024-08-14 13:29:49,20800.0,500,Buy,231587314
2024-08-14 13:29:49,20800.0,500,Buy,231587320
2024-08-14 13:29:49,20800.0,200,Buy,231587316
2024-08-14 13:29:49,20800.0,100,Buy,231587317
2024-08-14 13:29:49,20800.0,500,Buy,231587318
2024-08-14 13:29:49,20800.0,2000,Buy,231587315
2024-08-14 13:29:50,20750.0,100,Sell,231587364
2024-08-14 13:29:56,20800.0,1000,Buy,231587514
2024-08-14 13:29:56,20800.0,1000,Buy,231587513
2024-08-14 13:30:32,20800.0,100,Sell,231588445
2024-08-14 13:30:35,20800.0,100,Sell,231588565
2024-08-14 13:30:35,20800.0,100,Sell,231588566
2024-08-14 13:30:35,20800.0,200,Sell,231588567
2024-08-14 13:30:35,20800.0,300,Sell,231588568
2024-08-14 13:30:35,20800.0,100,Sell,231588569
2024-08-14 13:30:44,20800.0,700,Buy,231588724
2024-08-14 13:30:44,20800.0,200,Buy,231588722
2024-08-14 13:30:44,20800.0,100,Buy,231588723
2024-08-14 13:31:01,20800.0,25700,Buy,231589194
2024-08-14 13:31:01,20800.0,4300,Buy,231589193
2024-08-14 13:31:16,20800.0,100,Buy,231589727
2024-08-14 13:31:33,20800.0,100,Buy,231590030
2024-08-14 13:31:55,20800.0,500,Buy,231590561
2024-08-14 13:31:59,20800.0,300,Buy,231590621
2024-08-14 13:32:02,20800.0,200,Buy,231590690
2024-08-14 13:32:16,20800.0,1100,Buy,231591059
2024-08-14 13:32:16,20800.0,400,Buy,231591060
2024-08-14 13:32:17,20800.0,200,Buy,231591096
2024-08-14 13:32:18,20750.0,100,Sell,231591117
2024-08-14 13:32:22,20800.0,100,Buy,231591244
2024-08-14 13:32:22,20800.0,200,Buy,231591243
2024-08-14 13:32:26,20750.0,500,Sell,231591402
2024-08-14 13:32:43,20750.0,100,Sell,231592007
2024-08-14 13:32:49,20750.0,2000,Sell,231592253
2024-08-14 13:32:52,20750.0,500,Sell,231592431
2024-08-14 13:32:53,20750.0,1000,Sell,231592480
2024-08-14 13:32:58,20750.0,3000,Sell,231592613
2024-08-14 13:32:59,20750.0,100,Sell,231592621
2024-08-14 13:33:27,20800.0,200,Buy,231593250
2024-08-14 13:33:27,20800.0,5000,Buy,231593249
2024-08-14 13:33:27,20800.0,100,Buy,231593247
2024-08-14 13:33:27,20800.0,600,Buy,231593248
2024-08-14 13:33:27,20800.0,300,Buy,231593245
2024-08-14 13:33:27,20800.0,300,Buy,231593242
2024-08-14 13:33:27,20800.0,10000,Buy,231593246
2024-08-14 13:33:27,20800.0,500,Buy,231593244
2024-08-14 13:33:27,20800.0,1000,Buy,231593243
2024-08-14 13:33:31,20750.0,2000,Sell,231593341
2024-08-14 13:33:32,20750.0,200,Sell,231593380
2024-08-14 13:33:35,20800.0,300,Buy,231593508
2024-08-14 13:33:35,20800.0,200,Buy,231593509
2024-08-14 13:33:36,20800.0,100,Buy,231593542
2024-08-14 13:33:36,20800.0,100,Buy,231593543
2024-08-14 13:33:37,20800.0,500,Sell,231593567
2024-08-14 13:33:42,20800.0,100,Buy,231593664
2024-08-14 13:33:53,20800.0,100,Buy,231593925
2024-08-14 13:33:55,20800.0,100,Buy,231593948
2024-08-14 13:33:57,20800.0,100,Buy,231594081
2024-08-14 13:33:58,20800.0,100,Buy,231594108
2024-08-14 13:34:00,20800.0,100,Buy,231594152
2024-08-14 13:34:02,20800.0,100,Buy,231594197
2024-08-14 13:34:08,20800.0,200,Buy,231594379
2024-08-14 13:34:28,20750.0,5000,Sell,231594879
2024-08-14 13:34:30,20800.0,100,Buy,231594926
2024-08-14 13:34:46,20800.0,800,Buy,231595245
2024-08-14 13:34:46,20800.0,200,Buy,231595244
2024-08-14 13:34:51,20750.0,1000,Sell,231595411
2024-08-14 13:34:55,20800.0,100,Buy,231595524
2024-08-14 13:35:26,20750.0,100,Sell,231596374
2024-08-14 13:35:26,20750.0,500,Sell,231596373
2024-08-14 13:35:26,20750.0,100,Sell,231596372
2024-08-14 13:35:26,20750.0,1000,Sell,231596371
2024-08-14 13:35:26,20750.0,100,Sell,231596370
2024-08-14 13:35:26,20750.0,500,Sell,231596369
2024-08-14 13:35:26,20750.0,200,Sell,231596367
2024-08-14 13:35:26,20750.0,5000,Sell,231596366
2024-08-14 13:35:26,20750.0,4000,Sell,231596365
2024-08-14 13:35:26,20750.0,2000,Sell,231596364
2024-08-14 13:35:26,20750.0,300,Sell,231596363
2024-08-14 13:35:26,20750.0,27900,Sell,231596362
2024-08-14 13:35:26,20750.0,200,Sell,231596368
2024-08-14 13:35:54,20750.0,100,Sell,231597163
2024-08-14 13:36:00,20750.0,100,Sell,231597418
2024-08-14 13:36:03,20800.0,100,Buy,231597480
2024-08-14 13:36:11,20750.0,1000,Sell,231597853
2024-08-14 13:36:26,20750.0,100,Sell,231598345
2024-08-14 13:36:27,20750.0,100,Sell,231598364
2024-08-14 13:36:27,20750.0,200,Sell,231598365
2024-08-14 13:36:27,20750.0,100,Sell,231598366
2024-08-14 13:36:27,20750.0,100,Sell,231598367
2024-08-14 13:36:27,20750.0,32000,Sell,231598368
2024-08-14 13:36:27,20750.0,17500,Sell,231598369
2024-08-14 13:36:29,20750.0,100,Sell,231598427
2024-08-14 13:36:45,20750.0,100,Sell,231598896
2024-08-14 13:36:45,20750.0,400,Sell,231598897
2024-08-14 13:36:46,20750.0,1100,Sell,231598924
2024-08-14 13:36:46,20750.0,400,Sell,231598925
2024-08-14 13:36:48,20750.0,600,Sell,231598978
2024-08-14 13:36:48,20750.0,100,Sell,231598979
2024-08-14 13:36:48,20750.0,100,Sell,231598980
2024-08-14 13:36:57,20750.0,1500,Buy,231599270
2024-08-14 13:36:59,20750.0,300,Buy,231599315
2024-08-14 13:37:02,20750.0,100,Buy,231599373
2024-08-14 13:37:08,20750.0,500,Buy,231599696
2024-08-14 13:37:08,20750.0,100,Buy,231599695
2024-08-14 13:37:08,20750.0,21000,Buy,231599694
2024-08-14 13:37:08,20750.0,100,Buy,231599690
2024-08-14 13:37:08,20750.0,2000,Buy,231599692
2024-08-14 13:37:08,20750.0,4000,Buy,231599691
2024-08-14 13:37:08,20750.0,1000,Buy,231599689
2024-08-14 13:37:08,20750.0,20000,Buy,231599693
2024-08-14 13:37:09,20750.0,1300,Sell,231599715
2024-08-14 13:37:26,20700.0,4800,Sell,231600243
2024-08-14 13:37:26,20700.0,500,Sell,231600244
2024-08-14 13:37:26,20700.0,500,Sell,231600245
2024-08-14 13:37:26,20700.0,4200,Sell,231600246
2024-08-14 13:37:27,20750.0,100,Buy,231600255
2024-08-14 13:37:39,20750.0,300,Buy,231600543
2024-08-14 13:37:39,20750.0,2000,Buy,231600544
2024-08-14 13:37:39,20750.0,14200,Buy,231600545
2024-08-14 13:37:39,20750.0,3500,Buy,231600542
2024-08-14 13:37:44,20700.0,600,Sell,231600679
2024-08-14 13:37:45,20750.0,100,Buy,231600706
2024-08-14 13:37:52,20750.0,2300,Buy,231600897
2024-08-14 13:37:52,20750.0,5700,Buy,231600894
2024-08-14 13:37:52,20750.0,100,Buy,231600895
2024-08-14 13:37:52,20750.0,100,Buy,231600896
2024-08-14 13:37:53,20750.0,100,Sell,231600921
2024-08-14 13:37:54,20750.0,4100,Sell,231600962
2024-08-14 13:37:54,20700.0,200,Sell,231600963
2024-08-14 13:37:54,20700.0,200,Sell,231600964
2024-08-14 13:37:54,20700.0,300,Sell,231600965
2024-08-14 13:37:54,20700.0,100,Sell,231600966
2024-08-14 13:37:54,20700.0,45100,Sell,231600967
2024-08-14 13:38:00,20750.0,100,Sell,231601077
2024-08-14 13:38:08,20750.0,700,Buy,231601243
2024-08-14 13:38:24,20700.0,500,Sell,231601706
2024-08-14 13:38:26,20750.0,100,Buy,231601726
2024-08-14 13:38:29,20700.0,7000,Sell,231601794
2024-08-14 13:38:29,20700.0,900,Sell,231601795
2024-08-14 13:38:30,20750.0,100,Buy,231601829
2024-08-14 13:38:41,20750.0,600,Buy,231602078
2024-08-14 13:38:41,20750.0,400,Buy,231602077
2024-08-14 13:38:41,20750.0,1000,Buy,231602076
2024-08-14 13:38:41,20750.0,6400,Buy,231602075
2024-08-14 13:38:41,20750.0,1600,Buy,231602074
2024-08-14 13:39:02,20700.0,4100,Sell,231602683
2024-08-14 13:39:02,20700.0,500,Sell,231602684
2024-08-14 13:39:02,20700.0,100,Sell,231602685
2024-08-14 13:39:02,20700.0,500,Sell,231602686
2024-08-14 13:39:02,20700.0,200,Sell,231602687
2024-08-14 13:39:02,20700.0,200,Sell,231602688
2024-08-14 13:39:02,20700.0,200,Sell,231602689
2024-08-14 13:39:02,20700.0,100,Sell,231602690
2024-08-14 13:39:02,20700.0,500,Sell,231602691
2024-08-14 13:39:02,20700.0,23600,Sell,231602692
2024-08-14 13:39:08,20700.0,5000,Sell,231602828
2024-08-14 13:39:18,20750.0,900,Buy,231603066
2024-08-14 13:39:18,20750.0,900,Buy,231603064
2024-08-14 13:39:18,20750.0,200,Buy,231603063
2024-08-14 13:39:18,20750.0,500,Buy,231603065
2024-08-14 13:39:18,20750.0,300,Buy,231603061
2024-08-14 13:39:18,20750.0,100,Buy,231603058
2024-08-14 13:39:18,20750.0,6700,Buy,231603062
2024-08-14 13:39:18,20750.0,200,Buy,231603060
2024-08-14 13:39:18,20750.0,300,Buy,231603059
2024-08-14 13:40:12,20750.0,100,Buy,231604314
2024-08-14 13:40:14,20750.0,100,Buy,231604408
2024-08-14 13:40:16,20750.0,200,Buy,231604447
2024-08-14 13:40:16,20750.0,700,Buy,231604448
2024-08-14 13:40:16,20750.0,100,Buy,231604449
2024-08-14 13:40:20,20750.0,3000,Buy,231604513
2024-08-14 13:40:20,20750.0,100,Buy,231604511
2024-08-14 13:40:20,20750.0,1000,Buy,231604512
2024-08-14 13:40:32,20750.0,100,Sell,231604801
2024-08-14 13:40:51,20750.0,200,Sell,231605347
2024-08-14 13:41:09,20800.0,200,Buy,231605779
2024-08-14 13:41:09,20750.0,15600,Sell,231605791
2024-08-14 13:41:09,20750.0,3700,Sell,231605792
2024-08-14 13:41:09,20750.0,100,Sell,231605793
2024-08-14 13:41:10,20750.0,100,Buy,231605818
2024-08-14 13:41:14,20750.0,200,Buy,231605905
2024-08-14 13:41:38,20750.0,100,Buy,231606388
2024-08-14 13:42:01,20700.0,100,Sell,231606936
2024-08-14 13:42:17,20700.0,1300,Sell,231607343
2024-08-14 13:42:17,20700.0,200,Sell,231607360
2024-08-14 13:42:17,20700.0,1000,Sell,231607359
2024-08-14 13:42:17,20700.0,200,Sell,231607358
2024-08-14 13:42:17,20700.0,100,Sell,231607357
2024-08-14 13:42:17,20700.0,300,Sell,231607356
2024-08-14 13:42:17,20700.0,100,Sell,231607355
2024-08-14 13:42:17,20700.0,300,Sell,231607354
2024-08-14 13:42:17,20700.0,500,Sell,231607353
2024-08-14 13:42:17,20700.0,100,Sell,231607352
2024-08-14 13:42:17,20700.0,500,Sell,231607350
2024-08-14 13:42:17,20700.0,200,Sell,231607349
2024-08-14 13:42:17,20700.0,1000,Sell,231607348
2024-08-14 13:42:17,20700.0,100,Sell,231607347
2024-08-14 13:42:17,20700.0,400,Sell,231607346
2024-08-14 13:42:17,20700.0,700,Sell,231607345
2024-08-14 13:42:17,20700.0,500,Sell,231607344
2024-08-14 13:42:17,20700.0,5000,Sell,231607351
2024-08-14 13:42:17,20700.0,200,Sell,231607361
2024-08-14 13:42:17,20700.0,100,Sell,231607362
2024-08-14 13:42:17,20700.0,300,Sell,231607368
2024-08-14 13:42:17,20700.0,100,Sell,231607363
2024-08-14 13:42:17,20700.0,25500,Sell,231607369
2024-08-14 13:42:19,20700.0,300,Sell,231607415
2024-08-14 13:42:23,20700.0,5000,Sell,231607492
2024-08-14 13:42:23,20700.0,100,Sell,231607498
2024-08-14 13:42:23,20700.0,500,Sell,231607497
2024-08-14 13:42:23,20700.0,100,Sell,231607496
2024-08-14 13:42:23,20700.0,4200,Sell,231607491
2024-08-14 13:42:23,20700.0,100,Sell,231607494
2024-08-14 13:42:23,20700.0,400,Sell,231607493
2024-08-14 13:42:23,20700.0,100,Sell,231607495
2024-08-14 13:42:26,20700.0,9500,Buy,231607656
2024-08-14 13:42:26,20700.0,1200,Buy,231607658
2024-08-14 13:42:26,20700.0,9100,Buy,231607659
2024-08-14 13:42:26,20700.0,1600,Buy,231607657
2024-08-14 13:42:36,20700.0,4000,Sell,231607898
2024-08-14 13:42:42,20700.0,600,Sell,231607976
2024-08-14 13:42:42,20700.0,1000,Sell,231607985
2024-08-14 13:42:45,20700.0,3000,Sell,231608052
2024-08-14 13:42:47,20700.0,1000,Sell,231608105
2024-08-14 13:42:50,20700.0,800,Sell,231608157
2024-08-14 13:43:32,20700.0,200,Buy,231609072
2024-08-14 13:43:47,20700.0,3000,Buy,231609487
2024-08-14 13:43:55,20650.0,700,Sell,231609679
2024-08-14 13:43:56,20700.0,2000,Buy,231609689
2024-08-14 13:43:56,20700.0,100,Buy,231609690
2024-08-14 13:43:56,20700.0,500,Buy,231609691
2024-08-14 13:43:56,20700.0,600,Buy,231609692
2024-08-14 13:43:58,20650.0,4300,Sell,231609726
2024-08-14 13:43:58,20650.0,100,Sell,231609727
2024-08-14 13:43:58,20650.0,500,Sell,231609729
2024-08-14 13:43:58,20650.0,500,Sell,231609730
2024-08-14 13:43:58,20650.0,100,Sell,231609731
2024-08-14 13:43:58,20650.0,19400,Sell,231609732
2024-08-14 13:43:58,20650.0,100,Sell,231609728
2024-08-14 13:44:09,20650.0,1000,Sell,231610010
2024-08-14 13:44:10,20650.0,300,Sell,231610042
2024-08-14 13:44:12,20650.0,1000,Sell,231610075
2024-08-14 13:44:12,20650.0,200,Sell,231610076
2024-08-14 13:44:12,20650.0,300,Sell,231610074
2024-08-14 13:44:12,20650.0,9300,Sell,231610072
2024-08-14 13:44:12,20650.0,1200,Sell,231610073
2024-08-14 13:44:14,20650.0,100,Sell,231610102
2024-08-14 13:44:31,20650.0,400,Buy,231610457
2024-08-14 13:44:31,20650.0,4800,Buy,231610458
2024-08-14 13:44:35,20650.0,12500,Sell,231610530
2024-08-14 13:44:37,20650.0,2300,Sell,231610565
2024-08-14 13:44:40,20600.0,2000,Sell,231610619
2024-08-14 13:44:41,20600.0,2000,Sell,231610626
2024-08-14 13:44:41,20600.0,5000,Sell,231610627
2024-08-14 13:44:50,20600.0,300,Sell,231610807
2024-08-14 13:44:51,20600.0,1000,Sell,231610856
2024-08-14 13:44:51,20600.0,900,Sell,231610857
2024-08-14 13:44:51,20600.0,500,Sell,231610858
2024-08-14 13:44:51,20600.0,100,Sell,231610859
2024-08-14 13:44:51,20600.0,1000,Sell,231610863
2024-08-14 13:44:51,20600.0,500,Sell,231610861
2024-08-14 13:44:51,20600.0,1000,Sell,231610862
2024-08-14 13:44:51,20600.0,2200,Sell,231610855
2024-08-14 13:44:51,20600.0,100,Sell,231610864
2024-08-14 13:44:51,20600.0,100,Sell,231610860
2024-08-14 13:44:51,20600.0,200,Sell,231610854
2024-08-14 13:44:51,20600.0,500,Sell,231610851
2024-08-14 13:44:51,20600.0,500,Sell,231610852
2024-08-14 13:44:51,20600.0,100,Sell,231610849
2024-08-14 13:44:51,20600.0,500,Sell,231610848
2024-08-14 13:44:51,20600.0,100,Sell,231610847
2024-08-14 13:44:51,20600.0,500,Sell,231610846
2024-08-14 13:44:51,20600.0,500,Sell,231610845
2024-08-14 13:44:51,20600.0,100,Sell,231610844
2024-08-14 13:44:51,20600.0,5900,Sell,231610843
2024-08-14 13:44:51,20600.0,700,Sell,231610842
2024-08-14 13:44:51,20600.0,200,Sell,231610853
2024-08-14 13:44:51,20600.0,500,Sell,231610850
2024-08-14 13:45:03,20550.0,100,Sell,231611149
2024-08-14 13:45:04,20550.0,100,Sell,231611158
2024-08-14 13:45:04,20550.0,4900,Sell,231611157
2024-08-14 13:45:06,20550.0,200,Sell,231611211
2024-08-14 13:45:10,20600.0,200,Buy,231611277
2024-08-14 13:45:16,20550.0,1000,Sell,231611432
2024-08-14 13:45:16,20550.0,200,Sell,231611405
2024-08-14 13:45:16,20550.0,1500,Sell,231611406
2024-08-14 13:45:22,20550.0,400,Sell,231611595
2024-08-14 13:45:22,20600.0,2100,Buy,231611597
2024-08-14 13:45:22,20600.0,500,Buy,231611598
2024-08-14 13:45:22,20600.0,500,Buy,231611599
2024-08-14 13:45:22,20600.0,1000,Buy,231611600
2024-08-14 13:45:22,20600.0,400,Buy,231611601
2024-08-14 13:45:22,20600.0,1000,Buy,231611602
2024-08-14 13:45:22,20600.0,1500,Buy,231611603
2024-08-14 13:45:22,20600.0,300,Buy,231611604
2024-08-14 13:45:22,20600.0,100,Buy,231611605
2024-08-14 13:45:22,20600.0,1000,Buy,231611606
2024-08-14 13:45:22,20600.0,400,Buy,231611607
2024-08-14 13:45:22,20650.0,1000,Buy,231611608
2024-08-14 13:45:22,20650.0,200,Buy,231611609
2024-08-14 13:45:36,20550.0,3300,Sell,231612075
2024-08-14 13:45:36,20550.0,2100,Sell,231612073
2024-08-14 13:45:36,20550.0,100,Sell,231612074
2024-08-14 13:45:37,20600.0,100,Buy,231612093
2024-08-14 13:45:45,20550.0,100,Sell,231612289
2024-08-14 13:45:56,20550.0,7000,Sell,231612538
2024-08-14 13:45:57,20550.0,1000,Sell,231612553
2024-08-14 13:46:01,20550.0,1000,Sell,231612761
2024-08-14 13:46:08,20550.0,5000,Sell,231613141
2024-08-14 13:46:15,20550.0,1000,Sell,231613369
2024-08-14 13:46:17,20550.0,100,Sell,231613407
2024-08-14 13:46:35,20550.0,1500,Sell,231614054
2024-08-14 13:46:37,20550.0,2500,Sell,231614094
2024-08-14 13:46:38,20600.0,200,Buy,231614120
2024-08-14 13:46:42,20550.0,300,Sell,231614321
2024-08-14 13:46:45,20550.0,4000,Sell,231614443
2024-08-14 13:46:47,20550.0,1700,Sell,231614499
2024-08-14 13:46:48,20550.0,4300,Sell,231614511
2024-08-14 13:46:48,20550.0,2900,Sell,231614510
2024-08-14 13:46:48,20550.0,700,Sell,231614509
2024-08-14 13:46:48,20550.0,100,Sell,231614508
2024-08-14 13:46:48,20550.0,2200,Sell,231614507
2024-08-14 13:46:48,20550.0,500,Sell,231614505
2024-08-14 13:46:48,20550.0,1500,Sell,231614503
2024-08-14 13:46:48,20550.0,200,Sell,231614506
2024-08-14 13:46:48,20550.0,100,Sell,231614504
2024-08-14 13:46:49,20550.0,100,Sell,231614584
2024-08-14 13:46:53,20500.0,100,Sell,231614684
2024-08-14 13:46:53,20500.0,300,Sell,231614683
2024-08-14 13:46:53,20500.0,100,Sell,231614682
2024-08-14 13:46:53,20500.0,100,Sell,231614681
2024-08-14 13:46:53,20500.0,2000,Sell,231614680
2024-08-14 13:46:53,20500.0,1500,Sell,231614669
2024-08-14 13:46:53,20500.0,2000,Sell,231614678
2024-08-14 13:46:53,20500.0,200,Sell,231614675
2024-08-14 13:46:53,20500.0,2000,Sell,231614674
2024-08-14 13:46:53,20500.0,4000,Sell,231614673
2024-08-14 13:46:53,20500.0,5000,Sell,231614672
2024-08-14 13:46:53,20500.0,2900,Sell,231614671
2024-08-14 13:46:53,20500.0,2000,Sell,231614670
2024-08-14 13:46:53,20500.0,100,Sell,231614679
2024-08-14 13:46:53,20500.0,5000,Sell,231614668
2024-08-14 13:46:53,20500.0,300,Sell,231614666
2024-08-14 13:46:53,20550.0,600,Sell,231614654
2024-08-14 13:46:53,20500.0,1000,Sell,231614655
2024-08-14 13:46:53,20500.0,100,Sell,231614656
2024-08-14 13:46:53,20500.0,100,Sell,231614657
2024-08-14 13:46:53,20500.0,1000,Sell,231614667
2024-08-14 13:46:53,20500.0,1000,Sell,231614659
2024-08-14 13:46:53,20500.0,100,Sell,231614658
2024-08-14 13:46:53,20500.0,100,Sell,231614661
2024-08-14 13:46:53,20500.0,300,Sell,231614662
2024-08-14 13:46:53,20500.0,500,Sell,231614663
2024-08-14 13:46:53,20500.0,100,Sell,231614664
2024-08-14 13:46:53,20500.0,500,Sell,231614665
2024-08-14 13:46:53,20500.0,1000,Sell,231614660
2024-08-14 13:46:54,20450.0,1800,Sell,231614709
2024-08-14 13:47:08,20400.0,200,Sell,231615156
2024-08-14 13:47:08,20400.0,100,Sell,231615155
2024-08-14 13:47:08,20400.0,300,Sell,231615157
2024-08-14 13:47:08,20400.0,100,Sell,231615153
2024-08-14 13:47:08,20400.0,1200,Sell,231615154
2024-08-14 13:47:08,20400.0,100,Sell,231615140
2024-08-14 13:47:11,20450.0,100,Buy,231615295
2024-08-14 13:47:13,20450.0,200,Buy,231615360
2024-08-14 13:47:16,20450.0,500,Sell,231615513
2024-08-14 13:47:17,20450.0,3000,Sell,231615655
2024-08-14 13:47:17,20450.0,100,Sell,231615650
2024-08-14 13:47:19,20450.0,100,Sell,231615718
2024-08-14 13:47:20,20450.0,1100,Sell,231615745
2024-08-14 13:47:21,20400.0,100,Sell,231615785
2024-08-14 13:47:21,20400.0,700,Sell,231615786
2024-08-14 13:47:26,20450.0,4900,Buy,231616148
2024-08-14 13:47:26,20450.0,300,Buy,231616150
2024-08-14 13:47:26,20450.0,1000,Buy,231616151
2024-08-14 13:47:26,20500.0,36000,Buy,231616152
2024-08-14 13:47:26,20500.0,5800,Buy,231616153
2024-08-14 13:47:26,20500.0,4000,Buy,231616154
2024-08-14 13:47:26,20500.0,1900,Buy,231616155
2024-08-14 13:47:26,20500.0,1900,Buy,231616156
2024-08-14 13:47:26,20450.0,4200,Buy,231616149
2024-08-14 13:47:27,20300.0,800,Sell,231616183
2024-08-14 13:47:27,20400.0,200,Sell,231616182
2024-08-14 13:47:27,20400.0,4300,Sell,231616181
2024-08-14 13:47:28,20300.0,200,Sell,231616226
2024-08-14 13:47:28,20300.0,800,Sell,231616227
2024-08-14 13:47:32,20350.0,1200,Buy,231616354
2024-08-14 13:47:32,20450.0,2000,Buy,231616355
2024-08-14 13:47:35,20450.0,500,Sell,231616470
2024-08-14 13:47:36,20450.0,1000,Sell,231616515
2024-08-14 13:47:37,20450.0,4000,Sell,231616556
2024-08-14 13:47:39,20450.0,1000,Sell,231616599
2024-08-14 13:47:40,20450.0,100,Sell,231616620
2024-08-14 13:47:53,20500.0,100,Buy,231617095
2024-08-14 13:47:53,20500.0,700,Buy,231617102
2024-08-14 13:47:53,20500.0,1300,Buy,231617103
2024-08-14 13:47:57,20500.0,700,Buy,231617237
2024-08-14 13:47:57,20500.0,1000,Buy,231617238
2024-08-14 13:47:58,20500.0,8700,Sell,231617292
2024-08-14 13:47:58,20500.0,1300,Sell,231617291
2024-08-14 13:48:03,20500.0,1000,Sell,231617506
2024-08-14 13:48:05,20450.0,2800,Sell,231617631
2024-08-14 13:48:05,20500.0,7300,Sell,231617630
2024-08-14 13:48:16,20450.0,1000,Sell,231617977
2024-08-14 13:48:21,20500.0,500,Buy,231618130
2024-08-14 13:48:21,20500.0,500,Buy,231618128
2024-08-14 13:48:21,20500.0,200,Buy,231618129
2024-08-14 13:48:28,20500.0,2000,Sell,231618270
2024-08-14 13:48:29,20550.0,100,Buy,231618322
2024-08-14 13:48:30,20550.0,100,Buy,231618354
2024-08-14 13:48:35,20600.0,500,Buy,231618490
2024-08-14 13:48:37,20550.0,100,Sell,231618511
2024-08-14 13:48:46,20500.0,12400,Sell,231618737
2024-08-14 13:48:56,20500.0,5000,Sell,231618997
2024-08-14 13:48:56,20500.0,1100,Sell,231619022
2024-08-14 13:49:01,20550.0,500,Buy,231619110
2024-08-14 13:49:05,20500.0,300,Sell,231619233
2024-08-14 13:49:07,20500.0,300,Sell,231619268
2024-08-14 13:49:09,20500.0,10000,Sell,231619339
2024-08-14 13:49:10,20500.0,1000,Sell,231619377
2024-08-14 13:49:20,20500.0,1500,Sell,231619713
2024-08-14 13:49:33,20550.0,200,Buy,231619999
2024-08-14 13:49:37,20550.0,300,Buy,231620121
2024-08-14 13:49:46,20550.0,100,Buy,231620389
2024-08-14 13:50:11,20550.0,2900,Buy,231621085
2024-08-14 13:50:37,20550.0,200,Buy,231621705
2024-08-14 13:50:37,20550.0,100,Buy,231621713
2024-08-14 13:50:45,20550.0,500,Buy,231621903
2024-08-14 13:50:46,20550.0,4000,Buy,231621918
2024-08-14 13:50:58,20500.0,2100,Sell,231622173
2024-08-14 13:51:01,20500.0,100,Sell,231622236
2024-08-14 13:51:13,20500.0,2000,Sell,231622453
2024-08-14 13:51:34,20500.0,1000,Sell,231623033
2024-08-14 13:51:34,20500.0,400,Sell,231623034
2024-08-14 13:51:44,20500.0,100,Sell,231623315
2024-08-14 13:51:53,20500.0,100,Sell,231623633
2024-08-14 13:52:01,20550.0,200,Buy,231623846
2024-08-14 13:52:01,20550.0,400,Buy,231623849
2024-08-14 13:52:01,20550.0,100,Buy,231623848
2024-08-14 13:52:01,20550.0,2500,Buy,231623847
2024-08-14 13:52:01,20550.0,1500,Buy,231623845
2024-08-14 13:52:01,20550.0,500,Buy,231623843
2024-08-14 13:52:01,20550.0,1200,Buy,231623841
2024-08-14 13:52:01,20550.0,1000,Buy,231623844
2024-08-14 13:52:01,20550.0,400,Buy,231623842
2024-08-14 13:52:13,20600.0,200,Buy,231624228
2024-08-14 13:52:13,20600.0,800,Buy,231624229
2024-08-14 13:52:15,20550.0,2000,Sell,231624274
2024-08-14 13:52:32,20600.0,100,Buy,231624604
2024-08-14 13:52:41,20600.0,500,Buy,231624924
2024-08-14 13:52:42,20600.0,1000,Buy,231624929
2024-08-14 13:52:42,20600.0,1000,Buy,231624935
2024-08-14 13:52:58,20600.0,100,Buy,231625348
2024-08-14 13:53:12,20600.0,1000,Buy,231625686
2024-08-14 13:53:12,20600.0,1700,Buy,231625687
2024-08-14 13:53:12,20600.0,1300,Buy,231625685
2024-08-14 13:53:15,20600.0,100,Buy,231625751
2024-08-14 13:53:18,20550.0,300,Sell,231625806
2024-08-14 13:53:29,20550.0,200,Sell,231626057
2024-08-14 13:54:17,20550.0,1000,Sell,231627381
2024-08-14 13:54:28,20550.0,600,Sell,231627632
2024-08-14 13:54:30,20550.0,1000,Sell,231627692
2024-08-14 13:54:45,20550.0,1700,Sell,231628122
2024-08-14 13:54:57,20550.0,300,Sell,231628426
2024-08-14 13:55:21,20550.0,300,Sell,231628978
2024-08-14 13:56:06,20600.0,2000,Buy,231630247
2024-08-14 13:56:06,20600.0,2500,Buy,231630246
2024-08-14 13:56:06,20600.0,2000,Buy,231630245
2024-08-14 13:56:06,20600.0,2000,Buy,231630243
2024-08-14 13:56:06,20600.0,200,Buy,231630244
2024-08-14 13:56:06,20600.0,500,Buy,231630241
2024-08-14 13:56:06,20600.0,1000,Buy,231630240
2024-08-14 13:56:06,20600.0,1000,Buy,231630239
2024-08-14 13:56:06,20600.0,600,Buy,231630238
2024-08-14 13:56:06,20600.0,2200,Buy,231630237
2024-08-14 13:56:06,20600.0,100,Buy,231630242
2024-08-14 13:56:07,20600.0,500,Sell,231630250
2024-08-14 13:56:07,20600.0,5000,Sell,231630254
2024-08-14 13:56:22,20650.0,3700,Buy,231630717
2024-08-14 13:56:22,20650.0,3000,Buy,231630716
2024-08-14 13:56:22,20650.0,500,Buy,231630715
2024-08-14 13:56:22,20650.0,2000,Buy,231630714
2024-08-14 13:56:22,20650.0,200,Buy,231630712
2024-08-14 13:56:22,20650.0,100,Buy,231630711
2024-08-14 13:56:22,20650.0,500,Buy,231630713
2024-08-14 13:56:33,20650.0,5000,Buy,231631001
2024-08-14 13:56:45,20650.0,100,Buy,231631294
2024-08-14 13:56:46,20650.0,1000,Buy,231631307
2024-08-14 13:56:47,20650.0,200,Buy,231631412
2024-08-14 13:56:47,20650.0,100,Buy,231631413
2024-08-14 13:56:47,20650.0,100,Buy,231631414
2024-08-14 13:56:47,20650.0,200,Buy,231631415
2024-08-14 13:57:13,20650.0,500,Sell,231632017
2024-08-14 13:57:31,20650.0,500,Sell,231632427
2024-08-14 13:57:37,20700.0,1000,Buy,231632574
2024-08-14 13:57:48,20700.0,100,Buy,231632859
2024-08-14 13:57:50,20700.0,11500,Buy,231632935
2024-08-14 13:57:50,20700.0,300,Buy,231632934
2024-08-14 13:57:50,20700.0,500,Buy,231632933
2024-08-14 13:57:50,20700.0,500,Buy,231632932
2024-08-14 13:57:50,20700.0,600,Buy,231632931
2024-08-14 13:57:50,20700.0,500,Buy,231632930
2024-08-14 13:57:50,20700.0,2000,Buy,231632929
2024-08-14 13:57:50,20700.0,5000,Buy,231632926
2024-08-14 13:57:50,20700.0,1000,Buy,231632927
2024-08-14 13:57:50,20700.0,2000,Buy,231632925
2024-08-14 13:57:50,20700.0,1000,Buy,231632924
2024-08-14 13:57:50,20700.0,900,Buy,231632923
2024-08-14 13:57:50,20700.0,500,Buy,231632922
2024-08-14 13:57:50,20700.0,3300,Buy,231632921
2024-08-14 13:57:50,20700.0,400,Buy,231632928
2024-08-14 13:57:51,20700.0,1000,Buy,231632948
2024-08-14 13:57:52,20650.0,400,Sell,231632975
2024-08-14 13:58:16,20650.0,200,Sell,231633694
2024-08-14 13:58:25,20700.0,100,Buy,231634002
2024-08-14 13:59:05,20700.0,100,Buy,231634786
2024-08-14 13:59:06,20650.0,1000,Sell,231634793
2024-08-14 13:59:07,20700.0,100,Buy,231634844
2024-08-14 13:59:25,20700.0,18900,Buy,231635214
2024-08-14 13:59:25,20700.0,1000,Buy,231635212
2024-08-14 13:59:25,20700.0,4700,Buy,231635213
2024-08-14 13:59:25,20700.0,900,Buy,231635210
2024-08-14 13:59:25,20700.0,300,Buy,231635211
2024-08-14 13:59:25,20700.0,4200,Buy,231635209
2024-08-14 13:59:28,20700.0,200,Buy,231635269
2024-08-14 13:59:30,20650.0,1400,Sell,231635299
2024-08-14 13:59:30,20650.0,100,Sell,231635300
2024-08-14 13:59:30,20650.0,200,Sell,231635301
2024-08-14 13:59:30,20650.0,100,Sell,231635302
2024-08-14 13:59:30,20650.0,200,Sell,231635303
2024-08-14 13:59:30,20650.0,100,Sell,231635304
2024-08-14 13:59:30,20650.0,100,Sell,231635305
2024-08-14 13:59:30,20650.0,800,Sell,231635306
2024-08-14 13:59:32,20650.0,200,Sell,231635336
2024-08-14 13:59:54,20650.0,100,Sell,231635812
2024-08-14 14:00:24,20700.0,70000,Buy,231636306
2024-08-14 14:00:56,20700.0,1000,Buy,231636919
2024-08-14 14:01:06,20700.0,100,Buy,231637177
2024-08-14 14:01:07,20700.0,200,Buy,231637219
2024-08-14 14:01:11,20700.0,100,Buy,231637329
2024-08-14 14:01:19,20700.0,14000,Buy,231637525
2024-08-14 14:01:19,20700.0,500,Buy,231637526
2024-08-14 14:01:19,20700.0,5500,Buy,231637527
2024-08-14 14:01:24,20700.0,300,Buy,231637625
2024-08-14 14:01:26,20700.0,200,Buy,231637661
2024-08-14 14:01:26,20700.0,200,Buy,231637659
2024-08-14 14:01:26,20700.0,100,Buy,231637660
2024-08-14 14:01:27,20700.0,500,Sell,231637676
2024-08-14 14:01:35,20750.0,10200,Buy,231637835
2024-08-14 14:01:35,20750.0,2400,Buy,231637836
2024-08-14 14:01:35,20750.0,3000,Buy,231637837
2024-08-14 14:01:35,20750.0,500,Buy,231637838
2024-08-14 14:01:35,20750.0,200,Buy,231637839
2024-08-14 14:01:35,20750.0,3700,Buy,231637840
2024-08-14 14:01:52,20750.0,400,Buy,231638144
2024-08-14 14:02:01,20750.0,100,Buy,231638317
2024-08-14 14:02:20,20750.0,200,Buy,231638773
2024-08-14 14:03:02,20700.0,900,Sell,231639715
2024-08-14 14:03:02,20700.0,100,Sell,231639714
2024-08-14 14:03:13,20700.0,100,Sell,231639993
2024-08-14 14:03:13,20700.0,300,Sell,231639994
2024-08-14 14:03:42,20700.0,400,Sell,231640680
2024-08-14 14:03:54,20700.0,100,Sell,231640930
2024-08-14 14:03:54,20700.0,200,Sell,231640931
2024-08-14 14:03:54,20700.0,100,Sell,231640929
2024-08-14 14:03:54,20700.0,1000,Sell,231640926
2024-08-14 14:03:54,20700.0,500,Sell,231640927
2024-08-14 14:03:54,20700.0,300,Sell,231640924
2024-08-14 14:03:54,20700.0,500,Sell,231640925
2024-08-14 14:03:54,20700.0,1000,Sell,231640928
2024-08-14 14:03:55,20700.0,600,Buy,231640965
2024-08-14 14:04:48,20700.0,100,Buy,231642094
2024-08-14 14:04:59,20700.0,600,Buy,231642310
2024-08-14 14:04:59,20700.0,300,Buy,231642311
2024-08-14 14:05:45,20650.0,500,Sell,231643285
2024-08-14 14:05:45,20650.0,500,Sell,231643286
2024-08-14 14:06:17,20650.0,1000,Sell,231643961
2024-08-14 14:06:25,20650.0,300,Sell,231644104
2024-08-14 14:06:50,20650.0,200,Sell,231644629
2024-08-14 14:06:57,20650.0,14000,Sell,231644860
2024-08-14 14:07:00,20650.0,5000,Sell,231644909
2024-08-14 14:07:10,20650.0,3200,Sell,231645140
2024-08-14 14:07:14,20650.0,500,Sell,231645220
2024-08-14 14:07:18,20600.0,100,Sell,231645305
2024-08-14 14:07:18,20600.0,1000,Sell,231645304
2024-08-14 14:07:18,20600.0,1000,Sell,231645301
2024-08-14 14:07:18,20600.0,3000,Sell,231645303
2024-08-14 14:07:18,20600.0,200,Sell,231645302
2024-08-14 14:07:18,20600.0,3000,Sell,231645300
2024-08-14 14:07:18,20650.0,300,Sell,231645294
2024-08-14 14:07:18,20600.0,200,Sell,231645298
2024-08-14 14:07:18,20600.0,500,Sell,231645297
2024-08-14 14:07:18,20600.0,10400,Sell,231645296
2024-08-14 14:07:18,20650.0,4500,Sell,231645295
2024-08-14 14:07:18,20650.0,3000,Sell,231645293
2024-08-14 14:07:18,20650.0,5300,Sell,231645292
2024-08-14 14:07:18,20600.0,2500,Sell,231645299
2024-08-14 14:07:42,20550.0,4800,Sell,231645987
2024-08-14 14:07:42,20550.0,100,Sell,231645988
2024-08-14 14:07:42,20550.0,100,Sell,231645989
2024-08-14 14:07:56,20550.0,600,Sell,231646267
2024-08-14 14:07:56,20550.0,400,Sell,231646266
2024-08-14 14:07:56,20550.0,500,Sell,231646265
2024-08-14 14:07:56,20550.0,500,Sell,231646264
2024-08-14 14:07:56,20550.0,300,Sell,231646260
2024-08-14 14:07:56,20550.0,100,Sell,231646262
2024-08-14 14:07:56,20550.0,100,Sell,231646263
2024-08-14 14:07:56,20550.0,900,Sell,231646258
2024-08-14 14:07:56,20550.0,400,Sell,231646259
2024-08-14 14:07:56,20550.0,3000,Sell,231646261
2024-08-14 14:07:58,20550.0,1000,Sell,231646311
2024-08-14 14:08:01,20550.0,100,Sell,231646434
2024-08-14 14:08:01,20550.0,500,Sell,231646435
2024-08-14 14:08:01,20550.0,400,Sell,231646433
2024-08-14 14:08:13,20550.0,200,Sell,231646641
2024-08-14 14:08:29,20550.0,300,Sell,231646998
2024-08-14 14:08:29,20550.0,200,Sell,231646999
2024-08-14 14:09:32,20550.0,100,Sell,231648349
2024-08-14 14:09:32,20550.0,900,Sell,231648350
2024-08-14 14:09:36,20600.0,300,Buy,231648535
2024-08-14 14:09:51,20550.0,2000,Sell,231648854
2024-08-14 14:10:01,20550.0,100,Sell,231649053
2024-08-14 14:10:01,20550.0,400,Sell,231649054
2024-08-14 14:10:04,20550.0,500,Sell,231649137
2024-08-14 14:10:04,20550.0,100,Sell,231649138
2024-08-14 14:10:04,20550.0,400,Sell,231649139
2024-08-14 14:10:07,20550.0,100,Sell,231649188
2024-08-14 14:10:20,20550.0,1000,Sell,231649487
2024-08-14 14:10:27,20550.0,3000,Sell,231649687
2024-08-14 14:10:50,20550.0,300,Sell,231650392
2024-08-14 14:10:50,20550.0,300,Sell,231650393
2024-08-14 14:10:51,20550.0,100,Sell,231650400
2024-08-14 14:10:51,20550.0,100,Sell,231650401
2024-08-14 14:10:51,20550.0,300,Sell,231650402
2024-08-14 14:10:51,20550.0,100,Sell,231650403
2024-08-14 14:10:51,20550.0,100,Sell,231650404
2024-08-14 14:10:51,20550.0,300,Sell,231650405
2024-08-14 14:11:06,20550.0,200,Sell,231650808
2024-08-14 14:11:13,20550.0,100,Sell,231650965
2024-08-14 14:11:13,20550.0,2500,Sell,231650964
2024-08-14 14:11:43,20550.0,400,Buy,231651783
2024-08-14 14:11:43,20550.0,100,Buy,231651784
2024-08-14 14:11:55,20500.0,200,Sell,231652180
2024-08-14 14:12:03,20550.0,2000,Buy,231652461
2024-08-14 14:12:03,20550.0,100,Buy,231652460
2024-08-14 14:12:03,20550.0,400,Buy,231652459
2024-08-14 14:12:03,20550.0,2000,Buy,231652458
2024-08-14 14:12:03,20550.0,400,Buy,231652457
2024-08-14 14:12:06,20550.0,5000,Sell,231652520
2024-08-14 14:12:09,20550.0,400,Sell,231652625
2024-08-14 14:12:17,20550.0,4200,Sell,231652889
2024-08-14 14:12:21,20550.0,800,Sell,231653008
2024-08-14 14:12:21,20550.0,500,Sell,231653011
2024-08-14 14:12:28,20550.0,100,Sell,231653200
2024-08-14 14:12:37,20550.0,2500,Sell,231653549
2024-08-14 14:12:57,20600.0,200,Buy,231654435
2024-08-14 14:12:58,20600.0,5000,Buy,231654467
2024-08-14 14:12:59,20600.0,2000,Buy,231654524
2024-08-14 14:13:01,20600.0,700,Buy,231654574
2024-08-14 14:13:01,20600.0,500,Buy,231654571
2024-08-14 14:13:01,20600.0,500,Buy,231654573
2024-08-14 14:13:01,20600.0,300,Buy,231654569
2024-08-14 14:13:01,20600.0,500,Buy,231654570
2024-08-14 14:13:01,20600.0,500,Buy,231654567
2024-08-14 14:13:01,20600.0,100,Buy,231654572
2024-08-14 14:13:01,20600.0,500,Buy,231654568
2024-08-14 14:13:08,20600.0,100,Buy,231654915
2024-08-14 14:13:09,20600.0,500,Buy,231654984
2024-08-14 14:13:11,20600.0,6500,Buy,231655006
2024-08-14 14:13:11,20600.0,100,Buy,231655007
2024-08-14 14:13:26,20600.0,1600,Sell,231655517
2024-08-14 14:13:34,20600.0,1600,Sell,231655829
2024-08-14 14:13:34,20600.0,400,Sell,231655828
2024-08-14 14:13:35,20650.0,500,Buy,231655858
2024-08-14 14:13:36,20650.0,300,Buy,231655867
2024-08-14 14:13:41,20600.0,100,Sell,231656033
2024-08-14 14:13:52,20600.0,1300,Sell,231656429
2024-08-14 14:13:52,20600.0,300,Sell,231656430
2024-08-14 14:13:52,20600.0,200,Sell,231656431
2024-08-14 14:13:55,20600.0,100,Buy,231656599
2024-08-14 14:14:28,20550.0,8400,Sell,231657767
2024-08-14 14:14:28,20550.0,11600,Sell,231657766
2024-08-14 14:14:36,20550.0,20000,Sell,231657994
2024-08-14 14:14:42,20550.0,20000,Sell,231658218
2024-08-14 14:14:51,20600.0,1000,Buy,231658537
2024-08-14 14:14:51,20600.0,1000,Buy,231658535
2024-08-14 14:14:51,20600.0,1000,Buy,231658536
2024-08-14 14:14:53,20600.0,1500,Buy,231658579
2024-08-14 14:14:54,20550.0,500,Sell,231658729
2024-08-14 14:15:00,20550.0,1000,Sell,231658843
2024-08-14 14:15:00,20550.0,100,Sell,231658847
2024-08-14 14:15:01,20600.0,2000,Buy,231658884
2024-08-14 14:15:09,20600.0,1500,Buy,231659200
2024-08-14 14:15:09,20600.0,900,Buy,231659201
2024-08-14 14:15:09,20600.0,500,Buy,231659202
2024-08-14 14:15:09,20600.0,600,Buy,231659203
2024-08-14 14:15:33,20600.0,200,Sell,231659958
2024-08-14 14:16:11,20600.0,6300,Sell,231661370
2024-08-14 14:16:11,20600.0,8000,Sell,231661371
2024-08-14 14:16:11,20600.0,15700,Sell,231661372
2024-08-14 14:16:18,20600.0,1000,Sell,231661564
2024-08-14 14:16:24,20600.0,900,Sell,231661781
2024-08-14 14:16:26,20600.0,100,Sell,231661846
2024-08-14 14:16:26,20550.0,16900,Sell,231661847
2024-08-14 14:16:26,20600.0,500,Sell,231661845
2024-08-14 14:16:26,20600.0,100,Sell,231661844
2024-08-14 14:16:26,20600.0,2400,Sell,231661843
2024-08-14 14:16:28,20600.0,500,Buy,231661950
2024-08-14 14:16:30,20550.0,31000,Sell,231662005
2024-08-14 14:16:36,20550.0,20000,Sell,231662253
2024-08-14 14:16:40,20600.0,2000,Buy,231662348
2024-08-14 14:16:54,20600.0,1000,Buy,231662774
2024-08-14 14:16:54,20600.0,500,Buy,231662803
2024-08-14 14:16:55,20600.0,1500,Buy,231662820
2024-08-14 14:16:55,20600.0,500,Buy,231662821
2024-08-14 14:16:56,20550.0,10000,Sell,231662861
2024-08-14 14:16:59,20550.0,100,Sell,231662959
2024-08-14 14:17:01,20600.0,500,Buy,231663051
2024-08-14 14:17:08,20600.0,500,Buy,231663265
2024-08-14 14:17:08,20600.0,300,Buy,231663263
2024-08-14 14:17:08,20600.0,1000,Buy,231663264
2024-08-14 14:17:10,20600.0,100,Sell,231663288
2024-08-14 14:17:11,20600.0,7800,Sell,231663315
2024-08-14 14:17:11,20600.0,1100,Sell,231663314
2024-08-14 14:17:11,20550.0,1100,Sell,231663316
2024-08-14 14:17:29,20600.0,500,Buy,231663886
2024-08-14 14:17:31,20600.0,200,Buy,231663974
2024-08-14 14:17:48,20600.0,300,Buy,231664502
2024-08-14 14:17:48,20600.0,200,Buy,231664503
2024-08-14 14:18:34,20600.0,800,Buy,231665986
2024-08-14 14:18:34,20600.0,5000,Buy,231665987
2024-08-14 14:18:49,20600.0,2300,Sell,231666368
2024-08-14 14:19:37,20650.0,800,Buy,231667623
2024-08-14 14:20:13,20650.0,600,Buy,231668667
2024-08-14 14:20:13,20650.0,4400,Buy,231668666
2024-08-14 14:20:24,20650.0,3000,Buy,231668929
2024-08-14 14:20:25,20600.0,500,Sell,231668949
2024-08-14 14:20:27,20600.0,300,Sell,231669016
2024-08-14 14:20:36,20650.0,400,Buy,231669404
2024-08-14 14:20:36,20650.0,1000,Buy,231669406
2024-08-14 14:20:36,20650.0,300,Buy,231669405
2024-08-14 14:20:36,20650.0,100,Buy,231669403
2024-08-14 14:20:36,20650.0,100,Buy,231669401
2024-08-14 14:20:36,20650.0,1400,Buy,231669398
2024-08-14 14:20:36,20650.0,5000,Buy,231669402
2024-08-14 14:20:36,20650.0,1000,Buy,231669400
2024-08-14 14:20:36,20650.0,500,Buy,231669399
2024-08-14 14:20:44,20650.0,100,Sell,231669820
2024-08-14 14:20:54,20650.0,400,Sell,231670062
2024-08-14 14:20:59,20650.0,2000,Sell,231670239
2024-08-14 14:21:14,20650.0,1700,Sell,231670662
2024-08-14 14:21:18,20650.0,100,Sell,231670773
2024-08-14 14:21:18,20650.0,400,Sell,231670774
2024-08-14 14:21:30,20650.0,100,Sell,231671072
2024-08-14 14:21:41,20700.0,300,Buy,231671327
2024-08-14 14:22:31,20700.0,700,Buy,231672677
2024-08-14 14:22:31,20700.0,300,Buy,231672678
2024-08-14 14:23:11,20650.0,100,Sell,231673733
2024-08-14 14:23:22,20650.0,100,Sell,231673944
2024-08-14 14:23:22,20650.0,1400,Sell,231673942
2024-08-14 14:23:22,20650.0,500,Sell,231673943
2024-08-14 14:23:46,20650.0,200,Sell,231674586
2024-08-14 14:23:48,20650.0,500,Sell,231674656
2024-08-14 14:24:00,20650.0,800,Sell,231674927
2024-08-14 14:24:00,20650.0,100,Sell,231674926
2024-08-14 14:24:00,20650.0,200,Sell,231674925
2024-08-14 14:24:00,20650.0,800,Sell,231674921
2024-08-14 14:24:00,20650.0,100,Sell,231674923
2024-08-14 14:24:00,20650.0,500,Sell,231674922
2024-08-14 14:24:00,20650.0,2500,Sell,231674924
2024-08-14 14:24:21,20650.0,11200,Sell,231675508
2024-08-14 14:24:21,20650.0,4200,Sell,231675509
2024-08-14 14:24:21,20650.0,100,Sell,231675510
2024-08-14 14:24:21,20650.0,500,Sell,231675511
2024-08-14 14:24:21,20650.0,1000,Sell,231675512
2024-08-14 14:24:22,20650.0,3000,Buy,231675538
2024-08-14 14:24:45,20650.0,100,Buy,231676175
2024-08-14 14:24:45,20650.0,900,Buy,231676176
2024-08-14 14:24:48,20650.0,1800,Buy,231676240
2024-08-14 14:24:55,20600.0,2300,Sell,231676434
2024-08-14 14:25:04,20650.0,900,Buy,231676735
2024-08-14 14:25:04,20650.0,100,Buy,231676736
2024-08-14 14:25:05,20650.0,2900,Buy,231676786
2024-08-14 14:25:05,20650.0,200,Buy,231676784
2024-08-14 14:25:05,20650.0,1000,Buy,231676785
2024-08-14 14:25:10,20650.0,7100,Buy,231676908
2024-08-14 14:25:10,20650.0,700,Buy,231676909
2024-08-14 14:25:10,20650.0,500,Buy,231676910
2024-08-14 14:25:23,20650.0,10000,Sell,231677282
2024-08-14 14:25:25,20650.0,500,Sell,231677377
2024-08-14 14:25:27,20650.0,1400,Sell,231677428
2024-08-14 14:25:30,20650.0,100,Sell,231677482
2024-08-14 14:25:32,20650.0,500,Sell,231677637
2024-08-14 14:25:33,20650.0,100,Sell,231677669
2024-08-14 14:25:43,20650.0,200,Sell,231677960
2024-08-14 14:25:55,20650.0,700,Sell,231678524
2024-08-14 14:26:08,20650.0,1000,Sell,231679107
2024-08-14 14:26:13,20650.0,6100,Sell,231679311
2024-08-14 14:26:50,20650.0,1100,Sell,231680721
2024-08-14 14:26:50,20650.0,900,Sell,231680722
2024-08-14 14:26:55,20650.0,3600,Sell,231680981
2024-08-14 14:27:00,20650.0,500,Sell,231681181
2024-08-14 14:27:05,20650.0,1000,Sell,231681331
2024-08-14 14:27:05,20650.0,1000,Sell,231681332
2024-08-14 14:27:16,20650.0,2000,Sell,231681897
2024-08-14 14:27:23,20650.0,700,Sell,231682250
2024-08-14 14:27:31,20650.0,8000,Sell,231682677
2024-08-14 14:27:35,20650.0,500,Sell,231682789
2024-08-14 14:27:35,20650.0,1000,Sell,231682790
2024-08-14 14:27:35,20650.0,100,Sell,231682791
2024-08-14 14:27:35,20650.0,500,Sell,231682792
2024-08-14 14:27:35,20650.0,100,Sell,231682793
2024-08-14 14:27:35,20650.0,800,Sell,231682794
2024-08-14 14:27:41,20650.0,700,Sell,231683022
2024-08-14 14:27:41,20650.0,100,Sell,231683021
2024-08-14 14:27:46,20650.0,3000,Buy,231683190
2024-08-14 14:27:50,20650.0,500,Buy,231683419
2024-08-14 14:27:55,20700.0,1700,Buy,231683589
2024-08-14 14:27:55,20700.0,1800,Buy,231683590
2024-08-14 14:27:55,20700.0,200,Buy,231683591
2024-08-14 14:27:59,20650.0,1500,Sell,231683768
2024-08-14 14:27:59,20650.0,500,Sell,231683773
2024-08-14 14:28:07,20700.0,500,Buy,231684112
2024-08-14 14:28:12,20650.0,500,Sell,231684260
2024-08-14 14:28:13,20650.0,4500,Buy,231684328
2024-08-14 14:28:30,20650.0,400,Buy,231684831
2024-08-14 14:28:30,20650.0,100,Buy,231684832
2024-08-14 14:28:36,20650.0,500,Sell,231685058
2024-08-14 14:28:44,20650.0,500,Buy,231685309
2024-08-14 14:28:44,20650.0,2500,Buy,231685310
2024-08-14 14:29:07,20650.0,500,Buy,231686287
2024-08-14 14:29:08,20650.0,8000,Buy,231686349
2024-08-14 14:29:08,20650.0,500,Buy,231686348
2024-08-14 14:29:22,20650.0,100,Sell,231686873
2024-08-14 14:29:23,20650.0,200,Sell,231686894
2024-08-14 14:29:26,20650.0,4500,Sell,231687011
2024-08-14 14:29:26,20650.0,200,Sell,231687012
2024-08-14 14:29:26,20650.0,300,Sell,231687013
2024-08-14 14:29:27,20650.0,500,Sell,231687070
2024-08-14 14:29:27,20650.0,500,Sell,231687071
2024-08-14 14:44:40,20650.0,106200,ATO/ATC,231688363
