time,price,volume,match_type,id
2024-08-21 12:59:38,22150.0,200,Sell,233551483
2024-08-21 12:59:38,22100.0,5000,Sell,233551590
2024-08-21 12:59:38,22100.0,2000,Sell,233551624
2024-08-21 12:59:39,22150.0,2000,Buy,233551785
2024-08-21 12:59:41,22150.0,1100,Buy,233552376
2024-08-21 12:59:41,22100.0,500,Sell,233552463
2024-08-21 12:59:41,22100.0,200,Sell,233552419
2024-08-21 12:59:41,22100.0,100,Sell,233552239
2024-08-21 12:59:41,22150.0,400,Buy,233552378
2024-08-21 12:59:41,22150.0,100,Buy,233552379
2024-08-21 12:59:41,22150.0,200,Buy,233552377
2024-08-21 12:59:42,22150.0,200,Buy,233552564
2024-08-21 12:59:46,22100.0,400,Sell,233552965
2024-08-21 12:59:48,22100.0,200,Sell,233553343
2024-08-21 12:59:51,22100.0,5000,Sell,233553547
2024-08-21 12:59:58,22100.0,1000,Sell,233554076
2024-08-21 13:00:00,22100.0,200,Sell,233554183
2024-08-21 13:00:01,22100.0,700,Sell,233554249
2024-08-21 13:00:01,22150.0,1400,Sell,233554248
2024-08-21 13:00:01,22150.0,100,Sell,233554247
2024-08-21 13:00:01,22150.0,100,Buy,233554246
2024-08-21 13:00:01,22150.0,100,Buy,233554243
2024-08-21 13:00:01,22150.0,200,Buy,233554244
2024-08-21 13:00:01,22150.0,100,Buy,233554242
2024-08-21 13:00:01,22150.0,500,Buy,233554241
2024-08-21 13:00:01,22150.0,100,Buy,233554236
2024-08-21 13:00:01,22150.0,200,Buy,233554245
2024-08-21 13:00:02,22150.0,200,Buy,233554262
2024-08-21 13:00:02,22150.0,500,Buy,233554261
2024-08-21 13:00:02,22150.0,400,Buy,233554263
2024-08-21 13:00:02,22150.0,100,Buy,233554259
2024-08-21 13:00:02,22150.0,600,Buy,233554260
2024-08-21 13:00:02,22150.0,300,Buy,233554258
2024-08-21 13:00:12,22150.0,1000,Sell,233554549
2024-08-21 13:00:12,22100.0,9000,Sell,233554550
2024-08-21 13:00:20,22100.0,700,Sell,233554664
2024-08-21 13:00:23,22100.0,400,Sell,233554796
2024-08-21 13:00:23,22150.0,100,Buy,233554797
2024-08-21 13:00:23,22100.0,2000,Sell,233554799
2024-08-21 13:00:29,22100.0,2600,Sell,233554892
2024-08-21 13:00:29,22100.0,7400,Sell,233554893
2024-08-21 13:00:32,22100.0,1300,Sell,233554947
2024-08-21 13:00:41,22100.0,200,Sell,233555092
2024-08-21 13:00:41,22100.0,500,Sell,233555091
2024-08-21 13:00:41,22100.0,1300,Sell,233555088
2024-08-21 13:00:41,22100.0,500,Sell,233555090
2024-08-21 13:00:41,22100.0,2000,Sell,233555089
2024-08-21 13:00:42,22150.0,100,Buy,233555100
2024-08-21 13:00:42,22150.0,400,Buy,233555101
2024-08-21 13:00:50,22200.0,1000,Sell,233555233
2024-08-21 13:00:50,22150.0,1000,Sell,233555234
2024-08-21 13:00:50,22100.0,9800,Sell,233555235
2024-08-21 13:00:50,22100.0,1000,Sell,233555236
2024-08-21 13:00:50,22100.0,100,Sell,233555237
2024-08-21 13:00:50,22100.0,100,Sell,233555238
2024-08-21 13:00:57,22100.0,200,Sell,233555500
2024-08-21 13:01:02,22150.0,3000,Buy,233555625
2024-08-21 13:01:20,22150.0,1000,Buy,233556075
2024-08-21 13:01:21,22100.0,700,Sell,233556081
2024-08-21 13:01:21,22100.0,1500,Sell,233556082
2024-08-21 13:01:22,22100.0,1500,Sell,233556091
2024-08-21 13:01:22,22100.0,1000,Sell,233556092
2024-08-21 13:01:22,22100.0,1000,Sell,233556093
2024-08-21 13:01:22,22100.0,1500,Sell,233556094
2024-08-21 13:01:22,22100.0,1000,Sell,233556095
2024-08-21 13:01:22,22100.0,100,Sell,233556096
2024-08-21 13:01:24,22100.0,1000,Buy,233556139
2024-08-21 13:01:32,22150.0,4900,Buy,233556350
2024-08-21 13:01:32,22150.0,500,Buy,233556351
2024-08-21 13:01:32,22150.0,1000,Buy,233556352
2024-08-21 13:01:32,22150.0,3600,Buy,233556353
2024-08-21 13:01:57,22100.0,100,Sell,233556895
2024-08-21 13:01:57,22100.0,900,Sell,233556896
2024-08-21 13:02:03,22100.0,100,Sell,233557013
2024-08-21 13:02:03,22100.0,100,Sell,233557012
2024-08-21 13:02:09,22100.0,100,Sell,233557203
2024-08-21 13:02:16,22100.0,2000,Buy,233557332
2024-08-21 13:02:20,22100.0,100,Buy,233557417
2024-08-21 13:02:25,22050.0,100,Sell,233557580
2024-08-21 13:02:25,22050.0,1000,Sell,233557581
2024-08-21 13:02:25,22050.0,100,Sell,233557582
2024-08-21 13:02:42,22000.0,100,Sell,233557995
2024-08-21 13:02:42,22000.0,1500,Sell,233557986
2024-08-21 13:02:42,22000.0,500,Sell,233557994
2024-08-21 13:02:42,22000.0,100,Sell,233557993
2024-08-21 13:02:42,22000.0,11800,Sell,233557992
2024-08-21 13:02:42,22000.0,2000,Sell,233557991
2024-08-21 13:02:42,22000.0,2000,Sell,233557990
2024-08-21 13:02:42,22000.0,1000,Sell,233557989
2024-08-21 13:02:42,22000.0,1000,Sell,233557988
2024-08-21 13:02:42,22000.0,500,Sell,233557987
2024-08-21 13:02:42,22000.0,4500,Sell,233557985
2024-08-21 13:02:42,22050.0,1000,Sell,233557973
2024-08-21 13:02:42,22000.0,1000,Sell,233557983
2024-08-21 13:02:42,22000.0,5000,Sell,233557982
2024-08-21 13:02:42,22000.0,500,Sell,233557981
2024-08-21 13:02:42,22000.0,100,Sell,233557980
2024-08-21 13:02:42,22000.0,5000,Sell,233557979
2024-08-21 13:02:42,22000.0,100,Sell,233557978
2024-08-21 13:02:42,22000.0,300,Sell,233557977
2024-08-21 13:02:42,22000.0,100,Sell,233557976
2024-08-21 13:02:42,22000.0,1000,Sell,233557975
2024-08-21 13:02:42,22000.0,300,Sell,233557974
2024-08-21 13:02:42,22050.0,400,Sell,233557972
2024-08-21 13:02:42,22000.0,1000,Sell,233557984
2024-08-21 13:02:43,22000.0,3000,Sell,233557999
2024-08-21 13:02:46,22000.0,500,Buy,233558094
2024-08-21 13:02:51,22000.0,5700,Buy,233558258
2024-08-21 13:02:52,22050.0,100,Sell,233558259
2024-08-21 13:02:55,22050.0,1000,Sell,233558321
2024-08-21 13:02:55,22050.0,3200,Sell,233558333
2024-08-21 13:02:58,22050.0,1000,Buy,233558383
2024-08-21 13:03:07,22050.0,100,Buy,233558548
2024-08-21 13:03:08,21900.0,700,Sell,233558569
2024-08-21 13:03:08,22000.0,200,Sell,233558567
2024-08-21 13:03:08,22000.0,100,Sell,233558568
2024-08-21 13:03:12,21900.0,600,Sell,233558627
2024-08-21 13:03:16,22050.0,100,Buy,233558751
2024-08-21 13:03:16,22050.0,900,Buy,233558752
2024-08-21 13:03:36,22000.0,100,Buy,233559180
2024-08-21 13:03:36,22000.0,900,Buy,233559181
2024-08-21 13:03:36,21900.0,500,Sell,233559214
2024-08-21 13:04:01,21950.0,100,Sell,233559894
2024-08-21 13:04:02,21900.0,400,Sell,233559921
2024-08-21 13:04:02,21900.0,100,Sell,233559920
2024-08-21 13:04:02,21900.0,500,Sell,233559919
2024-08-21 13:04:03,21900.0,500,Sell,233559947
2024-08-21 13:04:03,21900.0,100,Sell,233559948
2024-08-21 13:04:03,21900.0,500,Sell,233559949
2024-08-21 13:04:03,21900.0,500,Sell,233559950
2024-08-21 13:04:03,21900.0,10000,Sell,233559951
2024-08-21 13:04:03,21900.0,100,Sell,233559952
2024-08-21 13:04:03,21900.0,1000,Sell,233559953
2024-08-21 13:04:03,21900.0,100,Sell,233559954
2024-08-21 13:04:03,21900.0,5600,Sell,233559955
2024-08-21 13:04:03,21900.0,1600,Sell,233559946
2024-08-21 13:04:09,22000.0,100,Buy,233560134
2024-08-21 13:04:14,21900.0,1000,Sell,233560275
2024-08-21 13:04:21,21900.0,300,Buy,233560454
2024-08-21 13:04:21,21900.0,700,Buy,233560455
2024-08-21 13:04:22,21900.0,100,Buy,233560462
2024-08-21 13:04:24,21900.0,100,Buy,233560509
2024-08-21 13:04:27,21900.0,4100,Buy,233560583
2024-08-21 13:04:27,21900.0,400,Buy,233560584
2024-08-21 13:04:27,21900.0,500,Buy,233560585
2024-08-21 13:04:30,21900.0,100,Buy,233560638
2024-08-21 13:04:39,21900.0,100,Buy,233560896
2024-08-21 13:04:39,21900.0,100,Buy,233560898
2024-08-21 13:04:40,21800.0,200,Sell,233560928
2024-08-21 13:04:41,21800.0,800,Sell,233560935
2024-08-21 13:04:41,21800.0,400,Sell,233560933
2024-08-21 13:04:41,21800.0,1000,Sell,233560934
2024-08-21 13:04:41,21800.0,800,Sell,233560932
2024-08-21 13:04:43,21800.0,500,Sell,233561020
2024-08-21 13:04:49,21850.0,200,Sell,233561191
2024-08-21 13:04:52,21900.0,5000,Buy,233561363
2024-08-21 13:04:57,21850.0,1300,Sell,233561452
2024-08-21 13:05:00,21900.0,3000,Buy,233561525
2024-08-21 13:05:04,21850.0,200,Sell,233561644
2024-08-21 13:05:13,21850.0,100,Sell,233561854
2024-08-21 13:05:13,21850.0,600,Sell,233561855
2024-08-21 13:05:13,21850.0,300,Sell,233561853
2024-08-21 13:05:13,21850.0,300,Sell,233561847
2024-08-21 13:05:13,21850.0,700,Sell,233561848
2024-08-21 13:05:23,21850.0,200,Sell,233562115
2024-08-21 13:05:40,21850.0,1000,Sell,233562676
2024-08-21 13:05:42,21850.0,100,Sell,233562753
2024-08-21 13:05:42,21850.0,500,Sell,233562754
2024-08-21 13:05:42,21850.0,2000,Sell,233562755
2024-08-21 13:05:42,21850.0,1000,Sell,233562756
2024-08-21 13:05:42,21850.0,100,Sell,233562757
2024-08-21 13:05:42,21850.0,100,Sell,233562758
2024-08-21 13:05:42,21850.0,200,Sell,233562752
2024-08-21 13:05:43,21850.0,200,Sell,233562795
2024-08-21 13:05:48,21850.0,200,Sell,233562929
2024-08-21 13:05:48,21850.0,300,Sell,233562927
2024-08-21 13:05:48,21850.0,500,Sell,233562928
2024-08-21 13:05:51,21850.0,500,Sell,233563011
2024-08-21 13:05:52,21850.0,200,Sell,233563046
2024-08-21 13:05:53,21850.0,2000,Sell,233563049
2024-08-21 13:05:53,21850.0,600,Buy,233563075
2024-08-21 13:05:54,21850.0,900,Buy,233563100
2024-08-21 13:05:55,21850.0,100,Sell,233563109
2024-08-21 13:06:12,21850.0,100,Sell,233563515
2024-08-21 13:06:14,21850.0,200,Sell,233563598
2024-08-21 13:06:16,21900.0,200,Buy,233563677
2024-08-21 13:06:17,21850.0,200,Sell,233563683
2024-08-21 13:06:21,21850.0,200,Sell,233563793
2024-08-21 13:06:21,21850.0,200,Sell,233563792
2024-08-21 13:06:21,21850.0,100,Sell,233563791
2024-08-21 13:06:25,21850.0,500,Sell,233563865
2024-08-21 13:06:25,21850.0,500,Sell,233563866
2024-08-21 13:06:32,21850.0,200,Sell,233564081
2024-08-21 13:06:51,21850.0,1300,Sell,233564661
2024-08-21 13:06:51,21850.0,100,Sell,233564662
2024-08-21 13:06:51,21850.0,500,Sell,233564663
2024-08-21 13:06:51,21850.0,1000,Sell,233564664
2024-08-21 13:06:51,21850.0,100,Sell,233564665
2024-08-21 13:07:01,21900.0,1000,Buy,233565047
2024-08-21 13:07:06,21900.0,1000,Buy,233565202
2024-08-21 13:07:22,21900.0,100,Buy,233565775
2024-08-21 13:07:22,21900.0,200,Buy,233565773
2024-08-21 13:07:23,21900.0,600,Buy,233565800
2024-08-21 13:07:26,21900.0,1000,Buy,233565881
2024-08-21 13:07:27,21900.0,100,Buy,233565913
2024-08-21 13:07:28,21900.0,400,Buy,233565929
2024-08-21 13:07:28,21900.0,1000,Buy,233565935
2024-08-21 13:07:30,21900.0,200,Buy,233565980
2024-08-21 13:07:34,21900.0,100,Buy,233566027
2024-08-21 13:07:34,21900.0,100,Buy,233566028
2024-08-21 13:07:34,21900.0,1000,Buy,233566029
2024-08-21 13:07:36,21900.0,100,Buy,233566116
2024-08-21 13:07:38,21900.0,1000,Buy,233566183
2024-08-21 13:07:41,21900.0,1500,Buy,233566259
2024-08-21 13:07:41,21900.0,200,Buy,233566258
2024-08-21 13:07:41,21900.0,1000,Buy,233566261
2024-08-21 13:07:43,21900.0,100,Buy,233566292
2024-08-21 13:07:50,21900.0,200,Buy,233566894
2024-08-21 13:07:50,21900.0,500,Buy,233566895
2024-08-21 13:07:50,21900.0,1300,Buy,233566893
2024-08-21 13:07:51,21900.0,600,Buy,233566925
2024-08-21 13:07:51,21900.0,1400,Buy,233566926
2024-08-21 13:07:52,21850.0,1600,Sell,233566972
2024-08-21 13:07:52,21900.0,100,Buy,233566982
2024-08-21 13:07:55,21900.0,1500,Buy,233567066
2024-08-21 13:07:59,21900.0,200,Buy,233567166
2024-08-21 13:08:00,21900.0,100,Buy,233567180
2024-08-21 13:08:01,21900.0,500,Buy,233567214
2024-08-21 13:08:04,21900.0,300,Buy,233567261
2024-08-21 13:08:06,21850.0,1000,Sell,233567316
2024-08-21 13:08:14,21900.0,700,Buy,233567575
2024-08-21 13:08:22,21900.0,2000,Buy,233567772
2024-08-21 13:08:32,21900.0,800,Buy,233568019
2024-08-21 13:08:32,21900.0,1000,Buy,233568026
2024-08-21 13:08:44,21900.0,100,Buy,233568270
2024-08-21 13:08:44,21900.0,1000,Buy,233568271
2024-08-21 13:08:47,21900.0,500,Buy,233568388
2024-08-21 13:08:48,21900.0,100,Buy,233568393
2024-08-21 13:08:49,21900.0,600,Buy,233568420
2024-08-21 13:08:51,21900.0,100,Buy,233568468
2024-08-21 13:08:52,21900.0,100,Buy,233568506
2024-08-21 13:08:52,21900.0,100,Buy,233568490
2024-08-21 13:08:59,21900.0,300,Buy,233568654
2024-08-21 13:08:59,21900.0,200,Buy,233568652
2024-08-21 13:08:59,21900.0,100,Buy,233568653
2024-08-21 13:09:04,21900.0,1100,Sell,233568775
2024-08-21 13:09:04,21900.0,100,Sell,233568776
2024-08-21 13:09:12,21900.0,1000,Buy,233569052
2024-08-21 13:09:15,21900.0,2000,Buy,233569135
2024-08-21 13:09:16,21900.0,1000,Buy,233569173
2024-08-21 13:09:19,21900.0,300,Buy,233569267
2024-08-21 13:09:20,21900.0,600,Buy,233569322
2024-08-21 13:09:27,21900.0,100,Buy,233569464
2024-08-21 13:09:29,21900.0,100,Buy,233569521
2024-08-21 13:09:29,21900.0,1000,Buy,233569514
2024-08-21 13:09:32,21850.0,300,Sell,233569585
2024-08-21 13:09:38,21900.0,500,Buy,233569840
2024-08-21 13:09:43,21900.0,100,Buy,233569967
2024-08-21 13:09:44,21850.0,600,Sell,233569989
2024-08-21 13:09:44,21850.0,200,Sell,233569988
2024-08-21 13:09:44,21850.0,200,Sell,233569987
2024-08-21 13:09:44,21850.0,1000,Sell,233569986
2024-08-21 13:09:44,21850.0,100,Sell,233569985
2024-08-21 13:09:44,21850.0,500,Sell,233569984
2024-08-21 13:09:44,21850.0,1000,Sell,233569983
2024-08-21 13:09:44,21850.0,900,Sell,233569982
2024-08-21 13:09:44,21850.0,300,Sell,233569981
2024-08-21 13:09:44,21850.0,600,Sell,233569979
2024-08-21 13:09:44,21850.0,2000,Sell,233569973
2024-08-21 13:09:44,21850.0,100,Sell,233569974
2024-08-21 13:09:44,21850.0,200,Sell,233569975
2024-08-21 13:09:44,21850.0,400,Sell,233569980
2024-08-21 13:09:44,21850.0,100,Sell,233569977
2024-08-21 13:09:44,21850.0,4000,Sell,233569978
2024-08-21 13:09:44,21850.0,100,Sell,233569976
2024-08-21 13:09:49,21900.0,1000,Buy,233570166
2024-08-21 13:09:55,21900.0,300,Buy,233570322
2024-08-21 13:10:05,21850.0,100,Sell,233570514
2024-08-21 13:10:31,21900.0,2000,Buy,233571170
2024-08-21 13:10:50,21900.0,3900,Buy,233571634
2024-08-21 13:10:50,21900.0,200,Buy,233571633
2024-08-21 13:10:50,21900.0,3900,Buy,233571632
2024-08-21 13:10:51,21900.0,200,Buy,233571654
2024-08-21 13:10:58,21900.0,100,Buy,233571829
2024-08-21 13:11:12,21900.0,1000,Buy,233572171
2024-08-21 13:11:18,21900.0,2300,Buy,233572323
2024-08-21 13:11:29,21900.0,2000,Buy,233572615
2024-08-21 13:11:32,21850.0,100,Sell,233572715
2024-08-21 13:11:35,21900.0,500,Buy,233572801
2024-08-21 13:11:37,21850.0,100,Sell,233572841
2024-08-21 13:11:46,21850.0,300,Sell,233573059
2024-08-21 13:12:17,21850.0,1000,Sell,233573873
2024-08-21 13:12:17,21850.0,100,Sell,233573872
2024-08-21 13:12:17,21850.0,1000,Sell,233573871
2024-08-21 13:12:17,21850.0,800,Sell,233573869
2024-08-21 13:12:17,21850.0,100,Sell,233573870
2024-08-21 13:12:19,21900.0,4500,Buy,233573915
2024-08-21 13:12:21,21900.0,2000,Buy,233573949
2024-08-21 13:12:34,21900.0,200,Buy,233574224
2024-08-21 13:12:37,21900.0,500,Buy,233574297
2024-08-21 13:12:39,21900.0,400,Buy,233574351
2024-08-21 13:12:39,21900.0,100,Buy,233574352
2024-08-21 13:12:43,21900.0,100,Buy,233574459
2024-08-21 13:12:44,21900.0,5000,Buy,233574478
2024-08-21 13:12:48,21900.0,3000,Buy,233574550
2024-08-21 13:12:49,21900.0,5000,Buy,233574585
2024-08-21 13:12:50,21900.0,2000,Buy,233574601
2024-08-21 13:12:52,21900.0,2000,Buy,233574637
2024-08-21 13:12:52,21850.0,1900,Sell,233574642
2024-08-21 13:12:53,21900.0,2200,Buy,233574648
2024-08-21 13:12:53,21900.0,200,Buy,233574649
2024-08-21 13:12:53,21900.0,500,Buy,233574650
2024-08-21 13:12:53,21900.0,1000,Buy,233574651
2024-08-21 13:12:53,21900.0,200,Buy,233574652
2024-08-21 13:13:13,21950.0,1000,Buy,233575139
2024-08-21 13:13:13,21950.0,200,Buy,233575140
2024-08-21 13:13:13,21950.0,500,Buy,233575141
2024-08-21 13:13:18,21950.0,500,Sell,233575250
2024-08-21 13:13:22,21950.0,3200,Sell,233575335
2024-08-21 13:13:22,21950.0,200,Sell,233575333
2024-08-21 13:13:22,21950.0,100,Sell,233575334
2024-08-21 13:13:43,21950.0,100,Sell,233575972
2024-08-21 13:13:51,22000.0,100,Buy,233576222
2024-08-21 13:14:02,22000.0,2000,Buy,233576450
2024-08-21 13:14:07,22000.0,5000,Buy,233576565
2024-08-21 13:14:21,22000.0,1100,Buy,233577044
2024-08-21 13:14:28,22000.0,1300,Buy,233577205
2024-08-21 13:14:31,22000.0,100,Buy,233577311
2024-08-21 13:14:34,22000.0,2500,Buy,233577447
2024-08-21 13:14:44,22000.0,100,Buy,233577682
2024-08-21 13:14:47,22000.0,600,Buy,233577775
2024-08-21 13:14:50,22000.0,200,Buy,233577875
2024-08-21 13:14:55,22000.0,2000,Buy,233578015
2024-08-21 13:14:56,22000.0,1000,Buy,233578061
2024-08-21 13:14:59,22000.0,2000,Buy,233578113
2024-08-21 13:15:02,22000.0,3000,Buy,233578222
2024-08-21 13:15:04,22000.0,100,Buy,233578258
2024-08-21 13:15:05,22000.0,9500,Buy,233578411
2024-08-21 13:15:11,22000.0,1000,Buy,233578571
2024-08-21 13:15:12,22000.0,2700,Buy,233578593
2024-08-21 13:15:13,22000.0,200,Buy,233578673
2024-08-21 13:15:18,22000.0,100,Buy,233578789
2024-08-21 13:15:20,22000.0,100,Buy,233578831
2024-08-21 13:15:22,22000.0,1000,Buy,233578905
2024-08-21 13:15:27,22000.0,500,Buy,233579066
2024-08-21 13:15:28,22000.0,3000,Buy,233579097
2024-08-21 13:15:30,22000.0,9800,Buy,233579158
2024-08-21 13:15:30,22000.0,200,Buy,233579159
2024-08-21 13:15:32,22000.0,400,Buy,233579201
2024-08-21 13:15:32,22000.0,300,Buy,233579202
2024-08-21 13:15:32,22000.0,500,Buy,233579203
2024-08-21 13:15:32,22000.0,200,Buy,233579204
2024-08-21 13:15:33,22000.0,400,Buy,233579251
2024-08-21 13:15:34,22000.0,200,Buy,233579275
2024-08-21 13:15:36,22000.0,100,Buy,233579317
2024-08-21 13:15:36,22000.0,100,Buy,233579334
2024-08-21 13:15:37,22000.0,300,Buy,233579369
2024-08-21 13:15:38,22000.0,100,Buy,233579401
2024-08-21 13:15:38,22000.0,500,Buy,233579392
2024-08-21 13:15:38,22000.0,400,Buy,233579391
2024-08-21 13:15:38,22000.0,100,Buy,233579390
2024-08-21 13:15:38,22000.0,100,Buy,233579388
2024-08-21 13:15:38,22000.0,700,Buy,233579387
2024-08-21 13:15:38,22000.0,200,Buy,233579389
2024-08-21 13:15:54,22000.0,100,Sell,233579835
2024-08-21 13:15:58,22050.0,100,Buy,233579937
2024-08-21 13:15:58,22050.0,1000,Buy,233579938
2024-08-21 13:15:58,22050.0,200,Buy,233579939
2024-08-21 13:15:58,22050.0,300,Buy,233579940
2024-08-21 13:15:58,22050.0,300,Buy,233579941
2024-08-21 13:15:59,22150.0,1200,Buy,233579957
2024-08-21 13:15:59,22150.0,200,Buy,233579956
2024-08-21 13:15:59,22100.0,100,Buy,233579953
2024-08-21 13:15:59,22150.0,500,Buy,233579954
2024-08-21 13:15:59,22150.0,900,Buy,233579955
2024-08-21 13:15:59,22100.0,100,Buy,233579952
2024-08-21 13:16:02,22050.0,1100,Sell,233580084
2024-08-21 13:16:07,22100.0,200,Sell,233580215
2024-08-21 13:16:07,22100.0,300,Sell,233580216
2024-08-21 13:16:12,22150.0,1600,Buy,233580316
2024-08-21 13:16:12,22150.0,100,Buy,233580317
2024-08-21 13:16:20,22150.0,100,Sell,233580643
2024-08-21 13:16:39,22150.0,100,Sell,233581254
2024-08-21 13:16:46,22200.0,200,Buy,233581564
2024-08-21 13:16:48,22150.0,900,Sell,233581607
2024-08-21 13:16:48,22150.0,100,Sell,233581605
2024-08-21 13:16:48,22150.0,1000,Sell,233581606
2024-08-21 13:16:49,22200.0,300,Buy,233581678
2024-08-21 13:16:49,22200.0,700,Buy,233581679
2024-08-21 13:16:54,22200.0,100,Buy,233581899
2024-08-21 13:16:59,22200.0,200,Buy,233582090
2024-08-21 13:16:59,22200.0,500,Buy,233582091
2024-08-21 13:16:59,22200.0,100,Buy,233582092
2024-08-21 13:16:59,22200.0,2000,Buy,233582093
2024-08-21 13:16:59,22200.0,200,Buy,233582094
2024-08-21 13:17:08,22200.0,200,Buy,233582393
2024-08-21 13:17:10,22200.0,1000,Buy,233582437
2024-08-21 13:17:10,22200.0,900,Buy,233582435
2024-08-21 13:17:10,22200.0,100,Buy,233582436
2024-08-21 13:17:16,22200.0,100,Buy,233582594
2024-08-21 13:17:16,22200.0,100,Buy,233582595
2024-08-21 13:17:17,22200.0,5000,Buy,233582618
2024-08-21 13:17:20,22250.0,100,Buy,233582690
2024-08-21 13:17:20,22150.0,100,Sell,233582701
2024-08-21 13:17:20,22150.0,100,Sell,233582702
2024-08-21 13:17:20,22150.0,800,Sell,233582703
2024-08-21 13:17:23,22250.0,100,Buy,233582796
2024-08-21 13:17:25,22200.0,500,Sell,233582839
2024-08-21 13:17:30,22250.0,200,Buy,233583047
2024-08-21 13:17:45,22200.0,2000,Sell,233583482
2024-08-21 13:17:46,22250.0,500,Buy,233583500
2024-08-21 13:17:52,22250.0,300,Buy,233583627
2024-08-21 13:17:57,22200.0,200,Sell,233583759
2024-08-21 13:18:02,22250.0,100,Buy,233583855
2024-08-21 13:18:04,22250.0,1000,Buy,233583887
2024-08-21 13:18:05,22250.0,500,Buy,233583947
2024-08-21 13:18:10,22250.0,100,Buy,233584062
2024-08-21 13:18:11,22300.0,100,Buy,233584094
2024-08-21 13:18:11,22300.0,200,Buy,233584093
2024-08-21 13:18:11,22300.0,100,Buy,233584092
2024-08-21 13:18:11,22300.0,100,Buy,233584091
2024-08-21 13:18:11,22250.0,300,Buy,233584088
2024-08-21 13:18:11,22300.0,1000,Buy,233584090
2024-08-21 13:18:11,22250.0,100,Buy,233584086
2024-08-21 13:18:11,22250.0,100,Buy,233584087
2024-08-21 13:18:11,22250.0,1300,Buy,233584081
2024-08-21 13:18:11,22250.0,900,Buy,233584082
2024-08-21 13:18:11,22300.0,100,Buy,233584089
2024-08-21 13:18:11,22250.0,100,Buy,233584084
2024-08-21 13:18:11,22250.0,100,Buy,233584083
2024-08-21 13:18:11,22250.0,1000,Buy,233584085
2024-08-21 13:18:19,22300.0,400,Buy,233584532
2024-08-21 13:18:20,22300.0,200,Buy,233584533
2024-08-21 13:18:21,22300.0,100,Buy,233584613
2024-08-21 13:18:23,22300.0,100,Buy,233584709
2024-08-21 13:18:29,22300.0,600,Buy,233584901
2024-08-21 13:18:29,22300.0,100,Buy,233584900
2024-08-21 13:18:29,22250.0,200,Sell,233584884
2024-08-21 13:18:29,22250.0,500,Sell,233584886
2024-08-21 13:18:29,22250.0,100,Sell,233584885
2024-08-21 13:18:29,22250.0,2200,Sell,233584887
2024-08-21 13:18:35,22400.0,1000,Buy,233585096
2024-08-21 13:18:35,22400.0,100,Buy,233585095
2024-08-21 13:18:35,22400.0,100,Buy,233585094
2024-08-21 13:18:35,22400.0,800,Buy,233585093
2024-08-21 13:18:35,22400.0,5000,Buy,233585092
2024-08-21 13:18:35,22350.0,100,Buy,233585089
2024-08-21 13:18:35,22350.0,100,Buy,233585088
2024-08-21 13:18:35,22350.0,1400,Buy,233585087
2024-08-21 13:18:35,22300.0,4400,Buy,233585086
2024-08-21 13:18:35,22400.0,100,Buy,233585091
2024-08-21 13:18:35,22350.0,500,Buy,233585090
2024-08-21 13:18:36,22400.0,6400,Sell,233585175
2024-08-21 13:18:46,22400.0,600,Buy,233585454
2024-08-21 13:18:51,22400.0,1700,Buy,233585585
2024-08-21 13:18:59,22400.0,100,Buy,233585806
2024-08-21 13:18:59,22400.0,100,Buy,233585805
2024-08-21 13:19:03,22300.0,400,Sell,233585912
2024-08-21 13:19:03,22300.0,1000,Sell,233585913
2024-08-21 13:19:06,22400.0,1700,Buy,233586008
2024-08-21 13:19:06,22400.0,8300,Buy,233586009
2024-08-21 13:19:06,22400.0,2000,Buy,233586013
2024-08-21 13:19:11,22400.0,100,Buy,233586150
2024-08-21 13:19:14,22400.0,100,Buy,233586267
2024-08-21 13:19:14,22400.0,500,Buy,233586277
2024-08-21 13:19:15,22400.0,100,Buy,233586299
2024-08-21 13:19:15,22400.0,4200,Buy,233586300
2024-08-21 13:19:16,22400.0,3200,Sell,233586326
2024-08-21 13:19:21,22400.0,500,Buy,233586446
2024-08-21 13:19:26,22400.0,100,Buy,233586587
2024-08-21 13:19:29,22400.0,500,Buy,233586730
2024-08-21 13:19:29,22400.0,100,Buy,233586735
2024-08-21 13:19:32,22350.0,1100,Sell,233586784
2024-08-21 13:19:34,22300.0,4000,Sell,233586850
2024-08-21 13:19:34,22300.0,200,Sell,233586851
2024-08-21 13:19:34,22300.0,1000,Sell,233586852
2024-08-21 13:19:41,22400.0,500,Buy,233587036
2024-08-21 13:19:43,22300.0,100,Sell,233587083
2024-08-21 13:19:48,22300.0,500,Sell,233587329
2024-08-21 13:19:48,22300.0,2000,Sell,233587330
2024-08-21 13:19:51,22250.0,2000,Sell,233587477
2024-08-21 13:19:51,22250.0,800,Sell,233587476
2024-08-21 13:19:51,22300.0,100,Sell,233587475
2024-08-21 13:19:51,22300.0,100,Sell,233587474
2024-08-21 13:19:55,22300.0,800,Buy,233587670
2024-08-21 13:20:00,22250.0,1000,Sell,233587825
2024-08-21 13:20:02,22200.0,100,Sell,233587859
2024-08-21 13:20:02,22200.0,2000,Sell,233587858
2024-08-21 13:20:02,22200.0,2000,Sell,233587855
2024-08-21 13:20:02,22200.0,1000,Sell,233587854
2024-08-21 13:20:02,22200.0,1000,Sell,233587857
2024-08-21 13:20:02,22200.0,1000,Sell,233587852
2024-08-21 13:20:02,22200.0,25000,Sell,233587851
2024-08-21 13:20:02,22200.0,1000,Sell,233587850
2024-08-21 13:20:02,22200.0,5000,Sell,233587849
2024-08-21 13:20:02,22200.0,2300,Sell,233587848
2024-08-21 13:20:02,22200.0,300,Sell,233587853
2024-08-21 13:20:02,22200.0,1000,Sell,233587856
2024-08-21 13:20:03,22250.0,200,Buy,233587883
2024-08-21 13:20:05,22250.0,100,Buy,233587950
2024-08-21 13:20:08,22250.0,1000,Buy,233588041
2024-08-21 13:20:13,22250.0,1000,Buy,233588210
2024-08-21 13:20:17,22250.0,100,Buy,233588326
2024-08-21 13:20:18,22250.0,500,Buy,233588338
2024-08-21 13:20:25,22200.0,200,Sell,233588572
2024-08-21 13:20:25,22200.0,2000,Sell,233588560
2024-08-21 13:20:25,22200.0,200,Sell,233588561
2024-08-21 13:20:27,22250.0,1900,Buy,233588627
2024-08-21 13:20:31,22250.0,2000,Buy,233588762
2024-08-21 13:20:37,22250.0,200,Buy,233588905
2024-08-21 13:20:39,22250.0,100,Buy,233588986
2024-08-21 13:20:43,22250.0,500,Buy,233589112
2024-08-21 13:20:43,22200.0,200,Sell,233589117
2024-08-21 13:20:43,22200.0,500,Sell,233589118
2024-08-21 13:20:47,22250.0,1000,Buy,233589248
2024-08-21 13:20:48,22250.0,400,Buy,233589255
2024-08-21 13:20:48,22250.0,400,Buy,233589258
2024-08-21 13:20:48,22250.0,2000,Buy,233589270
2024-08-21 13:20:58,22200.0,2000,Sell,233589502
2024-08-21 13:20:58,22200.0,100,Sell,233589503
2024-08-21 13:20:58,22200.0,500,Sell,233589500
2024-08-21 13:20:58,22200.0,200,Sell,233589501
2024-08-21 13:21:00,22200.0,100,Buy,233589558
2024-08-21 13:21:00,22200.0,2100,Buy,233589584
2024-08-21 13:21:00,22250.0,1000,Buy,233589585
2024-08-21 13:21:00,22250.0,1000,Buy,233589586
2024-08-21 13:21:00,22250.0,100,Buy,233589587
2024-08-21 13:21:00,22250.0,600,Buy,233589588
2024-08-21 13:21:00,22250.0,3200,Buy,233589589
2024-08-21 13:21:01,22250.0,100,Buy,233589613
2024-08-21 13:21:09,22250.0,100,Sell,233589938
2024-08-21 13:21:11,22250.0,1400,Sell,233589984
2024-08-21 13:21:24,22250.0,500,Buy,233590346
2024-08-21 13:21:25,22250.0,100,Buy,233590388
2024-08-21 13:21:31,22250.0,1000,Buy,233590584
2024-08-21 13:21:31,22250.0,1000,Buy,233590587
2024-08-21 13:21:31,22250.0,4000,Buy,233590583
2024-08-21 13:21:31,22250.0,500,Buy,233590585
2024-08-21 13:21:31,22250.0,500,Buy,233590586
2024-08-21 13:21:40,22200.0,100,Sell,233590814
2024-08-21 13:21:43,22200.0,900,Sell,233590908
2024-08-21 13:21:43,22200.0,1000,Sell,233590907
2024-08-21 13:21:43,22300.0,4300,Buy,233590888
2024-08-21 13:21:43,22200.0,100,Sell,233590905
2024-08-21 13:21:43,22200.0,2000,Sell,233590906
2024-08-21 13:21:49,22300.0,2000,Buy,233591044
2024-08-21 13:22:03,22300.0,2000,Buy,233591470
2024-08-21 13:22:12,22300.0,1000,Buy,233591753
2024-08-21 13:22:13,22300.0,200,Buy,233591773
2024-08-21 13:22:23,22300.0,100,Buy,233592000
2024-08-21 13:22:44,22300.0,400,Buy,233592584
2024-08-21 13:22:52,22300.0,100,Buy,233592854
2024-08-21 13:22:59,22300.0,400,Buy,233593027
2024-08-21 13:23:01,22300.0,300,Buy,233593058
2024-08-21 13:23:01,22300.0,100,Buy,233593057
2024-08-21 13:23:10,22300.0,700,Buy,233593544
2024-08-21 13:23:10,22300.0,500,Buy,233593545
2024-08-21 13:23:10,22300.0,1000,Buy,233593546
2024-08-21 13:23:10,22300.0,500,Buy,233593547
2024-08-21 13:23:10,22300.0,500,Buy,233593548
2024-08-21 13:23:19,22300.0,100,Sell,233593805
2024-08-21 13:23:28,22350.0,100,Sell,233594091
2024-08-21 13:23:35,22300.0,500,Sell,233594370
2024-08-21 13:23:51,22300.0,1300,Sell,233594920
2024-08-21 13:23:55,22300.0,300,Sell,233595006
2024-08-21 13:24:02,22300.0,300,Sell,233595230
2024-08-21 13:24:13,22300.0,200,Sell,233595637
2024-08-21 13:24:13,22300.0,100,Sell,233595638
2024-08-21 13:24:13,22350.0,400,Buy,233595639
2024-08-21 13:24:17,22350.0,400,Buy,233595747
2024-08-21 13:24:17,22350.0,700,Buy,233595748
2024-08-21 13:24:22,22350.0,300,Buy,233595889
2024-08-21 13:24:22,22350.0,300,Buy,233595890
2024-08-21 13:24:28,22350.0,300,Sell,233596111
2024-08-21 13:24:31,22350.0,100,Sell,233596211
2024-08-21 13:24:33,22350.0,100,Sell,233596277
2024-08-21 13:24:43,22400.0,100,Buy,233596566
2024-08-21 13:24:53,22350.0,100,Sell,233596888
2024-08-21 13:25:06,22400.0,100,Buy,233597187
2024-08-21 13:25:06,22400.0,200,Buy,233597188
2024-08-21 13:25:17,22400.0,100,Buy,233597493
2024-08-21 13:25:47,22400.0,700,Buy,233598249
2024-08-21 13:25:47,22400.0,4500,Buy,233598250
2024-08-21 13:25:47,22400.0,400,Buy,233598251
2024-08-21 13:25:54,22350.0,500,Sell,233598480
2024-08-21 13:25:55,22350.0,1700,Sell,233598522
2024-08-21 13:25:55,22350.0,2000,Sell,233598521
2024-08-21 13:25:55,22350.0,100,Sell,233598519
2024-08-21 13:25:55,22350.0,5000,Sell,233598518
2024-08-21 13:25:55,22350.0,300,Sell,233598517
2024-08-21 13:25:55,22350.0,500,Sell,233598520
2024-08-21 13:25:58,22400.0,900,Buy,233598571
2024-08-21 13:25:58,22400.0,500,Buy,233598570
2024-08-21 13:25:58,22400.0,100,Buy,233598568
2024-08-21 13:25:58,22400.0,500,Buy,233598567
2024-08-21 13:25:58,22400.0,200,Buy,233598569
2024-08-21 13:25:58,22400.0,1000,Buy,233598565
2024-08-21 13:25:58,22400.0,100,Buy,233598564
2024-08-21 13:25:58,22400.0,100,Buy,233598563
2024-08-21 13:25:58,22400.0,1600,Buy,233598562
2024-08-21 13:25:58,22350.0,2000,Sell,233598560
2024-08-21 13:25:58,22400.0,1000,Buy,233598566
2024-08-21 13:26:02,22350.0,400,Sell,233598627
2024-08-21 13:26:03,22400.0,100,Buy,233598696
2024-08-21 13:26:04,22400.0,100,Buy,233598703
2024-08-21 13:26:06,22350.0,100,Sell,233598723
2024-08-21 13:26:08,22350.0,400,Sell,233598787
2024-08-21 13:26:08,22350.0,100,Sell,233598788
2024-08-21 13:26:08,22350.0,500,Sell,233598789
2024-08-21 13:26:14,22350.0,1700,Sell,233598925
2024-08-21 13:26:14,22350.0,200,Sell,233598926
2024-08-21 13:26:14,22350.0,100,Sell,233598923
2024-08-21 13:26:14,22350.0,1500,Sell,233598922
2024-08-21 13:26:14,22350.0,1000,Sell,233598924
2024-08-21 13:26:19,22350.0,1000,Buy,233599125
2024-08-21 13:26:23,22350.0,1100,Buy,233599204
2024-08-21 13:26:28,22350.0,100,Buy,233599328
2024-08-21 13:26:33,22350.0,100,Buy,233599433
2024-08-21 13:26:34,22350.0,100,Buy,233599452
2024-08-21 13:26:48,22350.0,5000,Buy,233599786
2024-08-21 13:26:50,22350.0,100,Buy,233599822
2024-08-21 13:26:54,22300.0,500,Sell,233599913
2024-08-21 13:27:06,22300.0,2100,Sell,233600280
2024-08-21 13:27:06,22300.0,100,Sell,233600279
2024-08-21 13:27:06,22300.0,500,Sell,233600278
2024-08-21 13:27:06,22300.0,300,Sell,233600276
2024-08-21 13:27:06,22300.0,1000,Sell,233600277
2024-08-21 13:27:11,22300.0,100,Sell,233600442
2024-08-21 13:27:16,22300.0,500,Sell,233600608
2024-08-21 13:27:19,22300.0,300,Sell,233600671
2024-08-21 13:27:19,22300.0,100,Sell,233600672
2024-08-21 13:27:19,22300.0,100,Sell,233600673
2024-08-21 13:27:19,22300.0,500,Sell,233600674
2024-08-21 13:27:19,22300.0,500,Sell,233600675
2024-08-21 13:27:19,22300.0,500,Sell,233600676
2024-08-21 13:27:20,22300.0,200,Sell,233600717
2024-08-21 13:27:20,22300.0,2000,Sell,233600716
2024-08-21 13:27:20,22300.0,800,Sell,233600715
2024-08-21 13:27:20,22300.0,100,Sell,233600713
2024-08-21 13:27:20,22300.0,2300,Sell,233600714
2024-08-21 13:27:20,22300.0,100,Sell,233600712
2024-08-21 13:27:20,22300.0,9300,Sell,233600711
2024-08-21 13:27:32,22300.0,100,Sell,233601077
2024-08-21 13:27:32,22300.0,200,Sell,233601078
2024-08-21 13:28:13,22300.0,100,Buy,233602162
2024-08-21 13:28:13,22300.0,900,Buy,233602163
2024-08-21 13:28:20,22300.0,300,Buy,233602349
2024-08-21 13:28:20,22300.0,700,Buy,233602350
2024-08-21 13:28:21,22300.0,300,Buy,233602363
2024-08-21 13:28:25,22300.0,100,Buy,233602505
2024-08-21 13:28:29,22300.0,100,Buy,233602674
2024-08-21 13:28:37,22300.0,200,Buy,233602943
2024-08-21 13:28:37,22250.0,100,Sell,233602938
2024-08-21 13:28:37,22250.0,1000,Sell,233602939
2024-08-21 13:28:37,22250.0,400,Sell,233602940
2024-08-21 13:28:44,22300.0,100,Buy,233603128
2024-08-21 13:28:51,22300.0,800,Buy,233603277
2024-08-21 13:29:00,22300.0,400,Buy,233603464
2024-08-21 13:29:20,22300.0,2000,Buy,233603965
2024-08-21 13:29:20,22300.0,400,Buy,233603966
2024-08-21 13:29:20,22300.0,200,Buy,233603964
2024-08-21 13:29:20,22300.0,100,Buy,233603967
2024-08-21 13:29:20,22300.0,2000,Buy,233603962
2024-08-21 13:29:20,22300.0,2000,Buy,233603961
2024-08-21 13:29:20,22300.0,1000,Buy,233603960
2024-08-21 13:29:20,22300.0,800,Buy,233603959
2024-08-21 13:29:20,22300.0,1500,Buy,233603963
2024-08-21 13:29:36,22250.0,600,Sell,233604285
2024-08-21 13:29:36,22250.0,100,Sell,233604286
2024-08-21 13:29:36,22250.0,1200,Sell,233604287
2024-08-21 13:29:45,22250.0,2400,Sell,233604479
2024-08-21 13:29:45,22250.0,2500,Sell,233604480
2024-08-21 13:29:45,22250.0,5000,Sell,233604481
2024-08-21 13:29:45,22250.0,100,Sell,233604482
2024-08-21 13:29:45,22250.0,1000,Sell,233604483
2024-08-21 13:29:55,22250.0,100,Sell,233604687
2024-08-21 13:30:16,22250.0,100,Buy,233605255
2024-08-21 13:30:19,22250.0,1500,Buy,233605308
2024-08-21 13:30:19,22250.0,400,Buy,233605307
2024-08-21 13:30:22,22250.0,1000,Sell,233605365
2024-08-21 13:30:24,22250.0,3100,Sell,233605392
2024-08-21 13:30:50,22250.0,500,Sell,233606075
2024-08-21 13:30:50,22250.0,400,Sell,233606076
2024-08-21 13:30:50,22250.0,4100,Sell,233606077
2024-08-21 13:30:55,22250.0,400,Sell,233606256
2024-08-21 13:30:55,22250.0,200,Sell,233606257
2024-08-21 13:30:59,22250.0,400,Buy,233606386
2024-08-21 13:30:59,22250.0,800,Buy,233606387
2024-08-21 13:31:16,22250.0,200,Sell,233606813
2024-08-21 13:31:42,22250.0,500,Sell,233607809
2024-08-21 13:31:42,22250.0,100,Sell,233607807
2024-08-21 13:31:42,22250.0,400,Sell,233607806
2024-08-21 13:31:42,22250.0,2000,Sell,233607808
2024-08-21 13:31:53,22250.0,500,Sell,233608183
2024-08-21 13:31:53,22250.0,1800,Sell,233608184
2024-08-21 13:32:07,22300.0,100,Buy,233608680
2024-08-21 13:32:11,22250.0,200,Sell,233608775
2024-08-21 13:32:17,22250.0,100,Buy,233609009
2024-08-21 13:32:31,22250.0,700,Buy,233609681
2024-08-21 13:32:31,22250.0,2000,Buy,233609682
2024-08-21 13:32:31,22250.0,200,Buy,233609683
2024-08-21 13:32:31,22250.0,500,Buy,233609684
2024-08-21 13:32:51,22250.0,500,Sell,233610282
2024-08-21 13:32:56,22250.0,1000,Sell,233610461
2024-08-21 13:33:18,22250.0,500,Sell,233611097
2024-08-21 13:33:30,22250.0,500,Sell,233611546
2024-08-21 13:33:30,22250.0,100,Sell,233611547
2024-08-21 13:33:30,22250.0,900,Sell,233611548
2024-08-21 13:33:30,22250.0,500,Sell,233611549
2024-08-21 13:33:30,22250.0,4600,Sell,233611545
2024-08-21 13:33:35,22300.0,200,Buy,233611694
2024-08-21 13:33:37,22300.0,600,Buy,233611741
2024-08-21 13:33:37,22300.0,100,Buy,233611740
2024-08-21 13:33:51,22250.0,100,Sell,233612054
2024-08-21 13:33:56,22300.0,200,Buy,233612277
2024-08-21 13:33:56,22300.0,100,Buy,233612279
2024-08-21 13:33:56,22300.0,500,Buy,233612278
2024-08-21 13:33:56,22300.0,100,Buy,233612280
2024-08-21 13:33:56,22300.0,1000,Buy,233612276
2024-08-21 13:33:56,22300.0,100,Buy,233612270
2024-08-21 13:33:56,22300.0,500,Buy,233612274
2024-08-21 13:33:56,22300.0,500,Buy,233612273
2024-08-21 13:33:56,22300.0,3000,Buy,233612272
2024-08-21 13:33:56,22300.0,400,Buy,233612271
2024-08-21 13:33:56,22300.0,600,Buy,233612269
2024-08-21 13:33:56,22300.0,2000,Buy,233612275
2024-08-21 13:33:58,22300.0,100,Buy,233612382
2024-08-21 13:34:10,22250.0,400,Sell,233612688
2024-08-21 13:34:10,22250.0,100,Sell,233612689
2024-08-21 13:34:34,22250.0,200,Sell,233613413
2024-08-21 13:34:41,22300.0,100,Buy,233613590
2024-08-21 13:34:41,22300.0,100,Buy,233613591
2024-08-21 13:34:41,22300.0,100,Buy,233613592
2024-08-21 13:34:50,22300.0,1000,Buy,233613872
2024-08-21 13:34:50,22300.0,100,Buy,233613871
2024-08-21 13:34:50,22300.0,400,Buy,233613874
2024-08-21 13:34:50,22300.0,1000,Buy,233613873
2024-08-21 13:34:50,22300.0,100,Buy,233613870
2024-08-21 13:34:50,22300.0,100,Buy,233613876
2024-08-21 13:34:50,22300.0,5000,Buy,233613868
2024-08-21 13:34:50,22300.0,200,Buy,233613869
2024-08-21 13:34:50,22300.0,900,Buy,233613864
2024-08-21 13:34:50,22300.0,1000,Buy,233613875
2024-08-21 13:34:50,22300.0,1000,Buy,233613865
2024-08-21 13:34:50,22300.0,1000,Buy,233613867
2024-08-21 13:34:50,22300.0,1000,Buy,233613866
2024-08-21 13:34:55,22300.0,200,Sell,233614003
2024-08-21 13:34:56,22250.0,200,Sell,233614038
2024-08-21 13:34:56,22250.0,800,Sell,233614039
2024-08-21 13:34:58,22300.0,1300,Buy,233614114
2024-08-21 13:35:06,22300.0,3500,Buy,233614383
2024-08-21 13:35:06,22300.0,1000,Buy,233614384
2024-08-21 13:35:12,22300.0,200,Sell,233614604
2024-08-21 13:35:12,22300.0,300,Sell,233614605
2024-08-21 13:35:26,22300.0,200,Sell,233615002
2024-08-21 13:35:26,22250.0,100,Sell,233615003
2024-08-21 13:35:35,22250.0,1600,Sell,233615269
2024-08-21 13:35:35,22250.0,100,Sell,233615268
2024-08-21 13:35:38,22250.0,300,Sell,233615355
2024-08-21 13:35:38,22250.0,8400,Sell,233615354
2024-08-21 13:35:49,22300.0,100,Buy,233615646
2024-08-21 13:36:05,22300.0,1900,Buy,233616070
2024-08-21 13:36:05,22300.0,400,Buy,233616071
2024-08-21 13:37:05,22250.0,3700,Sell,233618337
2024-08-21 13:37:05,22250.0,1300,Sell,233618338
2024-08-21 13:37:34,22250.0,100,Sell,233619268
2024-08-21 13:37:40,22300.0,100,Buy,233619450
2024-08-21 13:37:49,22250.0,600,Sell,233619789
2024-08-21 13:37:49,22250.0,400,Sell,233619790
2024-08-21 13:37:59,22300.0,400,Buy,233620220
2024-08-21 13:38:04,22250.0,100,Sell,233620360
2024-08-21 13:38:42,22250.0,500,Sell,233621750
2024-08-21 13:38:42,22250.0,500,Sell,233621749
2024-08-21 13:38:44,22250.0,500,Sell,233621794
2024-08-21 13:38:44,22250.0,1000,Sell,233621795
2024-08-21 13:38:45,22250.0,1000,Sell,233621874
2024-08-21 13:38:45,22250.0,1000,Sell,233621873
2024-08-21 13:38:45,22250.0,2500,Sell,233621872
2024-08-21 13:38:45,22250.0,500,Sell,233621871
2024-08-21 13:38:45,22250.0,100,Sell,233621875
2024-08-21 13:38:45,22250.0,100,Sell,233621869
2024-08-21 13:38:45,22250.0,1000,Sell,233621868
2024-08-21 13:38:45,22250.0,900,Sell,233621867
2024-08-21 13:38:45,22250.0,4000,Sell,233621866
2024-08-21 13:38:45,22250.0,1100,Sell,233621870
2024-08-21 13:38:58,22250.0,100,Sell,233622404
2024-08-21 13:38:59,22250.0,1800,Sell,233622447
2024-08-21 13:39:04,22250.0,100,Sell,233622659
2024-08-21 13:39:05,22250.0,1100,Sell,233622692
2024-08-21 13:39:05,22250.0,200,Sell,233622693
2024-08-21 13:39:05,22250.0,300,Sell,233622694
2024-08-21 13:39:05,22250.0,1000,Sell,233622695
2024-08-21 13:39:05,22250.0,100,Sell,233622696
2024-08-21 13:39:05,22250.0,500,Sell,233622697
2024-08-21 13:39:31,22250.0,100,Buy,233623860
2024-08-21 13:39:31,22250.0,100,Buy,233623785
2024-08-21 13:40:13,22250.0,100,Buy,233625756
2024-08-21 13:41:02,22250.0,700,Buy,233627982
2024-08-21 13:41:02,22250.0,4900,Buy,233627981
2024-08-21 13:41:02,22250.0,1400,Buy,233627993
2024-08-21 13:41:02,22250.0,5000,Buy,233627992
2024-08-21 13:41:02,22250.0,1000,Buy,233627990
2024-08-21 13:41:02,22250.0,100,Buy,233627989
2024-08-21 13:41:02,22250.0,900,Buy,233627991
2024-08-21 13:41:02,22250.0,200,Buy,233627987
2024-08-21 13:41:02,22250.0,1000,Buy,233627986
2024-08-21 13:41:02,22250.0,100,Buy,233627985
2024-08-21 13:41:02,22250.0,100,Buy,233627984
2024-08-21 13:41:02,22250.0,8000,Buy,233627983
2024-08-21 13:41:02,22250.0,200,Buy,233627988
2024-08-21 13:41:22,22300.0,100,Buy,233628768
2024-08-21 13:41:26,22300.0,500,Buy,233628875
2024-08-21 13:41:26,22300.0,1200,Buy,233628880
2024-08-21 13:41:26,22300.0,500,Buy,233628879
2024-08-21 13:41:26,22300.0,100,Buy,233628877
2024-08-21 13:41:26,22300.0,400,Buy,233628876
2024-08-21 13:41:26,22300.0,600,Buy,233628874
2024-08-21 13:41:26,22300.0,500,Buy,233628878
2024-08-21 13:41:26,22300.0,100,Buy,233628872
2024-08-21 13:41:26,22300.0,100,Buy,233628871
2024-08-21 13:41:26,22300.0,100,Buy,233628870
2024-08-21 13:41:26,22300.0,1000,Buy,233628869
2024-08-21 13:41:26,22300.0,1000,Buy,233628868
2024-08-21 13:41:26,22300.0,2000,Buy,233628867
2024-08-21 13:41:26,22300.0,900,Buy,233628866
2024-08-21 13:41:26,22300.0,1000,Buy,233628873
2024-08-21 13:41:29,22300.0,5000,Buy,233628967
2024-08-21 13:41:35,22300.0,100,Buy,233629136
2024-08-21 13:41:51,22250.0,100,Sell,233629679
2024-08-21 13:42:34,22250.0,200,Sell,233631192
2024-08-21 13:42:43,22250.0,1000,Sell,233631537
2024-08-21 13:43:11,22250.0,3600,Sell,233632641
2024-08-21 13:43:12,22250.0,3400,Sell,233632680
2024-08-21 13:43:12,22300.0,2700,Buy,233632663
2024-08-21 13:43:12,22300.0,200,Buy,233632661
2024-08-21 13:43:12,22300.0,500,Buy,233632660
2024-08-21 13:43:12,22300.0,1400,Buy,233632659
2024-08-21 13:43:12,22300.0,500,Buy,233632662
2024-08-21 13:43:13,22300.0,100,Buy,233632694
2024-08-21 13:43:20,22250.0,2000,Sell,233632956
2024-08-21 13:43:22,22300.0,200,Buy,233633024
2024-08-21 13:43:22,22300.0,300,Buy,233633025
2024-08-21 13:43:37,22300.0,700,Buy,233633519
2024-08-21 13:43:37,22300.0,600,Buy,233633520
2024-08-21 13:43:37,22300.0,500,Buy,233633521
2024-08-21 13:43:37,22300.0,800,Buy,233633522
2024-08-21 13:43:37,22300.0,400,Buy,233633523
2024-08-21 13:43:37,22300.0,1000,Buy,233633524
2024-08-21 13:43:37,22300.0,100,Buy,233633525
2024-08-21 13:43:37,22300.0,500,Buy,233633526
2024-08-21 13:43:37,22300.0,200,Buy,233633528
2024-08-21 13:43:37,22300.0,500,Buy,233633530
2024-08-21 13:43:37,22300.0,100,Buy,233633527
2024-08-21 13:43:37,22300.0,1500,Buy,233633529
2024-08-21 13:43:44,22300.0,300,Sell,233633801
2024-08-21 13:43:49,22300.0,500,Sell,233634051
2024-08-21 13:43:53,22300.0,11700,Sell,233634273
2024-08-21 13:43:56,22250.0,2000,Sell,233634412
2024-08-21 13:43:57,22300.0,1000,Buy,233634444
2024-08-21 13:43:59,22300.0,800,Buy,233634517
2024-08-21 13:43:59,22350.0,300,Buy,233634518
2024-08-21 13:43:59,22350.0,100,Buy,233634519
2024-08-21 13:43:59,22350.0,1000,Buy,233634520
2024-08-21 13:43:59,22350.0,500,Buy,233634521
2024-08-21 13:44:10,22300.0,500,Buy,233635076
2024-08-21 13:44:24,22300.0,100,Buy,233635562
2024-08-21 13:44:28,22300.0,1000,Buy,233635732
2024-08-21 13:44:39,22300.0,200,Buy,233636148
2024-08-21 13:44:44,22300.0,1000,Buy,233636287
2024-08-21 13:44:46,22300.0,200,Buy,233636420
2024-08-21 13:44:49,22300.0,200,Buy,233636492
2024-08-21 13:44:59,22300.0,1200,Buy,233636836
2024-08-21 13:45:04,22300.0,100,Buy,233636978
2024-08-21 13:45:16,22300.0,400,Buy,233637263
2024-08-21 13:45:27,22250.0,500,Sell,233637736
2024-08-21 13:45:51,22250.0,300,Sell,233638529
2024-08-21 13:45:52,22250.0,3500,Sell,233638597
2024-08-21 13:46:06,22250.0,1400,Sell,233639044
2024-08-21 13:46:07,22250.0,6800,Sell,233639092
2024-08-21 13:46:10,22250.0,2000,Sell,233639272
2024-08-21 13:46:11,22250.0,2300,Sell,233639297
2024-08-21 13:46:11,22250.0,300,Sell,233639301
2024-08-21 13:46:11,22250.0,100,Sell,233639298
2024-08-21 13:46:11,22250.0,300,Sell,233639296
2024-08-21 13:46:11,22250.0,2000,Sell,233639294
2024-08-21 13:46:11,22250.0,500,Sell,233639293
2024-08-21 13:46:11,22250.0,18200,Sell,233639292
2024-08-21 13:46:11,22250.0,32100,Sell,233639291
2024-08-21 13:46:11,22250.0,4000,Sell,233639295
2024-08-21 13:46:12,22250.0,700,Sell,233639325
2024-08-21 13:46:12,22250.0,200,Sell,233639326
2024-08-21 13:46:12,22250.0,1000,Sell,233639327
2024-08-21 13:46:12,22250.0,1000,Sell,233639328
2024-08-21 13:46:12,22250.0,500,Sell,233639329
2024-08-21 13:46:21,22250.0,300,Buy,233639620
2024-08-21 13:46:23,22250.0,1000,Buy,233639652
2024-08-21 13:46:28,22250.0,100,Buy,233639839
2024-08-21 13:46:44,22250.0,1000,Buy,233640337
2024-08-21 13:46:51,22200.0,1000,Sell,233640499
2024-08-21 13:46:52,22200.0,300,Sell,233640531
2024-08-21 13:46:55,22250.0,100,Buy,233640656
2024-08-21 13:47:40,22250.0,2000,Buy,233642199
2024-08-21 13:47:55,22200.0,100,Sell,233642736
2024-08-21 13:47:55,22200.0,1000,Sell,233642737
2024-08-21 13:47:55,22200.0,1000,Sell,233642735
2024-08-21 13:47:55,22200.0,500,Sell,233642739
2024-08-21 13:47:55,22200.0,100,Sell,233642740
2024-08-21 13:47:55,22200.0,800,Sell,233642741
2024-08-21 13:47:55,22200.0,300,Sell,233642738
2024-08-21 13:47:55,22200.0,2000,Sell,233642734
2024-08-21 13:47:55,22200.0,5000,Sell,233642729
2024-08-21 13:47:55,22200.0,5000,Sell,233642732
2024-08-21 13:47:55,22200.0,200,Sell,233642733
2024-08-21 13:47:55,22200.0,700,Sell,233642724
2024-08-21 13:47:55,22200.0,5000,Sell,233642725
2024-08-21 13:47:55,22200.0,100,Sell,233642726
2024-08-21 13:47:55,22200.0,100,Sell,233642728
2024-08-21 13:47:55,22200.0,1000,Sell,233642727
2024-08-21 13:47:55,22200.0,100,Sell,233642730
2024-08-21 13:47:55,22200.0,2000,Sell,233642731
2024-08-21 13:47:58,22200.0,200,Sell,233642877
2024-08-21 13:47:58,22200.0,2000,Sell,233642878
2024-08-21 13:47:58,22200.0,1000,Sell,233642879
2024-08-21 13:47:58,22200.0,5000,Sell,233642880
2024-08-21 13:47:58,22200.0,100,Sell,233642881
2024-08-21 13:48:32,22150.0,500,Sell,233643892
2024-08-21 13:48:32,22150.0,300,Sell,233643891
2024-08-21 13:48:32,22150.0,200,Sell,233643890
2024-08-21 13:48:32,22200.0,400,Buy,233643884
2024-08-21 13:48:42,22150.0,1500,Sell,233644273
2024-08-21 13:48:42,22150.0,500,Sell,233644274
2024-08-21 13:48:42,22150.0,2600,Sell,233644275
2024-08-21 13:48:46,22200.0,100,Buy,233644379
2024-08-21 13:48:48,22150.0,1000,Sell,233644433
2024-08-21 13:49:15,22150.0,7700,Sell,233645555
2024-08-21 13:49:15,22150.0,10000,Sell,233645554
2024-08-21 13:49:15,22150.0,100,Sell,233645553
2024-08-21 13:49:15,22150.0,500,Sell,233645550
2024-08-21 13:49:15,22150.0,100,Sell,233645551
2024-08-21 13:49:15,22150.0,1400,Sell,233645549
2024-08-21 13:49:15,22150.0,200,Sell,233645552
2024-08-21 13:49:21,22150.0,1000,Sell,233645767
2024-08-21 13:49:30,22200.0,100,Buy,233646169
2024-08-21 13:49:34,22150.0,300,Sell,233646318
2024-08-21 13:49:34,22150.0,600,Sell,233646349
2024-08-21 13:49:51,22150.0,500,Sell,233647218
2024-08-21 13:49:51,22150.0,300,Sell,233647217
2024-08-21 13:49:51,22150.0,300,Sell,233647216
2024-08-21 13:49:51,22150.0,2000,Sell,233647214
2024-08-21 13:49:51,22150.0,400,Sell,233647213
2024-08-21 13:49:51,22150.0,500,Sell,233647215
2024-08-21 13:49:52,22150.0,300,Buy,233647270
2024-08-21 13:49:52,22150.0,1700,Sell,233647282
2024-08-21 13:49:56,22150.0,200,Buy,233647432
2024-08-21 13:49:56,22150.0,800,Buy,233647433
2024-08-21 13:50:27,22150.0,100,Buy,233648639
2024-08-21 13:50:33,22150.0,200,Buy,233648841
2024-08-21 13:50:37,22150.0,100,Buy,233649006
2024-08-21 13:50:39,22150.0,200,Buy,233649031
2024-08-21 13:50:42,22150.0,200,Buy,233649131
2024-08-21 13:50:49,22150.0,100,Buy,233649391
2024-08-21 13:51:15,22150.0,100,Buy,233650442
2024-08-21 13:51:39,22150.0,2200,Buy,233651335
2024-08-21 13:51:52,22100.0,100,Sell,233652025
2024-08-21 13:51:52,22150.0,100,Buy,233652033
2024-08-21 13:51:54,22150.0,100,Buy,233652113
2024-08-21 13:52:13,22100.0,1100,Sell,233652891
2024-08-21 13:52:22,22100.0,800,Sell,233653417
2024-08-21 13:52:22,22100.0,200,Sell,233653418
2024-08-21 13:52:28,22150.0,100,Buy,233653702
2024-08-21 13:52:35,22100.0,100,Sell,233654022
2024-08-21 13:52:35,22100.0,100,Sell,233654021
2024-08-21 13:52:35,22100.0,200,Sell,233654020
2024-08-21 13:52:35,22100.0,300,Sell,233654017
2024-08-21 13:52:35,22100.0,600,Sell,233654018
2024-08-21 13:52:35,22100.0,100,Sell,233654016
2024-08-21 13:52:35,22100.0,100,Sell,233654019
2024-08-21 13:52:38,22100.0,100,Buy,233654148
2024-08-21 13:52:50,22050.0,100,Sell,233654593
2024-08-21 13:52:50,22050.0,1000,Sell,233654594
2024-08-21 13:52:50,22050.0,100,Sell,233654595
2024-08-21 13:52:50,22050.0,100,Sell,233654596
2024-08-21 13:52:58,22050.0,1600,Sell,233654969
2024-08-21 13:52:58,22050.0,100,Sell,233654968
2024-08-21 13:52:58,22050.0,2200,Sell,233654967
2024-08-21 13:53:02,22050.0,300,Sell,233655076
2024-08-21 13:53:15,22050.0,100,Sell,233655545
2024-08-21 13:53:15,22050.0,400,Sell,233655546
2024-08-21 13:53:19,22050.0,100,Sell,233655650
2024-08-21 13:53:20,22000.0,2000,Sell,233655674
2024-08-21 13:53:20,22000.0,300,Sell,233655673
2024-08-21 13:53:20,22000.0,5000,Sell,233655672
2024-08-21 13:53:20,22000.0,400,Sell,233655675
2024-08-21 13:53:20,22050.0,100,Sell,233655670
2024-08-21 13:53:20,22050.0,1000,Sell,233655669
2024-08-21 13:53:20,22050.0,500,Sell,233655668
2024-08-21 13:53:20,22000.0,100,Sell,233655671
2024-08-21 13:53:22,22050.0,500,Buy,233655719
2024-08-21 13:53:27,22050.0,200,Buy,233656105
2024-08-21 13:53:39,22000.0,5000,Sell,233656514
2024-08-21 13:53:47,22000.0,100,Sell,233656742
2024-08-21 13:53:47,22000.0,100,Sell,233656774
2024-08-21 13:53:47,22000.0,1600,Sell,233656773
2024-08-21 13:53:47,22000.0,100,Sell,233656772
2024-08-21 13:53:47,22000.0,2800,Sell,233656771
2024-08-21 13:53:47,22000.0,200,Sell,233656744
2024-08-21 13:53:47,22000.0,100,Sell,233656741
2024-08-21 13:53:47,22000.0,100,Sell,233656743
2024-08-21 13:53:47,22000.0,500,Sell,233656739
2024-08-21 13:53:47,22000.0,4600,Sell,233656732
2024-08-21 13:53:47,22000.0,200,Sell,233656733
2024-08-21 13:53:47,22000.0,600,Sell,233656734
2024-08-21 13:53:47,22000.0,100,Sell,233656740
2024-08-21 13:53:47,22000.0,700,Sell,233656736
2024-08-21 13:53:47,22000.0,500,Sell,233656737
2024-08-21 13:53:47,22000.0,200,Sell,233656738
2024-08-21 13:53:47,22000.0,600,Sell,233656735
2024-08-21 13:53:54,22000.0,200,Sell,233656940
2024-08-21 13:53:54,22000.0,7900,Sell,233656941
2024-08-21 13:53:54,22050.0,300,Buy,233656927
2024-08-21 13:53:55,22000.0,1000,Sell,233656985
2024-08-21 13:53:57,22000.0,1100,Sell,233657010
2024-08-21 13:53:57,22000.0,900,Sell,233657011
2024-08-21 13:53:57,22000.0,4000,Sell,233657014
2024-08-21 13:54:00,22000.0,1600,Sell,233657105
2024-08-21 13:54:04,22000.0,1000,Sell,233657268
2024-08-21 13:54:14,22000.0,5000,Sell,233657598
2024-08-21 13:54:15,22000.0,1000,Sell,233657639
2024-08-21 13:54:18,22050.0,100,Buy,233657777
2024-08-21 13:54:23,22000.0,500,Sell,233657891
2024-08-21 13:54:23,22000.0,500,Sell,233657892
2024-08-21 13:54:23,22000.0,4000,Sell,233657893
2024-08-21 13:54:23,22000.0,1000,Sell,233657899
2024-08-21 13:54:25,22000.0,600,Sell,233658020
2024-08-21 13:54:25,22000.0,2400,Sell,233657974
2024-08-21 13:54:25,22000.0,100,Sell,233657968
2024-08-21 13:54:25,22000.0,200,Sell,233657973
2024-08-21 13:54:25,22000.0,1000,Sell,233657972
2024-08-21 13:54:25,22000.0,300,Sell,233657971
2024-08-21 13:54:25,22000.0,1000,Sell,233657970
2024-08-21 13:54:25,22000.0,400,Sell,233657969
2024-08-21 13:54:25,22000.0,500,Sell,233657967
2024-08-21 13:54:25,22000.0,2000,Sell,233657958
2024-08-21 13:54:25,22000.0,100,Sell,233657965
2024-08-21 13:54:25,22000.0,500,Sell,233657964
2024-08-21 13:54:25,22000.0,1000,Sell,233657963
2024-08-21 13:54:25,22000.0,10000,Sell,233657962
2024-08-21 13:54:25,22000.0,100,Sell,233657961
2024-08-21 13:54:25,22000.0,2000,Sell,233657960
2024-08-21 13:54:25,22000.0,1000,Sell,233657959
2024-08-21 13:54:25,22000.0,2000,Sell,233657957
2024-08-21 13:54:25,22000.0,5000,Sell,233657956
2024-08-21 13:54:25,22000.0,400,Sell,233657966
2024-08-21 13:54:35,22000.0,500,Buy,233658351
2024-08-21 13:54:35,22000.0,500,Buy,233658348
2024-08-21 13:54:35,22000.0,500,Buy,233658349
2024-08-21 13:54:35,22000.0,1500,Buy,233658350
2024-08-21 13:54:40,22000.0,100,Buy,233658571
2024-08-21 13:54:52,22000.0,300,Buy,233658980
2024-08-21 13:54:57,21950.0,600,Sell,233659179
2024-08-21 13:54:57,21950.0,100,Sell,233659178
2024-08-21 13:54:57,21950.0,500,Sell,233659176
2024-08-21 13:54:57,21950.0,200,Sell,233659177
2024-08-21 13:54:57,21950.0,100,Sell,233659174
2024-08-21 13:54:57,21950.0,100,Sell,233659172
2024-08-21 13:54:57,21950.0,200,Sell,233659175
2024-08-21 13:54:57,21950.0,200,Sell,233659173
2024-08-21 13:55:11,21950.0,1400,Sell,233659687
2024-08-21 13:55:11,21950.0,1000,Sell,233659688
2024-08-21 13:55:11,21950.0,2500,Sell,233659689
2024-08-21 13:55:20,21950.0,600,Sell,233659956
2024-08-21 13:55:20,21950.0,1900,Sell,233659981
2024-08-21 13:55:20,21950.0,100,Sell,233659982
2024-08-21 13:55:21,21950.0,200,Sell,233660049
2024-08-21 13:55:21,21950.0,700,Sell,233660050
2024-08-21 13:55:21,21950.0,2000,Sell,233660051
2024-08-21 13:55:21,21950.0,2000,Sell,233660052
2024-08-21 13:55:25,21950.0,100,Buy,233660142
2024-08-21 13:55:26,21950.0,500,Buy,233660188
2024-08-21 13:55:32,21950.0,2800,Buy,233660318
2024-08-21 13:55:32,21950.0,2200,Buy,233660317
2024-08-21 13:55:33,21950.0,2000,Buy,233660356
2024-08-21 13:55:34,21950.0,500,Buy,233660383
2024-08-21 13:55:38,21950.0,300,Buy,233660540
2024-08-21 13:55:49,21950.0,500,Buy,233660923
2024-08-21 13:55:57,21950.0,1500,Buy,233661144
2024-08-21 13:56:00,21950.0,100,Buy,233661344
2024-08-21 13:56:02,21950.0,200,Buy,233661433
2024-08-21 13:56:04,21900.0,500,Sell,233661495
2024-08-21 13:56:05,21950.0,300,Buy,233661510
2024-08-21 13:56:07,21950.0,400,Buy,233661557
2024-08-21 13:56:09,21950.0,100,Buy,233661608
2024-08-21 13:56:21,21900.0,100,Sell,233662025
2024-08-21 13:56:21,21900.0,1100,Sell,233662022
2024-08-21 13:56:21,21900.0,600,Sell,233662023
2024-08-21 13:56:21,21900.0,200,Sell,233662024
2024-08-21 13:56:27,21950.0,500,Buy,233662129
2024-08-21 13:56:49,21900.0,1900,Sell,233662686
2024-08-21 13:56:49,21900.0,200,Sell,233662687
2024-08-21 13:56:49,21900.0,900,Sell,233662688
2024-08-21 13:56:59,21900.0,4500,Sell,233663063
2024-08-21 13:57:03,21900.0,4600,Sell,233663247
2024-08-21 13:57:03,21900.0,400,Sell,233663248
2024-08-21 13:57:05,21900.0,200,Sell,233663282
2024-08-21 13:57:13,21900.0,500,Sell,233663544
2024-08-21 13:57:13,21900.0,100,Sell,233663543
2024-08-21 13:57:13,21900.0,1000,Sell,233663542
2024-08-21 13:57:13,21900.0,1100,Sell,233663540
2024-08-21 13:57:13,21900.0,100,Sell,233663541
2024-08-21 13:57:14,21900.0,100,Sell,233663569
2024-08-21 13:57:14,21900.0,200,Sell,233663576
2024-08-21 13:57:14,21900.0,100,Sell,233663575
2024-08-21 13:57:14,21900.0,500,Sell,233663574
2024-08-21 13:57:14,21900.0,300,Sell,233663573
2024-08-21 13:57:14,21900.0,100,Sell,233663572
2024-08-21 13:57:14,21900.0,300,Sell,233663571
2024-08-21 13:57:14,21900.0,500,Sell,233663570
2024-08-21 13:57:14,21900.0,100,Sell,233663568
2024-08-21 13:57:14,21900.0,100,Sell,233663560
2024-08-21 13:57:14,21900.0,1600,Sell,233663566
2024-08-21 13:57:14,21900.0,100,Sell,233663565
2024-08-21 13:57:14,21900.0,100,Sell,233663564
2024-08-21 13:57:14,21900.0,200,Sell,233663563
2024-08-21 13:57:14,21900.0,100,Sell,233663562
2024-08-21 13:57:14,21900.0,3000,Sell,233663561
2024-08-21 13:57:14,21900.0,1100,Sell,233663558
2024-08-21 13:57:14,21900.0,500,Sell,233663559
2024-08-21 13:57:14,21900.0,2000,Sell,233663567
2024-08-21 13:57:16,21900.0,300,Sell,233663620
2024-08-21 13:57:16,21900.0,300,Sell,233663621
2024-08-21 13:57:20,21900.0,3000,Sell,233663752
2024-08-21 13:57:20,21900.0,300,Sell,233663750
2024-08-21 13:57:20,21900.0,1000,Sell,233663749
2024-08-21 13:57:20,21900.0,3000,Sell,233663748
2024-08-21 13:57:20,21900.0,300,Sell,233663751
2024-08-21 13:57:20,21900.0,500,Sell,233663746
2024-08-21 13:57:20,21900.0,300,Sell,233663745
2024-08-21 13:57:20,21900.0,500,Sell,233663744
2024-08-21 13:57:20,21900.0,1000,Sell,233663743
2024-08-21 13:57:20,21900.0,100,Sell,233663747
2024-08-21 13:57:23,21900.0,1900,Sell,233663847
2024-08-21 13:57:23,21900.0,2000,Sell,233663848
2024-08-21 13:57:23,21900.0,200,Sell,233663849
2024-08-21 13:57:33,21850.0,1000,Sell,233664110
2024-08-21 13:57:33,21850.0,1000,Sell,233664111
2024-08-21 13:57:33,21850.0,800,Sell,233664112
2024-08-21 13:57:33,21850.0,1800,Sell,233664113
2024-08-21 13:57:33,21850.0,500,Sell,233664114
2024-08-21 13:57:33,21850.0,200,Sell,233664118
2024-08-21 13:57:33,21850.0,100,Sell,233664116
2024-08-21 13:57:33,21850.0,500,Sell,233664117
2024-08-21 13:57:33,21850.0,500,Sell,233664121
2024-08-21 13:57:33,21850.0,300,Sell,233664109
2024-08-21 13:57:33,21850.0,4600,Sell,233664124
2024-08-21 13:57:33,21850.0,100,Sell,233664115
2024-08-21 13:57:33,21850.0,1000,Sell,233664108
2024-08-21 13:57:33,21850.0,1000,Sell,233664123
2024-08-21 13:57:33,21850.0,500,Sell,233664106
2024-08-21 13:57:33,21850.0,100,Sell,233664107
2024-08-21 13:57:33,21850.0,500,Sell,233664094
2024-08-21 13:57:33,21850.0,1000,Sell,233664095
2024-08-21 13:57:33,21850.0,100,Sell,233664096
2024-08-21 13:57:33,21850.0,2000,Sell,233664097
2024-08-21 13:57:33,21850.0,100,Sell,233664098
2024-08-21 13:57:33,21850.0,100,Sell,233664122
2024-08-21 13:57:33,21850.0,1000,Sell,233664100
2024-08-21 13:57:33,21850.0,200,Sell,233664101
2024-08-21 13:57:33,21850.0,500,Sell,233664102
2024-08-21 13:57:33,21850.0,200,Sell,233664099
2024-08-21 13:57:33,21850.0,100,Sell,233664103
2024-08-21 13:57:33,21850.0,100,Sell,233664104
2024-08-21 13:57:33,21850.0,100,Sell,233664105
2024-08-21 13:57:52,21850.0,100,Sell,233664897
2024-08-21 13:57:53,21850.0,1000,Sell,233664900
2024-08-21 13:57:55,21850.0,1000,Sell,233664984
2024-08-21 13:58:00,21900.0,100,Buy,233665127
2024-08-21 13:58:03,21850.0,700,Sell,233665204
2024-08-21 13:58:03,21850.0,2000,Sell,233665203
2024-08-21 13:58:03,21850.0,1100,Sell,233665202
2024-08-21 13:58:04,21850.0,200,Sell,233665242
2024-08-21 13:58:11,21850.0,1000,Sell,233665379
2024-08-21 13:58:18,21850.0,200,Sell,233665566
2024-08-21 13:58:22,21850.0,400,Buy,233665749
2024-08-21 13:58:22,21850.0,300,Sell,233665733
2024-08-21 13:58:22,21850.0,700,Sell,233665732
2024-08-21 13:58:22,21850.0,2000,Sell,233665731
2024-08-21 13:58:22,21850.0,500,Sell,233665730
2024-08-21 13:58:22,21850.0,500,Sell,233665729
2024-08-21 13:58:22,21850.0,1000,Sell,233665727
2024-08-21 13:58:22,21850.0,5000,Sell,233665728
2024-08-21 13:58:22,21850.0,100,Sell,233665725
2024-08-21 13:58:22,21850.0,500,Sell,233665724
2024-08-21 13:58:22,21850.0,600,Sell,233665723
2024-08-21 13:58:22,21850.0,500,Sell,233665722
2024-08-21 13:58:22,21850.0,100,Sell,233665721
2024-08-21 13:58:22,21850.0,500,Sell,233665720
2024-08-21 13:58:22,21850.0,2900,Sell,233665719
2024-08-21 13:58:22,21850.0,100,Sell,233665726
2024-08-21 13:58:26,21850.0,300,Buy,233665823
2024-08-21 13:58:26,21850.0,4300,Buy,233665821
2024-08-21 13:58:26,21850.0,1000,Buy,233665822
2024-08-21 13:58:28,21850.0,100,Sell,233665900
2024-08-21 13:58:30,21850.0,100,Sell,233665991
2024-08-21 13:58:31,21850.0,1000,Sell,233665992
2024-08-21 13:58:40,21800.0,100,Sell,233666241
2024-08-21 13:58:40,21800.0,100,Sell,233666250
2024-08-21 13:58:40,21800.0,1000,Sell,233666239
2024-08-21 13:58:40,21800.0,100,Sell,233666240
2024-08-21 13:58:40,21800.0,100,Sell,233666242
2024-08-21 13:58:40,21800.0,1000,Sell,233666249
2024-08-21 13:58:40,21800.0,500,Sell,233666244
2024-08-21 13:58:40,21800.0,500,Sell,233666245
2024-08-21 13:58:40,21800.0,100,Sell,233666246
2024-08-21 13:58:40,21800.0,500,Sell,233666247
2024-08-21 13:58:40,21800.0,10000,Sell,233666248
2024-08-21 13:58:40,21800.0,500,Sell,233666243
2024-08-21 13:58:40,21800.0,600,Sell,233666237
2024-08-21 13:58:40,21800.0,500,Sell,233666238
2024-08-21 13:58:40,21800.0,500,Sell,233666235
2024-08-21 13:58:40,21800.0,100,Sell,233666236
2024-08-21 13:58:40,21850.0,3200,Sell,233666222
2024-08-21 13:58:40,21850.0,7500,Sell,233666223
2024-08-21 13:58:40,21850.0,200,Sell,233666224
2024-08-21 13:58:40,21850.0,1400,Sell,233666225
2024-08-21 13:58:40,21850.0,500,Sell,233666226
2024-08-21 13:58:40,21800.0,500,Sell,233666234
2024-08-21 13:58:40,21850.0,1000,Sell,233666228
2024-08-21 13:58:40,21850.0,100,Sell,233666227
2024-08-21 13:58:40,21800.0,600,Sell,233666232
2024-08-21 13:58:40,21800.0,100,Sell,233666233
2024-08-21 13:58:40,21800.0,500,Sell,233666230
2024-08-21 13:58:40,21800.0,8700,Sell,233666229
2024-08-21 13:58:40,21800.0,100,Sell,233666231
2024-08-21 13:58:45,21850.0,100,Sell,233666432
2024-08-21 13:58:53,21800.0,400,Sell,233666618
2024-08-21 13:58:53,21800.0,100,Sell,233666619
2024-08-21 13:58:54,21850.0,100,Buy,233666658
2024-08-21 13:58:57,21850.0,800,Buy,233666790
2024-08-21 13:58:57,21850.0,200,Buy,233666791
2024-08-21 13:58:59,21850.0,1000,Buy,233666835
2024-08-21 13:58:59,21850.0,1000,Buy,233666848
2024-08-21 13:59:03,21850.0,800,Buy,233666926
2024-08-21 13:59:07,21850.0,500,Buy,233667029
2024-08-21 13:59:07,21850.0,500,Buy,233667030
2024-08-21 13:59:08,21850.0,3000,Buy,233667054
2024-08-21 13:59:09,21850.0,7500,Buy,233667081
2024-08-21 13:59:09,21850.0,400,Buy,233667059
2024-08-21 13:59:26,21900.0,3400,Buy,233667538
2024-08-21 13:59:26,21900.0,600,Buy,233667539
2024-08-21 13:59:31,21900.0,200,Buy,233667664
2024-08-21 13:59:32,21900.0,200,Buy,233667686
2024-08-21 13:59:32,21900.0,200,Buy,233667684
2024-08-21 13:59:32,21900.0,100,Buy,233667685
2024-08-21 13:59:35,21900.0,400,Buy,233667752
2024-08-21 13:59:35,21900.0,700,Buy,233667753
2024-08-21 13:59:41,21900.0,1000,Sell,233667904
2024-08-21 13:59:51,21950.0,100,Buy,233668152
2024-08-21 13:59:57,21950.0,300,Buy,233668286
2024-08-21 14:00:08,21950.0,100,Buy,233668574
2024-08-21 14:00:09,21950.0,100,Buy,233668649
2024-08-21 14:00:14,21950.0,200,Buy,233668897
2024-08-21 14:00:23,21950.0,10000,Buy,233669123
2024-08-21 14:00:23,21950.0,100,Buy,233669125
2024-08-21 14:00:23,21950.0,4400,Buy,233669122
2024-08-21 14:00:23,21950.0,600,Buy,233669124
2024-08-21 14:01:03,22000.0,100,Buy,233670085
2024-08-21 14:01:03,22000.0,400,Buy,233670086
2024-08-21 14:01:16,22000.0,600,Buy,233670356
2024-08-21 14:01:16,22000.0,100,Buy,233670357
2024-08-21 14:01:16,22000.0,300,Buy,233670358
2024-08-21 14:01:16,22000.0,1000,Buy,233670359
2024-08-21 14:01:35,22000.0,1000,Buy,233670828
2024-08-21 14:01:42,22000.0,100,Buy,233671045
2024-08-21 14:01:44,22000.0,2000,Buy,233671102
2024-08-21 14:01:54,22000.0,100,Buy,233671382
2024-08-21 14:01:58,22000.0,100,Buy,233671454
2024-08-21 14:02:00,22000.0,1000,Buy,233671471
2024-08-21 14:02:04,22000.0,500,Buy,233671602
2024-08-21 14:02:04,22000.0,600,Buy,233671580
2024-08-21 14:02:05,22000.0,100,Buy,233671627
2024-08-21 14:02:12,21950.0,100,Sell,233671757
2024-08-21 14:02:37,22000.0,100,Buy,233672394
2024-08-21 14:03:04,22000.0,100,Buy,233673225
2024-08-21 14:03:05,22000.0,500,Buy,233673306
2024-08-21 14:03:08,22000.0,500,Buy,233673578
2024-08-21 14:03:09,22000.0,2000,Buy,233673608
2024-08-21 14:03:11,22000.0,500,Buy,233673687
2024-08-21 14:03:21,22000.0,500,Buy,233674011
2024-08-21 14:03:28,22000.0,1000,Sell,233674258
2024-08-21 14:03:28,21950.0,7500,Sell,233674260
2024-08-21 14:03:28,22000.0,2500,Sell,233674256
2024-08-21 14:03:28,22000.0,2000,Sell,233674257
2024-08-21 14:03:28,22000.0,2000,Sell,233674259
2024-08-21 14:03:31,22000.0,300,Sell,233674358
2024-08-21 14:03:32,22000.0,200,Sell,233674394
2024-08-21 14:03:33,22000.0,100,Buy,233674412
2024-08-21 14:03:34,21950.0,6500,Sell,233674435
2024-08-21 14:03:34,21950.0,5300,Sell,233674429
2024-08-21 14:03:34,21950.0,100,Sell,233674430
2024-08-21 14:03:34,21950.0,900,Sell,233674431
2024-08-21 14:03:34,21950.0,100,Sell,233674432
2024-08-21 14:03:34,21950.0,100,Sell,233674433
2024-08-21 14:03:34,21950.0,2000,Sell,233674434
2024-08-21 14:03:44,22000.0,700,Buy,233674748
2024-08-21 14:03:44,22000.0,300,Buy,233674749
2024-08-21 14:03:46,22000.0,200,Buy,233674788
2024-08-21 14:04:03,21950.0,1200,Sell,233675253
2024-08-21 14:04:11,22000.0,300,Buy,233675858
2024-08-21 14:04:11,22000.0,200,Buy,233675859
2024-08-21 14:04:39,21950.0,2000,Sell,233676634
2024-08-21 14:04:49,21950.0,200,Sell,233676921
2024-08-21 14:04:49,21950.0,200,Sell,233676919
2024-08-21 14:04:49,21950.0,1000,Sell,233676918
2024-08-21 14:04:49,21950.0,500,Sell,233676920
2024-08-21 14:04:49,21950.0,300,Sell,233676916
2024-08-21 14:04:49,21950.0,500,Sell,233676915
2024-08-21 14:04:49,21950.0,300,Sell,233676914
2024-08-21 14:04:49,21950.0,900,Sell,233676917
2024-08-21 14:04:50,21950.0,100,Buy,233676973
2024-08-21 14:04:54,21950.0,600,Buy,233677048
2024-08-21 14:05:02,21950.0,100,Buy,233677247
2024-08-21 14:05:24,21950.0,100,Buy,233677950
2024-08-21 14:05:25,21950.0,100,Buy,233677972
2024-08-21 14:05:32,21950.0,15100,Buy,233678112
2024-08-21 14:05:32,21950.0,3000,Buy,233678113
2024-08-21 14:06:36,21950.0,800,Sell,233679833
2024-08-21 14:06:36,21950.0,1000,Sell,233679830
2024-08-21 14:06:36,21950.0,200,Sell,233679832
2024-08-21 14:06:36,21950.0,500,Sell,233679831
2024-08-21 14:06:36,21950.0,1300,Sell,233679828
2024-08-21 14:06:36,21950.0,600,Sell,233679826
2024-08-21 14:06:36,21950.0,200,Sell,233679829
2024-08-21 14:06:54,22000.0,300,Buy,233680260
2024-08-21 14:07:14,22000.0,6400,Buy,233680949
2024-08-21 14:07:14,22000.0,2000,Buy,233680950
2024-08-21 14:07:14,22000.0,900,Buy,233680951
2024-08-21 14:07:14,22000.0,700,Buy,233680952
2024-08-21 14:07:15,22000.0,100,Buy,233681010
2024-08-21 14:07:21,22000.0,1000,Buy,233681205
2024-08-21 14:07:21,22000.0,4200,Buy,233681203
2024-08-21 14:07:21,22000.0,4000,Buy,233681204
2024-08-21 14:08:02,22050.0,500,Buy,233682507
2024-08-21 14:08:04,22050.0,100,Buy,233682554
2024-08-21 14:08:09,22050.0,400,Buy,233682697
2024-08-21 14:08:09,22050.0,100,Buy,233682698
2024-08-21 14:08:14,22050.0,100,Buy,233682822
2024-08-21 14:08:29,22050.0,500,Sell,233683304
2024-08-21 14:08:31,22050.0,2200,Sell,233683344
2024-08-21 14:08:39,22050.0,500,Sell,233683561
2024-08-21 14:08:40,22050.0,500,Sell,233683607
2024-08-21 14:08:40,22050.0,100,Sell,233683605
2024-08-21 14:08:40,22050.0,100,Sell,233683606
2024-08-21 14:08:40,22050.0,500,Sell,233683603
2024-08-21 14:08:40,22050.0,1200,Sell,233683602
2024-08-21 14:08:40,22050.0,500,Sell,233683598
2024-08-21 14:08:40,22050.0,1000,Sell,233683604
2024-08-21 14:08:48,22050.0,1000,Buy,233683821
2024-08-21 14:09:06,22050.0,100,Buy,233684606
2024-08-21 14:09:18,22050.0,400,Buy,233685225
2024-08-21 14:09:51,22050.0,100,Sell,233686457
2024-08-21 14:09:52,22050.0,500,Sell,233686483
2024-08-21 14:09:53,22050.0,2200,Sell,233686575
2024-08-21 14:10:23,22050.0,300,Sell,233687633
2024-08-21 14:10:31,22050.0,200,Sell,233687925
2024-08-21 14:10:31,22050.0,300,Sell,233687926
2024-08-21 14:10:43,22050.0,100,Sell,233688405
2024-08-21 14:10:46,22100.0,100,Buy,233688474
2024-08-21 14:10:49,22050.0,500,Buy,233688558
2024-08-21 14:10:49,22050.0,500,Sell,233688556
2024-08-21 14:10:50,22000.0,800,Sell,233688612
2024-08-21 14:10:50,22000.0,600,Sell,233688613
2024-08-21 14:10:50,22000.0,3200,Sell,233688614
2024-08-21 14:10:50,22000.0,2000,Sell,233688615
2024-08-21 14:10:50,22000.0,600,Sell,233688616
2024-08-21 14:10:50,22000.0,200,Sell,233688617
2024-08-21 14:10:50,22000.0,1600,Sell,233688618
2024-08-21 14:10:57,22050.0,100,Buy,233688894
2024-08-21 14:11:04,22050.0,600,Buy,233689132
2024-08-21 14:11:05,22050.0,300,Buy,233689141
2024-08-21 14:11:05,22050.0,1700,Buy,233689142
2024-08-21 14:11:35,22050.0,100,Buy,233690080
2024-08-21 14:11:35,22050.0,100,Buy,233690079
2024-08-21 14:11:45,22050.0,800,Sell,233690289
2024-08-21 14:11:45,22050.0,300,Sell,233690290
2024-08-21 14:12:09,22050.0,100,Sell,233691085
2024-08-21 14:12:09,22050.0,200,Sell,233691082
2024-08-21 14:12:09,22050.0,200,Sell,233691083
2024-08-21 14:12:09,22050.0,100,Sell,233691084
2024-08-21 14:12:11,22050.0,200,Buy,233691122
2024-08-21 14:12:14,22050.0,200,Buy,233691261
2024-08-21 14:12:14,22100.0,1800,Buy,233691262
2024-08-21 14:12:31,22050.0,200,Buy,233691719
2024-08-21 14:12:31,22050.0,2800,Buy,233691720
2024-08-21 14:12:48,22100.0,100,Buy,233692164
2024-08-21 14:12:51,22050.0,100,Sell,233692222
2024-08-21 14:12:51,22050.0,100,Sell,233692223
2024-08-21 14:12:51,22050.0,2000,Sell,233692224
2024-08-21 14:13:06,22050.0,700,Buy,233692710
2024-08-21 14:13:06,22000.0,1000,Sell,233692708
2024-08-21 14:13:06,22050.0,1000,Buy,233692709
2024-08-21 14:13:08,22000.0,3400,Sell,233692765
2024-08-21 14:13:08,22000.0,500,Sell,233692764
2024-08-21 14:13:08,22000.0,200,Sell,233692763
2024-08-21 14:13:08,22000.0,200,Sell,233692762
2024-08-21 14:13:08,22000.0,500,Sell,233692761
2024-08-21 14:13:08,22000.0,5000,Sell,233692759
2024-08-21 14:13:08,22000.0,3000,Sell,233692758
2024-08-21 14:13:08,22000.0,1000,Sell,233692757
2024-08-21 14:13:08,22000.0,200,Sell,233692756
2024-08-21 14:13:08,22000.0,100,Sell,233692755
2024-08-21 14:13:08,22000.0,600,Sell,233692754
2024-08-21 14:13:08,22000.0,200,Sell,233692752
2024-08-21 14:13:08,22000.0,3200,Sell,233692751
2024-08-21 14:13:08,22000.0,100,Sell,233692750
2024-08-21 14:13:08,22000.0,3000,Sell,233692749
2024-08-21 14:13:08,22000.0,300,Sell,233692748
2024-08-21 14:13:08,22000.0,100,Sell,233692747
2024-08-21 14:13:08,22000.0,1000,Sell,233692746
2024-08-21 14:13:08,22000.0,100,Sell,233692745
2024-08-21 14:13:08,22000.0,1300,Sell,233692744
2024-08-21 14:13:08,22000.0,200,Sell,233692753
2024-08-21 14:13:10,22050.0,900,Buy,233692858
2024-08-21 14:13:27,22000.0,800,Sell,233693391
2024-08-21 14:13:27,22000.0,100,Sell,233693390
2024-08-21 14:13:27,22000.0,100,Sell,233693389
2024-08-21 14:13:27,22000.0,600,Sell,233693385
2024-08-21 14:13:27,22000.0,2000,Sell,233693387
2024-08-21 14:13:27,22000.0,300,Sell,233693386
2024-08-21 14:13:27,22000.0,100,Sell,233693388
2024-08-21 14:13:36,22000.0,200,Sell,233693591
2024-08-21 14:13:36,22000.0,200,Sell,233693592
2024-08-21 14:13:36,22000.0,100,Sell,233693593
2024-08-21 14:13:36,22000.0,500,Sell,233693594
2024-08-21 14:13:41,22000.0,100,Sell,233693753
2024-08-21 14:13:41,22000.0,5500,Sell,233693751
2024-08-21 14:13:41,22000.0,100,Sell,233693752
2024-08-21 14:14:05,22000.0,100,Buy,233694467
2024-08-21 14:14:05,22000.0,300,Buy,233694466
2024-08-21 14:14:10,22000.0,200,Buy,233694621
2024-08-21 14:14:10,22000.0,4100,Buy,233694622
2024-08-21 14:14:10,22000.0,100,Buy,233694623
2024-08-21 14:14:10,22000.0,800,Buy,233694624
2024-08-21 14:14:34,22000.0,200,Buy,233695453
2024-08-21 14:14:34,22000.0,800,Buy,233695454
2024-08-21 14:14:39,22000.0,100,Buy,233695587
2024-08-21 14:14:47,22000.0,100,Buy,233695774
2024-08-21 14:14:50,22000.0,200,Buy,233695849
2024-08-21 14:15:00,22000.0,100,Buy,233696282
2024-08-21 14:15:03,22000.0,2000,Buy,233696353
2024-08-21 14:16:07,21950.0,300,Sell,233698428
2024-08-21 14:16:07,21950.0,500,Sell,233698427
2024-08-21 14:16:07,21950.0,200,Sell,233698422
2024-08-21 14:16:07,21950.0,100,Sell,233698424
2024-08-21 14:16:07,21950.0,300,Sell,233698423
2024-08-21 14:16:07,21950.0,500,Sell,233698421
2024-08-21 14:16:07,21950.0,100,Sell,233698426
2024-08-21 14:16:07,21950.0,500,Sell,233698419
2024-08-21 14:16:07,21950.0,200,Sell,233698420
2024-08-21 14:16:07,21950.0,4200,Sell,233698413
2024-08-21 14:16:07,21950.0,100,Sell,233698414
2024-08-21 14:16:07,21950.0,3000,Sell,233698415
2024-08-21 14:16:07,21950.0,2000,Sell,233698425
2024-08-21 14:16:07,21950.0,3000,Sell,233698416
2024-08-21 14:16:07,21950.0,4000,Sell,233698417
2024-08-21 14:16:07,21950.0,5000,Sell,233698418
2024-08-21 14:16:08,21950.0,200,Sell,233698451
2024-08-21 14:16:30,22000.0,100,Buy,233699013
2024-08-21 14:16:43,22000.0,100,Buy,233699458
2024-08-21 14:16:43,22000.0,3200,Buy,233699459
2024-08-21 14:16:43,22000.0,1000,Buy,233699460
2024-08-21 14:16:43,22000.0,500,Buy,233699461
2024-08-21 14:16:43,22000.0,200,Buy,233699462
2024-08-21 14:16:48,22000.0,2300,Buy,233699594
2024-08-21 14:16:48,22000.0,2500,Buy,233699593
2024-08-21 14:16:48,22000.0,900,Buy,233699592
2024-08-21 14:16:48,22000.0,100,Buy,233699590
2024-08-21 14:16:48,22000.0,500,Buy,233699589
2024-08-21 14:16:48,22000.0,2000,Buy,233699588
2024-08-21 14:16:48,22000.0,1000,Buy,233699591
2024-08-21 14:16:48,22000.0,9800,Buy,233699587
2024-08-21 14:16:49,22000.0,4100,Sell,233699665
2024-08-21 14:16:50,22000.0,1000,Sell,233699725
2024-08-21 14:16:52,22000.0,200,Sell,233699774
2024-08-21 14:17:33,22000.0,100,Buy,233701136
2024-08-21 14:17:50,22000.0,500,Buy,233701549
2024-08-21 14:18:15,21950.0,100,Sell,233702409
2024-08-21 14:18:15,21950.0,500,Sell,233702410
2024-08-21 14:18:15,21950.0,2800,Sell,233702407
2024-08-21 14:18:15,21950.0,100,Sell,233702406
2024-08-21 14:18:15,21950.0,100,Sell,233702408
2024-08-21 14:18:15,21950.0,500,Sell,233702405
2024-08-21 14:18:16,21950.0,200,Buy,233702438
2024-08-21 14:18:19,21900.0,900,Sell,233702544
2024-08-21 14:18:19,21900.0,100,Sell,233702545
2024-08-21 14:18:19,21900.0,300,Sell,233702546
2024-08-21 14:18:19,21900.0,1400,Sell,233702547
2024-08-21 14:18:19,21900.0,3000,Sell,233702548
2024-08-21 14:18:19,21900.0,100,Sell,233702549
2024-08-21 14:18:19,21900.0,2500,Sell,233702550
2024-08-21 14:18:19,21950.0,100,Buy,233702540
2024-08-21 14:18:21,21950.0,100,Buy,233702604
2024-08-21 14:18:31,21950.0,500,Buy,233703049
2024-08-21 14:18:42,21950.0,2500,Buy,233703480
2024-08-21 14:18:42,21950.0,5200,Buy,233703487
2024-08-21 14:18:42,21950.0,2000,Buy,233703488
2024-08-21 14:19:09,21950.0,300,Sell,233704349
2024-08-21 14:19:09,21950.0,200,Sell,233704350
2024-08-21 14:19:10,21950.0,800,Sell,233704370
2024-08-21 14:19:10,21950.0,100,Sell,233704371
2024-08-21 14:19:14,21950.0,100,Sell,233704584
2024-08-21 14:19:30,21950.0,200,Buy,233705659
2024-08-21 14:19:30,21950.0,300,Buy,233705658
2024-08-21 14:19:31,21900.0,1500,Sell,233705741
2024-08-21 14:19:31,21900.0,100,Sell,233705750
2024-08-21 14:19:31,21900.0,200,Sell,233705749
2024-08-21 14:19:31,21900.0,400,Sell,233705748
2024-08-21 14:19:31,21900.0,200,Sell,233705747
2024-08-21 14:19:31,21900.0,5500,Sell,233705751
2024-08-21 14:19:31,21900.0,900,Sell,233705745
2024-08-21 14:19:31,21900.0,6000,Sell,233705744
2024-08-21 14:19:31,21900.0,1000,Sell,233705743
2024-08-21 14:19:31,21900.0,300,Sell,233705742
2024-08-21 14:19:31,21900.0,900,Sell,233705746
2024-08-21 14:19:35,21900.0,100,Sell,233705877
2024-08-21 14:19:35,21900.0,1500,Sell,233705886
2024-08-21 14:19:35,21900.0,500,Sell,233705883
2024-08-21 14:19:35,21900.0,100,Sell,233705882
2024-08-21 14:19:35,21900.0,100,Sell,233705881
2024-08-21 14:19:35,21900.0,300,Sell,233705880
2024-08-21 14:19:35,21900.0,2000,Sell,233705879
2024-08-21 14:19:35,21900.0,10000,Sell,233705878
2024-08-21 14:19:35,21900.0,500,Sell,233705876
2024-08-21 14:19:35,21900.0,300,Sell,233705885
2024-08-21 14:19:35,21900.0,1200,Sell,233705874
2024-08-21 14:19:35,21900.0,100,Sell,233705875
2024-08-21 14:19:35,21900.0,24500,Sell,233705866
2024-08-21 14:19:35,21900.0,100,Sell,233705867
2024-08-21 14:19:35,21900.0,300,Sell,233705868
2024-08-21 14:19:35,21900.0,100,Sell,233705884
2024-08-21 14:19:35,21900.0,1000,Sell,233705870
2024-08-21 14:19:35,21900.0,500,Sell,233705872
2024-08-21 14:19:35,21900.0,400,Sell,233705873
2024-08-21 14:19:35,21900.0,500,Sell,233705869
2024-08-21 14:19:35,21900.0,300,Sell,233705871
2024-08-21 14:19:41,21900.0,200,Buy,233706181
2024-08-21 14:19:49,21900.0,2000,Buy,233706502
2024-08-21 14:19:52,21900.0,100,Buy,233706602
2024-08-21 14:20:12,21950.0,100,Buy,233707392
2024-08-21 14:20:17,21900.0,300,Sell,233707720
2024-08-21 14:20:54,21900.0,200,Sell,233709169
2024-08-21 14:21:10,21900.0,500,Sell,233710358
2024-08-21 14:21:10,21900.0,500,Sell,233710357
2024-08-21 14:21:20,21900.0,1000,Sell,233710780
2024-08-21 14:21:28,21950.0,1000,Buy,233711081
2024-08-21 14:21:28,21950.0,300,Buy,233711082
2024-08-21 14:21:28,21950.0,200,Buy,233711074
2024-08-21 14:21:32,21950.0,100,Buy,233711213
2024-08-21 14:21:48,21950.0,500,Buy,233711865
2024-08-21 14:21:58,21950.0,300,Buy,233712266
2024-08-21 14:22:03,21950.0,100,Buy,233712692
2024-08-21 14:22:05,21950.0,500,Buy,233712811
2024-08-21 14:22:06,21950.0,700,Buy,233712838
2024-08-21 14:22:13,21950.0,1000,Buy,233713207
2024-08-21 14:22:14,21950.0,500,Buy,233713237
2024-08-21 14:22:18,21950.0,2000,Buy,233713454
2024-08-21 14:22:19,21950.0,4000,Buy,233713475
2024-08-21 14:22:19,21950.0,100,Buy,233713479
2024-08-21 14:22:19,21950.0,500,Buy,233713476
2024-08-21 14:22:19,21950.0,200,Buy,233713477
2024-08-21 14:22:19,21950.0,100,Buy,233713478
2024-08-21 14:22:31,21950.0,800,Sell,233714071
2024-08-21 14:23:12,21950.0,4300,Sell,233715640
2024-08-21 14:23:12,21950.0,300,Sell,233715641
2024-08-21 14:23:12,21950.0,2500,Sell,233715642
2024-08-21 14:23:12,21950.0,1000,Sell,233715643
2024-08-21 14:23:12,21950.0,500,Sell,233715644
2024-08-21 14:23:12,21950.0,3700,Sell,233715645
2024-08-21 14:23:26,21950.0,100,Sell,233716481
2024-08-21 14:23:26,21950.0,1000,Sell,233716482
2024-08-21 14:23:26,21950.0,2600,Sell,233716479
2024-08-21 14:23:26,21950.0,1300,Sell,233716472
2024-08-21 14:23:26,21950.0,200,Sell,233716480
2024-08-21 14:23:27,21950.0,100,Buy,233716527
2024-08-21 14:23:37,21950.0,1700,Buy,233717181
2024-08-21 14:23:44,21950.0,4000,Buy,233717503
2024-08-21 14:23:44,21950.0,200,Buy,233717504
2024-08-21 14:23:44,21950.0,400,Buy,233717505
2024-08-21 14:23:48,21950.0,500,Sell,233717670
2024-08-21 14:23:54,22000.0,100,Buy,233717984
2024-08-21 14:23:58,21950.0,900,Sell,233718147
2024-08-21 14:23:58,21950.0,100,Sell,233718148
2024-08-21 14:24:00,21950.0,300,Sell,233718241
2024-08-21 14:24:00,21950.0,100,Sell,233718242
2024-08-21 14:24:05,21950.0,100,Buy,233718572
2024-08-21 14:24:06,21950.0,100,Buy,233718583
2024-08-21 14:24:06,21950.0,500,Buy,233718582
2024-08-21 14:24:27,22000.0,100,Buy,233719599
2024-08-21 14:24:39,21950.0,400,Sell,233720150
2024-08-21 14:24:39,21950.0,100,Sell,233720151
2024-08-21 14:24:39,21950.0,6000,Sell,233720152
2024-08-21 14:24:46,21950.0,500,Sell,233720613
2024-08-21 14:25:07,21950.0,500,Sell,233721870
2024-08-21 14:25:07,21950.0,100,Sell,233721871
2024-08-21 14:25:09,21950.0,2400,Buy,233721950
2024-08-21 14:25:09,21950.0,1600,Buy,233721951
2024-08-21 14:25:12,21950.0,200,Sell,233722146
2024-08-21 14:25:33,21950.0,500,Sell,233723250
2024-08-21 14:25:33,21950.0,300,Sell,233723251
2024-08-21 14:25:33,21950.0,500,Sell,233723252
2024-08-21 14:25:38,21950.0,1000,Sell,233723474
2024-08-21 14:25:39,21950.0,1500,Sell,233723494
2024-08-21 14:25:41,21950.0,300,Buy,233723578
2024-08-21 14:25:41,21950.0,200,Buy,233723577
2024-08-21 14:25:45,22000.0,100,Buy,233723748
2024-08-21 14:25:56,22000.0,300,Buy,233724662
2024-08-21 14:25:56,22000.0,3000,Buy,233724661
2024-08-21 14:25:56,22000.0,200,Buy,233724660
2024-08-21 14:25:56,22000.0,100,Buy,233724659
2024-08-21 14:25:56,22000.0,500,Buy,233724658
2024-08-21 14:25:56,22000.0,4600,Buy,233724657
2024-08-21 14:25:56,22000.0,2000,Buy,233724656
2024-08-21 14:25:56,22000.0,100,Buy,233724655
2024-08-21 14:25:56,22000.0,5000,Buy,233724654
2024-08-21 14:25:56,22000.0,1000,Buy,233724650
2024-08-21 14:25:56,22000.0,2000,Buy,233724652
2024-08-21 14:25:56,22000.0,100,Buy,233724653
2024-08-21 14:25:56,22000.0,4900,Buy,233724643
2024-08-21 14:25:56,22000.0,3000,Buy,233724644
2024-08-21 14:25:56,22000.0,700,Buy,233724645
2024-08-21 14:25:56,22000.0,200,Buy,233724649
2024-08-21 14:25:56,22000.0,500,Buy,233724647
2024-08-21 14:25:56,22000.0,1000,Buy,233724648
2024-08-21 14:25:56,22000.0,100,Buy,233724651
2024-08-21 14:25:56,22000.0,100,Buy,233724646
2024-08-21 14:25:57,22000.0,4500,Sell,233724754
2024-08-21 14:26:30,22000.0,500,Sell,233726547
2024-08-21 14:26:40,22000.0,3800,Sell,233726962
2024-08-21 14:26:45,22050.0,300,Buy,233727475
2024-08-21 14:26:47,22000.0,500,Sell,233727527
2024-08-21 14:27:04,22000.0,13400,Sell,233728496
2024-08-21 14:27:08,22050.0,500,Buy,233728853
2024-08-21 14:27:14,22050.0,100,Buy,233729245
2024-08-21 14:27:15,22000.0,500,Sell,233729281
2024-08-21 14:27:16,22000.0,13400,Sell,233729382
2024-08-21 14:27:16,22000.0,500,Sell,233729375
2024-08-21 14:27:16,22000.0,11000,Sell,233729376
2024-08-21 14:27:21,22000.0,1000,Sell,233729828
2024-08-21 14:27:23,22000.0,500,Sell,233729860
2024-08-21 14:27:23,22000.0,500,Sell,233729865
2024-08-21 14:27:23,22000.0,500,Sell,233729864
2024-08-21 14:27:23,22000.0,21500,Sell,233729859
2024-08-21 14:27:23,22000.0,200,Sell,233729862
2024-08-21 14:27:23,22000.0,500,Sell,233729861
2024-08-21 14:27:23,22000.0,200,Sell,233729863
2024-08-21 14:27:38,22000.0,100,Buy,233730677
2024-08-21 14:27:45,21950.0,100,Sell,233731072
2024-08-21 14:27:45,21950.0,100,Sell,233731070
2024-08-21 14:27:45,21950.0,1000,Sell,233731073
2024-08-21 14:27:45,21950.0,2000,Sell,233731068
2024-08-21 14:27:45,22000.0,300,Buy,233731064
2024-08-21 14:27:45,22000.0,200,Buy,233731063
2024-08-21 14:27:45,21950.0,200,Sell,233731069
2024-08-21 14:27:45,21950.0,500,Sell,233731071
2024-08-21 14:27:46,22000.0,100,Buy,233731095
2024-08-21 14:27:49,22000.0,600,Buy,233731365
2024-08-21 14:27:49,22000.0,2000,Buy,233731366
2024-08-21 14:27:49,22000.0,1900,Buy,233731367
2024-08-21 14:27:56,22000.0,2000,Buy,233731695
2024-08-21 14:28:00,22000.0,200,Buy,233731868
2024-08-21 14:28:28,22000.0,300,Buy,233733470
2024-08-21 14:28:34,22000.0,200,Buy,233733778
2024-08-21 14:28:36,22000.0,100,Buy,233733897
2024-08-21 14:28:36,22000.0,400,Buy,233733896
2024-08-21 14:28:38,22000.0,900,Buy,233734034
2024-08-21 14:28:38,22000.0,100,Buy,233734035
2024-08-21 14:28:50,21950.0,400,Sell,233734884
2024-08-21 14:28:51,22000.0,900,Buy,233734890
2024-08-21 14:28:51,22000.0,600,Buy,233734891
2024-08-21 14:28:51,22000.0,1000,Buy,233734892
2024-08-21 14:28:54,21950.0,100,Sell,233735135
2024-08-21 14:28:54,21950.0,100,Sell,233735171
2024-08-21 14:28:56,22000.0,100,Buy,233735275
2024-08-21 14:28:57,22000.0,2700,Buy,233735350
2024-08-21 14:28:57,22000.0,2000,Buy,233735351
2024-08-21 14:28:57,22000.0,400,Buy,233735348
2024-08-21 14:28:57,22000.0,1300,Buy,233735347
2024-08-21 14:28:57,22000.0,200,Buy,233735349
2024-08-21 14:29:03,21950.0,400,Sell,233735752
2024-08-21 14:29:11,22000.0,1500,Buy,233736324
2024-08-21 14:29:11,21950.0,500,Sell,233736339
2024-08-21 14:29:17,21950.0,200,Sell,233736676
2024-08-21 14:29:18,22000.0,500,Buy,233736691
2024-08-21 14:29:18,22000.0,1000,Buy,233736692
2024-08-21 14:29:18,22000.0,500,Buy,233736693
2024-08-21 14:29:23,22000.0,100,Buy,233736926
2024-08-21 14:29:31,22000.0,100,Buy,233737336
2024-08-21 14:29:31,22000.0,900,Buy,233737341
2024-08-21 14:44:40,22000.0,125400,ATO/ATC,233739020
