time,price,volume,match_type,id
2024-07-18 12:59:42,27250.0,3000,Sell,224264315
2024-07-18 12:59:43,27200.0,11900,Buy,224264866
2024-07-18 12:59:43,27200.0,100,Buy,224264864
2024-07-18 12:59:43,27200.0,50000,Buy,224264865
2024-07-18 12:59:44,27500.0,2900,Sell,224265194
2024-07-18 12:59:44,27800.0,500,Sell,224265193
2024-07-18 12:59:44,28000.0,600,Buy,224265192
2024-07-18 12:59:44,28500.0,500,Buy,224265187
2024-07-18 12:59:44,27500.0,100,Sell,224265190
2024-07-18 12:59:44,29000.0,1200,Buy,224265189
2024-07-18 12:59:44,28900.0,300,Buy,224265188
2024-07-18 12:59:44,28000.0,100,Buy,224265191
2024-07-18 12:59:45,28000.0,100,Buy,224265513
2024-07-18 12:59:45,29000.0,800,Buy,224265514
2024-07-18 12:59:46,27500.0,1900,Sell,224265925
2024-07-18 12:59:46,29000.0,100,Buy,224265926
2024-07-18 12:59:46,27850.0,300,Sell,224265922
2024-07-18 12:59:46,27500.0,200,Sell,224265660
2024-07-18 12:59:46,27500.0,2700,Sell,224265923
2024-07-18 12:59:46,29000.0,500,Buy,224265924
2024-07-18 12:59:51,28400.0,3700,Sell,224267249
2024-07-18 12:59:51,28000.0,1300,Sell,224267250
2024-07-18 12:59:51,28500.0,900,Buy,224267299
2024-07-18 12:59:55,28500.0,200,Buy,224267936
2024-07-18 12:59:55,28000.0,2500,Sell,224267937
2024-07-18 12:59:55,28000.0,100,Sell,224267938
2024-07-18 12:59:55,28000.0,2400,Sell,224267939
2024-07-18 12:59:56,28500.0,200,Buy,224268092
2024-07-18 12:59:56,28000.0,7800,Sell,224268096
2024-07-18 12:59:59,28000.0,2000,Sell,224268349
2024-07-18 13:00:01,28500.0,300,Buy,224268700
2024-07-18 13:00:02,28000.0,5000,Sell,224268883
2024-07-18 13:00:02,27500.0,300,Sell,224268849
2024-07-18 13:00:02,27400.0,2600,Sell,224268850
2024-07-18 13:00:02,27400.0,1300,Sell,224268851
2024-07-18 13:00:02,27300.0,100,Sell,224268852
2024-07-18 13:00:02,27300.0,500,Sell,224268853
2024-07-18 13:00:02,27200.0,3800,Sell,224268854
2024-07-18 13:00:02,27200.0,200,Sell,224268855
2024-07-18 13:00:02,27200.0,100,Sell,224268856
2024-07-18 13:00:02,27200.0,4000,Sell,224268857
2024-07-18 13:00:02,27200.0,100,Sell,224268861
2024-07-18 13:00:02,27200.0,1000,Sell,224268862
2024-07-18 13:00:02,27200.0,500,Sell,224268863
2024-07-18 13:00:02,27200.0,1000,Sell,224268864
2024-07-18 13:00:02,27200.0,2000,Sell,224268865
2024-07-18 13:00:02,27150.0,400,Sell,224268866
2024-07-18 13:00:02,27150.0,200,Sell,224268867
2024-07-18 13:00:02,27150.0,500,Sell,224268868
2024-07-18 13:00:02,27150.0,100,Sell,224268869
2024-07-18 13:00:02,27150.0,2000,Sell,224268870
2024-07-18 13:00:02,27150.0,100,Sell,224268871
2024-07-18 13:00:02,27100.0,100,Sell,224268872
2024-07-18 13:00:02,27100.0,3000,Sell,224268873
2024-07-18 13:00:02,27100.0,1000,Sell,224268874
2024-07-18 13:00:02,27500.0,100,Sell,224268848
2024-07-18 13:00:02,27500.0,3000,Sell,224268847
2024-07-18 13:00:02,27100.0,2000,Sell,224268875
2024-07-18 13:00:02,27500.0,2500,Sell,224268845
2024-07-18 13:00:02,28500.0,1000,Buy,224268807
2024-07-18 13:00:02,28100.0,300,Sell,224268809
2024-07-18 13:00:02,28500.0,100,Buy,224268810
2024-07-18 13:00:02,28500.0,200,Buy,224268817
2024-07-18 13:00:02,28100.0,200,Sell,224268818
2024-07-18 13:00:02,28100.0,200,Sell,224268821
2024-07-18 13:00:02,28500.0,500,Buy,224268822
2024-07-18 13:00:02,28500.0,100,Buy,224268823
2024-07-18 13:00:02,28100.0,2700,Sell,224268824
2024-07-18 13:00:02,28500.0,100,Buy,224268825
2024-07-18 13:00:02,28100.0,600,Sell,224268826
2024-07-18 13:00:02,28100.0,200,Sell,224268831
2024-07-18 13:00:02,28500.0,100,Buy,224268808
2024-07-18 13:00:02,28100.0,5300,Sell,224268833
2024-07-18 13:00:02,28100.0,500,Sell,224268832
2024-07-18 13:00:02,27500.0,1000,Sell,224268844
2024-07-18 13:00:02,27500.0,2000,Sell,224268843
2024-07-18 13:00:02,27500.0,2500,Sell,224268842
2024-07-18 13:00:02,27500.0,30300,Sell,224268841
2024-07-18 13:00:02,28000.0,100,Sell,224268840
2024-07-18 13:00:02,27500.0,500,Sell,224268846
2024-07-18 13:00:02,28000.0,4900,Sell,224268838
2024-07-18 13:00:02,28000.0,7500,Sell,224268837
2024-07-18 13:00:02,28300.0,200,Buy,224268836
2024-07-18 13:00:02,28000.0,8600,Sell,224268835
2024-07-18 13:00:02,28000.0,200,Sell,224268839
2024-07-18 13:00:02,28000.0,1800,Sell,224268834
2024-07-18 13:00:04,28000.0,20000,Sell,224269037
2024-07-18 13:00:04,28000.0,1000,Sell,224269038
2024-07-18 13:00:05,28000.0,100,Buy,224269098
2024-07-18 13:00:05,28000.0,100,Buy,224269113
2024-07-18 13:00:05,27800.0,3000,Sell,224269122
2024-07-18 13:00:06,28000.0,100,Buy,224269154
2024-07-18 13:00:06,28000.0,3000,Buy,224269136
2024-07-18 13:00:09,27800.0,1800,Sell,224269356
2024-07-18 13:00:09,27800.0,3000,Sell,224269357
2024-07-18 13:00:11,27800.0,600,Sell,224269445
2024-07-18 13:00:13,27800.0,1600,Sell,224269559
2024-07-18 13:00:15,27800.0,20000,Sell,224269655
2024-07-18 13:00:17,27800.0,700,Sell,224269690
2024-07-18 13:00:17,27800.0,400,Sell,224269720
2024-07-18 13:00:18,27800.0,1000,Sell,224269726
2024-07-18 13:00:18,27800.0,100,Sell,224269727
2024-07-18 13:00:19,27800.0,700,Sell,224269764
2024-07-18 13:00:19,27600.0,200,Sell,224269766
2024-07-18 13:00:19,27800.0,100,Sell,224269763
2024-07-18 13:00:20,27600.0,300,Sell,224269777
2024-07-18 13:00:21,27600.0,600,Sell,224269891
2024-07-18 13:00:23,27800.0,1000,Buy,224269971
2024-07-18 13:00:23,27600.0,100,Sell,224269973
2024-07-18 13:00:24,27800.0,100,Buy,224269993
2024-07-18 13:00:24,27800.0,100,Buy,224269994
2024-07-18 13:00:27,27500.0,8100,Sell,224270079
2024-07-18 13:00:27,27600.0,1800,Sell,224270078
2024-07-18 13:00:27,27700.0,100,Sell,224270077
2024-07-18 13:00:30,27500.0,100,Sell,224270161
2024-07-18 13:00:32,27500.0,200,Sell,224270235
2024-07-18 13:00:33,27500.0,1100,Sell,224270249
2024-07-18 13:00:33,27500.0,800,Sell,224270250
2024-07-18 13:00:33,27450.0,6100,Sell,224270251
2024-07-18 13:00:34,27450.0,100,Sell,224270283
2024-07-18 13:00:37,27500.0,100,Buy,224270357
2024-07-18 13:00:37,27450.0,200,Sell,224270363
2024-07-18 13:00:37,27450.0,600,Sell,224270364
2024-07-18 13:00:38,27500.0,700,Buy,224270430
2024-07-18 13:00:38,27500.0,1500,Buy,224270429
2024-07-18 13:00:38,27500.0,2500,Buy,224270426
2024-07-18 13:00:38,27500.0,100,Buy,224270425
2024-07-18 13:00:38,27500.0,2500,Buy,224270427
2024-07-18 13:00:38,27500.0,4000,Buy,224270428
2024-07-18 13:00:40,27500.0,6000,Sell,224270475
2024-07-18 13:00:41,27500.0,500,Sell,224270499
2024-07-18 13:00:41,27500.0,100,Sell,224270517
2024-07-18 13:00:42,27550.0,100,Buy,224270558
2024-07-18 13:00:43,27500.0,1300,Sell,224270570
2024-07-18 13:00:44,27500.0,1000,Sell,224270592
2024-07-18 13:00:44,27550.0,1900,Buy,224270582
2024-07-18 13:00:44,27550.0,100,Buy,224270583
2024-07-18 13:00:44,27550.0,2900,Sell,224270590
2024-07-18 13:00:44,27550.0,100,Sell,224270591
2024-07-18 13:00:45,27500.0,700,Sell,224270607
2024-07-18 13:00:47,27500.0,200,Sell,224270706
2024-07-18 13:00:47,27500.0,5000,Sell,224270707
2024-07-18 13:00:47,27500.0,1000,Sell,224270699
2024-07-18 13:00:48,27500.0,100,Sell,224270724
2024-07-18 13:00:50,27500.0,4500,Sell,224270793
2024-07-18 13:00:50,27500.0,2000,Sell,224270804
2024-07-18 13:00:51,27500.0,100,Sell,224270821
2024-07-18 13:00:51,27500.0,2000,Sell,224270832
2024-07-18 13:00:52,27500.0,100,Sell,224270857
2024-07-18 13:00:52,27550.0,200,Sell,224270880
2024-07-18 13:00:52,27500.0,300,Sell,224270881
2024-07-18 13:00:53,27600.0,2000,Buy,224270895
2024-07-18 13:00:53,27600.0,3000,Buy,224270894
2024-07-18 13:00:53,27600.0,100,Buy,224270893
2024-07-18 13:00:53,27500.0,4700,Sell,224270885
2024-07-18 13:00:53,27500.0,1000,Sell,224270887
2024-07-18 13:00:54,27600.0,100,Sell,224270901
2024-07-18 13:00:54,27600.0,100,Sell,224270913
2024-07-18 13:00:56,27600.0,4700,Sell,224270971
2024-07-18 13:00:56,27550.0,100,Sell,224270972
2024-07-18 13:00:56,27500.0,5200,Sell,224270973
2024-07-18 13:00:58,27550.0,100,Sell,224271011
2024-07-18 13:00:58,27500.0,1400,Sell,224271012
2024-07-18 13:00:59,27500.0,200,Sell,224271110
2024-07-18 13:00:59,27500.0,2000,Sell,224271109
2024-07-18 13:00:59,27500.0,100,Sell,224271108
2024-07-18 13:00:59,27500.0,1500,Sell,224271107
2024-07-18 13:00:59,27650.0,200,Buy,224271073
2024-07-18 13:00:59,27600.0,200,Buy,224271072
2024-07-18 13:01:00,27600.0,100,Sell,224271135
2024-07-18 13:01:04,27600.0,400,Sell,224271222
2024-07-18 13:01:05,27600.0,500,Sell,224271232
2024-07-18 13:01:05,27600.0,300,Buy,224271236
2024-07-18 13:01:06,27600.0,4700,Sell,224271259
2024-07-18 13:01:06,27600.0,100,Sell,224271261
2024-07-18 13:01:10,27550.0,300,Sell,224271359
2024-07-18 13:01:10,27550.0,900,Sell,224271358
2024-07-18 13:01:10,27600.0,300,Buy,224271342
2024-07-18 13:01:10,27550.0,1000,Sell,224271356
2024-07-18 13:01:10,27600.0,1000,Buy,224271353
2024-07-18 13:01:10,27550.0,100,Sell,224271357
2024-07-18 13:01:12,27500.0,11400,Sell,224271409
2024-07-18 13:01:12,27500.0,200,Sell,224271410
2024-07-18 13:01:12,27500.0,100,Sell,224271408
2024-07-18 13:01:12,27500.0,6500,Sell,224271411
2024-07-18 13:01:12,27550.0,200,Sell,224271406
2024-07-18 13:01:12,27550.0,100,Sell,224271405
2024-07-18 13:01:12,27550.0,1000,Sell,224271404
2024-07-18 13:01:12,27500.0,500,Sell,224271407
2024-07-18 13:01:13,27600.0,500,Buy,224271430
2024-07-18 13:01:14,27600.0,11600,Buy,224271441
2024-07-18 13:01:15,27550.0,100,Buy,224271465
2024-07-18 13:01:15,27550.0,1500,Sell,224271497
2024-07-18 13:01:16,27550.0,600,Sell,224271502
2024-07-18 13:01:17,27600.0,1000,Buy,224271550
2024-07-18 13:01:18,27550.0,100,Sell,224271554
2024-07-18 13:01:20,27550.0,4000,Sell,224271618
2024-07-18 13:01:20,27550.0,1000,Sell,224271617
2024-07-18 13:01:22,27550.0,100,Sell,224271654
2024-07-18 13:01:23,27550.0,100,Sell,224271753
2024-07-18 13:01:24,27600.0,300,Buy,224271796
2024-07-18 13:01:24,27600.0,600,Buy,224271795
2024-07-18 13:01:24,27600.0,1000,Buy,224271794
2024-07-18 13:01:24,27600.0,4000,Buy,224271793
2024-07-18 13:01:24,27600.0,10700,Buy,224271792
2024-07-18 13:01:24,27600.0,1000,Buy,224271789
2024-07-18 13:01:24,27600.0,100,Buy,224271791
2024-07-18 13:01:24,27600.0,100,Buy,224271790
2024-07-18 13:01:24,27600.0,5000,Buy,224271788
2024-07-18 13:01:24,27600.0,300,Buy,224271783
2024-07-18 13:01:24,27600.0,100,Buy,224271786
2024-07-18 13:01:24,27600.0,3000,Buy,224271785
2024-07-18 13:01:24,27600.0,1000,Buy,224271784
2024-07-18 13:01:24,27600.0,10600,Buy,224271782
2024-07-18 13:01:24,27600.0,7700,Buy,224271781
2024-07-18 13:01:24,27550.0,2000,Sell,224271775
2024-07-18 13:01:24,27550.0,6000,Sell,224271768
2024-07-18 13:01:24,27600.0,100,Buy,224271761
2024-07-18 13:01:24,27600.0,4500,Buy,224271787
2024-07-18 13:01:25,27550.0,5000,Sell,224271833
2024-07-18 13:01:25,27550.0,100,Sell,224271810
2024-07-18 13:01:25,27550.0,1100,Sell,224271811
2024-07-18 13:01:25,27550.0,100,Sell,224271828
2024-07-18 13:01:26,27550.0,1000,Sell,224271884
2024-07-18 13:01:27,27600.0,600,Buy,224271942
2024-07-18 13:01:28,27550.0,1000,Sell,224271958
2024-07-18 13:01:30,27600.0,1000,Buy,224272033
2024-07-18 13:01:30,27600.0,500,Buy,224272032
2024-07-18 13:01:30,27600.0,1000,Buy,224272029
2024-07-18 13:01:30,27600.0,5000,Buy,224272030
2024-07-18 13:01:30,27600.0,100,Buy,224272028
2024-07-18 13:01:30,27600.0,100,Buy,224272031
2024-07-18 13:01:31,27600.0,400,Sell,224272080
2024-07-18 13:01:31,27600.0,1900,Sell,224272094
2024-07-18 13:01:31,27600.0,3600,Sell,224272097
2024-07-18 13:01:32,27600.0,500,Sell,224272116
2024-07-18 13:01:32,27600.0,600,Sell,224272120
2024-07-18 13:01:32,27600.0,5000,Sell,224272134
2024-07-18 13:01:33,27600.0,4300,Sell,224272167
2024-07-18 13:01:33,27600.0,1700,Sell,224272168
2024-07-18 13:01:34,27600.0,100,Sell,224272192
2024-07-18 13:01:35,27600.0,1200,Sell,224272238
2024-07-18 13:01:35,27600.0,3800,Sell,224272239
2024-07-18 13:01:36,27600.0,100,Sell,224272311
2024-07-18 13:01:36,27650.0,100,Buy,224272316
2024-07-18 13:01:36,27600.0,500,Sell,224272280
2024-07-18 13:01:36,27600.0,100,Sell,224272281
2024-07-18 13:01:36,27650.0,100,Buy,224272279
2024-07-18 13:01:38,27650.0,100,Buy,224272390
2024-07-18 13:01:39,27600.0,8700,Sell,224272425
2024-07-18 13:01:39,27600.0,500,Sell,224272435
2024-07-18 13:01:39,27600.0,500,Sell,224272424
2024-07-18 13:01:40,27650.0,300,Buy,224272460
2024-07-18 13:01:42,27600.0,400,Sell,224272550
2024-07-18 13:01:43,27650.0,900,Buy,224272567
2024-07-18 13:01:43,27650.0,9100,Buy,224272568
2024-07-18 13:01:44,27650.0,100,Buy,224272582
2024-07-18 13:01:44,27650.0,1000,Buy,224272578
2024-07-18 13:01:45,27600.0,400,Sell,224272629
2024-07-18 13:01:45,27650.0,5000,Buy,224272630
2024-07-18 13:01:46,27650.0,300,Sell,224272703
2024-07-18 13:01:47,27650.0,2000,Sell,224272782
2024-07-18 13:01:48,27650.0,10000,Sell,224272799
2024-07-18 13:01:49,27650.0,1500,Sell,224272805
2024-07-18 13:01:50,27700.0,200,Buy,224272884
2024-07-18 13:01:50,27650.0,2500,Sell,224272882
2024-07-18 13:01:50,27700.0,300,Buy,224272883
2024-07-18 13:01:52,27650.0,700,Sell,224272926
2024-07-18 13:01:52,27700.0,100,Buy,224272927
2024-07-18 13:01:53,27650.0,1000,Sell,224272996
2024-07-18 13:01:53,27700.0,200,Buy,224273021
2024-07-18 13:01:55,27700.0,800,Sell,224273092
2024-07-18 13:01:55,27700.0,100,Sell,224273093
2024-07-18 13:01:55,27650.0,7900,Sell,224273094
2024-07-18 13:01:57,27700.0,200,Sell,224273163
2024-07-18 13:01:57,27650.0,600,Sell,224273164
2024-07-18 13:01:58,27700.0,100,Sell,224273200
2024-07-18 13:01:58,27650.0,600,Sell,224273201
2024-07-18 13:02:00,27650.0,200,Sell,224273298
2024-07-18 13:02:03,27700.0,100,Buy,224273413
2024-07-18 13:02:03,27700.0,100,Buy,224273456
2024-07-18 13:02:03,27650.0,2000,Sell,224273457
2024-07-18 13:02:04,27700.0,500,Buy,224273495
2024-07-18 13:02:05,27700.0,1000,Sell,224273509
2024-07-18 13:02:05,27700.0,100,Sell,224273510
2024-07-18 13:02:05,27800.0,200,Buy,224273520
2024-07-18 13:02:05,27700.0,300,Sell,224273521
2024-07-18 13:02:07,27700.0,300,Sell,224273586
2024-07-18 13:02:08,27700.0,200,Sell,224273621
2024-07-18 13:02:16,27700.0,900,Sell,224273863
2024-07-18 13:02:17,27700.0,500,Sell,224273894
2024-07-18 13:02:18,27700.0,100,Sell,224273927
2024-07-18 13:02:19,27700.0,1100,Sell,224273932
2024-07-18 13:02:19,27700.0,100,Sell,224273933
2024-07-18 13:02:19,27700.0,6500,Sell,224273934
2024-07-18 13:02:19,27700.0,3500,Sell,224273959
2024-07-18 13:02:19,27700.0,100,Sell,224273960
2024-07-18 13:02:19,27700.0,2100,Sell,224273962
2024-07-18 13:02:19,27700.0,1000,Sell,224273963
2024-07-18 13:02:19,27700.0,700,Sell,224273964
2024-07-18 13:02:19,27700.0,1900,Sell,224273965
2024-07-18 13:02:19,27700.0,700,Sell,224273961
2024-07-18 13:02:20,27700.0,100,Sell,224273975
2024-07-18 13:02:20,27700.0,5000,Sell,224273985
2024-07-18 13:02:22,27700.0,400,Sell,224274109
2024-07-18 13:02:24,27650.0,3000,Sell,224274214
2024-07-18 13:02:24,27700.0,100,Sell,224274213
2024-07-18 13:02:24,27700.0,200,Sell,224274211
2024-07-18 13:02:24,27700.0,1600,Sell,224274210
2024-07-18 13:02:24,27700.0,100,Sell,224274212
2024-07-18 13:02:28,27700.0,100,Sell,224274351
2024-07-18 13:02:29,27700.0,100,Sell,224274365
2024-07-18 13:02:30,27700.0,300,Sell,224274427
2024-07-18 13:02:33,27650.0,8400,Sell,224274552
2024-07-18 13:02:33,27700.0,100,Sell,224274551
2024-07-18 13:02:33,27650.0,800,Sell,224274560
2024-07-18 13:02:33,27700.0,500,Sell,224274549
2024-07-18 13:02:33,27750.0,100,Buy,224274539
2024-07-18 13:02:33,27700.0,1000,Sell,224274550
2024-07-18 13:02:34,27750.0,400,Buy,224274611
2024-07-18 13:02:36,27750.0,100,Buy,224274690
2024-07-18 13:02:37,27700.0,100,Sell,224274730
2024-07-18 13:02:43,27700.0,100,Buy,224274895
2024-07-18 13:02:47,27650.0,700,Sell,224275124
2024-07-18 13:02:48,27650.0,100,Sell,224275224
2024-07-18 13:02:48,27650.0,400,Sell,224275227
2024-07-18 13:02:48,27650.0,100,Sell,224275226
2024-07-18 13:02:48,27650.0,500,Sell,224275223
2024-07-18 13:02:48,27650.0,2800,Sell,224275225
2024-07-18 13:02:48,27650.0,200,Sell,224275221
2024-07-18 13:02:48,27650.0,200,Sell,224275218
2024-07-18 13:02:48,27650.0,200,Sell,224275219
2024-07-18 13:02:48,27650.0,700,Sell,224275222
2024-07-18 13:02:48,27650.0,2000,Sell,224275220
2024-07-18 13:02:48,27650.0,2800,Sell,224275217
2024-07-18 13:02:53,27650.0,300,Sell,224275390
2024-07-18 13:02:57,27650.0,100,Sell,224275509
2024-07-18 13:02:58,27650.0,500,Sell,224275545
2024-07-18 13:02:58,27650.0,1200,Sell,224275544
2024-07-18 13:03:00,27700.0,500,Buy,224275598
2024-07-18 13:03:02,27650.0,1100,Sell,224275658
2024-07-18 13:03:02,27650.0,400,Sell,224275659
2024-07-18 13:03:02,27650.0,500,Sell,224275672
2024-07-18 13:03:02,27650.0,100,Sell,224275673
2024-07-18 13:03:02,27650.0,100,Sell,224275702
2024-07-18 13:03:06,27650.0,300,Buy,224276080
2024-07-18 13:03:06,27650.0,500,Sell,224276074
2024-07-18 13:03:06,27650.0,100,Sell,224276072
2024-07-18 13:03:06,27650.0,100,Sell,224276073
2024-07-18 13:03:07,27650.0,1000,Sell,224276114
2024-07-18 13:03:07,27650.0,500,Sell,224276115
2024-07-18 13:03:08,27650.0,2000,Sell,224276121
2024-07-18 13:03:09,27700.0,100,Buy,224276230
2024-07-18 13:03:10,27650.0,1000,Sell,224276232
2024-07-18 13:03:10,27650.0,200,Sell,224276248
2024-07-18 13:03:10,27650.0,3800,Sell,224276260
2024-07-18 13:03:11,27650.0,1700,Sell,224276330
2024-07-18 13:03:14,27650.0,100,Buy,224276520
2024-07-18 13:03:15,27650.0,2000,Buy,224276541
2024-07-18 13:03:19,27600.0,8000,Sell,224276898
2024-07-18 13:03:23,27600.0,300,Sell,224277033
2024-07-18 13:03:23,27650.0,500,Buy,224277044
2024-07-18 13:03:25,27600.0,2000,Sell,224277086
2024-07-18 13:03:28,27600.0,5000,Sell,224277199
2024-07-18 13:03:28,27650.0,500,Buy,224277205
2024-07-18 13:03:28,27600.0,900,Sell,224277208
2024-07-18 13:03:29,27600.0,500,Sell,224277229
2024-07-18 13:03:29,27650.0,200,Buy,224277221
2024-07-18 13:03:29,27600.0,10000,Sell,224277228
2024-07-18 13:03:30,27600.0,300,Sell,224277245
2024-07-18 13:03:31,27600.0,200,Sell,224277273
2024-07-18 13:03:31,27600.0,11000,Sell,224277274
2024-07-18 13:03:32,27600.0,100,Sell,224277302
2024-07-18 13:03:32,27600.0,200,Sell,224277301
2024-07-18 13:03:32,27600.0,100,Sell,224277298
2024-07-18 13:03:32,27600.0,200,Sell,224277300
2024-07-18 13:03:32,27600.0,300,Sell,224277299
2024-07-18 13:03:32,27600.0,300,Sell,224277297
2024-07-18 13:03:32,27600.0,1000,Sell,224277292
2024-07-18 13:03:32,27600.0,500,Sell,224277295
2024-07-18 13:03:32,27600.0,100,Sell,224277296
2024-07-18 13:03:32,27600.0,1800,Sell,224277290
2024-07-18 13:03:32,27600.0,100,Sell,224277291
2024-07-18 13:03:32,27600.0,300,Sell,224277293
2024-07-18 13:03:32,27600.0,100,Sell,224277294
2024-07-18 13:03:33,27600.0,700,Sell,224277339
2024-07-18 13:03:36,27600.0,1300,Buy,224277451
2024-07-18 13:03:36,27600.0,700,Sell,224277469
2024-07-18 13:03:37,27600.0,1000,Buy,224277522
2024-07-18 13:03:39,27600.0,100,Buy,224277576
2024-07-18 13:03:41,27600.0,100,Buy,224277643
2024-07-18 13:03:41,27600.0,100,Buy,224277648
2024-07-18 13:03:41,27600.0,100,Buy,224277649
2024-07-18 13:03:42,27600.0,200,Buy,224277684
2024-07-18 13:03:43,27550.0,10000,Sell,224277767
2024-07-18 13:03:44,27550.0,200,Sell,224277804
2024-07-18 13:03:45,27550.0,100,Sell,224277860
2024-07-18 13:03:45,27550.0,200,Sell,224277856
2024-07-18 13:03:45,27600.0,100,Buy,224277850
2024-07-18 13:03:46,27550.0,5000,Sell,224277899
2024-07-18 13:03:47,27600.0,600,Buy,224277945
2024-07-18 13:03:47,27600.0,1000,Buy,224277946
2024-07-18 13:03:47,27600.0,400,Buy,224277947
2024-07-18 13:03:48,27600.0,100,Buy,224277973
2024-07-18 13:03:52,27550.0,1000,Sell,224278145
2024-07-18 13:03:52,27550.0,9700,Sell,224278149
2024-07-18 13:03:52,27550.0,100,Sell,224278150
2024-07-18 13:03:52,27550.0,200,Sell,224278151
2024-07-18 13:03:52,27600.0,500,Buy,224278166
2024-07-18 13:03:52,27600.0,500,Buy,224278167
2024-07-18 13:03:52,27600.0,300,Buy,224278168
2024-07-18 13:03:54,27550.0,100,Sell,224278221
2024-07-18 13:03:54,27550.0,100,Sell,224278220
2024-07-18 13:03:54,27550.0,300,Sell,224278218
2024-07-18 13:03:54,27550.0,1000,Sell,224278219
2024-07-18 13:03:54,27550.0,800,Sell,224278217
2024-07-18 13:03:55,27550.0,100,Buy,224278249
2024-07-18 13:04:00,27550.0,100,Buy,224278410
2024-07-18 13:04:01,27500.0,13500,Sell,224278482
2024-07-18 13:04:01,27500.0,16500,Sell,224278483
2024-07-18 13:04:01,27550.0,400,Buy,224278502
2024-07-18 13:04:03,27500.0,3000,Sell,224278531
2024-07-18 13:04:04,27550.0,2500,Buy,224278566
2024-07-18 13:04:05,27550.0,4600,Buy,224278609
2024-07-18 13:04:05,27550.0,400,Buy,224278610
2024-07-18 13:04:08,27500.0,1000,Sell,224278720
2024-07-18 13:04:08,27550.0,3300,Buy,224278724
2024-07-18 13:04:14,27550.0,600,Buy,224279174
2024-07-18 13:04:14,27500.0,2000,Sell,224279175
2024-07-18 13:04:14,27500.0,1500,Sell,224279176
2024-07-18 13:04:15,27500.0,200,Sell,224279236
2024-07-18 13:04:15,27550.0,100,Buy,224279255
2024-07-18 13:04:18,27500.0,5000,Sell,224279375
2024-07-18 13:04:21,27500.0,800,Sell,224279446
2024-07-18 13:04:24,27550.0,300,Buy,224279601
2024-07-18 13:04:25,27500.0,400,Sell,224279641
2024-07-18 13:04:25,27500.0,1000,Sell,224279640
2024-07-18 13:04:25,27500.0,100,Sell,224279639
2024-07-18 13:04:25,27500.0,5000,Sell,224279638
2024-07-18 13:04:25,27500.0,1100,Sell,224279636
2024-07-18 13:04:25,27500.0,100,Sell,224279635
2024-07-18 13:04:25,27500.0,500,Sell,224279628
2024-07-18 13:04:25,27500.0,100,Sell,224279633
2024-07-18 13:04:25,27500.0,100,Sell,224279632
2024-07-18 13:04:25,27500.0,4000,Sell,224279631
2024-07-18 13:04:25,27500.0,100,Sell,224279630
2024-07-18 13:04:25,27500.0,100,Sell,224279629
2024-07-18 13:04:25,27500.0,100,Sell,224279634
2024-07-18 13:04:25,27500.0,10000,Sell,224279637
2024-07-18 13:04:26,27500.0,1700,Sell,224279667
2024-07-18 13:04:26,27500.0,5000,Sell,224279708
2024-07-18 13:04:26,27500.0,1000,Sell,224279709
2024-07-18 13:04:27,27500.0,2000,Sell,224279750
2024-07-18 13:04:27,27500.0,100,Sell,224279749
2024-07-18 13:04:27,27500.0,1900,Sell,224279747
2024-07-18 13:04:27,27500.0,1000,Sell,224279748
2024-07-18 13:04:28,27500.0,2000,Sell,224279760
2024-07-18 13:04:31,27450.0,10800,Sell,224279899
2024-07-18 13:04:32,27500.0,900,Buy,224279916
2024-07-18 13:04:32,27500.0,200,Buy,224279940
2024-07-18 13:04:33,27500.0,200,Buy,224279970
2024-07-18 13:04:35,27500.0,200,Buy,224280046
2024-07-18 13:04:35,27500.0,100,Buy,224280047
2024-07-18 13:04:36,27450.0,100,Sell,224280104
2024-07-18 13:04:37,27450.0,1000,Sell,224280151
2024-07-18 13:04:40,27500.0,100,Buy,224280264
2024-07-18 13:04:41,27450.0,300,Sell,224280318
2024-07-18 13:04:41,27450.0,5000,Sell,224280310
2024-07-18 13:04:43,27450.0,1000,Sell,224280368
2024-07-18 13:04:43,27500.0,100,Buy,224280369
2024-07-18 13:04:45,27450.0,1200,Sell,224280434
2024-07-18 13:04:47,27450.0,2300,Sell,224280527
2024-07-18 13:04:47,27450.0,2000,Sell,224280533
2024-07-18 13:04:48,27450.0,100,Sell,224280582
2024-07-18 13:04:48,27450.0,1700,Sell,224280581
2024-07-18 13:04:48,27450.0,3000,Sell,224280576
2024-07-18 13:04:48,27450.0,14000,Sell,224280573
2024-07-18 13:04:48,27450.0,600,Sell,224280574
2024-07-18 13:04:49,27450.0,100,Buy,224280613
2024-07-18 13:04:49,27450.0,100,Buy,224280622
2024-07-18 13:04:50,27450.0,100,Sell,224280651
2024-07-18 13:04:50,27450.0,800,Sell,224280656
2024-07-18 13:04:51,27450.0,100,Buy,224280710
2024-07-18 13:04:53,27400.0,200,Sell,224280785
2024-07-18 13:04:53,27400.0,300,Sell,224280786
2024-07-18 13:04:59,27400.0,3600,Sell,224280995
2024-07-18 13:04:59,27400.0,100,Sell,224280994
2024-07-18 13:04:59,27400.0,500,Sell,224280993
2024-07-18 13:04:59,27400.0,500,Sell,224280957
2024-07-18 13:04:59,27400.0,1200,Sell,224280959
2024-07-18 13:04:59,27400.0,100,Sell,224280958
2024-07-18 13:04:59,27400.0,100,Sell,224280956
2024-07-18 13:04:59,27400.0,800,Sell,224280992
2024-07-18 13:05:00,27400.0,1000,Sell,224281001
2024-07-18 13:05:01,27400.0,900,Sell,224281052
2024-07-18 13:05:04,27400.0,100,Buy,224281181
2024-07-18 13:05:04,27400.0,900,Buy,224281182
2024-07-18 13:05:07,27400.0,100,Buy,224281329
2024-07-18 13:05:07,27350.0,1000,Sell,224281308
2024-07-18 13:05:07,27350.0,1000,Sell,224281309
2024-07-18 13:05:09,27400.0,100,Buy,224281369
2024-07-18 13:05:09,27200.0,200,Sell,224281398
2024-07-18 13:05:09,27200.0,2000,Sell,224281397
2024-07-18 13:05:09,27250.0,2000,Sell,224281396
2024-07-18 13:05:09,27250.0,500,Sell,224281395
2024-07-18 13:05:09,27250.0,1000,Sell,224281394
2024-07-18 13:05:09,27300.0,1500,Sell,224281393
2024-07-18 13:05:09,27200.0,3300,Sell,224281400
2024-07-18 13:05:09,27300.0,100,Sell,224281391
2024-07-18 13:05:09,27300.0,2000,Sell,224281392
2024-07-18 13:05:09,27350.0,400,Sell,224281385
2024-07-18 13:05:09,27350.0,500,Sell,224281386
2024-07-18 13:05:09,27200.0,300,Sell,224281399
2024-07-18 13:05:09,27300.0,100,Sell,224281388
2024-07-18 13:05:09,27300.0,3000,Sell,224281387
2024-07-18 13:05:09,27300.0,100,Sell,224281389
2024-07-18 13:05:09,27300.0,3000,Sell,224281390
2024-07-18 13:05:17,27200.0,100,Sell,224281949
2024-07-18 13:05:19,27200.0,100,Sell,224282005
2024-07-18 13:05:19,27200.0,1400,Sell,224282006
2024-07-18 13:05:20,27200.0,300,Sell,224282063
2024-07-18 13:05:20,27200.0,12000,Sell,224282055
2024-07-18 13:05:21,27200.0,800,Sell,224282077
2024-07-18 13:05:21,27200.0,6700,Sell,224282085
2024-07-18 13:05:21,27200.0,1000,Sell,224282090
2024-07-18 13:05:21,27200.0,10000,Sell,224282094
2024-07-18 13:05:21,27250.0,100,Buy,224282084
2024-07-18 13:05:22,27200.0,100,Sell,224282103
2024-07-18 13:05:22,27200.0,3000,Sell,224282104
2024-07-18 13:05:22,27200.0,500,Sell,224282119
2024-07-18 13:05:23,27200.0,600,Sell,224282148
2024-07-18 13:05:23,27200.0,1500,Sell,224282161
2024-07-18 13:05:24,27200.0,1000,Sell,224282177
2024-07-18 13:05:25,27250.0,100,Buy,224282241
2024-07-18 13:05:26,27200.0,9000,Sell,224282270
2024-07-18 13:05:26,27200.0,5000,Sell,224282271
2024-07-18 13:05:26,27200.0,2000,Sell,224282266
2024-07-18 13:05:27,27200.0,5000,Sell,224282283
2024-07-18 13:05:27,27200.0,16500,Sell,224282310
2024-07-18 13:05:28,27200.0,8300,Sell,224282330
2024-07-18 13:05:30,27200.0,6000,Sell,224282376
2024-07-18 13:05:30,27200.0,500,Sell,224282377
2024-07-18 13:05:30,27200.0,1800,Sell,224282385
2024-07-18 13:05:30,27200.0,300,Sell,224282386
2024-07-18 13:05:31,27200.0,300,Sell,224282438
2024-07-18 13:05:31,27250.0,100,Buy,224282427
2024-07-18 13:05:31,27200.0,2200,Sell,224282426
2024-07-18 13:05:31,27200.0,1000,Sell,224282425
2024-07-18 13:05:31,27200.0,500,Sell,224282424
2024-07-18 13:05:31,27200.0,200,Sell,224282422
2024-07-18 13:05:31,27200.0,3000,Sell,224282423
2024-07-18 13:05:31,27200.0,900,Sell,224282420
2024-07-18 13:05:31,27200.0,100,Sell,224282419
2024-07-18 13:05:31,27200.0,400,Sell,224282418
2024-07-18 13:05:31,27200.0,1500,Sell,224282417
2024-07-18 13:05:31,27200.0,8700,Sell,224282416
2024-07-18 13:05:31,27200.0,1000,Sell,224282394
2024-07-18 13:05:31,27200.0,500,Sell,224282421
2024-07-18 13:05:32,27200.0,100,Sell,224282458
2024-07-18 13:05:32,27200.0,2000,Sell,224282459
2024-07-18 13:05:32,27200.0,100,Sell,224282460
2024-07-18 13:05:32,27200.0,2700,Buy,224282485
2024-07-18 13:05:32,27200.0,3500,Sell,224282509
2024-07-18 13:05:32,27200.0,500,Sell,224282457
2024-07-18 13:05:32,27200.0,12000,Sell,224282495
2024-07-18 13:05:32,27200.0,3100,Sell,224282510
2024-07-18 13:05:32,27200.0,100,Buy,224282511
2024-07-18 13:05:32,27200.0,100,Sell,224282486
2024-07-18 13:05:32,27200.0,5000,Sell,224282456
2024-07-18 13:05:32,27200.0,400,Sell,224282494
2024-07-18 13:05:32,27200.0,300,Sell,224282454
2024-07-18 13:05:32,27200.0,7500,Sell,224282443
2024-07-18 13:05:32,27200.0,7700,Sell,224282444
2024-07-18 13:05:32,27200.0,5000,Sell,224282445
2024-07-18 13:05:32,27200.0,100,Sell,224282455
2024-07-18 13:05:32,27200.0,2000,Sell,224282447
2024-07-18 13:05:32,27200.0,200,Sell,224282446
2024-07-18 13:05:32,27200.0,2000,Sell,224282449
2024-07-18 13:05:32,27200.0,1000,Sell,224282450
2024-07-18 13:05:32,27200.0,100,Sell,224282451
2024-07-18 13:05:32,27200.0,1000,Sell,224282452
2024-07-18 13:05:32,27200.0,2600,Sell,224282453
2024-07-18 13:05:32,27200.0,100,Sell,224282448
2024-07-18 13:05:33,27200.0,7400,Buy,224282538
2024-07-18 13:05:33,27200.0,11000,Buy,224282539
2024-07-18 13:05:33,27200.0,3400,Sell,224282540
2024-07-18 13:05:33,27200.0,1000,Buy,224282558
2024-07-18 13:05:34,27200.0,3800,Buy,224282612
2024-07-18 13:05:34,27200.0,1200,Buy,224282618
2024-07-18 13:05:34,27200.0,1000,Buy,224282610
2024-07-18 13:05:34,27200.0,1600,Buy,224282609
2024-07-18 13:05:34,27200.0,1000,Buy,224282611
2024-07-18 13:05:36,27200.0,200,Buy,224282708
2024-07-18 13:05:36,27200.0,300,Buy,224282715
2024-07-18 13:05:36,27200.0,5000,Buy,224282716
2024-07-18 13:05:36,27200.0,200,Sell,224282717
2024-07-18 13:05:37,27150.0,500,Sell,224282773
2024-07-18 13:05:37,27150.0,500,Sell,224282774
2024-07-18 13:05:38,27200.0,1900,Buy,224282835
2024-07-18 13:05:39,27200.0,1800,Buy,224282854
2024-07-18 13:05:39,27200.0,100,Buy,224282853
2024-07-18 13:05:39,27200.0,4000,Buy,224282852
2024-07-18 13:05:39,27200.0,6100,Buy,224282850
2024-07-18 13:05:39,27200.0,1300,Buy,224282851
2024-07-18 13:05:40,27200.0,1200,Buy,224282909
2024-07-18 13:05:40,27200.0,1000,Buy,224282910
2024-07-18 13:05:40,27200.0,2500,Buy,224282911
2024-07-18 13:05:40,27200.0,1300,Buy,224282912
2024-07-18 13:05:40,27200.0,1000,Buy,224282913
2024-07-18 13:05:40,27200.0,10000,Buy,224282914
2024-07-18 13:05:41,27250.0,500,Sell,224282952
2024-07-18 13:05:41,27250.0,1000,Buy,224282944
2024-07-18 13:05:41,27250.0,1000,Buy,224282945
2024-07-18 13:05:41,27200.0,500,Sell,224282938
2024-07-18 13:05:41,27200.0,3000,Sell,224282921
2024-07-18 13:05:41,27200.0,500,Sell,224282920
2024-07-18 13:05:41,27250.0,900,Buy,224282941
2024-07-18 13:05:42,27250.0,1500,Sell,224282982
2024-07-18 13:05:43,27250.0,400,Sell,224283046
2024-07-18 13:05:43,27250.0,300,Sell,224283057
2024-07-18 13:05:43,27250.0,44400,Sell,224283062
2024-07-18 13:05:43,27250.0,5600,Sell,224283063
2024-07-18 13:05:44,27300.0,500,Buy,224283080
2024-07-18 13:05:45,27250.0,100,Sell,224283147
2024-07-18 13:05:45,27250.0,5000,Sell,224283190
2024-07-18 13:05:46,27200.0,2000,Sell,224283231
2024-07-18 13:05:46,27250.0,15700,Sell,224283229
2024-07-18 13:05:46,27250.0,3500,Sell,224283196
2024-07-18 13:05:46,27200.0,22300,Sell,224283230
2024-07-18 13:05:47,27200.0,2000,Sell,224283270
2024-07-18 13:05:47,27200.0,2000,Sell,224283273
2024-07-18 13:05:48,27250.0,3400,Buy,224283294
2024-07-18 13:05:48,27250.0,1600,Sell,224283295
2024-07-18 13:05:48,27200.0,700,Sell,224283296
2024-07-18 13:05:48,27200.0,700,Sell,224283297
2024-07-18 13:05:49,27200.0,1100,Sell,224283306
2024-07-18 13:05:49,27200.0,4800,Sell,224283313
2024-07-18 13:05:50,27200.0,18200,Sell,224283356
2024-07-18 13:05:50,27200.0,500,Sell,224283355
2024-07-18 13:05:50,27200.0,400,Sell,224283352
2024-07-18 13:05:50,27200.0,100,Sell,224283353
2024-07-18 13:05:50,27200.0,300,Sell,224283354
2024-07-18 13:05:51,27200.0,1400,Sell,224283393
2024-07-18 13:05:51,27250.0,1000,Buy,224283401
2024-07-18 13:05:52,27200.0,3800,Sell,224283405
2024-07-18 13:05:52,27200.0,400,Sell,224283406
2024-07-18 13:05:52,27200.0,900,Sell,224283407
2024-07-18 13:05:52,27200.0,400,Sell,224283418
2024-07-18 13:05:52,27200.0,600,Sell,224283419
2024-07-18 13:05:53,27200.0,9600,Sell,224283462
2024-07-18 13:05:53,27200.0,1000,Sell,224283439
2024-07-18 13:05:54,27200.0,800,Sell,224283475
2024-07-18 13:05:55,27200.0,200,Sell,224283511
2024-07-18 13:05:55,27200.0,200,Sell,224283520
2024-07-18 13:05:56,27150.0,300,Sell,224283589
2024-07-18 13:05:56,27200.0,100,Buy,224283596
2024-07-18 13:05:56,27150.0,500,Sell,224283592
2024-07-18 13:05:56,27150.0,600,Sell,224283591
2024-07-18 13:05:56,27150.0,100,Sell,224283590
2024-07-18 13:05:56,27150.0,1500,Sell,224283587
2024-07-18 13:05:56,27150.0,100,Sell,224283588
2024-07-18 13:05:56,27150.0,200,Sell,224283586
2024-07-18 13:05:56,27150.0,300,Sell,224283585
2024-07-18 13:05:56,27150.0,100,Sell,224283584
2024-07-18 13:05:56,27150.0,100,Sell,224283583
2024-07-18 13:05:56,27150.0,500,Sell,224283582
2024-07-18 13:05:56,27200.0,200,Sell,224283540
2024-07-18 13:05:56,27200.0,100,Sell,224283539
2024-07-18 13:05:57,27200.0,500,Buy,224283619
2024-07-18 13:06:01,27200.0,100,Buy,224283829
2024-07-18 13:06:01,27200.0,100,Buy,224283828
2024-07-18 13:06:02,27200.0,1000,Buy,224283840
2024-07-18 13:06:02,27150.0,500,Sell,224283841
2024-07-18 13:06:02,27150.0,200,Sell,224283842
2024-07-18 13:06:02,27150.0,1000,Sell,224283843
2024-07-18 13:06:02,27200.0,1000,Buy,224283860
2024-07-18 13:06:03,27150.0,100,Sell,224283909
2024-07-18 13:06:03,27150.0,500,Sell,224283908
2024-07-18 13:06:03,27150.0,5300,Sell,224283907
2024-07-18 13:06:03,27150.0,9000,Sell,224283905
2024-07-18 13:06:03,27200.0,100,Buy,224283904
2024-07-18 13:06:03,27200.0,100,Buy,224283899
2024-07-18 13:06:03,27150.0,1000,Sell,224283906
2024-07-18 13:06:04,27100.0,100,Sell,224283930
2024-07-18 13:06:05,27100.0,200,Sell,224283989
2024-07-18 13:06:05,27100.0,200,Sell,224283990
2024-07-18 13:06:05,27100.0,200,Sell,224283991
2024-07-18 13:06:05,27100.0,9000,Sell,224283992
2024-07-18 13:06:05,27100.0,900,Sell,224283993
2024-07-18 13:06:05,27100.0,500,Sell,224283994
2024-07-18 13:06:05,27100.0,200,Sell,224283997
2024-07-18 13:06:05,27100.0,4000,Sell,224283996
2024-07-18 13:06:05,27100.0,100,Sell,224283998
2024-07-18 13:06:05,27100.0,100,Sell,224283999
2024-07-18 13:06:05,27100.0,14200,Sell,224284000
2024-07-18 13:06:05,27150.0,14100,Buy,224284016
2024-07-18 13:06:05,27100.0,1000,Sell,224283995
2024-07-18 13:06:05,27100.0,30000,Sell,224283988
2024-07-18 13:06:05,27100.0,5000,Sell,224284023
2024-07-18 13:06:05,27100.0,300,Sell,224283986
2024-07-18 13:06:05,27100.0,2900,Sell,224283973
2024-07-18 13:06:05,27100.0,100,Sell,224283974
2024-07-18 13:06:05,27100.0,5000,Sell,224283975
2024-07-18 13:06:05,27100.0,1000,Sell,224283976
2024-07-18 13:06:05,27100.0,100,Sell,224283977
2024-07-18 13:06:05,27100.0,200,Sell,224283978
2024-07-18 13:06:05,27100.0,300,Sell,224283987
2024-07-18 13:06:05,27100.0,10000,Sell,224283980
2024-07-18 13:06:05,27100.0,1000,Sell,224283981
2024-07-18 13:06:05,27100.0,4400,Sell,224283982
2024-07-18 13:06:05,27100.0,600,Sell,224283983
2024-07-18 13:06:05,27100.0,3000,Sell,224283984
2024-07-18 13:06:05,27100.0,10000,Sell,224283985
2024-07-18 13:06:05,27100.0,500,Sell,224283979
2024-07-18 13:06:07,27150.0,1000,Buy,224284115
2024-07-18 13:06:08,27150.0,300,Sell,224284137
2024-07-18 13:06:11,27150.0,100,Buy,224284253
2024-07-18 13:06:11,27150.0,100,Sell,224284242
2024-07-18 13:06:11,27150.0,600,Sell,224284252
2024-07-18 13:06:12,27100.0,800,Sell,224284268
2024-07-18 13:06:12,27100.0,200,Sell,224284270
2024-07-18 13:06:12,27100.0,500,Sell,224284271
2024-07-18 13:06:12,27100.0,100,Sell,224284272
2024-07-18 13:06:12,27100.0,100,Sell,224284273
2024-07-18 13:06:12,27100.0,1000,Sell,224284274
2024-07-18 13:06:12,27100.0,200,Sell,224284275
2024-07-18 13:06:12,27100.0,500,Sell,224284276
2024-07-18 13:06:12,27100.0,100,Sell,224284310
2024-07-18 13:06:12,27100.0,100,Sell,224284311
2024-07-18 13:06:12,27100.0,600,Sell,224284312
2024-07-18 13:06:12,27100.0,100,Sell,224284269
2024-07-18 13:06:13,27150.0,200,Buy,224284340
2024-07-18 13:06:14,27150.0,100,Buy,224284357
2024-07-18 13:06:16,27150.0,900,Buy,224284535
2024-07-18 13:06:16,27100.0,500,Sell,224284488
2024-07-18 13:06:16,27100.0,2700,Sell,224284489
2024-07-18 13:06:16,27100.0,800,Sell,224284490
2024-07-18 13:06:16,27100.0,300,Sell,224284491
2024-07-18 13:06:16,27100.0,100,Sell,224284492
2024-07-18 13:06:16,27100.0,100,Sell,224284493
2024-07-18 13:06:16,27100.0,2500,Sell,224284494
2024-07-18 13:06:16,27100.0,100,Sell,224284495
2024-07-18 13:06:16,27100.0,500,Sell,224284496
2024-07-18 13:06:16,27100.0,200,Sell,224284497
2024-07-18 13:06:16,27100.0,10000,Sell,224284498
2024-07-18 13:06:16,27100.0,300,Sell,224284499
2024-07-18 13:06:16,27100.0,1000,Sell,224284500
2024-07-18 13:06:16,27100.0,100,Sell,224284482
2024-07-18 13:06:16,27100.0,2000,Sell,224284501
2024-07-18 13:06:16,27100.0,200,Sell,224284503
2024-07-18 13:06:16,27100.0,100,Sell,224284504
2024-07-18 13:06:16,27100.0,200,Sell,224284505
2024-07-18 13:06:16,27100.0,1000,Sell,224284506
2024-07-18 13:06:16,27100.0,100,Sell,224284507
2024-07-18 13:06:16,27100.0,100,Sell,224284508
2024-07-18 13:06:16,27100.0,100,Sell,224284509
2024-07-18 13:06:16,27100.0,1700,Sell,224284510
2024-07-18 13:06:16,27100.0,500,Sell,224284516
2024-07-18 13:06:16,27100.0,200,Sell,224284530
2024-07-18 13:06:16,27150.0,1000,Buy,224284532
2024-07-18 13:06:16,27150.0,1000,Buy,224284533
2024-07-18 13:06:16,27150.0,900,Buy,224284534
2024-07-18 13:06:16,27100.0,500,Sell,224284502
2024-07-18 13:06:16,27100.0,200,Sell,224284481
2024-07-18 13:06:16,27100.0,300,Sell,224284465
2024-07-18 13:06:16,27100.0,200,Sell,224284479
2024-07-18 13:06:16,27100.0,200,Sell,224284449
2024-07-18 13:06:16,27100.0,800,Sell,224284450
2024-07-18 13:06:16,27100.0,200,Sell,224284451
2024-07-18 13:06:16,27100.0,100,Sell,224284452
2024-07-18 13:06:16,27100.0,100,Sell,224284453
2024-07-18 13:06:16,27100.0,100,Sell,224284454
2024-07-18 13:06:16,27100.0,100,Sell,224284455
2024-07-18 13:06:16,27100.0,3000,Sell,224284456
2024-07-18 13:06:16,27100.0,1000,Sell,224284457
2024-07-18 13:06:16,27100.0,1100,Sell,224284458
2024-07-18 13:06:16,27100.0,1000,Sell,224284459
2024-07-18 13:06:16,27100.0,5000,Sell,224284460
2024-07-18 13:06:16,27100.0,200,Sell,224284461
2024-07-18 13:06:16,27100.0,500,Sell,224284480
2024-07-18 13:06:16,27100.0,100,Sell,224284463
2024-07-18 13:06:16,27100.0,22300,Sell,224284462
2024-07-18 13:06:16,27100.0,300,Sell,224284448
2024-07-18 13:06:16,27100.0,300,Sell,224284478
2024-07-18 13:06:16,27100.0,1000,Sell,224284477
2024-07-18 13:06:16,27100.0,100,Sell,224284476
2024-07-18 13:06:16,27100.0,300,Sell,224284475
2024-07-18 13:06:16,27100.0,100,Sell,224284474
2024-07-18 13:06:16,27100.0,100,Sell,224284464
2024-07-18 13:06:16,27100.0,100,Sell,224284473
2024-07-18 13:06:16,27100.0,2000,Sell,224284471
2024-07-18 13:06:16,27100.0,200,Sell,224284470
2024-07-18 13:06:16,27100.0,200,Sell,224284469
2024-07-18 13:06:16,27100.0,500,Sell,224284468
2024-07-18 13:06:16,27100.0,300,Sell,224284467
2024-07-18 13:06:16,27100.0,600,Sell,224284466
2024-07-18 13:06:16,27100.0,100,Sell,224284472
2024-07-18 13:06:17,27150.0,2200,Sell,224284556
2024-07-18 13:06:17,27150.0,700,Buy,224284554
2024-07-18 13:06:17,27100.0,300,Sell,224284552
2024-07-18 13:06:17,27150.0,7100,Buy,224284553
2024-07-18 13:06:17,27100.0,100,Sell,224284550
2024-07-18 13:06:17,27100.0,1400,Sell,224284549
2024-07-18 13:06:17,27100.0,600,Sell,224284548
2024-07-18 13:06:17,27100.0,100,Sell,224284551
2024-07-18 13:06:19,27100.0,5000,Sell,224284665
2024-07-18 13:06:19,27100.0,200,Sell,224284664
2024-07-18 13:06:19,27100.0,100,Sell,224284663
2024-07-18 13:06:19,27100.0,100,Sell,224284662
2024-07-18 13:06:19,27100.0,500,Sell,224284661
2024-07-18 13:06:19,27100.0,1000,Sell,224284660
2024-07-18 13:06:19,27100.0,100,Sell,224284659
2024-07-18 13:06:19,27100.0,1100,Sell,224284657
2024-07-18 13:06:19,27100.0,1000,Sell,224284656
2024-07-18 13:06:19,27100.0,100,Sell,224284655
2024-07-18 13:06:19,27100.0,100,Sell,224284654
2024-07-18 13:06:19,27100.0,500,Sell,224284653
2024-07-18 13:06:19,27100.0,25000,Sell,224284652
2024-07-18 13:06:19,27100.0,300,Sell,224284651
2024-07-18 13:06:19,27100.0,7400,Sell,224284658
2024-07-18 13:06:19,27100.0,2100,Sell,224284666
2024-07-18 13:06:19,27100.0,1000,Sell,224284668
2024-07-18 13:06:19,27100.0,2000,Sell,224284669
2024-07-18 13:06:19,27100.0,100,Sell,224284650
2024-07-18 13:06:19,27100.0,200,Sell,224284701
2024-07-18 13:06:19,27100.0,100,Sell,224284700
2024-07-18 13:06:19,27100.0,500,Sell,224284699
2024-07-18 13:06:19,27100.0,200,Sell,224284698
2024-07-18 13:06:19,27100.0,400,Sell,224284697
2024-07-18 13:06:19,27100.0,5000,Sell,224284667
2024-07-18 13:06:19,27100.0,1600,Sell,224284696
2024-07-18 13:06:19,27100.0,3000,Sell,224284675
2024-07-18 13:06:19,27100.0,500,Sell,224284674
2024-07-18 13:06:19,27100.0,500,Sell,224284673
2024-07-18 13:06:19,27100.0,1700,Sell,224284672
2024-07-18 13:06:19,27100.0,100,Sell,224284671
2024-07-18 13:06:19,27100.0,100,Sell,224284670
2024-07-18 13:06:19,27100.0,3400,Sell,224284676
2024-07-18 13:06:19,27100.0,1000,Sell,224284649
2024-07-18 13:06:19,27100.0,500,Sell,224284634
2024-07-18 13:06:19,27100.0,500,Sell,224284647
2024-07-18 13:06:19,27100.0,10000,Sell,224284628
2024-07-18 13:06:19,27100.0,500,Sell,224284627
2024-07-18 13:06:19,27100.0,1000,Sell,224284626
2024-07-18 13:06:19,27100.0,200,Sell,224284625
2024-07-18 13:06:19,27100.0,2800,Sell,224284624
2024-07-18 13:06:19,27100.0,100,Sell,224284623
2024-07-18 13:06:19,27100.0,1100,Sell,224284648
2024-07-18 13:06:19,27100.0,500,Sell,224284622
2024-07-18 13:06:19,27100.0,1400,Sell,224284620
2024-07-18 13:06:19,27100.0,500,Sell,224284619
2024-07-18 13:06:19,27100.0,100,Sell,224284618
2024-07-18 13:06:19,27100.0,1000,Sell,224284617
2024-07-18 13:06:19,27100.0,1000,Sell,224284616
2024-07-18 13:06:19,27100.0,100,Sell,224284615
2024-07-18 13:06:19,27100.0,2000,Sell,224284621
2024-07-18 13:06:19,27100.0,100,Sell,224284630
2024-07-18 13:06:19,27100.0,46700,Sell,224284629
2024-07-18 13:06:19,27100.0,1000,Sell,224284632
2024-07-18 13:06:19,27100.0,500,Sell,224284646
2024-07-18 13:06:19,27100.0,200,Sell,224284645
2024-07-18 13:06:19,27100.0,100,Sell,224284644
2024-07-18 13:06:19,27100.0,2000,Sell,224284643
2024-07-18 13:06:19,27100.0,100,Sell,224284642
2024-07-18 13:06:19,27100.0,2000,Sell,224284631
2024-07-18 13:06:19,27100.0,1000,Sell,224284640
2024-07-18 13:06:19,27100.0,300,Sell,224284641
2024-07-18 13:06:19,27100.0,100,Sell,224284638
2024-07-18 13:06:19,27100.0,3000,Sell,224284637
2024-07-18 13:06:19,27100.0,200,Sell,224284636
2024-07-18 13:06:19,27100.0,3000,Sell,224284635
2024-07-18 13:06:19,27100.0,700,Sell,224284614
2024-07-18 13:06:19,27100.0,500,Sell,224284633
2024-07-18 13:06:19,27100.0,1000,Sell,224284639
2024-07-18 13:06:20,27100.0,800,Sell,224284739
2024-07-18 13:06:20,27100.0,600,Sell,224284740
2024-07-18 13:06:21,27150.0,600,Buy,224284779
2024-07-18 13:06:21,27100.0,500,Sell,224284769
2024-07-18 13:06:21,27100.0,600,Sell,224284770
2024-07-18 13:06:22,27150.0,300,Buy,224284802
2024-07-18 13:06:22,27150.0,1000,Buy,224284813
2024-07-18 13:06:22,27100.0,300,Sell,224284814
2024-07-18 13:06:22,27100.0,200,Sell,224284815
2024-07-18 13:06:22,27100.0,400,Sell,224284838
2024-07-18 13:06:23,27100.0,2000,Buy,224284877
2024-07-18 13:06:23,27100.0,2800,Buy,224284876
2024-07-18 13:06:23,27100.0,8700,Sell,224284875
2024-07-18 13:06:23,27100.0,100,Sell,224284874
2024-07-18 13:06:23,27100.0,2000,Sell,224284873
2024-07-18 13:06:23,27100.0,2000,Sell,224284872
2024-07-18 13:06:23,27100.0,100,Sell,224284871
2024-07-18 13:06:23,27100.0,500,Sell,224284870
2024-07-18 13:06:23,27100.0,400,Sell,224284868
2024-07-18 13:06:23,27100.0,500,Sell,224284869
2024-07-18 13:06:23,27100.0,7500,Sell,224284866
2024-07-18 13:06:23,27100.0,100,Sell,224284867
2024-07-18 13:06:23,27100.0,500,Sell,224284859
2024-07-18 13:06:23,27100.0,500,Sell,224284860
2024-07-18 13:06:23,27100.0,200,Sell,224284861
2024-07-18 13:06:23,27100.0,1400,Sell,224284858
2024-07-18 13:06:23,27100.0,2000,Sell,224284863
2024-07-18 13:06:23,27100.0,100,Sell,224284864
2024-07-18 13:06:23,27100.0,500,Sell,224284865
2024-07-18 13:06:23,27100.0,100,Sell,224284862
2024-07-18 13:06:24,27100.0,400,Sell,224284899
2024-07-18 13:06:24,27100.0,1500,Sell,224284905
2024-07-18 13:06:24,27100.0,2500,Sell,224284906
2024-07-18 13:06:25,27100.0,600,Buy,224284954
2024-07-18 13:06:25,27100.0,100,Buy,224284949
2024-07-18 13:06:25,27100.0,100,Buy,224284950
2024-07-18 13:06:25,27100.0,800,Sell,224284945
2024-07-18 13:06:25,27100.0,5000,Buy,224284951
2024-07-18 13:06:25,27100.0,500,Sell,224284943
2024-07-18 13:06:25,27100.0,700,Sell,224284923
2024-07-18 13:06:25,27100.0,8700,Sell,224284944
2024-07-18 13:06:25,27100.0,11500,Sell,224284942
2024-07-18 13:06:25,27100.0,100,Sell,224284929
2024-07-18 13:06:26,27100.0,1000,Buy,224284960
2024-07-18 13:06:26,27100.0,1000,Buy,224284967
2024-07-18 13:06:26,27100.0,1400,Buy,224284981
2024-07-18 13:06:26,27100.0,1500,Buy,224284959
2024-07-18 13:06:27,27100.0,100,Buy,224284984
2024-07-18 13:06:27,27100.0,1000,Buy,224284985
2024-07-18 13:06:27,27100.0,300,Buy,224284986
2024-07-18 13:06:27,27100.0,6800,Sell,224284988
2024-07-18 13:06:27,27100.0,1000,Buy,224284990
2024-07-18 13:06:27,27100.0,1500,Buy,224284997
2024-07-18 13:06:27,27100.0,8000,Buy,224284998
2024-07-18 13:06:27,27100.0,500,Sell,224284987
2024-07-18 13:06:29,27100.0,1000,Buy,224285084
2024-07-18 13:06:30,27100.0,100,Buy,224285137
2024-07-18 13:06:31,27100.0,500,Buy,224285197
2024-07-18 13:06:31,27100.0,600,Buy,224285169
2024-07-18 13:06:31,27100.0,5000,Buy,224285140
2024-07-18 13:06:31,27100.0,100,Buy,224285156
2024-07-18 13:06:32,27100.0,100,Buy,224285221
2024-07-18 13:06:32,27100.0,500,Buy,224285222
2024-07-18 13:06:32,27100.0,1000,Buy,224285225
2024-07-18 13:06:32,27100.0,300,Buy,224285226
2024-07-18 13:06:32,27100.0,600,Buy,224285257
2024-07-18 13:06:32,27100.0,2400,Buy,224285258
2024-07-18 13:06:32,27100.0,400,Buy,224285215
2024-07-18 13:06:32,27100.0,100,Buy,224285259
2024-07-18 13:06:33,27100.0,100,Buy,224285261
2024-07-18 13:06:34,27100.0,100,Buy,224285304
2024-07-18 13:06:35,27100.0,1300,Buy,224285377
2024-07-18 13:06:35,27100.0,300,Buy,224285342
2024-07-18 13:06:35,27100.0,200,Buy,224285343
2024-07-18 13:06:35,27100.0,1500,Buy,224285344
2024-07-18 13:06:35,27100.0,200,Buy,224285375
2024-07-18 13:06:35,27100.0,500,Buy,224285376
2024-07-18 13:06:36,27100.0,100,Buy,224285414
2024-07-18 13:06:36,27100.0,1000,Buy,224285415
2024-07-18 13:06:37,27100.0,200,Buy,224285430
2024-07-18 13:06:38,27100.0,1000,Buy,224285467
2024-07-18 13:06:39,27100.0,2000,Buy,224285486
2024-07-18 13:06:39,27100.0,100,Buy,224285496
2024-07-18 13:06:40,27100.0,600,Buy,224285509
2024-07-18 13:06:40,27100.0,200,Buy,224285511
2024-07-18 13:06:40,27100.0,500,Buy,224285514
2024-07-18 13:06:40,27100.0,100,Buy,224285515
2024-07-18 13:06:40,27100.0,100,Buy,224285540
2024-07-18 13:06:41,27100.0,800,Buy,224285634
2024-07-18 13:06:41,27100.0,7200,Buy,224285635
2024-07-18 13:06:41,27100.0,500,Buy,224285636
2024-07-18 13:06:41,27100.0,500,Buy,224285637
2024-07-18 13:06:41,27100.0,3000,Buy,224285642
2024-07-18 13:06:41,27100.0,15000,Buy,224285639
2024-07-18 13:06:41,27100.0,1200,Buy,224285640
2024-07-18 13:06:41,27100.0,2000,Buy,224285641
2024-07-18 13:06:41,27100.0,2700,Buy,224285633
2024-07-18 13:06:41,27100.0,700,Buy,224285643
2024-07-18 13:06:41,27100.0,300,Buy,224285638
2024-07-18 13:06:41,27100.0,1000,Buy,224285632
2024-07-18 13:06:41,27100.0,3000,Buy,224285628
2024-07-18 13:06:41,27100.0,4900,Buy,224285630
2024-07-18 13:06:41,27100.0,500,Buy,224285629
2024-07-18 13:06:41,27100.0,100,Buy,224285627
2024-07-18 13:06:41,27100.0,1000,Buy,224285626
2024-07-18 13:06:41,27100.0,2000,Buy,224285625
2024-07-18 13:06:41,27100.0,2900,Buy,224285624
2024-07-18 13:06:41,27100.0,2000,Buy,224285623
2024-07-18 13:06:41,27100.0,100,Buy,224285555
2024-07-18 13:06:41,27100.0,400,Buy,224285554
2024-07-18 13:06:41,27100.0,2000,Buy,224285550
2024-07-18 13:06:41,27100.0,400,Buy,224285544
2024-07-18 13:06:41,27100.0,700,Buy,224285631
2024-07-18 13:06:42,27100.0,500,Buy,224285685
2024-07-18 13:06:42,27100.0,500,Buy,224285668
2024-07-18 13:06:42,27100.0,1500,Buy,224285650
2024-07-18 13:06:42,27100.0,3200,Buy,224285651
2024-07-18 13:06:42,27100.0,900,Buy,224285662
2024-07-18 13:06:42,27100.0,300,Buy,224285649
2024-07-18 13:06:43,27100.0,100,Buy,224285718
2024-07-18 13:06:43,27100.0,500,Buy,224285729
2024-07-18 13:06:44,27100.0,600,Buy,224285772
2024-07-18 13:06:45,27100.0,200,Buy,224285791
2024-07-18 13:06:45,27100.0,300,Buy,224285792
2024-07-18 13:06:46,27100.0,1100,Buy,224285855
2024-07-18 13:06:46,27100.0,2900,Buy,224285859
2024-07-18 13:06:46,27100.0,100,Buy,224285822
2024-07-18 13:06:46,27100.0,100,Buy,224285828
2024-07-18 13:06:47,27100.0,100,Buy,224285909
2024-07-18 13:06:48,27100.0,100,Buy,224286026
2024-07-18 13:06:48,27100.0,200,Buy,224286039
2024-07-18 13:06:48,27100.0,2000,Buy,224286055
2024-07-18 13:06:49,27100.0,1000,Buy,224286065
2024-07-18 13:06:49,27100.0,500,Buy,224286069
2024-07-18 13:06:49,27100.0,200,Buy,224286087
2024-07-18 13:06:50,27100.0,800,Buy,224286147
2024-07-18 13:06:51,27100.0,1000,Buy,224286196
2024-07-18 13:06:52,27100.0,1000,Buy,224286280
2024-07-18 13:06:53,27100.0,2000,Buy,224286300
2024-07-18 13:06:53,27100.0,500,Buy,224286306
2024-07-18 13:06:54,27100.0,36100,Buy,224286313
2024-07-18 13:06:54,27100.0,10400,Buy,224286314
2024-07-18 13:06:54,27100.0,1600,Buy,224286315
2024-07-18 13:06:54,27100.0,100,Buy,224286316
2024-07-18 13:06:54,27100.0,500,Buy,224286317
2024-07-18 13:06:54,27100.0,700,Buy,224286318
2024-07-18 13:06:54,27100.0,500,Buy,224286319
2024-07-18 13:06:54,27100.0,100,Buy,224286320
2024-07-18 13:06:56,27100.0,200,Buy,224286378
2024-07-18 13:06:57,27100.0,1000,Buy,224286420
2024-07-18 13:06:57,27100.0,5000,Buy,224286418
2024-07-18 13:06:57,27100.0,300,Buy,224286408
2024-07-18 13:06:57,27100.0,300,Buy,224286419
2024-07-18 13:06:58,27100.0,5000,Buy,224286451
2024-07-18 13:06:59,27100.0,100,Buy,224286468
2024-07-18 13:06:59,27100.0,300,Buy,224286479
2024-07-18 13:07:00,27100.0,100,Buy,224286520
2024-07-18 13:07:00,27100.0,300,Buy,224286521
2024-07-18 13:07:01,27100.0,100,Buy,224286572
2024-07-18 13:07:03,27100.0,200,Buy,224286648
2024-07-18 13:07:03,27100.0,500,Buy,224286646
2024-07-18 13:07:03,27100.0,200,Buy,224286618
2024-07-18 13:07:03,27100.0,500,Buy,224286647
2024-07-18 13:07:04,27100.0,200,Buy,224286683
2024-07-18 13:07:05,27100.0,1700,Buy,224286734
2024-07-18 13:07:06,27100.0,500,Buy,224286743
2024-07-18 13:07:06,27100.0,100,Buy,224286754
2024-07-18 13:07:06,27100.0,5000,Buy,224286757
2024-07-18 13:07:06,27100.0,200,Buy,224286758
2024-07-18 13:07:07,27100.0,100,Buy,224286790
2024-07-18 13:07:08,27100.0,300,Buy,224286838
2024-07-18 13:07:08,27100.0,1000,Buy,224286869
2024-07-18 13:07:09,27100.0,700,Buy,224286903
2024-07-18 13:07:09,27100.0,700,Buy,224286904
2024-07-18 13:07:10,27100.0,1000,Buy,224286935
2024-07-18 13:07:10,27100.0,100,Buy,224286955
2024-07-18 13:07:11,27100.0,2500,Buy,224286971
2024-07-18 13:07:12,27100.0,100,Buy,224287024
2024-07-18 13:07:13,27100.0,600,Buy,224287040
2024-07-18 13:07:13,27100.0,200,Buy,224287041
2024-07-18 13:07:13,27100.0,500,Buy,224287033
2024-07-18 13:07:13,27100.0,200,Buy,224287039
2024-07-18 13:07:14,27100.0,200,Buy,224287072
2024-07-18 13:07:14,27100.0,300,Buy,224287057
2024-07-18 13:07:14,27100.0,100,Buy,224287071
2024-07-18 13:07:15,27100.0,300,Buy,224287110
2024-07-18 13:07:15,27100.0,1500,Buy,224287111
2024-07-18 13:07:15,27100.0,1600,Buy,224287112
2024-07-18 13:07:15,27100.0,1500,Buy,224287113
2024-07-18 13:07:15,27100.0,100,Buy,224287114
2024-07-18 13:07:15,27100.0,2300,Buy,224287115
2024-07-18 13:07:15,27100.0,2000,Buy,224287116
2024-07-18 13:07:15,27100.0,100,Buy,224287117
2024-07-18 13:07:15,27100.0,600,Buy,224287118
2024-07-18 13:07:16,27100.0,200,Buy,224287149
2024-07-18 13:07:16,27100.0,2000,Buy,224287153
2024-07-18 13:07:17,27100.0,500,Buy,224287213
2024-07-18 13:07:18,27100.0,100,Buy,224287242
2024-07-18 13:07:19,27100.0,500,Buy,224287299
2024-07-18 13:07:20,27100.0,800,Buy,224287361
2024-07-18 13:07:20,27100.0,1400,Buy,224287360
2024-07-18 13:07:20,27100.0,4300,Buy,224287362
2024-07-18 13:07:20,27100.0,43500,Buy,224287359
2024-07-18 13:07:20,27100.0,200,Buy,224287303
2024-07-18 13:07:20,27100.0,1000,Buy,224287357
2024-07-18 13:07:20,27100.0,500,Buy,224287344
2024-07-18 13:07:20,27100.0,100,Buy,224287304
2024-07-18 13:07:20,27100.0,800,Buy,224287358
2024-07-18 13:07:21,27100.0,5000,Buy,224287386
2024-07-18 13:07:21,27100.0,300,Buy,224287387
2024-07-18 13:07:22,27100.0,100,Buy,224287457
2024-07-18 13:07:22,27100.0,600,Buy,224287450
2024-07-18 13:07:22,27100.0,400,Buy,224287449
2024-07-18 13:07:22,27100.0,600,Buy,224287440
2024-07-18 13:07:22,27100.0,2000,Buy,224287435
2024-07-18 13:07:22,27100.0,10000,Buy,224287434
2024-07-18 13:07:22,27100.0,1000,Buy,224287433
2024-07-18 13:07:22,27100.0,400,Buy,224287432
2024-07-18 13:07:23,27100.0,100,Buy,224287471
2024-07-18 13:07:23,27100.0,1000,Buy,224287492
2024-07-18 13:07:23,27100.0,100,Buy,224287493
2024-07-18 13:07:24,27100.0,3000,Buy,224287514
2024-07-18 13:07:24,27100.0,300,Buy,224287510
2024-07-18 13:07:24,27100.0,700,Buy,224287506
2024-07-18 13:07:24,27100.0,500,Buy,224287511
2024-07-18 13:07:24,27100.0,600,Buy,224287504
2024-07-18 13:07:24,27100.0,4000,Buy,224287505
2024-07-18 13:07:24,27100.0,4100,Buy,224287502
2024-07-18 13:07:24,27100.0,600,Buy,224287503
2024-07-18 13:07:25,27100.0,200,Buy,224287565
2024-07-18 13:07:25,27100.0,2000,Buy,224287570
2024-07-18 13:07:26,27100.0,100,Buy,224287579
2024-07-18 13:07:26,27100.0,200,Buy,224287592
2024-07-18 13:07:27,27100.0,2500,Buy,224287615
2024-07-18 13:07:27,27100.0,200,Buy,224287623
2024-07-18 13:07:27,27100.0,1000,Buy,224287626
2024-07-18 13:07:27,27100.0,500,Buy,224287630
2024-07-18 13:07:27,27100.0,2500,Buy,224287616
2024-07-18 13:07:28,27100.0,4300,Buy,224287678
2024-07-18 13:07:28,27100.0,1000,Buy,224287674
2024-07-18 13:07:28,27100.0,500,Buy,224287675
2024-07-18 13:07:28,27100.0,200,Buy,224287676
2024-07-18 13:07:28,27100.0,7000,Buy,224287677
2024-07-18 13:07:28,27100.0,100,Buy,224287710
2024-07-18 13:07:28,27100.0,700,Buy,224287707
2024-07-18 13:07:28,27100.0,200,Buy,224287708
2024-07-18 13:07:28,27100.0,600,Buy,224287709
2024-07-18 13:07:28,27100.0,6900,Buy,224287673
2024-07-18 13:07:28,27100.0,5000,Buy,224287691
2024-07-18 13:07:28,27100.0,600,Buy,224287672
2024-07-18 13:07:28,27100.0,400,Buy,224287663
2024-07-18 13:07:28,27100.0,2000,Buy,224287670
2024-07-18 13:07:28,27100.0,200,Buy,224287669
2024-07-18 13:07:28,27100.0,2000,Buy,224287668
2024-07-18 13:07:28,27100.0,3000,Buy,224287667
2024-07-18 13:07:28,27100.0,1300,Buy,224287666
2024-07-18 13:07:28,27100.0,500,Buy,224287665
2024-07-18 13:07:28,27100.0,1600,Buy,224287664
2024-07-18 13:07:28,27100.0,300,Buy,224287662
2024-07-18 13:07:28,27100.0,6500,Buy,224287661
2024-07-18 13:07:28,27100.0,3000,Buy,224287660
2024-07-18 13:07:28,27100.0,5800,Buy,224287659
2024-07-18 13:07:28,27100.0,2000,Buy,224287646
2024-07-18 13:07:28,27100.0,2900,Buy,224287671
2024-07-18 13:07:29,27100.0,300,Buy,224287756
2024-07-18 13:07:29,27100.0,200,Buy,224287755
2024-07-18 13:07:29,27100.0,1500,Buy,224287754
2024-07-18 13:07:29,27100.0,500,Buy,224287753
2024-07-18 13:07:29,27100.0,200,Buy,224287742
2024-07-18 13:07:29,27100.0,1000,Buy,224287736
2024-07-18 13:07:29,27100.0,100,Buy,224287751
2024-07-18 13:07:30,27100.0,100,Buy,224287769
2024-07-18 13:07:30,27100.0,5900,Buy,224287770
2024-07-18 13:07:30,27100.0,400,Buy,224287773
2024-07-18 13:07:30,27100.0,1000,Buy,224287774
2024-07-18 13:07:30,27100.0,200,Buy,224287826
2024-07-18 13:07:31,27100.0,900,Buy,224287871
2024-07-18 13:07:31,27100.0,500,Buy,224287866
2024-07-18 13:07:31,27100.0,400,Buy,224287865
2024-07-18 13:07:31,27100.0,400,Buy,224287863
2024-07-18 13:07:31,27100.0,100,Buy,224287864
2024-07-18 13:07:31,27100.0,500,Buy,224287862
2024-07-18 13:07:31,27100.0,2400,Buy,224287832
2024-07-18 13:07:31,27100.0,500,Buy,224287860
2024-07-18 13:07:31,27100.0,2100,Buy,224287829
2024-07-18 13:07:31,27100.0,300,Buy,224287830
2024-07-18 13:07:31,27100.0,1000,Buy,224287861
2024-07-18 13:07:31,27100.0,600,Buy,224287856
2024-07-18 13:07:31,27100.0,100,Buy,224287857
2024-07-18 13:07:31,27100.0,700,Buy,224287831
2024-07-18 13:07:32,27100.0,100,Buy,224287880
2024-07-18 13:07:32,27100.0,100,Buy,224287894
2024-07-18 13:07:32,27100.0,1000,Buy,224287904
2024-07-18 13:07:32,27100.0,300,Buy,224287905
2024-07-18 13:07:32,27100.0,200,Buy,224287906
2024-07-18 13:07:32,27100.0,200,Buy,224287907
2024-07-18 13:07:32,27100.0,100,Buy,224287908
2024-07-18 13:07:33,27100.0,100,Buy,224287934
2024-07-18 13:07:33,27100.0,100,Buy,224287933
2024-07-18 13:07:33,27100.0,100,Buy,224287921
2024-07-18 13:07:33,27100.0,500,Buy,224287910
2024-07-18 13:07:33,27100.0,2000,Buy,224287929
2024-07-18 13:07:34,27100.0,2000,Buy,224287947
2024-07-18 13:07:35,27100.0,2000,Buy,224287980
2024-07-18 13:07:35,27100.0,200,Buy,224288008
2024-07-18 13:07:35,27100.0,800,Buy,224288007
2024-07-18 13:07:35,27100.0,200,Buy,224287998
2024-07-18 13:07:35,27100.0,1600,Buy,224287997
2024-07-18 13:07:35,27100.0,300,Buy,224287970
2024-07-18 13:07:35,27100.0,500,Buy,224287964
2024-07-18 13:07:35,27100.0,2000,Buy,224287968
2024-07-18 13:07:35,27100.0,3900,Buy,224287967
2024-07-18 13:07:35,27100.0,2000,Buy,224287966
2024-07-18 13:07:35,27100.0,10000,Buy,224287965
2024-07-18 13:07:35,27100.0,1000,Buy,224287963
2024-07-18 13:07:35,27100.0,600,Buy,224287962
2024-07-18 13:07:35,27100.0,100,Buy,224287969
2024-07-18 13:07:36,27100.0,200,Buy,224288012
2024-07-18 13:07:37,27100.0,100,Buy,224288054
2024-07-18 13:07:37,27100.0,100,Buy,224288057
2024-07-18 13:07:37,27100.0,100,Buy,224288058
2024-07-18 13:07:38,27100.0,800,Buy,224288103
2024-07-18 13:07:38,27100.0,200,Buy,224288104
2024-07-18 13:07:38,27100.0,400,Buy,224288101
2024-07-18 13:07:38,27100.0,300,Buy,224288102
2024-07-18 13:07:38,27100.0,500,Buy,224288100
2024-07-18 13:07:39,27100.0,200,Buy,224288218
2024-07-18 13:07:39,27100.0,300,Buy,224288217
2024-07-18 13:07:39,27100.0,500,Buy,224288198
2024-07-18 13:07:39,27100.0,100,Buy,224288197
2024-07-18 13:07:39,27100.0,100,Buy,224288192
2024-07-18 13:07:39,27100.0,3000,Buy,224288195
2024-07-18 13:07:39,27100.0,1000,Buy,224288194
2024-07-18 13:07:39,27100.0,4900,Buy,224288193
2024-07-18 13:07:39,27100.0,100,Buy,224288196
2024-07-18 13:07:39,27100.0,1000,Sell,224288230
2024-07-18 13:07:40,27100.0,4600,Sell,224288268
2024-07-18 13:07:41,27100.0,1300,Sell,224288305
2024-07-18 13:07:41,27100.0,1100,Sell,224288317
2024-07-18 13:07:43,27100.0,1400,Sell,224288433
2024-07-18 13:07:43,27100.0,600,Sell,224288434
2024-07-18 13:07:44,27100.0,100,Sell,224288511
2024-07-18 13:07:44,27100.0,100,Sell,224288513
2024-07-18 13:07:44,27100.0,1000,Sell,224288512
2024-07-18 13:07:44,27100.0,300,Sell,224288510
2024-07-18 13:07:44,27100.0,1000,Sell,224288508
2024-07-18 13:07:44,27100.0,100,Sell,224288509
2024-07-18 13:07:44,27100.0,400,Sell,224288507
2024-07-18 13:07:45,27150.0,500,Buy,224288552
2024-07-18 13:07:45,27150.0,500,Buy,224288553
2024-07-18 13:07:45,27150.0,2000,Buy,224288554
2024-07-18 13:07:45,27150.0,900,Buy,224288555
2024-07-18 13:07:45,27150.0,1400,Buy,224288556
2024-07-18 13:07:45,27150.0,300,Buy,224288557
2024-07-18 13:07:45,27150.0,500,Buy,224288559
2024-07-18 13:07:45,27150.0,1000,Buy,224288560
2024-07-18 13:07:45,27200.0,3000,Buy,224288561
2024-07-18 13:07:45,27200.0,1000,Buy,224288562
2024-07-18 13:07:45,27200.0,38600,Buy,224288563
2024-07-18 13:07:45,27150.0,300,Buy,224288558
2024-07-18 13:07:47,27100.0,1000,Sell,224288674
2024-07-18 13:07:47,27100.0,500,Sell,224288675
2024-07-18 13:07:47,27100.0,100,Sell,224288673
2024-07-18 13:07:47,27100.0,900,Sell,224288666
2024-07-18 13:07:47,27100.0,200,Sell,224288672
2024-07-18 13:07:49,27100.0,100,Sell,224288812
2024-07-18 13:07:49,27100.0,300,Sell,224288813
2024-07-18 13:07:49,27100.0,700,Sell,224288825
2024-07-18 13:07:49,27100.0,1000,Sell,224288826
2024-07-18 13:07:49,27100.0,100,Sell,224288827
2024-07-18 13:07:49,27100.0,10000,Sell,224288828
2024-07-18 13:07:49,27100.0,5000,Sell,224288829
2024-07-18 13:07:49,27100.0,1000,Sell,224288830
2024-07-18 13:07:49,27100.0,12200,Sell,224288831
2024-07-18 13:07:49,27100.0,200,Sell,224288852
2024-07-18 13:07:49,27100.0,100,Sell,224288853
2024-07-18 13:07:49,27100.0,100,Sell,224288811
2024-07-18 13:07:50,27100.0,1000,Sell,224288901
2024-07-18 13:07:53,27100.0,3000,Sell,224289131
2024-07-18 13:07:54,27150.0,1500,Sell,224289199
2024-07-18 13:07:54,27100.0,2500,Sell,224289200
2024-07-18 13:07:54,27150.0,100,Buy,224289158
2024-07-18 13:07:54,27150.0,500,Sell,224289176
2024-07-18 13:07:55,27100.0,500,Sell,224289205
2024-07-18 13:07:56,27150.0,100,Sell,224289248
2024-07-18 13:07:56,27100.0,9800,Sell,224289249
2024-07-18 13:07:56,27100.0,600,Sell,224289250
2024-07-18 13:07:56,27100.0,1500,Sell,224289257
2024-07-18 13:07:57,27150.0,1100,Sell,224289280
2024-07-18 13:07:57,27100.0,1900,Sell,224289281
2024-07-18 13:07:59,27150.0,100,Sell,224289351
2024-07-18 13:08:01,27150.0,100,Sell,224289459
2024-07-18 13:08:02,27100.0,2700,Sell,224289480
2024-07-18 13:08:02,27150.0,300,Sell,224289479
2024-07-18 13:08:05,27150.0,300,Sell,224289605
2024-07-18 13:08:05,27100.0,9700,Sell,224289606
2024-07-18 13:08:06,27200.0,200,Buy,224289648
2024-07-18 13:08:06,27200.0,500,Buy,224289649
2024-07-18 13:08:07,27100.0,700,Sell,224289687
2024-07-18 13:08:07,27100.0,200,Sell,224289686
2024-07-18 13:08:07,27100.0,100,Sell,224289685
2024-07-18 13:08:07,27100.0,3400,Sell,224289683
2024-07-18 13:08:07,27150.0,100,Sell,224289669
2024-07-18 13:08:07,27100.0,200,Sell,224289684
2024-07-18 13:08:07,27100.0,900,Sell,224289670
2024-07-18 13:08:10,27100.0,1500,Sell,224289763
2024-07-18 13:08:10,27150.0,1000,Buy,224289800
2024-07-18 13:08:11,27150.0,3000,Buy,224289828
2024-07-18 13:08:11,27100.0,7000,Sell,224289830
2024-07-18 13:08:11,27150.0,500,Buy,224289831
2024-07-18 13:08:12,27100.0,1000,Sell,224289850
2024-07-18 13:08:14,27150.0,100,Buy,224289902
2024-07-18 13:08:14,27100.0,200,Sell,224289908
2024-07-18 13:08:17,27100.0,100,Sell,224290016
2024-07-18 13:08:18,27100.0,100,Sell,224290054
2024-07-18 13:08:18,27100.0,10000,Sell,224290059
2024-07-18 13:08:18,27150.0,400,Buy,224290074
2024-07-18 13:08:18,27200.0,200,Buy,224290075
2024-07-18 13:08:20,27150.0,100,Sell,224290123
2024-07-18 13:08:20,27100.0,1000,Sell,224290132
2024-07-18 13:08:21,27100.0,7800,Sell,224290159
2024-07-18 13:08:25,27150.0,5600,Sell,224290344
2024-07-18 13:08:25,27150.0,300,Sell,224290345
2024-07-18 13:08:29,27150.0,200,Sell,224290535
2024-07-18 13:08:29,27150.0,800,Sell,224290536
2024-07-18 13:08:31,27150.0,1800,Sell,224290606
2024-07-18 13:08:31,27150.0,2400,Sell,224290607
2024-07-18 13:08:31,27100.0,800,Sell,224290608
2024-07-18 13:08:31,27100.0,400,Sell,224290609
2024-07-18 13:08:32,27200.0,400,Buy,224290646
2024-07-18 13:08:35,27150.0,100,Sell,224290791
2024-07-18 13:08:38,27150.0,200,Sell,224290915
2024-07-18 13:08:38,27150.0,300,Sell,224290914
2024-07-18 13:08:38,27150.0,600,Sell,224290913
2024-07-18 13:08:39,27150.0,100,Sell,224290995
2024-07-18 13:08:39,27150.0,500,Sell,224290996
2024-07-18 13:08:39,27150.0,500,Sell,224290997
2024-07-18 13:08:40,27200.0,100,Buy,224291029
2024-07-18 13:08:40,27200.0,200,Buy,224291027
2024-07-18 13:08:40,27200.0,2000,Buy,224291028
2024-07-18 13:08:40,27200.0,35000,Buy,224291030
2024-07-18 13:08:40,27200.0,1300,Buy,224291026
2024-07-18 13:08:40,27200.0,300,Buy,224291032
2024-07-18 13:08:40,27200.0,500,Buy,224291033
2024-07-18 13:08:40,27200.0,1000,Buy,224291034
2024-07-18 13:08:40,27200.0,5000,Buy,224291031
2024-07-18 13:08:40,27200.0,900,Buy,224291025
2024-07-18 13:08:40,27200.0,100,Sell,224291063
2024-07-18 13:08:40,27200.0,200,Buy,224291023
2024-07-18 13:08:40,27200.0,2000,Buy,224291022
2024-07-18 13:08:40,27200.0,100,Buy,224291021
2024-07-18 13:08:40,27200.0,3000,Buy,224291020
2024-07-18 13:08:40,27200.0,100,Buy,224291019
2024-07-18 13:08:40,27200.0,2000,Buy,224291018
2024-07-18 13:08:40,27200.0,1300,Buy,224291015
2024-07-18 13:08:40,27200.0,100,Buy,224291014
2024-07-18 13:08:40,27200.0,3000,Buy,224291013
2024-07-18 13:08:40,27200.0,60100,Buy,224291012
2024-07-18 13:08:40,27200.0,500,Buy,224291024
2024-07-18 13:08:40,27150.0,400,Buy,224291011
2024-07-18 13:08:41,27200.0,500,Sell,224291091
2024-07-18 13:08:46,27200.0,300,Sell,224291266
2024-07-18 13:08:46,27250.0,100,Buy,224291254
2024-07-18 13:08:47,27200.0,1000,Sell,224291299
2024-07-18 13:08:47,27150.0,1400,Sell,224291309
2024-07-18 13:08:47,27200.0,300,Sell,224291298
2024-07-18 13:08:48,27200.0,300,Buy,224291317
2024-07-18 13:08:54,27200.0,100,Sell,224291501
2024-07-18 13:08:54,27200.0,500,Sell,224291502
2024-07-18 13:08:54,27200.0,5000,Buy,224291545
2024-07-18 13:08:55,27200.0,200,Buy,224291557
2024-07-18 13:08:55,27200.0,1000,Buy,224291582
2024-07-18 13:08:56,27200.0,400,Buy,224291592
2024-07-18 13:08:56,27200.0,1000,Buy,224291603
2024-07-18 13:08:58,27200.0,200,Buy,224291698
2024-07-18 13:09:00,27200.0,500,Buy,224291763
2024-07-18 13:09:02,27150.0,200,Sell,224291858
2024-07-18 13:09:03,27200.0,100,Buy,224291887
2024-07-18 13:09:06,27200.0,200,Buy,224291975
2024-07-18 13:09:06,27200.0,500,Buy,224291985
2024-07-18 13:09:07,27200.0,100,Buy,224292020
2024-07-18 13:09:07,27150.0,3000,Sell,224292033
2024-07-18 13:09:08,27150.0,500,Sell,224292094
2024-07-18 13:09:08,27150.0,1100,Sell,224292096
2024-07-18 13:09:08,27150.0,200,Sell,224292095
2024-07-18 13:09:08,27150.0,100,Sell,224292093
2024-07-18 13:09:08,27150.0,700,Sell,224292090
2024-07-18 13:09:08,27150.0,1000,Sell,224292091
2024-07-18 13:09:08,27150.0,400,Sell,224292087
2024-07-18 13:09:08,27150.0,100,Sell,224292089
2024-07-18 13:09:08,27150.0,500,Sell,224292088
2024-07-18 13:09:08,27150.0,400,Sell,224292092
2024-07-18 13:09:09,27150.0,900,Sell,224292114
2024-07-18 13:09:09,27150.0,100,Sell,224292115
2024-07-18 13:09:11,27200.0,1200,Buy,224292245
2024-07-18 13:09:11,27200.0,800,Buy,224292246
2024-07-18 13:09:16,27150.0,600,Sell,224292420
2024-07-18 13:09:16,27150.0,900,Sell,224292419
2024-07-18 13:09:16,27200.0,500,Buy,224292416
2024-07-18 13:09:17,27150.0,500,Sell,224292452
2024-07-18 13:09:19,27200.0,3000,Buy,224292515
2024-07-18 13:09:19,27150.0,1000,Sell,224292516
2024-07-18 13:09:20,27200.0,4000,Buy,224292539
2024-07-18 13:09:20,27200.0,100,Buy,224292550
2024-07-18 13:09:21,27150.0,2000,Sell,224292580
2024-07-18 13:09:21,27150.0,100,Sell,224292579
2024-07-18 13:09:21,27150.0,7900,Sell,224292578
2024-07-18 13:09:21,27200.0,1000,Buy,224292577
2024-07-18 13:09:21,27200.0,1000,Buy,224292575
2024-07-18 13:09:23,27150.0,100,Sell,224292631
2024-07-18 13:09:23,27150.0,100,Sell,224292632
2024-07-18 13:09:23,27150.0,3000,Sell,224292633
2024-07-18 13:09:23,27150.0,300,Sell,224292634
2024-07-18 13:09:23,27150.0,300,Sell,224292635
2024-07-18 13:09:23,27150.0,100,Sell,224292630
2024-07-18 13:09:24,27150.0,1700,Sell,224292687
2024-07-18 13:09:24,27150.0,100,Sell,224292688
2024-07-18 13:09:24,27150.0,100,Buy,224292689
2024-07-18 13:09:25,27150.0,100,Buy,224292703
2024-07-18 13:09:26,27200.0,1000,Buy,224292745
2024-07-18 13:09:26,27200.0,300,Buy,224292744
2024-07-18 13:09:27,27150.0,100,Sell,224292905
2024-07-18 13:09:28,27200.0,100,Buy,224292936
2024-07-18 13:09:31,27200.0,300,Buy,224293116
2024-07-18 13:09:33,27150.0,500,Sell,224293158
2024-07-18 13:09:33,27200.0,5000,Buy,224293168
2024-07-18 13:09:33,27200.0,100,Buy,224293187
2024-07-18 13:09:34,27150.0,1000,Sell,224293202
2024-07-18 13:09:36,27150.0,10000,Sell,224293241
2024-07-18 13:09:36,27150.0,500,Sell,224293250
2024-07-18 13:09:37,27200.0,300,Buy,224293300
2024-07-18 13:09:38,27200.0,12000,Buy,224293326
2024-07-18 13:09:39,27200.0,1000,Buy,224293379
2024-07-18 13:09:43,27200.0,100,Buy,224293457
2024-07-18 13:09:43,27200.0,600,Buy,224293458
2024-07-18 13:09:43,27150.0,100,Sell,224293466
2024-07-18 13:09:44,27150.0,200,Sell,224293524
2024-07-18 13:09:45,27200.0,2000,Buy,224293538
2024-07-18 13:09:46,27200.0,100,Buy,224293579
2024-07-18 13:09:49,27200.0,2000,Buy,224293682
2024-07-18 13:09:50,27200.0,500,Buy,224293703
2024-07-18 13:09:51,27200.0,2000,Buy,224293752
2024-07-18 13:09:51,27200.0,300,Buy,224293758
2024-07-18 13:09:51,27200.0,1000,Buy,224293757
2024-07-18 13:09:51,27200.0,400,Buy,224293756
2024-07-18 13:09:51,27200.0,1000,Buy,224293755
2024-07-18 13:09:51,27200.0,500,Buy,224293754
2024-07-18 13:09:51,27200.0,500,Buy,224293753
2024-07-18 13:09:51,27200.0,6000,Buy,224293751
2024-07-18 13:09:51,27200.0,3800,Buy,224293744
2024-07-18 13:09:51,27200.0,3000,Buy,224293749
2024-07-18 13:09:51,27200.0,200,Buy,224293748
2024-07-18 13:09:51,27200.0,500,Buy,224293747
2024-07-18 13:09:51,27200.0,1800,Buy,224293746
2024-07-18 13:09:51,27200.0,66000,Buy,224293745
2024-07-18 13:09:51,27200.0,1000,Buy,224293726
2024-07-18 13:09:51,27200.0,700,Buy,224293743
2024-07-18 13:09:51,27200.0,1000,Buy,224293750
2024-07-18 13:09:52,27200.0,2500,Sell,224293774
2024-07-18 13:09:53,27250.0,100,Buy,224293794
2024-07-18 13:09:53,27250.0,900,Buy,224293792
2024-07-18 13:09:53,27250.0,1000,Buy,224293793
2024-07-18 13:09:55,27200.0,600,Sell,224293856
2024-07-18 13:09:57,27200.0,400,Sell,224293944
2024-07-18 13:09:59,27200.0,500,Sell,224293983
2024-07-18 13:10:04,27250.0,500,Buy,224294193
2024-07-18 13:10:04,27250.0,500,Buy,224294191
2024-07-18 13:10:04,27250.0,500,Buy,224294192
2024-07-18 13:10:04,27250.0,1000,Buy,224294189
2024-07-18 13:10:04,27250.0,900,Buy,224294187
2024-07-18 13:10:04,27250.0,1000,Buy,224294188
2024-07-18 13:10:04,27250.0,500,Buy,224294190
2024-07-18 13:10:05,27300.0,200,Buy,224294210
2024-07-18 13:10:07,27300.0,1000,Buy,224294286
2024-07-18 13:10:07,27300.0,500,Buy,224294285
2024-07-18 13:10:07,27300.0,3400,Buy,224294284
2024-07-18 13:10:07,27300.0,100,Buy,224294282
2024-07-18 13:10:07,27300.0,1000,Buy,224294283
2024-07-18 13:10:07,27300.0,10000,Buy,224294280
2024-07-18 13:10:07,27300.0,1000,Buy,224294279
2024-07-18 13:10:07,27300.0,600,Buy,224294278
2024-07-18 13:10:07,27300.0,2800,Buy,224294277
2024-07-18 13:10:07,27300.0,200,Buy,224294281
2024-07-18 13:10:08,27300.0,500,Sell,224294311
2024-07-18 13:10:08,27300.0,300,Sell,224294325
2024-07-18 13:10:08,27350.0,600,Buy,224294326
2024-07-18 13:10:10,27400.0,500,Buy,224294384
2024-07-18 13:10:10,27400.0,100,Buy,224294385
2024-07-18 13:10:10,27400.0,2000,Buy,224294383
2024-07-18 13:10:10,27400.0,100,Buy,224294379
2024-07-18 13:10:10,27400.0,1500,Buy,224294381
2024-07-18 13:10:10,27400.0,100,Buy,224294380
2024-07-18 13:10:10,27400.0,2000,Buy,224294382
2024-07-18 13:10:13,27450.0,100,Buy,224294486
2024-07-18 13:10:13,27500.0,300,Buy,224294487
2024-07-18 13:10:14,27500.0,700,Buy,224294566
2024-07-18 13:10:14,27500.0,8200,Buy,224294567
2024-07-18 13:10:14,27500.0,7400,Buy,224294568
2024-07-18 13:10:17,27500.0,100,Buy,224294683
2024-07-18 13:10:18,27500.0,100,Buy,224294725
2024-07-18 13:10:20,27500.0,1500,Buy,224294796
2024-07-18 13:10:22,27500.0,1000,Buy,224294837
2024-07-18 13:10:22,27500.0,6000,Buy,224294854
2024-07-18 13:10:22,27400.0,400,Sell,224294858
2024-07-18 13:10:24,27400.0,5000,Sell,224294905
2024-07-18 13:10:24,27400.0,2400,Sell,224294887
2024-07-18 13:10:24,27500.0,5000,Buy,224294892
2024-07-18 13:10:26,27500.0,10000,Buy,224295001
2024-07-18 13:10:27,27500.0,300,Buy,224295059
2024-07-18 13:10:31,27500.0,300,Buy,224295217
2024-07-18 13:10:34,27500.0,100,Buy,224295313
2024-07-18 13:10:34,27500.0,2000,Buy,224295314
2024-07-18 13:10:36,27500.0,400,Buy,224295367
2024-07-18 13:10:44,27450.0,600,Buy,224295621
2024-07-18 13:10:45,27450.0,200,Buy,224295657
2024-07-18 13:10:46,27450.0,100,Buy,224295695
2024-07-18 13:10:47,27450.0,100,Buy,224295718
2024-07-18 13:10:47,27500.0,200,Buy,224295726
2024-07-18 13:10:48,27300.0,500,Sell,224295781
2024-07-18 13:10:48,27300.0,5000,Sell,224295780
2024-07-18 13:10:48,27300.0,100,Sell,224295777
2024-07-18 13:10:48,27350.0,1000,Sell,224295776
2024-07-18 13:10:48,27300.0,3000,Sell,224295779
2024-07-18 13:10:48,27400.0,2300,Sell,224295774
2024-07-18 13:10:48,27400.0,100,Sell,224295775
2024-07-18 13:10:48,27400.0,2200,Sell,224295770
2024-07-18 13:10:48,27400.0,200,Sell,224295771
2024-07-18 13:10:48,27300.0,1000,Sell,224295778
2024-07-18 13:10:48,27400.0,200,Sell,224295772
2024-07-18 13:10:48,27400.0,11300,Sell,224295773
2024-07-18 13:10:49,27300.0,8300,Buy,224295814
2024-07-18 13:10:50,27300.0,7700,Buy,224295825
2024-07-18 13:10:52,27300.0,7100,Buy,224295929
2024-07-18 13:11:04,27450.0,5000,Buy,224296274
2024-07-18 13:11:04,27500.0,10000,Buy,224296275
2024-07-18 13:11:10,27400.0,500,Sell,224296503
2024-07-18 13:11:10,27400.0,200,Sell,224296504
2024-07-18 13:11:11,27400.0,500,Sell,224296515
2024-07-18 13:11:12,27450.0,300,Buy,224296551
2024-07-18 13:11:13,27400.0,300,Sell,224296590
2024-07-18 13:11:22,27450.0,200,Buy,224296893
2024-07-18 13:11:23,27400.0,200,Sell,224296929
2024-07-18 13:11:29,27200.0,100,Sell,224297109
2024-07-18 13:11:29,27200.0,1000,Sell,224297108
2024-07-18 13:11:29,27200.0,100,Sell,224297110
2024-07-18 13:11:29,27200.0,500,Sell,224297105
2024-07-18 13:11:29,27200.0,200,Sell,224297104
2024-07-18 13:11:29,27200.0,5000,Sell,224297111
2024-07-18 13:11:29,27200.0,1900,Sell,224297107
2024-07-18 13:11:29,27200.0,500,Sell,224297112
2024-07-18 13:11:29,27200.0,500,Sell,224297119
2024-07-18 13:11:29,27200.0,100,Sell,224297114
2024-07-18 13:11:29,27200.0,100,Sell,224297115
2024-07-18 13:11:29,27200.0,1000,Sell,224297116
2024-07-18 13:11:29,27200.0,300,Sell,224297117
2024-07-18 13:11:29,27200.0,200,Sell,224297118
2024-07-18 13:11:29,27200.0,2000,Sell,224297103
2024-07-18 13:11:29,27150.0,3800,Sell,224297120
2024-07-18 13:11:29,27150.0,11500,Sell,224297121
2024-07-18 13:11:29,27200.0,1000,Sell,224297113
2024-07-18 13:11:29,27200.0,2000,Sell,224297102
2024-07-18 13:11:29,27200.0,5000,Sell,224297106
2024-07-18 13:11:29,27200.0,500,Sell,224297097
2024-07-18 13:11:29,27300.0,1000,Sell,224297081
2024-07-18 13:11:29,27300.0,200,Sell,224297082
2024-07-18 13:11:29,27300.0,100,Sell,224297083
2024-07-18 13:11:29,27300.0,200,Sell,224297084
2024-07-18 13:11:29,27300.0,1000,Sell,224297085
2024-07-18 13:11:29,27300.0,100,Sell,224297086
2024-07-18 13:11:29,27300.0,200,Sell,224297087
2024-07-18 13:11:29,27300.0,500,Sell,224297088
2024-07-18 13:11:29,27300.0,100,Sell,224297089
2024-07-18 13:11:29,27300.0,500,Sell,224297090
2024-07-18 13:11:29,27300.0,100,Sell,224297091
2024-07-18 13:11:29,27250.0,100,Sell,224297092
2024-07-18 13:11:29,27250.0,100,Sell,224297093
2024-07-18 13:11:29,27200.0,7300,Sell,224297094
2024-07-18 13:11:29,27350.0,100,Sell,224297079
2024-07-18 13:11:29,27200.0,300,Sell,224297095
2024-07-18 13:11:29,27200.0,500,Sell,224297096
2024-07-18 13:11:29,27350.0,100,Sell,224297080
2024-07-18 13:11:29,27200.0,200,Sell,224297098
2024-07-18 13:11:30,27400.0,100,Buy,224297160
2024-07-18 13:11:30,27400.0,100,Buy,224297156
2024-07-18 13:11:31,27400.0,100,Buy,224297170
2024-07-18 13:11:34,27400.0,2200,Buy,224297284
2024-07-18 13:11:34,27400.0,100,Buy,224297292
2024-07-18 13:11:35,27400.0,700,Buy,224297300
2024-07-18 13:11:36,27400.0,300,Buy,224297353
2024-07-18 13:11:36,27400.0,500,Buy,224297354
2024-07-18 13:11:40,27400.0,100,Buy,224297510
2024-07-18 13:11:40,27400.0,100,Buy,224297511
2024-07-18 13:11:40,27400.0,300,Buy,224297508
2024-07-18 13:11:40,27400.0,11900,Buy,224297507
2024-07-18 13:11:40,27400.0,400,Buy,224297509
2024-07-18 13:11:41,27400.0,200,Buy,224297559
2024-07-18 13:11:41,27400.0,900,Buy,224297560
2024-07-18 13:11:44,27400.0,1000,Buy,224297696
2024-07-18 13:11:47,27350.0,200,Sell,224297779
2024-07-18 13:11:47,27350.0,1800,Sell,224297780
2024-07-18 13:11:48,27350.0,500,Sell,224297805
2024-07-18 13:11:55,27400.0,100,Sell,224298075
2024-07-18 13:11:55,27400.0,1000,Buy,224298061
2024-07-18 13:11:55,27400.0,500,Buy,224298060
2024-07-18 13:11:55,27400.0,300,Buy,224298062
2024-07-18 13:11:55,27400.0,100,Buy,224298058
2024-07-18 13:11:55,27400.0,900,Buy,224298057
2024-07-18 13:11:55,27400.0,500,Buy,224298056
2024-07-18 13:11:55,27400.0,100,Buy,224298059
2024-07-18 13:11:58,27400.0,600,Buy,224298172
2024-07-18 13:12:03,27350.0,100,Sell,224298382
2024-07-18 13:12:03,27350.0,100,Sell,224298381
2024-07-18 13:12:03,27400.0,200,Sell,224298355
2024-07-18 13:12:03,27400.0,200,Sell,224298379
2024-07-18 13:12:03,27400.0,5900,Sell,224298380
2024-07-18 13:12:04,27350.0,16300,Buy,224298426
2024-07-18 13:12:08,27350.0,1000,Buy,224298544
2024-07-18 13:12:14,27300.0,5000,Sell,224298742
2024-07-18 13:12:14,27300.0,1000,Sell,224298743
2024-07-18 13:12:14,27300.0,100,Sell,224298744
2024-07-18 13:12:14,27300.0,600,Sell,224298745
2024-07-18 13:12:14,27300.0,100,Sell,224298746
2024-07-18 13:12:14,27300.0,100,Sell,224298747
2024-07-18 13:12:14,27300.0,300,Sell,224298741
2024-07-18 13:12:14,27300.0,12800,Sell,224298748
2024-07-18 13:12:24,27350.0,2000,Buy,224299169
2024-07-18 13:12:26,27350.0,500,Buy,224299209
2024-07-18 13:12:26,27300.0,100,Sell,224299210
2024-07-18 13:12:26,27300.0,300,Sell,224299226
2024-07-18 13:12:26,27300.0,1700,Sell,224299227
2024-07-18 13:12:27,27350.0,500,Buy,224299254
2024-07-18 13:12:30,27300.0,1200,Sell,224299349
2024-07-18 13:12:30,27300.0,200,Sell,224299348
2024-07-18 13:12:30,27300.0,100,Sell,224299346
2024-07-18 13:12:30,27300.0,100,Sell,224299347
2024-07-18 13:12:30,27300.0,8400,Sell,224299345
2024-07-18 13:12:37,27350.0,800,Buy,224299601
2024-07-18 13:12:38,27300.0,300,Sell,224299609
2024-07-18 13:12:38,27300.0,200,Sell,224299610
2024-07-18 13:12:42,27300.0,800,Sell,224299738
2024-07-18 13:12:42,27300.0,100,Sell,224299739
2024-07-18 13:12:42,27300.0,1000,Sell,224299740
2024-07-18 13:12:42,27300.0,1600,Sell,224299741
2024-07-18 13:12:43,27400.0,500,Buy,224299810
2024-07-18 13:12:43,27400.0,1000,Buy,224299809
2024-07-18 13:12:43,27400.0,500,Buy,224299808
2024-07-18 13:12:43,27350.0,100,Buy,224299776
2024-07-18 13:12:43,27400.0,5000,Buy,224299806
2024-07-18 13:12:43,27400.0,1000,Buy,224299805
2024-07-18 13:12:43,27400.0,2000,Buy,224299807
2024-07-18 13:12:43,27350.0,22600,Buy,224299775
2024-07-18 13:12:49,27400.0,800,Buy,224300013
2024-07-18 13:12:50,27400.0,100,Buy,224300082
2024-07-18 13:12:54,27400.0,2000,Buy,224300165
2024-07-18 13:12:58,27400.0,500,Buy,224300312
2024-07-18 13:13:03,27400.0,3200,Buy,224300495
2024-07-18 13:13:03,27400.0,100,Buy,224300514
2024-07-18 13:13:03,27400.0,800,Buy,224300494
2024-07-18 13:13:04,27400.0,1700,Buy,224300532
2024-07-18 13:13:04,27400.0,1000,Buy,224300533
2024-07-18 13:13:04,27400.0,100,Buy,224300534
2024-07-18 13:13:04,27400.0,200,Buy,224300535
2024-07-18 13:13:04,27400.0,800,Buy,224300553
2024-07-18 13:13:06,27350.0,5000,Sell,224300576
2024-07-18 13:13:06,27350.0,5000,Sell,224300577
2024-07-18 13:13:08,27400.0,2500,Buy,224300631
2024-07-18 13:13:09,27300.0,100,Sell,224300677
2024-07-18 13:13:09,27350.0,500,Sell,224300660
2024-07-18 13:13:09,27350.0,500,Sell,224300661
2024-07-18 13:13:09,27350.0,1000,Sell,224300662
2024-07-18 13:13:09,27300.0,100,Sell,224300676
2024-07-18 13:13:10,27400.0,100,Buy,224300684
2024-07-18 13:13:10,27350.0,3000,Buy,224300681
2024-07-18 13:13:14,27400.0,300,Buy,224300827
2024-07-18 13:13:19,27400.0,200,Buy,224300970
2024-07-18 13:13:20,27400.0,900,Buy,224301002
2024-07-18 13:13:20,27400.0,400,Buy,224301003
2024-07-18 13:13:20,27400.0,100,Buy,224301004
2024-07-18 13:13:20,27400.0,3000,Buy,224301005
2024-07-18 13:13:20,27400.0,600,Buy,224301006
2024-07-18 13:13:23,27350.0,200,Sell,224301092
2024-07-18 13:13:27,27400.0,500,Buy,224301186
2024-07-18 13:13:29,27300.0,200,Sell,224301251
2024-07-18 13:13:29,27300.0,1000,Sell,224301250
2024-07-18 13:13:29,27350.0,300,Sell,224301247
2024-07-18 13:13:29,27300.0,200,Sell,224301248
2024-07-18 13:13:29,27300.0,300,Sell,224301249
2024-07-18 13:13:30,27400.0,5600,Buy,224301288
2024-07-18 13:13:30,27400.0,4400,Buy,224301289
2024-07-18 13:13:36,27350.0,2000,Buy,224301502
2024-07-18 13:13:37,27350.0,100,Sell,224301516
2024-07-18 13:13:43,27400.0,1600,Buy,224301690
2024-07-18 13:13:45,27350.0,600,Sell,224301747
2024-07-18 13:13:45,27350.0,2400,Sell,224301746
2024-07-18 13:13:46,27400.0,500,Buy,224301778
2024-07-18 13:13:52,27400.0,100,Buy,224301909
2024-07-18 13:13:57,27350.0,1400,Sell,224301993
2024-07-18 13:13:57,27350.0,500,Sell,224301996
2024-07-18 13:13:57,27350.0,7300,Sell,224301992
2024-07-18 13:13:57,27350.0,200,Sell,224301994
2024-07-18 13:13:57,27350.0,400,Sell,224301995
2024-07-18 13:13:58,27350.0,700,Buy,224302023
2024-07-18 13:14:02,27350.0,100,Buy,224302141
2024-07-18 13:14:07,27350.0,5000,Buy,224302253
2024-07-18 13:14:08,27350.0,4400,Buy,224302292
2024-07-18 13:14:11,27400.0,100,Buy,224302420
2024-07-18 13:14:14,27350.0,100,Sell,224302467
2024-07-18 13:14:14,27350.0,900,Sell,224302468
2024-07-18 13:14:23,27400.0,100,Buy,224302739
2024-07-18 13:14:33,27350.0,100,Sell,224303083
2024-07-18 13:14:33,27400.0,2000,Buy,224303091
2024-07-18 13:14:33,27350.0,2500,Sell,224303085
2024-07-18 13:14:33,27350.0,300,Sell,224303084
2024-07-18 13:14:33,27350.0,500,Sell,224303082
2024-07-18 13:14:33,27350.0,100,Sell,224303080
2024-07-18 13:14:33,27350.0,700,Sell,224303045
2024-07-18 13:14:33,27350.0,3400,Sell,224303077
2024-07-18 13:14:33,27350.0,1000,Sell,224303081
2024-07-18 13:14:33,27350.0,100,Sell,224303079
2024-07-18 13:14:33,27350.0,8000,Sell,224303078
2024-07-18 13:14:34,27350.0,200,Sell,224303095
2024-07-18 13:14:34,27350.0,1000,Sell,224303110
2024-07-18 13:14:34,27350.0,200,Sell,224303111
2024-07-18 13:14:37,27350.0,1100,Sell,224303231
2024-07-18 13:14:37,27350.0,400,Sell,224303233
2024-07-18 13:14:37,27350.0,300,Sell,224303234
2024-07-18 13:14:37,27350.0,1500,Sell,224303235
2024-07-18 13:14:37,27350.0,8000,Sell,224303236
2024-07-18 13:14:37,27350.0,500,Sell,224303237
2024-07-18 13:14:37,27350.0,100,Sell,224303232
2024-07-18 13:14:42,27350.0,2000,Buy,224303412
2024-07-18 13:14:43,27350.0,100,Buy,224303418
2024-07-18 13:14:46,27300.0,100,Sell,224303541
2024-07-18 13:14:46,27300.0,200,Sell,224303537
2024-07-18 13:14:46,27300.0,1300,Sell,224303536
2024-07-18 13:14:47,27350.0,3500,Buy,224303581
2024-07-18 13:14:49,27350.0,100,Buy,224303744
2024-07-18 13:14:49,27350.0,500,Buy,224303743
2024-07-18 13:14:50,27350.0,500,Buy,224303787
2024-07-18 13:14:59,27350.0,1400,Buy,224304060
2024-07-18 13:14:59,27350.0,600,Buy,224304061
2024-07-18 13:15:03,27300.0,100,Sell,224304171
2024-07-18 13:15:03,27300.0,100,Sell,224304172
2024-07-18 13:15:03,27300.0,1100,Sell,224304173
2024-07-18 13:15:03,27300.0,100,Sell,224304174
2024-07-18 13:15:03,27300.0,100,Sell,224304176
2024-07-18 13:15:03,27300.0,100,Sell,224304177
2024-07-18 13:15:03,27300.0,100,Sell,224304178
2024-07-18 13:15:03,27300.0,200,Sell,224304179
2024-07-18 13:15:03,27300.0,1000,Sell,224304180
2024-07-18 13:15:03,27300.0,7000,Sell,224304181
2024-07-18 13:15:03,27300.0,100,Sell,224304175
2024-07-18 13:15:04,27350.0,1300,Buy,224304204
2024-07-18 13:15:06,27300.0,200,Sell,224304283
2024-07-18 13:15:06,27300.0,100,Sell,224304282
2024-07-18 13:15:09,27350.0,300,Buy,224304330
2024-07-18 13:15:11,27300.0,1800,Sell,224304395
2024-07-18 13:15:11,27300.0,1000,Sell,224304396
2024-07-18 13:15:11,27300.0,300,Sell,224304397
2024-07-18 13:15:11,27300.0,400,Sell,224304398
2024-07-18 13:15:11,27300.0,300,Sell,224304394
2024-07-18 13:15:14,27300.0,600,Sell,224304504
2024-07-18 13:15:16,27350.0,200,Buy,224304534
2024-07-18 13:15:16,27300.0,1000,Sell,224304539
2024-07-18 13:15:17,27350.0,1300,Buy,224304587
2024-07-18 13:15:17,27350.0,500,Buy,224304588
2024-07-18 13:15:17,27350.0,500,Buy,224304589
2024-07-18 13:15:17,27350.0,1700,Buy,224304590
2024-07-18 13:15:18,27350.0,300,Buy,224304627
2024-07-18 13:15:19,27350.0,100,Buy,224304653
2024-07-18 13:15:25,27350.0,100,Buy,224304843
2024-07-18 13:15:28,27350.0,400,Buy,224304933
2024-07-18 13:15:28,27350.0,7800,Buy,224304923
2024-07-18 13:15:28,27350.0,6600,Buy,224304924
2024-07-18 13:15:29,27350.0,7800,Buy,224304964
2024-07-18 13:15:29,27350.0,300,Buy,224304971
2024-07-18 13:15:29,27350.0,200,Buy,224304970
2024-07-18 13:15:29,27350.0,100,Buy,224304969
2024-07-18 13:15:29,27350.0,200,Buy,224304942
2024-07-18 13:15:29,27350.0,500,Buy,224304967
2024-07-18 13:15:29,27350.0,100,Buy,224304966
2024-07-18 13:15:29,27350.0,100,Buy,224304965
2024-07-18 13:15:29,27350.0,1100,Buy,224304968
2024-07-18 13:15:35,27350.0,1000,Sell,224305084
2024-07-18 13:15:42,27350.0,100,Sell,224305325
2024-07-18 13:15:43,27350.0,3000,Sell,224305347
2024-07-18 13:15:47,27350.0,100,Sell,224305465
2024-07-18 13:15:50,27350.0,400,Sell,224305564
2024-07-18 13:15:51,27350.0,100,Sell,224305591
2024-07-18 13:15:51,27300.0,10300,Sell,224305595
2024-07-18 13:15:51,27300.0,1500,Sell,224305594
2024-07-18 13:15:51,27350.0,3300,Sell,224305593
2024-07-18 13:15:51,27350.0,1000,Sell,224305592
2024-07-18 13:15:51,27350.0,100,Sell,224305589
2024-07-18 13:15:51,27350.0,300,Sell,224305588
2024-07-18 13:15:51,27350.0,1500,Sell,224305587
2024-07-18 13:15:51,27350.0,200,Sell,224305586
2024-07-18 13:15:51,27350.0,200,Sell,224305585
2024-07-18 13:15:51,27350.0,1400,Sell,224305584
2024-07-18 13:15:51,27350.0,100,Sell,224305590
2024-07-18 13:15:55,27350.0,500,Sell,224305759
2024-07-18 13:15:56,27350.0,500,Buy,224305779
2024-07-18 13:15:59,27350.0,500,Buy,224305905
2024-07-18 13:16:00,27300.0,1100,Sell,224305925
2024-07-18 13:16:02,27350.0,200,Buy,224305961
2024-07-18 13:16:02,27350.0,800,Buy,224305962
2024-07-18 13:16:02,27350.0,4000,Buy,224305960
2024-07-18 13:16:05,27350.0,1700,Buy,224306032
2024-07-18 13:16:05,27350.0,300,Buy,224306033
2024-07-18 13:16:05,27350.0,500,Buy,224306046
2024-07-18 13:16:09,27350.0,500,Buy,224306163
2024-07-18 13:16:09,27350.0,200,Buy,224306162
2024-07-18 13:16:09,27350.0,15000,Buy,224306160
2024-07-18 13:16:09,27350.0,4200,Buy,224306159
2024-07-18 13:16:09,27350.0,2000,Buy,224306161
2024-07-18 13:16:10,27400.0,200,Buy,224306188
2024-07-18 13:16:10,27400.0,100,Buy,224306189
2024-07-18 13:16:10,27400.0,200,Buy,224306190
2024-07-18 13:16:10,27400.0,4300,Buy,224306191
2024-07-18 13:16:11,27400.0,5700,Buy,224306229
2024-07-18 13:16:11,27400.0,2000,Buy,224306228
2024-07-18 13:16:11,27400.0,5000,Buy,224306227
2024-07-18 13:16:11,27400.0,25000,Buy,224306226
2024-07-18 13:16:11,27400.0,1000,Buy,224306225
2024-07-18 13:16:11,27400.0,4000,Buy,224306224
2024-07-18 13:16:11,27400.0,1000,Buy,224306222
2024-07-18 13:16:11,27400.0,500,Buy,224306221
2024-07-18 13:16:11,27400.0,1400,Buy,224306220
2024-07-18 13:16:11,27400.0,300,Buy,224306223
2024-07-18 13:16:11,27400.0,1000,Buy,224306218
2024-07-18 13:16:11,27400.0,500,Buy,224306217
2024-07-18 13:16:11,27400.0,100,Buy,224306216
2024-07-18 13:16:11,27400.0,200,Buy,224306215
2024-07-18 13:16:11,27400.0,500,Buy,224306214
2024-07-18 13:16:11,27400.0,200,Buy,224306213
2024-07-18 13:16:11,27400.0,200,Buy,224306212
2024-07-18 13:16:11,27400.0,100,Buy,224306211
2024-07-18 13:16:11,27400.0,100,Buy,224306210
2024-07-18 13:16:11,27400.0,6000,Buy,224306209
2024-07-18 13:16:11,27400.0,2000,Buy,224306219
2024-07-18 13:16:12,27350.0,100,Sell,224306297
2024-07-18 13:16:12,27400.0,11700,Buy,224306265
2024-07-18 13:16:12,27400.0,2000,Buy,224306264
2024-07-18 13:16:12,27400.0,5000,Buy,224306262
2024-07-18 13:16:12,27400.0,500,Buy,224306261
2024-07-18 13:16:12,27400.0,9500,Buy,224306260
2024-07-18 13:16:12,27400.0,2000,Buy,224306263
2024-07-18 13:16:13,27350.0,700,Sell,224306308
2024-07-18 13:16:13,27400.0,3500,Buy,224306311
2024-07-18 13:16:13,27400.0,1000,Buy,224306312
2024-07-18 13:16:13,27400.0,200,Buy,224306313
2024-07-18 13:16:13,27400.0,100,Buy,224306314
2024-07-18 13:16:13,27400.0,100,Buy,224306315
2024-07-18 13:16:17,27400.0,7500,Sell,224306438
2024-07-18 13:16:17,27350.0,12500,Sell,224306439
2024-07-18 13:16:17,27400.0,100,Sell,224306423
2024-07-18 13:16:17,27400.0,400,Buy,224306430
2024-07-18 13:16:18,27350.0,4200,Sell,224306444
2024-07-18 13:16:18,27350.0,800,Sell,224306443
2024-07-18 13:16:18,27350.0,500,Sell,224306455
2024-07-18 13:16:22,27350.0,600,Sell,224306570
2024-07-18 13:16:24,27350.0,200,Sell,224306627
2024-07-18 13:16:29,27350.0,200,Sell,224306752
2024-07-18 13:16:32,27350.0,100,Sell,224306836
2024-07-18 13:16:33,27350.0,400,Sell,224306853
2024-07-18 13:16:36,27400.0,100,Buy,224306925
2024-07-18 13:16:38,27400.0,200,Buy,224306951
2024-07-18 13:16:40,27350.0,100,Sell,224307003
2024-07-18 13:16:40,27350.0,3700,Sell,224307004
2024-07-18 13:16:43,27350.0,800,Sell,224307083
2024-07-18 13:16:43,27350.0,100,Sell,224307084
2024-07-18 13:16:43,27350.0,400,Sell,224307085
2024-07-18 13:16:46,27350.0,300,Sell,224307197
2024-07-18 13:16:50,27400.0,100,Buy,224307308
2024-07-18 13:16:55,27350.0,100,Sell,224307425
2024-07-18 13:16:55,27350.0,600,Sell,224307426
2024-07-18 13:16:55,27350.0,300,Sell,224307423
2024-07-18 13:16:55,27350.0,1000,Sell,224307424
2024-07-18 13:16:57,27350.0,700,Sell,224307477
2024-07-18 13:16:58,27350.0,400,Sell,224307512
2024-07-18 13:16:58,27350.0,100,Sell,224307513
2024-07-18 13:16:58,27350.0,200,Sell,224307514
2024-07-18 13:16:58,27350.0,7200,Sell,224307515
2024-07-18 13:16:58,27350.0,100,Sell,224307516
2024-07-18 13:16:58,27350.0,2000,Sell,224307517
2024-07-18 13:17:00,27350.0,1000,Sell,224307566
2024-07-18 13:17:04,27400.0,600,Buy,224307678
2024-07-18 13:17:04,27400.0,100,Buy,224307677
2024-07-18 13:17:04,27400.0,600,Buy,224307676
2024-07-18 13:17:10,27350.0,2000,Sell,224307918
2024-07-18 13:17:10,27350.0,100,Sell,224307919
2024-07-18 13:17:10,27350.0,500,Sell,224307920
2024-07-18 13:17:18,27350.0,200,Sell,224308139
2024-07-18 13:17:36,27350.0,500,Sell,224308727
2024-07-18 13:17:36,27350.0,300,Sell,224308728
2024-07-18 13:17:36,27350.0,1700,Sell,224308729
2024-07-18 13:17:37,27350.0,7000,Sell,224308747
2024-07-18 13:17:52,27350.0,300,Sell,224309156
2024-07-18 13:18:01,27350.0,100,Sell,224309368
2024-07-18 13:18:01,27350.0,8400,Sell,224309372
2024-07-18 13:18:01,27350.0,200,Sell,224309371
2024-07-18 13:18:01,27350.0,200,Sell,224309367
2024-07-18 13:18:01,27350.0,900,Sell,224309369
2024-07-18 13:18:01,27350.0,200,Sell,224309370
2024-07-18 13:18:02,27350.0,1600,Sell,224309389
2024-07-18 13:18:02,27350.0,100,Sell,224309390
2024-07-18 13:18:02,27350.0,200,Sell,224309391
2024-07-18 13:18:02,27350.0,1000,Sell,224309392
2024-07-18 13:18:02,27350.0,100,Sell,224309393
2024-07-18 13:18:02,27350.0,2000,Sell,224309394
2024-07-18 13:18:02,27350.0,1500,Sell,224309395
2024-07-18 13:18:02,27350.0,700,Sell,224309396
2024-07-18 13:18:04,27350.0,1000,Buy,224309427
2024-07-18 13:18:05,27350.0,100,Buy,224309440
2024-07-18 13:18:09,27350.0,100,Buy,224309575
2024-07-18 13:18:11,27350.0,100,Buy,224309614
2024-07-18 13:18:11,27350.0,100,Buy,224309616
2024-07-18 13:18:14,27350.0,700,Buy,224309673
2024-07-18 13:18:15,27350.0,1000,Buy,224309681
2024-07-18 13:18:17,27350.0,500,Buy,224309746
2024-07-18 13:18:17,27350.0,1000,Buy,224309747
2024-07-18 13:18:17,27350.0,400,Buy,224309748
2024-07-18 13:18:17,27350.0,3100,Buy,224309745
2024-07-18 13:18:22,27350.0,1000,Buy,224309873
2024-07-18 13:18:24,27350.0,2500,Buy,224309915
2024-07-18 13:18:30,27350.0,800,Buy,224310048
2024-07-18 13:18:33,27350.0,100,Buy,224310163
2024-07-18 13:18:33,27300.0,100,Sell,224310150
2024-07-18 13:18:33,27300.0,100,Sell,224310149
2024-07-18 13:18:33,27300.0,500,Sell,224310147
2024-07-18 13:18:33,27300.0,500,Sell,224310146
2024-07-18 13:18:33,27300.0,1000,Sell,224310148
2024-07-18 13:18:35,27350.0,100,Buy,224310207
2024-07-18 13:18:35,27350.0,100,Buy,224310208
2024-07-18 13:18:37,27350.0,400,Buy,224310286
2024-07-18 13:18:37,27350.0,600,Buy,224310287
2024-07-18 13:18:40,27350.0,1000,Buy,224310341
2024-07-18 13:18:40,27350.0,900,Buy,224310340
2024-07-18 13:18:40,27350.0,5000,Buy,224310339
2024-07-18 13:18:40,27350.0,8200,Buy,224310337
2024-07-18 13:18:40,27350.0,100,Buy,224310338
2024-07-18 13:18:48,27350.0,100,Sell,224310639
2024-07-18 13:18:48,27350.0,100,Sell,224310640
2024-07-18 13:18:48,27350.0,100,Sell,224310641
2024-07-18 13:18:48,27350.0,100,Sell,224310642
2024-07-18 13:18:48,27350.0,100,Sell,224310638
2024-07-18 13:18:51,27400.0,14400,Buy,224310753
2024-07-18 13:18:52,27400.0,300,Buy,224310812
2024-07-18 13:18:52,27400.0,200,Buy,224310811
2024-07-18 13:18:52,27400.0,100,Buy,224310810
2024-07-18 13:18:52,27400.0,1500,Buy,224310809
2024-07-18 13:18:52,27400.0,1000,Buy,224310808
2024-07-18 13:18:52,27400.0,500,Buy,224310807
2024-07-18 13:18:52,27400.0,2900,Buy,224310813
2024-07-18 13:18:52,27400.0,2000,Buy,224310802
2024-07-18 13:18:52,27400.0,100,Buy,224310801
2024-07-18 13:18:52,27400.0,600,Buy,224310800
2024-07-18 13:18:52,27400.0,100,Buy,224310799
2024-07-18 13:18:52,27400.0,2000,Buy,224310798
2024-07-18 13:18:52,27400.0,17000,Buy,224310797
2024-07-18 13:18:52,27400.0,2000,Buy,224310806
2024-07-18 13:18:54,27400.0,400,Buy,224310860
2024-07-18 13:18:54,27400.0,1000,Buy,224310858
2024-07-18 13:18:54,27400.0,2000,Buy,224310857
2024-07-18 13:18:54,27400.0,500,Buy,224310859
2024-07-18 13:18:54,27400.0,8300,Buy,224310855
2024-07-18 13:18:54,27400.0,3000,Buy,224310854
2024-07-18 13:18:54,27400.0,1000,Buy,224310856
2024-07-18 13:18:54,27400.0,1600,Buy,224310853
2024-07-18 13:19:03,27400.0,100,Sell,224311092
2024-07-18 13:19:04,27400.0,2000,Sell,224311108
2024-07-18 13:19:04,27400.0,200,Sell,224311114
2024-07-18 13:19:05,27400.0,6800,Sell,224311163
2024-07-18 13:19:05,27400.0,900,Sell,224311164
2024-07-18 13:19:05,27400.0,3300,Sell,224311165
2024-07-18 13:19:05,27400.0,200,Sell,224311203
2024-07-18 13:19:07,27400.0,2300,Sell,224311236
2024-07-18 13:19:08,27400.0,300,Sell,224311266
2024-07-18 13:19:09,27450.0,200,Buy,224311284
2024-07-18 13:19:09,27450.0,100,Buy,224311273
2024-07-18 13:19:10,27450.0,100,Buy,224311291
2024-07-18 13:19:10,27400.0,500,Sell,224311292
2024-07-18 13:19:12,27400.0,1000,Sell,224311346
2024-07-18 13:19:13,27400.0,600,Sell,224311360
2024-07-18 13:19:17,27400.0,10000,Sell,224311450
2024-07-18 13:19:18,27450.0,200,Buy,224311514
2024-07-18 13:19:28,27400.0,1000,Sell,224311815
2024-07-18 13:19:29,27450.0,1000,Buy,224311828
2024-07-18 13:19:30,27450.0,100,Buy,224311854
2024-07-18 13:19:34,27450.0,100,Buy,224311936
2024-07-18 13:19:35,27400.0,900,Sell,224312007
2024-07-18 13:19:39,27450.0,300,Buy,224312241
2024-07-18 13:19:40,27400.0,500,Sell,224312279
2024-07-18 13:19:41,27400.0,1700,Sell,224312300
2024-07-18 13:19:41,27450.0,1600,Buy,224312308
2024-07-18 13:19:46,27400.0,400,Sell,224312424
2024-07-18 13:19:46,27400.0,600,Sell,224312428
2024-07-18 13:19:51,27400.0,200,Sell,224312688
2024-07-18 13:19:51,27400.0,4900,Sell,224312687
2024-07-18 13:19:51,27400.0,500,Sell,224312686
2024-07-18 13:19:51,27400.0,200,Sell,224312685
2024-07-18 13:19:51,27400.0,900,Sell,224312683
2024-07-18 13:19:51,27400.0,200,Sell,224312682
2024-07-18 13:19:51,27400.0,200,Sell,224312681
2024-07-18 13:19:51,27400.0,100,Sell,224312684
2024-07-18 13:19:52,27400.0,1900,Sell,224312702
2024-07-18 13:19:52,27400.0,100,Sell,224312703
2024-07-18 13:19:54,27400.0,100,Sell,224312755
2024-07-18 13:19:54,27400.0,5200,Buy,224312758
2024-07-18 13:19:54,27400.0,2000,Sell,224312753
2024-07-18 13:19:54,27400.0,200,Sell,224312752
2024-07-18 13:19:54,27400.0,1300,Sell,224312754
2024-07-18 13:19:57,27400.0,500,Buy,224312818
2024-07-18 13:19:57,27400.0,500,Buy,224312824
2024-07-18 13:19:57,27400.0,200,Buy,224312853
2024-07-18 13:20:02,27400.0,100,Sell,224313116
2024-07-18 13:20:02,27400.0,100,Sell,224313117
2024-07-18 13:20:06,27400.0,100,Sell,224313238
2024-07-18 13:20:06,27400.0,200,Sell,224313239
2024-07-18 13:20:06,27400.0,2100,Sell,224313237
2024-07-18 13:20:06,27400.0,400,Sell,224313236
2024-07-18 13:20:06,27400.0,200,Sell,224313235
2024-07-18 13:20:06,27450.0,100,Buy,224313227
2024-07-18 13:20:06,27450.0,900,Buy,224313224
2024-07-18 13:20:08,27400.0,3500,Buy,224313283
2024-07-18 13:20:19,27400.0,300,Buy,224313562
2024-07-18 13:20:21,27400.0,600,Buy,224313619
2024-07-18 13:20:21,27400.0,100,Buy,224313618
2024-07-18 13:20:21,27400.0,3200,Buy,224313614
2024-07-18 13:20:21,27400.0,100,Buy,224313616
2024-07-18 13:20:21,27400.0,1500,Buy,224313617
2024-07-18 13:20:21,27400.0,1200,Buy,224313615
2024-07-18 13:20:24,27400.0,600,Sell,224313735
2024-07-18 13:20:24,27400.0,400,Sell,224313745
2024-07-18 13:20:25,27400.0,2300,Sell,224313805
2024-07-18 13:20:25,27400.0,300,Buy,224313806
2024-07-18 13:20:28,27400.0,200,Buy,224313936
2024-07-18 13:20:33,27400.0,40000,Buy,224314038
2024-07-18 13:20:36,27400.0,1000,Buy,224314217
2024-07-18 13:20:38,27400.0,100,Buy,224314275
2024-07-18 13:20:43,27400.0,2000,Buy,224314400
2024-07-18 13:20:47,27400.0,400,Buy,224314511
2024-07-18 13:20:48,27350.0,300,Sell,224314612
2024-07-18 13:20:48,27350.0,200,Sell,224314611
2024-07-18 13:20:48,27350.0,900,Sell,224314609
2024-07-18 13:20:48,27400.0,500,Buy,224314608
2024-07-18 13:20:48,27350.0,100,Sell,224314610
2024-07-18 13:20:51,27400.0,2200,Buy,224314773
2024-07-18 13:20:53,27400.0,200,Buy,224314810
2024-07-18 13:20:54,27350.0,3000,Sell,224314847
2024-07-18 13:20:54,27350.0,1600,Sell,224314854
2024-07-18 13:20:54,27350.0,6000,Sell,224314853
2024-07-18 13:20:54,27350.0,6000,Sell,224314850
2024-07-18 13:20:54,27350.0,200,Sell,224314849
2024-07-18 13:20:54,27350.0,500,Sell,224314848
2024-07-18 13:20:54,27350.0,500,Sell,224314846
2024-07-18 13:20:54,27350.0,100,Sell,224314840
2024-07-18 13:20:54,27350.0,100,Sell,224314844
2024-07-18 13:20:54,27350.0,100,Sell,224314843
2024-07-18 13:20:54,27350.0,100,Sell,224314842
2024-07-18 13:20:54,27350.0,100,Sell,224314841
2024-07-18 13:20:54,27350.0,7000,Sell,224314838
2024-07-18 13:20:54,27350.0,1700,Sell,224314837
2024-07-18 13:20:54,27350.0,2000,Sell,224314845
2024-07-18 13:20:54,27350.0,1000,Sell,224314839
2024-07-18 13:20:56,27350.0,400,Sell,224314879
2024-07-18 13:20:56,27350.0,100,Sell,224314880
2024-07-18 13:21:02,27350.0,200,Sell,224315060
2024-07-18 13:21:02,27350.0,400,Sell,224315061
2024-07-18 13:21:09,27350.0,100,Sell,224315252
2024-07-18 13:21:09,27350.0,100,Sell,224315251
2024-07-18 13:21:09,27350.0,100,Sell,224315250
2024-07-18 13:21:21,27350.0,4900,Sell,224315743
2024-07-18 13:21:21,27350.0,100,Sell,224315742
2024-07-18 13:21:21,27350.0,500,Sell,224315741
2024-07-18 13:21:21,27350.0,1000,Sell,224315740
2024-07-18 13:21:21,27350.0,500,Sell,224315735
2024-07-18 13:21:21,27350.0,100,Sell,224315738
2024-07-18 13:21:21,27350.0,400,Sell,224315737
2024-07-18 13:21:21,27350.0,500,Sell,224315736
2024-07-18 13:21:21,27350.0,500,Sell,224315739
2024-07-18 13:21:26,27350.0,1000,Sell,224315890
2024-07-18 13:21:46,27400.0,100,Buy,224316534
2024-07-18 13:21:51,27350.0,400,Sell,224316663
2024-07-18 13:21:51,27350.0,1000,Sell,224316664
2024-07-18 13:21:51,27350.0,500,Sell,224316665
2024-07-18 13:21:51,27350.0,100,Sell,224316666
2024-07-18 13:21:58,27350.0,2100,Sell,224316890
2024-07-18 13:21:58,27350.0,100,Sell,224316889
2024-07-18 13:21:58,27350.0,200,Sell,224316888
2024-07-18 13:21:58,27350.0,700,Sell,224316887
2024-07-18 13:21:58,27350.0,500,Sell,224316886
2024-07-18 13:21:58,27350.0,400,Sell,224316885
2024-07-18 13:22:09,27400.0,500,Buy,224317262
2024-07-18 13:22:14,27350.0,900,Sell,224317379
2024-07-18 13:22:14,27350.0,100,Sell,224317378
2024-07-18 13:22:15,27350.0,300,Sell,224317385
2024-07-18 13:22:15,27350.0,500,Sell,224317386
2024-07-18 13:22:15,27350.0,200,Sell,224317387
2024-07-18 13:22:15,27350.0,500,Sell,224317389
2024-07-18 13:22:15,27350.0,100,Sell,224317390
2024-07-18 13:22:15,27350.0,200,Sell,224317388
2024-07-18 13:22:18,27350.0,900,Buy,224317460
2024-07-18 13:22:18,27350.0,2100,Buy,224317461
2024-07-18 13:22:18,27350.0,300,Buy,224317498
2024-07-18 13:22:21,27300.0,1400,Sell,224317636
2024-07-18 13:22:21,27300.0,1200,Sell,224317634
2024-07-18 13:22:21,27300.0,400,Sell,224317635
2024-07-18 13:22:31,27350.0,100,Buy,224317993
2024-07-18 13:22:31,27350.0,200,Buy,224317992
2024-07-18 13:22:33,27300.0,6300,Sell,224318073
2024-07-18 13:22:35,27300.0,2300,Sell,224318141
2024-07-18 13:22:35,27300.0,2700,Sell,224318142
2024-07-18 13:22:37,27350.0,1300,Buy,224318191
2024-07-18 13:22:37,27350.0,100,Buy,224318192
2024-07-18 13:22:37,27350.0,1300,Buy,224318193
2024-07-18 13:22:37,27350.0,1000,Buy,224318194
2024-07-18 13:22:37,27350.0,1000,Buy,224318195
2024-07-18 13:22:37,27350.0,300,Buy,224318196
2024-07-18 13:22:37,27300.0,100,Sell,224318208
2024-07-18 13:22:38,27300.0,6800,Sell,224318231
2024-07-18 13:22:38,27300.0,2200,Sell,224318229
2024-07-18 13:22:38,27300.0,1000,Sell,224318230
2024-07-18 13:22:43,27300.0,1000,Sell,224318392
2024-07-18 13:22:46,27300.0,400,Sell,224318484
2024-07-18 13:22:48,27350.0,100,Buy,224318544
2024-07-18 13:22:49,27350.0,100,Buy,224318649
2024-07-18 13:22:50,27350.0,100,Buy,224318681
2024-07-18 13:22:51,27300.0,600,Sell,224318712
2024-07-18 13:22:57,27350.0,200,Buy,224318895
2024-07-18 13:22:57,27300.0,100,Sell,224318871
2024-07-18 13:22:57,27300.0,1000,Sell,224318872
2024-07-18 13:22:57,27300.0,1000,Sell,224318869
2024-07-18 13:22:57,27300.0,2100,Sell,224318868
2024-07-18 13:22:57,27300.0,1000,Sell,224318870
2024-07-18 13:22:58,27350.0,300,Buy,224318925
2024-07-18 13:22:58,27300.0,300,Sell,224318926
2024-07-18 13:23:05,27300.0,200,Sell,224319113
2024-07-18 13:23:05,27300.0,300,Sell,224319115
2024-07-18 13:23:09,27300.0,200,Sell,224319682
2024-07-18 13:23:09,27300.0,4700,Sell,224319662
2024-07-18 13:23:09,27300.0,300,Sell,224319663
2024-07-18 13:23:09,27300.0,100,Sell,224319681
2024-07-18 13:23:10,27300.0,200,Sell,224319703
2024-07-18 13:23:10,27350.0,400,Buy,224319700
2024-07-18 13:23:10,27350.0,100,Buy,224319699
2024-07-18 13:23:10,27350.0,400,Buy,224319697
2024-07-18 13:23:10,27350.0,100,Buy,224319698
2024-07-18 13:23:17,27300.0,400,Sell,224319932
2024-07-18 13:23:17,27300.0,200,Sell,224319931
2024-07-18 13:23:17,27300.0,800,Sell,224319933
2024-07-18 13:23:17,27300.0,100,Sell,224319930
2024-07-18 13:23:17,27300.0,100,Sell,224319935
