time,price,volume,match_type,id
2024-07-17 12:59:41,31200.0,200,Buy,223647501
2024-07-17 12:59:43,31000.0,500,Buy,223647731
2024-07-17 12:59:43,30000.0,500,Buy,223647730
2024-07-17 12:59:43,30000.0,500,Buy,223647729
2024-07-17 12:59:43,30500.0,200,Buy,223647724
2024-07-17 12:59:43,31000.0,200,Buy,223647727
2024-07-17 12:59:43,31000.0,1400,Buy,223647725
2024-07-17 12:59:43,30000.0,500,Sell,223647728
2024-07-17 12:59:43,31000.0,400,Buy,223647726
2024-07-17 12:59:44,30300.0,800,Sell,223648132
2024-07-17 12:59:44,30300.0,23000,Sell,223648129
2024-07-17 12:59:44,30300.0,700,Sell,223648130
2024-07-17 12:59:44,30300.0,1500,Sell,223648131
2024-07-17 12:59:45,31000.0,300,Buy,223648550
2024-07-17 12:59:45,30600.0,1000,Sell,223648551
2024-07-17 12:59:45,30300.0,2600,Sell,223648552
2024-07-17 12:59:45,30300.0,1200,Sell,223648553
2024-07-17 12:59:45,30300.0,10000,Sell,223648549
2024-07-17 12:59:50,30300.0,1000,Sell,223649473
2024-07-17 12:59:50,30300.0,5000,Sell,223649474
2024-07-17 12:59:52,30350.0,5000,Sell,223649745
2024-07-17 12:59:53,30350.0,5000,Sell,223649855
2024-07-17 12:59:55,30350.0,1000,Sell,223650051
2024-07-17 13:00:00,30300.0,3300,Sell,223650660
2024-07-17 13:00:01,30300.0,42100,Sell,223650780
2024-07-17 13:00:03,30350.0,100,Buy,223650960
2024-07-17 13:00:03,30300.0,200,Sell,223650963
2024-07-17 13:00:03,30500.0,4000,Buy,223650962
2024-07-17 13:00:03,30500.0,300,Buy,223650961
2024-07-17 13:00:03,30350.0,500,Buy,223650946
2024-07-17 13:00:03,30350.0,100,Buy,223650959
2024-07-17 13:00:03,30300.0,5000,Sell,223650944
2024-07-17 13:00:03,30300.0,100,Sell,223650943
2024-07-17 13:00:03,30350.0,100,Buy,223650942
2024-07-17 13:00:03,30350.0,200,Buy,223650941
2024-07-17 13:00:03,30350.0,2000,Buy,223650945
2024-07-17 13:00:03,30300.0,400,Sell,223650933
2024-07-17 13:00:04,30350.0,1500,Buy,223650982
2024-07-17 13:00:06,30300.0,500,Sell,223651185
2024-07-17 13:00:06,30300.0,2000,Sell,223651182
2024-07-17 13:00:06,30350.0,1000,Buy,223651183
2024-07-17 13:00:06,30300.0,100,Sell,223651184
2024-07-17 13:00:06,30300.0,1000,Sell,223651186
2024-07-17 13:00:11,30000.0,200,Sell,223651355
2024-07-17 13:00:11,30300.0,300,Buy,223651372
2024-07-17 13:00:14,29500.0,600,Sell,223651440
2024-07-17 13:00:14,29500.0,100,Sell,223651437
2024-07-17 13:00:14,29500.0,1000,Sell,223651442
2024-07-17 13:00:14,29500.0,100,Sell,223651441
2024-07-17 13:00:14,29600.0,1000,Sell,223651436
2024-07-17 13:00:14,29500.0,4000,Sell,223651439
2024-07-17 13:00:14,30000.0,1500,Sell,223651434
2024-07-17 13:00:14,30000.0,100,Sell,223651435
2024-07-17 13:00:14,30000.0,200,Sell,223651420
2024-07-17 13:00:14,30000.0,1600,Sell,223651421
2024-07-17 13:00:14,29500.0,1000,Sell,223651438
2024-07-17 13:00:14,30000.0,100,Sell,223651432
2024-07-17 13:00:14,30000.0,300,Sell,223651427
2024-07-17 13:00:14,30000.0,500,Sell,223651433
2024-07-17 13:00:15,30300.0,300,Buy,223651448
2024-07-17 13:00:15,30300.0,700,Buy,223651449
2024-07-17 13:00:16,30300.0,300,Buy,223651483
2024-07-17 13:00:16,30300.0,2000,Buy,223651484
2024-07-17 13:00:16,30300.0,3000,Buy,223651485
2024-07-17 13:00:18,30250.0,100,Buy,223651600
2024-07-17 13:00:18,29500.0,1600,Sell,223651597
2024-07-17 13:00:18,29500.0,100,Sell,223651596
2024-07-17 13:00:18,30300.0,1400,Buy,223651591
2024-07-17 13:00:18,30250.0,1000,Buy,223651603
2024-07-17 13:00:18,30300.0,400,Buy,223651589
2024-07-17 13:00:18,30300.0,500,Buy,223651588
2024-07-17 13:00:18,30300.0,2200,Buy,223651587
2024-07-17 13:00:18,30000.0,700,Buy,223651586
2024-07-17 13:00:18,29500.0,300,Sell,223651577
2024-07-17 13:00:18,30300.0,100,Buy,223651590
2024-07-17 13:00:19,30250.0,5300,Buy,223651606
2024-07-17 13:00:20,30250.0,100,Buy,223651675
2024-07-17 13:00:20,30250.0,200,Buy,223651655
2024-07-17 13:00:22,30250.0,4300,Buy,223651691
2024-07-17 13:00:22,30000.0,500,Sell,223651721
2024-07-17 13:00:22,30000.0,1000,Sell,223651722
2024-07-17 13:00:22,30300.0,100,Buy,223651693
2024-07-17 13:00:22,30300.0,900,Buy,223651692
2024-07-17 13:00:22,30000.0,500,Sell,223651698
2024-07-17 13:00:25,29500.0,500,Sell,223651759
2024-07-17 13:00:25,29500.0,200,Sell,223651760
2024-07-17 13:00:25,29500.0,1800,Sell,223651761
2024-07-17 13:00:25,29450.0,500,Sell,223651763
2024-07-17 13:00:25,29450.0,500,Sell,223651764
2024-07-17 13:00:25,29450.0,500,Sell,223651765
2024-07-17 13:00:25,29450.0,500,Sell,223651766
2024-07-17 13:00:25,29400.0,100,Sell,223651767
2024-07-17 13:00:25,29400.0,12400,Sell,223651768
2024-07-17 13:00:25,29500.0,10000,Sell,223651762
2024-07-17 13:00:29,29550.0,300,Sell,223651829
2024-07-17 13:00:30,29550.0,3000,Sell,223651842
2024-07-17 13:00:30,29550.0,100,Sell,223651841
2024-07-17 13:00:35,29400.0,3400,Sell,223652016
2024-07-17 13:00:35,29550.0,1600,Sell,223652014
2024-07-17 13:00:35,29550.0,5000,Sell,223652015
2024-07-17 13:00:36,29400.0,2800,Sell,223652051
2024-07-17 13:00:38,29500.0,600,Buy,223652124
2024-07-17 13:00:41,29500.0,2000,Sell,223652213
2024-07-17 13:00:41,29500.0,100,Sell,223652226
2024-07-17 13:00:43,29550.0,200,Buy,223652265
2024-07-17 13:00:43,29550.0,800,Buy,223652266
2024-07-17 13:00:44,29500.0,300,Sell,223652317
2024-07-17 13:00:45,29400.0,3300,Sell,223652330
2024-07-17 13:00:47,29500.0,100,Buy,223652379
2024-07-17 13:00:47,29500.0,4400,Buy,223652377
2024-07-17 13:00:47,29500.0,1000,Buy,223652375
2024-07-17 13:00:47,29500.0,500,Buy,223652378
2024-07-17 13:00:48,30000.0,200,Buy,223652400
2024-07-17 13:00:48,30050.0,200,Buy,223652417
2024-07-17 13:00:48,30050.0,100,Buy,223652416
2024-07-17 13:00:48,30000.0,100,Sell,223652408
2024-07-17 13:00:48,30000.0,32000,Buy,223652404
2024-07-17 13:00:48,30000.0,200,Buy,223652401
2024-07-17 13:00:48,30000.0,700,Buy,223652399
2024-07-17 13:00:48,30000.0,500,Buy,223652397
2024-07-17 13:00:48,30000.0,700,Buy,223652396
2024-07-17 13:00:48,30000.0,500,Buy,223652395
2024-07-17 13:00:48,29550.0,100,Buy,223652394
2024-07-17 13:00:48,29550.0,100,Buy,223652393
2024-07-17 13:00:48,29550.0,1200,Buy,223652392
2024-07-17 13:00:48,30000.0,600,Buy,223652398
2024-07-17 13:00:48,29500.0,900,Buy,223652391
2024-07-17 13:00:50,30000.0,2700,Sell,223652440
2024-07-17 13:00:50,30000.0,2000,Sell,223652438
2024-07-17 13:00:50,30000.0,2500,Sell,223652439
2024-07-17 13:00:53,30000.0,500,Buy,223652503
2024-07-17 13:00:54,29500.0,3300,Buy,223652521
2024-07-17 13:00:54,29550.0,500,Sell,223652531
2024-07-17 13:01:04,29550.0,4000,Sell,223652798
2024-07-17 13:01:05,29550.0,1100,Sell,223652819
2024-07-17 13:01:06,29550.0,400,Sell,223652879
2024-07-17 13:01:06,29550.0,3000,Sell,223652843
2024-07-17 13:01:06,29550.0,100,Sell,223652885
2024-07-17 13:01:06,29550.0,2000,Sell,223652841
2024-07-17 13:01:06,29550.0,2000,Sell,223652842
2024-07-17 13:01:06,29550.0,3000,Sell,223652840
2024-07-17 13:01:08,30000.0,1000,Buy,223652928
2024-07-17 13:01:08,30000.0,1800,Buy,223652927
2024-07-17 13:01:08,29950.0,3200,Buy,223652926
2024-07-17 13:01:10,29550.0,500,Sell,223652961
2024-07-17 13:01:12,29550.0,200,Sell,223653019
2024-07-17 13:01:19,29550.0,200,Sell,223653288
2024-07-17 13:01:20,29550.0,5300,Sell,223653317
2024-07-17 13:01:20,29550.0,500,Sell,223653315
2024-07-17 13:01:20,29550.0,400,Sell,223653316
2024-07-17 13:01:20,29550.0,1000,Sell,223653313
2024-07-17 13:01:20,29550.0,200,Sell,223653312
2024-07-17 13:01:20,29550.0,100,Sell,223653311
2024-07-17 13:01:20,29550.0,1000,Sell,223653314
2024-07-17 13:01:21,29550.0,100,Sell,223653341
2024-07-17 13:01:22,29550.0,500,Sell,223653356
2024-07-17 13:01:24,29600.0,4900,Buy,223653390
2024-07-17 13:01:24,29600.0,100,Sell,223653399
2024-07-17 13:01:24,29550.0,900,Sell,223653400
2024-07-17 13:01:29,29550.0,400,Sell,223653489
2024-07-17 13:01:29,29550.0,100,Sell,223653484
2024-07-17 13:01:29,29600.0,200,Sell,223653483
2024-07-17 13:01:29,29550.0,10000,Sell,223653488
2024-07-17 13:01:30,29550.0,2000,Sell,223653497
2024-07-17 13:01:30,29550.0,500,Sell,223653501
2024-07-17 13:01:30,29550.0,2000,Sell,223653507
2024-07-17 13:01:37,29600.0,300,Sell,223653739
2024-07-17 13:01:37,29600.0,200,Sell,223653759
2024-07-17 13:01:37,29600.0,600,Sell,223653760
2024-07-17 13:01:37,29600.0,200,Sell,223653761
2024-07-17 13:01:39,29600.0,1000,Sell,223653802
2024-07-17 13:01:39,29550.0,7700,Sell,223653803
2024-07-17 13:01:40,29600.0,300,Sell,223653864
2024-07-17 13:01:42,29600.0,200,Sell,223653981
2024-07-17 13:01:42,29600.0,100,Sell,223653977
2024-07-17 13:01:44,29600.0,1000,Sell,223654032
2024-07-17 13:01:45,29600.0,1400,Sell,223654069
2024-07-17 13:01:45,29600.0,200,Sell,223654070
2024-07-17 13:01:45,29600.0,900,Sell,223654071
2024-07-17 13:01:46,29600.0,100,Sell,223654120
2024-07-17 13:01:46,29600.0,300,Sell,223654121
2024-07-17 13:01:48,29600.0,100,Sell,223654187
2024-07-17 13:01:49,29600.0,200,Sell,223654207
2024-07-17 13:01:49,29600.0,5600,Sell,223654209
2024-07-17 13:01:49,29600.0,800,Sell,223654208
2024-07-17 13:01:49,29600.0,500,Sell,223654206
2024-07-17 13:01:49,29650.0,1200,Sell,223654203
2024-07-17 13:01:49,29600.0,6200,Sell,223654204
2024-07-17 13:01:49,29600.0,2000,Sell,223654205
2024-07-17 13:01:49,29650.0,300,Sell,223654195
2024-07-17 13:01:49,29600.0,1400,Sell,223654193
2024-07-17 13:01:50,29600.0,8500,Buy,223654228
2024-07-17 13:01:51,29600.0,1000,Buy,223654246
2024-07-17 13:01:52,29600.0,3000,Buy,223654270
2024-07-17 13:01:53,29600.0,200,Buy,223654293
2024-07-17 13:01:55,29600.0,100,Sell,223654369
2024-07-17 13:01:55,29600.0,3200,Buy,223654377
2024-07-17 13:01:56,29600.0,500,Buy,223654390
2024-07-17 13:01:57,29600.0,7300,Buy,223654403
2024-07-17 13:01:58,29600.0,100,Buy,223654443
2024-07-17 13:02:00,29600.0,100,Sell,223654610
2024-07-17 13:02:00,29600.0,900,Sell,223654615
2024-07-17 13:02:00,29600.0,1000,Sell,223654622
2024-07-17 13:02:00,29600.0,200,Sell,223654642
2024-07-17 13:02:01,29600.0,400,Sell,223654687
2024-07-17 13:02:01,29600.0,100,Sell,223654725
2024-07-17 13:02:03,29600.0,1000,Sell,223654948
2024-07-17 13:02:03,29600.0,200,Sell,223654977
2024-07-17 13:02:04,29600.0,1000,Sell,223655000
2024-07-17 13:02:07,29650.0,1000,Buy,223655106
2024-07-17 13:02:07,29600.0,1100,Sell,223655117
2024-07-17 13:02:08,29600.0,4000,Sell,223655143
2024-07-17 13:02:09,29600.0,600,Sell,223655188
2024-07-17 13:02:09,29600.0,100,Sell,223655187
2024-07-17 13:02:10,29600.0,100,Sell,223655210
2024-07-17 13:02:10,29600.0,300,Sell,223655238
2024-07-17 13:02:12,29600.0,200,Sell,223655304
2024-07-17 13:02:12,29600.0,1000,Sell,223655305
2024-07-17 13:02:12,29600.0,1000,Sell,223655306
2024-07-17 13:02:12,29600.0,100,Sell,223655307
2024-07-17 13:02:12,29600.0,100,Sell,223655308
2024-07-17 13:02:12,29600.0,100,Sell,223655309
2024-07-17 13:02:12,29600.0,900,Sell,223655310
2024-07-17 13:02:14,29600.0,1000,Buy,223655334
2024-07-17 13:02:14,29600.0,500,Buy,223655358
2024-07-17 13:02:15,29600.0,100,Buy,223655369
2024-07-17 13:02:15,29600.0,20000,Buy,223655370
2024-07-17 13:02:16,29600.0,300,Buy,223655406
2024-07-17 13:02:18,29600.0,500,Sell,223655442
2024-07-17 13:02:18,29600.0,100,Sell,223655456
2024-07-17 13:02:19,29600.0,200,Sell,223655473
2024-07-17 13:02:19,29600.0,300,Sell,223655472
2024-07-17 13:02:19,29600.0,500,Sell,223655460
2024-07-17 13:02:22,29600.0,2000,Sell,223655519
2024-07-17 13:02:23,29600.0,200,Sell,223655582
2024-07-17 13:02:23,29600.0,300,Sell,223655583
2024-07-17 13:02:23,29600.0,6000,Sell,223655584
2024-07-17 13:02:23,29600.0,11400,Sell,223655585
2024-07-17 13:02:23,29600.0,500,Sell,223655586
2024-07-17 13:02:23,29600.0,7800,Sell,223655578
2024-07-17 13:02:24,29600.0,10000,Buy,223655596
2024-07-17 13:02:24,29600.0,3800,Buy,223655601
2024-07-17 13:02:24,29600.0,300,Buy,223655602
2024-07-17 13:02:25,29600.0,500,Sell,223655613
2024-07-17 13:02:26,29600.0,8200,Buy,223655626
2024-07-17 13:02:27,29600.0,300,Sell,223655662
2024-07-17 13:02:27,29600.0,300,Sell,223655663
2024-07-17 13:02:28,29600.0,4000,Sell,223655711
2024-07-17 13:02:29,29600.0,100,Sell,223655718
2024-07-17 13:02:30,29600.0,300,Sell,223655783
2024-07-17 13:02:31,29650.0,1000,Buy,223655803
2024-07-17 13:02:32,29650.0,1900,Buy,223655837
2024-07-17 13:02:32,29650.0,600,Buy,223655834
2024-07-17 13:02:32,29650.0,300,Buy,223655836
2024-07-17 13:02:32,29650.0,100,Buy,223655835
2024-07-17 13:02:32,29650.0,3500,Buy,223655833
2024-07-17 13:02:32,29650.0,500,Buy,223655808
2024-07-17 13:02:32,29600.0,1100,Sell,223655816
2024-07-17 13:02:32,29600.0,900,Sell,223655815
2024-07-17 13:02:32,29650.0,100,Buy,223655810
2024-07-17 13:02:32,29650.0,400,Buy,223655809
2024-07-17 13:02:32,29600.0,3000,Sell,223655831
2024-07-17 13:02:32,29650.0,9000,Buy,223655807
2024-07-17 13:02:33,29600.0,5900,Sell,223655861
2024-07-17 13:02:33,29600.0,200,Sell,223655862
2024-07-17 13:02:33,29600.0,3900,Sell,223655863
2024-07-17 13:02:34,29650.0,12000,Sell,223655884
2024-07-17 13:02:34,29650.0,100,Sell,223655887
2024-07-17 13:02:35,29650.0,200,Sell,223655903
2024-07-17 13:02:36,29650.0,15500,Sell,223655949
2024-07-17 13:02:37,29650.0,13000,Sell,223655997
2024-07-17 13:02:37,29650.0,200,Sell,223655996
2024-07-17 13:02:37,29650.0,7000,Sell,223655995
2024-07-17 13:02:39,29650.0,100,Sell,223656166
2024-07-17 13:02:41,29650.0,1300,Sell,223656224
2024-07-17 13:02:44,29750.0,3200,Buy,223656309
2024-07-17 13:02:44,29650.0,100,Sell,223656298
2024-07-17 13:02:45,29650.0,500,Sell,223656352
2024-07-17 13:02:45,29650.0,1000,Sell,223656353
2024-07-17 13:02:45,29650.0,5500,Sell,223656354
2024-07-17 13:02:46,29650.0,4500,Sell,223656366
2024-07-17 13:02:46,29650.0,200,Sell,223656367
2024-07-17 13:02:46,29650.0,300,Sell,223656368
2024-07-17 13:02:48,29650.0,300,Sell,223656449
2024-07-17 13:02:48,29650.0,600,Sell,223656448
2024-07-17 13:02:48,29650.0,100,Sell,223656428
2024-07-17 13:02:49,29750.0,3600,Buy,223656529
2024-07-17 13:02:50,29650.0,200,Sell,223656541
2024-07-17 13:02:50,29650.0,200,Sell,223656557
2024-07-17 13:02:50,29650.0,400,Sell,223656558
2024-07-17 13:02:50,29650.0,400,Sell,223656559
2024-07-17 13:02:51,29650.0,9300,Sell,223656619
2024-07-17 13:02:51,29650.0,1000,Sell,223656618
2024-07-17 13:02:51,29650.0,100,Sell,223656617
2024-07-17 13:02:51,29650.0,4600,Sell,223656614
2024-07-17 13:02:52,29800.0,300,Buy,223656624
2024-07-17 13:02:52,29800.0,500,Buy,223656621
2024-07-17 13:02:52,29800.0,1000,Buy,223656622
2024-07-17 13:02:52,29800.0,200,Buy,223656623
2024-07-17 13:02:53,29800.0,4700,Buy,223656767
2024-07-17 13:02:53,29800.0,3000,Buy,223656768
2024-07-17 13:02:53,29800.0,19900,Buy,223656769
2024-07-17 13:02:53,29800.0,100,Buy,223656770
2024-07-17 13:03:00,29800.0,1000,Buy,223657034
2024-07-17 13:03:01,29800.0,500,Buy,223657078
2024-07-17 13:03:02,29800.0,700,Buy,223657099
2024-07-17 13:03:03,29800.0,1100,Buy,223657138
2024-07-17 13:03:04,29800.0,1900,Sell,223657167
2024-07-17 13:03:04,29800.0,100,Sell,223657168
2024-07-17 13:03:05,29800.0,200,Sell,223657209
2024-07-17 13:03:06,29850.0,1000,Buy,223657256
2024-07-17 13:03:07,29800.0,300,Sell,223657292
2024-07-17 13:03:07,29850.0,4400,Buy,223657290
2024-07-17 13:03:07,29800.0,1700,Sell,223657291
2024-07-17 13:03:11,29900.0,100,Buy,223657387
2024-07-17 13:03:18,29900.0,700,Buy,223657525
2024-07-17 13:03:19,29850.0,100,Sell,223657616
2024-07-17 13:03:19,29900.0,500,Buy,223657607
2024-07-17 13:03:19,29900.0,300,Buy,223657596
2024-07-17 13:03:19,29900.0,100,Buy,223657597
2024-07-17 13:03:19,29900.0,100,Buy,223657598
2024-07-17 13:03:20,29900.0,200,Buy,223657647
2024-07-17 13:03:20,29850.0,100,Buy,223657641
2024-07-17 13:03:20,29900.0,100,Buy,223657624
2024-07-17 13:03:20,29900.0,1000,Buy,223657642
2024-07-17 13:03:20,29900.0,200,Buy,223657622
2024-07-17 13:03:20,29850.0,300,Buy,223657621
2024-07-17 13:03:20,29850.0,400,Buy,223657620
2024-07-17 13:03:20,29900.0,100,Buy,223657623
2024-07-17 13:03:20,29900.0,1300,Buy,223657625
2024-07-17 13:03:21,29900.0,500,Buy,223657655
2024-07-17 13:03:21,29850.0,100,Buy,223657659
2024-07-17 13:03:21,29900.0,100,Buy,223657660
2024-07-17 13:03:23,29900.0,200,Buy,223657747
2024-07-17 13:03:23,29900.0,900,Buy,223657749
2024-07-17 13:03:23,29900.0,200,Buy,223657748
2024-07-17 13:03:23,29800.0,100,Sell,223657710
2024-07-17 13:03:23,29800.0,100,Sell,223657709
2024-07-17 13:03:23,29800.0,100,Sell,223657708
2024-07-17 13:03:23,29800.0,200,Sell,223657707
2024-07-17 13:03:23,29900.0,300,Buy,223657746
2024-07-17 13:03:24,29900.0,500,Buy,223657752
2024-07-17 13:03:24,29800.0,3000,Sell,223657773
2024-07-17 13:03:26,29900.0,200,Buy,223657851
2024-07-17 13:03:27,29900.0,10000,Buy,223657867
2024-07-17 13:03:29,29850.0,300,Sell,223657928
2024-07-17 13:03:31,29900.0,500,Buy,223657958
2024-07-17 13:03:32,29850.0,1000,Sell,223658009
2024-07-17 13:03:34,29850.0,200,Sell,223658070
2024-07-17 13:03:34,29850.0,300,Sell,223658071
2024-07-17 13:03:34,29900.0,100,Buy,223658067
2024-07-17 13:03:37,29900.0,100,Buy,223658188
2024-07-17 13:03:39,29850.0,200,Sell,223658243
2024-07-17 13:03:40,29900.0,100,Buy,223658278
2024-07-17 13:03:42,29850.0,100,Sell,223658315
2024-07-17 13:03:42,29850.0,200,Sell,223658327
2024-07-17 13:03:43,29850.0,100,Sell,223658379
2024-07-17 13:03:44,29850.0,100,Sell,223658467
2024-07-17 13:03:44,29850.0,600,Sell,223658466
2024-07-17 13:03:45,29850.0,100,Sell,223658475
2024-07-17 13:03:45,29900.0,800,Sell,223658521
2024-07-17 13:03:45,29900.0,200,Sell,223658520
2024-07-17 13:03:45,29950.0,400,Buy,223658517
2024-07-17 13:03:45,29950.0,100,Buy,223658516
2024-07-17 13:03:45,29900.0,6000,Buy,223658515
2024-07-17 13:03:45,29900.0,2000,Buy,223658513
2024-07-17 13:03:45,29900.0,3500,Buy,223658512
2024-07-17 13:03:45,29900.0,100,Buy,223658514
2024-07-17 13:03:45,29850.0,9000,Buy,223658510
2024-07-17 13:03:45,29850.0,800,Sell,223658482
2024-07-17 13:03:45,29850.0,1000,Sell,223658481
2024-07-17 13:03:45,29850.0,1500,Sell,223658480
2024-07-17 13:03:45,29850.0,5000,Sell,223658479
2024-07-17 13:03:45,29850.0,100,Sell,223658478
2024-07-17 13:03:45,29850.0,2000,Sell,223658477
2024-07-17 13:03:45,29850.0,500,Sell,223658476
2024-07-17 13:03:45,29900.0,8900,Buy,223658511
2024-07-17 13:03:46,29850.0,200,Buy,223658525
2024-07-17 13:03:47,29900.0,500,Sell,223658539
2024-07-17 13:03:48,29900.0,1000,Buy,223658563
2024-07-17 13:03:48,29850.0,300,Sell,223658584
2024-07-17 13:03:53,29800.0,4300,Sell,223658724
2024-07-17 13:03:53,29850.0,700,Sell,223658723
2024-07-17 13:03:53,29850.0,500,Buy,223658701
2024-07-17 13:03:53,29850.0,100,Buy,223658721
2024-07-17 13:03:53,29850.0,100,Buy,223658702
2024-07-17 13:03:53,29850.0,1700,Buy,223658722
2024-07-17 13:03:55,29900.0,100,Buy,223658803
2024-07-17 13:03:56,29800.0,300,Sell,223658839
2024-07-17 13:03:57,29850.0,100,Buy,223658872
2024-07-17 13:04:00,29850.0,500,Buy,223658970
2024-07-17 13:04:01,29850.0,200,Buy,223658979
2024-07-17 13:04:03,29850.0,2000,Buy,223659058
2024-07-17 13:04:04,29850.0,100,Buy,223659076
2024-07-17 13:04:05,29800.0,200,Sell,223659136
2024-07-17 13:04:05,29850.0,1300,Sell,223659135
2024-07-17 13:04:05,29850.0,100,Buy,223659126
2024-07-17 13:04:05,29850.0,100,Buy,223659127
2024-07-17 13:04:05,29850.0,200,Buy,223659128
2024-07-17 13:04:08,29850.0,300,Buy,223659209
2024-07-17 13:04:08,29850.0,400,Buy,223659210
2024-07-17 13:04:11,29850.0,300,Sell,223659327
2024-07-17 13:04:11,29850.0,400,Sell,223659328
2024-07-17 13:04:13,29850.0,1000,Buy,223659362
2024-07-17 13:04:13,29850.0,200,Buy,223659352
2024-07-17 13:04:13,29850.0,300,Buy,223659351
2024-07-17 13:04:17,29850.0,100,Buy,223659484
2024-07-17 13:04:18,29850.0,400,Sell,223659527
2024-07-17 13:04:18,29850.0,2500,Buy,223659528
2024-07-17 13:04:19,29800.0,2000,Sell,223659543
2024-07-17 13:04:20,29850.0,1000,Buy,223659584
2024-07-17 13:04:20,29800.0,100,Sell,223659589
2024-07-17 13:04:20,29800.0,200,Sell,223659590
2024-07-17 13:04:20,29800.0,100,Sell,223659591
2024-07-17 13:04:23,29800.0,500,Sell,223659653
2024-07-17 13:04:23,29800.0,500,Sell,223659654
2024-07-17 13:04:25,29800.0,100,Sell,223659712
2024-07-17 13:04:25,29800.0,300,Sell,223659713
2024-07-17 13:04:26,29850.0,2000,Buy,223659732
2024-07-17 13:04:28,29800.0,100,Sell,223659791
2024-07-17 13:04:28,29800.0,4100,Sell,223659784
2024-07-17 13:04:31,29800.0,500,Sell,223659842
2024-07-17 13:04:32,29800.0,200,Sell,223659869
2024-07-17 13:04:32,29800.0,100,Sell,223659894
2024-07-17 13:04:32,29800.0,100,Sell,223659893
2024-07-17 13:04:32,29800.0,600,Sell,223659892
2024-07-17 13:04:32,29800.0,500,Sell,223659891
2024-07-17 13:04:32,29800.0,100,Sell,223659890
2024-07-17 13:04:32,29800.0,600,Sell,223659889
2024-07-17 13:04:32,29800.0,200,Sell,223659888
2024-07-17 13:04:32,29800.0,100,Sell,223659868
2024-07-17 13:04:32,29800.0,100,Sell,223659863
2024-07-17 13:04:32,29800.0,2200,Sell,223659866
2024-07-17 13:04:32,29800.0,4400,Sell,223659857
2024-07-17 13:04:32,29800.0,500,Sell,223659867
2024-07-17 13:04:32,29800.0,300,Sell,223659859
2024-07-17 13:04:32,29800.0,1000,Sell,223659860
2024-07-17 13:04:32,29800.0,100,Sell,223659858
2024-07-17 13:04:32,29800.0,600,Sell,223659862
2024-07-17 13:04:32,29800.0,100,Sell,223659864
2024-07-17 13:04:32,29800.0,300,Sell,223659865
2024-07-17 13:04:32,29800.0,100,Sell,223659861
2024-07-17 13:04:34,29800.0,900,Sell,223659941
2024-07-17 13:04:34,29800.0,300,Sell,223659942
2024-07-17 13:04:34,29800.0,100,Sell,223659943
2024-07-17 13:04:35,29800.0,8600,Sell,223659952
2024-07-17 13:04:35,29850.0,200,Buy,223659974
2024-07-17 13:04:35,29800.0,100,Sell,223659971
2024-07-17 13:04:35,29850.0,100,Buy,223659964
2024-07-17 13:04:35,29800.0,300,Sell,223659951
2024-07-17 13:04:35,29800.0,100,Sell,223659945
2024-07-17 13:04:35,29800.0,100,Sell,223659949
2024-07-17 13:04:35,29800.0,500,Sell,223659946
2024-07-17 13:04:35,29800.0,1000,Sell,223659950
2024-07-17 13:04:35,29800.0,100,Sell,223659948
2024-07-17 13:04:35,29800.0,100,Sell,223659947
2024-07-17 13:04:37,29850.0,300,Buy,223660080
2024-07-17 13:04:37,29800.0,400,Sell,223660074
2024-07-17 13:04:38,29850.0,1000,Buy,223660087
2024-07-17 13:04:41,29850.0,12000,Buy,223660189
2024-07-17 13:04:42,29800.0,900,Sell,223660194
2024-07-17 13:04:42,29800.0,1000,Sell,223660195
2024-07-17 13:04:42,29800.0,100,Sell,223660196
2024-07-17 13:04:42,29800.0,200,Sell,223660198
2024-07-17 13:04:42,29800.0,100,Sell,223660199
2024-07-17 13:04:42,29800.0,400,Sell,223660200
2024-07-17 13:04:42,29800.0,200,Sell,223660201
2024-07-17 13:04:42,29800.0,1000,Sell,223660197
2024-07-17 13:04:45,29800.0,1100,Sell,223660318
2024-07-17 13:04:46,29800.0,2000,Sell,223660334
2024-07-17 13:04:47,29800.0,300,Sell,223660439
2024-07-17 13:04:48,29800.0,100,Sell,223660444
2024-07-17 13:04:48,29800.0,500,Sell,223660442
2024-07-17 13:04:48,29800.0,200,Sell,223660443
2024-07-17 13:04:49,29800.0,700,Buy,223660469
2024-07-17 13:04:49,29800.0,2000,Buy,223660470
2024-07-17 13:04:49,29800.0,200,Buy,223660471
2024-07-17 13:04:49,29850.0,200,Buy,223660506
2024-07-17 13:04:49,29800.0,200,Buy,223660468
2024-07-17 13:04:51,29800.0,500,Sell,223660561
2024-07-17 13:04:52,29800.0,100,Sell,223660622
2024-07-17 13:04:52,29800.0,1600,Sell,223660593
2024-07-17 13:04:52,29800.0,400,Sell,223660594
2024-07-17 13:04:53,29750.0,4400,Sell,223660641
2024-07-17 13:04:53,29800.0,100,Sell,223660630
2024-07-17 13:04:57,29800.0,400,Buy,223660829
2024-07-17 13:04:57,29800.0,100,Buy,223660830
2024-07-17 13:05:00,29800.0,200,Sell,223661006
2024-07-17 13:05:00,29800.0,200,Sell,223661007
2024-07-17 13:05:00,29800.0,800,Sell,223661035
2024-07-17 13:05:03,29750.0,700,Sell,223661208
2024-07-17 13:05:03,29800.0,300,Buy,223661207
2024-07-17 13:05:04,29800.0,100,Buy,223661238
2024-07-17 13:05:05,29750.0,100,Sell,223661254
2024-07-17 13:05:06,29750.0,4800,Sell,223661313
2024-07-17 13:05:06,29750.0,300,Sell,223661337
2024-07-17 13:05:06,29750.0,100,Sell,223661338
2024-07-17 13:05:09,29800.0,1200,Buy,223661418
2024-07-17 13:05:12,29750.0,200,Sell,223661495
2024-07-17 13:05:12,29750.0,300,Sell,223661494
2024-07-17 13:05:12,29750.0,100,Sell,223661493
2024-07-17 13:05:12,29750.0,200,Sell,223661491
2024-07-17 13:05:12,29750.0,1300,Sell,223661490
2024-07-17 13:05:12,29750.0,100,Sell,223661489
2024-07-17 13:05:12,29750.0,100,Sell,223661492
2024-07-17 13:05:20,29750.0,700,Buy,223661714
2024-07-17 13:05:20,29750.0,300,Buy,223661715
2024-07-17 13:05:22,29700.0,10000,Sell,223661778
2024-07-17 13:05:22,29700.0,1000,Sell,223661780
2024-07-17 13:05:22,29700.0,300,Sell,223661777
2024-07-17 13:05:22,29700.0,200,Sell,223661779
2024-07-17 13:05:22,29700.0,1000,Sell,223661775
2024-07-17 13:05:22,29700.0,100,Sell,223661774
2024-07-17 13:05:22,29700.0,500,Sell,223661773
2024-07-17 13:05:22,29700.0,200,Sell,223661776
2024-07-17 13:05:26,29700.0,1000,Buy,223661897
2024-07-17 13:05:29,29650.0,100,Sell,223661981
2024-07-17 13:05:29,29650.0,900,Sell,223661982
2024-07-17 13:05:30,29650.0,900,Sell,223662022
2024-07-17 13:05:36,29650.0,100,Sell,223662167
2024-07-17 13:05:36,29700.0,300,Buy,223662192
2024-07-17 13:05:37,29650.0,100,Sell,223662200
2024-07-17 13:05:37,29650.0,100,Sell,223662199
2024-07-17 13:05:37,29650.0,100,Sell,223662197
2024-07-17 13:05:37,29650.0,100,Sell,223662196
2024-07-17 13:05:37,29650.0,200,Sell,223662198
2024-07-17 13:05:39,29650.0,200,Sell,223662285
2024-07-17 13:05:39,29650.0,500,Sell,223662302
2024-07-17 13:05:40,29700.0,100,Buy,223662339
2024-07-17 13:05:40,29650.0,1200,Sell,223662340
2024-07-17 13:05:41,29650.0,1500,Sell,223662400
2024-07-17 13:05:41,29650.0,800,Sell,223662364
2024-07-17 13:05:41,29650.0,900,Sell,223662363
2024-07-17 13:05:41,29650.0,100,Sell,223662362
2024-07-17 13:05:41,29650.0,100,Sell,223662361
2024-07-17 13:05:41,29650.0,100,Sell,223662360
2024-07-17 13:05:42,29650.0,700,Sell,223662412
2024-07-17 13:05:42,29650.0,100,Sell,223662413
2024-07-17 13:05:42,29650.0,200,Sell,223662414
2024-07-17 13:05:43,29650.0,1800,Sell,223662428
2024-07-17 13:05:43,29650.0,100,Sell,223662429
2024-07-17 13:05:43,29650.0,300,Sell,223662430
2024-07-17 13:05:43,29650.0,100,Sell,223662431
2024-07-17 13:05:47,29650.0,1000,Buy,223662627
2024-07-17 13:05:48,29600.0,100,Sell,223662685
2024-07-17 13:05:48,29600.0,800,Sell,223662673
2024-07-17 13:05:48,29600.0,100,Sell,223662672
2024-07-17 13:05:48,29600.0,1100,Sell,223662671
2024-07-17 13:05:50,29600.0,300,Sell,223662725
2024-07-17 13:05:50,29600.0,100,Sell,223662726
2024-07-17 13:05:50,29600.0,100,Sell,223662727
2024-07-17 13:05:51,29650.0,500,Buy,223662760
2024-07-17 13:05:52,29600.0,1600,Sell,223662784
2024-07-17 13:05:52,29600.0,1000,Sell,223662783
2024-07-17 13:05:52,29600.0,200,Sell,223662782
2024-07-17 13:05:52,29600.0,100,Sell,223662781
2024-07-17 13:05:52,29600.0,100,Sell,223662780
2024-07-17 13:05:52,29600.0,1000,Sell,223662779
2024-07-17 13:05:52,29600.0,100,Sell,223662778
2024-07-17 13:05:52,29600.0,20000,Sell,223662774
2024-07-17 13:05:52,29600.0,100,Sell,223662776
2024-07-17 13:05:52,29600.0,500,Sell,223662775
2024-07-17 13:05:52,29600.0,200,Sell,223662773
2024-07-17 13:05:52,29600.0,200,Sell,223662772
2024-07-17 13:05:52,29600.0,1000,Sell,223662771
2024-07-17 13:05:52,29600.0,3400,Sell,223662770
2024-07-17 13:05:52,29600.0,500,Sell,223662777
2024-07-17 13:05:55,29600.0,100,Sell,223662937
2024-07-17 13:05:55,29600.0,100,Sell,223662936
2024-07-17 13:05:55,29600.0,400,Sell,223662928
2024-07-17 13:05:55,29600.0,1300,Sell,223662935
2024-07-17 13:06:00,29550.0,500,Sell,223663092
2024-07-17 13:06:00,29550.0,100,Sell,223663093
2024-07-17 13:06:00,29550.0,200,Sell,223663094
2024-07-17 13:06:00,29550.0,1000,Sell,223663095
2024-07-17 13:06:00,29550.0,1000,Sell,223663096
2024-07-17 13:06:00,29550.0,700,Sell,223663097
2024-07-17 13:06:05,29550.0,100,Sell,223663250
2024-07-17 13:06:05,29550.0,400,Sell,223663248
2024-07-17 13:06:05,29550.0,200,Sell,223663249
2024-07-17 13:06:05,29550.0,300,Sell,223663247
2024-07-17 13:06:07,29550.0,600,Sell,223663321
2024-07-17 13:06:07,29550.0,10000,Sell,223663320
2024-07-17 13:06:07,29550.0,500,Sell,223663319
2024-07-17 13:06:07,29550.0,200,Sell,223663315
2024-07-17 13:06:07,29550.0,100,Sell,223663314
2024-07-17 13:06:07,29550.0,100,Sell,223663312
2024-07-17 13:06:07,29550.0,3000,Sell,223663313
2024-07-17 13:06:07,29550.0,1000,Sell,223663310
2024-07-17 13:06:07,29550.0,100,Sell,223663309
2024-07-17 13:06:07,29550.0,1000,Sell,223663308
2024-07-17 13:06:07,29550.0,100,Sell,223663307
2024-07-17 13:06:07,29550.0,500,Sell,223663306
2024-07-17 13:06:07,29550.0,1500,Sell,223663305
2024-07-17 13:06:07,29550.0,400,Sell,223663304
2024-07-17 13:06:07,29550.0,200,Sell,223663311
2024-07-17 13:06:08,29550.0,400,Buy,223663353
2024-07-17 13:06:09,29550.0,100,Buy,223663374
2024-07-17 13:06:09,29500.0,100,Sell,223663381
2024-07-17 13:06:09,29500.0,100,Sell,223663382
2024-07-17 13:06:11,29550.0,8800,Buy,223663461
2024-07-17 13:06:11,29550.0,1000,Buy,223663460
2024-07-17 13:06:11,29550.0,200,Buy,223663459
2024-07-17 13:06:14,29550.0,300,Buy,223663623
2024-07-17 13:06:14,29550.0,1000,Buy,223663631
2024-07-17 13:06:17,29500.0,1000,Sell,223663759
2024-07-17 13:06:17,29500.0,9000,Sell,223663767
2024-07-17 13:06:17,29500.0,200,Sell,223663768
2024-07-17 13:06:17,29500.0,100,Sell,223663769
2024-07-17 13:06:17,29500.0,2700,Sell,223663770
2024-07-17 13:06:18,29550.0,100,Buy,223663788
2024-07-17 13:06:19,29500.0,200,Sell,223663813
2024-07-17 13:06:19,29500.0,100,Sell,223663812
2024-07-17 13:06:19,29500.0,200,Sell,223663811
2024-07-17 13:06:19,29500.0,2300,Sell,223663807
2024-07-17 13:06:19,29500.0,200,Sell,223663809
2024-07-17 13:06:19,29500.0,100,Sell,223663808
2024-07-17 13:06:19,29500.0,200,Sell,223663810
2024-07-17 13:06:20,29500.0,100,Sell,223663871
2024-07-17 13:06:20,29500.0,500,Sell,223663870
2024-07-17 13:06:20,29500.0,300,Sell,223663873
2024-07-17 13:06:20,29500.0,500,Sell,223663872
2024-07-17 13:06:20,29500.0,100,Sell,223663869
2024-07-17 13:06:20,29500.0,100,Sell,223663865
2024-07-17 13:06:20,29500.0,1000,Sell,223663867
2024-07-17 13:06:20,29500.0,200,Sell,223663863
2024-07-17 13:06:20,29500.0,1000,Sell,223663864
2024-07-17 13:06:20,29500.0,100,Sell,223663868
2024-07-17 13:06:20,29500.0,2800,Sell,223663866
2024-07-17 13:06:20,29500.0,3300,Sell,223663862
2024-07-17 13:06:21,29500.0,100,Sell,223663934
2024-07-17 13:06:21,29500.0,700,Sell,223663935
2024-07-17 13:06:21,29500.0,200,Sell,223663936
2024-07-17 13:06:21,29500.0,100,Sell,223663944
2024-07-17 13:06:21,29500.0,100,Sell,223663925
2024-07-17 13:06:23,29550.0,9800,Buy,223664002
2024-07-17 13:06:24,29500.0,100,Sell,223664026
2024-07-17 13:06:24,29600.0,700,Buy,223664017
2024-07-17 13:06:24,29500.0,200,Sell,223664024
2024-07-17 13:06:24,29500.0,1000,Sell,223664023
2024-07-17 13:06:24,29500.0,200,Sell,223664022
2024-07-17 13:06:24,29500.0,100,Sell,223664021
2024-07-17 13:06:24,29500.0,200,Sell,223664020
2024-07-17 13:06:24,29600.0,4600,Buy,223664019
2024-07-17 13:06:24,29600.0,600,Buy,223664018
2024-07-17 13:06:24,29500.0,1000,Sell,223664025
2024-07-17 13:06:24,29600.0,100,Buy,223664016
2024-07-17 13:06:24,29550.0,1000,Buy,223664005
2024-07-17 13:06:24,29600.0,1000,Buy,223664015
2024-07-17 13:06:24,29550.0,500,Buy,223664006
2024-07-17 13:06:24,29550.0,100,Buy,223664007
2024-07-17 13:06:24,29550.0,200,Buy,223664008
2024-07-17 13:06:24,29550.0,500,Buy,223664014
2024-07-17 13:06:24,29550.0,200,Buy,223664010
2024-07-17 13:06:24,29550.0,15000,Buy,223664011
2024-07-17 13:06:24,29550.0,10000,Buy,223664012
2024-07-17 13:06:24,29550.0,700,Buy,223664013
2024-07-17 13:06:24,29550.0,5000,Buy,223664009
2024-07-17 13:06:25,29450.0,500,Sell,223664087
2024-07-17 13:06:25,29450.0,1500,Sell,223664088
2024-07-17 13:06:26,29500.0,100,Buy,223664119
2024-07-17 13:06:28,29500.0,1000,Buy,223664163
2024-07-17 13:06:32,29500.0,300,Buy,223664320
2024-07-17 13:06:33,29450.0,500,Sell,223664327
2024-07-17 13:06:33,29500.0,100,Buy,223664341
2024-07-17 13:06:34,29500.0,400,Buy,223664370
2024-07-17 13:06:35,29450.0,2000,Sell,223664406
2024-07-17 13:06:36,29500.0,800,Buy,223664412
2024-07-17 13:06:36,29500.0,100,Buy,223664442
2024-07-17 13:06:36,29500.0,200,Buy,223664448
2024-07-17 13:06:36,29500.0,100,Buy,223664411
2024-07-17 13:06:37,29450.0,16000,Sell,223664456
2024-07-17 13:06:37,29450.0,500,Sell,223664457
2024-07-17 13:06:37,29450.0,2000,Sell,223664458
2024-07-17 13:06:37,29450.0,100,Sell,223664459
2024-07-17 13:06:37,29450.0,16400,Sell,223664460
2024-07-17 13:06:38,29450.0,5000,Sell,223664480
2024-07-17 13:06:39,29450.0,100,Sell,223664521
2024-07-17 13:06:39,29450.0,100,Sell,223664519
2024-07-17 13:06:39,29450.0,8600,Sell,223664518
2024-07-17 13:06:39,29450.0,100,Sell,223664520
2024-07-17 13:06:42,29450.0,100,Buy,223664621
2024-07-17 13:06:43,29450.0,1400,Buy,223664658
2024-07-17 13:06:44,29450.0,300,Buy,223664672
2024-07-17 13:06:45,29400.0,3100,Sell,223664697
2024-07-17 13:06:45,29450.0,100,Buy,223664698
2024-07-17 13:06:45,29400.0,15000,Sell,223664709
2024-07-17 13:06:49,29450.0,1000,Buy,223664817
2024-07-17 13:06:50,29400.0,2000,Sell,223664862
2024-07-17 13:06:50,29400.0,30000,Sell,223664845
2024-07-17 13:06:50,29450.0,300,Buy,223664846
2024-07-17 13:06:50,29400.0,100,Sell,223664859
2024-07-17 13:06:52,29400.0,400,Sell,223664909
2024-07-17 13:06:53,29400.0,100,Sell,223664944
2024-07-17 13:06:54,29400.0,200,Sell,223665000
2024-07-17 13:06:54,29400.0,500,Sell,223665001
2024-07-17 13:06:54,29400.0,2000,Sell,223665002
2024-07-17 13:06:54,29400.0,100,Sell,223665003
2024-07-17 13:06:54,29400.0,100,Sell,223665004
2024-07-17 13:06:54,29400.0,300,Sell,223664999
2024-07-17 13:06:54,29400.0,100,Sell,223665006
2024-07-17 13:06:54,29400.0,200,Sell,223665007
2024-07-17 13:06:54,29400.0,10200,Sell,223665008
2024-07-17 13:06:54,29400.0,200,Sell,223665009
2024-07-17 13:06:54,29400.0,200,Sell,223665010
2024-07-17 13:06:54,29400.0,1900,Buy,223665011
2024-07-17 13:06:54,29400.0,200,Sell,223665005
2024-07-17 13:06:54,29400.0,500,Sell,223664998
2024-07-17 13:06:54,29400.0,100,Sell,223664990
2024-07-17 13:06:54,29400.0,200,Sell,223664996
2024-07-17 13:06:54,29400.0,500,Sell,223664997
2024-07-17 13:06:54,29400.0,11400,Sell,223664964
2024-07-17 13:06:54,29400.0,16000,Sell,223664984
2024-07-17 13:06:54,29400.0,200,Sell,223664985
2024-07-17 13:06:54,29400.0,300,Sell,223664986
2024-07-17 13:06:54,29400.0,200,Sell,223664987
2024-07-17 13:06:54,29400.0,300,Sell,223664989
2024-07-17 13:06:54,29400.0,2000,Sell,223664995
2024-07-17 13:06:54,29400.0,500,Sell,223664994
2024-07-17 13:06:54,29400.0,1000,Sell,223664993
2024-07-17 13:06:54,29400.0,500,Sell,223664988
2024-07-17 13:06:54,29400.0,1000,Sell,223664991
2024-07-17 13:06:54,29400.0,500,Sell,223664992
2024-07-17 13:06:55,29400.0,500,Buy,223665024
2024-07-17 13:06:55,29400.0,100,Buy,223665015
2024-07-17 13:06:57,29400.0,100,Buy,223665097
2024-07-17 13:07:00,29400.0,200,Buy,223665223
2024-07-17 13:07:00,29400.0,100,Buy,223665225
2024-07-17 13:07:00,29350.0,500,Sell,223665226
2024-07-17 13:07:00,29350.0,500,Sell,223665227
2024-07-17 13:07:00,29350.0,500,Sell,223665228
2024-07-17 13:07:00,29350.0,500,Sell,223665229
2024-07-17 13:07:01,29300.0,2300,Sell,223665270
2024-07-17 13:07:01,29300.0,100,Sell,223665264
2024-07-17 13:07:01,29300.0,600,Sell,223665265
2024-07-17 13:07:01,29300.0,1000,Sell,223665266
2024-07-17 13:07:01,29300.0,200,Sell,223665267
2024-07-17 13:07:01,29300.0,400,Sell,223665268
2024-07-17 13:07:01,29300.0,100,Sell,223665269
2024-07-17 13:07:01,29300.0,300,Sell,223665263
2024-07-17 13:07:02,29350.0,300,Buy,223665286
2024-07-17 13:07:03,29350.0,400,Buy,223665310
2024-07-17 13:07:05,29350.0,200,Buy,223665364
2024-07-17 13:07:06,29300.0,1100,Sell,223665421
2024-07-17 13:07:08,29350.0,1000,Buy,223665475
2024-07-17 13:07:10,29300.0,1600,Sell,223665507
2024-07-17 13:07:10,29300.0,100,Sell,223665508
2024-07-17 13:07:10,29300.0,1000,Sell,223665509
2024-07-17 13:07:10,29300.0,100,Sell,223665510
2024-07-17 13:07:10,29300.0,100,Sell,223665511
2024-07-17 13:07:10,29250.0,100,Sell,223665513
2024-07-17 13:07:10,29250.0,2000,Sell,223665514
2024-07-17 13:07:10,29250.0,600,Sell,223665515
2024-07-17 13:07:10,29200.0,10000,Sell,223665523
2024-07-17 13:07:10,29200.0,100,Sell,223665524
2024-07-17 13:07:10,29300.0,2000,Sell,223665512
2024-07-17 13:07:11,29200.0,500,Sell,223665542
2024-07-17 13:07:13,29200.0,5000,Sell,223665666
2024-07-17 13:07:13,29250.0,5000,Sell,223665665
2024-07-17 13:07:13,29300.0,200,Buy,223665652
2024-07-17 13:07:13,29300.0,300,Buy,223665651
2024-07-17 13:07:13,29300.0,500,Buy,223665653
2024-07-17 13:07:14,29300.0,5000,Buy,223665684
2024-07-17 13:07:14,29300.0,8000,Buy,223665704
2024-07-17 13:07:15,29250.0,100,Sell,223665753
2024-07-17 13:07:16,29250.0,200,Sell,223665771
2024-07-17 13:07:16,29300.0,300,Buy,223665772
2024-07-17 13:07:17,29250.0,4000,Sell,223665817
2024-07-17 13:07:17,29250.0,500,Sell,223665836
2024-07-17 13:07:17,29250.0,500,Sell,223665808
2024-07-17 13:07:17,29300.0,1000,Buy,223665811
2024-07-17 13:07:18,29250.0,100,Sell,223665847
2024-07-17 13:07:18,29250.0,3300,Sell,223665848
2024-07-17 13:07:18,29250.0,12800,Sell,223665849
2024-07-17 13:07:18,29200.0,8000,Sell,223665850
2024-07-17 13:07:19,29250.0,400,Buy,223665916
2024-07-17 13:07:20,29200.0,6000,Sell,223665935
2024-07-17 13:07:20,29200.0,2800,Sell,223665936
2024-07-17 13:07:21,29250.0,2700,Buy,223665948
2024-07-17 13:07:22,29250.0,100,Buy,223665988
2024-07-17 13:07:22,29200.0,100,Sell,223665968
2024-07-17 13:07:22,29250.0,8000,Buy,223665987
2024-07-17 13:07:23,29250.0,1000,Buy,223666004
2024-07-17 13:07:23,29250.0,600,Buy,223666017
2024-07-17 13:07:23,29250.0,14000,Buy,223666016
2024-07-17 13:07:23,29200.0,9900,Sell,223666015
2024-07-17 13:07:23,29250.0,1100,Buy,223666018
2024-07-17 13:07:23,29200.0,3500,Sell,223666013
2024-07-17 13:07:23,29200.0,16500,Sell,223666012
2024-07-17 13:07:23,29200.0,1000,Sell,223666005
2024-07-17 13:07:23,29200.0,100,Sell,223666014
2024-07-17 13:07:24,29200.0,500,Sell,223666021
2024-07-17 13:07:25,29200.0,10000,Sell,223666050
2024-07-17 13:07:25,29250.0,900,Buy,223666052
2024-07-17 13:07:25,29200.0,500,Sell,223666065
2024-07-17 13:07:26,29250.0,100,Buy,223666074
2024-07-17 13:07:26,29250.0,1000,Buy,223666075
2024-07-17 13:07:26,29200.0,5200,Sell,223666090
2024-07-17 13:07:27,29250.0,600,Buy,223666143
2024-07-17 13:07:27,29250.0,4500,Buy,223666142
2024-07-17 13:07:27,29250.0,200,Buy,223666141
2024-07-17 13:07:27,29200.0,300,Sell,223666134
2024-07-17 13:07:28,29200.0,2000,Sell,223666160
2024-07-17 13:07:28,29250.0,200,Buy,223666161
2024-07-17 13:07:29,29200.0,1600,Sell,223666196
2024-07-17 13:07:29,29250.0,200,Sell,223666194
2024-07-17 13:07:29,29250.0,200,Sell,223666195
2024-07-17 13:07:30,29250.0,100,Sell,223666226
2024-07-17 13:07:30,29250.0,3700,Sell,223666227
2024-07-17 13:07:31,29250.0,200,Sell,223666235
2024-07-17 13:07:31,29250.0,100,Buy,223666248
2024-07-17 13:07:31,29250.0,500,Buy,223666249
2024-07-17 13:07:31,29300.0,2000,Buy,223666263
2024-07-17 13:07:31,29300.0,3000,Buy,223666264
2024-07-17 13:07:32,29200.0,2500,Sell,223666291
2024-07-17 13:07:32,29300.0,500,Buy,223666288
2024-07-17 13:07:32,29300.0,2000,Buy,223666287
2024-07-17 13:07:32,29300.0,1000,Buy,223666286
2024-07-17 13:07:32,29250.0,4000,Sell,223666290
2024-07-17 13:07:32,29300.0,500,Buy,223666284
2024-07-17 13:07:32,29300.0,600,Buy,223666285
2024-07-17 13:07:32,29250.0,600,Sell,223666280
2024-07-17 13:07:32,29200.0,4100,Sell,223666281
2024-07-17 13:07:32,29300.0,100,Buy,223666289
2024-07-17 13:07:32,29300.0,600,Buy,223666282
2024-07-17 13:07:32,29300.0,1000,Buy,223666283
2024-07-17 13:07:33,29200.0,2000,Sell,223666306
2024-07-17 13:07:34,29300.0,2500,Buy,223666327
2024-07-17 13:07:34,29250.0,1000,Sell,223666333
2024-07-17 13:07:35,29250.0,1000,Sell,223666358
2024-07-17 13:07:35,29250.0,3000,Sell,223666344
2024-07-17 13:07:35,29200.0,2000,Sell,223666345
2024-07-17 13:07:36,29350.0,10900,Buy,223666374
2024-07-17 13:07:36,29250.0,3000,Sell,223666392
2024-07-17 13:07:37,29250.0,100,Sell,223666424
2024-07-17 13:07:37,29250.0,8900,Sell,223666425
2024-07-17 13:07:37,29200.0,1000,Sell,223666426
2024-07-17 13:07:38,29350.0,1000,Buy,223666470
2024-07-17 13:07:38,29250.0,500,Sell,223666492
2024-07-17 13:07:38,29350.0,3700,Buy,223666473
2024-07-17 13:07:38,29350.0,5200,Buy,223666472
2024-07-17 13:07:38,29350.0,100,Buy,223666471
2024-07-17 13:07:38,29350.0,100,Buy,223666469
2024-07-17 13:07:38,29350.0,1000,Buy,223666467
2024-07-17 13:07:38,29350.0,15200,Buy,223666463
2024-07-17 13:07:38,29350.0,10000,Buy,223666464
2024-07-17 13:07:38,29350.0,1000,Buy,223666468
2024-07-17 13:07:38,29350.0,8600,Buy,223666466
2024-07-17 13:07:38,29350.0,100,Buy,223666465
2024-07-17 13:07:39,29250.0,100,Sell,223666498
2024-07-17 13:07:39,29250.0,25700,Sell,223666503
2024-07-17 13:07:39,29200.0,74300,Sell,223666504
2024-07-17 13:07:40,29300.0,1100,Sell,223666533
2024-07-17 13:07:41,29250.0,200,Sell,223666569
2024-07-17 13:07:41,29250.0,100,Sell,223666570
2024-07-17 13:07:41,29300.0,100,Buy,223666573
2024-07-17 13:07:41,29300.0,300,Buy,223666580
2024-07-17 13:07:41,29350.0,200,Sell,223666583
2024-07-17 13:07:42,29350.0,500,Sell,223666591
2024-07-17 13:07:42,29250.0,3000,Sell,223666602
2024-07-17 13:07:42,29250.0,4900,Sell,223666604
2024-07-17 13:07:42,29250.0,10500,Buy,223666605
2024-07-17 13:07:43,29250.0,1300,Buy,223666626
2024-07-17 13:07:43,29200.0,2000,Sell,223666623
2024-07-17 13:07:43,29250.0,500,Buy,223666617
2024-07-17 13:07:44,29250.0,500,Sell,223666634
2024-07-17 13:07:44,29200.0,8500,Sell,223666635
2024-07-17 13:07:45,29200.0,200,Sell,223666663
2024-07-17 13:07:45,29250.0,500,Sell,223666682
2024-07-17 13:07:49,29300.0,500,Buy,223666833
2024-07-17 13:07:49,29300.0,5500,Buy,223666834
2024-07-17 13:07:50,29200.0,5000,Sell,223666865
2024-07-17 13:07:50,29200.0,1700,Sell,223666864
2024-07-17 13:07:50,29250.0,100,Sell,223666861
2024-07-17 13:07:50,29250.0,1000,Sell,223666860
2024-07-17 13:07:50,29250.0,100,Sell,223666862
2024-07-17 13:07:50,29250.0,100,Sell,223666863
2024-07-17 13:07:51,29300.0,15400,Buy,223666902
2024-07-17 13:07:51,29250.0,100,Sell,223666893
2024-07-17 13:07:51,29200.0,2700,Sell,223666894
2024-07-17 13:07:51,29250.0,2500,Buy,223666899
2024-07-17 13:07:51,29300.0,4500,Buy,223666900
2024-07-17 13:07:51,29300.0,3300,Buy,223666901
2024-07-17 13:07:53,29200.0,1400,Sell,223666956
2024-07-17 13:07:53,29250.0,100,Sell,223666954
2024-07-17 13:07:53,29250.0,500,Sell,223666955
2024-07-17 13:07:54,29300.0,300,Buy,223666983
2024-07-17 13:07:54,29250.0,100,Buy,223667006
2024-07-17 13:07:54,29300.0,4000,Buy,223666987
2024-07-17 13:07:54,29300.0,500,Buy,223666982
2024-07-17 13:07:54,29300.0,300,Buy,223666985
2024-07-17 13:07:54,29300.0,400,Buy,223666984
2024-07-17 13:07:54,29300.0,1000,Buy,223666986
2024-07-17 13:07:55,29300.0,100,Buy,223667049
2024-07-17 13:07:55,29250.0,100,Sell,223667053
2024-07-17 13:07:55,29250.0,1000,Sell,223667054
2024-07-17 13:07:56,29200.0,1200,Sell,223667069
2024-07-17 13:07:56,29250.0,2400,Buy,223667070
2024-07-17 13:07:56,29250.0,200,Sell,223667074
2024-07-17 13:07:56,29250.0,2000,Sell,223667081
2024-07-17 13:07:56,29250.0,100,Buy,223667068
2024-07-17 13:07:57,29250.0,2400,Sell,223667100
2024-07-17 13:07:57,29250.0,2800,Sell,223667092
2024-07-17 13:07:57,29250.0,2500,Sell,223667093
2024-07-17 13:07:57,29250.0,300,Sell,223667094
2024-07-17 13:07:57,29200.0,1400,Sell,223667095
2024-07-17 13:07:58,29250.0,34700,Buy,223667143
2024-07-17 13:07:58,29250.0,3000,Buy,223667134
2024-07-17 13:07:59,29250.0,100,Sell,223667174
2024-07-17 13:08:00,29250.0,400,Buy,223667227
2024-07-17 13:08:00,29250.0,4900,Buy,223667226
2024-07-17 13:08:01,29250.0,1000,Sell,223667283
2024-07-17 13:08:02,29300.0,100,Buy,223667290
2024-07-17 13:08:02,29300.0,400,Buy,223667291
2024-07-17 13:08:02,29300.0,3000,Buy,223667295
2024-07-17 13:08:03,29300.0,3800,Buy,223667382
2024-07-17 13:08:03,29300.0,500,Sell,223667368
2024-07-17 13:08:03,29250.0,200,Sell,223667369
2024-07-17 13:08:04,29300.0,300,Buy,223667421
2024-07-17 13:08:04,29300.0,1200,Buy,223667406
2024-07-17 13:08:05,29300.0,300,Sell,223667446
2024-07-17 13:08:06,29250.0,300,Sell,223667458
2024-07-17 13:08:06,29300.0,700,Buy,223667468
2024-07-17 13:08:06,29300.0,100,Buy,223667469
2024-07-17 13:08:06,29300.0,1200,Buy,223667470
2024-07-17 13:08:06,29300.0,800,Sell,223667484
2024-07-17 13:08:07,29250.0,200,Sell,223667509
2024-07-17 13:08:07,29250.0,200,Sell,223667498
2024-07-17 13:08:07,29300.0,100,Sell,223667494
2024-07-17 13:08:07,29250.0,300,Sell,223667508
2024-07-17 13:08:08,29300.0,8400,Buy,223667515
2024-07-17 13:08:08,29250.0,200,Sell,223667520
2024-07-17 13:08:08,29250.0,200,Sell,223667521
2024-07-17 13:08:08,29250.0,1100,Sell,223667522
2024-07-17 13:08:08,29250.0,500,Sell,223667523
2024-07-17 13:08:08,29300.0,900,Buy,223667514
2024-07-17 13:08:09,29300.0,100,Sell,223667551
2024-07-17 13:08:14,29250.0,200,Sell,223667684
2024-07-17 13:08:14,29250.0,100,Sell,223667683
2024-07-17 13:08:14,29250.0,100,Sell,223667682
2024-07-17 13:08:14,29250.0,500,Sell,223667681
2024-07-17 13:08:14,29250.0,11600,Sell,223667680
2024-07-17 13:08:14,29250.0,1500,Sell,223667677
2024-07-17 13:08:14,29250.0,3800,Sell,223667678
2024-07-17 13:08:14,29200.0,30100,Sell,223667685
2024-07-17 13:08:14,29300.0,800,Buy,223667672
2024-07-17 13:08:14,29300.0,200,Buy,223667671
2024-07-17 13:08:14,29250.0,100,Sell,223667679
2024-07-17 13:08:14,29300.0,2000,Buy,223667673
2024-07-17 13:08:16,29300.0,100,Buy,223667788
2024-07-17 13:08:18,29300.0,500,Buy,223667852
2024-07-17 13:08:20,29300.0,9400,Buy,223667904
2024-07-17 13:08:20,29300.0,600,Buy,223667905
2024-07-17 13:08:20,29250.0,100,Sell,223667908
2024-07-17 13:08:20,29250.0,200,Sell,223667909
2024-07-17 13:08:20,29250.0,1300,Sell,223667910
2024-07-17 13:08:20,29250.0,400,Sell,223667911
2024-07-17 13:08:21,29300.0,100,Buy,223667949
2024-07-17 13:08:21,29300.0,1000,Buy,223667948
2024-07-17 13:08:21,29300.0,400,Buy,223667947
2024-07-17 13:08:21,29300.0,3700,Buy,223667946
2024-07-17 13:08:21,29300.0,100,Buy,223667944
2024-07-17 13:08:21,29300.0,9900,Buy,223667943
2024-07-17 13:08:21,29300.0,100,Buy,223667945
2024-07-17 13:08:22,29300.0,200,Buy,223667986
2024-07-17 13:08:24,29250.0,500,Sell,223668080
2024-07-17 13:08:24,29250.0,1200,Sell,223668075
2024-07-17 13:08:24,29250.0,100,Sell,223668074
2024-07-17 13:08:24,29250.0,5000,Sell,223668073
2024-07-17 13:08:24,29250.0,500,Sell,223668070
2024-07-17 13:08:24,29250.0,1500,Sell,223668071
2024-07-17 13:08:24,29250.0,500,Sell,223668072
2024-07-17 13:08:24,29250.0,600,Sell,223668067
2024-07-17 13:08:24,29250.0,1000,Sell,223668068
2024-07-17 13:08:24,29250.0,100,Sell,223668069
2024-07-17 13:08:25,29250.0,300,Sell,223668110
2024-07-17 13:08:25,29250.0,1000,Sell,223668109
2024-07-17 13:08:25,29250.0,3800,Sell,223668108
2024-07-17 13:08:25,29250.0,1000,Sell,223668107
2024-07-17 13:08:25,29300.0,200,Buy,223668098
2024-07-17 13:08:25,29250.0,100,Sell,223668105
2024-07-17 13:08:25,29250.0,8300,Sell,223668104
2024-07-17 13:08:25,29300.0,3000,Buy,223668099
2024-07-17 13:08:25,29250.0,500,Sell,223668106
2024-07-17 13:08:27,29300.0,200,Sell,223668199
2024-07-17 13:08:27,29300.0,4800,Buy,223668212
2024-07-17 13:08:28,29300.0,400,Buy,223668232
2024-07-17 13:08:28,29300.0,2600,Buy,223668233
2024-07-17 13:08:28,29300.0,300,Buy,223668234
2024-07-17 13:08:28,29300.0,1500,Buy,223668235
2024-07-17 13:08:29,29300.0,100,Sell,223668288
2024-07-17 13:08:30,29300.0,1800,Sell,223668300
2024-07-17 13:08:33,29300.0,500,Sell,223668364
2024-07-17 13:08:34,29300.0,300,Sell,223668387
2024-07-17 13:08:34,29300.0,3400,Buy,223668391
2024-07-17 13:08:34,29300.0,3000,Sell,223668392
2024-07-17 13:08:34,29300.0,100,Sell,223668406
2024-07-17 13:08:34,29300.0,3200,Sell,223668386
2024-07-17 13:08:34,29300.0,200,Sell,223668388
2024-07-17 13:08:35,29350.0,100,Buy,223668410
2024-07-17 13:08:35,29350.0,10100,Buy,223668411
2024-07-17 13:08:35,29300.0,500,Sell,223668418
2024-07-17 13:08:36,29350.0,13300,Buy,223668447
2024-07-17 13:08:36,29300.0,1000,Sell,223668448
2024-07-17 13:08:36,29300.0,200,Sell,223668453
2024-07-17 13:08:37,29350.0,3000,Buy,223668472
2024-07-17 13:08:37,29350.0,1000,Sell,223668519
2024-07-17 13:08:37,29300.0,2000,Sell,223668480
2024-07-17 13:08:37,29350.0,1000,Buy,223668473
2024-07-17 13:08:37,29350.0,3800,Buy,223668471
2024-07-17 13:08:37,29350.0,300,Buy,223668469
2024-07-17 13:08:37,29350.0,6600,Buy,223668465
2024-07-17 13:08:37,29350.0,800,Buy,223668466
2024-07-17 13:08:37,29350.0,4200,Buy,223668470
2024-07-17 13:08:37,29350.0,100,Buy,223668468
2024-07-17 13:08:37,29350.0,2000,Buy,223668467
2024-07-17 13:08:39,29300.0,1000,Sell,223668548
2024-07-17 13:08:40,29300.0,1000,Sell,223668572
2024-07-17 13:08:41,29200.0,300,Sell,223668648
2024-07-17 13:08:41,29200.0,20000,Sell,223668647
2024-07-17 13:08:41,29250.0,200,Sell,223668638
2024-07-17 13:08:41,29250.0,500,Sell,223668645
2024-07-17 13:08:41,29250.0,200,Sell,223668644
2024-07-17 13:08:41,29250.0,100,Sell,223668643
2024-07-17 13:08:41,29250.0,100,Sell,223668642
2024-07-17 13:08:41,29250.0,1000,Sell,223668641
2024-07-17 13:08:41,29250.0,3700,Sell,223668640
2024-07-17 13:08:41,29250.0,1000,Sell,223668639
2024-07-17 13:08:41,29200.0,29900,Sell,223668646
2024-07-17 13:08:41,29250.0,1300,Sell,223668636
2024-07-17 13:08:41,29250.0,1000,Sell,223668635
2024-07-17 13:08:41,29300.0,17800,Sell,223668622
2024-07-17 13:08:41,29300.0,300,Sell,223668626
2024-07-17 13:08:41,29250.0,4400,Sell,223668637
2024-07-17 13:08:41,29300.0,1000,Sell,223668628
2024-07-17 13:08:41,29300.0,2400,Sell,223668629
2024-07-17 13:08:41,29300.0,9100,Sell,223668627
2024-07-17 13:08:41,29250.0,700,Sell,223668631
2024-07-17 13:08:41,29250.0,200,Sell,223668632
2024-07-17 13:08:41,29250.0,500,Sell,223668633
2024-07-17 13:08:41,29250.0,300,Sell,223668634
2024-07-17 13:08:41,29300.0,4000,Sell,223668630
2024-07-17 13:08:44,29400.0,400,Buy,223668757
2024-07-17 13:08:45,29400.0,300,Buy,223668807
2024-07-17 13:08:46,29400.0,8300,Buy,223668834
2024-07-17 13:08:46,29400.0,1300,Buy,223668835
2024-07-17 13:08:46,29400.0,400,Buy,223668836
2024-07-17 13:08:47,29400.0,5000,Buy,223668854
2024-07-17 13:08:47,29400.0,1000,Buy,223668853
2024-07-17 13:08:47,29400.0,3400,Buy,223668857
2024-07-17 13:08:47,29400.0,1000,Buy,223668856
2024-07-17 13:08:47,29400.0,1000,Buy,223668855
2024-07-17 13:08:47,29400.0,200,Buy,223668851
2024-07-17 13:08:47,29400.0,700,Buy,223668850
2024-07-17 13:08:47,29400.0,600,Buy,223668846
2024-07-17 13:08:47,29400.0,300,Buy,223668847
2024-07-17 13:08:47,29400.0,3000,Buy,223668852
2024-07-17 13:08:47,29400.0,100,Buy,223668849
2024-07-17 13:08:47,29400.0,500,Buy,223668848
2024-07-17 13:08:48,29450.0,100,Buy,223668879
2024-07-17 13:08:48,29500.0,8100,Buy,223668886
2024-07-17 13:08:48,29450.0,500,Buy,223668885
2024-07-17 13:08:48,29450.0,100,Buy,223668884
2024-07-17 13:08:48,29450.0,7900,Buy,223668878
2024-07-17 13:08:48,29450.0,1500,Buy,223668882
2024-07-17 13:08:48,29450.0,1600,Buy,223668881
2024-07-17 13:08:48,29450.0,100,Buy,223668880
2024-07-17 13:08:48,29450.0,100,Buy,223668883
2024-07-17 13:08:50,29400.0,500,Buy,223668953
2024-07-17 13:08:50,29300.0,500,Sell,223668947
2024-07-17 13:08:51,29400.0,2900,Buy,223668977
2024-07-17 13:08:52,29350.0,100,Sell,223669008
2024-07-17 13:08:52,29400.0,8700,Buy,223669015
2024-07-17 13:08:54,29300.0,1500,Sell,223669046
2024-07-17 13:08:54,29300.0,500,Sell,223669047
2024-07-17 13:08:55,29300.0,500,Sell,223669089
2024-07-17 13:08:57,29300.0,400,Sell,223669176
2024-07-17 13:08:57,29350.0,100,Sell,223669175
2024-07-17 13:08:58,29400.0,200,Buy,223669308
2024-07-17 13:08:59,29450.0,1000,Buy,223669321
2024-07-17 13:08:59,29500.0,700,Buy,223669322
2024-07-17 13:08:59,29400.0,1000,Sell,223669325
2024-07-17 13:08:59,29450.0,3300,Buy,223669320
2024-07-17 13:09:03,29450.0,900,Buy,223669540
2024-07-17 13:09:03,29400.0,800,Sell,223669541
2024-07-17 13:09:03,29400.0,700,Sell,223669542
2024-07-17 13:09:08,29450.0,300,Buy,223669769
2024-07-17 13:09:08,29450.0,3000,Buy,223669736
2024-07-17 13:09:10,29400.0,800,Sell,223669800
2024-07-17 13:09:10,29400.0,100,Sell,223669801
2024-07-17 13:09:10,29400.0,300,Sell,223669802
2024-07-17 13:09:10,29400.0,1700,Sell,223669803
2024-07-17 13:09:10,29400.0,100,Sell,223669799
2024-07-17 13:09:12,29450.0,15800,Buy,223669835
2024-07-17 13:09:13,29450.0,3700,Sell,223669868
2024-07-17 13:09:16,29400.0,2100,Sell,223669989
2024-07-17 13:09:16,29400.0,500,Sell,223669988
2024-07-17 13:09:16,29400.0,2200,Sell,223669987
2024-07-17 13:09:16,29450.0,4600,Sell,223669985
2024-07-17 13:09:16,29400.0,100,Sell,223669986
2024-07-17 13:09:16,29450.0,500,Sell,223669984
2024-07-17 13:09:17,29450.0,300,Sell,223670021
2024-07-17 13:09:17,29450.0,200,Sell,223670022
2024-07-17 13:09:18,29500.0,200,Buy,223670053
2024-07-17 13:09:19,29500.0,1000,Buy,223670074
2024-07-17 13:09:19,29500.0,9000,Buy,223670075
2024-07-17 13:09:20,29450.0,100,Sell,223670092
2024-07-17 13:09:20,29500.0,300,Buy,223670106
2024-07-17 13:09:21,29500.0,500,Buy,223670138
2024-07-17 13:09:21,29500.0,600,Buy,223670139
2024-07-17 13:09:21,29500.0,100,Buy,223670145
2024-07-17 13:09:21,29500.0,3500,Buy,223670149
2024-07-17 13:09:21,29500.0,100,Buy,223670147
2024-07-17 13:09:21,29500.0,100,Buy,223670148
2024-07-17 13:09:21,29500.0,600,Buy,223670137
2024-07-17 13:09:21,29500.0,2000,Buy,223670146
2024-07-17 13:09:21,29500.0,1000,Buy,223670150
2024-07-17 13:09:21,29500.0,1000,Buy,223670136
2024-07-17 13:09:21,29500.0,1000,Buy,223670134
2024-07-17 13:09:21,29500.0,600,Buy,223670133
2024-07-17 13:09:21,29500.0,1000,Buy,223670132
2024-07-17 13:09:21,29500.0,100,Buy,223670131
2024-07-17 13:09:21,29500.0,200,Buy,223670130
2024-07-17 13:09:21,29500.0,100,Buy,223670129
2024-07-17 13:09:21,29500.0,5700,Buy,223670128
2024-07-17 13:09:21,29400.0,200,Sell,223670116
2024-07-17 13:09:21,29450.0,700,Sell,223670115
2024-07-17 13:09:21,29500.0,100,Buy,223670135
2024-07-17 13:09:23,29500.0,400,Sell,223670225
2024-07-17 13:09:26,29500.0,4600,Sell,223670312
2024-07-17 13:09:26,29450.0,100,Sell,223670313
2024-07-17 13:09:26,29450.0,500,Sell,223670314
2024-07-17 13:09:26,29450.0,200,Sell,223670315
2024-07-17 13:09:26,29500.0,4600,Sell,223670311
2024-07-17 13:09:27,29500.0,200,Buy,223670356
2024-07-17 13:09:27,29550.0,100,Buy,223670400
2024-07-17 13:09:28,29550.0,100,Buy,223670409
2024-07-17 13:09:28,29550.0,400,Buy,223670410
2024-07-17 13:09:30,29500.0,600,Sell,223670455
2024-07-17 13:09:30,29500.0,200,Sell,223670454
2024-07-17 13:09:32,29500.0,200,Sell,223670524
2024-07-17 13:09:32,29500.0,300,Buy,223670557
2024-07-17 13:09:33,29450.0,200,Sell,223670566
2024-07-17 13:09:35,29450.0,3900,Sell,223670619
2024-07-17 13:09:35,29500.0,100,Buy,223670631
2024-07-17 13:09:36,29500.0,500,Buy,223670670
2024-07-17 13:09:37,29500.0,1000,Buy,223670700
2024-07-17 13:09:37,29500.0,500,Buy,223670713
2024-07-17 13:09:37,29500.0,500,Buy,223670714
2024-07-17 13:09:37,29500.0,4000,Buy,223670715
2024-07-17 13:09:38,29500.0,1000,Buy,223670734
2024-07-17 13:09:39,29500.0,1200,Buy,223670757
2024-07-17 13:09:40,29450.0,200,Sell,223670793
2024-07-17 13:09:40,29450.0,5000,Sell,223670785
2024-07-17 13:09:41,29500.0,200,Buy,223670808
2024-07-17 13:09:42,29500.0,100,Buy,223670850
2024-07-17 13:09:45,29500.0,2000,Buy,223671008
2024-07-17 13:09:46,29500.0,100,Buy,223671058
2024-07-17 13:09:47,29500.0,1000,Buy,223671078
2024-07-17 13:09:48,29500.0,400,Buy,223671101
2024-07-17 13:09:48,29500.0,100,Buy,223671124
2024-07-17 13:09:48,29500.0,900,Buy,223671125
2024-07-17 13:09:49,29500.0,900,Buy,223671134
2024-07-17 13:09:49,29500.0,1100,Buy,223671133
2024-07-17 13:09:51,29450.0,500,Sell,223671184
2024-07-17 13:09:51,29450.0,100,Sell,223671185
2024-07-17 13:09:51,29450.0,400,Sell,223671186
2024-07-17 13:09:52,29450.0,400,Sell,223671232
2024-07-17 13:09:52,29450.0,1200,Sell,223671230
2024-07-17 13:09:52,29450.0,200,Sell,223671229
2024-07-17 13:09:52,29450.0,1200,Sell,223671228
2024-07-17 13:09:52,29450.0,500,Sell,223671231
2024-07-17 13:09:52,29500.0,900,Sell,223671226
2024-07-17 13:09:52,29500.0,3000,Buy,223671214
2024-07-17 13:09:52,29500.0,200,Buy,223671213
2024-07-17 13:09:52,29500.0,9100,Buy,223671212
2024-07-17 13:09:52,29450.0,600,Sell,223671227
2024-07-17 13:09:54,29500.0,200,Buy,223671284
2024-07-17 13:10:06,29500.0,100,Buy,223671644
2024-07-17 13:10:06,29450.0,500,Sell,223671695
2024-07-17 13:10:06,29450.0,1000,Sell,223671688
2024-07-17 13:10:06,29450.0,1000,Sell,223671648
2024-07-17 13:10:06,29500.0,100,Buy,223671647
2024-07-17 13:10:06,29500.0,600,Buy,223671646
2024-07-17 13:10:06,29500.0,200,Buy,223671645
2024-07-17 13:10:06,29500.0,600,Buy,223671643
2024-07-17 13:10:06,29450.0,200,Sell,223671638
2024-07-17 13:10:06,29450.0,300,Sell,223671641
2024-07-17 13:10:06,29450.0,100,Sell,223671640
2024-07-17 13:10:06,29450.0,100,Sell,223671639
2024-07-17 13:10:06,29450.0,1000,Sell,223671637
2024-07-17 13:10:06,29500.0,200,Buy,223671636
2024-07-17 13:10:06,29500.0,800,Buy,223671635
2024-07-17 13:10:06,29500.0,500,Buy,223671634
2024-07-17 13:10:06,29450.0,2400,Sell,223671642
2024-07-17 13:10:11,29450.0,300,Sell,223671793
2024-07-17 13:10:11,29500.0,2000,Buy,223671797
2024-07-17 13:10:11,29500.0,9700,Buy,223671789
2024-07-17 13:10:11,29500.0,300,Buy,223671788
2024-07-17 13:10:11,29450.0,100,Sell,223671792
2024-07-17 13:10:14,29500.0,100,Buy,223671887
2024-07-17 13:10:16,29500.0,100,Buy,223671943
2024-07-17 13:10:20,29500.0,2000,Buy,223672103
2024-07-17 13:10:20,29500.0,700,Sell,223672109
2024-07-17 13:10:20,29500.0,200,Buy,223672108
2024-07-17 13:10:20,29500.0,1000,Buy,223672107
2024-07-17 13:10:20,29500.0,100,Buy,223672106
2024-07-17 13:10:20,29500.0,200,Buy,223672105
2024-07-17 13:10:20,29500.0,3200,Buy,223672104
2024-07-17 13:10:20,29500.0,10500,Buy,223672102
2024-07-17 13:10:20,29450.0,100,Sell,223672089
2024-07-17 13:10:20,29500.0,500,Buy,223672100
2024-07-17 13:10:20,29500.0,500,Buy,223672099
2024-07-17 13:10:20,29500.0,8100,Buy,223672098
2024-07-17 13:10:20,29450.0,500,Buy,223672097
2024-07-17 13:10:20,29450.0,200,Sell,223672088
2024-07-17 13:10:20,29450.0,3500,Sell,223672087
2024-07-17 13:10:20,29450.0,500,Sell,223672086
2024-07-17 13:10:20,29450.0,200,Sell,223672085
2024-07-17 13:10:20,29500.0,500,Buy,223672101
2024-07-17 13:10:21,29450.0,100,Buy,223672137
2024-07-17 13:10:22,29450.0,1200,Buy,223672192
2024-07-17 13:10:23,29500.0,200,Buy,223672215
2024-07-17 13:10:25,29500.0,2000,Buy,223672269
2024-07-17 13:10:26,29400.0,400,Sell,223672377
2024-07-17 13:10:26,29450.0,300,Sell,223672374
2024-07-17 13:10:26,29450.0,200,Sell,223672375
2024-07-17 13:10:26,29450.0,100,Sell,223672376
2024-07-17 13:10:27,29500.0,300,Buy,223672387
2024-07-17 13:10:27,29500.0,700,Buy,223672386
2024-07-17 13:10:28,29500.0,100,Buy,223672431
2024-07-17 13:10:28,29500.0,200,Buy,223672410
2024-07-17 13:10:32,29450.0,1000,Buy,223672604
2024-07-17 13:10:33,29450.0,500,Buy,223672633
2024-07-17 13:10:34,29450.0,300,Buy,223672673
2024-07-17 13:10:34,29450.0,100,Buy,223672667
2024-07-17 13:10:34,29450.0,200,Buy,223672657
2024-07-17 13:10:34,29450.0,200,Buy,223672656
2024-07-17 13:10:34,29400.0,1000,Sell,223672655
2024-07-17 13:10:34,29400.0,100,Sell,223672652
2024-07-17 13:10:34,29400.0,500,Sell,223672651
2024-07-17 13:10:34,29400.0,100,Sell,223672650
2024-07-17 13:10:34,29400.0,300,Sell,223672649
2024-07-17 13:10:34,29400.0,800,Sell,223672648
2024-07-17 13:10:34,29400.0,100,Sell,223672653
2024-07-17 13:10:34,29400.0,100,Sell,223672654
2024-07-17 13:10:35,29500.0,600,Buy,223672681
2024-07-17 13:10:35,29500.0,600,Buy,223672690
2024-07-17 13:10:35,29500.0,19400,Buy,223672689
2024-07-17 13:10:35,29500.0,3300,Buy,223672679
2024-07-17 13:10:35,29500.0,100,Buy,223672678
2024-07-17 13:10:35,29500.0,300,Buy,223672677
2024-07-17 13:10:35,29450.0,200,Buy,223672676
2024-07-17 13:10:35,29500.0,1000,Buy,223672680
2024-07-17 13:10:37,29500.0,500,Buy,223672724
2024-07-17 13:10:37,29500.0,200,Buy,223672734
2024-07-17 13:10:39,29500.0,700,Buy,223672803
2024-07-17 13:10:39,29500.0,2300,Buy,223672804
2024-07-17 13:10:40,29450.0,800,Sell,223672834
2024-07-17 13:10:40,29450.0,100,Sell,223672833
2024-07-17 13:10:41,29450.0,100,Buy,223672881
2024-07-17 13:10:41,29450.0,300,Buy,223672887
2024-07-17 13:10:42,29450.0,300,Buy,223672929
2024-07-17 13:10:42,29450.0,2700,Buy,223672930
2024-07-17 13:10:43,29450.0,5000,Buy,223672956
2024-07-17 13:10:45,29450.0,200,Buy,223673031
2024-07-17 13:10:45,29450.0,200,Buy,223673043
2024-07-17 13:10:46,29450.0,100,Buy,223673067
2024-07-17 13:10:48,29400.0,100,Sell,223673186
2024-07-17 13:10:49,29450.0,1000,Buy,223673210
2024-07-17 13:10:56,29450.0,300,Buy,223673399
2024-07-17 13:10:56,29450.0,200,Buy,223673402
2024-07-17 13:10:56,29450.0,500,Buy,223673389
2024-07-17 13:10:56,29450.0,500,Buy,223673400
2024-07-17 13:10:56,29450.0,1000,Buy,223673401
2024-07-17 13:10:57,29400.0,500,Sell,223673441
2024-07-17 13:11:00,29450.0,200,Buy,223673502
2024-07-17 13:11:00,29450.0,500,Buy,223673503
2024-07-17 13:11:02,29450.0,600,Sell,223673544
2024-07-17 13:11:02,29400.0,200,Sell,223673545
2024-07-17 13:11:04,29450.0,900,Sell,223673609
2024-07-17 13:11:12,29450.0,100,Sell,223673885
2024-07-17 13:11:12,29450.0,700,Sell,223673886
2024-07-17 13:11:14,29450.0,1300,Sell,223673932
2024-07-17 13:11:14,29450.0,500,Sell,223673933
2024-07-17 13:11:14,29450.0,200,Sell,223673934
2024-07-17 13:11:15,29450.0,300,Sell,223673962
2024-07-17 13:11:15,29450.0,100,Sell,223673957
2024-07-17 13:11:15,29450.0,200,Sell,223673955
2024-07-17 13:11:15,29450.0,500,Sell,223673956
2024-07-17 13:11:15,29450.0,100,Sell,223673954
2024-07-17 13:11:19,29450.0,100,Sell,223674053
2024-07-17 13:11:20,29450.0,200,Sell,223674064
2024-07-17 13:11:21,29450.0,200,Sell,223674114
2024-07-17 13:11:23,29500.0,100,Buy,223674264
2024-07-17 13:11:31,29500.0,100,Buy,223674514
2024-07-17 13:11:32,29450.0,100,Sell,223674744
2024-07-17 13:11:33,29500.0,400,Buy,223674772
2024-07-17 13:11:33,29500.0,1000,Buy,223674771
2024-07-17 13:11:33,29500.0,500,Buy,223674770
2024-07-17 13:11:33,29500.0,500,Buy,223674769
2024-07-17 13:11:33,29500.0,1500,Buy,223674766
2024-07-17 13:11:33,29500.0,1000,Buy,223674767
2024-07-17 13:11:33,29450.0,300,Sell,223674751
2024-07-17 13:11:33,29500.0,100,Buy,223674768
2024-07-17 13:11:33,29450.0,100,Sell,223674752
2024-07-17 13:11:34,29500.0,1000,Buy,223674800
2024-07-17 13:11:35,29450.0,500,Sell,223674843
2024-07-17 13:11:35,29450.0,100,Sell,223674842
2024-07-17 13:11:35,29450.0,500,Sell,223674827
2024-07-17 13:11:35,29450.0,500,Sell,223674826
2024-07-17 13:11:35,29450.0,500,Sell,223674841
2024-07-17 13:11:36,29450.0,100,Buy,223674858
2024-07-17 13:11:36,29450.0,500,Sell,223674860
2024-07-17 13:11:38,29500.0,2200,Buy,223674901
2024-07-17 13:11:38,29500.0,3800,Buy,223674902
2024-07-17 13:11:38,29500.0,2000,Buy,223674903
2024-07-17 13:11:41,29450.0,2500,Sell,223675017
2024-07-17 13:11:42,29450.0,1000,Sell,223675035
2024-07-17 13:11:42,29500.0,100,Buy,223675036
2024-07-17 13:11:46,29450.0,3300,Sell,223675165
2024-07-17 13:11:47,29400.0,200,Sell,223675196
2024-07-17 13:11:47,29400.0,400,Sell,223675189
2024-07-17 13:11:47,29400.0,100,Sell,223675188
2024-07-17 13:11:47,29400.0,3800,Sell,223675187
2024-07-17 13:11:47,29400.0,5000,Sell,223675186
2024-07-17 13:11:47,29400.0,100,Sell,223675185
2024-07-17 13:11:47,29400.0,300,Sell,223675184
2024-07-17 13:11:47,29400.0,1000,Sell,223675182
2024-07-17 13:11:47,29400.0,1000,Sell,223675181
2024-07-17 13:11:47,29400.0,1000,Sell,223675183
2024-07-17 13:11:47,29400.0,200,Sell,223675179
2024-07-17 13:11:47,29450.0,200,Sell,223675171
2024-07-17 13:11:47,29450.0,500,Sell,223675178
2024-07-17 13:11:47,29450.0,1000,Sell,223675177
2024-07-17 13:11:47,29450.0,100,Sell,223675176
2024-07-17 13:11:47,29450.0,100,Sell,223675175
2024-07-17 13:11:47,29450.0,800,Sell,223675174
2024-07-17 13:11:47,29450.0,200,Sell,223675173
2024-07-17 13:11:47,29450.0,800,Sell,223675172
2024-07-17 13:11:47,29400.0,100,Sell,223675180
2024-07-17 13:11:48,29400.0,100,Sell,223675223
2024-07-17 13:11:48,29400.0,100,Sell,223675224
2024-07-17 13:11:51,29450.0,300,Sell,223675328
2024-07-17 13:11:51,29450.0,100,Sell,223675327
2024-07-17 13:11:51,29450.0,100,Sell,223675326
2024-07-17 13:11:53,29450.0,500,Sell,223675365
2024-07-17 13:11:54,29500.0,400,Buy,223675406
2024-07-17 13:11:54,29500.0,100,Buy,223675405
2024-07-17 13:11:54,29500.0,400,Buy,223675404
2024-07-17 13:11:54,29500.0,1400,Buy,223675403
2024-07-17 13:11:54,29500.0,1000,Buy,223675402
2024-07-17 13:11:54,29500.0,100,Buy,223675399
2024-07-17 13:11:54,29500.0,2000,Buy,223675401
2024-07-17 13:11:54,29500.0,300,Buy,223675400
2024-07-17 13:11:54,29500.0,400,Buy,223675398
2024-07-17 13:11:54,29400.0,100,Sell,223675393
2024-07-17 13:11:54,29400.0,300,Sell,223675396
2024-07-17 13:11:54,29400.0,500,Sell,223675395
2024-07-17 13:11:54,29400.0,2000,Sell,223675394
2024-07-17 13:11:54,29400.0,200,Sell,223675392
2024-07-17 13:11:54,29400.0,400,Sell,223675391
2024-07-17 13:11:54,29400.0,300,Sell,223675390
2024-07-17 13:11:54,29450.0,1500,Sell,223675389
2024-07-17 13:11:54,29450.0,1200,Sell,223675388
2024-07-17 13:11:54,29500.0,4900,Buy,223675397
2024-07-17 13:11:56,29450.0,100,Buy,223675453
2024-07-17 13:11:57,29450.0,100,Buy,223675507
2024-07-17 13:11:57,29500.0,900,Buy,223675508
2024-07-17 13:12:08,29450.0,100,Buy,223675831
2024-07-17 13:12:08,29400.0,100,Sell,223675824
2024-07-17 13:12:08,29400.0,200,Sell,223675823
2024-07-17 13:12:08,29400.0,600,Sell,223675825
2024-07-17 13:12:11,29400.0,100,Sell,223675912
2024-07-17 13:12:11,29400.0,1000,Sell,223675921
2024-07-17 13:12:11,29400.0,100,Sell,223675918
2024-07-17 13:12:11,29400.0,1200,Sell,223675917
2024-07-17 13:12:11,29400.0,2000,Sell,223675916
2024-07-17 13:12:11,29400.0,200,Sell,223675915
2024-07-17 13:12:11,29400.0,1000,Sell,223675914
2024-07-17 13:12:11,29400.0,100,Sell,223675913
2024-07-17 13:12:11,29400.0,1000,Sell,223675911
2024-07-17 13:12:11,29400.0,500,Sell,223675903
2024-07-17 13:12:11,29400.0,100,Sell,223675909
2024-07-17 13:12:11,29400.0,200,Sell,223675908
2024-07-17 13:12:11,29400.0,100,Sell,223675907
2024-07-17 13:12:11,29400.0,300,Sell,223675906
2024-07-17 13:12:11,29400.0,100,Sell,223675905
2024-07-17 13:12:11,29400.0,2000,Sell,223675904
2024-07-17 13:12:11,29400.0,400,Sell,223675902
2024-07-17 13:12:11,29450.0,500,Sell,223675901
2024-07-17 13:12:11,29450.0,1500,Sell,223675900
2024-07-17 13:12:11,29400.0,500,Sell,223675910
2024-07-17 13:12:11,29400.0,100,Buy,223675931
2024-07-17 13:12:13,29400.0,1700,Buy,223675998
2024-07-17 13:12:13,29400.0,100,Buy,223675969
2024-07-17 13:12:14,29400.0,200,Buy,223676013
2024-07-17 13:12:16,29450.0,5000,Buy,223676088
2024-07-17 13:12:16,29400.0,4800,Buy,223676086
2024-07-17 13:12:16,29400.0,200,Buy,223676079
2024-07-17 13:12:16,29400.0,200,Buy,223676087
2024-07-17 13:12:18,29400.0,100,Sell,223676133
2024-07-17 13:12:19,29400.0,600,Buy,223676160
2024-07-17 13:12:20,29400.0,1800,Buy,223676191
2024-07-17 13:12:20,29400.0,300,Buy,223676183
2024-07-17 13:12:20,29400.0,600,Buy,223676192
2024-07-17 13:12:24,29400.0,1500,Buy,223676330
2024-07-17 13:12:26,29400.0,2000,Buy,223676399
2024-07-17 13:12:26,29400.0,1500,Buy,223676398
2024-07-17 13:12:30,29450.0,100,Buy,223676494
2024-07-17 13:12:33,29400.0,500,Sell,223676579
2024-07-17 13:12:34,29450.0,3800,Buy,223676607
2024-07-17 13:12:35,29450.0,1100,Buy,223676643
2024-07-17 13:12:35,29450.0,10100,Buy,223676644
2024-07-17 13:12:36,29450.0,9900,Buy,223676721
2024-07-17 13:12:36,29450.0,1000,Buy,223676722
2024-07-17 13:12:36,29450.0,300,Buy,223676723
2024-07-17 13:12:37,29400.0,4000,Sell,223676746
2024-07-17 13:12:37,29400.0,200,Sell,223676747
2024-07-17 13:12:37,29400.0,800,Sell,223676748
2024-07-17 13:12:38,29450.0,200,Buy,223676766
2024-07-17 13:12:39,29400.0,2000,Sell,223676809
2024-07-17 13:12:39,29450.0,100,Buy,223676787
2024-07-17 13:12:39,29500.0,600,Buy,223676789
2024-07-17 13:12:39,29450.0,100,Buy,223676788
2024-07-17 13:12:39,29450.0,3700,Buy,223676785
2024-07-17 13:12:39,29450.0,500,Buy,223676784
2024-07-17 13:12:39,29450.0,2000,Buy,223676786
2024-07-17 13:12:42,29450.0,500,Buy,223676901
2024-07-17 13:12:43,29500.0,2000,Buy,223676951
2024-07-17 13:12:46,29500.0,3800,Buy,223677029
2024-07-17 13:12:47,29500.0,200,Buy,223677295
2024-07-17 13:12:47,29500.0,100,Buy,223677339
2024-07-17 13:12:57,29500.0,200,Buy,223677638
2024-07-17 13:12:57,29500.0,100,Buy,223677687
2024-07-17 13:12:58,29500.0,100,Buy,223677715
2024-07-17 13:13:06,29450.0,700,Sell,223678013
2024-07-17 13:13:07,29450.0,800,Sell,223678048
2024-07-17 13:13:07,29450.0,200,Sell,223678049
2024-07-17 13:13:14,29450.0,800,Sell,223678358
2024-07-17 13:13:14,29450.0,200,Sell,223678359
2024-07-17 13:13:14,29450.0,1800,Sell,223678360
2024-07-17 13:13:14,29450.0,500,Sell,223678456
2024-07-17 13:13:15,29450.0,100,Sell,223678561
2024-07-17 13:13:15,29450.0,1900,Sell,223678562
2024-07-17 13:13:18,29500.0,6000,Buy,223678723
2024-07-17 13:13:19,29450.0,100,Sell,223678776
2024-07-17 13:13:21,29450.0,1900,Sell,223678863
2024-07-17 13:13:21,29450.0,300,Sell,223678862
2024-07-17 13:13:21,29450.0,200,Sell,223678852
2024-07-17 13:13:21,29450.0,500,Sell,223678860
2024-07-17 13:13:21,29450.0,1800,Sell,223678859
2024-07-17 13:13:21,29450.0,500,Sell,223678861
2024-07-17 13:13:22,29500.0,600,Buy,223678889
2024-07-17 13:13:23,29450.0,100,Sell,223678924
2024-07-17 13:13:23,29450.0,500,Sell,223678925
2024-07-17 13:13:23,29450.0,400,Sell,223678926
2024-07-17 13:13:23,29450.0,300,Sell,223678950
2024-07-17 13:13:25,29450.0,900,Sell,223679012
2024-07-17 13:13:25,29450.0,200,Sell,223679013
2024-07-17 13:13:30,29450.0,500,Buy,223679179
2024-07-17 13:13:35,29450.0,13200,Buy,223679354
2024-07-17 13:13:38,29450.0,100,Buy,223679526
2024-07-17 13:13:39,29450.0,3200,Buy,223679537
2024-07-17 13:13:39,29450.0,1900,Buy,223679574
2024-07-17 13:13:39,29450.0,100,Buy,223679575
2024-07-17 13:13:40,29450.0,3400,Buy,223679591
2024-07-17 13:13:40,29450.0,800,Buy,223679589
2024-07-17 13:13:40,29450.0,700,Buy,223679590
2024-07-17 13:13:41,29450.0,300,Buy,223679623
2024-07-17 13:13:41,29450.0,800,Buy,223679624
2024-07-17 13:13:41,29450.0,5500,Buy,223679664
2024-07-17 13:13:41,29450.0,600,Buy,223679665
2024-07-17 13:13:42,29400.0,800,Sell,223679712
2024-07-17 13:13:42,29400.0,2200,Sell,223679713
2024-07-17 13:13:42,29450.0,1300,Buy,223679672
2024-07-17 13:13:42,29450.0,400,Buy,223679671
2024-07-17 13:13:42,29450.0,1100,Buy,223679673
2024-07-17 13:13:43,29450.0,200,Buy,223679756
2024-07-17 13:13:43,29400.0,100,Sell,223679784
2024-07-17 13:13:44,29450.0,400,Buy,223679796
2024-07-17 13:13:44,29450.0,100,Buy,223679826
2024-07-17 13:13:45,29450.0,100,Buy,223679828
2024-07-17 13:13:45,29450.0,100,Buy,223679838
2024-07-17 13:13:45,29450.0,900,Buy,223679839
2024-07-17 13:13:45,29450.0,500,Buy,223679855
2024-07-17 13:13:52,29450.0,1000,Buy,223680089
2024-07-17 13:13:52,29450.0,1000,Buy,223680073
2024-07-17 13:13:54,29400.0,2800,Sell,223680148
2024-07-17 13:13:55,29450.0,100,Buy,223680174
2024-07-17 13:13:57,29450.0,500,Buy,223680221
2024-07-17 13:14:00,29450.0,1000,Buy,223680385
2024-07-17 13:14:02,29450.0,2300,Buy,223680422
2024-07-17 13:14:02,29450.0,100,Buy,223680421
2024-07-17 13:14:02,29450.0,1000,Buy,223680420
2024-07-17 13:14:02,29400.0,100,Sell,223680404
2024-07-17 13:14:02,29450.0,200,Buy,223680418
2024-07-17 13:14:02,29450.0,900,Buy,223680417
2024-07-17 13:14:02,29450.0,500,Buy,223680419
2024-07-17 13:14:04,29450.0,200,Buy,223680535
2024-07-17 13:14:04,29450.0,200,Buy,223680536
2024-07-17 13:14:07,29450.0,1000,Buy,223680644
2024-07-17 13:14:07,29450.0,2000,Buy,223680643
2024-07-17 13:14:09,29450.0,500,Buy,223680725
2024-07-17 13:14:14,29450.0,200,Buy,223680867
2024-07-17 13:14:15,29450.0,2000,Buy,223680903
2024-07-17 13:14:17,29400.0,4000,Sell,223680972
2024-07-17 13:14:17,29400.0,800,Sell,223680969
2024-07-17 13:14:17,29400.0,100,Sell,223680970
2024-07-17 13:14:17,29400.0,100,Sell,223680971
2024-07-17 13:14:18,29450.0,100,Buy,223680997
2024-07-17 13:14:20,29400.0,200,Sell,223681046
2024-07-17 13:14:20,29400.0,500,Sell,223681050
2024-07-17 13:14:20,29400.0,400,Sell,223681049
2024-07-17 13:14:20,29400.0,1000,Sell,223681045
2024-07-17 13:14:20,29400.0,200,Sell,223681047
2024-07-17 13:14:20,29400.0,700,Sell,223681048
2024-07-17 13:14:21,29450.0,100,Buy,223681087
2024-07-17 13:14:22,29450.0,100,Buy,223681117
2024-07-17 13:14:24,29450.0,2000,Buy,223681252
2024-07-17 13:14:24,29450.0,700,Buy,223681253
2024-07-17 13:14:24,29450.0,100,Buy,223681255
2024-07-17 13:14:24,29450.0,1600,Buy,223681256
2024-07-17 13:14:24,29450.0,1000,Buy,223681257
2024-07-17 13:14:24,29450.0,100,Buy,223681258
2024-07-17 13:14:24,29450.0,1200,Buy,223681254
2024-07-17 13:14:25,29400.0,400,Sell,223681283
2024-07-17 13:14:25,29450.0,1000,Buy,223681280
2024-07-17 13:14:25,29400.0,500,Sell,223681281
2024-07-17 13:14:25,29400.0,100,Sell,223681282
2024-07-17 13:14:26,29450.0,300,Buy,223681327
2024-07-17 13:14:26,29450.0,1000,Buy,223681323
2024-07-17 13:14:28,29450.0,100,Buy,223681374
2024-07-17 13:14:28,29450.0,500,Buy,223681373
2024-07-17 13:14:28,29450.0,7600,Buy,223681370
2024-07-17 13:14:28,29450.0,100,Buy,223681371
2024-07-17 13:14:28,29450.0,100,Buy,223681372
2024-07-17 13:14:35,29450.0,500,Sell,223681626
2024-07-17 13:14:36,29450.0,100,Sell,223681652
2024-07-17 13:14:37,29450.0,300,Sell,223681696
2024-07-17 13:14:38,29450.0,400,Sell,223681743
2024-07-17 13:14:38,29450.0,500,Sell,223681744
2024-07-17 13:14:38,29450.0,500,Sell,223681745
2024-07-17 13:14:38,29450.0,200,Sell,223681746
2024-07-17 13:14:38,29450.0,700,Sell,223681747
2024-07-17 13:14:41,29450.0,500,Buy,223681863
2024-07-17 13:14:43,29400.0,500,Sell,223681948
2024-07-17 13:14:43,29400.0,100,Sell,223681946
2024-07-17 13:14:43,29400.0,1000,Sell,223681945
2024-07-17 13:14:43,29400.0,200,Sell,223681947
2024-07-17 13:14:43,29400.0,700,Sell,223681943
2024-07-17 13:14:43,29400.0,700,Sell,223681944
2024-07-17 13:14:43,29400.0,200,Sell,223681942
2024-07-17 13:14:43,29400.0,1600,Sell,223681941
2024-07-17 13:14:44,29400.0,1400,Sell,223681981
2024-07-17 13:14:44,29400.0,200,Sell,223681980
2024-07-17 13:14:44,29400.0,100,Sell,223681977
2024-07-17 13:14:44,29400.0,200,Sell,223681978
2024-07-17 13:14:44,29400.0,100,Sell,223681979
2024-07-17 13:14:45,29400.0,100,Sell,223682033
2024-07-17 13:14:48,29450.0,500,Buy,223682123
2024-07-17 13:14:59,29450.0,100,Buy,223682512
2024-07-17 13:15:02,29400.0,200,Sell,223682633
2024-07-17 13:15:02,29450.0,500,Buy,223682642
2024-07-17 13:15:03,29450.0,100,Buy,223682648
2024-07-17 13:15:05,29450.0,2600,Buy,223682726
2024-07-17 13:15:05,29450.0,3000,Buy,223682727
2024-07-17 13:15:05,29450.0,800,Buy,223682728
2024-07-17 13:15:05,29450.0,600,Buy,223682729
2024-07-17 13:15:05,29450.0,10000,Buy,223682730
2024-07-17 13:15:05,29450.0,3000,Buy,223682731
2024-07-17 13:15:07,29450.0,100,Buy,223682812
2024-07-17 13:15:11,29450.0,900,Buy,223682923
2024-07-17 13:15:12,29400.0,200,Sell,223683032
2024-07-17 13:15:12,29400.0,300,Sell,223683031
2024-07-17 13:15:13,29400.0,200,Sell,223683056
2024-07-17 13:15:13,29400.0,100,Sell,223683055
2024-07-17 13:15:20,29400.0,100,Sell,223683397
2024-07-17 13:15:24,29400.0,100,Sell,223683623
2024-07-17 13:15:24,29400.0,100,Sell,223683624
2024-07-17 13:15:24,29400.0,1000,Sell,223683625
2024-07-17 13:15:24,29400.0,200,Sell,223683626
2024-07-17 13:15:26,29400.0,500,Sell,223683646
2024-07-17 13:15:31,29400.0,500,Sell,223683881
2024-07-17 13:15:36,29450.0,300,Buy,223684045
2024-07-17 13:15:42,29450.0,300,Buy,223684427
2024-07-17 13:15:42,29450.0,700,Buy,223684424
2024-07-17 13:15:42,29450.0,200,Buy,223684425
2024-07-17 13:15:42,29450.0,300,Buy,223684426
2024-07-17 13:15:46,29400.0,1500,Sell,223684568
2024-07-17 13:15:46,29450.0,200,Buy,223684571
2024-07-17 13:15:48,29450.0,100,Buy,223684681
2024-07-17 13:15:48,29450.0,100,Buy,223684682
2024-07-17 13:15:48,29450.0,400,Buy,223684683
2024-07-17 13:15:49,29450.0,1000,Buy,223684708
2024-07-17 13:15:50,29400.0,300,Sell,223684759
2024-07-17 13:15:50,29400.0,1500,Sell,223684760
2024-07-17 13:15:52,29400.0,3000,Sell,223684865
2024-07-17 13:15:53,29450.0,100,Buy,223684899
2024-07-17 13:15:53,29450.0,600,Buy,223684898
2024-07-17 13:15:57,29450.0,1000,Buy,223685047
2024-07-17 13:15:57,29450.0,9500,Buy,223685048
2024-07-17 13:15:57,29450.0,800,Buy,223685049
2024-07-17 13:15:57,29450.0,1000,Buy,223685050
2024-07-17 13:15:57,29450.0,200,Buy,223685051
2024-07-17 13:16:00,29450.0,2300,Buy,223685176
2024-07-17 13:16:00,29450.0,2000,Buy,223685177
2024-07-17 13:16:00,29450.0,700,Buy,223685178
2024-07-17 13:16:00,29450.0,500,Buy,223685203
2024-07-17 13:16:04,29400.0,1000,Sell,223685372
2024-07-17 13:16:04,29400.0,500,Sell,223685392
2024-07-17 13:16:05,29400.0,100,Sell,223685407
2024-07-17 13:16:05,29400.0,600,Sell,223685406
2024-07-17 13:16:05,29400.0,4100,Sell,223685402
2024-07-17 13:16:05,29400.0,100,Sell,223685404
2024-07-17 13:16:05,29400.0,200,Sell,223685403
2024-07-17 13:16:05,29400.0,1900,Sell,223685405
2024-07-17 13:16:06,29400.0,1000,Sell,223685552
2024-07-17 13:16:06,29400.0,300,Sell,223685555
2024-07-17 13:16:06,29400.0,100,Sell,223685554
2024-07-17 13:16:06,29400.0,200,Sell,223685553
2024-07-17 13:16:06,29400.0,100,Sell,223685551
2024-07-17 13:16:06,29400.0,600,Sell,223685550
2024-07-17 13:16:06,29400.0,200,Sell,223685549
2024-07-17 13:16:06,29400.0,1300,Sell,223685548
2024-07-17 13:16:06,29400.0,100,Sell,223685547
2024-07-17 13:16:06,29400.0,500,Sell,223685546
2024-07-17 13:16:06,29400.0,100,Sell,223685545
2024-07-17 13:16:06,29400.0,500,Sell,223685544
2024-07-17 13:16:11,29400.0,500,Sell,223685854
2024-07-17 13:16:15,29400.0,1000,Sell,223686030
2024-07-17 13:16:17,29450.0,100,Buy,223686127
2024-07-17 13:16:25,29400.0,300,Sell,223686544
2024-07-17 13:16:25,29450.0,100,Buy,223686494
2024-07-17 13:16:25,29400.0,200,Sell,223686543
2024-07-17 13:16:26,29450.0,200,Buy,223686569
2024-07-17 13:16:26,29450.0,800,Buy,223686570
2024-07-17 13:16:26,29450.0,400,Buy,223686571
2024-07-17 13:16:26,29450.0,600,Buy,223686572
2024-07-17 13:16:28,29450.0,200,Buy,223686703
2024-07-17 13:16:31,29450.0,300,Buy,223686764
2024-07-17 13:16:33,29400.0,100,Sell,223686827
2024-07-17 13:16:34,29450.0,600,Buy,223686861
2024-07-17 13:16:34,29400.0,200,Sell,223686864
2024-07-17 13:16:35,29450.0,3400,Buy,223686881
2024-07-17 13:16:35,29450.0,2200,Buy,223686880
2024-07-17 13:16:35,29450.0,2000,Buy,223686878
2024-07-17 13:16:35,29450.0,1100,Buy,223686877
2024-07-17 13:16:35,29450.0,500,Buy,223686879
2024-07-17 13:16:39,29400.0,1000,Sell,223687068
2024-07-17 13:16:40,29450.0,2000,Buy,223687085
2024-07-17 13:16:41,29450.0,600,Buy,223687106
2024-07-17 13:16:44,29450.0,100,Buy,223687237
2024-07-17 13:16:47,29400.0,500,Sell,223687379
2024-07-17 13:16:47,29400.0,800,Sell,223687377
2024-07-17 13:16:47,29400.0,2000,Sell,223687378
2024-07-17 13:16:51,29450.0,400,Buy,223687644
2024-07-17 13:16:54,29400.0,1100,Sell,223687775
2024-07-17 13:16:56,29400.0,100,Sell,223687829
2024-07-17 13:16:57,29400.0,200,Sell,223687874
2024-07-17 13:16:57,29400.0,100,Sell,223687873
2024-07-17 13:16:57,29400.0,100,Sell,223687872
2024-07-17 13:16:57,29400.0,1000,Sell,223687875
2024-07-17 13:16:57,29400.0,500,Sell,223687871
2024-07-17 13:16:57,29400.0,100,Sell,223687877
2024-07-17 13:16:57,29400.0,1100,Sell,223687878
2024-07-17 13:16:57,29400.0,5000,Sell,223687879
2024-07-17 13:16:57,29400.0,4000,Sell,223687880
2024-07-17 13:16:57,29400.0,100,Sell,223687876
2024-07-17 13:16:57,29400.0,1000,Sell,223687870
2024-07-17 13:16:57,29400.0,400,Sell,223687858
2024-07-17 13:16:57,29400.0,100,Sell,223687868
2024-07-17 13:16:57,29400.0,400,Sell,223687869
2024-07-17 13:16:57,29400.0,1000,Sell,223687859
2024-07-17 13:16:57,29400.0,1100,Sell,223687860
2024-07-17 13:16:57,29400.0,100,Sell,223687861
2024-07-17 13:16:57,29400.0,300,Sell,223687862
2024-07-17 13:16:57,29400.0,3800,Sell,223687857
2024-07-17 13:16:57,29400.0,100,Sell,223687864
2024-07-17 13:16:57,29400.0,100,Sell,223687865
2024-07-17 13:16:57,29400.0,2000,Sell,223687866
2024-07-17 13:16:57,29400.0,100,Sell,223687867
2024-07-17 13:16:57,29400.0,500,Sell,223687863
2024-07-17 13:17:03,29400.0,1400,Sell,223688286
2024-07-17 13:17:03,29400.0,200,Sell,223688300
2024-07-17 13:17:03,29400.0,100,Sell,223688301
2024-07-17 13:17:07,29450.0,100,Buy,223688504
2024-07-17 13:17:07,29450.0,1500,Buy,223688505
2024-07-17 13:17:07,29450.0,1000,Buy,223688502
2024-07-17 13:17:07,29450.0,3000,Buy,223688501
2024-07-17 13:17:07,29450.0,1000,Buy,223688503
2024-07-17 13:17:08,29400.0,100,Sell,223688564
2024-07-17 13:17:08,29400.0,1000,Sell,223688574
2024-07-17 13:17:08,29400.0,100,Sell,223688573
2024-07-17 13:17:08,29400.0,1000,Sell,223688572
2024-07-17 13:17:08,29400.0,400,Sell,223688570
2024-07-17 13:17:08,29400.0,400,Sell,223688569
2024-07-17 13:17:08,29400.0,800,Sell,223688568
2024-07-17 13:17:08,29400.0,200,Sell,223688575
2024-07-17 13:17:08,29400.0,300,Sell,223688566
2024-07-17 13:17:08,29400.0,200,Sell,223688565
2024-07-17 13:17:08,29400.0,1000,Sell,223688563
2024-07-17 13:17:08,29400.0,2000,Sell,223688571
2024-07-17 13:17:08,29400.0,1000,Sell,223688561
2024-07-17 13:17:08,29400.0,300,Sell,223688562
2024-07-17 13:17:08,29400.0,200,Sell,223688534
2024-07-17 13:17:08,29400.0,4100,Sell,223688551
2024-07-17 13:17:08,29400.0,200,Sell,223688552
2024-07-17 13:17:08,29400.0,500,Sell,223688553
2024-07-17 13:17:08,29400.0,100,Sell,223688554
2024-07-17 13:17:08,29400.0,1000,Sell,223688567
2024-07-17 13:17:08,29400.0,1000,Sell,223688556
2024-07-17 13:17:08,29400.0,200,Sell,223688557
2024-07-17 13:17:08,29400.0,2500,Sell,223688558
2024-07-17 13:17:08,29400.0,100,Sell,223688559
2024-07-17 13:17:08,29400.0,300,Sell,223688555
2024-07-17 13:17:08,29400.0,300,Sell,223688560
2024-07-17 13:17:09,29400.0,100,Buy,223688643
2024-07-17 13:17:10,29400.0,800,Buy,223688659
2024-07-17 13:17:13,29400.0,100,Sell,223688757
2024-07-17 13:17:18,29400.0,200,Sell,223688917
2024-07-17 13:17:18,29400.0,700,Sell,223688918
2024-07-17 13:17:18,29400.0,100,Sell,223688915
2024-07-17 13:17:18,29400.0,100,Sell,223688914
2024-07-17 13:17:18,29400.0,100,Sell,223688916
2024-07-17 13:17:19,29400.0,3300,Sell,223688956
2024-07-17 13:17:19,29400.0,300,Sell,223688957
2024-07-17 13:17:22,29400.0,100,Buy,223689118
2024-07-17 13:17:23,29400.0,1000,Buy,223689148
2024-07-17 13:17:25,29400.0,500,Buy,223689276
2024-07-17 13:17:29,29400.0,100,Buy,223689425
2024-07-17 13:17:30,29400.0,1000,Buy,223689445
2024-07-17 13:17:31,29400.0,700,Buy,223689555
2024-07-17 13:17:31,29400.0,300,Buy,223689556
2024-07-17 13:17:32,29400.0,100,Buy,223689580
2024-07-17 13:17:32,29350.0,300,Sell,223689602
2024-07-17 13:17:32,29400.0,300,Buy,223689606
2024-07-17 13:17:32,29400.0,700,Buy,223689579
2024-07-17 13:17:36,29400.0,200,Buy,223689946
2024-07-17 13:17:36,29400.0,1000,Buy,223689947
2024-07-17 13:17:37,29400.0,1500,Buy,223690015
2024-07-17 13:17:37,29400.0,500,Buy,223690016
2024-07-17 13:17:37,29400.0,5500,Buy,223690043
2024-07-17 13:17:37,29400.0,800,Buy,223690044
2024-07-17 13:17:38,29400.0,1000,Buy,223690069
2024-07-17 13:17:38,29400.0,1500,Buy,223690068
2024-07-17 13:17:38,29400.0,5700,Buy,223690067
2024-07-17 13:17:41,29400.0,600,Sell,223690206
2024-07-17 13:17:42,29400.0,1000,Sell,223690215
2024-07-17 13:17:47,29400.0,4600,Sell,223690416
2024-07-17 13:17:48,29400.0,3000,Sell,223690471
2024-07-17 13:17:49,29400.0,100,Sell,223690540
2024-07-17 13:17:52,29400.0,200,Sell,223690670
2024-07-17 13:17:53,29400.0,500,Sell,223690691
2024-07-17 13:17:53,29400.0,100,Sell,223690699
2024-07-17 13:17:54,29400.0,300,Sell,223690759
2024-07-17 13:17:58,29450.0,900,Buy,223690881
2024-07-17 13:17:58,29400.0,200,Sell,223690907
2024-07-17 13:18:02,29400.0,1000,Sell,223691092
2024-07-17 13:18:07,29400.0,5000,Sell,223691368
2024-07-17 13:18:07,29400.0,3600,Sell,223691367
2024-07-17 13:18:08,29400.0,300,Sell,223691413
2024-07-17 13:18:09,29400.0,200,Sell,223691459
2024-07-17 13:18:11,29400.0,100,Sell,223691576
2024-07-17 13:18:11,29400.0,2000,Sell,223691577
2024-07-17 13:18:11,29400.0,400,Sell,223691584
2024-07-17 13:18:13,29400.0,1000,Sell,223691715
2024-07-17 13:18:17,29450.0,1000,Buy,223692000
2024-07-17 13:18:18,29400.0,1000,Sell,223692030
2024-07-17 13:18:19,29400.0,3800,Sell,223692089
2024-07-17 13:18:20,29400.0,800,Sell,223692123
2024-07-17 13:18:21,29400.0,100,Sell,223692142
2024-07-17 13:18:21,29400.0,400,Sell,223692141
2024-07-17 13:18:21,29400.0,400,Sell,223692137
2024-07-17 13:18:21,29400.0,1000,Sell,223692139
2024-07-17 13:18:21,29400.0,1000,Sell,223692138
2024-07-17 13:18:21,29400.0,100,Sell,223692140
2024-07-17 13:18:22,29450.0,300,Buy,223692157
2024-07-17 13:18:23,29400.0,500,Sell,223692221
2024-07-17 13:18:25,29400.0,700,Sell,223692322
2024-07-17 13:18:30,29400.0,400,Buy,223692518
2024-07-17 13:18:32,29400.0,100,Buy,223692619
2024-07-17 13:18:35,29400.0,200,Buy,223692698
2024-07-17 13:18:37,29400.0,300,Buy,223692812
2024-07-17 13:18:37,29400.0,1000,Buy,223692813
2024-07-17 13:18:37,29400.0,200,Buy,223692814
2024-07-17 13:18:37,29400.0,500,Buy,223692815
2024-07-17 13:18:37,29400.0,500,Buy,223692853
2024-07-17 13:18:38,29350.0,700,Sell,223692864
2024-07-17 13:18:47,29350.0,200,Sell,223693472
2024-07-17 13:18:52,29350.0,700,Sell,223693662
2024-07-17 13:18:52,29350.0,500,Sell,223693663
2024-07-17 13:18:52,29350.0,200,Sell,223693664
2024-07-17 13:18:52,29350.0,100,Sell,223693665
2024-07-17 13:18:52,29350.0,1400,Sell,223693666
2024-07-17 13:18:52,29350.0,100,Sell,223693661
2024-07-17 13:18:56,29350.0,600,Sell,223693815
2024-07-17 13:18:56,29350.0,1300,Sell,223693816
2024-07-17 13:18:56,29350.0,8100,Sell,223693817
2024-07-17 13:18:57,29400.0,200,Buy,223693934
2024-07-17 13:18:59,29350.0,100,Sell,223694016
2024-07-17 13:18:59,29350.0,400,Sell,223694055
2024-07-17 13:19:00,29400.0,200,Buy,223694100
2024-07-17 13:19:01,29400.0,1400,Buy,223694158
2024-07-17 13:19:01,29400.0,3600,Buy,223694157
2024-07-17 13:19:01,29400.0,5000,Buy,223694142
2024-07-17 13:19:05,29350.0,100,Sell,223694336
2024-07-17 13:19:10,29400.0,100,Buy,223694533
2024-07-17 13:19:11,29350.0,400,Sell,223694597
2024-07-17 13:19:11,29350.0,100,Sell,223694596
2024-07-17 13:19:11,29350.0,100,Sell,223694595
2024-07-17 13:19:11,29350.0,300,Sell,223694594
2024-07-17 13:19:11,29350.0,200,Sell,223694593
2024-07-17 13:19:11,29350.0,100,Sell,223694592
2024-07-17 13:19:11,29350.0,100,Sell,223694591
2024-07-17 13:19:11,29350.0,300,Sell,223694590
2024-07-17 13:19:11,29350.0,200,Sell,223694589
2024-07-17 13:19:11,29350.0,100,Sell,223694581
2024-07-17 13:19:11,29350.0,200,Sell,223694587
2024-07-17 13:19:11,29350.0,200,Sell,223694586
2024-07-17 13:19:11,29350.0,100,Sell,223694585
2024-07-17 13:19:11,29350.0,100,Sell,223694584
2024-07-17 13:19:11,29350.0,5000,Sell,223694583
2024-07-17 13:19:11,29350.0,1000,Sell,223694582
2024-07-17 13:19:11,29350.0,100,Sell,223694580
2024-07-17 13:19:11,29350.0,1300,Sell,223694579
2024-07-17 13:19:11,29350.0,100,Sell,223694588
2024-07-17 13:19:12,29350.0,100,Sell,223694645
2024-07-17 13:19:12,29350.0,100,Sell,223694646
2024-07-17 13:19:13,29350.0,100,Sell,223694690
2024-07-17 13:19:13,29400.0,100,Buy,223694692
2024-07-17 13:19:13,29350.0,300,Sell,223694688
2024-07-17 13:19:13,29350.0,300,Sell,223694689
2024-07-17 13:19:13,29350.0,500,Sell,223694691
2024-07-17 13:19:13,29350.0,300,Sell,223694687
2024-07-17 13:19:15,29350.0,1400,Sell,223694855
2024-07-17 13:19:15,29350.0,200,Sell,223694854
2024-07-17 13:19:15,29350.0,100,Sell,223694851
2024-07-17 13:19:15,29350.0,100,Sell,223694852
2024-07-17 13:19:15,29350.0,200,Sell,223694853
2024-07-17 13:19:17,29350.0,200,Sell,223694939
2024-07-17 13:19:24,29300.0,300,Sell,223695384
2024-07-17 13:19:24,29300.0,500,Sell,223695382
2024-07-17 13:19:24,29300.0,500,Sell,223695381
2024-07-17 13:19:24,29300.0,1800,Sell,223695380
2024-07-17 13:19:24,29300.0,300,Sell,223695379
2024-07-17 13:19:24,29350.0,100,Sell,223695378
2024-07-17 13:19:24,29350.0,100,Sell,223695377
2024-07-17 13:19:24,29300.0,1500,Sell,223695385
2024-07-17 13:19:24,29350.0,100,Sell,223695375
2024-07-17 13:19:24,29350.0,100,Sell,223695376
2024-07-17 13:19:24,29350.0,10400,Sell,223695369
2024-07-17 13:19:24,29350.0,300,Sell,223695370
2024-07-17 13:19:24,29300.0,1000,Sell,223695383
2024-07-17 13:19:24,29350.0,500,Sell,223695372
2024-07-17 13:19:24,29350.0,2300,Sell,223695373
2024-07-17 13:19:24,29350.0,100,Sell,223695374
2024-07-17 13:19:24,29350.0,100,Sell,223695371
2024-07-17 13:19:26,29350.0,100,Sell,223695482
2024-07-17 13:19:26,29400.0,100,Buy,223695483
2024-07-17 13:19:35,29400.0,400,Buy,223696016
2024-07-17 13:19:38,29300.0,200,Sell,223696168
2024-07-17 13:19:38,29300.0,19200,Sell,223696169
2024-07-17 13:19:38,29350.0,1000,Sell,223696165
2024-07-17 13:19:38,29350.0,1000,Sell,223696166
2024-07-17 13:19:38,29350.0,100,Sell,223696164
2024-07-17 13:19:38,29300.0,3500,Sell,223696167
2024-07-17 13:19:40,29350.0,500,Sell,223696277
2024-07-17 13:19:40,29350.0,200,Sell,223696278
2024-07-17 13:19:42,29350.0,1900,Sell,223696393
2024-07-17 13:19:42,29400.0,500,Buy,223696398
2024-07-17 13:19:43,29350.0,700,Sell,223696427
2024-07-17 13:19:44,29350.0,800,Sell,223696441
2024-07-17 13:19:55,29350.0,4000,Sell,223697227
2024-07-17 13:19:55,29350.0,1000,Sell,223697228
2024-07-17 13:19:56,29350.0,500,Sell,223697253
2024-07-17 13:19:58,29350.0,10000,Sell,223697403
2024-07-17 13:19:59,29350.0,500,Sell,223697439
2024-07-17 13:20:05,29350.0,100,Sell,223697646
2024-07-17 13:20:05,29350.0,400,Sell,223697647
2024-07-17 13:20:05,29350.0,100,Sell,223697648
2024-07-17 13:20:05,29350.0,100,Sell,223697649
2024-07-17 13:20:05,29350.0,500,Sell,223697650
2024-07-17 13:20:05,29350.0,800,Sell,223697651
2024-07-17 13:20:05,29300.0,1100,Sell,223697652
2024-07-17 13:20:05,29350.0,200,Buy,223697667
2024-07-17 13:20:05,29350.0,21900,Sell,223697645
2024-07-17 13:20:08,29300.0,2700,Sell,223697851
2024-07-17 13:20:08,29300.0,1000,Sell,223697850
2024-07-17 13:20:08,29300.0,500,Sell,223697849
2024-07-17 13:20:08,29300.0,9700,Sell,223697846
2024-07-17 13:20:08,29300.0,1000,Sell,223697847
2024-07-17 13:20:08,29300.0,100,Sell,223697848
2024-07-17 13:20:08,29350.0,500,Buy,223697753
2024-07-17 13:20:09,29350.0,1300,Buy,223697894
2024-07-17 13:20:09,29350.0,100,Buy,223697895
2024-07-17 13:20:09,29350.0,100,Sell,223697903
2024-07-17 13:20:11,29350.0,1000,Sell,223697952
2024-07-17 13:20:12,29350.0,100,Sell,223697991
2024-07-17 13:20:12,29350.0,500,Sell,223697992
2024-07-17 13:20:13,29350.0,6900,Sell,223698028
2024-07-17 13:20:13,29300.0,2300,Sell,223698029
2024-07-17 13:20:13,29300.0,400,Sell,223698030
2024-07-17 13:20:14,29350.0,100,Sell,223698074
2024-07-17 13:20:14,29350.0,500,Sell,223698075
2024-07-17 13:20:25,29350.0,400,Buy,223698725
2024-07-17 13:20:25,29350.0,200,Buy,223698726
2024-07-17 13:20:29,29300.0,500,Sell,223698940
2024-07-17 13:20:29,29300.0,1000,Sell,223698941
2024-07-17 13:20:29,29300.0,100,Sell,223698942
2024-07-17 13:20:29,29300.0,200,Sell,223698943
2024-07-17 13:20:29,29300.0,100,Sell,223698944
2024-07-17 13:20:29,29300.0,100,Sell,223698948
2024-07-17 13:20:29,29300.0,100,Sell,223698946
2024-07-17 13:20:29,29300.0,300,Sell,223698947
2024-07-17 13:20:29,29300.0,200,Sell,223698949
2024-07-17 13:20:29,29300.0,400,Sell,223698950
2024-07-17 13:20:29,29300.0,100,Sell,223698945
2024-07-17 13:20:29,29300.0,100,Sell,223698939
2024-07-17 13:20:29,29300.0,300,Sell,223698938
2024-07-17 13:20:29,29300.0,100,Sell,223698936
2024-07-17 13:20:29,29350.0,200,Buy,223698914
2024-07-17 13:20:29,29300.0,100,Sell,223698927
2024-07-17 13:20:29,29300.0,300,Sell,223698928
2024-07-17 13:20:29,29300.0,500,Sell,223698929
2024-07-17 13:20:29,29300.0,200,Sell,223698930
2024-07-17 13:20:29,29300.0,500,Sell,223698937
2024-07-17 13:20:29,29300.0,5000,Sell,223698932
2024-07-17 13:20:29,29300.0,1000,Sell,223698933
2024-07-17 13:20:29,29300.0,200,Sell,223698934
2024-07-17 13:20:29,29300.0,5000,Sell,223698935
2024-07-17 13:20:29,29300.0,100,Sell,223698931
2024-07-17 13:20:30,29300.0,1000,Sell,223698965
2024-07-17 13:20:30,29300.0,3800,Sell,223698964
2024-07-17 13:20:30,29300.0,100,Sell,223698963
2024-07-17 13:20:30,29300.0,100,Sell,223698962
2024-07-17 13:20:30,29300.0,500,Sell,223698961
2024-07-17 13:20:30,29300.0,200,Sell,223698960
2024-07-17 13:20:30,29300.0,500,Sell,223698957
2024-07-17 13:20:30,29300.0,100,Sell,223698958
2024-07-17 13:20:30,29300.0,1000,Sell,223698956
2024-07-17 13:20:30,29300.0,500,Sell,223698955
2024-07-17 13:20:30,29300.0,200,Sell,223698953
2024-07-17 13:20:30,29300.0,200,Sell,223698952
2024-07-17 13:20:30,29300.0,5000,Sell,223698959
2024-07-17 13:20:30,29300.0,300,Sell,223698954
2024-07-17 13:20:32,29300.0,200,Sell,223699066
2024-07-17 13:20:35,29350.0,300,Buy,223699242
2024-07-17 13:20:35,29350.0,200,Buy,223699285
2024-07-17 13:20:43,29350.0,100,Buy,223699592
2024-07-17 13:20:43,29300.0,500,Sell,223699617
2024-07-17 13:20:43,29300.0,1000,Sell,223699618
2024-07-17 13:20:43,29300.0,600,Sell,223699619
2024-07-17 13:20:43,29300.0,100,Sell,223699620
2024-07-17 13:20:43,29300.0,100,Sell,223699621
2024-07-17 13:20:43,29300.0,1000,Sell,223699622
2024-07-17 13:20:43,29300.0,1700,Sell,223699623
2024-07-17 13:20:44,29300.0,4000,Sell,223699652
2024-07-17 13:20:44,29300.0,2100,Sell,223699653
2024-07-17 13:20:44,29300.0,500,Sell,223699650
2024-07-17 13:20:44,29300.0,300,Sell,223699649
2024-07-17 13:20:44,29300.0,100,Sell,223699651
2024-07-17 13:20:47,29300.0,200,Sell,223699858
2024-07-17 13:20:48,29350.0,1000,Buy,223699916
2024-07-17 13:20:51,29300.0,1000,Sell,223699975
2024-07-17 13:20:54,29350.0,8000,Buy,223700122
2024-07-17 13:20:54,29350.0,100,Buy,223700123
2024-07-17 13:20:54,29350.0,1700,Buy,223700124
2024-07-17 13:20:54,29350.0,200,Buy,223700125
2024-07-17 13:20:57,29350.0,500,Buy,223700250
2024-07-17 13:20:57,29300.0,500,Sell,223700257
2024-07-17 13:20:58,29300.0,100,Sell,223700312
2024-07-17 13:20:58,29300.0,1500,Sell,223700313
2024-07-17 13:20:58,29300.0,900,Sell,223700311
2024-07-17 13:20:58,29300.0,100,Sell,223700309
2024-07-17 13:20:58,29300.0,2000,Sell,223700308
2024-07-17 13:20:58,29300.0,200,Sell,223700310
2024-07-17 13:20:58,29300.0,1200,Sell,223700307
2024-07-17 13:21:00,29350.0,2000,Buy,223700433
2024-07-17 13:21:01,29350.0,400,Buy,223700481
2024-07-17 13:21:03,29300.0,1500,Sell,223700539
2024-07-17 13:21:04,29300.0,400,Sell,223700541
2024-07-17 13:21:04,29300.0,500,Sell,223700542
2024-07-17 13:21:04,29300.0,1600,Sell,223700543
2024-07-17 13:21:05,29350.0,100,Buy,223700624
2024-07-17 13:21:07,29300.0,400,Sell,223700685
2024-07-17 13:21:07,29300.0,100,Sell,223700686
2024-07-17 13:21:07,29300.0,4500,Sell,223700687
2024-07-17 13:21:10,29300.0,500,Sell,223700800
2024-07-17 13:21:10,29300.0,9800,Sell,223700799
2024-07-17 13:21:10,29300.0,200,Sell,223700798
2024-07-17 13:21:10,29300.0,500,Sell,223700796
2024-07-17 13:21:10,29300.0,300,Sell,223700797
2024-07-17 13:21:12,29300.0,200,Sell,223700894
2024-07-17 13:21:12,29300.0,3000,Sell,223700892
2024-07-17 13:21:12,29300.0,500,Sell,223700891
2024-07-17 13:21:12,29300.0,300,Sell,223700893
2024-07-17 13:21:13,29350.0,600,Buy,223700914
2024-07-17 13:21:16,29300.0,600,Sell,223700994
2024-07-17 13:21:18,29250.0,500,Sell,223701206
2024-07-17 13:21:18,29250.0,100,Sell,223701205
2024-07-17 13:21:18,29250.0,500,Sell,223701204
2024-07-17 13:21:18,29250.0,100,Sell,223701203
2024-07-17 13:21:18,29250.0,1000,Sell,223701202
2024-07-17 13:21:18,29250.0,200,Sell,223701196
2024-07-17 13:21:18,29250.0,1000,Sell,223701200
2024-07-17 13:21:18,29250.0,3000,Sell,223701199
2024-07-17 13:21:18,29250.0,500,Sell,223701198
2024-07-17 13:21:18,29250.0,700,Sell,223701197
2024-07-17 13:21:18,29250.0,500,Sell,223701207
2024-07-17 13:21:18,29250.0,1000,Sell,223701201
2024-07-17 13:21:18,29250.0,1500,Sell,223701208
2024-07-17 13:21:18,29250.0,2000,Sell,223701219
2024-07-17 13:21:18,29250.0,200,Sell,223701210
2024-07-17 13:21:18,29250.0,100,Sell,223701211
2024-07-17 13:21:18,29250.0,1000,Sell,223701212
2024-07-17 13:21:18,29250.0,500,Sell,223701213
2024-07-17 13:21:18,29250.0,100,Sell,223701214
2024-07-17 13:21:18,29250.0,700,Sell,223701215
2024-07-17 13:21:18,29250.0,1000,Sell,223701216
2024-07-17 13:21:18,29250.0,100,Sell,223701217
2024-07-17 13:21:18,29250.0,3000,Sell,223701218
2024-07-17 13:21:18,29250.0,500,Sell,223701220
2024-07-17 13:21:18,29250.0,400,Sell,223701221
2024-07-17 13:21:18,29250.0,200,Sell,223701209
2024-07-17 13:21:18,29250.0,100,Sell,223701195
2024-07-17 13:21:18,29350.0,1500,Buy,223701144
2024-07-17 13:21:18,29250.0,5000,Sell,223701193
2024-07-17 13:21:18,29350.0,5200,Buy,223701104
2024-07-17 13:21:18,29350.0,1000,Buy,223701138
2024-07-17 13:21:18,29350.0,3000,Buy,223701139
2024-07-17 13:21:18,29350.0,100,Buy,223701140
2024-07-17 13:21:18,29350.0,100,Buy,223701141
2024-07-17 13:21:18,29350.0,300,Buy,223701142
2024-07-17 13:21:18,29350.0,200,Buy,223701143
2024-07-17 13:21:18,29350.0,500,Buy,223701145
2024-07-17 13:21:18,29350.0,1000,Buy,223701146
2024-07-17 13:21:18,29350.0,100,Buy,223701147
2024-07-17 13:21:18,29350.0,1000,Buy,223701149
2024-07-17 13:21:18,29350.0,100,Buy,223701150
2024-07-17 13:21:18,29350.0,700,Buy,223701148
2024-07-17 13:21:18,29350.0,500,Buy,223701152
2024-07-17 13:21:18,29300.0,2600,Sell,223701192
2024-07-17 13:21:18,29300.0,100,Sell,223701191
2024-07-17 13:21:18,29300.0,100,Sell,223701190
2024-07-17 13:21:18,29350.0,5000,Buy,223701151
2024-07-17 13:21:18,29300.0,1000,Sell,223701188
2024-07-17 13:21:18,29300.0,2000,Sell,223701189
2024-07-17 13:21:18,29300.0,1200,Sell,223701186
2024-07-17 13:21:18,29350.0,2600,Sell,223701185
2024-07-17 13:21:18,29350.0,2200,Buy,223701154
2024-07-17 13:21:18,29350.0,200,Buy,223701153
2024-07-17 13:21:18,29300.0,1500,Sell,223701187
2024-07-17 13:21:18,29250.0,400,Sell,223701194
2024-07-17 13:21:32,29250.0,100,Sell,223702219
2024-07-17 13:21:32,29250.0,200,Sell,223702223
2024-07-17 13:21:32,29250.0,300,Sell,223702222
2024-07-17 13:21:32,29250.0,900,Sell,223702221
2024-07-17 13:21:32,29250.0,200,Sell,223702220
2024-07-17 13:21:32,29250.0,9400,Sell,223702218
2024-07-17 13:21:32,29250.0,100,Sell,223702216
2024-07-17 13:21:32,29250.0,1000,Sell,223702215
2024-07-17 13:21:32,29250.0,1000,Sell,223702214
2024-07-17 13:21:32,29250.0,600,Sell,223702213
2024-07-17 13:21:32,29250.0,1000,Sell,223702217
2024-07-17 13:21:34,29250.0,600,Buy,223702310
2024-07-17 13:21:35,29250.0,4600,Buy,223702325
2024-07-17 13:21:35,29250.0,100,Buy,223702326
2024-07-17 13:21:35,29250.0,600,Buy,223702327
2024-07-17 13:21:35,29250.0,5300,Buy,223702332
2024-07-17 13:21:36,29250.0,12600,Buy,223702389
2024-07-17 13:21:41,29250.0,700,Sell,223702640
2024-07-17 13:21:47,29250.0,100,Sell,223702945
2024-07-17 13:21:47,29250.0,200,Sell,223702946
2024-07-17 13:21:47,29250.0,9500,Sell,223702943
2024-07-17 13:21:47,29250.0,1100,Sell,223702942
2024-07-17 13:21:47,29250.0,100,Sell,223702944
2024-07-17 13:21:53,29250.0,1500,Buy,223703291
2024-07-17 13:21:54,29300.0,1000,Buy,223703334
2024-07-17 13:21:56,29200.0,8500,Sell,223703479
2024-07-17 13:21:59,29250.0,600,Buy,223703632
2024-07-17 13:22:00,29250.0,200,Sell,223703682
2024-07-17 13:22:00,29250.0,600,Buy,223703697
2024-07-17 13:22:01,29250.0,1400,Buy,223703731
2024-07-17 13:22:01,29250.0,1100,Buy,223703729
2024-07-17 13:22:01,29250.0,600,Buy,223703730
2024-07-17 13:22:04,29250.0,500,Sell,223704191
2024-07-17 13:22:04,29250.0,500,Sell,223704192
2024-07-17 13:22:06,29250.0,1900,Sell,223704268
2024-07-17 13:22:08,29250.0,400,Sell,223704394
2024-07-17 13:22:11,29300.0,100,Buy,223704528
2024-07-17 13:22:11,29250.0,1000,Sell,223704518
2024-07-17 13:22:11,29250.0,2800,Sell,223704502
2024-07-17 13:22:11,29250.0,100,Sell,223704501
2024-07-17 13:22:11,29250.0,100,Sell,223704500
2024-07-17 13:22:12,29250.0,1700,Buy,223704562
2024-07-17 13:22:12,29250.0,1000,Sell,223704544
2024-07-17 13:22:12,29250.0,300,Sell,223704545
2024-07-17 13:22:14,29200.0,1500,Sell,223704598
2024-07-17 13:22:16,29250.0,100,Buy,223704746
2024-07-17 13:22:16,29250.0,900,Buy,223704697
2024-07-17 13:22:20,29200.0,1000,Sell,223704934
2024-07-17 13:22:21,29250.0,200,Buy,223704970
2024-07-17 13:22:21,29250.0,100,Buy,223704974
2024-07-17 13:22:23,29250.0,1000,Buy,223705007
2024-07-17 13:22:26,29250.0,200,Buy,223705122
2024-07-17 13:22:26,29250.0,6800,Buy,223705149
2024-07-17 13:22:26,29250.0,1000,Buy,223705150
2024-07-17 13:22:26,29250.0,3200,Buy,223705123
2024-07-17 13:22:27,29250.0,200,Sell,223705185
2024-07-17 13:22:32,29250.0,100,Sell,223705474
2024-07-17 13:22:33,29250.0,100,Sell,223705535
2024-07-17 13:22:37,29250.0,500,Sell,223705734
2024-07-17 13:22:37,29250.0,1600,Sell,223705733
2024-07-17 13:22:38,29250.0,1600,Sell,223705766
2024-07-17 13:22:38,29250.0,200,Sell,223705764
2024-07-17 13:22:38,29250.0,200,Sell,223705765
2024-07-17 13:22:41,29250.0,100,Sell,223705933
2024-07-17 13:22:41,29250.0,300,Sell,223705974
2024-07-17 13:22:41,29250.0,500,Sell,223705975
2024-07-17 13:22:41,29250.0,200,Sell,223705976
2024-07-17 13:22:43,29250.0,4800,Sell,223706029
2024-07-17 13:22:43,29250.0,200,Sell,223706030
2024-07-17 13:22:43,29250.0,200,Sell,223706027
2024-07-17 13:22:43,29250.0,800,Sell,223706026
2024-07-17 13:22:43,29250.0,4000,Sell,223706028
2024-07-17 13:22:44,29250.0,1200,Sell,223706117
