time,price,volume,match_type,id
2024-08-27 12:59:40,21100.0,500,Buy,235068655
2024-08-27 12:59:41,21100.0,100,Sell,235069196
2024-08-27 12:59:41,21100.0,200,Sell,235069195
2024-08-27 12:59:41,21100.0,200,Sell,235068870
2024-08-27 12:59:41,21100.0,300,Sell,235068872
2024-08-27 12:59:41,21100.0,1000,Sell,235069194
2024-08-27 12:59:41,21100.0,700,Sell,235068871
2024-08-27 12:59:42,21000.0,1000,Sell,235069260
2024-08-27 12:59:42,21100.0,3400,Sell,235069257
2024-08-27 12:59:42,21100.0,200,Sell,235069258
2024-08-27 12:59:42,21000.0,200,Sell,235069259
2024-08-27 12:59:43,21100.0,700,Sell,235069889
2024-08-27 12:59:43,21100.0,300,Buy,235069890
2024-08-27 12:59:43,21300.0,200,Buy,235069891
2024-08-27 12:59:43,21150.0,500,Sell,235069892
2024-08-27 12:59:43,21100.0,200,Sell,235069893
2024-08-27 12:59:43,21000.0,200,Buy,235069888
2024-08-27 13:00:02,20850.0,800,Sell,235071872
2024-08-27 13:00:02,20900.0,100,Buy,235071888
2024-08-27 13:00:02,21000.0,100,Buy,235071874
2024-08-27 13:00:02,21000.0,200,Buy,235071875
2024-08-27 13:00:02,20800.0,300,Sell,235071876
2024-08-27 13:00:02,21000.0,100,Buy,235071877
2024-08-27 13:00:02,20900.0,200,Buy,235071883
2024-08-27 13:00:02,20900.0,300,Buy,235071887
2024-08-27 13:00:02,20800.0,200,Sell,235071873
2024-08-27 13:00:12,20900.0,300,Buy,235072383
2024-08-27 13:00:21,20800.0,500,Sell,235072579
2024-08-27 13:00:27,20800.0,100,Sell,235072692
2024-08-27 13:00:50,20750.0,100,Sell,235073285
2024-08-27 13:00:50,20750.0,200,Sell,235073286
2024-08-27 13:00:50,20750.0,100,Sell,235073284
2024-08-27 13:00:55,20700.0,100,Sell,235073399
2024-08-27 13:00:55,20700.0,300,Sell,235073400
2024-08-27 13:00:55,20700.0,100,Sell,235073401
2024-08-27 13:00:55,20700.0,3000,Sell,235073402
2024-08-27 13:00:55,20700.0,500,Sell,235073404
2024-08-27 13:00:55,20750.0,100,Buy,235073407
2024-08-27 13:00:55,20700.0,500,Sell,235073403
2024-08-27 13:00:59,20750.0,500,Buy,235073464
2024-08-27 13:00:59,20750.0,2500,Buy,235073465
2024-08-27 13:01:12,20750.0,500,Buy,235073858
2024-08-27 13:01:17,20750.0,400,Buy,235073962
2024-08-27 13:01:17,20750.0,600,Buy,235073963
2024-08-27 13:01:21,20700.0,500,Sell,235074092
2024-08-27 13:01:22,20750.0,1500,Buy,235074121
2024-08-27 13:01:22,20750.0,100,Buy,235074114
2024-08-27 13:01:26,20700.0,4500,Sell,235074239
2024-08-27 13:01:26,20700.0,100,Sell,235074240
2024-08-27 13:01:37,20700.0,300,Buy,235074491
2024-08-27 13:01:38,20700.0,100,Buy,235074520
2024-08-27 13:01:40,20700.0,500,Buy,235074564
2024-08-27 13:01:43,20700.0,500,Buy,235074655
2024-08-27 13:01:43,20700.0,500,Buy,235074656
2024-08-27 13:01:43,20700.0,1000,Buy,235074657
2024-08-27 13:01:43,20700.0,1500,Sell,235074658
2024-08-27 13:01:44,20750.0,300,Buy,235074681
2024-08-27 13:01:45,20600.0,1900,Sell,235074715
2024-08-27 13:01:45,20600.0,100,Sell,235074714
2024-08-27 13:01:45,20600.0,200,Sell,235074713
2024-08-27 13:01:45,20600.0,10000,Sell,235074711
2024-08-27 13:01:45,20600.0,200,Sell,235074710
2024-08-27 13:01:45,20600.0,700,Sell,235074712
2024-08-27 13:01:45,20650.0,100,Sell,235074708
2024-08-27 13:01:45,20650.0,100,Sell,235074707
2024-08-27 13:01:45,20700.0,1500,Sell,235074703
2024-08-27 13:01:45,20650.0,200,Sell,235074706
2024-08-27 13:01:45,20700.0,6900,Sell,235074705
2024-08-27 13:01:45,20700.0,4000,Sell,235074704
2024-08-27 13:01:45,20650.0,100,Sell,235074709
2024-08-27 13:01:52,20700.0,4000,Sell,235074854
2024-08-27 13:01:57,20700.0,5000,Sell,235074940
2024-08-27 13:01:58,20700.0,100,Sell,235074966
2024-08-27 13:02:09,20700.0,200,Buy,235075280
2024-08-27 13:02:09,20700.0,100,Sell,235075266
2024-08-27 13:02:09,20700.0,900,Sell,235075267
2024-08-27 13:02:13,20700.0,2600,Buy,235075355
2024-08-27 13:02:13,20700.0,5000,Sell,235075360
2024-08-27 13:02:16,20700.0,100,Sell,235075462
2024-08-27 13:02:18,20700.0,12300,Sell,235075501
2024-08-27 13:02:18,20700.0,200,Sell,235075502
2024-08-27 13:02:19,20600.0,500,Sell,235075573
2024-08-27 13:02:19,20600.0,200,Sell,235075576
2024-08-27 13:02:19,20600.0,500,Sell,235075575
2024-08-27 13:02:19,20600.0,100,Sell,235075574
2024-08-27 13:02:19,20600.0,100,Sell,235075572
2024-08-27 13:02:19,20600.0,6900,Sell,235075577
2024-08-27 13:02:19,20600.0,400,Sell,235075570
2024-08-27 13:02:19,20600.0,200,Sell,235075569
2024-08-27 13:02:19,20600.0,100,Sell,235075568
2024-08-27 13:02:19,20600.0,1000,Sell,235075567
2024-08-27 13:02:19,20600.0,200,Sell,235075566
2024-08-27 13:02:19,20600.0,1000,Sell,235075571
2024-08-27 13:02:19,20600.0,8100,Sell,235075565
2024-08-27 13:02:20,20600.0,100,Buy,235075587
2024-08-27 13:02:20,20600.0,500,Buy,235075588
2024-08-27 13:02:21,20600.0,100,Buy,235075596
2024-08-27 13:02:21,20700.0,100,Buy,235075597
2024-08-27 13:02:23,20700.0,100,Buy,235075681
2024-08-27 13:02:24,20700.0,100,Buy,235075694
2024-08-27 13:02:30,20700.0,200,Buy,235075860
2024-08-27 13:02:30,20700.0,100,Buy,235075861
2024-08-27 13:02:34,20700.0,500,Buy,235075953
2024-08-27 13:02:35,20700.0,100,Buy,235075963
2024-08-27 13:02:35,20600.0,200,Sell,235075964
2024-08-27 13:02:35,20700.0,100,Buy,235075982
2024-08-27 13:02:39,20700.0,200,Buy,235076069
2024-08-27 13:02:39,20700.0,800,Buy,235076070
2024-08-27 13:02:39,20700.0,500,Buy,235076071
2024-08-27 13:02:46,20700.0,200,Sell,235076296
2024-08-27 13:02:46,20700.0,300,Sell,235076297
2024-08-27 13:02:46,20700.0,100,Sell,235076295
2024-08-27 13:02:46,20700.0,300,Sell,235076294
2024-08-27 13:02:50,20700.0,300,Buy,235076394
2024-08-27 13:02:52,20700.0,2000,Buy,235076476
2024-08-27 13:03:03,20650.0,400,Buy,235076720
2024-08-27 13:03:03,20700.0,200,Buy,235076721
2024-08-27 13:03:03,20700.0,500,Buy,235076722
2024-08-27 13:03:08,20750.0,3000,Buy,235076824
2024-08-27 13:03:08,20750.0,400,Buy,235076825
2024-08-27 13:03:31,20800.0,200,Buy,235077589
2024-08-27 13:03:35,20800.0,100,Buy,235077668
2024-08-27 13:03:39,20800.0,4300,Buy,235077811
2024-08-27 13:03:47,20750.0,1000,Sell,235077976
2024-08-27 13:03:47,20750.0,500,Sell,235077977
2024-08-27 13:03:47,20750.0,100,Sell,235077975
2024-08-27 13:03:47,20750.0,1000,Sell,235077980
2024-08-27 13:03:47,20750.0,100,Sell,235077979
2024-08-27 13:03:47,20750.0,200,Sell,235077974
2024-08-27 13:03:47,20750.0,1000,Sell,235077978
2024-08-27 13:03:47,20800.0,100,Sell,235077972
2024-08-27 13:03:47,20800.0,2000,Sell,235077971
2024-08-27 13:03:47,20800.0,100,Sell,235077970
2024-08-27 13:03:47,20750.0,500,Sell,235077973
2024-08-27 13:03:47,20800.0,100,Sell,235077969
2024-08-27 13:03:47,20800.0,100,Sell,235077968
2024-08-27 13:03:47,20800.0,2600,Sell,235077967
2024-08-27 13:03:53,20750.0,600,Buy,235078143
2024-08-27 13:03:56,20750.0,1400,Sell,235078209
2024-08-27 13:03:56,20750.0,6800,Buy,235078245
2024-08-27 13:03:57,20750.0,1000,Buy,235078265
2024-08-27 13:03:58,20750.0,1000,Buy,235078320
2024-08-27 13:04:04,20750.0,500,Buy,235078459
2024-08-27 13:04:06,20750.0,300,Buy,235078483
2024-08-27 13:04:11,20750.0,1000,Buy,235078556
2024-08-27 13:04:15,20750.0,500,Buy,235078657
2024-08-27 13:04:15,20750.0,100,Buy,235078658
2024-08-27 13:04:16,20750.0,1000,Buy,235078687
2024-08-27 13:04:17,20750.0,2000,Buy,235078699
2024-08-27 13:04:20,20750.0,200,Buy,235078766
2024-08-27 13:04:22,20750.0,100,Buy,235078808
2024-08-27 13:04:25,20700.0,3000,Sell,235078863
2024-08-27 13:04:31,20750.0,100,Buy,235079027
2024-08-27 13:04:33,20750.0,100,Buy,235079052
2024-08-27 13:04:35,20750.0,2000,Buy,235079100
2024-08-27 13:04:36,20750.0,200,Buy,235079137
2024-08-27 13:04:37,20750.0,100,Buy,235079147
2024-08-27 13:04:38,20750.0,100,Buy,235079187
2024-08-27 13:04:39,20750.0,100,Buy,235079215
2024-08-27 13:04:49,20750.0,5000,Buy,235079399
2024-08-27 13:04:52,20750.0,100,Buy,235079512
2024-08-27 13:04:53,20750.0,2000,Buy,235079552
2024-08-27 13:04:55,20750.0,1000,Buy,235079625
2024-08-27 13:04:56,20750.0,400,Buy,235079638
2024-08-27 13:04:56,20750.0,2600,Buy,235079639
2024-08-27 13:04:57,20750.0,1700,Buy,235079672
2024-08-27 13:04:57,20750.0,400,Buy,235079691
2024-08-27 13:04:59,20750.0,2000,Buy,235079765
2024-08-27 13:04:59,20750.0,100,Buy,235079764
2024-08-27 13:04:59,20750.0,100,Buy,235079763
2024-08-27 13:04:59,20750.0,800,Buy,235079762
2024-08-27 13:05:01,20750.0,200,Sell,235079793
2024-08-27 13:05:04,20750.0,300,Sell,235079873
2024-08-27 13:05:04,20700.0,1700,Sell,235079874
2024-08-27 13:05:13,20750.0,200,Sell,235080085
2024-08-27 13:05:13,20750.0,1000,Sell,235080086
2024-08-27 13:05:13,20700.0,3200,Sell,235080087
2024-08-27 13:05:13,20700.0,5400,Sell,235080088
2024-08-27 13:05:24,20750.0,100,Sell,235080426
2024-08-27 13:05:36,20750.0,400,Sell,235080748
2024-08-27 13:05:36,20750.0,100,Sell,235080749
2024-08-27 13:05:37,20750.0,100,Buy,235080770
2024-08-27 13:05:38,20750.0,1000,Buy,235080832
2024-08-27 13:05:43,20750.0,200,Buy,235080960
2024-08-27 13:05:51,20750.0,300,Buy,235081167
2024-08-27 13:05:52,20750.0,900,Buy,235081208
2024-08-27 13:05:52,20750.0,500,Buy,235081209
2024-08-27 13:06:27,20800.0,200,Buy,235082300
2024-08-27 13:06:33,20800.0,4400,Buy,235082432
2024-08-27 13:06:34,20800.0,2000,Buy,235082471
2024-08-27 13:06:37,20800.0,800,Buy,235082541
2024-08-27 13:06:42,20800.0,400,Buy,235082647
2024-08-27 13:06:45,20800.0,100,Buy,235082710
2024-08-27 13:06:47,20800.0,500,Buy,235082766
2024-08-27 13:06:48,20800.0,700,Buy,235082819
2024-08-27 13:06:49,20800.0,100,Buy,235082833
2024-08-27 13:06:51,20800.0,100,Buy,235082891
2024-08-27 13:07:01,20800.0,200,Buy,235083124
2024-08-27 13:07:01,20800.0,500,Buy,235083135
2024-08-27 13:07:01,20800.0,500,Buy,235083136
2024-08-27 13:07:01,20800.0,300,Buy,235083137
2024-08-27 13:07:11,20800.0,700,Sell,235083353
2024-08-27 13:07:11,20800.0,300,Sell,235083354
2024-08-27 13:07:44,20800.0,100,Sell,235084207
2024-08-27 13:07:44,20800.0,100,Sell,235084206
2024-08-27 13:07:44,20800.0,1700,Sell,235084205
2024-08-27 13:07:44,20800.0,1300,Sell,235084203
2024-08-27 13:07:44,20800.0,4000,Sell,235084202
2024-08-27 13:07:44,20800.0,200,Sell,235084201
2024-08-27 13:07:44,20800.0,700,Sell,235084200
2024-08-27 13:07:44,20800.0,500,Sell,235084204
2024-08-27 13:07:57,20800.0,6000,Buy,235084641
2024-08-27 13:07:59,20800.0,100,Buy,235084834
2024-08-27 13:08:00,20800.0,300,Buy,235084881
2024-08-27 13:08:10,20800.0,200,Sell,235085134
2024-08-27 13:08:13,20800.0,1000,Buy,235085213
2024-08-27 13:08:15,20800.0,200,Buy,235085262
2024-08-27 13:08:22,20800.0,2600,Buy,235085482
2024-08-27 13:08:23,20800.0,400,Sell,235085488
2024-08-27 13:08:29,20800.0,400,Buy,235085697
2024-08-27 13:08:42,20800.0,500,Sell,235086194
2024-08-27 13:08:42,20800.0,400,Sell,235086195
2024-08-27 13:08:42,20800.0,100,Sell,235086196
2024-08-27 13:08:52,20750.0,500,Sell,235086575
2024-08-27 13:08:52,20800.0,1000,Sell,235086574
2024-08-27 13:08:52,20800.0,500,Sell,235086573
2024-08-27 13:08:52,20800.0,500,Sell,235086572
2024-08-27 13:08:52,20800.0,100,Sell,235086571
2024-08-27 13:08:52,20800.0,500,Sell,235086569
2024-08-27 13:08:52,20800.0,100,Sell,235086568
2024-08-27 13:08:52,20800.0,900,Sell,235086565
2024-08-27 13:08:52,20800.0,300,Sell,235086570
2024-08-27 13:08:52,20800.0,400,Sell,235086567
2024-08-27 13:08:52,20800.0,200,Sell,235086566
2024-08-27 13:09:12,20800.0,1000,Sell,235087520
2024-08-27 13:09:47,20800.0,500,Sell,235088849
2024-08-27 13:09:54,20800.0,1000,Sell,235089088
2024-08-27 13:09:59,20800.0,200,Sell,235089305
2024-08-27 13:10:06,20800.0,100,Sell,235089541
2024-08-27 13:10:06,20800.0,400,Sell,235089543
2024-08-27 13:10:06,20800.0,500,Sell,235089542
2024-08-27 13:10:11,20850.0,500,Buy,235089780
2024-08-27 13:10:20,20800.0,600,Sell,235090096
2024-08-27 13:10:20,20850.0,1000,Buy,235090091
2024-08-27 13:10:20,20800.0,100,Sell,235090092
2024-08-27 13:10:20,20800.0,100,Sell,235090093
2024-08-27 13:10:20,20800.0,1000,Sell,235090094
2024-08-27 13:10:20,20800.0,700,Sell,235090095
2024-08-27 13:10:22,20850.0,100,Buy,235090190
2024-08-27 13:10:22,20850.0,400,Buy,235090189
2024-08-27 13:10:25,20850.0,1000,Buy,235090378
2024-08-27 13:10:27,20850.0,1200,Sell,235090422
2024-08-27 13:10:32,20850.0,100,Buy,235090680
2024-08-27 13:10:34,20850.0,300,Buy,235090838
2024-08-27 13:10:39,20850.0,1000,Buy,235091006
2024-08-27 13:10:41,20850.0,300,Buy,235091124
2024-08-27 13:10:44,20850.0,4000,Buy,235091222
2024-08-27 13:10:45,20850.0,500,Buy,235091238
2024-08-27 13:10:46,20850.0,500,Buy,235091256
2024-08-27 13:10:46,20850.0,1600,Buy,235091250
2024-08-27 13:10:47,20850.0,300,Sell,235091272
2024-08-27 13:10:47,20850.0,700,Buy,235091289
2024-08-27 13:10:47,20900.0,2100,Buy,235091290
2024-08-27 13:10:47,20900.0,1700,Buy,235091291
2024-08-27 13:10:54,20850.0,100,Sell,235091538
2024-08-27 13:10:58,20850.0,100,Buy,235091698
2024-08-27 13:11:02,20850.0,500,Buy,235091811
2024-08-27 13:11:03,20850.0,300,Buy,235091853
2024-08-27 13:11:03,20850.0,100,Buy,235091854
2024-08-27 13:11:14,20900.0,100,Buy,235092410
2024-08-27 13:11:14,20900.0,200,Buy,235092394
2024-08-27 13:11:26,20900.0,500,Buy,235092777
2024-08-27 13:11:53,20900.0,100,Buy,235093653
2024-08-27 13:12:02,20900.0,5200,Buy,235093920
2024-08-27 13:12:19,20850.0,100,Sell,235094443
2024-08-27 13:12:21,20900.0,2600,Buy,235094520
2024-08-27 13:12:28,20900.0,500,Buy,235094690
2024-08-27 13:12:30,20900.0,7100,Buy,235094731
2024-08-27 13:12:30,20900.0,3000,Buy,235094732
2024-08-27 13:12:30,20900.0,1000,Buy,235094733
2024-08-27 13:12:30,20900.0,2000,Buy,235094734
2024-08-27 13:12:30,20900.0,1100,Sell,235094735
2024-08-27 13:12:39,20900.0,5000,Sell,235094997
2024-08-27 13:12:41,20900.0,2000,Sell,235095032
2024-08-27 13:12:41,20900.0,800,Sell,235095031
2024-08-27 13:12:42,20900.0,100,Sell,235095060
2024-08-27 13:12:46,20900.0,100,Sell,235095210
2024-08-27 13:12:52,20900.0,1800,Sell,235095345
2024-08-27 13:12:52,20900.0,200,Sell,235095346
2024-08-27 13:12:53,20950.0,200,Buy,235095352
2024-08-27 13:12:57,20950.0,100,Buy,235095481
2024-08-27 13:13:01,20900.0,200,Sell,235095615
2024-08-27 13:13:07,20950.0,500,Buy,235095760
2024-08-27 13:13:08,20950.0,500,Buy,235095790
2024-08-27 13:13:08,20950.0,1300,Buy,235095791
2024-08-27 13:13:09,20950.0,200,Sell,235095816
2024-08-27 13:13:29,21000.0,500,Buy,235096396
2024-08-27 13:13:37,21000.0,500,Buy,235096622
2024-08-27 13:13:37,21000.0,1000,Buy,235096623
2024-08-27 13:13:37,21000.0,500,Buy,235096624
2024-08-27 13:13:42,21000.0,100,Buy,235096726
2024-08-27 13:13:44,21000.0,100,Buy,235096800
2024-08-27 13:13:46,21000.0,4900,Buy,235096845
2024-08-27 13:13:46,21000.0,1100,Buy,235096843
2024-08-27 13:13:46,20950.0,300,Sell,235096825
2024-08-27 13:13:46,20950.0,100,Sell,235096823
2024-08-27 13:13:46,20950.0,100,Sell,235096822
2024-08-27 13:13:46,20950.0,500,Sell,235096824
2024-08-27 13:13:53,21000.0,100,Buy,235097072
2024-08-27 13:13:53,21000.0,900,Buy,235097073
2024-08-27 13:13:57,21000.0,500,Buy,235097202
2024-08-27 13:14:03,21000.0,2200,Buy,235097349
2024-08-27 13:14:03,21000.0,1200,Buy,235097350
2024-08-27 13:14:03,21000.0,1600,Buy,235097351
2024-08-27 13:14:05,20950.0,100,Sell,235097437
2024-08-27 13:14:05,20950.0,700,Sell,235097435
2024-08-27 13:14:05,20950.0,2000,Sell,235097436
2024-08-27 13:14:16,21000.0,200,Buy,235097715
2024-08-27 13:14:16,21000.0,1700,Buy,235097716
2024-08-27 13:14:31,21050.0,1800,Buy,235098074
2024-08-27 13:14:31,21050.0,500,Sell,235098079
2024-08-27 13:14:32,21050.0,2700,Sell,235098089
2024-08-27 13:14:41,21000.0,500,Buy,235098242
2024-08-27 13:14:41,21000.0,1000,Buy,235098243
2024-08-27 13:14:49,21000.0,300,Sell,235098439
2024-08-27 13:14:53,21000.0,2000,Sell,235098520
2024-08-27 13:14:56,21000.0,5000,Sell,235098584
2024-08-27 13:14:58,21000.0,100,Buy,235098615
2024-08-27 13:15:18,20950.0,500,Sell,235099154
2024-08-27 13:15:21,21000.0,500,Buy,235099233
2024-08-27 13:15:35,20950.0,200,Sell,235099590
2024-08-27 13:15:38,20950.0,4000,Sell,235099746
2024-08-27 13:15:38,20950.0,200,Sell,235099745
2024-08-27 13:15:38,20950.0,4800,Sell,235099747
2024-08-27 13:15:38,20950.0,1300,Sell,235099743
2024-08-27 13:15:38,20950.0,5000,Sell,235099742
2024-08-27 13:15:38,20950.0,900,Sell,235099741
2024-08-27 13:15:38,20950.0,100,Sell,235099744
2024-08-27 13:15:48,20950.0,100,Buy,235099981
2024-08-27 13:15:59,20950.0,100,Buy,235100308
2024-08-27 13:16:18,20900.0,2000,Sell,235100713
2024-08-27 13:16:24,20950.0,100,Buy,235100844
2024-08-27 13:16:34,20900.0,200,Sell,235101155
2024-08-27 13:16:47,20950.0,700,Buy,235101499
2024-08-27 13:16:47,20950.0,1300,Buy,235101500
2024-08-27 13:16:54,20950.0,400,Buy,235101698
2024-08-27 13:16:54,20950.0,600,Buy,235101697
2024-08-27 13:16:56,20950.0,600,Buy,235101751
2024-08-27 13:16:56,20950.0,500,Buy,235101752
2024-08-27 13:16:56,20950.0,900,Buy,235101753
2024-08-27 13:17:14,20950.0,300,Buy,235102226
2024-08-27 13:17:33,20950.0,500,Buy,235102650
2024-08-27 13:17:43,20900.0,200,Sell,235102892
2024-08-27 13:17:43,20900.0,1000,Sell,235102891
2024-08-27 13:17:43,20900.0,300,Sell,235102890
2024-08-27 13:17:43,20900.0,7000,Sell,235102889
2024-08-27 13:17:43,20900.0,500,Sell,235102888
2024-08-27 13:17:43,20900.0,1000,Sell,235102885
2024-08-27 13:17:43,20900.0,500,Sell,235102886
2024-08-27 13:17:43,20900.0,300,Sell,235102887
2024-08-27 13:17:43,20900.0,800,Sell,235102882
2024-08-27 13:17:43,20900.0,100,Sell,235102883
2024-08-27 13:17:43,20900.0,100,Sell,235102884
2024-08-27 13:18:28,20850.0,1900,Sell,235104019
2024-08-27 13:18:28,20850.0,1000,Sell,235104018
2024-08-27 13:18:28,20850.0,100,Sell,235104017
2024-08-27 13:18:28,20850.0,200,Sell,235104016
2024-08-27 13:18:28,20850.0,100,Sell,235104011
2024-08-27 13:18:28,20850.0,200,Sell,235104014
2024-08-27 13:18:28,20850.0,200,Sell,235104012
2024-08-27 13:18:28,20850.0,1000,Sell,235104015
2024-08-27 13:18:28,20850.0,300,Sell,235104013
2024-08-27 13:18:48,20850.0,2000,Sell,235104551
2024-08-27 13:19:07,20850.0,100,Sell,235105068
2024-08-27 13:19:08,20850.0,1000,Sell,235105086
2024-08-27 13:19:12,20850.0,100,Sell,235105185
2024-08-27 13:19:16,20850.0,900,Sell,235105240
2024-08-27 13:19:16,20850.0,2100,Sell,235105241
2024-08-27 13:19:20,20850.0,300,Sell,235105331
2024-08-27 13:19:20,20850.0,100,Sell,235105332
2024-08-27 13:19:20,20850.0,900,Sell,235105333
2024-08-27 13:19:22,20850.0,3100,Sell,235105383
2024-08-27 13:19:22,20850.0,1000,Sell,235105382
2024-08-27 13:19:22,20850.0,200,Sell,235105380
2024-08-27 13:19:22,20850.0,500,Sell,235105379
2024-08-27 13:19:22,20850.0,100,Sell,235105378
2024-08-27 13:19:22,20850.0,100,Sell,235105381
2024-08-27 13:19:29,20800.0,600,Sell,235105548
2024-08-27 13:19:29,20800.0,300,Sell,235105553
2024-08-27 13:19:29,20800.0,100,Sell,235105552
2024-08-27 13:19:29,20800.0,5000,Sell,235105551
2024-08-27 13:19:29,20800.0,400,Sell,235105550
2024-08-27 13:19:29,20800.0,1200,Sell,235105549
2024-08-27 13:19:29,20800.0,200,Sell,235105547
2024-08-27 13:19:29,20850.0,100,Sell,235105539
2024-08-27 13:19:29,20800.0,200,Sell,235105545
2024-08-27 13:19:29,20800.0,100,Sell,235105544
2024-08-27 13:19:29,20800.0,1400,Sell,235105543
2024-08-27 13:19:29,20850.0,2000,Sell,235105542
2024-08-27 13:19:29,20850.0,100,Sell,235105541
2024-08-27 13:19:29,20850.0,1000,Sell,235105540
2024-08-27 13:19:29,20800.0,100,Sell,235105546
2024-08-27 13:19:29,20850.0,200,Sell,235105538
2024-08-27 13:19:34,20850.0,200,Buy,235105694
2024-08-27 13:19:38,20850.0,1800,Sell,235105771
2024-08-27 13:19:42,20800.0,5000,Sell,235105864
2024-08-27 13:20:02,20800.0,900,Sell,235106317
2024-08-27 13:20:02,20800.0,4700,Sell,235106316
2024-08-27 13:20:02,20800.0,1200,Sell,235106336
2024-08-27 13:20:02,20800.0,200,Sell,235106335
2024-08-27 13:20:02,20800.0,2400,Sell,235106334
2024-08-27 13:20:02,20800.0,100,Sell,235106333
2024-08-27 13:20:02,20800.0,100,Sell,235106332
2024-08-27 13:20:02,20800.0,300,Sell,235106331
2024-08-27 13:20:02,20800.0,1000,Sell,235106330
2024-08-27 13:20:02,20800.0,100,Sell,235106329
2024-08-27 13:20:02,20800.0,1000,Sell,235106328
2024-08-27 13:20:02,20800.0,100,Sell,235106318
2024-08-27 13:20:02,20800.0,100,Sell,235106326
2024-08-27 13:20:02,20800.0,200,Sell,235106325
2024-08-27 13:20:02,20800.0,1000,Sell,235106324
2024-08-27 13:20:02,20800.0,500,Sell,235106323
2024-08-27 13:20:02,20800.0,600,Sell,235106322
2024-08-27 13:20:02,20800.0,100,Sell,235106321
2024-08-27 13:20:02,20800.0,5000,Sell,235106320
2024-08-27 13:20:02,20800.0,100,Sell,235106319
2024-08-27 13:20:02,20800.0,300,Sell,235106327
2024-08-27 13:20:03,20800.0,100,Sell,235106361
2024-08-27 13:20:18,20850.0,100,Buy,235106706
2024-08-27 13:20:18,20850.0,1100,Buy,235106707
2024-08-27 13:20:18,20850.0,800,Buy,235106705
2024-08-27 13:20:28,20850.0,200,Buy,235106941
2024-08-27 13:20:44,20850.0,200,Sell,235107560
2024-08-27 13:20:44,20850.0,100,Sell,235107559
2024-08-27 13:20:44,20850.0,800,Sell,235107558
2024-08-27 13:20:45,20850.0,200,Buy,235107582
2024-08-27 13:20:49,20850.0,2000,Buy,235107700
2024-08-27 13:20:51,20850.0,100,Buy,235107736
2024-08-27 13:20:51,20850.0,1000,Buy,235107741
2024-08-27 13:20:51,20850.0,2600,Buy,235107740
2024-08-27 13:20:52,20850.0,100,Sell,235107811
2024-08-27 13:20:52,20800.0,1900,Sell,235107812
2024-08-27 13:20:52,20800.0,500,Sell,235107813
2024-08-27 13:20:52,20800.0,2500,Sell,235107814
2024-08-27 13:21:09,20800.0,1000,Sell,235108379
2024-08-27 13:21:11,20800.0,400,Sell,235108437
2024-08-27 13:21:19,20900.0,1000,Buy,235108601
2024-08-27 13:21:21,20850.0,100,Sell,235108649
2024-08-27 13:21:34,20850.0,200,Sell,235108989
2024-08-27 13:21:57,20800.0,400,Sell,235109606
2024-08-27 13:21:57,20800.0,1100,Sell,235109611
2024-08-27 13:21:57,20800.0,100,Sell,235109610
2024-08-27 13:21:57,20800.0,1100,Sell,235109605
2024-08-27 13:21:57,20800.0,100,Sell,235109608
2024-08-27 13:21:57,20800.0,100,Sell,235109607
2024-08-27 13:21:57,20800.0,100,Sell,235109609
2024-08-27 13:22:53,20850.0,100,Buy,235111262
2024-08-27 13:22:53,20850.0,1000,Buy,235111263
2024-08-27 13:22:54,20800.0,400,Sell,235111286
2024-08-27 13:23:01,20850.0,400,Buy,235111496
2024-08-27 13:23:02,20800.0,200,Sell,235111512
2024-08-27 13:23:09,20800.0,300,Sell,235111663
2024-08-27 13:23:13,20850.0,100,Buy,235111806
2024-08-27 13:23:37,20850.0,200,Buy,235112323
2024-08-27 13:23:37,20850.0,300,Buy,235112322
2024-08-27 13:23:44,20850.0,800,Buy,235112552
2024-08-27 13:23:44,20850.0,200,Buy,235112553
2024-08-27 13:23:47,20850.0,100,Buy,235112799
2024-08-27 13:24:12,20850.0,100,Buy,235113413
2024-08-27 13:25:05,20850.0,500,Buy,235114654
2024-08-27 13:25:06,20800.0,1000,Sell,235114674
2024-08-27 13:25:17,20800.0,1000,Sell,235114885
2024-08-27 13:25:22,20800.0,2000,Sell,235114961
2024-08-27 13:25:24,20850.0,100,Buy,235114997
2024-08-27 13:25:54,20800.0,200,Sell,235115622
2024-08-27 13:25:54,20800.0,200,Sell,235115623
2024-08-27 13:25:54,20800.0,100,Sell,235115624
2024-08-27 13:25:54,20800.0,300,Sell,235115625
2024-08-27 13:25:54,20800.0,200,Sell,235115621
2024-08-27 13:25:55,20850.0,100,Buy,235115648
2024-08-27 13:26:06,20850.0,400,Buy,235115885
2024-08-27 13:26:11,20800.0,100,Sell,235115970
2024-08-27 13:26:11,20800.0,100,Sell,235115971
2024-08-27 13:26:19,20800.0,100,Sell,235116125
2024-08-27 13:26:19,20800.0,900,Sell,235116124
2024-08-27 13:26:19,20850.0,2000,Buy,235116118
2024-08-27 13:26:19,20850.0,1300,Buy,235116117
2024-08-27 13:26:19,20850.0,900,Buy,235116116
2024-08-27 13:26:19,20850.0,2000,Buy,235116119
2024-08-27 13:26:44,20800.0,1000,Sell,235116662
2024-08-27 13:26:45,20800.0,3400,Sell,235116696
2024-08-27 13:26:45,20800.0,500,Sell,235116695
2024-08-27 13:26:45,20800.0,1000,Sell,235116692
2024-08-27 13:26:45,20800.0,500,Sell,235116694
2024-08-27 13:26:45,20800.0,200,Sell,235116693
2024-08-27 13:26:45,20800.0,100,Sell,235116691
2024-08-27 13:26:45,20800.0,100,Sell,235116686
2024-08-27 13:26:45,20800.0,200,Sell,235116689
2024-08-27 13:26:45,20800.0,2700,Sell,235116684
2024-08-27 13:26:45,20800.0,100,Sell,235116685
2024-08-27 13:26:45,20800.0,100,Sell,235116690
2024-08-27 13:26:45,20800.0,1000,Sell,235116688
2024-08-27 13:26:45,20800.0,100,Sell,235116687
2024-08-27 13:26:59,20800.0,600,Sell,235117009
2024-08-27 13:26:59,20800.0,100,Sell,235117010
2024-08-27 13:26:59,20800.0,300,Sell,235117011
2024-08-27 13:27:00,20850.0,1000,Buy,235117070
2024-08-27 13:27:00,20850.0,800,Buy,235117071
2024-08-27 13:27:00,20850.0,200,Buy,235117069
2024-08-27 13:27:36,20850.0,100,Buy,235117962
2024-08-27 13:28:06,20850.0,100,Buy,235118578
2024-08-27 13:28:06,20850.0,400,Buy,235118579
2024-08-27 13:28:25,20850.0,500,Buy,235119044
2024-08-27 13:28:28,20800.0,100,Sell,235119109
2024-08-27 13:28:28,20800.0,200,Sell,235119108
2024-08-27 13:28:28,20800.0,500,Sell,235119106
2024-08-27 13:28:28,20800.0,100,Sell,235119105
2024-08-27 13:28:28,20800.0,100,Sell,235119107
2024-08-27 13:28:40,20800.0,900,Sell,235119349
2024-08-27 13:28:40,20800.0,100,Sell,235119350
2024-08-27 13:28:46,20850.0,300,Buy,235119466
2024-08-27 13:28:47,20800.0,900,Sell,235119472
2024-08-27 13:28:47,20800.0,100,Sell,235119473
2024-08-27 13:28:49,20800.0,100,Sell,235119521
2024-08-27 13:28:49,20800.0,900,Sell,235119522
2024-08-27 13:28:50,20800.0,2500,Sell,235119561
2024-08-27 13:28:50,20800.0,100,Sell,235119563
2024-08-27 13:28:50,20800.0,400,Sell,235119564
2024-08-27 13:28:50,20800.0,4800,Sell,235119569
2024-08-27 13:28:50,20800.0,1000,Sell,235119566
2024-08-27 13:28:50,20800.0,5000,Sell,235119567
2024-08-27 13:28:50,20800.0,100,Sell,235119568
2024-08-27 13:28:50,20800.0,100,Sell,235119565
2024-08-27 13:28:50,20800.0,100,Sell,235119560
2024-08-27 13:28:50,20800.0,1000,Sell,235119559
2024-08-27 13:28:50,20800.0,500,Sell,235119558
2024-08-27 13:28:50,20800.0,100,Sell,235119550
2024-08-27 13:28:50,20800.0,500,Sell,235119551
2024-08-27 13:28:50,20800.0,100,Sell,235119552
2024-08-27 13:28:50,20800.0,2000,Sell,235119557
2024-08-27 13:28:50,20800.0,1000,Sell,235119554
2024-08-27 13:28:50,20800.0,400,Sell,235119556
2024-08-27 13:28:50,20800.0,100,Sell,235119553
2024-08-27 13:28:50,20800.0,200,Sell,235119555
2024-08-27 13:28:52,20800.0,200,Sell,235119587
2024-08-27 13:28:52,20800.0,1000,Sell,235119588
2024-08-27 13:28:52,20800.0,800,Sell,235119589
2024-08-27 13:28:57,20800.0,200,Sell,235119740
2024-08-27 13:28:57,20800.0,500,Sell,235119741
2024-08-27 13:28:57,20800.0,300,Sell,235119742
2024-08-27 13:29:21,20800.0,100,Buy,235120319
2024-08-27 13:29:29,20750.0,200,Sell,235120519
2024-08-27 13:29:29,20750.0,100,Sell,235120518
2024-08-27 13:29:29,20750.0,500,Sell,235120517
2024-08-27 13:29:29,20750.0,100,Sell,235120516
2024-08-27 13:29:29,20750.0,100,Sell,235120515
2024-08-27 13:29:29,20750.0,100,Sell,235120514
2024-08-27 13:29:29,20750.0,500,Sell,235120511
2024-08-27 13:29:29,20750.0,100,Sell,235120513
2024-08-27 13:29:29,20750.0,500,Sell,235120509
2024-08-27 13:29:29,20750.0,100,Sell,235120510
2024-08-27 13:29:29,20750.0,500,Sell,235120502
2024-08-27 13:29:29,20750.0,2000,Sell,235120503
2024-08-27 13:29:29,20750.0,3000,Sell,235120504
2024-08-27 13:29:29,20750.0,100,Sell,235120512
2024-08-27 13:29:29,20750.0,100,Sell,235120506
2024-08-27 13:29:29,20750.0,600,Sell,235120507
2024-08-27 13:29:29,20750.0,300,Sell,235120508
2024-08-27 13:29:29,20750.0,100,Sell,235120505
2024-08-27 13:29:34,20750.0,200,Sell,235120598
2024-08-27 13:29:34,20750.0,100,Sell,235120600
2024-08-27 13:29:34,20750.0,500,Sell,235120601
2024-08-27 13:29:34,20750.0,100,Sell,235120599
2024-08-27 13:29:35,20800.0,400,Buy,235120615
2024-08-27 13:29:41,20800.0,100,Buy,235120716
2024-08-27 13:29:56,20750.0,500,Sell,235121116
2024-08-27 13:29:56,20750.0,100,Sell,235121117
2024-08-27 13:30:33,20800.0,400,Buy,235122141
2024-08-27 13:30:33,20800.0,100,Buy,235122142
2024-08-27 13:30:44,20800.0,200,Buy,235122431
2024-08-27 13:30:59,20800.0,500,Buy,235122707
2024-08-27 13:31:00,20800.0,800,Buy,235122724
2024-08-27 13:31:00,20800.0,200,Buy,235122723
2024-08-27 13:31:08,20800.0,200,Buy,235122870
2024-08-27 13:31:08,20800.0,200,Buy,235122871
2024-08-27 13:31:13,20750.0,900,Sell,235122953
2024-08-27 13:31:13,20750.0,100,Sell,235122968
2024-08-27 13:31:13,20750.0,200,Sell,235122967
2024-08-27 13:31:13,20750.0,500,Sell,235122966
2024-08-27 13:31:13,20750.0,100,Sell,235122965
2024-08-27 13:31:13,20750.0,500,Sell,235122964
2024-08-27 13:31:13,20750.0,900,Sell,235122963
2024-08-27 13:31:13,20750.0,100,Sell,235122962
2024-08-27 13:31:13,20750.0,2000,Sell,235122961
2024-08-27 13:31:13,20750.0,100,Sell,235122959
2024-08-27 13:31:13,20750.0,200,Sell,235122958
2024-08-27 13:31:13,20750.0,500,Sell,235122957
2024-08-27 13:31:13,20750.0,600,Sell,235122956
2024-08-27 13:31:13,20750.0,200,Sell,235122955
2024-08-27 13:31:13,20750.0,100,Sell,235122954
2024-08-27 13:31:13,20750.0,500,Sell,235122960
2024-08-27 13:31:18,20750.0,2500,Buy,235123027
2024-08-27 13:31:36,20750.0,900,Buy,235123423
2024-08-27 13:31:36,20750.0,1100,Buy,235123422
2024-08-27 13:31:38,20750.0,100,Buy,235123452
2024-08-27 13:31:40,20750.0,100,Buy,235123524
2024-08-27 13:31:41,20750.0,100,Buy,235123530
2024-08-27 13:31:41,20750.0,500,Buy,235123531
2024-08-27 13:31:42,20750.0,300,Buy,235123546
2024-08-27 13:31:42,20750.0,300,Buy,235123558
2024-08-27 13:31:48,20750.0,200,Sell,235123642
2024-08-27 13:31:48,20750.0,300,Sell,235123643
2024-08-27 13:31:48,20750.0,100,Sell,235123657
2024-08-27 13:31:53,20700.0,500,Sell,235123750
2024-08-27 13:31:53,20700.0,1000,Sell,235123751
2024-08-27 13:31:53,20700.0,200,Sell,235123752
2024-08-27 13:31:53,20700.0,100,Sell,235123753
2024-08-27 13:31:53,20700.0,1000,Sell,235123758
2024-08-27 13:31:53,20700.0,200,Sell,235123755
2024-08-27 13:31:53,20700.0,200,Sell,235123756
2024-08-27 13:31:53,20700.0,500,Sell,235123757
2024-08-27 13:31:53,20700.0,2600,Sell,235123759
2024-08-27 13:31:53,20700.0,4000,Sell,235123754
2024-08-27 13:31:53,20700.0,100,Sell,235123749
2024-08-27 13:31:53,20700.0,500,Sell,235123747
2024-08-27 13:31:53,20700.0,500,Sell,235123746
2024-08-27 13:31:53,20700.0,400,Sell,235123748
2024-08-27 13:31:53,20750.0,4000,Sell,235123728
2024-08-27 13:31:53,20750.0,600,Sell,235123738
2024-08-27 13:31:53,20750.0,1000,Sell,235123739
2024-08-27 13:31:53,20750.0,4000,Sell,235123740
2024-08-27 13:31:53,20700.0,2000,Sell,235123745
2024-08-27 13:31:53,20700.0,100,Sell,235123742
2024-08-27 13:31:53,20700.0,200,Sell,235123744
2024-08-27 13:31:53,20700.0,500,Sell,235123741
2024-08-27 13:31:53,20700.0,1000,Sell,235123743
2024-08-27 13:31:59,20750.0,500,Buy,235123911
2024-08-27 13:32:11,20750.0,1000,Sell,235124233
2024-08-27 13:32:11,20750.0,300,Sell,235124234
2024-08-27 13:32:26,20750.0,100,Buy,235124553
2024-08-27 13:32:36,20750.0,100,Buy,235124731
2024-08-27 13:32:38,20750.0,3800,Buy,235124763
2024-08-27 13:32:38,20750.0,200,Buy,235124764
2024-08-27 13:32:41,20750.0,100,Sell,235124826
2024-08-27 13:32:48,20750.0,900,Sell,235124979
2024-08-27 13:32:48,20700.0,100,Sell,235124980
2024-08-27 13:32:53,20750.0,100,Sell,235125100
2024-08-27 13:33:34,20750.0,2400,Sell,235126295
2024-08-27 13:33:34,20750.0,200,Sell,235126293
2024-08-27 13:33:34,20750.0,5000,Sell,235126294
2024-08-27 13:33:57,20750.0,1300,Sell,235126901
2024-08-27 13:34:00,20750.0,2000,Sell,235126949
2024-08-27 13:34:02,20800.0,2000,Buy,235126989
2024-08-27 13:34:02,20800.0,900,Buy,235126988
2024-08-27 13:34:02,20800.0,1000,Buy,235126986
2024-08-27 13:34:02,20800.0,1000,Buy,235126987
2024-08-27 13:34:02,20800.0,100,Buy,235126984
2024-08-27 13:34:02,20800.0,500,Buy,235126983
2024-08-27 13:34:02,20800.0,100,Buy,235126982
2024-08-27 13:34:02,20800.0,100,Buy,235126985
2024-08-27 13:34:06,20800.0,1300,Sell,235127064
2024-08-27 13:34:06,20800.0,500,Sell,235127065
2024-08-27 13:34:06,20750.0,1800,Sell,235127066
2024-08-27 13:34:06,20750.0,100,Sell,235127067
2024-08-27 13:34:06,20750.0,1300,Sell,235127068
2024-08-27 13:35:00,20850.0,200,Buy,235128674
2024-08-27 13:35:04,20850.0,500,Buy,235128780
2024-08-27 13:35:11,20800.0,1400,Sell,235129140
2024-08-27 13:35:11,20800.0,100,Sell,235129139
2024-08-27 13:35:16,20850.0,300,Buy,235129302
2024-08-27 13:35:34,20850.0,500,Sell,235129911
2024-08-27 13:35:54,20850.0,100,Sell,235130604
2024-08-27 13:35:54,20850.0,200,Sell,235130602
2024-08-27 13:35:54,20850.0,1200,Sell,235130603
2024-08-27 13:36:09,20850.0,300,Sell,235131182
2024-08-27 13:36:33,20900.0,100,Buy,235132186
2024-08-27 13:36:45,20900.0,3000,Buy,235132540
2024-08-27 13:36:45,20900.0,800,Buy,235132549
2024-08-27 13:36:51,20850.0,1900,Sell,235132712
2024-08-27 13:36:51,20850.0,1100,Sell,235132714
2024-08-27 13:36:51,20850.0,600,Sell,235132713
2024-08-27 13:36:57,20900.0,400,Buy,235132917
2024-08-27 13:37:18,20850.0,100,Sell,235133606
2024-08-27 13:37:18,20900.0,300,Buy,235133607
2024-08-27 13:37:21,20900.0,500,Buy,235133696
2024-08-27 13:37:22,20900.0,100,Buy,235133719
2024-08-27 13:37:27,20900.0,100,Buy,235133896
2024-08-27 13:37:38,20900.0,200,Buy,235134286
2024-08-27 13:37:49,20900.0,500,Buy,235134598
2024-08-27 13:37:50,20900.0,300,Buy,235134645
2024-08-27 13:38:01,20900.0,100,Buy,235134988
2024-08-27 13:38:04,20850.0,800,Sell,235135039
2024-08-27 13:38:04,20850.0,100,Sell,235135040
2024-08-27 13:38:30,20850.0,2900,Sell,235135912
2024-08-27 13:38:30,20850.0,100,Sell,235135913
2024-08-27 13:38:30,20850.0,500,Sell,235135914
2024-08-27 13:38:30,20850.0,100,Sell,235135915
2024-08-27 13:38:30,20850.0,300,Sell,235135917
2024-08-27 13:38:30,20850.0,1200,Sell,235135918
2024-08-27 13:38:30,20850.0,800,Sell,235135919
2024-08-27 13:38:30,20850.0,100,Sell,235135916
2024-08-27 13:39:03,20850.0,100,Sell,235137013
2024-08-27 13:39:03,20850.0,200,Sell,235137009
2024-08-27 13:39:03,20850.0,2000,Sell,235137010
2024-08-27 13:39:03,20850.0,2400,Sell,235137011
2024-08-27 13:39:03,20850.0,100,Sell,235137012
2024-08-27 13:39:03,20850.0,100,Sell,235137014
2024-08-27 13:39:03,20850.0,100,Sell,235137015
2024-08-27 13:39:10,20850.0,500,Buy,235137175
2024-08-27 13:39:19,20850.0,1000,Buy,235137434
2024-08-27 13:39:20,20850.0,100,Buy,235137482
2024-08-27 13:39:24,20800.0,100,Sell,235137628
2024-08-27 13:39:26,20850.0,1000,Buy,235137713
2024-08-27 13:39:27,20850.0,900,Buy,235137760
2024-08-27 13:39:31,20850.0,300,Buy,235137848
2024-08-27 13:39:34,20850.0,100,Buy,235138005
2024-08-27 13:39:36,20850.0,100,Buy,235138037
2024-08-27 13:39:36,20850.0,100,Buy,235138038
2024-08-27 13:39:44,20850.0,200,Sell,235138369
2024-08-27 13:39:49,20900.0,800,Buy,235138463
2024-08-27 13:39:49,20900.0,200,Buy,235138464
2024-08-27 13:40:05,20900.0,100,Buy,235138874
2024-08-27 13:40:25,20850.0,100,Sell,235139588
2024-08-27 13:40:27,20900.0,100,Buy,235139640
2024-08-27 13:40:27,20900.0,500,Buy,235139639
2024-08-27 13:40:27,20900.0,1100,Buy,235139636
2024-08-27 13:40:27,20900.0,500,Buy,235139635
2024-08-27 13:40:27,20900.0,1000,Buy,235139634
2024-08-27 13:40:27,20900.0,100,Buy,235139638
2024-08-27 13:40:27,20900.0,2000,Buy,235139632
2024-08-27 13:40:27,20900.0,500,Buy,235139633
2024-08-27 13:40:27,20900.0,700,Buy,235139628
2024-08-27 13:40:27,20900.0,200,Buy,235139629
2024-08-27 13:40:27,20900.0,5000,Buy,235139637
2024-08-27 13:40:27,20900.0,100,Buy,235139631
2024-08-27 13:40:27,20900.0,2400,Buy,235139630
2024-08-27 13:40:28,20900.0,3000,Sell,235139673
2024-08-27 13:40:53,20900.0,200,Sell,235140481
2024-08-27 13:40:56,20900.0,1000,Sell,235140560
2024-08-27 13:41:11,20900.0,1600,Sell,235141065
2024-08-27 13:41:11,20900.0,200,Sell,235141066
2024-08-27 13:41:16,20900.0,100,Buy,235141233
2024-08-27 13:41:16,20900.0,100,Buy,235141235
2024-08-27 13:41:24,20900.0,400,Sell,235141590
2024-08-27 13:41:32,20900.0,100,Sell,235141791
2024-08-27 13:41:32,20900.0,100,Sell,235141788
2024-08-27 13:41:32,20900.0,200,Sell,235141789
2024-08-27 13:41:32,20900.0,200,Sell,235141790
2024-08-27 13:41:50,20900.0,100,Buy,235142337
2024-08-27 13:42:00,20900.0,300,Buy,235142626
2024-08-27 13:42:00,20900.0,100,Buy,235142627
2024-08-27 13:42:00,20900.0,100,Buy,235142628
2024-08-27 13:42:06,20900.0,6000,Buy,235142806
2024-08-27 13:42:14,20900.0,100,Buy,235142987
2024-08-27 13:42:24,20900.0,100,Buy,235143296
2024-08-27 13:42:37,20900.0,3000,Buy,235143584
2024-08-27 13:42:48,20900.0,700,Buy,235143903
2024-08-27 13:42:48,20900.0,100,Buy,235143904
2024-08-27 13:42:52,20900.0,500,Sell,235144017
2024-08-27 13:43:22,20950.0,2000,Buy,235144805
2024-08-27 13:43:22,20950.0,1000,Buy,235144806
2024-08-27 13:43:22,20950.0,500,Buy,235144803
2024-08-27 13:43:22,20950.0,1000,Buy,235144802
2024-08-27 13:43:22,20950.0,500,Buy,235144804
2024-08-27 13:43:36,20950.0,100,Buy,235145100
2024-08-27 13:43:54,20900.0,300,Sell,235145571
2024-08-27 13:44:20,20900.0,500,Sell,235146309
2024-08-27 13:44:31,20900.0,100,Sell,235146587
2024-08-27 13:44:37,20900.0,3000,Sell,235146810
2024-08-27 13:44:47,20900.0,1000,Sell,235147052
2024-08-27 13:44:58,20900.0,200,Sell,235147332
2024-08-27 13:44:58,20900.0,200,Sell,235147330
2024-08-27 13:44:58,20900.0,500,Sell,235147331
2024-08-27 13:44:58,20900.0,200,Sell,235147309
2024-08-27 13:44:58,20900.0,700,Sell,235147308
2024-08-27 13:44:58,20900.0,100,Sell,235147329
2024-08-27 13:45:18,20900.0,1000,Sell,235147846
2024-08-27 13:45:21,20900.0,100,Buy,235147957
2024-08-27 13:45:21,20900.0,500,Buy,235147958
2024-08-27 13:45:30,20900.0,2000,Sell,235148208
2024-08-27 13:45:43,20850.0,1000,Sell,235148649
2024-08-27 13:46:12,20900.0,100,Buy,235149374
2024-08-27 13:47:23,20900.0,2000,Buy,235151680
2024-08-27 13:47:47,20900.0,200,Buy,235152284
2024-08-27 13:48:01,20900.0,100,Buy,235152622
2024-08-27 13:48:27,20850.0,100,Sell,235153148
2024-08-27 13:48:27,20850.0,200,Sell,235153149
2024-08-27 13:48:27,20850.0,2600,Sell,235153150
2024-08-27 13:48:27,20850.0,100,Sell,235153147
2024-08-27 13:48:42,20850.0,2500,Sell,235153415
2024-08-27 13:48:59,20850.0,100,Sell,235153731
2024-08-27 13:49:01,20850.0,5700,Sell,235153780
2024-08-27 13:49:01,20850.0,500,Sell,235153779
2024-08-27 13:49:01,20850.0,100,Sell,235153776
2024-08-27 13:49:01,20850.0,100,Sell,235153778
2024-08-27 13:49:01,20850.0,100,Sell,235153774
2024-08-27 13:49:01,20850.0,4000,Sell,235153775
2024-08-27 13:49:01,20850.0,4800,Sell,235153771
2024-08-27 13:49:01,20850.0,3200,Sell,235153777
2024-08-27 13:49:01,20850.0,1300,Sell,235153773
2024-08-27 13:49:01,20850.0,200,Sell,235153772
2024-08-27 13:49:05,20850.0,700,Sell,235153867
2024-08-27 13:49:19,20850.0,2000,Sell,235154220
2024-08-27 13:49:21,20850.0,2100,Sell,235154244
2024-08-27 13:49:44,20850.0,300,Sell,235154700
2024-08-27 13:49:45,20850.0,500,Sell,235154717
2024-08-27 13:49:47,20850.0,1000,Sell,235154786
2024-08-27 13:50:01,20850.0,3000,Sell,235155178
2024-08-27 13:50:02,20850.0,100,Sell,235155222
2024-08-27 13:50:02,20850.0,100,Sell,235155221
2024-08-27 13:50:02,20850.0,100,Sell,235155220
2024-08-27 13:50:02,20850.0,4700,Sell,235155215
2024-08-27 13:50:02,20850.0,400,Sell,235155218
2024-08-27 13:50:02,20850.0,200,Sell,235155217
2024-08-27 13:50:02,20850.0,1000,Sell,235155216
2024-08-27 13:50:02,20850.0,200,Sell,235155219
2024-08-27 13:50:30,20800.0,100,Sell,235155875
2024-08-27 13:50:30,20800.0,1800,Sell,235155876
2024-08-27 13:50:30,20800.0,200,Sell,235155873
2024-08-27 13:50:30,20800.0,17500,Sell,235155872
2024-08-27 13:50:30,20800.0,400,Sell,235155874
2024-08-27 13:50:37,20800.0,400,Sell,235156071
2024-08-27 13:50:59,20800.0,800,Sell,235156467
2024-08-27 13:50:59,20800.0,200,Sell,235156468
2024-08-27 13:51:12,20800.0,1200,Sell,235156713
2024-08-27 13:51:12,20800.0,300,Sell,235156712
2024-08-27 13:51:12,20800.0,500,Sell,235156711
2024-08-27 13:51:12,20800.0,300,Sell,235156710
2024-08-27 13:51:12,20800.0,500,Sell,235156709
2024-08-27 13:51:12,20800.0,300,Sell,235156708
2024-08-27 13:51:12,20800.0,1000,Sell,235156707
2024-08-27 13:51:12,20800.0,400,Sell,235156704
2024-08-27 13:51:12,20800.0,100,Sell,235156705
2024-08-27 13:51:12,20800.0,2000,Sell,235156703
2024-08-27 13:51:12,20800.0,800,Sell,235156702
2024-08-27 13:51:12,20800.0,1000,Sell,235156701
2024-08-27 13:51:12,20800.0,1000,Sell,235156700
2024-08-27 13:51:12,20800.0,500,Sell,235156699
2024-08-27 13:51:12,20800.0,100,Sell,235156706
2024-08-27 13:51:21,20800.0,1300,Sell,235156911
2024-08-27 13:51:21,20800.0,700,Sell,235156912
2024-08-27 13:51:21,20800.0,1800,Sell,235156909
2024-08-27 13:51:21,20800.0,200,Sell,235156910
2024-08-27 13:51:52,20800.0,100,Sell,235157765
2024-08-27 13:51:53,20850.0,100,Buy,235157804
2024-08-27 13:51:53,20800.0,500,Sell,235157801
2024-08-27 13:51:53,20800.0,100,Sell,235157802
2024-08-27 13:51:53,20800.0,100,Sell,235157803
2024-08-27 13:51:54,20800.0,2900,Sell,235157852
2024-08-27 13:51:54,20800.0,100,Sell,235157850
2024-08-27 13:51:54,20800.0,200,Sell,235157851
2024-08-27 13:51:54,20800.0,1000,Sell,235157848
2024-08-27 13:51:54,20800.0,300,Sell,235157847
2024-08-27 13:51:54,20800.0,200,Sell,235157846
2024-08-27 13:51:54,20800.0,300,Sell,235157849
2024-08-27 13:51:57,20800.0,100,Sell,235157904
2024-08-27 13:51:57,20800.0,200,Sell,235157905
2024-08-27 13:51:57,20800.0,2500,Sell,235157906
2024-08-27 13:51:57,20800.0,2200,Sell,235157903
2024-08-27 13:51:58,20800.0,2500,Sell,235157915
2024-08-27 13:51:58,20800.0,200,Buy,235157923
2024-08-27 13:52:03,20800.0,100,Buy,235158016
2024-08-27 13:52:09,20800.0,1500,Buy,235158145
2024-08-27 13:52:22,20800.0,1000,Buy,235158391
2024-08-27 13:52:36,20750.0,100,Sell,235158658
2024-08-27 13:52:59,20750.0,1000,Sell,235159079
2024-08-27 13:53:09,20750.0,200,Sell,235159370
2024-08-27 13:53:09,20750.0,300,Sell,235159371
2024-08-27 13:53:09,20750.0,100,Sell,235159369
2024-08-27 13:53:19,20800.0,100,Buy,235159509
2024-08-27 13:54:20,20750.0,200,Sell,235160851
2024-08-27 13:54:20,20750.0,700,Sell,235160852
2024-08-27 13:54:38,20750.0,200,Sell,235161359
2024-08-27 13:54:38,20750.0,200,Sell,235161360
2024-08-27 13:54:38,20750.0,300,Sell,235161357
2024-08-27 13:54:38,20750.0,300,Sell,235161358
2024-08-27 13:54:41,20800.0,500,Buy,235161398
2024-08-27 13:54:58,20750.0,200,Sell,235161733
2024-08-27 13:54:58,20750.0,100,Sell,235161734
2024-08-27 13:54:58,20750.0,900,Sell,235161735
2024-08-27 13:54:58,20750.0,100,Sell,235161736
2024-08-27 13:54:58,20750.0,100,Sell,235161737
2024-08-27 13:55:05,20750.0,900,Sell,235161841
2024-08-27 13:55:05,20750.0,100,Sell,235161842
2024-08-27 13:55:08,20750.0,200,Sell,235161902
2024-08-27 13:55:08,20750.0,200,Sell,235161900
2024-08-27 13:55:08,20750.0,400,Sell,235161899
2024-08-27 13:55:08,20750.0,200,Sell,235161901
2024-08-27 13:55:09,20800.0,1000,Buy,235161920
2024-08-27 13:56:06,20750.0,5000,Sell,235163169
2024-08-27 13:56:06,20750.0,500,Sell,235163200
2024-08-27 13:56:06,20750.0,1600,Sell,235163199
2024-08-27 13:56:06,20750.0,100,Sell,235163198
2024-08-27 13:56:06,20750.0,200,Sell,235163197
2024-08-27 13:56:06,20750.0,100,Sell,235163196
2024-08-27 13:56:06,20750.0,1000,Sell,235163195
2024-08-27 13:56:06,20750.0,1000,Sell,235163194
2024-08-27 13:56:06,20750.0,500,Sell,235163193
2024-08-27 13:56:06,20750.0,3000,Sell,235163192
2024-08-27 13:56:06,20750.0,500,Sell,235163191
2024-08-27 13:56:06,20750.0,100,Sell,235163190
2024-08-27 13:56:06,20750.0,100,Sell,235163189
2024-08-27 13:56:06,20750.0,100,Sell,235163186
2024-08-27 13:56:06,20750.0,100,Sell,235163185
2024-08-27 13:56:06,20750.0,200,Sell,235163188
2024-08-27 13:56:06,20750.0,200,Sell,235163183
2024-08-27 13:56:06,20750.0,100,Sell,235163170
2024-08-27 13:56:06,20750.0,100,Sell,235163171
2024-08-27 13:56:06,20750.0,500,Sell,235163172
2024-08-27 13:56:06,20750.0,2000,Sell,235163184
2024-08-27 13:56:06,20750.0,5000,Sell,235163174
2024-08-27 13:56:06,20750.0,1500,Sell,235163175
2024-08-27 13:56:06,20750.0,100,Sell,235163176
2024-08-27 13:56:06,20750.0,1000,Sell,235163173
2024-08-27 13:56:06,20750.0,100,Sell,235163178
2024-08-27 13:56:06,20750.0,800,Sell,235163179
2024-08-27 13:56:06,20750.0,100,Sell,235163180
2024-08-27 13:56:06,20750.0,100,Sell,235163181
2024-08-27 13:56:06,20750.0,100,Sell,235163182
2024-08-27 13:56:06,20750.0,100,Sell,235163177
2024-08-27 13:56:06,20750.0,400,Sell,235163187
2024-08-27 13:56:18,20750.0,200,Buy,235163406
2024-08-27 13:56:41,20750.0,100,Buy,235163844
2024-08-27 13:56:50,20750.0,300,Buy,235163995
2024-08-27 13:56:59,20750.0,200,Buy,235164193
2024-08-27 13:57:00,20700.0,2300,Sell,235164219
2024-08-27 13:57:00,20700.0,200,Sell,235164220
2024-08-27 13:57:02,20700.0,100,Sell,235164250
2024-08-27 13:57:06,20750.0,600,Buy,235164335
2024-08-27 13:57:06,20750.0,3400,Buy,235164333
2024-08-27 13:57:06,20750.0,1000,Buy,235164334
2024-08-27 13:57:07,20800.0,1400,Buy,235164361
2024-08-27 13:57:07,20750.0,600,Buy,235164360
2024-08-27 13:57:39,20750.0,100,Buy,235164995
2024-08-27 13:57:40,20750.0,800,Buy,235165003
2024-08-27 13:57:43,20700.0,2000,Sell,235165083
2024-08-27 13:57:53,20750.0,9100,Buy,235165231
2024-08-27 13:57:53,20750.0,900,Buy,235165232
2024-08-27 13:57:54,20750.0,3100,Buy,235165261
2024-08-27 13:57:54,20750.0,5000,Buy,235165262
2024-08-27 13:57:54,20800.0,26900,Buy,235165263
2024-08-27 13:58:07,20800.0,20900,Buy,235165522
2024-08-27 13:58:07,20800.0,4100,Buy,235165521
2024-08-27 13:58:24,20750.0,3900,Sell,235165822
2024-08-27 13:58:24,20750.0,500,Sell,235165823
2024-08-27 13:58:29,20750.0,1600,Buy,235165935
2024-08-27 13:59:24,20750.0,1000,Sell,235167125
2024-08-27 13:59:30,20750.0,400,Sell,235167251
2024-08-27 13:59:30,20750.0,100,Sell,235167252
2024-08-27 13:59:30,20750.0,500,Sell,235167253
2024-08-27 13:59:48,20800.0,1000,Buy,235167736
2024-08-27 14:00:19,20800.0,800,Buy,235168534
2024-08-27 14:00:40,20800.0,100,Buy,235169204
2024-08-27 14:00:59,20750.0,200,Sell,235169805
2024-08-27 14:00:59,20750.0,1000,Sell,235169806
2024-08-27 14:00:59,20750.0,100,Sell,235169807
2024-08-27 14:00:59,20750.0,200,Sell,235169808
2024-08-27 14:00:59,20750.0,500,Sell,235169804
2024-08-27 14:01:01,20750.0,500,Sell,235169931
2024-08-27 14:01:01,20750.0,500,Sell,235169930
2024-08-27 14:01:01,20750.0,400,Sell,235169932
2024-08-27 14:01:01,20750.0,500,Sell,235169928
2024-08-27 14:01:01,20750.0,300,Sell,235169927
2024-08-27 14:01:01,20750.0,1000,Sell,235169926
2024-08-27 14:01:01,20750.0,500,Sell,235169929
2024-08-27 14:01:05,20750.0,500,Buy,235170028
2024-08-27 14:01:15,20750.0,800,Buy,235170383
2024-08-27 14:01:15,20750.0,3200,Sell,235170384
2024-08-27 14:01:16,20750.0,1000,Buy,235170474
2024-08-27 14:01:17,20750.0,100,Buy,235170478
2024-08-27 14:01:18,20750.0,300,Buy,235170518
2024-08-27 14:01:18,20750.0,400,Buy,235170524
2024-08-27 14:01:25,20750.0,4000,Sell,235170744
2024-08-27 14:01:49,20750.0,700,Sell,235171475
2024-08-27 14:01:49,20750.0,600,Sell,235171473
2024-08-27 14:01:49,20750.0,1000,Sell,235171474
2024-08-27 14:02:30,20750.0,300,Sell,235172573
2024-08-27 14:02:34,20750.0,500,Sell,235172721
2024-08-27 14:02:38,20750.0,400,Sell,235172856
2024-08-27 14:02:38,20750.0,1000,Buy,235172894
2024-08-27 14:02:38,20750.0,100,Sell,235172865
2024-08-27 14:02:38,20750.0,500,Sell,235172862
2024-08-27 14:02:38,20750.0,1100,Sell,235172864
2024-08-27 14:02:38,20750.0,2500,Sell,235172860
2024-08-27 14:02:38,20750.0,1000,Sell,235172859
2024-08-27 14:02:38,20750.0,200,Sell,235172858
2024-08-27 14:02:38,20750.0,200,Sell,235172857
2024-08-27 14:02:38,20750.0,1900,Sell,235172861
2024-08-27 14:02:38,20750.0,100,Sell,235172863
2024-08-27 14:02:47,20750.0,100,Buy,235173112
2024-08-27 14:02:48,20750.0,2500,Buy,235173157
2024-08-27 14:02:51,20750.0,7400,Buy,235173222
2024-08-27 14:02:52,20750.0,1200,Sell,235173258
2024-08-27 14:02:57,20750.0,2500,Sell,235173381
2024-08-27 14:03:05,20750.0,100,Sell,235173544
2024-08-27 14:03:10,20750.0,2500,Sell,235173716
2024-08-27 14:03:27,20750.0,4100,Sell,235174227
2024-08-27 14:03:28,20750.0,2200,Sell,235174268
2024-08-27 14:03:28,20750.0,300,Sell,235174269
2024-08-27 14:03:28,20750.0,1000,Sell,235174270
2024-08-27 14:03:28,20750.0,300,Sell,235174271
2024-08-27 14:03:28,20750.0,100,Sell,235174272
2024-08-27 14:03:28,20750.0,100,Sell,235174273
2024-08-27 14:03:35,20750.0,1200,Sell,235174462
2024-08-27 14:03:35,20750.0,300,Sell,235174461
2024-08-27 14:03:39,20750.0,500,Buy,235174554
2024-08-27 14:04:08,20750.0,500,Sell,235175508
2024-08-27 14:04:13,20750.0,200,Sell,235175662
2024-08-27 14:04:22,20750.0,600,Sell,235176107
2024-08-27 14:04:22,20750.0,1500,Sell,235176109
2024-08-27 14:04:22,20750.0,100,Sell,235176108
2024-08-27 14:04:22,20750.0,1300,Sell,235176106
2024-08-27 14:04:22,20750.0,5000,Sell,235176110
2024-08-27 14:04:22,20750.0,500,Sell,235176104
2024-08-27 14:04:22,20750.0,900,Sell,235176100
2024-08-27 14:04:22,20750.0,2000,Sell,235176101
2024-08-27 14:04:22,20750.0,500,Sell,235176105
2024-08-27 14:04:22,20750.0,300,Sell,235176103
2024-08-27 14:04:22,20750.0,100,Sell,235176102
2024-08-27 14:04:41,20750.0,500,Buy,235176950
2024-08-27 14:04:49,20700.0,200,Sell,235177162
2024-08-27 14:04:49,20700.0,300,Sell,235177163
2024-08-27 14:04:55,20750.0,100,Buy,235177408
2024-08-27 14:04:58,20750.0,100,Buy,235177483
2024-08-27 14:05:05,20750.0,100,Buy,235177660
2024-08-27 14:05:08,20750.0,600,Buy,235177838
2024-08-27 14:05:13,20750.0,1000,Buy,235177971
2024-08-27 14:05:13,20750.0,100,Buy,235177970
2024-08-27 14:05:14,20750.0,1000,Buy,235177980
2024-08-27 14:05:14,20750.0,500,Buy,235177981
2024-08-27 14:05:14,20750.0,500,Buy,235177982
2024-08-27 14:05:21,20750.0,100,Sell,235178103
2024-08-27 14:05:28,20750.0,200,Buy,235178287
2024-08-27 14:05:29,20750.0,200,Sell,235178291
2024-08-27 14:05:36,20750.0,2000,Buy,235178521
2024-08-27 14:05:36,20750.0,100,Buy,235178512
2024-08-27 14:05:36,20750.0,100,Sell,235178497
2024-08-27 14:05:36,20750.0,200,Sell,235178496
2024-08-27 14:05:36,20750.0,500,Sell,235178498
2024-08-27 14:05:41,20750.0,500,Buy,235178659
2024-08-27 14:05:48,20750.0,10000,Buy,235178787
2024-08-27 14:05:54,20750.0,2000,Buy,235178945
2024-08-27 14:05:58,20750.0,2900,Buy,235179039
2024-08-27 14:05:59,20750.0,100,Buy,235179084
2024-08-27 14:06:00,20750.0,200,Buy,235179104
2024-08-27 14:06:06,20750.0,5700,Buy,235179231
2024-08-27 14:06:13,20750.0,2000,Sell,235179442
2024-08-27 14:06:57,20750.0,1000,Sell,235180775
2024-08-27 14:07:13,20800.0,1400,Buy,235181215
2024-08-27 14:07:18,20800.0,500,Buy,235181326
2024-08-27 14:07:29,20800.0,500,Buy,235181630
2024-08-27 14:07:30,20800.0,100,Buy,235181657
2024-08-27 14:07:33,20750.0,400,Sell,235181751
2024-08-27 14:07:33,20750.0,100,Sell,235181752
2024-08-27 14:07:33,20750.0,3000,Sell,235181753
2024-08-27 14:07:33,20750.0,500,Sell,235181754
2024-08-27 14:07:33,20750.0,500,Sell,235181755
2024-08-27 14:07:33,20750.0,100,Sell,235181756
2024-08-27 14:07:33,20750.0,400,Sell,235181757
2024-08-27 14:07:35,20800.0,1500,Buy,235181833
2024-08-27 14:07:37,20800.0,200,Buy,235181889
2024-08-27 14:07:50,20800.0,9800,Buy,235182289
2024-08-27 14:07:54,20750.0,500,Sell,235182475
2024-08-27 14:08:01,20800.0,2000,Buy,235182655
2024-08-27 14:08:18,20800.0,400,Buy,235183215
2024-08-27 14:08:27,20800.0,6000,Buy,235183470
2024-08-27 14:08:48,20800.0,100,Buy,235184096
2024-08-27 14:08:57,20800.0,1000,Buy,235184281
2024-08-27 14:09:08,20800.0,700,Buy,235184593
2024-08-27 14:09:09,20800.0,500,Buy,235184655
2024-08-27 14:09:11,20750.0,900,Sell,235184673
2024-08-27 14:09:24,20750.0,1200,Sell,235184981
2024-08-27 14:09:24,20750.0,1000,Sell,235184983
2024-08-27 14:09:24,20750.0,500,Sell,235184984
2024-08-27 14:09:24,20750.0,900,Sell,235184985
2024-08-27 14:09:24,20750.0,1100,Sell,235184986
2024-08-27 14:09:24,20750.0,1800,Sell,235184987
2024-08-27 14:09:24,20750.0,500,Sell,235184982
2024-08-27 14:09:39,20750.0,500,Sell,235185395
2024-08-27 14:09:39,20750.0,300,Sell,235185396
2024-08-27 14:09:39,20750.0,200,Sell,235185394
2024-08-27 14:09:39,20750.0,200,Sell,235185392
2024-08-27 14:09:39,20750.0,200,Sell,235185391
2024-08-27 14:09:39,20750.0,100,Sell,235185393
2024-08-27 14:09:56,20750.0,1000,Sell,235185755
2024-08-27 14:10:04,20750.0,500,Sell,235185930
2024-08-27 14:10:40,20750.0,200,Sell,235186857
2024-08-27 14:10:40,20750.0,200,Sell,235186856
2024-08-27 14:10:40,20750.0,1000,Sell,235186855
2024-08-27 14:10:40,20750.0,2000,Sell,235186854
2024-08-27 14:10:40,20750.0,200,Sell,235186852
2024-08-27 14:10:40,20750.0,100,Sell,235186851
2024-08-27 14:10:40,20750.0,200,Sell,235186850
2024-08-27 14:10:40,20750.0,100,Sell,235186853
2024-08-27 14:10:50,20750.0,3600,Sell,235187063
2024-08-27 14:10:57,20750.0,1300,Sell,235187250
2024-08-27 14:11:08,20750.0,200,Sell,235187604
2024-08-27 14:11:15,20750.0,3500,Sell,235187803
2024-08-27 14:11:15,20750.0,2700,Sell,235187804
2024-08-27 14:11:15,20750.0,100,Sell,235187802
2024-08-27 14:11:15,20750.0,700,Sell,235187801
2024-08-27 14:11:19,20750.0,2300,Sell,235187920
2024-08-27 14:11:19,20750.0,100,Sell,235187921
2024-08-27 14:11:19,20750.0,100,Sell,235187922
2024-08-27 14:11:19,20750.0,100,Sell,235187923
2024-08-27 14:11:19,20750.0,100,Sell,235187924
2024-08-27 14:11:19,20750.0,1000,Sell,235187925
2024-08-27 14:11:19,20750.0,2000,Sell,235187926
2024-08-27 14:11:19,20750.0,4300,Sell,235187927
2024-08-27 14:11:23,20750.0,700,Sell,235188100
2024-08-27 14:11:23,20750.0,1000,Buy,235188103
2024-08-27 14:11:37,20750.0,1300,Buy,235188474
2024-08-27 14:11:37,20750.0,2000,Buy,235188475
2024-08-27 14:11:37,20750.0,100,Buy,235188476
2024-08-27 14:11:37,20750.0,600,Buy,235188477
2024-08-27 14:11:43,20750.0,100,Buy,235188623
2024-08-27 14:11:57,20750.0,200,Buy,235188988
2024-08-27 14:12:29,20750.0,500,Buy,235189823
2024-08-27 14:12:29,20750.0,100,Buy,235189822
2024-08-27 14:12:29,20750.0,4000,Buy,235189821
2024-08-27 14:12:44,20750.0,1000,Buy,235190317
2024-08-27 14:12:47,20750.0,100,Buy,235190395
2024-08-27 14:12:50,20750.0,800,Buy,235190526
2024-08-27 14:12:54,20750.0,100,Buy,235190658
2024-08-27 14:13:26,20750.0,200,Buy,235191499
2024-08-27 14:13:38,20700.0,200,Sell,235191869
2024-08-27 14:13:38,20700.0,200,Sell,235191870
2024-08-27 14:13:38,20700.0,100,Sell,235191873
2024-08-27 14:13:38,20700.0,1000,Sell,235191872
2024-08-27 14:13:38,20700.0,1000,Sell,235191874
2024-08-27 14:13:38,20700.0,1000,Sell,235191868
2024-08-27 14:13:38,20700.0,500,Sell,235191876
2024-08-27 14:13:38,20700.0,500,Sell,235191877
2024-08-27 14:13:38,20700.0,100,Sell,235191880
2024-08-27 14:13:38,20700.0,900,Sell,235191881
2024-08-27 14:13:38,20700.0,100,Sell,235191875
2024-08-27 14:13:38,20700.0,100,Sell,235191867
2024-08-27 14:13:38,20700.0,1000,Sell,235191879
2024-08-27 14:13:38,20700.0,100,Sell,235191865
2024-08-27 14:13:38,20700.0,100,Sell,235191866
2024-08-27 14:13:38,20700.0,700,Sell,235191853
2024-08-27 14:13:38,20700.0,100,Sell,235191854
2024-08-27 14:13:38,20700.0,1000,Sell,235191855
2024-08-27 14:13:38,20700.0,100,Sell,235191856
2024-08-27 14:13:38,20700.0,100,Sell,235191857
2024-08-27 14:13:38,20700.0,100,Sell,235191878
2024-08-27 14:13:38,20700.0,100,Sell,235191859
2024-08-27 14:13:38,20700.0,100,Sell,235191864
2024-08-27 14:13:38,20700.0,100,Sell,235191863
2024-08-27 14:13:38,20700.0,100,Sell,235191862
2024-08-27 14:13:38,20700.0,200,Sell,235191858
2024-08-27 14:13:38,20700.0,100,Sell,235191861
2024-08-27 14:13:38,20700.0,300,Sell,235191860
2024-08-27 14:13:43,20750.0,2000,Buy,235192060
2024-08-27 14:13:49,20700.0,200,Sell,235192262
2024-08-27 14:13:49,20700.0,200,Sell,235192263
2024-08-27 14:13:49,20700.0,500,Sell,235192264
2024-08-27 14:13:49,20700.0,100,Sell,235192265
2024-08-27 14:13:53,20700.0,100,Sell,235192389
2024-08-27 14:13:53,20700.0,100,Sell,235192390
2024-08-27 14:13:53,20700.0,1000,Sell,235192391
2024-08-27 14:13:53,20700.0,500,Sell,235192392
2024-08-27 14:13:53,20700.0,100,Sell,235192393
2024-08-27 14:13:53,20700.0,500,Sell,235192387
2024-08-27 14:13:53,20700.0,500,Sell,235192395
2024-08-27 14:13:53,20700.0,100,Sell,235192396
2024-08-27 14:13:53,20700.0,500,Sell,235192388
2024-08-27 14:13:53,20700.0,100,Sell,235192398
2024-08-27 14:13:53,20700.0,7700,Sell,235192399
2024-08-27 14:13:53,20700.0,1000,Sell,235192394
2024-08-27 14:13:53,20700.0,1400,Sell,235192397
2024-08-27 14:13:53,20700.0,200,Sell,235192381
2024-08-27 14:13:53,20700.0,200,Sell,235192382
2024-08-27 14:13:53,20700.0,400,Sell,235192370
2024-08-27 14:13:53,20700.0,100,Sell,235192371
2024-08-27 14:13:53,20700.0,100,Sell,235192372
2024-08-27 14:13:53,20700.0,500,Sell,235192383
2024-08-27 14:13:53,20700.0,100,Sell,235192374
2024-08-27 14:13:53,20700.0,300,Sell,235192375
2024-08-27 14:13:53,20700.0,300,Sell,235192373
2024-08-27 14:13:53,20700.0,500,Sell,235192377
2024-08-27 14:13:53,20700.0,1300,Sell,235192378
2024-08-27 14:13:53,20700.0,5000,Sell,235192379
2024-08-27 14:13:53,20700.0,2000,Sell,235192380
2024-08-27 14:13:53,20700.0,400,Sell,235192376
2024-08-27 14:13:57,20700.0,1000,Sell,235192527
2024-08-27 14:13:57,20700.0,1000,Sell,235192526
2024-08-27 14:13:57,20700.0,100,Sell,235192525
2024-08-27 14:13:57,20700.0,1000,Sell,235192522
2024-08-27 14:13:57,20700.0,200,Sell,235192524
2024-08-27 14:13:57,20700.0,100,Sell,235192523
2024-08-27 14:13:57,20700.0,800,Sell,235192528
2024-08-27 14:13:57,20700.0,100,Sell,235192521
2024-08-27 14:13:57,20700.0,1000,Sell,235192519
2024-08-27 14:13:57,20700.0,5000,Sell,235192520
2024-08-27 14:13:57,20700.0,12300,Sell,235192514
2024-08-27 14:13:57,20700.0,100,Sell,235192517
2024-08-27 14:13:57,20700.0,200,Sell,235192516
2024-08-27 14:13:57,20700.0,100,Sell,235192515
2024-08-27 14:13:57,20700.0,2000,Sell,235192518
2024-08-27 14:14:18,20700.0,1000,Sell,235193621
2024-08-27 14:14:23,20700.0,200,Sell,235193790
2024-08-27 14:14:23,20700.0,2000,Sell,235193789
2024-08-27 14:14:23,20700.0,200,Sell,235193788
2024-08-27 14:14:23,20700.0,3000,Sell,235193787
2024-08-27 14:14:23,20700.0,200,Sell,235193786
2024-08-27 14:14:23,20700.0,1100,Sell,235193791
2024-08-27 14:14:23,20700.0,300,Sell,235193784
2024-08-27 14:14:23,20700.0,200,Sell,235193783
2024-08-27 14:14:23,20700.0,1000,Sell,235193782
2024-08-27 14:14:23,20700.0,500,Sell,235193781
2024-08-27 14:14:23,20700.0,100,Sell,235193780
2024-08-27 14:14:23,20700.0,1000,Sell,235193779
2024-08-27 14:14:23,20700.0,200,Sell,235193778
2024-08-27 14:14:23,20700.0,1000,Sell,235193785
2024-08-27 14:14:23,20700.0,100,Sell,235193777
2024-08-27 14:14:23,20700.0,1000,Sell,235193774
2024-08-27 14:14:23,20700.0,1200,Sell,235193761
2024-08-27 14:14:23,20700.0,100,Sell,235193762
2024-08-27 14:14:23,20700.0,200,Sell,235193763
2024-08-27 14:14:23,20700.0,500,Sell,235193776
2024-08-27 14:14:23,20700.0,400,Sell,235193765
2024-08-27 14:14:23,20700.0,500,Sell,235193766
2024-08-27 14:14:23,20700.0,100,Sell,235193764
2024-08-27 14:14:23,20700.0,100,Sell,235193768
2024-08-27 14:14:23,20700.0,200,Sell,235193769
2024-08-27 14:14:23,20700.0,1300,Sell,235193770
2024-08-27 14:14:23,20700.0,1000,Sell,235193771
2024-08-27 14:14:23,20700.0,1000,Sell,235193772
2024-08-27 14:14:23,20700.0,100,Sell,235193773
2024-08-27 14:14:23,20700.0,1000,Sell,235193767
2024-08-27 14:14:23,20700.0,200,Sell,235193775
2024-08-27 14:14:27,20700.0,1000,Sell,235194114
2024-08-27 14:14:30,20700.0,200,Sell,235194288
2024-08-27 14:14:30,20700.0,900,Sell,235194291
2024-08-27 14:14:30,20700.0,500,Sell,235194290
2024-08-27 14:14:30,20700.0,100,Sell,235194289
2024-08-27 14:14:30,20700.0,300,Sell,235194287
2024-08-27 14:14:30,20700.0,2000,Sell,235194285
2024-08-27 14:14:30,20700.0,400,Sell,235194283
2024-08-27 14:14:30,20700.0,100,Sell,235194286
2024-08-27 14:14:30,20700.0,500,Sell,235194284
2024-08-27 14:14:31,20700.0,1000,Sell,235194307
2024-08-27 14:14:42,20700.0,300,Sell,235194619
2024-08-27 14:14:43,20700.0,400,Sell,235194640
2024-08-27 14:14:43,20700.0,200,Sell,235194641
2024-08-27 14:14:43,20700.0,200,Sell,235194642
2024-08-27 14:14:43,20700.0,1000,Sell,235194643
2024-08-27 14:14:43,20700.0,100,Sell,235194644
2024-08-27 14:14:43,20700.0,400,Sell,235194645
2024-08-27 14:14:43,20700.0,300,Sell,235194646
2024-08-27 14:14:43,20700.0,400,Sell,235194647
2024-08-27 14:15:00,20700.0,200,Sell,235195148
2024-08-27 14:15:00,20700.0,400,Sell,235195147
2024-08-27 14:15:00,20700.0,2000,Sell,235195146
2024-08-27 14:15:00,20700.0,100,Sell,235195143
2024-08-27 14:15:00,20700.0,1000,Sell,235195144
2024-08-27 14:15:00,20700.0,100,Sell,235195145
2024-08-27 14:15:00,20700.0,600,Sell,235195142
2024-08-27 14:15:08,20700.0,1000,Sell,235195321
2024-08-27 14:15:08,20700.0,500,Sell,235195323
2024-08-27 14:15:30,20700.0,1000,Sell,235195914
2024-08-27 14:15:32,20700.0,100,Sell,235195968
2024-08-27 14:15:36,20700.0,500,Sell,235196142
2024-08-27 14:15:42,20750.0,1900,Buy,235196409
2024-08-27 14:16:02,20750.0,600,Buy,235197040
2024-08-27 14:16:02,20750.0,400,Buy,235197041
2024-08-27 14:16:30,20750.0,100,Buy,235197819
2024-08-27 14:16:30,20750.0,100,Buy,235197820
2024-08-27 14:16:49,20750.0,200,Buy,235198522
2024-08-27 14:16:50,20750.0,4700,Buy,235198578
2024-08-27 14:16:50,20750.0,1000,Buy,235198579
2024-08-27 14:16:50,20750.0,300,Buy,235198580
2024-08-27 14:17:00,20750.0,500,Buy,235198920
2024-08-27 14:17:12,20750.0,300,Buy,235199376
2024-08-27 14:17:24,20750.0,100,Buy,235199846
2024-08-27 14:17:38,20750.0,1000,Buy,235200292
2024-08-27 14:18:28,20750.0,1000,Buy,235201849
2024-08-27 14:18:53,20750.0,300,Buy,235202536
2024-08-27 14:18:53,20750.0,1700,Buy,235202537
2024-08-27 14:19:22,20750.0,200,Buy,235203237
2024-08-27 14:19:29,20750.0,100,Buy,235203383
2024-08-27 14:19:32,20700.0,4000,Sell,235203462
2024-08-27 14:19:32,20700.0,1600,Sell,235203463
2024-08-27 14:19:32,20700.0,600,Sell,235203464
2024-08-27 14:19:32,20700.0,200,Sell,235203465
2024-08-27 14:19:32,20700.0,100,Sell,235203466
2024-08-27 14:19:37,20700.0,900,Sell,235203599
2024-08-27 14:19:37,20700.0,100,Sell,235203600
2024-08-27 14:19:50,20700.0,500,Sell,235203877
2024-08-27 14:19:50,20700.0,1200,Sell,235203878
2024-08-27 14:20:01,20750.0,1000,Buy,235204242
2024-08-27 14:20:04,20700.0,100,Sell,235204341
2024-08-27 14:20:10,20750.0,100,Buy,235204466
2024-08-27 14:20:11,20750.0,200,Buy,235204507
2024-08-27 14:20:29,20750.0,200,Buy,235204939
2024-08-27 14:20:40,20750.0,500,Buy,235205197
2024-08-27 14:20:40,20750.0,500,Buy,235205198
2024-08-27 14:20:41,20750.0,100,Buy,235205207
2024-08-27 14:20:57,20750.0,100,Buy,235205835
2024-08-27 14:21:19,20750.0,100,Buy,235206661
2024-08-27 14:21:25,20750.0,500,Buy,235206830
2024-08-27 14:21:40,20700.0,100,Sell,235207290
2024-08-27 14:21:42,20750.0,100,Buy,235207349
2024-08-27 14:21:57,20750.0,1800,Buy,235207794
2024-08-27 14:21:57,20750.0,300,Buy,235207795
2024-08-27 14:21:57,20750.0,800,Buy,235207793
2024-08-27 14:21:57,20750.0,2200,Buy,235207796
2024-08-27 14:21:57,20750.0,1000,Buy,235207791
2024-08-27 14:21:57,20750.0,200,Buy,235207790
2024-08-27 14:21:57,20750.0,3600,Buy,235207789
2024-08-27 14:21:57,20750.0,5000,Buy,235207778
2024-08-27 14:21:57,20750.0,3000,Buy,235207792
2024-08-27 14:22:23,20750.0,300,Sell,235208706
2024-08-27 14:22:29,20800.0,100,Buy,235208913
2024-08-27 14:22:29,20800.0,1800,Buy,235208920
2024-08-27 14:22:31,20750.0,2000,Sell,235208994
2024-08-27 14:22:31,20750.0,17800,Sell,235208992
2024-08-27 14:22:31,20750.0,200,Sell,235208993
2024-08-27 14:22:39,20750.0,100,Sell,235209281
2024-08-27 14:22:48,20750.0,100,Sell,235209720
2024-08-27 14:22:53,20700.0,100,Sell,235209904
2024-08-27 14:22:53,20700.0,100,Sell,235209900
2024-08-27 14:22:53,20700.0,200,Sell,235209901
2024-08-27 14:22:53,20700.0,400,Sell,235209902
2024-08-27 14:22:53,20700.0,1000,Sell,235209903
2024-08-27 14:22:53,20700.0,200,Sell,235209922
2024-08-27 14:22:53,20700.0,1000,Sell,235209928
2024-08-27 14:22:53,20700.0,4700,Sell,235209924
2024-08-27 14:22:53,20700.0,2000,Sell,235209899
2024-08-27 14:22:53,20700.0,1000,Sell,235209925
2024-08-27 14:22:53,20700.0,200,Sell,235209926
2024-08-27 14:22:53,20700.0,100,Sell,235209927
2024-08-27 14:22:53,20700.0,400,Sell,235209929
2024-08-27 14:22:53,20700.0,1000,Sell,235209923
2024-08-27 14:22:53,20700.0,1000,Sell,235209898
2024-08-27 14:22:53,20750.0,200,Sell,235209886
2024-08-27 14:22:53,20700.0,2900,Sell,235209896
2024-08-27 14:22:53,20750.0,300,Sell,235209878
2024-08-27 14:22:53,20750.0,200,Sell,235209879
2024-08-27 14:22:53,20750.0,500,Sell,235209880
2024-08-27 14:22:53,20750.0,1000,Sell,235209884
2024-08-27 14:22:53,20750.0,300,Sell,235209885
2024-08-27 14:22:53,20750.0,1700,Sell,235209887
2024-08-27 14:22:53,20750.0,2000,Sell,235209888
2024-08-27 14:22:53,20700.0,200,Sell,235209897
2024-08-27 14:22:53,20700.0,600,Sell,235209890
2024-08-27 14:22:53,20700.0,500,Sell,235209891
2024-08-27 14:22:53,20700.0,47000,Sell,235209892
2024-08-27 14:22:53,20700.0,100,Sell,235209893
2024-08-27 14:22:53,20700.0,3000,Sell,235209894
2024-08-27 14:22:53,20700.0,100,Sell,235209895
2024-08-27 14:22:53,20750.0,2000,Sell,235209889
2024-08-27 14:23:50,20750.0,100,Sell,235212214
2024-08-27 14:23:50,20750.0,400,Sell,235212215
2024-08-27 14:24:04,20750.0,900,Sell,235212745
2024-08-27 14:24:08,20800.0,100,Buy,235212926
2024-08-27 14:24:15,20800.0,100,Buy,235213312
2024-08-27 14:24:30,20800.0,1000,Buy,235213881
2024-08-27 14:24:37,20800.0,300,Buy,235214166
2024-08-27 14:24:44,20800.0,100,Buy,235214460
2024-08-27 14:25:02,20750.0,1000,Sell,235215090
2024-08-27 14:25:03,20800.0,100,Buy,235215115
2024-08-27 14:25:06,20800.0,200,Buy,235215310
2024-08-27 14:25:08,20750.0,9000,Sell,235215372
2024-08-27 14:25:13,20800.0,1300,Buy,235215516
2024-08-27 14:25:13,20800.0,700,Buy,235215517
2024-08-27 14:25:26,20800.0,1000,Buy,235215988
2024-08-27 14:25:31,20750.0,600,Sell,235216196
2024-08-27 14:26:02,20800.0,700,Buy,235217418
2024-08-27 14:26:02,20800.0,400,Buy,235217419
2024-08-27 14:26:02,20800.0,100,Buy,235217420
2024-08-27 14:26:02,20800.0,300,Buy,235217421
2024-08-27 14:26:02,20800.0,3500,Buy,235217422
2024-08-27 14:26:17,20800.0,200,Buy,235218035
2024-08-27 14:26:34,20800.0,800,Buy,235218701
2024-08-27 14:26:36,20800.0,500,Buy,235218780
2024-08-27 14:26:48,20800.0,900,Buy,235219183
2024-08-27 14:27:00,20800.0,100,Buy,235219663
2024-08-27 14:27:09,20750.0,500,Sell,235219970
2024-08-27 14:27:10,20800.0,100,Buy,235220021
2024-08-27 14:27:11,20750.0,1000,Sell,235220057
2024-08-27 14:27:24,20750.0,4000,Sell,235220546
2024-08-27 14:28:02,20750.0,800,Sell,235222031
2024-08-27 14:28:04,20800.0,100,Buy,235222159
2024-08-27 14:28:13,20800.0,100,Buy,235222513
2024-08-27 14:28:35,20800.0,100,Buy,235223421
2024-08-27 14:28:35,20800.0,1000,Buy,235223408
2024-08-27 14:28:36,20750.0,300,Sell,235223430
2024-08-27 14:28:47,20800.0,1500,Buy,235223843
2024-08-27 14:28:51,20800.0,2000,Buy,235224025
2024-08-27 14:29:07,20750.0,500,Sell,235224902
2024-08-27 14:29:08,20750.0,400,Sell,235224941
2024-08-27 14:29:08,20750.0,100,Sell,235224942
2024-08-27 14:29:12,20800.0,900,Buy,235225139
2024-08-27 14:29:22,20750.0,400,Sell,235225590
2024-08-27 14:29:22,20750.0,200,Sell,235225591
2024-08-27 14:29:26,20750.0,800,Sell,235225702
2024-08-27 14:29:26,20750.0,600,Sell,235225715
2024-08-27 14:29:26,20750.0,2000,Sell,235225714
2024-08-27 14:29:26,20750.0,800,Sell,235225713
2024-08-27 14:29:26,20750.0,100,Sell,235225712
2024-08-27 14:29:26,20750.0,200,Sell,235225711
2024-08-27 14:29:26,20750.0,100,Sell,235225710
2024-08-27 14:29:26,20750.0,100,Sell,235225708
2024-08-27 14:29:26,20750.0,100,Sell,235225707
2024-08-27 14:29:26,20750.0,400,Sell,235225706
2024-08-27 14:29:26,20750.0,100,Sell,235225705
2024-08-27 14:29:26,20750.0,100,Sell,235225704
2024-08-27 14:29:26,20750.0,100,Sell,235225703
2024-08-27 14:29:26,20750.0,1500,Sell,235225709
2024-08-27 14:29:36,20750.0,500,Sell,235226055
2024-08-27 14:44:41,20800.0,69300,ATO/ATC,235227156
