time,price,volume,match_type,id
2024-08-20 12:59:40,21000.0,100,Buy,233056440
2024-08-20 12:59:41,21000.0,400,Buy,233056719
2024-08-20 12:59:42,21100.0,500,Buy,233056933
2024-08-20 12:59:43,21000.0,100,Sell,233057204
2024-08-20 12:59:48,21000.0,1000,Sell,233058200
2024-08-20 12:59:48,20850.0,1000,Sell,233058206
2024-08-20 12:59:48,20900.0,100,Sell,233058205
2024-08-20 12:59:48,21000.0,100,Sell,233058204
2024-08-20 12:59:48,21000.0,300,Sell,233058199
2024-08-20 12:59:48,21000.0,300,Sell,233058202
2024-08-20 12:59:48,21000.0,200,Sell,233058203
2024-08-20 12:59:48,21000.0,2000,Sell,233058201
2024-08-20 12:59:53,20850.0,1000,Buy,233058973
2024-08-20 12:59:53,20850.0,600,Buy,233058974
2024-08-20 12:59:53,20850.0,200,Buy,233059040
2024-08-20 12:59:53,20850.0,500,Buy,233059041
2024-08-20 13:00:03,20850.0,700,Buy,233059752
2024-08-20 13:00:03,20800.0,400,Sell,233059738
2024-08-20 13:00:03,20800.0,600,Sell,233059737
2024-08-20 13:00:03,20850.0,100,Buy,233059749
2024-08-20 13:00:03,20850.0,1000,Buy,233059735
2024-08-20 13:00:03,20850.0,100,Buy,233059734
2024-08-20 13:00:03,20800.0,400,Sell,233059733
2024-08-20 13:00:03,20850.0,200,Buy,233059736
2024-08-20 13:00:04,20800.0,18600,Sell,233059774
2024-08-20 13:00:04,20800.0,200,Sell,233059775
2024-08-20 13:00:04,20800.0,200,Sell,233059776
2024-08-20 13:00:04,20800.0,200,Sell,233059777
2024-08-20 13:00:04,20800.0,21400,Sell,233059778
2024-08-20 13:00:31,20900.0,300,Buy,233061031
2024-08-20 13:00:34,20800.0,1100,Sell,233061106
2024-08-20 13:00:34,20800.0,400,Sell,233061107
2024-08-20 13:00:34,20800.0,1000,Sell,233061105
2024-08-20 13:00:34,20800.0,200,Sell,233061108
2024-08-20 13:00:34,20800.0,2300,Sell,233061103
2024-08-20 13:00:34,20800.0,8300,Sell,233061102
2024-08-20 13:00:34,20800.0,500,Sell,233061104
2024-08-20 13:00:34,20800.0,300,Sell,233061098
2024-08-20 13:00:56,20800.0,200,Sell,233061995
2024-08-20 13:00:57,20900.0,500,Buy,233062044
2024-08-20 13:00:58,20800.0,100,Sell,233062069
2024-08-20 13:00:59,20800.0,3000,Sell,233062092
2024-08-20 13:00:59,20800.0,100,Sell,233062093
2024-08-20 13:00:59,20800.0,100,Sell,233062094
2024-08-20 13:00:59,20800.0,1800,Sell,233062095
2024-08-20 13:01:12,21000.0,300,Buy,233062695
2024-08-20 13:01:12,20900.0,900,Buy,233062693
2024-08-20 13:01:12,21000.0,600,Buy,233062694
2024-08-20 13:01:12,20900.0,3000,Buy,233062691
2024-08-20 13:01:12,20900.0,200,Buy,233062690
2024-08-20 13:01:12,20900.0,1000,Buy,233062692
2024-08-20 13:01:13,21000.0,100,Sell,233062715
2024-08-20 13:01:14,21000.0,2000,Sell,233062783
2024-08-20 13:01:24,21000.0,1800,Sell,233063117
2024-08-20 13:01:26,21000.0,5000,Sell,233063174
2024-08-20 13:01:35,21000.0,1000,Sell,233063508
2024-08-20 13:01:40,21000.0,4100,Sell,233063653
2024-08-20 13:01:40,21000.0,100,Sell,233063654
2024-08-20 13:01:40,21000.0,500,Sell,233063655
2024-08-20 13:01:47,21000.0,2000,Buy,233063940
2024-08-20 13:01:55,21050.0,500,Buy,233064190
2024-08-20 13:01:55,21000.0,2300,Buy,233064187
2024-08-20 13:01:55,21000.0,200,Buy,233064188
2024-08-20 13:01:55,21000.0,1000,Buy,233064189
2024-08-20 13:01:58,21000.0,200,Buy,233064342
2024-08-20 13:02:09,21000.0,200,Buy,233064674
2024-08-20 13:02:11,20900.0,100,Sell,233064722
2024-08-20 13:02:23,20900.0,500,Sell,233065088
2024-08-20 13:02:23,20900.0,600,Sell,233065089
2024-08-20 13:02:26,20900.0,500,Sell,233065177
2024-08-20 13:02:33,21000.0,400,Buy,233065376
2024-08-20 13:02:50,21000.0,900,Buy,233065901
2024-08-20 13:03:00,21000.0,100,Buy,233066268
2024-08-20 13:03:11,20900.0,500,Sell,233066575
2024-08-20 13:03:11,21000.0,400,Buy,233066593
2024-08-20 13:03:11,21000.0,300,Buy,233066594
2024-08-20 13:03:11,21000.0,300,Buy,233066595
2024-08-20 13:03:24,21000.0,200,Buy,233067136
2024-08-20 13:03:57,20900.0,100,Sell,233068406
2024-08-20 13:03:57,20900.0,100,Sell,233068405
2024-08-20 13:03:57,20900.0,200,Sell,233068404
2024-08-20 13:03:57,20900.0,400,Sell,233068403
2024-08-20 13:04:39,20900.0,300,Sell,233070315
2024-08-20 13:04:39,20900.0,200,Sell,233070316
2024-08-20 13:04:47,20900.0,300,Sell,233070555
2024-08-20 13:04:47,20900.0,100,Sell,233070556
2024-08-20 13:04:47,20900.0,600,Sell,233070557
2024-08-20 13:04:52,20950.0,200,Buy,233070748
2024-08-20 13:04:52,20950.0,700,Buy,233070749
2024-08-20 13:04:54,20900.0,200,Sell,233070861
2024-08-20 13:04:54,20900.0,400,Sell,233070860
2024-08-20 13:04:54,20900.0,500,Sell,233070857
2024-08-20 13:04:54,20900.0,500,Sell,233070856
2024-08-20 13:04:54,20900.0,500,Sell,233070855
2024-08-20 13:04:54,20900.0,100,Sell,233070852
2024-08-20 13:04:54,20900.0,100,Sell,233070853
2024-08-20 13:04:54,20900.0,5000,Sell,233070851
2024-08-20 13:04:54,20900.0,300,Sell,233070850
2024-08-20 13:04:54,20900.0,400,Sell,233070849
2024-08-20 13:04:54,20900.0,100,Sell,233070854
2024-08-20 13:05:02,20900.0,100,Buy,233071258
2024-08-20 13:05:08,20900.0,200,Buy,233071436
2024-08-20 13:05:29,20900.0,100,Buy,233072342
2024-08-20 13:05:30,20900.0,100,Buy,233072377
2024-08-20 13:05:40,20850.0,100,Sell,233073224
2024-08-20 13:05:40,20850.0,2900,Sell,233073225
2024-08-20 13:05:43,20850.0,1000,Sell,233073369
2024-08-20 13:05:47,20900.0,600,Buy,233073558
2024-08-20 13:05:52,20900.0,200,Buy,233073702
2024-08-20 13:05:58,20850.0,1100,Sell,233073857
2024-08-20 13:05:59,20850.0,100,Sell,233073860
2024-08-20 13:05:59,20850.0,100,Sell,233073861
2024-08-20 13:05:59,20850.0,100,Sell,233073862
2024-08-20 13:05:59,20850.0,500,Sell,233073863
2024-08-20 13:05:59,20850.0,100,Sell,233073864
2024-08-20 13:05:59,20850.0,500,Sell,233073865
2024-08-20 13:05:59,20850.0,2500,Sell,233073866
2024-08-20 13:06:02,20900.0,700,Buy,233074139
2024-08-20 13:06:02,20900.0,3500,Buy,233074138
2024-08-20 13:06:02,20900.0,5000,Buy,233074137
2024-08-20 13:06:02,20900.0,800,Buy,233074136
2024-08-20 13:06:04,20850.0,1000,Sell,233074253
2024-08-20 13:06:04,20850.0,100,Sell,233074261
2024-08-20 13:06:04,20850.0,1000,Sell,233074260
2024-08-20 13:06:04,20850.0,200,Sell,233074259
2024-08-20 13:06:04,20850.0,100,Sell,233074258
2024-08-20 13:06:04,20850.0,12500,Sell,233074252
2024-08-20 13:06:04,20850.0,200,Sell,233074256
2024-08-20 13:06:04,20850.0,100,Sell,233074255
2024-08-20 13:06:04,20850.0,500,Sell,233074254
2024-08-20 13:06:04,20850.0,100,Sell,233074257
2024-08-20 13:06:09,20800.0,100,Sell,233074429
2024-08-20 13:06:15,20850.0,100,Buy,233074654
2024-08-20 13:06:16,20800.0,300,Sell,233074701
2024-08-20 13:06:16,20800.0,200,Sell,233074700
2024-08-20 13:06:16,20800.0,500,Sell,233074698
2024-08-20 13:06:16,20800.0,100,Sell,233074699
2024-08-20 13:06:16,20800.0,200,Sell,233074695
2024-08-20 13:06:16,20800.0,3100,Sell,233074694
2024-08-20 13:06:16,20800.0,100,Sell,233074697
2024-08-20 13:06:16,20800.0,500,Sell,233074696
2024-08-20 13:06:18,20850.0,100,Buy,233074805
2024-08-20 13:06:23,20850.0,100,Buy,233075051
2024-08-20 13:06:25,20850.0,3500,Buy,233075112
2024-08-20 13:06:25,20850.0,200,Buy,233075113
2024-08-20 13:06:25,20850.0,300,Buy,233075114
2024-08-20 13:06:25,20850.0,300,Buy,233075115
2024-08-20 13:06:33,20800.0,1100,Sell,233075371
2024-08-20 13:06:33,20850.0,100,Sell,233075369
2024-08-20 13:06:33,20850.0,700,Sell,233075368
2024-08-20 13:06:33,20850.0,100,Sell,233075370
2024-08-20 13:06:45,20850.0,100,Buy,233075971
2024-08-20 13:06:56,20850.0,1000,Buy,233076555
2024-08-20 13:06:57,20850.0,100,Buy,233076658
2024-08-20 13:06:57,20850.0,500,Buy,233076674
2024-08-20 13:06:59,20850.0,100,Buy,233076842
2024-08-20 13:07:00,20850.0,100,Buy,233076864
2024-08-20 13:07:03,20850.0,3100,Buy,233077012
2024-08-20 13:07:03,20850.0,1400,Buy,233077013
2024-08-20 13:07:03,20850.0,3000,Buy,233077014
2024-08-20 13:07:03,20850.0,200,Buy,233077015
2024-08-20 13:07:10,20850.0,300,Sell,233077322
2024-08-20 13:07:10,20850.0,300,Sell,233077321
2024-08-20 13:07:31,20900.0,300,Buy,233078208
2024-08-20 13:07:31,20900.0,300,Buy,233078209
2024-08-20 13:07:31,20900.0,100,Buy,233078210
2024-08-20 13:07:31,20900.0,300,Buy,233078211
2024-08-20 13:07:32,20900.0,100,Buy,233078223
2024-08-20 13:07:55,20900.0,100,Buy,233079371
2024-08-20 13:07:56,20900.0,500,Buy,233079422
2024-08-20 13:07:56,20900.0,8200,Buy,233079423
2024-08-20 13:08:09,20900.0,1000,Buy,233079942
2024-08-20 13:08:11,20900.0,1000,Buy,233080015
2024-08-20 13:08:11,20900.0,200,Buy,233080049
2024-08-20 13:08:14,20900.0,200,Buy,233080209
2024-08-20 13:08:15,20850.0,100,Sell,233080252
2024-08-20 13:08:15,20850.0,300,Sell,233080251
2024-08-20 13:08:17,20900.0,100,Buy,233080316
2024-08-20 13:08:23,20900.0,1000,Buy,233080620
2024-08-20 13:08:23,20900.0,100,Buy,233080654
2024-08-20 13:08:23,20900.0,4900,Buy,233080655
2024-08-20 13:08:28,20900.0,2000,Buy,233080849
2024-08-20 13:08:33,20900.0,1500,Buy,233081037
2024-08-20 13:08:34,20900.0,200,Buy,233081085
2024-08-20 13:08:36,20900.0,500,Buy,233081128
2024-08-20 13:08:42,20900.0,900,Buy,233081577
2024-08-20 13:08:42,20900.0,100,Buy,233081578
2024-08-20 13:08:42,20900.0,200,Buy,233081591
2024-08-20 13:08:49,20900.0,100,Buy,233081857
2024-08-20 13:08:52,20900.0,1000,Buy,233082004
2024-08-20 13:09:00,20900.0,1000,Buy,233082294
2024-08-20 13:09:00,20900.0,100,Buy,233082309
2024-08-20 13:09:00,20900.0,2000,Buy,233082293
2024-08-20 13:09:01,20900.0,3000,Buy,233082372
2024-08-20 13:09:07,20900.0,200,Buy,233082649
2024-08-20 13:09:08,20850.0,900,Sell,233082688
2024-08-20 13:09:08,20850.0,400,Sell,233082689
2024-08-20 13:09:11,20900.0,700,Buy,233082840
2024-08-20 13:09:11,20900.0,2800,Buy,233082841
2024-08-20 13:09:11,20900.0,1100,Buy,233082842
2024-08-20 13:09:12,20900.0,1900,Buy,233082878
2024-08-20 13:09:12,20900.0,3500,Buy,233082879
2024-08-20 13:09:31,20900.0,1000,Sell,233083672
2024-08-20 13:10:06,20950.0,400,Buy,233085213
2024-08-20 13:10:06,20950.0,2100,Buy,233085212
2024-08-20 13:10:07,20950.0,3000,Buy,233085262
2024-08-20 13:10:10,20950.0,100,Buy,233085386
2024-08-20 13:10:10,20900.0,3600,Sell,233085398
2024-08-20 13:10:10,20900.0,500,Sell,233085399
2024-08-20 13:10:10,20900.0,500,Sell,233085400
2024-08-20 13:10:10,20900.0,4000,Sell,233085401
2024-08-20 13:10:10,20900.0,500,Sell,233085402
2024-08-20 13:10:10,20900.0,900,Sell,233085403
2024-08-20 13:10:10,20900.0,9800,Sell,233085404
2024-08-20 13:10:17,20950.0,200,Buy,233085726
2024-08-20 13:10:18,20900.0,400,Sell,233085755
2024-08-20 13:10:18,20900.0,200,Sell,233085754
2024-08-20 13:10:35,20900.0,100,Sell,233086606
2024-08-20 13:10:35,20900.0,900,Sell,233086607
2024-08-20 13:10:50,20900.0,100,Sell,233087498
2024-08-20 13:10:50,20900.0,1000,Sell,233087499
2024-08-20 13:10:50,20900.0,600,Sell,233087500
2024-08-20 13:10:50,20900.0,300,Sell,233087501
2024-08-20 13:10:50,20900.0,20000,Sell,233087502
2024-08-20 13:10:50,20900.0,200,Sell,233087503
2024-08-20 13:10:50,20950.0,100,Buy,233087504
2024-08-20 13:11:06,20950.0,1000,Buy,233088116
2024-08-20 13:11:07,20850.0,800,Sell,233088159
2024-08-20 13:11:07,20850.0,200,Sell,233088158
2024-08-20 13:11:07,20850.0,100,Sell,233088157
2024-08-20 13:11:07,20850.0,2000,Sell,233088156
2024-08-20 13:11:07,20900.0,100,Sell,233088155
2024-08-20 13:11:07,20900.0,300,Sell,233088154
2024-08-20 13:11:09,20950.0,300,Buy,233088252
2024-08-20 13:11:13,20950.0,500,Buy,233088412
2024-08-20 13:11:35,20900.0,1000,Sell,233089434
2024-08-20 13:11:35,20900.0,100,Sell,233089431
2024-08-20 13:11:35,20900.0,500,Sell,233089432
2024-08-20 13:11:35,20900.0,100,Sell,233089433
2024-08-20 13:11:39,20900.0,400,Buy,233089619
2024-08-20 13:11:41,20900.0,100,Buy,233089723
2024-08-20 13:11:45,20900.0,100,Buy,233089823
2024-08-20 13:11:48,20900.0,100,Buy,233089982
2024-08-20 13:11:57,20900.0,3000,Buy,233090466
2024-08-20 13:12:06,20850.0,100,Sell,233090885
2024-08-20 13:12:06,20850.0,900,Sell,233090884
2024-08-20 13:12:06,20850.0,100,Sell,233090881
2024-08-20 13:12:06,20850.0,1000,Sell,233090883
2024-08-20 13:12:06,20850.0,100,Sell,233090879
2024-08-20 13:12:06,20850.0,500,Sell,233090878
2024-08-20 13:12:06,20850.0,200,Sell,233090877
2024-08-20 13:12:06,20900.0,100,Buy,233090867
2024-08-20 13:12:06,20850.0,500,Sell,233090880
2024-08-20 13:12:06,20850.0,100,Sell,233090882
2024-08-20 13:12:24,20850.0,200,Sell,233091757
2024-08-20 13:12:25,20900.0,5000,Buy,233091814
2024-08-20 13:12:29,20900.0,2000,Buy,233091945
2024-08-20 13:12:41,20850.0,300,Sell,233092740
2024-08-20 13:12:41,20900.0,3500,Buy,233092772
2024-08-20 13:12:41,20900.0,400,Buy,233092773
2024-08-20 13:12:42,20850.0,100,Sell,233092792
2024-08-20 13:12:55,20850.0,100,Sell,233093541
2024-08-20 13:13:00,20900.0,100,Buy,233093758
2024-08-20 13:13:18,20900.0,200,Buy,233095026
2024-08-20 13:13:18,20900.0,1000,Buy,233095020
2024-08-20 13:13:20,20900.0,100,Buy,233095186
2024-08-20 13:13:20,20900.0,100,Buy,233095187
2024-08-20 13:13:20,20900.0,800,Buy,233095185
2024-08-20 13:13:41,20900.0,200,Buy,233096881
2024-08-20 13:13:41,20900.0,300,Buy,233096882
2024-08-20 13:14:00,20900.0,100,Buy,233098362
2024-08-20 13:14:00,20900.0,400,Buy,233098363
2024-08-20 13:14:04,20900.0,500,Buy,233098999
2024-08-20 13:14:06,20900.0,1000,Buy,233099082
2024-08-20 13:14:06,20900.0,400,Buy,233099083
2024-08-20 13:14:08,20900.0,500,Buy,233099223
2024-08-20 13:14:11,20850.0,1400,Sell,233099411
2024-08-20 13:14:13,20850.0,400,Sell,233099511
2024-08-20 13:14:16,20850.0,1000,Sell,233099747
2024-08-20 13:14:16,20850.0,100,Sell,233099806
2024-08-20 13:14:20,20900.0,500,Buy,233100072
2024-08-20 13:14:21,20900.0,500,Buy,233100153
2024-08-20 13:14:24,20900.0,200,Buy,233100454
2024-08-20 13:14:26,20900.0,700,Buy,233100621
2024-08-20 13:14:26,20900.0,500,Buy,233100622
2024-08-20 13:14:26,20900.0,100,Buy,233100623
2024-08-20 13:14:26,20900.0,700,Buy,233100624
2024-08-20 13:14:31,20900.0,300,Buy,233100859
2024-08-20 13:14:42,20900.0,1000,Sell,233101771
2024-08-20 13:14:42,20900.0,1000,Sell,233101770
2024-08-20 13:14:42,20900.0,4700,Sell,233101769
2024-08-20 13:14:44,20900.0,500,Buy,233101949
2024-08-20 13:14:45,20900.0,200,Buy,233101996
2024-08-20 13:14:51,20900.0,100,Buy,233102607
2024-08-20 13:14:52,20900.0,100,Buy,233102643
2024-08-20 13:14:52,20900.0,400,Buy,233102708
2024-08-20 13:14:55,20900.0,2000,Buy,233102933
2024-08-20 13:14:55,20900.0,5000,Buy,233102934
2024-08-20 13:14:55,20900.0,500,Sell,233102996
2024-08-20 13:15:04,20900.0,100,Sell,233103740
2024-08-20 13:15:05,20950.0,100,Buy,233103874
2024-08-20 13:15:05,20950.0,200,Buy,233103873
2024-08-20 13:15:05,20950.0,200,Buy,233103870
2024-08-20 13:15:05,20950.0,4400,Buy,233103869
2024-08-20 13:15:05,20950.0,2000,Buy,233103871
2024-08-20 13:15:05,20950.0,1000,Buy,233103872
2024-08-20 13:15:13,20950.0,2100,Sell,233104356
2024-08-20 13:15:13,20900.0,2400,Sell,233104357
2024-08-20 13:15:13,20900.0,500,Sell,233104358
2024-08-20 13:15:25,20900.0,3300,Sell,233105126
2024-08-20 13:15:33,20900.0,200,Sell,233105680
2024-08-20 13:15:34,20950.0,2000,Buy,233105690
2024-08-20 13:15:37,20950.0,100,Sell,233105894
2024-08-20 13:15:38,20950.0,1000,Sell,233105944
2024-08-20 13:15:38,20950.0,1100,Sell,233105943
2024-08-20 13:15:40,20950.0,300,Sell,233106073
2024-08-20 13:15:40,20950.0,800,Sell,233106071
2024-08-20 13:15:40,20950.0,800,Sell,233106072
2024-08-20 13:15:45,20950.0,800,Buy,233106516
2024-08-20 13:15:48,20950.0,500,Buy,233106709
2024-08-20 13:15:49,20950.0,1000,Buy,233106763
2024-08-20 13:15:49,20950.0,100,Buy,233106764
2024-08-20 13:15:52,20950.0,3000,Buy,233107082
2024-08-20 13:15:54,20950.0,1000,Buy,233107185
2024-08-20 13:15:57,20950.0,600,Buy,233107330
2024-08-20 13:15:58,20950.0,3300,Buy,233107383
2024-08-20 13:15:58,20950.0,100,Buy,233107384
2024-08-20 13:16:06,20950.0,1000,Sell,233107852
2024-08-20 13:16:07,20950.0,100,Sell,233107934
2024-08-20 13:16:09,20950.0,1000,Sell,233108035
2024-08-20 13:16:09,20950.0,500,Sell,233108034
2024-08-20 13:16:13,20950.0,500,Sell,233108316
2024-08-20 13:16:18,21000.0,100,Buy,233108629
2024-08-20 13:16:31,21000.0,400,Buy,233109290
2024-08-20 13:16:31,21000.0,300,Buy,233109291
2024-08-20 13:16:31,21000.0,200,Buy,233109292
2024-08-20 13:16:31,21000.0,100,Buy,233109293
2024-08-20 13:16:36,21000.0,100,Buy,233109530
2024-08-20 13:16:36,21000.0,900,Buy,233109531
2024-08-20 13:16:48,21000.0,2000,Buy,233110161
2024-08-20 13:16:54,21000.0,1800,Buy,233110387
2024-08-20 13:16:56,21000.0,1600,Buy,233110450
2024-08-20 13:17:00,21000.0,1400,Buy,233110622
2024-08-20 13:17:00,21000.0,1700,Buy,233110621
2024-08-20 13:17:00,21000.0,3700,Buy,233110620
2024-08-20 13:17:04,21000.0,700,Buy,233110844
2024-08-20 13:17:09,21000.0,500,Buy,233111061
2024-08-20 13:17:11,20950.0,1800,Sell,233111130
2024-08-20 13:17:13,21000.0,1000,Buy,233111207
2024-08-20 13:17:15,21000.0,4100,Buy,233111309
2024-08-20 13:17:15,21000.0,1800,Buy,233111308
2024-08-20 13:17:15,21000.0,100,Buy,233111307
2024-08-20 13:17:15,21000.0,6600,Buy,233111302
2024-08-20 13:17:15,21000.0,1000,Buy,233111305
2024-08-20 13:17:15,21000.0,100,Buy,233111304
2024-08-20 13:17:15,21000.0,1000,Buy,233111303
2024-08-20 13:17:15,21000.0,3000,Buy,233111306
2024-08-20 13:17:16,20950.0,100,Sell,233111465
2024-08-20 13:17:16,20950.0,100,Sell,233111466
2024-08-20 13:17:16,20950.0,100,Sell,233111463
2024-08-20 13:17:16,20950.0,700,Sell,233111464
2024-08-20 13:17:24,21000.0,900,Buy,233111805
2024-08-20 13:17:24,21000.0,4300,Buy,233111806
2024-08-20 13:17:25,21000.0,7000,Sell,233111917
2024-08-20 13:17:34,21050.0,200,Buy,233112405
2024-08-20 13:17:34,21050.0,300,Buy,233112406
2024-08-20 13:17:38,21050.0,1000,Buy,233112597
2024-08-20 13:17:40,21000.0,100,Sell,233112659
2024-08-20 13:17:41,21000.0,7000,Sell,233112761
2024-08-20 13:17:49,21000.0,700,Sell,233113100
2024-08-20 13:17:49,21000.0,2300,Sell,233113101
2024-08-20 13:17:51,21000.0,100,Sell,233113150
2024-08-20 13:17:51,21000.0,100,Sell,233113149
2024-08-20 13:17:51,21000.0,1100,Sell,233113147
2024-08-20 13:17:51,21000.0,1000,Sell,233113148
2024-08-20 13:18:04,21000.0,100,Sell,233113878
2024-08-20 13:18:06,21000.0,800,Sell,233113946
2024-08-20 13:18:06,21000.0,500,Sell,233113947
2024-08-20 13:18:06,21000.0,100,Sell,233113948
2024-08-20 13:18:06,21000.0,300,Sell,233113949
2024-08-20 13:18:06,21000.0,1000,Sell,233113950
2024-08-20 13:18:08,21000.0,500,Sell,233114027
2024-08-20 13:18:26,21000.0,100,Buy,233114888
2024-08-20 13:18:26,21000.0,900,Buy,233114889
2024-08-20 13:18:33,21000.0,200,Buy,233115275
2024-08-20 13:18:42,21000.0,500,Buy,233115722
2024-08-20 13:18:47,21000.0,1000,Buy,233115944
2024-08-20 13:18:50,20950.0,1900,Sell,233116095
2024-08-20 13:18:50,20950.0,100,Sell,233116094
2024-08-20 13:18:51,20950.0,800,Sell,233116126
2024-08-20 13:18:51,20950.0,100,Sell,233116127
2024-08-20 13:18:51,20950.0,100,Sell,233116128
2024-08-20 13:19:00,21000.0,100,Buy,233116575
2024-08-20 13:19:02,20950.0,400,Sell,233116774
2024-08-20 13:19:02,20950.0,400,Sell,233116775
2024-08-20 13:19:03,21000.0,200,Buy,233116824
2024-08-20 13:19:15,21000.0,500,Buy,233117374
2024-08-20 13:19:15,21000.0,100,Buy,233117373
2024-08-20 13:19:15,21000.0,700,Buy,233117372
2024-08-20 13:19:15,21000.0,10000,Buy,233117371
2024-08-20 13:19:15,21000.0,100,Buy,233117367
2024-08-20 13:19:15,21000.0,100,Buy,233117370
2024-08-20 13:19:15,21000.0,5000,Buy,233117369
2024-08-20 13:19:15,21000.0,100,Buy,233117368
2024-08-20 13:19:17,21000.0,3400,Sell,233117453
2024-08-20 13:19:17,20950.0,600,Sell,233117454
2024-08-20 13:19:17,20950.0,800,Sell,233117455
2024-08-20 13:19:40,20950.0,100,Sell,233118386
2024-08-20 13:19:47,21000.0,300,Buy,233118689
2024-08-20 13:19:57,21000.0,1200,Buy,233119018
2024-08-20 13:19:57,21000.0,800,Buy,233119019
2024-08-20 13:20:05,21000.0,2000,Buy,233119456
2024-08-20 13:20:13,21000.0,2000,Buy,233119721
2024-08-20 13:20:20,21000.0,400,Buy,233120027
2024-08-20 13:20:20,21000.0,100,Buy,233120026
2024-08-20 13:20:21,21000.0,2000,Buy,233120049
2024-08-20 13:20:30,21000.0,2000,Buy,233120380
2024-08-20 13:20:31,21000.0,200,Buy,233120407
2024-08-20 13:20:37,21000.0,1000,Buy,233120652
2024-08-20 13:20:38,21000.0,2000,Buy,233120667
2024-08-20 13:20:39,20950.0,100,Sell,233120704
2024-08-20 13:20:39,20950.0,100,Sell,233120705
2024-08-20 13:20:39,20950.0,800,Sell,233120706
2024-08-20 13:20:53,20950.0,1200,Sell,233121223
2024-08-20 13:20:53,20950.0,100,Sell,233121224
2024-08-20 13:20:53,20950.0,100,Sell,233121225
2024-08-20 13:20:53,20950.0,100,Sell,233121226
2024-08-20 13:20:53,20950.0,500,Sell,233121227
2024-08-20 13:20:54,21000.0,1000,Buy,233121248
2024-08-20 13:21:02,21000.0,1600,Buy,233121531
2024-08-20 13:21:02,21000.0,400,Buy,233121530
2024-08-20 13:21:03,20950.0,10500,Sell,233121539
2024-08-20 13:21:03,20950.0,500,Sell,233121540
2024-08-20 13:21:03,20950.0,3000,Sell,233121541
2024-08-20 13:21:03,20950.0,1600,Sell,233121542
2024-08-20 13:21:03,20950.0,800,Sell,233121543
2024-08-20 13:21:03,20950.0,100,Sell,233121544
2024-08-20 13:21:03,20950.0,1000,Sell,233121545
2024-08-20 13:21:03,20950.0,500,Sell,233121546
2024-08-20 13:21:08,20950.0,200,Sell,233121752
2024-08-20 13:21:09,20950.0,1900,Sell,233121791
2024-08-20 13:21:09,20950.0,2000,Sell,233121790
2024-08-20 13:21:09,20950.0,300,Sell,233121788
2024-08-20 13:21:09,20950.0,1300,Sell,233121787
2024-08-20 13:21:09,20950.0,2000,Sell,233121789
2024-08-20 13:21:10,20950.0,200,Buy,233121813
2024-08-20 13:21:10,20950.0,1800,Sell,233121846
2024-08-20 13:21:30,20950.0,500,Sell,233122447
2024-08-20 13:21:30,20950.0,500,Sell,233122448
2024-08-20 13:21:38,20950.0,1500,Sell,233122692
2024-08-20 13:21:38,20950.0,500,Sell,233122693
2024-08-20 13:21:52,20950.0,200,Sell,233123167
2024-08-20 13:21:54,21000.0,300,Buy,233123217
2024-08-20 13:21:54,20950.0,1300,Sell,233123231
2024-08-20 13:21:54,20950.0,100,Sell,233123232
2024-08-20 13:21:54,20950.0,600,Sell,233123233
2024-08-20 13:22:20,20950.0,600,Sell,233124088
2024-08-20 13:22:20,20950.0,1400,Sell,233124087
2024-08-20 13:22:29,21000.0,100,Buy,233124522
2024-08-20 13:22:29,21000.0,100,Buy,233124523
2024-08-20 13:22:32,21000.0,100,Buy,233124591
2024-08-20 13:22:32,21000.0,1900,Buy,233124592
2024-08-20 13:22:40,21000.0,1900,Buy,233124912
2024-08-20 13:22:42,21000.0,100,Buy,233124997
2024-08-20 13:22:48,21000.0,700,Buy,233125198
2024-08-20 13:22:48,21000.0,300,Buy,233125197
2024-08-20 13:22:48,21000.0,1100,Buy,233125194
2024-08-20 13:22:48,21000.0,200,Buy,233125195
2024-08-20 13:22:48,21000.0,700,Buy,233125196
2024-08-20 13:22:50,21000.0,100,Buy,233125256
2024-08-20 13:22:50,21000.0,800,Buy,233125257
2024-08-20 13:22:50,21000.0,1100,Buy,233125258
2024-08-20 13:22:56,21000.0,500,Buy,233125390
2024-08-20 13:23:06,21000.0,2000,Sell,233125786
2024-08-20 13:23:06,21000.0,500,Sell,233125787
2024-08-20 13:23:06,21000.0,1500,Sell,233125784
2024-08-20 13:23:06,21000.0,500,Sell,233125785
2024-08-20 13:23:07,21000.0,500,Buy,233125814
2024-08-20 13:23:15,21000.0,500,Sell,233126063
2024-08-20 13:23:22,21050.0,100,Buy,233126214
2024-08-20 13:23:22,21050.0,900,Buy,233126215
2024-08-20 13:23:27,21050.0,9100,Buy,233126402
2024-08-20 13:23:27,21050.0,100,Buy,233126403
2024-08-20 13:23:27,21050.0,500,Buy,233126404
2024-08-20 13:23:27,21050.0,100,Buy,233126405
2024-08-20 13:23:27,21050.0,200,Buy,233126406
2024-08-20 13:23:29,21050.0,500,Buy,233126459
2024-08-20 13:23:29,21050.0,800,Buy,233126457
2024-08-20 13:23:29,21050.0,700,Buy,233126458
2024-08-20 13:23:30,21050.0,1600,Buy,233126500
2024-08-20 13:23:30,21050.0,1000,Buy,233126499
2024-08-20 13:23:37,21050.0,1100,Buy,233126714
2024-08-20 13:23:37,21050.0,1400,Buy,233126709
2024-08-20 13:23:37,21050.0,600,Buy,233126710
2024-08-20 13:24:01,21050.0,100,Sell,233127466
2024-08-20 13:24:19,21100.0,500,Buy,233128021
2024-08-20 13:24:25,21100.0,1500,Buy,233128194
2024-08-20 13:24:25,21100.0,500,Buy,233128195
2024-08-20 13:24:30,21100.0,500,Buy,233128407
2024-08-20 13:24:31,21100.0,900,Buy,233128440
2024-08-20 13:24:31,21100.0,1000,Buy,233128439
2024-08-20 13:24:31,21100.0,500,Buy,233128438
2024-08-20 13:24:31,21100.0,2000,Buy,233128437
2024-08-20 13:24:31,21100.0,100,Buy,233128436
2024-08-20 13:24:31,21100.0,1000,Buy,233128435
2024-08-20 13:24:31,21100.0,100,Buy,233128434
2024-08-20 13:24:31,21100.0,300,Buy,233128431
2024-08-20 13:24:31,21100.0,300,Buy,233128432
2024-08-20 13:24:31,21100.0,200,Buy,233128430
2024-08-20 13:24:31,21100.0,1000,Buy,233128428
2024-08-20 13:24:31,21100.0,1500,Buy,233128427
2024-08-20 13:24:31,21100.0,200,Buy,233128426
2024-08-20 13:24:31,21100.0,700,Buy,233128425
2024-08-20 13:24:31,21100.0,100,Buy,233128433
2024-08-20 13:24:31,21100.0,100,Buy,233128429
2024-08-20 13:24:32,21100.0,500,Buy,233128521
2024-08-20 13:24:42,21100.0,100,Sell,233128749
2024-08-20 13:24:42,21100.0,500,Sell,233128744
2024-08-20 13:24:42,21100.0,1500,Sell,233128745
2024-08-20 13:24:49,21150.0,300,Buy,233129102
2024-08-20 13:24:49,21150.0,100,Buy,233129096
2024-08-20 13:24:50,21150.0,800,Buy,233129117
2024-08-20 13:24:50,21150.0,600,Buy,233129116
2024-08-20 13:25:04,21200.0,900,Buy,233129572
2024-08-20 13:25:04,21200.0,100,Buy,233129573
2024-08-20 13:25:04,21200.0,100,Buy,233129574
2024-08-20 13:25:04,21200.0,100,Buy,233129575
2024-08-20 13:25:04,21200.0,3800,Buy,233129576
2024-08-20 13:25:06,21200.0,2000,Buy,233129637
2024-08-20 13:25:09,21200.0,3000,Buy,233129735
2024-08-20 13:25:13,21200.0,5000,Buy,233129806
2024-08-20 13:25:13,21250.0,5000,Buy,233129807
2024-08-20 13:25:14,21250.0,2000,Buy,233129829
2024-08-20 13:25:16,21250.0,400,Buy,233129889
2024-08-20 13:25:18,21250.0,600,Buy,233129934
2024-08-20 13:25:19,21200.0,100,Sell,233129965
2024-08-20 13:25:21,21250.0,1000,Buy,233130015
2024-08-20 13:25:22,21250.0,1000,Buy,233130072
2024-08-20 13:25:22,21250.0,100,Buy,233130073
2024-08-20 13:25:22,21250.0,200,Buy,233130074
2024-08-20 13:25:24,21300.0,100,Buy,233130199
2024-08-20 13:25:25,21300.0,100,Buy,233130206
2024-08-20 13:25:25,21300.0,2800,Buy,233130207
2024-08-20 13:25:29,21300.0,2000,Buy,233130409
2024-08-20 13:25:31,21300.0,2000,Buy,233130443
2024-08-20 13:25:31,21300.0,200,Buy,233130440
2024-08-20 13:25:31,21300.0,1800,Buy,233130441
2024-08-20 13:25:39,21350.0,2000,Buy,233130689
2024-08-20 13:25:41,21350.0,1000,Buy,233130741
2024-08-20 13:25:42,21350.0,500,Buy,233130773
2024-08-20 13:25:44,21350.0,100,Buy,233130813
2024-08-20 13:25:45,21350.0,1400,Buy,233130833
2024-08-20 13:25:45,21350.0,800,Buy,233130834
2024-08-20 13:25:47,21350.0,100,Sell,233130903
2024-08-20 13:25:51,21450.0,100,Buy,233131067
2024-08-20 13:25:51,21400.0,6600,Buy,233131066
2024-08-20 13:25:51,21450.0,10600,Buy,233131068
2024-08-20 13:25:51,21400.0,100,Buy,233131064
2024-08-20 13:25:51,21400.0,1000,Buy,233131063
2024-08-20 13:25:51,21400.0,1500,Buy,233131062
2024-08-20 13:25:51,21400.0,100,Buy,233131065
2024-08-20 13:25:55,21450.0,2000,Buy,233131157
2024-08-20 13:25:56,21450.0,2000,Buy,233131197
2024-08-20 13:26:00,21450.0,200,Buy,233131296
2024-08-20 13:26:02,21450.0,1000,Buy,233131334
2024-08-20 13:26:02,21450.0,2600,Buy,233131342
2024-08-20 13:26:03,21500.0,4000,Buy,233131368
2024-08-20 13:26:03,21450.0,1600,Buy,233131365
2024-08-20 13:26:03,21450.0,300,Buy,233131366
2024-08-20 13:26:03,21450.0,1000,Buy,233131367
2024-08-20 13:26:09,21450.0,500,Sell,233131599
2024-08-20 13:26:09,21450.0,1400,Sell,233131600
2024-08-20 13:26:10,21450.0,500,Sell,233131618
2024-08-20 13:26:11,21450.0,3100,Sell,233131652
2024-08-20 13:26:11,21450.0,500,Sell,233131653
2024-08-20 13:26:19,21500.0,100,Buy,233131919
2024-08-20 13:26:19,21450.0,1500,Sell,233131920
2024-08-20 13:26:20,21450.0,400,Sell,233131965
2024-08-20 13:26:23,21500.0,2000,Buy,233132172
2024-08-20 13:26:23,21500.0,200,Buy,233132173
2024-08-20 13:26:23,21500.0,800,Buy,233132174
2024-08-20 13:26:23,21500.0,200,Buy,233132175
2024-08-20 13:26:23,21500.0,900,Buy,233132176
2024-08-20 13:26:23,21500.0,900,Buy,233132171
2024-08-20 13:26:28,21500.0,2000,Buy,233132381
2024-08-20 13:26:36,21500.0,2000,Buy,233132643
2024-08-20 13:26:41,21500.0,3000,Buy,233132791
2024-08-20 13:26:41,21500.0,2100,Buy,233132799
2024-08-20 13:26:41,21500.0,900,Buy,233132800
2024-08-20 13:26:42,21500.0,5000,Buy,233132811
2024-08-20 13:26:42,21450.0,200,Sell,233132817
2024-08-20 13:26:45,21450.0,1000,Sell,233132902
2024-08-20 13:26:46,21450.0,100,Sell,233132978
2024-08-20 13:26:46,21450.0,5000,Sell,233132979
2024-08-20 13:26:46,21450.0,1900,Sell,233132980
2024-08-20 13:26:46,21450.0,800,Sell,233132977
2024-08-20 13:26:48,21450.0,100,Sell,233133073
2024-08-20 13:26:48,21450.0,2800,Sell,233133075
2024-08-20 13:26:48,21450.0,300,Sell,233133076
2024-08-20 13:26:51,21400.0,2000,Sell,233133175
2024-08-20 13:26:51,21400.0,2000,Sell,233133176
2024-08-20 13:26:51,21400.0,5000,Sell,233133177
2024-08-20 13:26:58,21350.0,1000,Sell,233133354
2024-08-20 13:26:58,21350.0,300,Buy,233133372
2024-08-20 13:26:58,21350.0,3100,Sell,233133355
2024-08-20 13:26:58,21400.0,2000,Sell,233133352
2024-08-20 13:26:58,21350.0,2000,Sell,233133353
2024-08-20 13:27:00,21300.0,500,Sell,233133398
2024-08-20 13:27:00,21350.0,2000,Buy,233133399
2024-08-20 13:27:03,21350.0,100,Buy,233133515
2024-08-20 13:27:08,21350.0,2000,Buy,233133680
2024-08-20 13:27:08,21300.0,200,Sell,233133691
2024-08-20 13:27:15,21350.0,100,Buy,233133953
2024-08-20 13:27:16,21350.0,1400,Buy,233133972
2024-08-20 13:27:16,21350.0,100,Buy,233133973
2024-08-20 13:27:16,21350.0,100,Buy,233133974
2024-08-20 13:27:16,21350.0,400,Sell,233133994
2024-08-20 13:27:24,21350.0,600,Buy,233134464
2024-08-20 13:27:31,21400.0,1300,Buy,233134636
2024-08-20 13:27:31,21400.0,1000,Buy,233134634
2024-08-20 13:27:31,21400.0,100,Buy,233134633
2024-08-20 13:27:31,21400.0,100,Buy,233134635
2024-08-20 13:27:33,21400.0,900,Sell,233134722
2024-08-20 13:27:33,21400.0,1100,Sell,233134723
2024-08-20 13:27:33,21400.0,500,Sell,233134724
2024-08-20 13:27:35,21400.0,100,Sell,233134791
2024-08-20 13:27:37,21400.0,100,Sell,233135053
2024-08-20 13:27:45,21400.0,200,Sell,233135563
2024-08-20 13:27:45,21400.0,300,Sell,233135564
2024-08-20 13:27:45,21400.0,1500,Sell,233135565
2024-08-20 13:27:46,21400.0,100,Sell,233135583
2024-08-20 13:27:52,21400.0,400,Sell,233135940
2024-08-20 13:27:52,21400.0,100,Sell,233135941
2024-08-20 13:27:53,21400.0,400,Sell,233135976
2024-08-20 13:27:56,21400.0,100,Sell,233136090
2024-08-20 13:27:57,21400.0,2000,Sell,233136116
2024-08-20 13:27:57,21400.0,2000,Sell,233136115
2024-08-20 13:27:57,21400.0,1400,Sell,233136112
2024-08-20 13:27:57,21400.0,2000,Sell,233136113
2024-08-20 13:27:57,21400.0,900,Sell,233136114
2024-08-20 13:28:03,21350.0,1300,Sell,233136549
2024-08-20 13:28:03,21350.0,700,Sell,233136550
2024-08-20 13:28:07,21400.0,3200,Buy,233136773
2024-08-20 13:28:13,21400.0,2000,Buy,233137468
2024-08-20 13:28:16,21400.0,2000,Buy,233137580
2024-08-20 13:28:16,21350.0,200,Sell,233137596
2024-08-20 13:28:22,21400.0,2000,Buy,233137832
2024-08-20 13:28:23,21350.0,100,Sell,233137913
2024-08-20 13:28:24,21350.0,100,Sell,233137949
2024-08-20 13:28:29,21350.0,300,Sell,233138190
2024-08-20 13:28:35,21350.0,100,Sell,233138590
2024-08-20 13:28:36,21350.0,3200,Sell,233138650
2024-08-20 13:28:36,21350.0,500,Sell,233138651
2024-08-20 13:28:36,21350.0,1900,Sell,233138652
2024-08-20 13:28:36,21350.0,600,Sell,233138653
2024-08-20 13:28:36,21350.0,2000,Sell,233138654
2024-08-20 13:28:36,21350.0,400,Sell,233138655
2024-08-20 13:28:37,21350.0,100,Sell,233138736
2024-08-20 13:28:37,21350.0,1900,Sell,233138737
2024-08-20 13:28:38,21350.0,100,Sell,233138795
2024-08-20 13:28:41,21350.0,2000,Sell,233138930
2024-08-20 13:28:43,21350.0,200,Buy,233139086
2024-08-20 13:28:43,21350.0,4800,Buy,233139085
2024-08-20 13:28:46,21350.0,1900,Buy,233139198
2024-08-20 13:28:49,21350.0,1000,Buy,233139452
2024-08-20 13:28:51,21350.0,100,Buy,233139625
2024-08-20 13:28:51,21350.0,100,Buy,233139628
2024-08-20 13:28:54,21350.0,1900,Buy,233139830
2024-08-20 13:28:54,21400.0,100,Buy,233139831
2024-08-20 13:28:56,21350.0,600,Sell,233139908
2024-08-20 13:29:02,21400.0,2000,Buy,233140270
2024-08-20 13:29:10,21400.0,2100,Buy,233140822
2024-08-20 13:29:11,21400.0,500,Buy,233140895
2024-08-20 13:29:15,21400.0,5000,Buy,233141127
2024-08-20 13:29:15,21400.0,1000,Buy,233141126
2024-08-20 13:29:15,21400.0,2000,Buy,233141125
2024-08-20 13:29:15,21400.0,400,Buy,233141124
2024-08-20 13:29:15,21400.0,300,Buy,233141122
2024-08-20 13:29:15,21400.0,2800,Buy,233141121
2024-08-20 13:29:15,21400.0,1000,Buy,233141123
2024-08-20 13:29:16,21400.0,100,Buy,233141180
2024-08-20 13:29:16,21400.0,100,Buy,233141181
2024-08-20 13:29:16,21400.0,2000,Buy,233141182
2024-08-20 13:29:18,21450.0,1900,Buy,233141326
2024-08-20 13:29:18,21450.0,200,Buy,233141327
2024-08-20 13:29:19,21450.0,2200,Buy,233141391
2024-08-20 13:29:19,21450.0,400,Buy,233141388
2024-08-20 13:29:19,21450.0,100,Buy,233141390
2024-08-20 13:29:19,21450.0,2000,Buy,233141389
2024-08-20 13:29:19,21450.0,200,Buy,233141387
2024-08-20 13:29:19,21450.0,1000,Buy,233141380
2024-08-20 13:29:19,21450.0,1000,Buy,233141384
2024-08-20 13:29:19,21450.0,2000,Buy,233141386
2024-08-20 13:29:19,21450.0,500,Buy,233141381
2024-08-20 13:29:19,21450.0,2800,Buy,233141379
2024-08-20 13:29:19,21450.0,200,Buy,233141383
2024-08-20 13:29:19,21450.0,100,Buy,233141382
2024-08-20 13:29:22,21400.0,1000,Sell,233141624
2024-08-20 13:29:27,21450.0,2100,Buy,233142015
2024-08-20 13:29:28,21450.0,700,Buy,233142049
2024-08-20 13:29:28,21450.0,2000,Buy,233142050
2024-08-20 13:29:28,21450.0,200,Buy,233142051
2024-08-20 13:29:28,21450.0,1000,Buy,233142052
2024-08-20 13:29:28,21450.0,1000,Buy,233142071
2024-08-20 13:29:36,21500.0,2100,Buy,233142606
2024-08-20 13:29:38,21450.0,500,Sell,233142735
2024-08-20 13:29:40,21500.0,500,Buy,233142810
2024-08-20 13:29:43,21500.0,1000,Buy,233143087
2024-08-20 13:29:43,21500.0,2100,Buy,233143115
2024-08-20 13:29:47,21500.0,500,Buy,233143296
2024-08-20 13:29:49,21500.0,500,Buy,233143488
2024-08-20 13:29:49,21500.0,300,Buy,233143494
2024-08-20 13:29:49,21500.0,100,Buy,233143493
2024-08-20 13:29:49,21500.0,500,Buy,233143492
2024-08-20 13:29:49,21500.0,300,Buy,233143491
2024-08-20 13:29:49,21500.0,200,Buy,233143490
2024-08-20 13:29:49,21500.0,500,Buy,233143489
2024-08-20 13:29:49,21500.0,5000,Buy,233143487
2024-08-20 13:29:49,21500.0,100,Buy,233143486
2024-08-20 13:29:49,21500.0,1000,Buy,233143485
2024-08-20 13:29:49,21500.0,100,Buy,233143484
2024-08-20 13:29:49,21500.0,1400,Buy,233143483
2024-08-20 13:29:49,21500.0,3500,Buy,233143472
2024-08-20 13:29:49,21500.0,500,Buy,233143471
2024-08-20 13:29:49,21500.0,5000,Buy,233143470
2024-08-20 13:29:49,21500.0,2700,Buy,233143469
2024-08-20 13:29:49,21500.0,200,Buy,233143468
2024-08-20 13:29:49,21450.0,100,Sell,233143450
2024-08-20 13:29:51,21500.0,200,Buy,233143645
2024-08-20 13:29:51,21500.0,1900,Buy,233143646
2024-08-20 13:29:53,21500.0,600,Buy,233143782
2024-08-20 13:29:53,21500.0,100,Buy,233143781
2024-08-20 13:29:53,21500.0,1000,Buy,233143778
2024-08-20 13:29:53,21500.0,100,Buy,233143779
2024-08-20 13:29:53,21500.0,8100,Buy,233143777
2024-08-20 13:29:53,21500.0,100,Buy,233143780
2024-08-20 13:29:55,21500.0,300,Buy,233143892
2024-08-20 13:29:56,21500.0,1000,Buy,233143994
2024-08-20 13:29:56,21500.0,1000,Buy,233144005
2024-08-20 13:29:56,21500.0,800,Buy,233143998
2024-08-20 13:29:56,21500.0,1300,Buy,233143997
2024-08-20 13:29:56,21500.0,4000,Buy,233143995
2024-08-20 13:29:56,21500.0,500,Buy,233143993
2024-08-20 13:29:56,21500.0,200,Buy,233143999
2024-08-20 13:29:56,21500.0,500,Buy,233143991
2024-08-20 13:29:56,21500.0,500,Buy,233143992
2024-08-20 13:29:56,21500.0,1100,Buy,233143985
2024-08-20 13:29:56,21500.0,500,Buy,233143986
2024-08-20 13:29:56,21500.0,100,Buy,233143987
2024-08-20 13:29:56,21500.0,500,Buy,233143996
2024-08-20 13:29:56,21500.0,600,Buy,233143990
2024-08-20 13:29:56,21500.0,1000,Buy,233143989
2024-08-20 13:29:56,21500.0,100,Buy,233143988
2024-08-20 13:29:57,21500.0,3800,Buy,233144012
2024-08-20 13:29:57,21500.0,100,Buy,233144013
2024-08-20 13:29:57,21500.0,2500,Buy,233144014
2024-08-20 13:29:57,21500.0,100,Buy,233144015
2024-08-20 13:29:59,21600.0,500,Buy,233144137
2024-08-20 13:29:59,21550.0,1000,Buy,233144135
2024-08-20 13:29:59,21550.0,100,Buy,233144136
2024-08-20 13:29:59,21550.0,100,Buy,233144133
2024-08-20 13:29:59,21550.0,300,Buy,233144132
2024-08-20 13:29:59,21550.0,100,Buy,233144134
2024-08-20 13:30:01,21550.0,100,Sell,233144226
2024-08-20 13:30:07,21600.0,1500,Buy,233144605
2024-08-20 13:30:07,21600.0,300,Buy,233144606
2024-08-20 13:30:07,21600.0,100,Buy,233144607
2024-08-20 13:30:07,21600.0,200,Buy,233144608
2024-08-20 13:30:12,21600.0,200,Buy,233144960
2024-08-20 13:30:12,21600.0,2900,Buy,233144963
2024-08-20 13:30:12,21600.0,100,Buy,233144961
2024-08-20 13:30:12,21600.0,4000,Buy,233144962
2024-08-20 13:30:12,21600.0,2000,Buy,233144959
2024-08-20 13:30:12,21600.0,100,Buy,233144957
2024-08-20 13:30:12,21600.0,300,Buy,233144956
2024-08-20 13:30:12,21550.0,1000,Sell,233144955
2024-08-20 13:30:12,21600.0,400,Buy,233144958
2024-08-20 13:30:13,21600.0,1400,Buy,233144976
2024-08-20 13:30:15,21600.0,2100,Buy,233145172
2024-08-20 13:30:16,21600.0,1000,Buy,233145207
2024-08-20 13:30:20,21550.0,800,Sell,233145475
2024-08-20 13:30:20,21550.0,400,Sell,233145476
2024-08-20 13:30:23,21600.0,2100,Buy,233145683
2024-08-20 13:30:24,21600.0,200,Buy,233145751
2024-08-20 13:30:28,21600.0,600,Buy,233145943
2024-08-20 13:30:28,21600.0,7700,Buy,233145944
2024-08-20 13:30:29,21600.0,2300,Buy,233146031
2024-08-20 13:30:30,21600.0,300,Buy,233146056
2024-08-20 13:30:32,21600.0,2100,Buy,233146240
2024-08-20 13:30:32,21600.0,1000,Buy,233146236
2024-08-20 13:30:33,21600.0,500,Buy,233146254
2024-08-20 13:30:34,21600.0,1000,Buy,233146405
2024-08-20 13:30:35,21600.0,200,Buy,233146488
2024-08-20 13:30:35,21600.0,400,Buy,233146505
2024-08-20 13:30:36,21600.0,1000,Buy,233146591
2024-08-20 13:30:38,21600.0,1000,Buy,233146658
2024-08-20 13:30:38,21600.0,2200,Buy,233146663
2024-08-20 13:30:38,21600.0,7400,Buy,233146664
2024-08-20 13:30:39,21600.0,200,Buy,233146710
2024-08-20 13:30:40,21600.0,300,Buy,233146786
2024-08-20 13:30:40,21600.0,500,Buy,233146785
2024-08-20 13:30:40,21600.0,1200,Buy,233146783
2024-08-20 13:30:40,21600.0,200,Buy,233146761
2024-08-20 13:30:40,21600.0,100,Buy,233146784
2024-08-20 13:30:41,21600.0,200,Buy,233146919
2024-08-20 13:30:41,21600.0,400,Buy,233146918
2024-08-20 13:30:41,21600.0,500,Buy,233146877
2024-08-20 13:30:41,21600.0,300,Buy,233146884
2024-08-20 13:30:41,21600.0,2700,Buy,233146917
2024-08-20 13:30:41,21600.0,200,Buy,233146883
2024-08-20 13:30:43,21600.0,500,Buy,233147072
2024-08-20 13:30:43,21600.0,100,Buy,233147073
2024-08-20 13:30:43,21600.0,400,Buy,233147074
2024-08-20 13:30:43,21600.0,500,Buy,233147100
2024-08-20 13:30:44,21600.0,100,Buy,233147154
2024-08-20 13:30:45,21600.0,400,Sell,233147237
2024-08-20 13:30:45,21600.0,1000,Sell,233147246
2024-08-20 13:30:46,21600.0,100,Sell,233147289
2024-08-20 13:30:48,21650.0,100,Buy,233147451
2024-08-20 13:30:48,21650.0,2000,Buy,233147452
2024-08-20 13:30:52,21600.0,100,Sell,233147735
2024-08-20 13:30:54,21600.0,100,Sell,233148003
2024-08-20 13:30:54,21600.0,1000,Sell,233148002
2024-08-20 13:30:54,21600.0,500,Sell,233148000
2024-08-20 13:30:54,21600.0,2400,Sell,233148001
2024-08-20 13:30:54,21600.0,100,Sell,233147968
2024-08-20 13:30:56,21650.0,2100,Buy,233148173
2024-08-20 13:31:02,21600.0,200,Sell,233148544
2024-08-20 13:31:06,21650.0,500,Buy,233148856
2024-08-20 13:31:06,21600.0,600,Sell,233148862
2024-08-20 13:31:08,21650.0,5000,Buy,233149007
2024-08-20 13:31:08,21650.0,1300,Buy,233149023
2024-08-20 13:31:09,21650.0,2100,Buy,233149068
2024-08-20 13:31:09,21600.0,12600,Sell,233149069
2024-08-20 13:31:10,21600.0,1000,Sell,233149157
2024-08-20 13:31:13,21650.0,2100,Buy,233149253
2024-08-20 13:31:19,21650.0,2000,Buy,233149608
2024-08-20 13:31:20,21650.0,2100,Buy,233149663
2024-08-20 13:31:23,21650.0,2700,Buy,233149764
2024-08-20 13:31:27,21650.0,3000,Buy,233150032
2024-08-20 13:31:29,21650.0,300,Buy,233150092
2024-08-20 13:31:29,21650.0,2100,Buy,233150106
2024-08-20 13:31:30,21600.0,5000,Sell,233150131
2024-08-20 13:31:31,21650.0,1000,Buy,233150271
2024-08-20 13:31:32,21650.0,500,Buy,233150339
2024-08-20 13:31:36,21650.0,100,Buy,233150635
2024-08-20 13:31:37,21650.0,2100,Buy,233150694
2024-08-20 13:31:44,21650.0,1000,Buy,233151040
2024-08-20 13:31:44,21650.0,3000,Buy,233151056
2024-08-20 13:31:45,21650.0,2100,Buy,233151171
2024-08-20 13:31:47,21650.0,2000,Buy,233151367
2024-08-20 13:31:49,21650.0,500,Buy,233151474
2024-08-20 13:31:50,21650.0,1000,Buy,233151557
2024-08-20 13:31:50,21650.0,5000,Buy,233151568
2024-08-20 13:31:51,21600.0,2000,Sell,233151648
2024-08-20 13:31:51,21600.0,1000,Sell,233151647
2024-08-20 13:31:51,21600.0,1000,Sell,233151646
2024-08-20 13:31:51,21600.0,1000,Sell,233151645
2024-08-20 13:31:51,21600.0,2000,Sell,233151644
2024-08-20 13:31:51,21600.0,300,Sell,233151643
2024-08-20 13:31:51,21600.0,1000,Sell,233151642
2024-08-20 13:31:51,21600.0,100,Sell,233151641
2024-08-20 13:31:51,21600.0,1300,Sell,233151638
2024-08-20 13:31:51,21600.0,200,Sell,233151639
2024-08-20 13:31:51,21600.0,4500,Sell,233151632
2024-08-20 13:31:51,21600.0,400,Sell,233151633
2024-08-20 13:31:51,21600.0,300,Sell,233151634
2024-08-20 13:31:51,21600.0,5300,Sell,233151640
2024-08-20 13:31:51,21600.0,200,Sell,233151636
2024-08-20 13:31:51,21600.0,1000,Sell,233151637
2024-08-20 13:31:51,21600.0,1000,Sell,233151635
2024-08-20 13:31:53,21600.0,2000,Sell,233151735
2024-08-20 13:31:53,21600.0,1300,Buy,233151785
2024-08-20 13:31:53,21650.0,600,Buy,233151786
2024-08-20 13:31:53,21650.0,100,Buy,233151787
2024-08-20 13:31:53,21650.0,100,Buy,233151788
2024-08-20 13:31:57,21550.0,2000,Sell,233151995
2024-08-20 13:31:57,21550.0,5000,Sell,233151994
2024-08-20 13:31:57,21550.0,1000,Sell,233151993
2024-08-20 13:31:57,21550.0,1000,Sell,233151991
2024-08-20 13:31:57,21550.0,2500,Sell,233151990
2024-08-20 13:31:57,21550.0,100,Sell,233151992
2024-08-20 13:31:57,21550.0,4600,Sell,233151989
2024-08-20 13:31:59,21600.0,100,Buy,233152164
2024-08-20 13:32:01,21600.0,2100,Buy,233152250
2024-08-20 13:32:05,21600.0,500,Buy,233152557
2024-08-20 13:32:06,21600.0,100,Buy,233152589
2024-08-20 13:32:10,21600.0,600,Buy,233152819
2024-08-20 13:32:10,21600.0,1000,Buy,233152818
2024-08-20 13:32:10,21600.0,500,Buy,233152817
2024-08-20 13:32:14,21600.0,300,Buy,233153056
2024-08-20 13:32:17,21600.0,100,Buy,233153236
2024-08-20 13:32:17,21600.0,600,Buy,233153237
2024-08-20 13:32:17,21600.0,1400,Buy,233153238
2024-08-20 13:32:19,21600.0,700,Buy,233153439
2024-08-20 13:32:19,21600.0,100,Buy,233153440
2024-08-20 13:32:19,21600.0,100,Buy,233153441
2024-08-20 13:32:19,21600.0,100,Buy,233153442
2024-08-20 13:32:20,21500.0,7500,Sell,233153488
2024-08-20 13:32:20,21500.0,300,Sell,233153489
2024-08-20 13:32:20,21500.0,7200,Sell,233153490
2024-08-20 13:32:21,21600.0,500,Buy,233153590
2024-08-20 13:32:24,21600.0,1000,Buy,233153836
2024-08-20 13:32:26,21600.0,100,Buy,233153907
2024-08-20 13:32:26,21600.0,1600,Buy,233153921
2024-08-20 13:32:26,21600.0,500,Buy,233153922
2024-08-20 13:32:34,21600.0,2100,Buy,233154506
2024-08-20 13:32:35,21600.0,400,Buy,233154541
2024-08-20 13:32:41,21550.0,100,Buy,233154914
2024-08-20 13:32:41,21600.0,200,Buy,233154915
2024-08-20 13:32:41,21600.0,1800,Buy,233154947
2024-08-20 13:32:41,21600.0,200,Buy,233154948
2024-08-20 13:32:45,21600.0,2100,Buy,233155191
2024-08-20 13:32:50,21500.0,100,Sell,233155587
2024-08-20 13:32:50,21550.0,200,Sell,233155586
2024-08-20 13:32:51,21600.0,2100,Buy,233155620
2024-08-20 13:32:58,21600.0,1900,Buy,233156090
2024-08-20 13:32:58,21550.0,300,Sell,233156087
2024-08-20 13:32:58,21500.0,1200,Sell,233156088
2024-08-20 13:32:58,21600.0,200,Buy,233156089
2024-08-20 13:33:01,21600.0,300,Buy,233156269
2024-08-20 13:33:06,21600.0,2000,Buy,233156453
2024-08-20 13:33:06,21600.0,800,Buy,233156452
2024-08-20 13:33:06,21600.0,100,Buy,233156451
2024-08-20 13:33:06,21600.0,800,Buy,233156447
2024-08-20 13:33:06,21600.0,200,Buy,233156449
2024-08-20 13:33:06,21600.0,100,Buy,233156450
2024-08-20 13:33:06,21600.0,100,Buy,233156448
2024-08-20 13:33:12,21600.0,500,Buy,233156716
2024-08-20 13:33:12,21600.0,500,Buy,233156717
2024-08-20 13:33:14,21550.0,300,Sell,233156953
2024-08-20 13:33:14,21600.0,2100,Buy,233156954
2024-08-20 13:33:21,21600.0,100,Buy,233157375
2024-08-20 13:33:22,21600.0,400,Buy,233157440
2024-08-20 13:33:22,21600.0,1700,Buy,233157441
2024-08-20 13:33:25,21600.0,1000,Buy,233157590
2024-08-20 13:33:29,21550.0,1700,Sell,233157778
2024-08-20 13:33:29,21550.0,600,Sell,233157779
2024-08-20 13:33:30,21550.0,100,Sell,233157868
2024-08-20 13:33:31,21600.0,100,Buy,233157932
2024-08-20 13:33:31,21600.0,300,Buy,233157933
2024-08-20 13:33:31,21600.0,200,Buy,233157934
2024-08-20 13:33:31,21600.0,600,Buy,233157935
2024-08-20 13:33:31,21600.0,900,Buy,233157931
2024-08-20 13:33:35,21550.0,1000,Sell,233158249
2024-08-20 13:33:38,21550.0,3300,Sell,233158458
2024-08-20 13:33:38,21550.0,100,Sell,233158459
2024-08-20 13:33:38,21550.0,1600,Sell,233158460
2024-08-20 13:33:39,21600.0,2100,Buy,233158562
2024-08-20 13:33:43,21550.0,300,Sell,233158782
2024-08-20 13:33:44,21550.0,100,Sell,233158889
2024-08-20 13:33:45,21550.0,4600,Sell,233159005
2024-08-20 13:33:45,21550.0,300,Sell,233159014
2024-08-20 13:33:45,21550.0,400,Sell,233159004
2024-08-20 13:33:46,21600.0,500,Buy,233159017
2024-08-20 13:33:47,21550.0,100,Sell,233159085
2024-08-20 13:33:47,21550.0,800,Sell,233159086
2024-08-20 13:33:47,21550.0,1500,Sell,233159087
2024-08-20 13:33:47,21550.0,2100,Buy,233159165
2024-08-20 13:33:53,21550.0,1000,Buy,233159532
2024-08-20 13:33:55,21550.0,200,Buy,233159627
2024-08-20 13:33:55,21550.0,800,Buy,233159652
2024-08-20 13:33:55,21550.0,1300,Buy,233159653
2024-08-20 13:34:00,21550.0,900,Buy,233159932
2024-08-20 13:34:00,21550.0,100,Buy,233159931
2024-08-20 13:34:00,21550.0,900,Buy,233159918
2024-08-20 13:34:00,21550.0,800,Buy,233159929
2024-08-20 13:34:00,21550.0,3200,Buy,233159930
2024-08-20 13:34:02,21500.0,100,Sell,233160009
2024-08-20 13:34:02,21550.0,200,Buy,233160019
2024-08-20 13:34:03,21550.0,2100,Buy,233160060
2024-08-20 13:34:10,21550.0,700,Buy,233160443
2024-08-20 13:34:11,21550.0,3000,Buy,233160514
2024-08-20 13:34:11,21550.0,2100,Buy,233160527
2024-08-20 13:34:19,21550.0,900,Buy,233160936
2024-08-20 13:34:19,21550.0,200,Buy,233160935
2024-08-20 13:34:19,21550.0,1000,Buy,233160934
2024-08-20 13:34:23,21550.0,1000,Buy,233161162
2024-08-20 13:34:25,21550.0,900,Buy,233161279
2024-08-20 13:34:25,21550.0,3100,Buy,233161277
2024-08-20 13:34:25,21550.0,300,Buy,233161278
2024-08-20 13:34:26,21550.0,5700,Sell,233161288
2024-08-20 13:34:26,21550.0,500,Buy,233161333
2024-08-20 13:34:28,21550.0,2100,Buy,233161404
2024-08-20 13:34:29,21550.0,500,Buy,233161472
2024-08-20 13:34:34,21550.0,1000,Buy,233161771
2024-08-20 13:34:35,21550.0,100,Buy,233161782
2024-08-20 13:34:35,21550.0,100,Buy,233161813
2024-08-20 13:34:36,21550.0,1000,Buy,233161853
2024-08-20 13:34:36,21600.0,1800,Buy,233161877
2024-08-20 13:34:36,21600.0,300,Buy,233161878
2024-08-20 13:34:38,21550.0,100,Sell,233162035
2024-08-20 13:34:40,21550.0,100,Sell,233162213
2024-08-20 13:34:44,21600.0,1800,Buy,233162432
2024-08-20 13:34:44,21600.0,200,Buy,233162431
2024-08-20 13:34:48,21550.0,100,Sell,233162621
2024-08-20 13:34:48,21550.0,200,Sell,233162622
2024-08-20 13:34:48,21550.0,200,Sell,233162623
2024-08-20 13:34:52,21600.0,1200,Buy,233162901
2024-08-20 13:34:52,21600.0,800,Buy,233162902
2024-08-20 13:34:57,21600.0,200,Buy,233163138
2024-08-20 13:35:00,21600.0,2000,Buy,233163285
2024-08-20 13:35:08,21600.0,2000,Buy,233163821
2024-08-20 13:35:08,21550.0,200,Sell,233163820
2024-08-20 13:35:08,21550.0,300,Sell,233163819
2024-08-20 13:35:12,21550.0,1000,Sell,233164234
2024-08-20 13:35:12,21550.0,100,Sell,233164233
2024-08-20 13:35:12,21550.0,1800,Sell,233164229
2024-08-20 13:35:12,21550.0,200,Sell,233164231
2024-08-20 13:35:12,21550.0,100,Sell,233164230
2024-08-20 13:35:12,21550.0,500,Sell,233164232
2024-08-20 13:35:15,21550.0,1500,Buy,233164424
2024-08-20 13:35:16,21550.0,100,Buy,233164513
2024-08-20 13:35:16,21550.0,2000,Buy,233164547
2024-08-20 13:35:20,21550.0,5000,Buy,233165083
2024-08-20 13:35:25,21550.0,2000,Buy,233165365
2024-08-20 13:35:27,21550.0,200,Buy,233165450
2024-08-20 13:35:31,21500.0,100,Sell,233165631
2024-08-20 13:35:33,21550.0,2000,Buy,233165854
2024-08-20 13:35:34,21550.0,500,Buy,233165907
2024-08-20 13:35:36,21550.0,3000,Buy,233165965
2024-08-20 13:35:36,21550.0,200,Buy,233165966
2024-08-20 13:35:36,21550.0,10000,Buy,233165967
2024-08-20 13:35:36,21550.0,8000,Buy,233165968
2024-08-20 13:35:36,21550.0,500,Buy,233165969
2024-08-20 13:35:36,21550.0,1000,Buy,233165970
2024-08-20 13:35:37,21550.0,100,Sell,233166013
2024-08-20 13:35:37,21550.0,600,Sell,233166014
2024-08-20 13:35:37,21550.0,100,Sell,233166038
2024-08-20 13:35:40,21550.0,10000,Sell,233166265
2024-08-20 13:35:41,21600.0,2000,Buy,233166347
2024-08-20 13:35:42,21550.0,6600,Sell,233166400
2024-08-20 13:35:45,21550.0,100,Sell,233166590
2024-08-20 13:35:49,21600.0,2000,Buy,233166789
2024-08-20 13:35:50,21550.0,1000,Sell,233166797
2024-08-20 13:35:53,21600.0,2000,Buy,233166960
2024-08-20 13:35:53,21600.0,10000,Buy,233166961
2024-08-20 13:35:53,21600.0,100,Buy,233166962
2024-08-20 13:35:53,21600.0,200,Buy,233166963
2024-08-20 13:35:53,21600.0,6700,Buy,233166964
2024-08-20 13:35:53,21600.0,1000,Buy,233166959
2024-08-20 13:35:57,21550.0,100,Sell,233167154
2024-08-20 13:35:57,21600.0,2000,Buy,233167175
2024-08-20 13:36:03,21600.0,500,Buy,233167583
2024-08-20 13:36:05,21600.0,2000,Buy,233167683
2024-08-20 13:36:07,21550.0,20000,Sell,233167732
2024-08-20 13:36:10,21550.0,100,Sell,233167888
2024-08-20 13:36:14,21600.0,2000,Buy,233168076
2024-08-20 13:36:17,21600.0,1000,Buy,233168204
2024-08-20 13:36:21,21600.0,2000,Buy,233168499
2024-08-20 13:36:29,21550.0,1000,Sell,233168911
2024-08-20 13:36:30,21600.0,2000,Buy,233168959
2024-08-20 13:36:31,21600.0,100,Buy,233168990
2024-08-20 13:36:39,21600.0,200,Buy,233169389
2024-08-20 13:36:39,21600.0,1500,Buy,233169391
2024-08-20 13:36:39,21600.0,100,Buy,233169392
2024-08-20 13:36:39,21600.0,400,Buy,233169393
2024-08-20 13:36:46,21600.0,2000,Buy,233169786
2024-08-20 13:36:54,21600.0,2000,Buy,233170223
2024-08-20 13:37:00,21550.0,2000,Sell,233170496
2024-08-20 13:37:02,21600.0,400,Buy,233170672
2024-08-20 13:37:02,21600.0,500,Buy,233170671
2024-08-20 13:37:02,21600.0,400,Buy,233170669
2024-08-20 13:37:02,21600.0,600,Buy,233170668
2024-08-20 13:37:02,21600.0,100,Buy,233170670
2024-08-20 13:37:07,21600.0,300,Buy,233170966
2024-08-20 13:37:10,21600.0,300,Buy,233171113
2024-08-20 13:37:10,21600.0,1000,Buy,233171114
2024-08-20 13:37:10,21600.0,100,Buy,233171115
2024-08-20 13:37:10,21600.0,300,Buy,233171116
2024-08-20 13:37:10,21600.0,300,Buy,233171117
2024-08-20 13:37:18,21600.0,400,Buy,233171678
2024-08-20 13:37:18,21600.0,300,Buy,233171677
2024-08-20 13:37:18,21600.0,3000,Buy,233171676
2024-08-20 13:37:18,21600.0,100,Buy,233171675
2024-08-20 13:37:18,21600.0,2000,Buy,233171674
2024-08-20 13:37:18,21600.0,100,Buy,233171673
2024-08-20 13:37:18,21600.0,1000,Buy,233171670
2024-08-20 13:37:18,21600.0,100,Buy,233171671
2024-08-20 13:37:18,21600.0,500,Buy,233171669
2024-08-20 13:37:18,21600.0,1000,Buy,233171668
2024-08-20 13:37:18,21600.0,400,Buy,233171667
2024-08-20 13:37:18,21600.0,2000,Buy,233171651
2024-08-20 13:37:18,21600.0,2000,Buy,233171672
2024-08-20 13:37:25,21600.0,2900,Buy,233172183
2024-08-20 13:37:25,21600.0,300,Buy,233172182
2024-08-20 13:37:25,21600.0,200,Buy,233172181
2024-08-20 13:37:25,21600.0,2400,Buy,233172180
2024-08-20 13:37:25,21600.0,100,Buy,233172178
2024-08-20 13:37:25,21600.0,600,Buy,233172176
2024-08-20 13:37:25,21600.0,500,Buy,233172179
2024-08-20 13:37:25,21600.0,3000,Buy,233172177
2024-08-20 13:37:27,21600.0,2000,Buy,233172381
2024-08-20 13:37:31,21550.0,100,Sell,233172657
2024-08-20 13:37:35,21600.0,2000,Buy,233172876
2024-08-20 13:37:37,21600.0,2000,Buy,233172967
2024-08-20 13:37:43,21600.0,1100,Buy,233173295
2024-08-20 13:37:43,21600.0,900,Buy,233173296
2024-08-20 13:37:51,21600.0,100,Buy,233173835
2024-08-20 13:37:51,21600.0,1900,Buy,233173836
2024-08-20 13:37:59,21600.0,300,Buy,233174303
2024-08-20 13:37:59,21600.0,200,Buy,233174302
2024-08-20 13:37:59,21600.0,200,Buy,233174299
2024-08-20 13:37:59,21600.0,100,Buy,233174298
2024-08-20 13:37:59,21600.0,200,Buy,233174300
2024-08-20 13:37:59,21600.0,1000,Buy,233174301
2024-08-20 13:38:00,21550.0,500,Sell,233174366
2024-08-20 13:38:05,21550.0,35000,Sell,233174617
2024-08-20 13:38:05,21550.0,1000,Sell,233174618
2024-08-20 13:38:05,21550.0,1000,Sell,233174619
2024-08-20 13:38:05,21550.0,100,Sell,233174620
2024-08-20 13:38:05,21550.0,2900,Sell,233174621
2024-08-20 13:38:06,21550.0,2100,Sell,233174672
2024-08-20 13:38:06,21550.0,2600,Sell,233174673
2024-08-20 13:38:07,21600.0,2000,Buy,233174695
2024-08-20 13:38:15,21600.0,1600,Buy,233175110
2024-08-20 13:38:15,21600.0,400,Buy,233175111
2024-08-20 13:38:24,21550.0,300,Sell,233175899
2024-08-20 13:38:24,21550.0,1700,Sell,233175901
2024-08-20 13:38:24,21550.0,100,Sell,233175900
2024-08-20 13:38:24,21550.0,4000,Sell,233175898
2024-08-20 13:38:24,21550.0,100,Sell,233175897
2024-08-20 13:38:24,21550.0,100,Sell,233175896
2024-08-20 13:38:24,21550.0,100,Sell,233175895
2024-08-20 13:38:24,21600.0,600,Buy,233175865
2024-08-20 13:38:24,21600.0,400,Buy,233175889
2024-08-20 13:38:24,21600.0,100,Buy,233175888
2024-08-20 13:38:24,21600.0,1500,Buy,233175887
2024-08-20 13:38:24,21600.0,300,Buy,233175868
2024-08-20 13:38:24,21600.0,2000,Buy,233175867
2024-08-20 13:38:24,21600.0,100,Buy,233175866
2024-08-20 13:38:24,21550.0,400,Sell,233175894
2024-08-20 13:38:26,21550.0,200,Sell,233175985
2024-08-20 13:38:26,21550.0,500,Sell,233175984
2024-08-20 13:38:26,21550.0,1000,Sell,233175983
2024-08-20 13:38:26,21550.0,1200,Sell,233175963
2024-08-20 13:38:26,21550.0,500,Sell,233175962
2024-08-20 13:38:26,21550.0,1300,Sell,233175961
2024-08-20 13:38:26,21550.0,2300,Sell,233175982
2024-08-20 13:38:28,21550.0,1800,Sell,233176015
2024-08-20 13:38:30,21550.0,500,Sell,233176144
2024-08-20 13:38:34,21550.0,1100,Buy,233176341
2024-08-20 13:38:34,21550.0,400,Buy,233176340
2024-08-20 13:38:34,21550.0,500,Buy,233176339
2024-08-20 13:38:40,21550.0,100,Buy,233176686
2024-08-20 13:38:40,21550.0,1900,Buy,233176687
2024-08-20 13:38:48,21550.0,1700,Buy,233177095
2024-08-20 13:38:48,21550.0,300,Buy,233177096
2024-08-20 13:38:55,21550.0,1000,Buy,233177481
2024-08-20 13:38:56,21550.0,1900,Buy,233177578
2024-08-20 13:38:56,21550.0,100,Buy,233177579
2024-08-20 13:38:58,21500.0,1300,Sell,233177673
2024-08-20 13:38:58,21500.0,100,Sell,233177674
2024-08-20 13:38:58,21500.0,5000,Sell,233177675
2024-08-20 13:38:58,21500.0,100,Sell,233177676
2024-08-20 13:39:04,21550.0,2000,Buy,233177948
2024-08-20 13:39:12,21550.0,2000,Buy,233178299
2024-08-20 13:39:15,21550.0,1000,Buy,233178403
2024-08-20 13:39:19,21500.0,500,Sell,233178591
2024-08-20 13:39:20,21550.0,2000,Buy,233178647
2024-08-20 13:39:28,21500.0,300,Sell,233179118
2024-08-20 13:39:29,21550.0,2000,Buy,233179147
2024-08-20 13:39:37,21550.0,200,Buy,233179561
2024-08-20 13:39:37,21550.0,400,Buy,233179562
2024-08-20 13:39:37,21550.0,500,Buy,233179563
2024-08-20 13:39:37,21550.0,900,Buy,233179560
2024-08-20 13:39:45,21550.0,500,Buy,233179935
2024-08-20 13:39:45,21550.0,100,Buy,233179936
2024-08-20 13:39:45,21550.0,1000,Buy,233179937
2024-08-20 13:39:45,21550.0,400,Buy,233179938
2024-08-20 13:39:46,21550.0,600,Buy,233179950
2024-08-20 13:39:46,21550.0,400,Buy,233179951
2024-08-20 13:39:48,21550.0,1000,Buy,233180033
2024-08-20 13:39:48,21550.0,1600,Buy,233180032
2024-08-20 13:39:48,21550.0,1000,Buy,233180031
2024-08-20 13:39:48,21550.0,2000,Buy,233180028
2024-08-20 13:39:48,21550.0,100,Buy,233180029
2024-08-20 13:39:48,21550.0,600,Buy,233180027
2024-08-20 13:39:48,21550.0,2000,Buy,233180030
2024-08-20 13:39:51,21550.0,10000,Sell,233180168
2024-08-20 13:39:53,21600.0,600,Buy,233180281
2024-08-20 13:39:53,21600.0,200,Buy,233180282
2024-08-20 13:39:53,21600.0,1200,Buy,233180283
2024-08-20 13:40:01,21600.0,2000,Buy,233180617
2024-08-20 13:40:09,21600.0,1800,Buy,233181009
2024-08-20 13:40:09,21600.0,200,Buy,233181010
2024-08-20 13:40:17,21600.0,900,Buy,233181320
2024-08-20 13:40:17,21600.0,300,Buy,233181319
2024-08-20 13:40:17,21600.0,800,Buy,233181318
2024-08-20 13:40:26,21600.0,2000,Buy,233181791
2024-08-20 13:40:34,21600.0,2000,Buy,233182158
2024-08-20 13:40:39,21550.0,700,Sell,233182354
2024-08-20 13:40:40,21550.0,200,Sell,233182411
2024-08-20 13:40:40,21550.0,800,Sell,233182475
2024-08-20 13:40:40,21550.0,200,Sell,233182476
2024-08-20 13:40:43,21600.0,2000,Buy,233182568
2024-08-20 13:40:44,21550.0,500,Sell,233182621
2024-08-20 13:40:44,21550.0,200,Sell,233182618
2024-08-20 13:40:44,21550.0,200,Sell,233182620
2024-08-20 13:40:44,21550.0,500,Sell,233182619
2024-08-20 13:40:44,21550.0,300,Sell,233182615
2024-08-20 13:40:44,21550.0,1000,Sell,233182617
2024-08-20 13:40:44,21550.0,200,Sell,233182616
2024-08-20 13:40:50,21550.0,2000,Buy,233182920
2024-08-20 13:40:58,21500.0,100,Sell,233183282
2024-08-20 13:40:58,21500.0,200,Sell,233183283
2024-08-20 13:40:58,21550.0,2000,Buy,233183286
2024-08-20 13:41:06,21550.0,100,Buy,233183645
2024-08-20 13:41:06,21550.0,1900,Buy,233183646
2024-08-20 13:41:14,21550.0,200,Buy,233183945
2024-08-20 13:41:14,21550.0,2000,Buy,233183954
2024-08-20 13:41:23,21550.0,100,Buy,233184383
2024-08-20 13:41:23,21550.0,900,Buy,233184381
2024-08-20 13:41:23,21550.0,1000,Buy,233184382
2024-08-20 13:41:31,21550.0,2000,Buy,233184696
2024-08-20 13:41:39,21550.0,2000,Buy,233185178
2024-08-20 13:41:41,21500.0,1000,Sell,233185238
2024-08-20 13:41:47,21550.0,2000,Buy,233185707
2024-08-20 13:41:48,21550.0,100,Buy,233185726
2024-08-20 13:41:51,21500.0,100,Sell,233185859
2024-08-20 13:41:51,21500.0,1600,Sell,233185865
2024-08-20 13:41:51,21500.0,100,Sell,233185864
2024-08-20 13:41:51,21500.0,400,Sell,233185863
2024-08-20 13:41:51,21500.0,2000,Sell,233185862
2024-08-20 13:41:51,21500.0,100,Sell,233185861
2024-08-20 13:41:51,21500.0,100,Sell,233185860
2024-08-20 13:41:51,21500.0,1000,Sell,233185858
2024-08-20 13:41:51,21500.0,300,Sell,233185856
2024-08-20 13:41:51,21500.0,300,Sell,233185855
2024-08-20 13:41:51,21500.0,200,Sell,233185854
2024-08-20 13:41:51,21500.0,200,Sell,233185853
2024-08-20 13:41:51,21500.0,200,Sell,233185852
2024-08-20 13:41:51,21500.0,4600,Sell,233185851
2024-08-20 13:41:51,21500.0,1800,Sell,233185850
2024-08-20 13:41:51,21500.0,2000,Sell,233185857
2024-08-20 13:41:55,21550.0,2000,Buy,233186015
2024-08-20 13:41:58,21500.0,400,Sell,233186138
2024-08-20 13:41:58,21500.0,500,Sell,233186139
2024-08-20 13:41:58,21500.0,1000,Sell,233186140
2024-08-20 13:41:58,21500.0,2000,Sell,233186141
2024-08-20 13:41:58,21500.0,100,Sell,233186142
2024-08-20 13:42:02,21450.0,3000,Sell,233186279
2024-08-20 13:42:02,21450.0,3800,Sell,233186276
2024-08-20 13:42:02,21450.0,1000,Sell,233186277
2024-08-20 13:42:02,21450.0,2000,Sell,233186278
2024-08-20 13:42:03,21500.0,2000,Buy,233186324
2024-08-20 13:42:11,21500.0,2000,Buy,233186639
2024-08-20 13:42:14,21450.0,1000,Sell,233186815
2024-08-20 13:42:14,21450.0,100,Sell,233186816
2024-08-20 13:42:14,21450.0,3900,Sell,233186817
2024-08-20 13:42:19,21500.0,2000,Buy,233187040
2024-08-20 13:42:28,21500.0,2000,Buy,233187417
2024-08-20 13:42:36,21500.0,2000,Buy,233187768
2024-08-20 13:42:39,21500.0,100,Buy,233187855
2024-08-20 13:42:44,21500.0,100,Buy,233188127
2024-08-20 13:42:44,21500.0,900,Buy,233188125
2024-08-20 13:42:44,21500.0,1000,Buy,233188126
2024-08-20 13:42:47,21500.0,400,Buy,233188344
2024-08-20 13:42:47,21500.0,200,Buy,233188343
2024-08-20 13:42:49,21450.0,1000,Sell,233188401
2024-08-20 13:42:52,21500.0,100,Buy,233188550
2024-08-20 13:42:52,21500.0,200,Buy,233188551
2024-08-20 13:42:52,21500.0,1800,Buy,233188564
2024-08-20 13:42:52,21500.0,200,Buy,233188565
2024-08-20 13:43:00,21500.0,2000,Buy,233188921
2024-08-20 13:43:07,21500.0,1000,Buy,233189239
2024-08-20 13:43:08,21500.0,1800,Buy,233189364
2024-08-20 13:43:08,21500.0,200,Buy,233189365
2024-08-20 13:43:16,21500.0,600,Buy,233189744
2024-08-20 13:43:16,21500.0,400,Buy,233189745
2024-08-20 13:43:16,21500.0,1000,Buy,233189746
2024-08-20 13:43:20,21500.0,4000,Buy,233189905
2024-08-20 13:43:20,21500.0,1000,Buy,233189906
2024-08-20 13:43:21,21500.0,100,Buy,233189963
2024-08-20 13:43:23,21500.0,400,Buy,233190039
2024-08-20 13:43:25,21500.0,200,Buy,233190124
2024-08-20 13:43:25,21500.0,800,Buy,233190125
2024-08-20 13:43:25,21500.0,1000,Buy,233190126
2024-08-20 13:43:26,21500.0,200,Buy,233190133
2024-08-20 13:43:33,21500.0,1800,Buy,233190493
2024-08-20 13:43:33,21500.0,200,Buy,233190494
2024-08-20 13:43:34,21500.0,100,Buy,233190528
2024-08-20 13:43:34,21500.0,5000,Buy,233190529
2024-08-20 13:43:34,21500.0,1300,Buy,233190526
2024-08-20 13:43:34,21500.0,300,Buy,233190527
2024-08-20 13:43:41,21550.0,1800,Buy,233190891
2024-08-20 13:43:41,21550.0,200,Buy,233190893
2024-08-20 13:43:46,21500.0,100,Sell,233191098
2024-08-20 13:43:48,21500.0,300,Sell,233191169
2024-08-20 13:43:48,21500.0,6300,Sell,233191170
2024-08-20 13:43:48,21500.0,13400,Sell,233191171
2024-08-20 13:43:49,21550.0,300,Buy,233191240
2024-08-20 13:43:49,21550.0,300,Buy,233191244
2024-08-20 13:43:49,21550.0,300,Buy,233191245
2024-08-20 13:43:49,21550.0,1000,Buy,233191246
2024-08-20 13:43:49,21550.0,100,Buy,233191247
2024-08-20 13:43:51,21500.0,300,Buy,233191301
2024-08-20 13:43:51,21500.0,100,Sell,233191282
2024-08-20 13:43:51,21500.0,500,Sell,233191281
2024-08-20 13:43:57,21550.0,1000,Buy,233191486
2024-08-20 13:43:57,21550.0,100,Buy,233191487
2024-08-20 13:43:57,21550.0,900,Buy,233191488
2024-08-20 13:44:04,21500.0,100,Sell,233191722
2024-08-20 13:44:05,21550.0,100,Buy,233191754
2024-08-20 13:44:05,21550.0,200,Buy,233191755
2024-08-20 13:44:05,21550.0,100,Buy,233191756
2024-08-20 13:44:05,21550.0,200,Buy,233191757
2024-08-20 13:44:05,21550.0,1400,Buy,233191758
2024-08-20 13:44:13,21550.0,1600,Buy,233192095
2024-08-20 13:44:13,21550.0,400,Buy,233192096
2024-08-20 13:44:16,21550.0,400,Buy,233192257
2024-08-20 13:44:16,21550.0,600,Buy,233192256
2024-08-20 13:44:22,21550.0,700,Buy,233192532
2024-08-20 13:44:22,21550.0,600,Buy,233192530
2024-08-20 13:44:22,21550.0,700,Buy,233192531
2024-08-20 13:44:27,21500.0,100,Sell,233192687
2024-08-20 13:44:28,21500.0,9000,Sell,233192709
2024-08-20 13:44:28,21500.0,1100,Sell,233192710
2024-08-20 13:44:28,21500.0,9900,Sell,233192708
2024-08-20 13:44:30,21550.0,2000,Buy,233192776
2024-08-20 13:44:31,21500.0,100,Sell,233192784
2024-08-20 13:44:36,21500.0,8800,Sell,233193080
2024-08-20 13:44:36,21500.0,100,Sell,233193081
2024-08-20 13:44:36,21500.0,400,Sell,233193082
2024-08-20 13:44:36,21500.0,100,Sell,233193083
2024-08-20 13:44:36,21500.0,600,Sell,233193084
2024-08-20 13:44:38,21550.0,1000,Buy,233193156
2024-08-20 13:44:38,21550.0,100,Buy,233193154
2024-08-20 13:44:38,21550.0,900,Buy,233193155
2024-08-20 13:44:40,21550.0,100,Buy,233193195
2024-08-20 13:44:46,21550.0,900,Buy,233193509
2024-08-20 13:44:46,21550.0,1100,Buy,233193510
2024-08-20 13:44:54,21550.0,900,Buy,233193855
2024-08-20 13:44:54,21550.0,1000,Buy,233193856
2024-08-20 13:44:54,21550.0,100,Buy,233193857
2024-08-20 13:45:02,21550.0,2000,Buy,233194199
2024-08-20 13:45:10,21550.0,2000,Buy,233194500
2024-08-20 13:45:17,21550.0,1900,Buy,233194738
2024-08-20 13:45:17,21550.0,100,Buy,233194739
2024-08-20 13:45:18,21550.0,500,Buy,233194807
2024-08-20 13:45:18,21550.0,1500,Buy,233194806
2024-08-20 13:45:27,21550.0,100,Buy,233195110
2024-08-20 13:45:27,21550.0,1900,Buy,233195119
2024-08-20 13:45:28,21550.0,500,Buy,233195149
2024-08-20 13:45:35,21550.0,2000,Buy,233195377
2024-08-20 13:45:43,21550.0,2000,Buy,233195689
2024-08-20 13:45:51,21550.0,2000,Buy,233195928
2024-08-20 13:45:59,21550.0,2000,Buy,233196322
2024-08-20 13:46:07,21550.0,2000,Buy,233196550
2024-08-20 13:46:15,21550.0,2000,Buy,233196824
2024-08-20 13:46:24,21550.0,2000,Buy,233197165
2024-08-20 13:46:32,21550.0,2000,Buy,233197518
2024-08-20 13:46:34,21550.0,1000,Buy,233197599
2024-08-20 13:46:34,21500.0,1500,Sell,233197592
2024-08-20 13:46:37,21500.0,800,Sell,233197725
2024-08-20 13:46:37,21500.0,100,Sell,233197726
2024-08-20 13:46:37,21500.0,100,Sell,233197727
2024-08-20 13:46:37,21500.0,9100,Sell,233197728
2024-08-20 13:46:37,21500.0,2000,Sell,233197729
2024-08-20 13:46:37,21500.0,200,Sell,233197730
2024-08-20 13:46:37,21500.0,100,Sell,233197731
2024-08-20 13:46:37,21500.0,1000,Sell,233197732
2024-08-20 13:46:37,21500.0,700,Sell,233197733
2024-08-20 13:46:37,21500.0,900,Sell,233197724
2024-08-20 13:46:39,21550.0,600,Buy,233197843
2024-08-20 13:46:39,21550.0,400,Buy,233197844
2024-08-20 13:46:40,21550.0,1300,Buy,233197895
2024-08-20 13:46:40,21550.0,100,Buy,233197894
2024-08-20 13:46:40,21550.0,200,Buy,233197893
2024-08-20 13:46:40,21550.0,400,Buy,233197892
2024-08-20 13:46:44,21500.0,1000,Sell,233198010
2024-08-20 13:46:48,21550.0,400,Buy,233198151
2024-08-20 13:46:48,21550.0,1200,Buy,233198150
2024-08-20 13:46:48,21550.0,400,Buy,233198152
2024-08-20 13:46:56,21550.0,100,Buy,233198427
2024-08-20 13:46:56,21550.0,1900,Buy,233198428
2024-08-20 13:47:04,21550.0,2000,Buy,233198798
2024-08-20 13:47:12,21550.0,300,Buy,233199082
2024-08-20 13:47:12,21550.0,100,Buy,233199083
2024-08-20 13:47:12,21550.0,1600,Buy,233199084
2024-08-20 13:47:13,21500.0,2900,Sell,233199158
2024-08-20 13:47:13,21500.0,500,Sell,233199155
2024-08-20 13:47:13,21500.0,1000,Sell,233199157
2024-08-20 13:47:13,21500.0,100,Sell,233199153
2024-08-20 13:47:13,21500.0,300,Sell,233199152
2024-08-20 13:47:13,21500.0,200,Sell,233199154
2024-08-20 13:47:13,21500.0,5000,Sell,233199156
2024-08-20 13:47:21,21550.0,400,Buy,233199449
2024-08-20 13:47:21,21550.0,100,Buy,233199450
2024-08-20 13:47:21,21550.0,500,Buy,233199451
2024-08-20 13:47:21,21550.0,1000,Buy,233199452
2024-08-20 13:47:30,21550.0,2000,Buy,233199805
2024-08-20 13:47:37,21550.0,2000,Buy,233200155
2024-08-20 13:47:45,21550.0,2000,Buy,233200532
2024-08-20 13:47:50,21500.0,1000,Sell,233200744
2024-08-20 13:47:50,21500.0,2200,Sell,233200745
2024-08-20 13:47:50,21500.0,100,Sell,233200743
2024-08-20 13:47:50,21500.0,4000,Sell,233200741
2024-08-20 13:47:50,21500.0,300,Sell,233200742
2024-08-20 13:47:50,21500.0,2400,Sell,233200740
2024-08-20 13:47:53,21550.0,2000,Buy,233200955
2024-08-20 13:48:01,21550.0,2000,Buy,233201311
2024-08-20 13:48:09,21550.0,2000,Buy,233201616
2024-08-20 13:48:17,21550.0,2000,Buy,233201996
2024-08-20 13:48:26,21550.0,500,Buy,233202370
2024-08-20 13:48:26,21550.0,100,Buy,233202371
2024-08-20 13:48:26,21550.0,1000,Buy,233202372
2024-08-20 13:48:26,21550.0,400,Buy,233202373
2024-08-20 13:48:27,21500.0,3000,Sell,233202385
2024-08-20 13:48:31,21550.0,500,Buy,233202656
2024-08-20 13:48:32,21500.0,1000,Sell,233202784
2024-08-20 13:48:34,21550.0,2000,Buy,233202852
2024-08-20 13:48:38,21550.0,100,Buy,233203051
2024-08-20 13:48:38,21550.0,1000,Buy,233203052
2024-08-20 13:48:38,21550.0,100,Buy,233203053
2024-08-20 13:48:38,21550.0,1000,Buy,233203054
2024-08-20 13:48:38,21550.0,500,Buy,233203055
2024-08-20 13:48:38,21550.0,800,Buy,233203056
2024-08-20 13:48:38,21550.0,1500,Buy,233203057
2024-08-20 13:48:39,21500.0,900,Sell,233203078
2024-08-20 13:48:42,21550.0,2000,Buy,233203218
2024-08-20 13:48:50,21550.0,1500,Buy,233203517
2024-08-20 13:48:50,21550.0,500,Buy,233203518
2024-08-20 13:48:58,21550.0,600,Buy,233203837
2024-08-20 13:48:58,21550.0,100,Buy,233203836
2024-08-20 13:48:58,21550.0,800,Buy,233203835
2024-08-20 13:48:58,21550.0,500,Buy,233203834
2024-08-20 13:49:06,21550.0,400,Buy,233204269
2024-08-20 13:49:06,21550.0,800,Buy,233204270
2024-08-20 13:49:06,21550.0,800,Buy,233204271
2024-08-20 13:49:10,21550.0,4200,Buy,233204457
2024-08-20 13:49:10,21550.0,300,Buy,233204458
2024-08-20 13:49:10,21550.0,100,Buy,233204459
2024-08-20 13:49:10,21550.0,300,Buy,233204460
2024-08-20 13:49:10,21550.0,300,Buy,233204461
2024-08-20 13:49:14,21550.0,700,Buy,233204725
2024-08-20 13:49:14,21550.0,100,Buy,233204726
2024-08-20 13:49:14,21550.0,1200,Buy,233204727
2024-08-20 13:49:16,21500.0,100,Sell,233204798
2024-08-20 13:49:23,21550.0,500,Buy,233205185
2024-08-20 13:49:23,21550.0,1300,Buy,233205186
2024-08-20 13:49:23,21550.0,200,Buy,233205184
2024-08-20 13:49:31,21550.0,2000,Buy,233205555
2024-08-20 13:49:34,21500.0,2800,Sell,233205664
2024-08-20 13:49:34,21500.0,2000,Sell,233205665
2024-08-20 13:49:34,21500.0,200,Sell,233205666
2024-08-20 13:49:39,21550.0,2000,Buy,233206053
2024-08-20 13:49:39,21500.0,100,Sell,233206054
2024-08-20 13:49:42,21500.0,300,Sell,233206204
2024-08-20 13:49:42,21500.0,1000,Sell,233206205
2024-08-20 13:49:42,21500.0,1800,Sell,233206206
2024-08-20 13:49:45,21500.0,100,Sell,233206423
2024-08-20 13:49:45,21500.0,700,Sell,233206422
2024-08-20 13:49:45,21500.0,3200,Sell,233206420
2024-08-20 13:49:45,21500.0,1000,Sell,233206421
2024-08-20 13:49:47,21550.0,2000,Buy,233206508
2024-08-20 13:49:50,21500.0,1000,Sell,233206598
2024-08-20 13:49:50,21500.0,300,Sell,233206599
2024-08-20 13:49:50,21500.0,1000,Sell,233206600
2024-08-20 13:49:50,21500.0,2700,Sell,233206601
2024-08-20 13:49:50,21500.0,300,Sell,233206608
2024-08-20 13:49:50,21500.0,200,Sell,233206615
2024-08-20 13:49:50,21500.0,300,Sell,233206616
2024-08-20 13:49:50,21500.0,100,Sell,233206617
2024-08-20 13:49:55,21500.0,2000,Buy,233206855
2024-08-20 13:49:56,21500.0,200,Buy,233206873
2024-08-20 13:49:57,21500.0,500,Buy,233206948
2024-08-20 13:49:57,21500.0,5000,Buy,233206949
2024-08-20 13:50:03,21550.0,2000,Buy,233207145
2024-08-20 13:50:10,21500.0,4200,Sell,233207412
2024-08-20 13:50:10,21500.0,5400,Sell,233207413
2024-08-20 13:50:10,21500.0,300,Sell,233207398
2024-08-20 13:50:11,21550.0,700,Buy,233207467
2024-08-20 13:50:11,21550.0,1300,Buy,233207477
2024-08-20 13:50:13,21500.0,200,Sell,233207516
2024-08-20 13:50:13,21500.0,2000,Sell,233207517
2024-08-20 13:50:15,21500.0,300,Buy,233207614
2024-08-20 13:50:20,21500.0,1500,Buy,233207904
2024-08-20 13:50:20,21500.0,500,Buy,233207905
2024-08-20 13:50:22,21450.0,100,Sell,233207996
2024-08-20 13:50:22,21450.0,4900,Sell,233207997
2024-08-20 13:50:32,21500.0,2000,Buy,233208484
2024-08-20 13:50:35,21500.0,2000,Buy,233208591
2024-08-20 13:50:36,21500.0,2000,Buy,233208680
2024-08-20 13:50:41,21500.0,2000,Buy,233208961
2024-08-20 13:50:44,21500.0,2000,Buy,233209126
2024-08-20 13:50:52,21500.0,2000,Buy,233209587
2024-08-20 13:50:58,21500.0,100,Buy,233209961
2024-08-20 13:51:00,21500.0,2000,Buy,233210135
2024-08-20 13:51:03,21500.0,3000,Buy,233210261
2024-08-20 13:51:04,21500.0,6000,Buy,233210383
2024-08-20 13:51:05,21500.0,500,Buy,233210396
2024-08-20 13:51:06,21500.0,5900,Buy,233210482
2024-08-20 13:51:06,21500.0,1000,Buy,233210483
2024-08-20 13:51:06,21500.0,800,Buy,233210484
2024-08-20 13:51:06,21500.0,200,Buy,233210485
2024-08-20 13:51:06,21500.0,100,Buy,233210486
2024-08-20 13:51:06,21500.0,200,Buy,233210487
2024-08-20 13:51:06,21500.0,100,Buy,233210488
2024-08-20 13:51:08,21550.0,1600,Buy,233210572
2024-08-20 13:51:08,21550.0,100,Buy,233210571
2024-08-20 13:51:08,21550.0,200,Buy,233210570
2024-08-20 13:51:16,21550.0,1400,Buy,233210956
2024-08-20 13:51:16,21550.0,500,Buy,233210957
2024-08-20 13:51:25,21550.0,1900,Buy,233211538
2024-08-20 13:51:28,21500.0,100,Sell,233211774
2024-08-20 13:51:28,21500.0,1000,Sell,233211775
2024-08-20 13:51:30,21500.0,3900,Buy,233211902
2024-08-20 13:51:33,21550.0,1900,Buy,233212035
2024-08-20 13:51:34,21500.0,200,Sell,233212053
2024-08-20 13:51:37,21500.0,100,Sell,233212204
2024-08-20 13:51:37,21500.0,6700,Sell,233212235
2024-08-20 13:51:41,21500.0,1900,Buy,233212431
2024-08-20 13:51:41,21500.0,10000,Buy,233212421
2024-08-20 13:51:42,21500.0,1400,Buy,233212587
2024-08-20 13:51:42,21500.0,1000,Buy,233212588
2024-08-20 13:51:49,21500.0,200,Buy,233213058
2024-08-20 13:51:49,21500.0,100,Buy,233213059
2024-08-20 13:51:49,21550.0,1600,Buy,233213060
2024-08-20 13:51:57,21550.0,1900,Buy,233213483
2024-08-20 13:52:02,21500.0,100,Buy,233213718
2024-08-20 13:52:05,21500.0,400,Buy,233213935
2024-08-20 13:52:05,21500.0,300,Buy,233213936
2024-08-20 13:52:05,21550.0,1100,Buy,233213937
2024-08-20 13:52:13,21550.0,300,Buy,233214520
2024-08-20 13:52:13,21550.0,400,Buy,233214521
2024-08-20 13:52:13,21550.0,1100,Buy,233214518
2024-08-20 13:52:13,21550.0,100,Buy,233214519
2024-08-20 13:52:21,21550.0,100,Buy,233215233
2024-08-20 13:52:22,21550.0,500,Buy,233215273
2024-08-20 13:52:22,21550.0,500,Buy,233215274
2024-08-20 13:52:22,21550.0,500,Buy,233215275
2024-08-20 13:52:22,21550.0,400,Buy,233215276
2024-08-20 13:52:24,21550.0,100,Buy,233215414
2024-08-20 13:52:30,21550.0,1900,Buy,233215724
2024-08-20 13:52:34,21550.0,100,Buy,233215930
2024-08-20 13:52:38,21550.0,1900,Buy,233216115
2024-08-20 13:52:41,21550.0,600,Buy,233216260
2024-08-20 13:52:41,21550.0,600,Buy,233216258
2024-08-20 13:52:41,21550.0,500,Buy,233216259
2024-08-20 13:52:47,21550.0,1900,Buy,233216664
2024-08-20 13:52:54,21550.0,1900,Buy,233217034
2024-08-20 13:52:55,21500.0,600,Sell,233217084
2024-08-20 13:53:01,21500.0,100,Sell,233217434
2024-08-20 13:53:02,21550.0,1900,Buy,233217536
2024-08-20 13:53:04,21500.0,4300,Sell,233217623
2024-08-20 13:53:04,21500.0,11100,Sell,233217629
2024-08-20 13:53:10,21550.0,1700,Buy,233217903
2024-08-20 13:53:10,21550.0,200,Buy,233217904
2024-08-20 13:53:11,21500.0,100,Sell,233217999
2024-08-20 13:53:11,21500.0,1000,Sell,233218000
2024-08-20 13:53:11,21500.0,4000,Sell,233218001
2024-08-20 13:53:11,21500.0,200,Sell,233218002
2024-08-20 13:53:11,21500.0,16500,Sell,233218003
2024-08-20 13:53:11,21450.0,2200,Sell,233218004
2024-08-20 13:53:19,21550.0,800,Buy,233218398
2024-08-20 13:53:19,21500.0,1000,Buy,233218397
2024-08-20 13:53:22,21500.0,500,Sell,233218510
2024-08-20 13:53:24,21500.0,500,Buy,233218638
2024-08-20 13:53:27,21550.0,1900,Buy,233218917
2024-08-20 13:53:35,21550.0,1900,Buy,233219400
2024-08-20 13:53:43,21550.0,1900,Buy,233219911
2024-08-20 13:53:50,21500.0,100,Sell,233220363
2024-08-20 13:53:51,21550.0,1900,Buy,233220429
2024-08-20 13:54:00,21550.0,1900,Buy,233220915
2024-08-20 13:54:07,21550.0,1900,Buy,233221361
2024-08-20 13:54:16,21550.0,1900,Buy,233221981
2024-08-20 13:54:17,21550.0,600,Buy,233222123
2024-08-20 13:54:21,21500.0,500,Sell,233222380
2024-08-20 13:54:24,21550.0,1900,Buy,233222616
2024-08-20 13:54:32,21550.0,1900,Buy,233223303
2024-08-20 13:54:32,21550.0,700,Buy,233223167
2024-08-20 13:54:34,21550.0,1900,Buy,233223469
2024-08-20 13:54:34,21550.0,14000,Buy,233223468
2024-08-20 13:54:34,21550.0,100,Buy,233223467
2024-08-20 13:54:34,21550.0,1900,Buy,233223466
2024-08-20 13:54:34,21550.0,100,Buy,233223465
2024-08-20 13:54:34,21550.0,200,Buy,233223464
2024-08-20 13:54:34,21550.0,5700,Buy,233223463
2024-08-20 13:54:34,21550.0,100,Buy,233223461
2024-08-20 13:54:34,21550.0,300,Buy,233223460
2024-08-20 13:54:34,21550.0,500,Buy,233223462
2024-08-20 13:54:34,21550.0,200,Buy,233223458
2024-08-20 13:54:34,21550.0,400,Buy,233223457
2024-08-20 13:54:34,21550.0,200,Buy,233223456
2024-08-20 13:54:34,21550.0,1000,Buy,233223455
2024-08-20 13:54:34,21550.0,4000,Buy,233223454
2024-08-20 13:54:34,21550.0,2000,Buy,233223453
2024-08-20 13:54:34,21550.0,500,Buy,233223452
2024-08-20 13:54:34,21550.0,500,Buy,233223451
2024-08-20 13:54:34,21550.0,21200,Buy,233223450
2024-08-20 13:54:34,21550.0,10000,Buy,233223459
2024-08-20 13:54:35,21550.0,4100,Buy,233223515
2024-08-20 13:54:35,21550.0,200,Buy,233223514
2024-08-20 13:54:35,21550.0,2000,Buy,233223513
2024-08-20 13:54:35,21550.0,1000,Buy,233223512
2024-08-20 13:54:35,21550.0,1500,Buy,233223511
2024-08-20 13:54:35,21550.0,200,Buy,233223508
2024-08-20 13:54:35,21550.0,400,Buy,233223509
2024-08-20 13:54:35,21550.0,1100,Buy,233223505
2024-08-20 13:54:35,21550.0,200,Buy,233223510
2024-08-20 13:54:35,21550.0,500,Buy,233223507
2024-08-20 13:54:35,21550.0,700,Buy,233223506
2024-08-20 13:54:38,21550.0,900,Buy,233223648
2024-08-20 13:54:38,21550.0,700,Buy,233223649
2024-08-20 13:54:38,21550.0,200,Buy,233223650
2024-08-20 13:54:38,21550.0,300,Buy,233223651
2024-08-20 13:54:39,21550.0,300,Sell,233223682
2024-08-20 13:54:40,21600.0,3000,Buy,233223711
2024-08-20 13:54:40,21600.0,1000,Buy,233223712
2024-08-20 13:54:40,21600.0,1000,Buy,233223714
2024-08-20 13:54:40,21600.0,2000,Buy,233223715
2024-08-20 13:54:40,21600.0,1000,Buy,233223716
2024-08-20 13:54:40,21600.0,1000,Buy,233223756
2024-08-20 13:54:40,21600.0,1500,Buy,233223718
2024-08-20 13:54:40,21600.0,200,Buy,233223710
2024-08-20 13:54:40,21600.0,500,Buy,233223757
2024-08-20 13:54:40,21600.0,400,Buy,233223758
2024-08-20 13:54:40,21600.0,100,Buy,233223717
2024-08-20 13:54:40,21600.0,500,Buy,233223709
2024-08-20 13:54:40,21600.0,300,Buy,233223713
2024-08-20 13:54:40,21600.0,1000,Buy,233223707
2024-08-20 13:54:40,21600.0,100,Buy,233223692
2024-08-20 13:54:40,21600.0,100,Buy,233223708
2024-08-20 13:54:40,21600.0,5000,Buy,233223693
2024-08-20 13:54:40,21600.0,10000,Buy,233223694
2024-08-20 13:54:40,21600.0,1000,Buy,233223696
2024-08-20 13:54:40,21600.0,2000,Buy,233223697
2024-08-20 13:54:40,21600.0,100,Buy,233223695
2024-08-20 13:54:40,21600.0,30000,Buy,233223699
2024-08-20 13:54:40,21600.0,1000,Buy,233223700
2024-08-20 13:54:40,21600.0,100,Buy,233223705
2024-08-20 13:54:40,21600.0,500,Buy,233223706
2024-08-20 13:54:40,21600.0,300,Buy,233223698
2024-08-20 13:54:41,21600.0,500,Buy,233223853
2024-08-20 13:54:41,21600.0,1000,Buy,233223785
2024-08-20 13:54:41,21600.0,1500,Buy,233223786
2024-08-20 13:54:41,21600.0,1800,Buy,233223851
2024-08-20 13:54:41,21600.0,100,Buy,233223852
2024-08-20 13:54:41,21600.0,5000,Buy,233223854
2024-08-20 13:54:41,21600.0,500,Buy,233223860
2024-08-20 13:54:41,21600.0,100,Buy,233223856
2024-08-20 13:54:41,21600.0,100,Buy,233223857
2024-08-20 13:54:41,21600.0,5000,Buy,233223858
2024-08-20 13:54:41,21600.0,1500,Buy,233223859
2024-08-20 13:54:41,21600.0,100,Buy,233223861
2024-08-20 13:54:41,21600.0,700,Buy,233223784
2024-08-20 13:54:41,21600.0,100,Buy,233223855
2024-08-20 13:54:41,21600.0,100,Buy,233223783
2024-08-20 13:54:41,21600.0,1000,Buy,233223788
2024-08-20 13:54:41,21600.0,500,Buy,233223781
2024-08-20 13:54:41,21600.0,600,Buy,233223782
2024-08-20 13:54:41,21600.0,600,Buy,233223767
2024-08-20 13:54:41,21600.0,2500,Buy,233223768
2024-08-20 13:54:41,21600.0,3000,Buy,233223769
2024-08-20 13:54:41,21600.0,3900,Buy,233223770
2024-08-20 13:54:41,21600.0,5000,Buy,233223771
2024-08-20 13:54:41,21600.0,200,Buy,233223772
2024-08-20 13:54:41,21600.0,500,Buy,233223773
2024-08-20 13:54:41,21600.0,600,Buy,233223787
2024-08-20 13:54:41,21600.0,200,Buy,233223775
2024-08-20 13:54:41,21600.0,500,Buy,233223779
2024-08-20 13:54:41,21600.0,3000,Buy,233223774
2024-08-20 13:54:41,21600.0,15000,Buy,233223780
2024-08-20 13:54:41,21600.0,10000,Buy,233223777
2024-08-20 13:54:41,21600.0,900,Buy,233223776
2024-08-20 13:54:41,21600.0,200,Buy,233223778
2024-08-20 13:54:49,21600.0,700,Buy,233224409
2024-08-20 13:54:49,21600.0,100,Buy,233224410
2024-08-20 13:54:49,21600.0,700,Buy,233224412
2024-08-20 13:54:49,21600.0,300,Buy,233224411
2024-08-20 13:54:51,21600.0,300,Buy,233224541
2024-08-20 13:54:51,21600.0,200,Buy,233224542
2024-08-20 13:54:51,21600.0,4500,Buy,233224543
2024-08-20 13:54:55,21600.0,100,Buy,233224813
2024-08-20 13:54:55,21600.0,300,Buy,233224814
2024-08-20 13:54:56,21650.0,500,Buy,233224896
2024-08-20 13:54:56,21650.0,300,Buy,233224897
2024-08-20 13:54:56,21650.0,100,Buy,233224895
2024-08-20 13:54:56,21650.0,100,Buy,233224893
2024-08-20 13:54:56,21600.0,100,Buy,233224892
2024-08-20 13:54:56,21600.0,700,Buy,233224891
2024-08-20 13:54:56,21650.0,100,Buy,233224894
2024-08-20 13:55:01,21600.0,1200,Sell,233225155
2024-08-20 13:55:01,21600.0,800,Sell,233225156
2024-08-20 13:55:02,21600.0,100,Sell,233225232
2024-08-20 13:55:04,21650.0,1200,Buy,233225472
2024-08-20 13:55:04,21650.0,700,Buy,233225471
2024-08-20 13:55:12,21650.0,1800,Buy,233226068
2024-08-20 13:55:13,21650.0,19000,Buy,233226089
2024-08-20 13:55:21,21650.0,1900,Buy,233226721
2024-08-20 13:55:25,21650.0,1000,Buy,233226891
2024-08-20 13:55:28,21650.0,700,Buy,233227066
2024-08-20 13:55:29,21650.0,1900,Buy,233227133
2024-08-20 13:55:32,21650.0,1000,Buy,233227337
2024-08-20 13:55:34,21650.0,1000,Buy,233227440
2024-08-20 13:55:34,21650.0,500,Buy,233227441
2024-08-20 13:55:34,21650.0,200,Buy,233227443
2024-08-20 13:55:34,21650.0,100,Buy,233227444
2024-08-20 13:55:34,21650.0,300,Buy,233227445
2024-08-20 13:55:34,21650.0,500,Buy,233227446
2024-08-20 13:55:34,21650.0,2000,Buy,233227447
2024-08-20 13:55:34,21650.0,200,Buy,233227448
2024-08-20 13:55:34,21650.0,14700,Buy,233227449
2024-08-20 13:55:34,21650.0,300,Buy,233227439
2024-08-20 13:55:34,21650.0,200,Buy,233227442
2024-08-20 13:55:35,21650.0,4700,Buy,233227513
2024-08-20 13:55:35,21650.0,200,Buy,233227515
2024-08-20 13:55:35,21650.0,500,Buy,233227514
2024-08-20 13:55:35,21650.0,500,Buy,233227512
2024-08-20 13:55:35,21650.0,100,Buy,233227510
2024-08-20 13:55:35,21650.0,500,Buy,233227509
2024-08-20 13:55:35,21650.0,100,Buy,233227508
2024-08-20 13:55:35,21650.0,300,Buy,233227507
2024-08-20 13:55:35,21650.0,100,Buy,233227511
2024-08-20 13:55:37,21650.0,200,Buy,233227643
2024-08-20 13:55:37,21650.0,500,Buy,233227644
2024-08-20 13:55:37,21650.0,300,Buy,233227645
2024-08-20 13:55:37,21650.0,1800,Buy,233227676
2024-08-20 13:55:38,21650.0,1500,Buy,233227746
2024-08-20 13:55:43,21650.0,5000,Buy,233228098
2024-08-20 13:55:44,21650.0,1000,Buy,233228123
2024-08-20 13:55:45,21650.0,1000,Buy,233228137
2024-08-20 13:55:45,21650.0,1900,Buy,233228167
2024-08-20 13:55:46,21650.0,500,Buy,233228211
2024-08-20 13:55:46,21650.0,5900,Buy,233228186
2024-08-20 13:55:46,21650.0,100,Buy,233228185
2024-08-20 13:55:46,21650.0,9900,Buy,233228183
2024-08-20 13:55:46,21650.0,1000,Buy,233228184
2024-08-20 13:55:47,21650.0,200,Buy,233228296
2024-08-20 13:55:48,21650.0,1000,Buy,233228343
2024-08-20 13:55:49,21650.0,200,Buy,233228366
2024-08-20 13:55:49,21600.0,100,Sell,233228414
2024-08-20 13:55:49,21600.0,100,Sell,233228415
2024-08-20 13:55:51,21650.0,1300,Buy,233228484
2024-08-20 13:55:52,21650.0,100,Sell,233228570
2024-08-20 13:55:53,21700.0,100,Buy,233228636
2024-08-20 13:55:53,21700.0,100,Buy,233228637
2024-08-20 13:55:53,21700.0,100,Buy,233228638
2024-08-20 13:55:53,21700.0,1700,Buy,233228639
2024-08-20 13:56:01,21700.0,100,Buy,233229066
2024-08-20 13:56:01,21700.0,300,Buy,233229064
2024-08-20 13:56:01,21700.0,1600,Buy,233229065
2024-08-20 13:56:02,21650.0,100,Sell,233229133
2024-08-20 13:56:09,21700.0,500,Buy,233229459
2024-08-20 13:56:09,21700.0,200,Buy,233229460
2024-08-20 13:56:09,21700.0,1200,Buy,233229461
2024-08-20 13:56:18,21700.0,1900,Buy,233229988
2024-08-20 13:56:26,21700.0,1900,Buy,233230450
2024-08-20 13:56:30,21700.0,5000,Buy,233230577
2024-08-20 13:56:33,21700.0,5000,Buy,233230761
2024-08-20 13:56:34,21700.0,3000,Buy,233230800
2024-08-20 13:56:34,21700.0,1900,Buy,233230823
2024-08-20 13:56:35,21700.0,2800,Buy,233230899
2024-08-20 13:56:35,21700.0,1000,Buy,233230898
2024-08-20 13:56:35,21700.0,200,Buy,233230897
2024-08-20 13:56:35,21700.0,100,Buy,233230896
2024-08-20 13:56:35,21700.0,5000,Buy,233230895
2024-08-20 13:56:35,21700.0,100,Buy,233230892
2024-08-20 13:56:35,21700.0,200,Buy,233230893
2024-08-20 13:56:35,21700.0,100,Buy,233230891
2024-08-20 13:56:35,21700.0,100,Buy,233230890
2024-08-20 13:56:35,21700.0,10100,Buy,233230889
2024-08-20 13:56:35,21700.0,300,Buy,233230894
2024-08-20 13:56:36,21700.0,100,Buy,233230932
2024-08-20 13:56:36,21700.0,1000,Buy,233230931
2024-08-20 13:56:36,21700.0,100,Buy,233230930
2024-08-20 13:56:36,21700.0,1800,Buy,233230928
2024-08-20 13:56:36,21700.0,500,Buy,233230929
2024-08-20 13:56:36,21700.0,100,Buy,233230927
2024-08-20 13:56:36,21700.0,100,Buy,233230922
2024-08-20 13:56:36,21700.0,300,Buy,233230925
2024-08-20 13:56:36,21700.0,200,Buy,233230919
2024-08-20 13:56:36,21700.0,500,Buy,233230920
2024-08-20 13:56:36,21700.0,2700,Buy,233230926
2024-08-20 13:56:36,21700.0,600,Buy,233230923
2024-08-20 13:56:36,21700.0,200,Buy,233230924
2024-08-20 13:56:36,21700.0,100,Buy,233230921
2024-08-20 13:56:42,21750.0,500,Buy,233231242
2024-08-20 13:56:42,21750.0,500,Buy,233231243
2024-08-20 13:56:42,21750.0,800,Buy,233231244
2024-08-20 13:56:43,21750.0,1000,Buy,233231274
2024-08-20 13:56:50,21750.0,1900,Buy,233231636
2024-08-20 13:56:54,21750.0,100,Buy,233231756
2024-08-20 13:56:54,21750.0,100,Buy,233231757
2024-08-20 13:56:54,21750.0,1300,Buy,233231754
2024-08-20 13:56:54,21750.0,200,Buy,233231755
2024-08-20 13:56:57,21750.0,1300,Sell,233231877
2024-08-20 13:56:57,21750.0,500,Sell,233231878
2024-08-20 13:56:57,21750.0,6000,Sell,233231879
2024-08-20 13:56:58,21800.0,200,Buy,233232248
2024-08-20 13:56:58,21800.0,1000,Buy,233232249
2024-08-20 13:56:58,21800.0,200,Buy,233232250
2024-08-20 13:56:58,21800.0,500,Buy,233232251
2024-08-20 13:57:06,21800.0,200,Buy,233232671
2024-08-20 13:57:06,21800.0,100,Buy,233232670
2024-08-20 13:57:06,21800.0,100,Buy,233232669
2024-08-20 13:57:06,21800.0,500,Buy,233232667
2024-08-20 13:57:06,21800.0,500,Buy,233232617
2024-08-20 13:57:06,21800.0,1000,Buy,233232668
2024-08-20 13:57:14,21800.0,300,Buy,233233075
2024-08-20 13:57:14,21800.0,200,Buy,233233076
2024-08-20 13:57:14,21800.0,1500,Buy,233233077
2024-08-20 13:57:16,21750.0,100,Sell,233233163
2024-08-20 13:57:19,21800.0,200,Buy,233233288
2024-08-20 13:57:20,21800.0,3000,Buy,233233342
2024-08-20 13:57:23,21750.0,100,Sell,233233499
2024-08-20 13:57:23,21800.0,2000,Buy,233233507
2024-08-20 13:57:29,21800.0,3000,Buy,233233786
2024-08-20 13:57:30,21800.0,2000,Buy,233233826
2024-08-20 13:57:31,21800.0,1900,Buy,233233894
2024-08-20 13:57:33,21800.0,100,Buy,233233999
2024-08-20 13:57:33,21800.0,500,Buy,233234000
2024-08-20 13:57:33,21800.0,1000,Buy,233234001
2024-08-20 13:57:33,21800.0,100,Buy,233234002
2024-08-20 13:57:33,21800.0,100,Buy,233234003
2024-08-20 13:57:33,21800.0,100,Buy,233234004
2024-08-20 13:57:33,21800.0,100,Buy,233234005
2024-08-20 13:57:33,21800.0,1600,Buy,233234006
2024-08-20 13:57:33,21800.0,1000,Buy,233234007
2024-08-20 13:57:33,21800.0,300,Buy,233234008
2024-08-20 13:57:33,21800.0,16400,Buy,233233998
2024-08-20 13:57:33,21800.0,1000,Buy,233234009
2024-08-20 13:57:33,21800.0,600,Buy,233234010
2024-08-20 13:57:33,21800.0,100,Buy,233234012
2024-08-20 13:57:33,21800.0,1000,Buy,233234011
2024-08-20 13:57:35,21800.0,300,Buy,233234115
2024-08-20 13:57:35,21800.0,200,Buy,233234114
2024-08-20 13:57:39,21800.0,200,Buy,233234420
2024-08-20 13:57:39,21800.0,1700,Buy,233234419
2024-08-20 13:57:42,21800.0,800,Buy,233234532
2024-08-20 13:57:44,21800.0,3400,Buy,233234633
2024-08-20 13:57:45,21800.0,1600,Buy,233234690
2024-08-20 13:57:45,21800.0,1000,Buy,233234705
2024-08-20 13:57:45,21800.0,100,Buy,233234706
2024-08-20 13:57:45,21800.0,1000,Buy,233234707
2024-08-20 13:57:45,21800.0,200,Buy,233234708
2024-08-20 13:57:45,21800.0,100,Buy,233234709
2024-08-20 13:57:45,21800.0,1000,Buy,233234710
2024-08-20 13:57:45,21800.0,1000,Buy,233234711
2024-08-20 13:57:47,21850.0,200,Buy,233234787
2024-08-20 13:57:47,21850.0,1700,Buy,233234788
2024-08-20 13:57:55,21750.0,1600,Sell,233235265
2024-08-20 13:57:55,21750.0,400,Sell,233235264
2024-08-20 13:57:55,21800.0,300,Buy,233235238
2024-08-20 13:57:55,21850.0,1600,Buy,233235239
2024-08-20 13:58:01,21850.0,300,Buy,233235521
2024-08-20 13:58:02,21750.0,100,Sell,233235591
2024-08-20 13:58:03,21850.0,1900,Buy,233235623
2024-08-20 13:58:08,21850.0,3000,Buy,233235852
2024-08-20 13:58:10,21850.0,1300,Buy,233235966
2024-08-20 13:58:10,21850.0,100,Buy,233235967
2024-08-20 13:58:10,21850.0,100,Buy,233235968
2024-08-20 13:58:10,21850.0,200,Buy,233235969
2024-08-20 13:58:10,21850.0,1000,Buy,233235970
2024-08-20 13:58:10,21850.0,2000,Buy,233235971
2024-08-20 13:58:11,21900.0,900,Buy,233236051
2024-08-20 13:58:11,21900.0,100,Buy,233236050
2024-08-20 13:58:11,21900.0,200,Buy,233236049
2024-08-20 13:58:11,21850.0,300,Sell,233236033
2024-08-20 13:58:11,21850.0,700,Buy,233236048
2024-08-20 13:58:20,21850.0,900,Buy,233236524
2024-08-20 13:58:20,21850.0,1000,Buy,233236523
2024-08-20 13:58:24,21850.0,4100,Buy,233236625
2024-08-20 13:58:28,21900.0,100,Buy,233236884
2024-08-20 13:58:28,21900.0,1000,Buy,233236885
2024-08-20 13:58:28,21900.0,300,Buy,233236886
2024-08-20 13:58:28,21900.0,500,Buy,233236887
2024-08-20 13:58:36,21900.0,1900,Buy,233237192
2024-08-20 13:58:43,21900.0,800,Buy,233237547
2024-08-20 13:58:44,21900.0,1900,Buy,233237631
2024-08-20 13:58:45,21900.0,3000,Buy,233237688
2024-08-20 13:58:49,21900.0,100,Buy,233237927
2024-08-20 13:58:52,21900.0,1900,Buy,233238076
2024-08-20 13:58:58,21850.0,100,Sell,233238473
2024-08-20 13:59:00,21900.0,1900,Buy,233238552
2024-08-20 13:59:01,21900.0,400,Buy,233238575
2024-08-20 13:59:01,21900.0,800,Buy,233238603
2024-08-20 13:59:08,21850.0,300,Sell,233238918
2024-08-20 13:59:08,21850.0,200,Sell,233238919
2024-08-20 13:59:08,21850.0,100,Sell,233238920
2024-08-20 13:59:08,21850.0,100,Sell,233238921
2024-08-20 13:59:08,21850.0,300,Sell,233238922
2024-08-20 13:59:08,21900.0,1900,Buy,233238931
2024-08-20 13:59:13,21900.0,10000,Buy,233239312
2024-08-20 13:59:17,21850.0,1900,Buy,233239597
2024-08-20 13:59:25,21850.0,1900,Buy,233239968
2024-08-20 13:59:26,21850.0,200,Buy,233240005
2024-08-20 13:59:30,21850.0,200,Buy,233240150
2024-08-20 13:59:30,21850.0,1000,Buy,233240149
2024-08-20 13:59:30,21850.0,1000,Buy,233240151
2024-08-20 13:59:32,21850.0,800,Sell,233240242
2024-08-20 13:59:33,21900.0,1700,Buy,233240282
2024-08-20 13:59:33,21850.0,200,Buy,233240281
2024-08-20 13:59:35,21800.0,100,Sell,233240356
2024-08-20 13:59:35,21800.0,1000,Sell,233240357
2024-08-20 13:59:35,21800.0,100,Sell,233240358
2024-08-20 13:59:35,21800.0,800,Sell,233240359
2024-08-20 13:59:41,21850.0,100,Buy,233240626
2024-08-20 13:59:41,21850.0,900,Buy,233240627
2024-08-20 13:59:41,21850.0,100,Buy,233240635
2024-08-20 13:59:41,21850.0,1800,Buy,233240636
2024-08-20 13:59:49,21850.0,1900,Buy,233241096
2024-08-20 13:59:52,21850.0,2000,Buy,233241219
2024-08-20 13:59:56,21850.0,1500,Buy,233241435
2024-08-20 13:59:57,21900.0,1100,Buy,233241476
2024-08-20 13:59:57,21900.0,100,Buy,233241475
2024-08-20 13:59:57,21900.0,100,Buy,233241474
2024-08-20 13:59:57,21850.0,300,Buy,233241460
2024-08-20 13:59:57,21850.0,100,Buy,233241472
2024-08-20 13:59:57,21850.0,100,Buy,233241468
2024-08-20 13:59:57,21900.0,500,Buy,233241473
2024-08-20 13:59:57,21850.0,2800,Buy,233241459
2024-08-20 14:00:00,21850.0,100,Buy,233241615
2024-08-20 14:00:05,21850.0,1000,Buy,233241879
2024-08-20 14:00:05,21900.0,900,Buy,233241880
2024-08-20 14:00:06,21800.0,100,Sell,233241924
2024-08-20 14:00:10,21850.0,100,Sell,233242082
2024-08-20 14:00:10,21850.0,1000,Buy,233242081
2024-08-20 14:00:11,21850.0,900,Sell,233242164
2024-08-20 14:00:13,21900.0,1800,Buy,233242247
2024-08-20 14:00:13,21900.0,200,Buy,233242246
2024-08-20 14:00:14,21850.0,100,Sell,233242287
2024-08-20 14:00:18,21850.0,2900,Sell,233242486
2024-08-20 14:00:19,21850.0,5000,Buy,233242494
2024-08-20 14:00:22,21850.0,1900,Buy,233242669
2024-08-20 14:00:30,21850.0,200,Buy,233243021
2024-08-20 14:00:30,21850.0,1000,Buy,233243022
2024-08-20 14:00:30,21850.0,300,Buy,233243023
2024-08-20 14:00:30,21850.0,400,Buy,233243024
2024-08-20 14:00:33,21850.0,600,Buy,233243143
2024-08-20 14:00:35,21850.0,1400,Sell,233243267
2024-08-20 14:00:38,21850.0,1600,Buy,233243446
2024-08-20 14:00:38,21850.0,300,Buy,233243471
2024-08-20 14:00:42,21850.0,200,Buy,233243753
2024-08-20 14:00:44,21850.0,1400,Sell,233243868
2024-08-20 14:00:47,21900.0,500,Buy,233243948
2024-08-20 14:00:47,21900.0,500,Buy,233243949
2024-08-20 14:00:47,21900.0,700,Buy,233243950
2024-08-20 14:00:47,21850.0,100,Buy,233243947
2024-08-20 14:00:54,21900.0,1900,Buy,233244239
2024-08-20 14:01:01,21900.0,200,Buy,233244520
2024-08-20 14:01:02,21850.0,100,Sell,233244544
2024-08-20 14:01:02,21900.0,1900,Buy,233244550
2024-08-20 14:01:03,21900.0,200,Buy,233244577
2024-08-20 14:01:05,21900.0,100,Buy,233244642
2024-08-20 14:01:05,21900.0,200,Buy,233244643
2024-08-20 14:01:07,21850.0,200,Sell,233244717
2024-08-20 14:01:07,21850.0,1300,Sell,233244718
2024-08-20 14:01:10,21900.0,100,Buy,233244839
2024-08-20 14:01:10,21900.0,1800,Buy,233244838
2024-08-20 14:01:12,21850.0,200,Sell,233244898
2024-08-20 14:01:19,21900.0,400,Buy,233245169
2024-08-20 14:01:19,21900.0,1000,Buy,233245170
2024-08-20 14:01:19,21900.0,400,Buy,233245171
2024-08-20 14:01:27,21900.0,600,Buy,233245535
2024-08-20 14:01:27,21900.0,1000,Buy,233245536
2024-08-20 14:01:27,21900.0,100,Buy,233245537
2024-08-20 14:01:27,21900.0,100,Buy,233245538
2024-08-20 14:01:27,21900.0,100,Buy,233245539
2024-08-20 14:01:32,21900.0,300,Buy,233245786
2024-08-20 14:01:35,21900.0,1900,Buy,233245891
2024-08-20 14:01:43,21900.0,1900,Buy,233246157
2024-08-20 14:01:47,21900.0,100,Buy,233246382
2024-08-20 14:01:51,21900.0,300,Buy,233246633
2024-08-20 14:01:51,21900.0,200,Buy,233246631
2024-08-20 14:01:51,21900.0,300,Buy,233246630
2024-08-20 14:01:51,21900.0,1000,Buy,233246632
2024-08-20 14:01:59,21900.0,200,Buy,233247009
2024-08-20 14:01:59,21900.0,200,Buy,233247010
2024-08-20 14:01:59,21900.0,100,Buy,233247011
2024-08-20 14:01:59,21900.0,1000,Buy,233247012
2024-08-20 14:01:59,21900.0,400,Buy,233247013
2024-08-20 14:02:02,21900.0,100,Buy,233247147
2024-08-20 14:02:07,21900.0,500,Buy,233247350
2024-08-20 14:02:07,21900.0,1400,Buy,233247351
2024-08-20 14:02:10,21900.0,2000,Buy,233247444
2024-08-20 14:02:11,21900.0,1000,Buy,233247492
2024-08-20 14:02:15,21900.0,1000,Buy,233247718
2024-08-20 14:02:15,21900.0,200,Buy,233247717
2024-08-20 14:02:15,21900.0,2500,Buy,233247719
2024-08-20 14:02:15,21900.0,200,Buy,233247715
2024-08-20 14:02:15,21900.0,500,Buy,233247716
2024-08-20 14:02:15,21900.0,600,Buy,233247714
2024-08-20 14:02:16,21900.0,200,Buy,233247796
2024-08-20 14:02:16,21900.0,1600,Buy,233247797
2024-08-20 14:02:20,21900.0,400,Buy,233248037
2024-08-20 14:02:20,21900.0,100,Buy,233248038
2024-08-20 14:02:23,21900.0,100,Buy,233248144
2024-08-20 14:02:23,21900.0,100,Buy,233248145
2024-08-20 14:02:23,21850.0,1900,Sell,233248169
2024-08-20 14:02:23,21900.0,1500,Buy,233248147
2024-08-20 14:02:23,21900.0,100,Buy,233248148
2024-08-20 14:02:23,21900.0,100,Buy,233248149
2024-08-20 14:02:23,21900.0,100,Buy,233248150
2024-08-20 14:02:23,21900.0,200,Buy,233248151
2024-08-20 14:02:23,21850.0,1000,Sell,233248168
2024-08-20 14:02:23,21900.0,500,Buy,233248146
2024-08-20 14:02:24,21900.0,1000,Buy,233248360
2024-08-20 14:02:24,21900.0,900,Buy,233248361
2024-08-20 14:02:25,21900.0,100,Buy,233248448
2024-08-20 14:02:25,21900.0,300,Buy,233248449
2024-08-20 14:02:26,21900.0,100,Buy,233248485
2024-08-20 14:02:26,21900.0,100,Buy,233248503
2024-08-20 14:02:27,21900.0,300,Buy,233248549
2024-08-20 14:02:27,21900.0,1700,Buy,233248550
2024-08-20 14:02:27,21900.0,200,Buy,233248551
2024-08-20 14:02:27,21900.0,200,Buy,233248552
2024-08-20 14:02:27,21900.0,200,Buy,233248553
2024-08-20 14:02:27,21900.0,100,Buy,233248560
2024-08-20 14:02:27,21900.0,300,Buy,233248561
2024-08-20 14:02:30,21900.0,500,Buy,233248629
2024-08-20 14:02:32,21950.0,100,Buy,233248711
2024-08-20 14:02:32,21950.0,300,Buy,233248712
2024-08-20 14:02:32,21950.0,200,Buy,233248710
2024-08-20 14:02:32,21900.0,200,Buy,233248706
2024-08-20 14:02:32,21950.0,200,Buy,233248708
2024-08-20 14:02:32,21950.0,100,Buy,233248707
2024-08-20 14:02:32,21900.0,500,Buy,233248705
2024-08-20 14:02:32,21950.0,300,Buy,233248709
2024-08-20 14:02:40,21950.0,700,Buy,233249098
2024-08-20 14:02:40,21950.0,1200,Buy,233249099
2024-08-20 14:02:41,21950.0,3800,Buy,233249116
2024-08-20 14:02:41,21950.0,100,Buy,233249117
2024-08-20 14:02:41,21950.0,300,Buy,233249118
2024-08-20 14:02:41,21950.0,100,Buy,233249119
2024-08-20 14:02:41,21950.0,200,Buy,233249120
2024-08-20 14:02:41,21950.0,300,Buy,233249121
2024-08-20 14:02:41,21950.0,200,Buy,233249122
2024-08-20 14:02:48,21950.0,300,Buy,233249396
2024-08-20 14:02:48,21950.0,100,Buy,233249395
2024-08-20 14:02:48,21950.0,100,Buy,233249393
2024-08-20 14:02:48,21950.0,300,Buy,233249394
2024-08-20 14:02:48,21950.0,1000,Buy,233249392
2024-08-20 14:02:49,21950.0,100,Buy,233249449
2024-08-20 14:02:54,21950.0,600,Buy,233249631
2024-08-20 14:02:54,21950.0,100,Buy,233249632
2024-08-20 14:02:54,21950.0,2000,Buy,233249633
2024-08-20 14:02:54,21950.0,300,Buy,233249634
2024-08-20 14:02:54,21950.0,100,Buy,233249635
2024-08-20 14:02:56,22000.0,100,Buy,233249750
2024-08-20 14:02:56,22000.0,1800,Buy,233249751
2024-08-20 14:02:57,21950.0,200,Sell,233249761
2024-08-20 14:02:58,22000.0,100,Buy,233249842
2024-08-20 14:02:58,22000.0,100,Buy,233249841
2024-08-20 14:02:58,22000.0,100,Buy,233249844
2024-08-20 14:02:58,22000.0,10000,Buy,233249843
2024-08-20 14:02:58,22000.0,5000,Buy,233249840
2024-08-20 14:02:58,22000.0,200,Buy,233249837
2024-08-20 14:02:58,22000.0,1000,Buy,233249838
2024-08-20 14:02:58,22000.0,100,Buy,233249836
2024-08-20 14:02:58,22000.0,100,Buy,233249835
2024-08-20 14:02:58,22000.0,3200,Buy,233249834
2024-08-20 14:02:58,22000.0,100,Buy,233249839
2024-08-20 14:03:02,22000.0,100,Buy,233250061
2024-08-20 14:03:03,22000.0,1000,Buy,233250124
2024-08-20 14:03:03,22000.0,1000,Buy,233250125
2024-08-20 14:03:03,22000.0,300,Buy,233250126
2024-08-20 14:03:03,22000.0,100,Buy,233250127
2024-08-20 14:03:03,22000.0,100,Buy,233250128
2024-08-20 14:03:03,22000.0,300,Buy,233250129
2024-08-20 14:03:03,22000.0,100,Buy,233250130
2024-08-20 14:03:03,22000.0,500,Buy,233250131
2024-08-20 14:03:03,22000.0,500,Buy,233250132
2024-08-20 14:03:03,22000.0,200,Buy,233250135
2024-08-20 14:03:03,22000.0,5000,Buy,233250134
2024-08-20 14:03:03,22000.0,100,Buy,233250136
2024-08-20 14:03:03,22000.0,200,Buy,233250137
2024-08-20 14:03:03,22000.0,2800,Buy,233250138
2024-08-20 14:03:03,22000.0,100,Buy,233250139
2024-08-20 14:03:03,22000.0,100,Buy,233250140
2024-08-20 14:03:03,22000.0,1500,Buy,233250141
2024-08-20 14:03:03,22000.0,100,Buy,233250123
2024-08-20 14:03:03,22000.0,1700,Buy,233250133
2024-08-20 14:03:03,22000.0,2000,Buy,233250122
2024-08-20 14:03:03,22000.0,3000,Buy,233250107
2024-08-20 14:03:03,22000.0,100,Buy,233250120
2024-08-20 14:03:03,22000.0,1100,Buy,233250102
2024-08-20 14:03:03,22000.0,10000,Buy,233250103
2024-08-20 14:03:03,22000.0,5000,Buy,233250104
2024-08-20 14:03:03,22000.0,300,Buy,233250105
2024-08-20 14:03:03,22000.0,100,Buy,233250106
2024-08-20 14:03:03,22000.0,800,Buy,233250101
2024-08-20 14:03:03,22000.0,200,Buy,233250108
2024-08-20 14:03:03,22000.0,500,Buy,233250109
2024-08-20 14:03:03,22000.0,100,Buy,233250110
2024-08-20 14:03:03,22000.0,10000,Buy,233250121
2024-08-20 14:03:03,22000.0,100,Buy,233250112
2024-08-20 14:03:03,22000.0,1000,Buy,233250113
2024-08-20 14:03:03,22000.0,3000,Buy,233250114
2024-08-20 14:03:03,22000.0,6000,Buy,233250115
2024-08-20 14:03:03,22000.0,500,Buy,233250116
2024-08-20 14:03:03,22000.0,2000,Buy,233250117
2024-08-20 14:03:03,22000.0,100,Buy,233250118
2024-08-20 14:03:03,22000.0,1000,Buy,233250119
2024-08-20 14:03:03,22000.0,8000,Buy,233250111
2024-08-20 14:03:04,22000.0,300,Buy,233250207
2024-08-20 14:03:04,22000.0,1500,Buy,233250205
2024-08-20 14:03:04,22000.0,100,Buy,233250206
2024-08-20 14:03:05,22000.0,5000,Buy,233250299
2024-08-20 14:03:05,22000.0,200,Buy,233250298
2024-08-20 14:03:05,22000.0,100,Buy,233250295
2024-08-20 14:03:05,22000.0,3000,Buy,233250297
2024-08-20 14:03:05,22000.0,200,Buy,233250296
2024-08-20 14:03:05,22000.0,400,Buy,233250294
2024-08-20 14:03:05,22000.0,100,Buy,233250288
2024-08-20 14:03:05,22000.0,100,Buy,233250292
2024-08-20 14:03:05,22000.0,100,Buy,233250291
2024-08-20 14:03:05,22000.0,500,Buy,233250290
2024-08-20 14:03:05,22000.0,2000,Buy,233250300
2024-08-20 14:03:05,22000.0,100,Buy,233250287
2024-08-20 14:03:05,22000.0,100,Buy,233250293
2024-08-20 14:03:05,22000.0,500,Buy,233250301
2024-08-20 14:03:05,22000.0,300,Buy,233250308
2024-08-20 14:03:05,22000.0,100,Buy,233250304
2024-08-20 14:03:05,22000.0,1000,Buy,233250318
2024-08-20 14:03:05,22000.0,1000,Buy,233250317
2024-08-20 14:03:05,22000.0,100,Buy,233250316
2024-08-20 14:03:05,22000.0,200,Buy,233250315
2024-08-20 14:03:05,22000.0,300,Buy,233250314
2024-08-20 14:03:05,22000.0,300,Buy,233250313
2024-08-20 14:03:05,22000.0,100,Buy,233250303
2024-08-20 14:03:05,22000.0,1400,Buy,233250312
2024-08-20 14:03:05,22000.0,100,Buy,233250310
2024-08-20 14:03:05,22000.0,200,Buy,233250309
2024-08-20 14:03:05,22000.0,100,Buy,233250286
2024-08-20 14:03:05,22000.0,200,Buy,233250307
2024-08-20 14:03:05,22000.0,1000,Buy,233250306
2024-08-20 14:03:05,22000.0,100,Buy,233250305
2024-08-20 14:03:05,22000.0,200,Buy,233250311
2024-08-20 14:03:05,22000.0,400,Buy,233250285
2024-08-20 14:03:05,22000.0,300,Buy,233250289
2024-08-20 14:03:05,22000.0,20000,Buy,233250283
2024-08-20 14:03:05,22000.0,300,Buy,233250251
2024-08-20 14:03:05,22000.0,900,Buy,233250252
2024-08-20 14:03:05,22000.0,500,Buy,233250253
2024-08-20 14:03:05,22000.0,1000,Buy,233250254
2024-08-20 14:03:05,22000.0,300,Buy,233250255
2024-08-20 14:03:05,22000.0,500,Buy,233250257
2024-08-20 14:03:05,22000.0,500,Buy,233250258
