time,price,volume,match_type,id
2024-08-29 12:59:58,21300.0,200,Buy,235742923
2024-08-29 12:59:58,21300.0,100,Buy,235743214
2024-08-29 12:59:58,21300.0,300,Buy,235743303
2024-08-29 13:00:01,21300.0,400,Buy,235744041
2024-08-29 13:00:19,21250.0,1900,Buy,235745526
2024-08-29 13:00:19,21250.0,800,Buy,235745525
2024-08-29 13:00:19,21250.0,400,Buy,235745529
2024-08-29 13:00:20,21300.0,300,Buy,235745532
2024-08-29 13:00:22,21250.0,300,Sell,235745631
2024-08-29 13:00:41,21300.0,3700,Buy,235745969
2024-08-29 13:00:41,21300.0,200,Buy,235745970
2024-08-29 13:01:14,21300.0,100,Sell,235746444
2024-08-29 13:01:41,21400.0,5000,Buy,235746886
2024-08-29 13:01:41,21400.0,200,Buy,235746887
2024-08-29 13:01:42,21400.0,3000,Sell,235746892
2024-08-29 13:02:07,21450.0,100,Buy,235747557
2024-08-29 13:02:20,21450.0,3000,Buy,235747791
2024-08-29 13:02:23,21450.0,200,Buy,235747950
2024-08-29 13:02:36,21450.0,200,Buy,235748270
2024-08-29 13:02:41,21450.0,200,Buy,235748373
2024-08-29 13:02:45,21450.0,100,Buy,235748432
2024-08-29 13:02:46,21450.0,100,Buy,235748455
2024-08-29 13:02:48,21450.0,100,Buy,235748496
2024-08-29 13:02:56,21400.0,100,Sell,235748633
2024-08-29 13:03:03,21450.0,200,Buy,235748814
2024-08-29 13:03:30,21450.0,900,Buy,235749314
2024-08-29 13:03:42,21400.0,2000,Sell,235749558
2024-08-29 13:03:43,21450.0,400,Buy,235749562
2024-08-29 13:03:44,21450.0,4600,Buy,235749581
2024-08-29 13:03:44,21450.0,200,Buy,235749582
2024-08-29 13:03:44,21450.0,500,Buy,235749583
2024-08-29 13:03:44,21450.0,400,Buy,235749584
2024-08-29 13:03:46,21400.0,100,Sell,235749633
2024-08-29 13:03:46,21400.0,200,Sell,235749632
2024-08-29 13:03:46,21400.0,1500,Sell,235749631
2024-08-29 13:03:46,21400.0,10000,Sell,235749627
2024-08-29 13:03:46,21400.0,1000,Sell,235749629
2024-08-29 13:03:46,21400.0,2000,Sell,235749630
2024-08-29 13:03:46,21400.0,18300,Sell,235749626
2024-08-29 13:03:46,21400.0,100,Sell,235749628
2024-08-29 13:03:54,21350.0,100,Sell,235749770
2024-08-29 13:04:19,21350.0,500,Buy,235750269
2024-08-29 13:04:19,21350.0,100,Buy,235750270
2024-08-29 13:04:33,21350.0,400,Sell,235750541
2024-08-29 13:04:37,21300.0,39800,Sell,235750618
2024-08-29 13:04:37,21300.0,100,Sell,235750619
2024-08-29 13:04:37,21300.0,10000,Sell,235750615
2024-08-29 13:04:37,21300.0,6000,Sell,235750614
2024-08-29 13:04:37,21300.0,2000,Sell,235750616
2024-08-29 13:04:37,21300.0,100,Sell,235750617
2024-08-29 13:04:39,21300.0,2000,Buy,235750713
2024-08-29 13:04:39,21350.0,600,Buy,235750714
2024-08-29 13:04:39,21350.0,2400,Sell,235750730
2024-08-29 13:04:48,21300.0,6000,Sell,235750861
2024-08-29 13:04:52,21300.0,700,Sell,235750914
2024-08-29 13:05:12,21300.0,500,Sell,235751427
2024-08-29 13:05:12,21300.0,2100,Sell,235751439
2024-08-29 13:05:16,21300.0,500,Sell,235751504
2024-08-29 13:05:22,21300.0,1000,Sell,235751653
2024-08-29 13:05:29,21300.0,2000,Sell,235751756
2024-08-29 13:05:46,21300.0,7200,Sell,235752109
2024-08-29 13:05:46,21300.0,17800,Sell,235752110
2024-08-29 13:06:01,21350.0,400,Buy,235752378
2024-08-29 13:06:01,21350.0,5000,Buy,235752377
2024-08-29 13:06:01,21350.0,400,Buy,235752373
2024-08-29 13:06:01,21350.0,5000,Buy,235752375
2024-08-29 13:06:01,21350.0,500,Buy,235752374
2024-08-29 13:06:01,21350.0,2000,Buy,235752376
2024-08-29 13:06:03,21350.0,200,Sell,235752440
2024-08-29 13:06:24,21350.0,5000,Sell,235752858
2024-08-29 13:06:27,21350.0,500,Sell,235752952
2024-08-29 13:06:35,21400.0,4600,Buy,235753068
2024-08-29 13:06:43,21350.0,500,Sell,235753252
2024-08-29 13:06:48,21350.0,100,Sell,235753392
2024-08-29 13:06:57,21400.0,1300,Buy,235753550
2024-08-29 13:06:59,21350.0,400,Sell,235753573
2024-08-29 13:06:59,21350.0,100,Sell,235753574
2024-08-29 13:06:59,21350.0,1000,Sell,235753575
2024-08-29 13:06:59,21350.0,3400,Sell,235753576
2024-08-29 13:07:11,21350.0,100,Buy,235753800
2024-08-29 13:07:24,21350.0,1100,Sell,235754068
2024-08-29 13:08:01,21350.0,1200,Sell,235754939
2024-08-29 13:08:01,21350.0,3800,Sell,235754938
2024-08-29 13:08:02,21350.0,100,Sell,235754996
2024-08-29 13:08:02,21400.0,300,Buy,235754990
2024-08-29 13:08:02,21400.0,900,Buy,235754988
2024-08-29 13:08:02,21400.0,1000,Buy,235754989
2024-08-29 13:08:09,21350.0,1300,Sell,235755138
2024-08-29 13:08:09,21350.0,1000,Sell,235755139
2024-08-29 13:08:09,21350.0,500,Sell,235755140
2024-08-29 13:08:09,21350.0,2200,Sell,235755141
2024-08-29 13:08:18,21400.0,200,Buy,235755428
2024-08-29 13:08:18,21400.0,100,Buy,235755429
2024-08-29 13:08:18,21400.0,500,Buy,235755430
2024-08-29 13:08:18,21400.0,700,Buy,235755431
2024-08-29 13:08:18,21350.0,2000,Sell,235755433
2024-08-29 13:08:29,21350.0,800,Sell,235755671
2024-08-29 13:08:29,21350.0,2500,Sell,235755672
2024-08-29 13:08:42,21350.0,100,Buy,235755968
2024-08-29 13:08:42,21350.0,500,Buy,235755969
2024-08-29 13:08:59,21350.0,100,Buy,235756261
2024-08-29 13:09:11,21350.0,1000,Buy,235756588
2024-08-29 13:09:22,21350.0,400,Buy,235756774
2024-08-29 13:09:47,21350.0,8600,Buy,235757365
2024-08-29 13:09:47,21350.0,800,Buy,235757366
2024-08-29 13:09:47,21350.0,5000,Buy,235757367
2024-08-29 13:09:47,21350.0,100,Buy,235757368
2024-08-29 13:09:47,21350.0,1300,Buy,235757369
2024-08-29 13:09:58,21350.0,200,Sell,235757657
2024-08-29 13:10:03,21350.0,2100,Sell,235757760
2024-08-29 13:10:11,21350.0,200,Sell,235757900
2024-08-29 13:10:13,21350.0,100,Sell,235758003
2024-08-29 13:10:13,21350.0,1700,Sell,235758002
2024-08-29 13:10:39,21350.0,3000,Buy,235758637
2024-08-29 13:11:01,21350.0,800,Buy,235759137
2024-08-29 13:11:01,21350.0,200,Buy,235759136
2024-08-29 13:11:13,21350.0,1000,Buy,235759418
2024-08-29 13:11:30,21350.0,200,Buy,235759889
2024-08-29 13:11:42,21350.0,500,Buy,235760160
2024-08-29 13:11:42,21350.0,400,Buy,235760161
2024-08-29 13:11:42,21350.0,3000,Buy,235760159
2024-08-29 13:11:56,21350.0,1500,Buy,235760754
2024-08-29 13:12:12,21350.0,300,Sell,235761237
2024-08-29 13:12:34,21350.0,5000,Sell,235761850
2024-08-29 13:12:44,21350.0,100,Sell,235762089
2024-08-29 13:12:48,21350.0,500,Sell,235762248
2024-08-29 13:12:48,21350.0,400,Sell,235762249
2024-08-29 13:12:48,21350.0,3100,Sell,235762246
2024-08-29 13:12:48,21350.0,1000,Sell,235762247
2024-08-29 13:13:11,21350.0,900,Sell,235762810
2024-08-29 13:13:21,21350.0,3400,Sell,235763172
2024-08-29 13:13:21,21350.0,300,Sell,235763173
2024-08-29 13:13:39,21350.0,500,Buy,235763662
2024-08-29 13:13:51,21350.0,200,Buy,235763887
2024-08-29 13:13:57,21350.0,300,Sell,235764078
2024-08-29 13:14:21,21350.0,100,Buy,235764675
2024-08-29 13:14:22,21350.0,1400,Buy,235764708
2024-08-29 13:14:22,21350.0,600,Buy,235764709
2024-08-29 13:14:25,21300.0,500,Sell,235764817
2024-08-29 13:15:05,21300.0,300,Sell,235766276
2024-08-29 13:15:05,21300.0,1700,Sell,235766275
2024-08-29 13:15:16,21350.0,3400,Buy,235766603
2024-08-29 13:15:16,21350.0,2000,Buy,235766602
2024-08-29 13:15:16,21350.0,400,Buy,235766598
2024-08-29 13:15:16,21350.0,2000,Buy,235766600
2024-08-29 13:15:16,21350.0,5000,Buy,235766599
2024-08-29 13:15:16,21350.0,1700,Buy,235766601
2024-08-29 13:15:22,21350.0,500,Sell,235766753
2024-08-29 13:15:31,21350.0,200,Buy,235766947
2024-08-29 13:15:50,21350.0,2300,Buy,235767626
2024-08-29 13:15:50,21350.0,1000,Buy,235767627
2024-08-29 13:16:02,21350.0,5000,Sell,235767897
2024-08-29 13:16:13,21350.0,500,Sell,235768154
2024-08-29 13:16:18,21400.0,100,Buy,235768262
2024-08-29 13:16:18,21400.0,200,Buy,235768263
2024-08-29 13:16:23,21400.0,500,Buy,235768391
2024-08-29 13:16:23,21400.0,200,Buy,235768392
2024-08-29 13:16:23,21400.0,300,Buy,235768390
2024-08-29 13:16:25,21350.0,100,Sell,235768443
2024-08-29 13:16:29,21350.0,500,Sell,235768524
2024-08-29 13:16:32,21400.0,400,Buy,235768634
2024-08-29 13:16:33,21400.0,100,Buy,235768649
2024-08-29 13:16:35,21350.0,2600,Sell,235768703
2024-08-29 13:16:35,21350.0,2400,Sell,235768704
2024-08-29 13:16:42,21400.0,100,Buy,235768838
2024-08-29 13:16:42,21400.0,200,Buy,235768839
2024-08-29 13:16:42,21400.0,200,Buy,235768837
2024-08-29 13:16:42,21400.0,600,Buy,235768835
2024-08-29 13:16:42,21400.0,100,Buy,235768836
2024-08-29 13:16:42,21400.0,100,Buy,235768834
2024-08-29 13:16:53,21400.0,100,Sell,235769244
2024-08-29 13:16:57,21350.0,600,Sell,235769384
2024-08-29 13:16:57,21350.0,5800,Sell,235769385
2024-08-29 13:16:57,21400.0,3600,Sell,235769383
2024-08-29 13:17:05,21350.0,10000,Sell,235769711
2024-08-29 13:17:12,21350.0,5000,Sell,235769974
2024-08-29 13:17:19,21350.0,5000,Sell,235770241
2024-08-29 13:17:33,21350.0,10000,Sell,235770556
2024-08-29 13:17:53,21350.0,1000,Sell,235770984
2024-08-29 13:17:57,21350.0,1000,Sell,235771078
2024-08-29 13:18:45,21350.0,300,Sell,235772299
2024-08-29 13:19:07,21350.0,4500,Sell,235773119
2024-08-29 13:19:07,21350.0,200,Sell,235773118
2024-08-29 13:19:07,21350.0,1000,Sell,235773117
2024-08-29 13:19:07,21350.0,100,Sell,235773116
2024-08-29 13:19:07,21350.0,1000,Sell,235773115
2024-08-29 13:19:07,21350.0,100,Sell,235773110
2024-08-29 13:19:07,21350.0,1000,Sell,235773113
2024-08-29 13:19:07,21350.0,500,Sell,235773112
2024-08-29 13:19:07,21350.0,1500,Sell,235773111
2024-08-29 13:19:07,21350.0,100,Sell,235773120
2024-08-29 13:19:07,21350.0,1900,Sell,235773108
2024-08-29 13:19:07,21350.0,200,Sell,235773114
2024-08-29 13:19:07,21350.0,5000,Sell,235773109
2024-08-29 13:19:48,21350.0,20000,Buy,235774081
2024-08-29 13:19:56,21350.0,1500,Buy,235774250
2024-08-29 13:19:56,21350.0,9900,Buy,235774249
2024-08-29 13:19:56,21350.0,300,Buy,235774251
2024-08-29 13:20:19,21400.0,800,Buy,235774896
2024-08-29 13:20:45,21400.0,500,Buy,235775496
2024-08-29 13:21:26,21350.0,8000,Sell,235776959
2024-08-29 13:21:53,21350.0,100,Sell,235777604
2024-08-29 13:22:33,21350.0,5000,Sell,235778490
2024-08-29 13:23:18,21350.0,200,Sell,235779615
2024-08-29 13:23:18,21350.0,1400,Sell,235779616
2024-08-29 13:23:27,21350.0,100,Sell,235779820
2024-08-29 13:23:31,21350.0,1000,Sell,235779946
2024-08-29 13:23:31,21350.0,100,Sell,235779945
2024-08-29 13:23:31,21350.0,1000,Sell,235779944
2024-08-29 13:23:31,21350.0,2500,Sell,235779943
2024-08-29 13:23:31,21350.0,500,Sell,235779942
2024-08-29 13:23:31,21350.0,200,Sell,235779941
2024-08-29 13:23:31,21350.0,100,Sell,235779937
2024-08-29 13:23:31,21350.0,100,Sell,235779939
2024-08-29 13:23:31,21350.0,1000,Sell,235779938
2024-08-29 13:23:31,21350.0,1000,Sell,235779947
2024-08-29 13:23:31,21350.0,500,Sell,235779935
2024-08-29 13:23:31,21350.0,3500,Sell,235779934
2024-08-29 13:23:31,21350.0,200,Sell,235779940
2024-08-29 13:23:31,21350.0,5000,Sell,235779936
2024-08-29 13:23:45,21350.0,1000,Buy,235780446
2024-08-29 13:24:00,21350.0,9100,Buy,235780756
2024-08-29 13:24:00,21350.0,19900,Buy,235780755
2024-08-29 13:24:54,21350.0,5000,Sell,235781722
2024-08-29 13:24:57,21350.0,200,Sell,235781784
2024-08-29 13:24:57,21350.0,16000,Sell,235781781
2024-08-29 13:24:57,21350.0,800,Sell,235781782
2024-08-29 13:24:57,21350.0,100,Sell,235781783
2024-08-29 13:25:07,21350.0,100,Buy,235781969
2024-08-29 13:25:44,21350.0,2800,Buy,235782893
2024-08-29 13:25:44,21350.0,1400,Buy,235782894
2024-08-29 13:25:49,21350.0,1000,Sell,235783140
2024-08-29 13:26:02,21350.0,400,Sell,235783550
2024-08-29 13:27:03,21350.0,5000,Sell,235785099
2024-08-29 13:27:07,21350.0,1000,Sell,235785173
2024-08-29 13:27:08,21350.0,100,Sell,235785183
2024-08-29 13:27:09,21350.0,900,Sell,235785220
2024-08-29 13:27:09,21350.0,100,Sell,235785219
2024-08-29 13:27:09,21350.0,100,Sell,235785216
2024-08-29 13:27:09,21350.0,200,Sell,235785217
2024-08-29 13:27:09,21350.0,1500,Sell,235785218
2024-08-29 13:27:09,21350.0,8300,Sell,235785215
2024-08-29 13:27:11,21350.0,300,Buy,235785285
2024-08-29 13:27:18,21350.0,1000,Buy,235785420
2024-08-29 13:27:34,21300.0,1000,Sell,235785719
2024-08-29 13:27:58,21300.0,200,Sell,235786317
2024-08-29 13:27:58,21300.0,700,Sell,235786316
2024-08-29 13:28:12,21300.0,3500,Sell,235786962
2024-08-29 13:28:12,21300.0,500,Sell,235786960
2024-08-29 13:28:12,21300.0,1000,Sell,235786961
2024-08-29 13:28:34,21300.0,400,Sell,235787468
2024-08-29 13:29:43,21300.0,2000,Sell,235789490
2024-08-29 13:29:53,21300.0,100,Sell,235789941
2024-08-29 13:29:53,21300.0,100,Sell,235789942
2024-08-29 13:29:53,21300.0,500,Sell,235789943
2024-08-29 13:29:53,21300.0,200,Sell,235789944
2024-08-29 13:29:53,21300.0,500,Sell,235789945
2024-08-29 13:29:53,21300.0,100,Sell,235789946
2024-08-29 13:29:53,21300.0,1400,Sell,235789947
2024-08-29 13:29:53,21300.0,1000,Sell,235789940
2024-08-29 13:29:53,21300.0,1900,Sell,235789951
2024-08-29 13:29:53,21300.0,3000,Sell,235789952
2024-08-29 13:29:53,21300.0,200,Sell,235789953
2024-08-29 13:29:53,21300.0,1000,Sell,235789954
2024-08-29 13:29:53,21300.0,500,Sell,235789949
2024-08-29 13:29:53,21300.0,200,Sell,235789939
2024-08-29 13:29:53,21300.0,100,Sell,235789950
2024-08-29 13:29:53,21300.0,1000,Sell,235789937
2024-08-29 13:29:53,21300.0,7500,Sell,235789938
2024-08-29 13:29:53,21300.0,14100,Sell,235789921
2024-08-29 13:29:53,21300.0,100,Sell,235789922
2024-08-29 13:29:53,21300.0,500,Sell,235789923
2024-08-29 13:29:53,21300.0,2000,Sell,235789924
2024-08-29 13:29:53,21300.0,100,Sell,235789925
2024-08-29 13:29:53,21300.0,200,Sell,235789926
2024-08-29 13:29:53,21300.0,100,Sell,235789948
2024-08-29 13:29:53,21300.0,100,Sell,235789927
2024-08-29 13:29:53,21300.0,500,Sell,235789928
2024-08-29 13:29:53,21300.0,7000,Sell,235789929
2024-08-29 13:29:53,21300.0,20000,Sell,235789930
2024-08-29 13:29:53,21300.0,2300,Sell,235789931
2024-08-29 13:29:53,21300.0,100,Sell,235789934
2024-08-29 13:29:53,21300.0,100,Sell,235789935
2024-08-29 13:29:53,21300.0,2000,Sell,235789936
2024-08-29 13:30:18,21300.0,6500,Buy,235790737
2024-08-29 13:30:18,21300.0,1100,Buy,235790738
2024-08-29 13:30:18,21300.0,1100,Buy,235790739
2024-08-29 13:30:37,21300.0,3500,Sell,235791270
2024-08-29 13:30:50,21300.0,100,Sell,235791736
2024-08-29 13:31:14,21300.0,100,Sell,235792482
2024-08-29 13:31:19,21300.0,100,Sell,235792751
2024-08-29 13:32:12,21300.0,100,Sell,235794157
2024-08-29 13:32:16,21300.0,100,Sell,235794285
2024-08-29 13:32:24,21350.0,7600,Buy,235794406
2024-08-29 13:32:24,21350.0,500,Buy,235794407
2024-08-29 13:32:24,21350.0,1100,Buy,235794408
2024-08-29 13:32:24,21350.0,2000,Buy,235794409
2024-08-29 13:32:24,21350.0,400,Buy,235794410
2024-08-29 13:32:24,21350.0,2100,Buy,235794411
2024-08-29 13:32:24,21350.0,1000,Buy,235794416
2024-08-29 13:32:24,21350.0,5000,Buy,235794413
2024-08-29 13:32:24,21350.0,200,Buy,235794414
2024-08-29 13:32:24,21350.0,5000,Buy,235794415
2024-08-29 13:32:24,21350.0,100,Buy,235794412
2024-08-29 13:32:37,21350.0,100,Buy,235794731
2024-08-29 13:33:52,21300.0,3000,Sell,235796676
2024-08-29 13:34:07,21300.0,200,Sell,235797146
2024-08-29 13:34:39,21300.0,10000,Sell,235798057
2024-08-29 13:34:52,21350.0,500,Buy,235798313
2024-08-29 13:34:52,21350.0,100,Buy,235798314
2024-08-29 13:34:52,21350.0,1300,Buy,235798315
2024-08-29 13:34:52,21350.0,10000,Buy,235798316
2024-08-29 13:34:52,21350.0,2000,Buy,235798317
2024-08-29 13:34:52,21350.0,1400,Buy,235798318
2024-08-29 13:34:52,21350.0,200,Buy,235798319
2024-08-29 13:34:52,21350.0,1000,Buy,235798320
2024-08-29 13:34:52,21350.0,3000,Buy,235798321
2024-08-29 13:34:52,21350.0,100,Buy,235798322
2024-08-29 13:35:00,21350.0,1400,Sell,235798573
2024-08-29 13:35:01,21350.0,3000,Sell,235798628
2024-08-29 13:35:05,21350.0,1000,Sell,235798670
2024-08-29 13:35:05,21350.0,3000,Sell,235798671
2024-08-29 13:35:12,21350.0,5000,Sell,235798862
2024-08-29 13:35:18,21350.0,10000,Sell,235799003
2024-08-29 13:35:24,21350.0,500,Sell,235799107
2024-08-29 13:35:28,21400.0,300,Buy,235799221
2024-08-29 13:35:30,21350.0,1400,Sell,235799288
2024-08-29 13:35:32,21350.0,5000,Sell,235799334
2024-08-29 13:35:35,21350.0,5100,Sell,235799372
2024-08-29 13:35:35,21350.0,1000,Sell,235799373
2024-08-29 13:35:35,21350.0,3900,Sell,235799374
2024-08-29 13:35:36,21350.0,8300,Sell,235799393
2024-08-29 13:35:39,21350.0,700,Sell,235799461
2024-08-29 13:35:39,21350.0,12800,Sell,235799460
2024-08-29 13:35:46,21350.0,1100,Buy,235799644
2024-08-29 13:35:56,21350.0,500,Buy,235799849
2024-08-29 13:36:10,21350.0,200,Buy,235800234
2024-08-29 13:36:14,21350.0,100,Buy,235800288
2024-08-29 13:36:25,21350.0,100,Buy,235800546
2024-08-29 13:36:25,21350.0,5000,Buy,235800547
2024-08-29 13:36:25,21350.0,400,Buy,235800548
2024-08-29 13:36:25,21350.0,5000,Buy,235800549
2024-08-29 13:36:25,21350.0,5000,Buy,235800550
2024-08-29 13:36:25,21350.0,9500,Buy,235800551
2024-08-29 13:36:42,21400.0,700,Buy,235800888
2024-08-29 13:36:42,21350.0,100,Buy,235800886
2024-08-29 13:36:42,21350.0,200,Buy,235800887
2024-08-29 13:36:42,21350.0,500,Buy,235800885
2024-08-29 13:37:24,21400.0,5000,Buy,235802346
2024-08-29 13:37:55,21400.0,800,Buy,235803043
2024-08-29 13:38:09,21400.0,1300,Buy,235803373
2024-08-29 13:38:11,21400.0,2300,Buy,235803409
2024-08-29 13:38:27,21400.0,100,Buy,235803852
2024-08-29 13:38:37,21400.0,2000,Buy,235804177
2024-08-29 13:38:58,21400.0,30000,Buy,235804714
2024-08-29 13:38:58,21400.0,5000,Buy,235804699
2024-08-29 13:38:58,21400.0,100,Buy,235804700
2024-08-29 13:38:58,21400.0,2100,Buy,235804701
2024-08-29 13:38:58,21400.0,6000,Buy,235804702
2024-08-29 13:38:58,21400.0,2500,Buy,235804703
2024-08-29 13:38:58,21400.0,300,Buy,235804704
2024-08-29 13:38:58,21400.0,1000,Buy,235804715
2024-08-29 13:38:58,21400.0,1800,Buy,235804705
2024-08-29 13:38:58,21400.0,1000,Buy,235804707
2024-08-29 13:38:58,21400.0,100,Buy,235804708
2024-08-29 13:38:58,21400.0,1000,Buy,235804709
2024-08-29 13:38:58,21400.0,4400,Buy,235804698
2024-08-29 13:38:58,21400.0,2000,Buy,235804712
2024-08-29 13:38:58,21400.0,400,Buy,235804713
2024-08-29 13:38:58,21400.0,300,Buy,235804706
2024-08-29 13:38:58,21400.0,5000,Buy,235804697
2024-08-29 13:38:58,21400.0,100,Buy,235804711
2024-08-29 13:38:58,21400.0,100,Buy,235804695
2024-08-29 13:38:58,21400.0,5000,Buy,235804696
2024-08-29 13:38:58,21400.0,6200,Buy,235804669
2024-08-29 13:38:58,21400.0,1000,Buy,235804670
2024-08-29 13:38:58,21400.0,100,Buy,235804671
2024-08-29 13:38:58,21400.0,200,Buy,235804672
2024-08-29 13:38:58,21400.0,500,Buy,235804673
2024-08-29 13:38:58,21400.0,7000,Buy,235804674
2024-08-29 13:38:58,21400.0,900,Buy,235804675
2024-08-29 13:38:58,21400.0,300,Buy,235804676
2024-08-29 13:38:58,21400.0,800,Buy,235804710
2024-08-29 13:38:58,21400.0,900,Buy,235804678
2024-08-29 13:38:58,21400.0,5500,Buy,235804679
2024-08-29 13:38:58,21400.0,100,Buy,235804677
2024-08-29 13:38:58,21400.0,1000,Buy,235804680
2024-08-29 13:38:58,21400.0,500,Buy,235804681
2024-08-29 13:38:58,21400.0,100,Buy,235804691
2024-08-29 13:38:58,21400.0,500,Buy,235804692
2024-08-29 13:38:58,21400.0,1400,Buy,235804693
2024-08-29 13:38:58,21400.0,100,Buy,235804694
2024-08-29 13:39:25,21400.0,200,Sell,235805214
2024-08-29 13:39:30,21400.0,3000,Sell,235805294
2024-08-29 13:39:35,21400.0,100,Sell,235805398
2024-08-29 13:39:59,21400.0,1400,Sell,235805973
2024-08-29 13:39:59,21400.0,600,Sell,235805974
2024-08-29 13:40:06,21450.0,400,Buy,235806077
2024-08-29 13:40:06,21450.0,100,Buy,235806078
2024-08-29 13:40:06,21450.0,700,Buy,235806079
2024-08-29 13:41:15,21450.0,500,Buy,235807379
2024-08-29 13:41:19,21450.0,300,Buy,235807500
2024-08-29 13:41:22,21450.0,1500,Buy,235807590
2024-08-29 13:41:22,21450.0,600,Buy,235807591
2024-08-29 13:41:31,21400.0,100,Sell,235807734
2024-08-29 13:41:44,21400.0,500,Sell,235807980
2024-08-29 13:42:10,21450.0,500,Buy,235808512
2024-08-29 13:42:10,21450.0,400,Buy,235808510
2024-08-29 13:42:10,21450.0,100,Buy,235808511
2024-08-29 13:42:45,21450.0,100,Buy,235809162
2024-08-29 13:43:28,21450.0,16200,Buy,235810110
2024-08-29 13:43:28,21450.0,3300,Buy,235810109
2024-08-29 13:43:28,21450.0,100,Buy,235810108
2024-08-29 13:43:28,21450.0,400,Buy,235810107
2024-08-29 13:43:41,21450.0,2000,Buy,235810394
2024-08-29 13:43:43,21400.0,800,Sell,235810470
2024-08-29 13:43:43,21400.0,100,Sell,235810471
2024-08-29 13:43:43,21400.0,600,Sell,235810472
2024-08-29 13:43:46,21450.0,1000,Buy,235810632
2024-08-29 13:43:51,21450.0,10000,Buy,235810708
2024-08-29 13:43:59,21400.0,100,Sell,235810864
2024-08-29 13:44:03,21400.0,100,Sell,235810966
2024-08-29 13:44:32,21400.0,100,Sell,235811615
2024-08-29 13:44:32,21400.0,200,Sell,235811613
2024-08-29 13:44:32,21400.0,500,Sell,235811614
2024-08-29 13:44:39,21400.0,1000,Sell,235811780
2024-08-29 13:44:50,21400.0,400,Sell,235811986
2024-08-29 13:45:15,21400.0,100,Sell,235812462
2024-08-29 13:45:15,21400.0,100,Sell,235812461
2024-08-29 13:45:16,21400.0,100,Sell,235812472
2024-08-29 13:45:24,21400.0,800,Sell,235812616
2024-08-29 13:45:24,21400.0,500,Sell,235812617
2024-08-29 13:45:24,21400.0,3600,Sell,235812619
2024-08-29 13:45:24,21400.0,100,Sell,235812618
2024-08-29 13:45:37,21450.0,2000,Buy,235812823
2024-08-29 13:45:40,21400.0,5000,Sell,235812868
2024-08-29 13:45:42,21400.0,1000,Sell,235812908
2024-08-29 13:46:00,21400.0,100,Sell,235813187
2024-08-29 13:46:07,21400.0,1000,Sell,235813346
2024-08-29 13:46:19,21400.0,500,Sell,235813603
2024-08-29 13:46:23,21400.0,100,Sell,235813670
2024-08-29 13:46:24,21450.0,2000,Buy,235813705
2024-08-29 13:46:37,21450.0,100,Buy,235813984
2024-08-29 13:47:11,21450.0,100,Buy,235814571
2024-08-29 13:48:00,21450.0,2000,Buy,235815500
2024-08-29 13:48:19,21450.0,500,Buy,235815810
2024-08-29 13:48:32,21450.0,600,Buy,235816149
2024-08-29 13:48:55,21450.0,1000,Buy,235816702
2024-08-29 13:49:00,21400.0,1000,Sell,235816911
2024-08-29 13:49:17,21450.0,100,Buy,235817323
2024-08-29 13:49:18,21400.0,200,Sell,235817337
2024-08-29 13:49:30,21400.0,1000,Sell,235817584
2024-08-29 13:49:33,21400.0,500,Sell,235817626
2024-08-29 13:49:39,21400.0,100,Sell,235817766
2024-08-29 13:49:49,21400.0,5000,Sell,235818117
2024-08-29 13:49:50,21400.0,500,Sell,235818129
2024-08-29 13:49:51,21400.0,100,Sell,235818147
2024-08-29 13:49:51,21400.0,500,Sell,235818148
2024-08-29 13:49:51,21400.0,900,Sell,235818145
2024-08-29 13:49:51,21400.0,400,Sell,235818144
2024-08-29 13:49:51,21400.0,2000,Sell,235818146
2024-08-29 13:49:57,21400.0,200,Sell,235818369
2024-08-29 13:49:59,21400.0,5000,Sell,235818418
2024-08-29 13:50:01,21400.0,4300,Sell,235818502
2024-08-29 13:50:01,21400.0,5000,Sell,235818503
2024-08-29 13:50:01,21400.0,700,Sell,235818504
2024-08-29 13:50:01,21400.0,200,Sell,235818505
2024-08-29 13:50:01,21400.0,1000,Sell,235818506
2024-08-29 13:50:01,21400.0,900,Sell,235818507
2024-08-29 13:50:01,21400.0,400,Sell,235818508
2024-08-29 13:50:01,21400.0,1700,Sell,235818509
2024-08-29 13:50:08,21400.0,1000,Sell,235818640
2024-08-29 13:50:09,21400.0,100,Sell,235818656
2024-08-29 13:50:09,21400.0,3000,Sell,235818655
2024-08-29 13:50:09,21400.0,7300,Sell,235818654
2024-08-29 13:50:59,21350.0,200,Sell,235820333
2024-08-29 13:51:18,21350.0,200,Sell,235820900
2024-08-29 13:51:25,21350.0,500,Sell,235821211
2024-08-29 13:51:34,21400.0,100,Buy,235821551
2024-08-29 13:51:34,21400.0,100,Buy,235821550
2024-08-29 13:51:34,21400.0,13000,Buy,235821549
2024-08-29 13:51:34,21400.0,5000,Buy,235821548
2024-08-29 13:51:34,21400.0,1000,Buy,235821547
2024-08-29 13:51:34,21400.0,1000,Buy,235821546
2024-08-29 13:51:34,21400.0,3000,Buy,235821545
2024-08-29 13:51:34,21400.0,5000,Buy,235821542
2024-08-29 13:51:34,21400.0,9800,Buy,235821541
2024-08-29 13:51:34,21400.0,300,Buy,235821540
2024-08-29 13:51:34,21400.0,100,Buy,235821539
2024-08-29 13:51:34,21400.0,1000,Buy,235821538
2024-08-29 13:51:34,21400.0,200,Buy,235821537
2024-08-29 13:51:34,21400.0,100,Buy,235821536
2024-08-29 13:51:34,21400.0,3000,Buy,235821543
2024-08-29 13:51:34,21400.0,100,Buy,235821544
2024-08-29 13:51:45,21400.0,200,Sell,235821959
2024-08-29 13:51:48,21400.0,500,Sell,235822117
2024-08-29 13:51:53,21400.0,100,Sell,235822357
2024-08-29 13:51:53,21400.0,1000,Sell,235822294
2024-08-29 13:51:56,21400.0,5000,Sell,235822514
2024-08-29 13:51:57,21400.0,100,Sell,235822570
2024-08-29 13:52:00,21350.0,500,Sell,235822723
2024-08-29 13:52:00,21350.0,500,Sell,235822722
2024-08-29 13:52:00,21350.0,5000,Sell,235822721
2024-08-29 13:52:00,21350.0,2000,Sell,235822720
2024-08-29 13:52:00,21350.0,200,Sell,235822719
2024-08-29 13:52:00,21400.0,300,Sell,235822712
2024-08-29 13:52:00,21350.0,2000,Sell,235822717
2024-08-29 13:52:00,21350.0,100,Sell,235822716
2024-08-29 13:52:00,21350.0,1000,Sell,235822715
2024-08-29 13:52:00,21350.0,100,Sell,235822714
2024-08-29 13:52:00,21350.0,200,Sell,235822713
2024-08-29 13:52:00,21350.0,600,Sell,235822718
2024-08-29 13:52:13,21350.0,100,Buy,235823321
2024-08-29 13:52:39,21350.0,2400,Buy,235824447
2024-08-29 13:52:45,21400.0,300,Buy,235824804
2024-08-29 13:52:45,21400.0,200,Buy,235824803
2024-08-29 13:53:23,21350.0,500,Sell,235826455
2024-08-29 13:53:23,21350.0,500,Sell,235826456
2024-08-29 13:53:53,21400.0,17500,Buy,235827645
2024-08-29 13:53:53,21400.0,5800,Buy,235827643
2024-08-29 13:53:53,21400.0,2000,Buy,235827642
2024-08-29 13:53:53,21400.0,200,Buy,235827640
2024-08-29 13:53:53,21400.0,200,Buy,235827639
2024-08-29 13:53:53,21400.0,20000,Buy,235827644
2024-08-29 13:53:53,21400.0,1000,Buy,235827637
2024-08-29 13:53:53,21400.0,1000,Buy,235827638
2024-08-29 13:53:53,21400.0,200,Buy,235827633
2024-08-29 13:53:53,21400.0,900,Buy,235827634
2024-08-29 13:53:53,21400.0,500,Buy,235827641
2024-08-29 13:53:53,21400.0,200,Buy,235827636
2024-08-29 13:53:53,21400.0,500,Buy,235827635
2024-08-29 13:53:59,21350.0,200,Sell,235827894
2024-08-29 13:54:06,21350.0,200,Sell,235828170
2024-08-29 13:54:10,21350.0,600,Sell,235828398
2024-08-29 13:54:10,21350.0,1300,Sell,235828399
2024-08-29 13:54:32,21350.0,300,Sell,235829518
2024-08-29 13:54:32,21350.0,1700,Sell,235829519
2024-08-29 13:55:10,21350.0,500,Buy,235830865
2024-08-29 13:55:11,21350.0,2000,Buy,235830939
2024-08-29 13:55:11,21350.0,1000,Buy,235830938
2024-08-29 13:55:11,21350.0,100,Buy,235830936
2024-08-29 13:55:11,21350.0,100,Buy,235830937
2024-08-29 13:55:11,21350.0,400,Buy,235830907
2024-08-29 13:55:22,21350.0,1100,Buy,235831343
2024-08-29 13:55:40,21350.0,1000,Sell,235831808
2024-08-29 13:55:56,21350.0,100,Sell,235832231
2024-08-29 13:56:05,21350.0,800,Sell,235832560
2024-08-29 13:56:05,21350.0,200,Sell,235832561
2024-08-29 13:56:05,21350.0,300,Sell,235832562
2024-08-29 13:56:05,21350.0,7600,Sell,235832563
2024-08-29 13:56:05,21350.0,100,Sell,235832564
2024-08-29 13:56:28,21350.0,400,Buy,235833285
2024-08-29 13:56:28,21350.0,200,Buy,235833284
2024-08-29 13:56:28,21350.0,1000,Buy,235833283
2024-08-29 13:56:45,21350.0,100,Sell,235833864
2024-08-29 13:56:45,21350.0,900,Sell,235833865
2024-08-29 13:56:54,21350.0,100,Sell,235834110
2024-08-29 13:57:06,21400.0,300,Buy,235834375
2024-08-29 13:57:06,21400.0,9800,Buy,235834389
2024-08-29 13:57:06,21400.0,1000,Buy,235834388
2024-08-29 13:57:06,21400.0,400,Buy,235834387
2024-08-29 13:57:06,21400.0,1200,Buy,235834386
2024-08-29 13:57:06,21400.0,700,Buy,235834374
2024-08-29 13:57:06,21400.0,500,Buy,235834384
2024-08-29 13:57:06,21400.0,200,Buy,235834383
2024-08-29 13:57:06,21400.0,10000,Buy,235834385
2024-08-29 13:57:06,21400.0,1000,Buy,235834381
2024-08-29 13:57:06,21400.0,200,Buy,235834380
2024-08-29 13:57:06,21400.0,100,Buy,235834379
2024-08-29 13:57:06,21400.0,100,Buy,235834378
2024-08-29 13:57:06,21400.0,500,Buy,235834377
2024-08-29 13:57:06,21400.0,1000,Buy,235834376
2024-08-29 13:57:06,21400.0,1000,Buy,235834382
2024-08-29 13:57:12,21350.0,100,Sell,235834574
2024-08-29 13:57:12,21350.0,500,Sell,235834575
2024-08-29 13:57:56,21350.0,100,Sell,235835651
2024-08-29 13:59:49,21350.0,1000,Sell,235837978
2024-08-29 14:00:01,21350.0,100,Sell,235838293
2024-08-29 14:00:14,21400.0,400,Buy,235838509
2024-08-29 14:00:14,21400.0,200,Buy,235838510
2024-08-29 14:00:14,21400.0,200,Buy,235838507
2024-08-29 14:00:14,21400.0,200,Buy,235838508
2024-08-29 14:00:37,21400.0,300,Buy,235839032
2024-08-29 14:00:37,21400.0,100,Buy,235839033
2024-08-29 14:00:37,21400.0,1000,Buy,235839034
2024-08-29 14:00:37,21400.0,400,Buy,235839035
2024-08-29 14:00:37,21400.0,100,Buy,235839036
2024-08-29 14:00:37,21400.0,7100,Buy,235839037
2024-08-29 14:01:00,21400.0,1000,Buy,235839466
2024-08-29 14:01:50,21350.0,1000,Sell,235840473
2024-08-29 14:01:50,21350.0,1000,Sell,235840472
2024-08-29 14:01:50,21350.0,3100,Sell,235840474
2024-08-29 14:01:50,21350.0,100,Sell,235840470
2024-08-29 14:01:50,21350.0,3100,Sell,235840469
2024-08-29 14:01:50,21350.0,10000,Sell,235840471
2024-08-29 14:01:55,21350.0,100,Sell,235840561
2024-08-29 14:02:32,21400.0,1900,Buy,235841759
2024-08-29 14:02:32,21400.0,4300,Buy,235841760
2024-08-29 14:02:32,21400.0,300,Buy,235841761
2024-08-29 14:02:32,21400.0,800,Buy,235841762
2024-08-29 14:02:32,21400.0,200,Buy,235841763
2024-08-29 14:02:32,21400.0,2000,Buy,235841764
2024-08-29 14:02:32,21400.0,5000,Buy,235841765
2024-08-29 14:02:32,21400.0,200,Buy,235841766
2024-08-29 14:02:32,21400.0,300,Buy,235841767
2024-08-29 14:02:55,21400.0,100,Buy,235842398
2024-08-29 14:03:03,21400.0,2100,Buy,235842609
2024-08-29 14:04:11,21400.0,100,Buy,235844167
2024-08-29 14:04:21,21400.0,500,Buy,235844506
2024-08-29 14:04:21,21400.0,5200,Buy,235844512
2024-08-29 14:04:21,21400.0,4000,Buy,235844511
2024-08-29 14:04:21,21400.0,600,Buy,235844510
2024-08-29 14:04:21,21400.0,3400,Buy,235844505
2024-08-29 14:04:21,21400.0,100,Buy,235844508
2024-08-29 14:04:21,21400.0,1000,Buy,235844509
2024-08-29 14:04:21,21400.0,100,Buy,235844507
2024-08-29 14:04:32,21400.0,100,Sell,235844747
2024-08-29 14:04:43,21400.0,1900,Sell,235845152
2024-08-29 14:04:43,21400.0,1600,Sell,235845153
2024-08-29 14:04:52,21400.0,100,Sell,235845317
2024-08-29 14:04:52,21400.0,8200,Sell,235845318
2024-08-29 14:04:52,21350.0,4800,Sell,235845319
2024-08-29 14:04:52,21350.0,2400,Sell,235845320
2024-08-29 14:04:57,21350.0,100,Sell,235845391
2024-08-29 14:05:05,21400.0,100,Buy,235845505
2024-08-29 14:06:24,21400.0,100,Buy,235847434
2024-08-29 14:06:25,21350.0,500,Sell,235847469
2024-08-29 14:06:25,21350.0,100,Sell,235847470
2024-08-29 14:06:25,21350.0,1000,Sell,235847471
2024-08-29 14:06:36,21400.0,100,Buy,235847658
2024-08-29 14:06:52,21400.0,100,Buy,235848020
2024-08-29 14:06:57,21350.0,100,Sell,235848125
2024-08-29 14:07:03,21350.0,3900,Sell,235848228
2024-08-29 14:07:03,21350.0,100,Sell,235848229
2024-08-29 14:08:10,21400.0,100,Buy,235849904
2024-08-29 14:08:57,21400.0,500,Buy,235851029
2024-08-29 14:09:03,21400.0,1000,Buy,235851206
2024-08-29 14:09:06,21400.0,500,Buy,235851258
2024-08-29 14:09:06,21400.0,400,Buy,235851259
2024-08-29 14:09:44,21400.0,500,Buy,235852059
2024-08-29 14:09:44,21400.0,100,Buy,235852060
2024-08-29 14:09:44,21400.0,100,Buy,235852061
2024-08-29 14:09:44,21400.0,1000,Buy,235852062
2024-08-29 14:09:44,21400.0,500,Buy,235852063
2024-08-29 14:09:44,21400.0,1000,Buy,235852064
2024-08-29 14:09:44,21400.0,3000,Buy,235852065
2024-08-29 14:09:44,21400.0,1000,Buy,235852066
2024-08-29 14:09:44,21400.0,200,Buy,235852067
2024-08-29 14:09:44,21400.0,2600,Buy,235852068
2024-08-29 14:09:56,21400.0,100,Buy,235852294
2024-08-29 14:09:56,21400.0,500,Buy,235852291
2024-08-29 14:09:56,21400.0,500,Buy,235852292
2024-08-29 14:09:56,21400.0,300,Buy,235852293
2024-08-29 14:10:22,21400.0,1500,Sell,235852829
2024-08-29 14:10:38,21450.0,200,Buy,235853190
2024-08-29 14:10:45,21400.0,500,Sell,235853324
2024-08-29 14:11:12,21400.0,500,Sell,235854042
2024-08-29 14:11:24,21400.0,1100,Sell,235854287
2024-08-29 14:11:24,21400.0,800,Sell,235854288
2024-08-29 14:11:24,21450.0,1500,Buy,235854289
2024-08-29 14:11:31,21450.0,5000,Buy,235854403
2024-08-29 14:11:58,21400.0,1000,Sell,235855009
2024-08-29 14:12:16,21400.0,200,Sell,235855289
2024-08-29 14:12:23,21450.0,500,Buy,235855401
2024-08-29 14:12:31,21450.0,200,Buy,235855598
2024-08-29 14:12:31,21450.0,100,Buy,235855625
2024-08-29 14:12:31,21450.0,100,Buy,235855623
2024-08-29 14:12:31,21450.0,1300,Buy,235855622
2024-08-29 14:12:31,21450.0,600,Buy,235855621
2024-08-29 14:12:31,21450.0,100,Buy,235855620
2024-08-29 14:12:31,21450.0,1000,Buy,235855619
2024-08-29 14:12:31,21450.0,200,Buy,235855618
2024-08-29 14:12:31,21450.0,100,Buy,235855617
2024-08-29 14:12:31,21450.0,10000,Buy,235855616
2024-08-29 14:12:31,21450.0,500,Buy,235855615
2024-08-29 14:12:31,21450.0,1000,Buy,235855614
2024-08-29 14:12:31,21450.0,100,Buy,235855613
2024-08-29 14:12:31,21450.0,5000,Buy,235855612
2024-08-29 14:12:31,21450.0,1000,Buy,235855624
2024-08-29 14:12:31,21450.0,200,Buy,235855610
2024-08-29 14:12:31,21450.0,500,Buy,235855611
2024-08-29 14:12:31,21450.0,500,Buy,235855599
2024-08-29 14:12:31,21450.0,100,Buy,235855600
2024-08-29 14:12:31,21450.0,200,Buy,235855601
2024-08-29 14:12:31,21450.0,200,Buy,235855602
2024-08-29 14:12:31,21450.0,200,Buy,235855603
2024-08-29 14:12:31,21450.0,5200,Buy,235855597
2024-08-29 14:12:31,21450.0,200,Buy,235855605
2024-08-29 14:12:31,21450.0,300,Buy,235855606
2024-08-29 14:12:31,21450.0,1000,Buy,235855607
2024-08-29 14:12:31,21450.0,500,Buy,235855608
2024-08-29 14:12:31,21450.0,300,Buy,235855609
2024-08-29 14:12:31,21450.0,300,Buy,235855604
2024-08-29 14:12:32,21450.0,1000,Buy,235855680
2024-08-29 14:12:32,21450.0,1000,Buy,235855679
2024-08-29 14:12:32,21450.0,1400,Buy,235855678
2024-08-29 14:12:32,21450.0,200,Buy,235855677
2024-08-29 14:12:32,21450.0,200,Buy,235855676
2024-08-29 14:12:32,21450.0,500,Buy,235855675
2024-08-29 14:12:32,21450.0,800,Buy,235855674
2024-08-29 14:12:32,21450.0,300,Buy,235855673
2024-08-29 14:12:32,21450.0,3000,Buy,235855672
2024-08-29 14:12:32,21450.0,500,Buy,235855667
2024-08-29 14:12:32,21450.0,400,Buy,235855665
2024-08-29 14:12:32,21450.0,1000,Buy,235855664
2024-08-29 14:12:32,21450.0,100,Buy,235855662
2024-08-29 14:12:32,21450.0,100,Buy,235855661
2024-08-29 14:12:32,21450.0,300,Buy,235855660
2024-08-29 14:12:32,21450.0,100,Buy,235855659
2024-08-29 14:12:32,21450.0,100,Buy,235855658
2024-08-29 14:12:32,21450.0,400,Buy,235855657
2024-08-29 14:12:32,21450.0,200,Buy,235855666
2024-08-29 14:12:32,21450.0,10000,Buy,235855663
2024-08-29 14:12:57,21450.0,100,Buy,235856235
2024-08-29 14:13:00,21450.0,2000,Buy,235856283
2024-08-29 14:13:18,21450.0,600,Buy,235856624
2024-08-29 14:13:18,21450.0,300,Buy,235856625
2024-08-29 14:13:24,21450.0,1300,Buy,235856747
2024-08-29 14:13:24,21450.0,500,Buy,235856746
2024-08-29 14:13:24,21450.0,200,Buy,235856745
2024-08-29 14:13:28,21450.0,100,Buy,235856851
2024-08-29 14:13:31,21450.0,200,Buy,235856921
2024-08-29 14:13:31,21450.0,4600,Buy,235856920
2024-08-29 14:13:31,21450.0,100,Buy,235856922
2024-08-29 14:13:37,21450.0,500,Sell,235857051
2024-08-29 14:14:02,21500.0,100,Buy,235857643
2024-08-29 14:14:04,21450.0,100,Sell,235857678
2024-08-29 14:14:32,21450.0,1100,Sell,235858241
2024-08-29 14:14:32,21450.0,2500,Sell,235858242
2024-08-29 14:14:39,21450.0,100,Sell,235858364
2024-08-29 14:15:02,21500.0,200,Buy,235858786
2024-08-29 14:15:05,21450.0,500,Sell,235858864
2024-08-29 14:15:15,21450.0,100,Sell,235859082
2024-08-29 14:15:15,21450.0,1000,Sell,235859081
2024-08-29 14:15:15,21450.0,1900,Sell,235859079
2024-08-29 14:15:15,21500.0,200,Buy,235859077
2024-08-29 14:15:15,21450.0,1000,Sell,235859080
2024-08-29 14:15:17,21450.0,2000,Buy,235859098
2024-08-29 14:15:37,21450.0,100,Buy,235859542
2024-08-29 14:15:40,21450.0,900,Sell,235859612
2024-08-29 14:15:40,21450.0,100,Sell,235859613
2024-08-29 14:16:00,21450.0,300,Buy,235859983
2024-08-29 14:16:23,21450.0,300,Buy,235860670
2024-08-29 14:16:23,21450.0,100,Buy,235860671
2024-08-29 14:16:23,21450.0,500,Buy,235860672
2024-08-29 14:16:30,21450.0,1000,Buy,235860877
2024-08-29 14:16:36,21450.0,100,Buy,235861037
2024-08-29 14:16:42,21450.0,400,Buy,235861269
2024-08-29 14:17:01,21450.0,700,Buy,235861806
2024-08-29 14:17:11,21450.0,3200,Buy,235862043
2024-08-29 14:17:11,21450.0,1800,Buy,235862042
2024-08-29 14:17:13,21450.0,3000,Buy,235862100
2024-08-29 14:17:14,21450.0,1600,Buy,235862141
2024-08-29 14:17:14,21450.0,1000,Buy,235862142
2024-08-29 14:17:14,21450.0,100,Buy,235862143
2024-08-29 14:17:14,21450.0,100,Buy,235862144
2024-08-29 14:17:14,21450.0,5000,Buy,235862145
2024-08-29 14:17:15,21450.0,200,Sell,235862159
2024-08-29 14:17:52,21450.0,300,Sell,235863097
2024-08-29 14:18:16,21450.0,100,Sell,235863879
2024-08-29 14:18:20,21450.0,200,Sell,235863979
2024-08-29 14:18:27,21450.0,4900,Sell,235864305
2024-08-29 14:18:27,21450.0,1000,Sell,235864306
2024-08-29 14:18:27,21450.0,1000,Sell,235864307
2024-08-29 14:18:27,21450.0,2400,Sell,235864304
2024-08-29 14:18:40,21450.0,200,Buy,235864754
2024-08-29 14:18:55,21400.0,100,Sell,235865326
2024-08-29 14:18:55,21400.0,200,Sell,235865325
2024-08-29 14:18:55,21400.0,4900,Sell,235865324
2024-08-29 14:18:55,21400.0,1000,Sell,235865323
2024-08-29 14:18:55,21400.0,100,Sell,235865322
2024-08-29 14:18:55,21400.0,200,Sell,235865321
2024-08-29 14:18:55,21400.0,100,Sell,235865319
2024-08-29 14:18:55,21400.0,500,Sell,235865318
2024-08-29 14:18:55,21400.0,18000,Sell,235865313
2024-08-29 14:18:55,21400.0,100,Sell,235865314
2024-08-29 14:18:55,21400.0,200,Sell,235865320
2024-08-29 14:18:55,21400.0,500,Sell,235865316
2024-08-29 14:18:55,21400.0,300,Sell,235865317
2024-08-29 14:18:55,21400.0,1000,Sell,235865315
2024-08-29 14:18:57,21400.0,2800,Buy,235865369
2024-08-29 14:18:59,21450.0,100,Buy,235865492
2024-08-29 14:18:59,21450.0,500,Buy,235865493
2024-08-29 14:18:59,21450.0,400,Buy,235865494
2024-08-29 14:19:07,21450.0,2100,Buy,235865684
2024-08-29 14:19:49,21400.0,5000,Buy,235866973
2024-08-29 14:20:27,21400.0,100,Buy,235868257
2024-08-29 14:20:45,21350.0,300,Sell,235868779
2024-08-29 14:20:51,21400.0,2000,Buy,235868906
2024-08-29 14:21:07,21400.0,100,Buy,235869354
2024-08-29 14:21:09,21400.0,1200,Buy,235869426
2024-08-29 14:21:09,21400.0,7800,Buy,235869425
2024-08-29 14:21:20,21400.0,200,Buy,235869724
2024-08-29 14:21:24,21400.0,300,Buy,235869841
2024-08-29 14:21:34,21400.0,100,Buy,235870236
2024-08-29 14:21:43,21400.0,100,Buy,235870500
2024-08-29 14:22:29,21400.0,2000,Buy,235871990
2024-08-29 14:22:29,21350.0,1000,Sell,235871991
2024-08-29 14:22:31,21400.0,100,Buy,235872068
2024-08-29 14:22:31,21400.0,5000,Buy,235872066
2024-08-29 14:22:31,21400.0,200,Buy,235872067
2024-08-29 14:22:31,21400.0,100,Buy,235872064
2024-08-29 14:22:31,21400.0,1500,Buy,235872065
2024-08-29 14:22:31,21400.0,1100,Buy,235872063
2024-08-29 14:22:34,21450.0,700,Buy,235872214
2024-08-29 14:23:13,21400.0,2000,Sell,235873221
2024-08-29 14:23:13,21400.0,2000,Sell,235873222
2024-08-29 14:23:13,21400.0,1000,Sell,235873223
2024-08-29 14:23:16,21400.0,100,Sell,235873331
2024-08-29 14:24:37,21400.0,500,Sell,235876113
2024-08-29 14:25:36,21400.0,400,Sell,235878183
2024-08-29 14:25:36,21400.0,1000,Sell,235878184
2024-08-29 14:25:36,21400.0,17900,Sell,235878185
2024-08-29 14:25:46,21450.0,300,Buy,235878520
2024-08-29 14:25:46,21450.0,1000,Buy,235878519
2024-08-29 14:25:46,21400.0,10000,Sell,235878479
2024-08-29 14:25:46,21450.0,200,Buy,235878518
2024-08-29 14:26:02,21400.0,2100,Sell,235879088
2024-08-29 14:26:02,21400.0,200,Sell,235879089
2024-08-29 14:26:02,21400.0,300,Sell,235879090
2024-08-29 14:26:02,21400.0,2300,Sell,235879091
2024-08-29 14:26:02,21400.0,500,Sell,235879092
2024-08-29 14:26:02,21400.0,4600,Sell,235879093
2024-08-29 14:26:09,21450.0,500,Buy,235879312
2024-08-29 14:26:12,21400.0,4100,Sell,235879450
2024-08-29 14:26:12,21400.0,100,Sell,235879449
2024-08-29 14:26:12,21400.0,100,Sell,235879448
2024-08-29 14:26:12,21400.0,100,Sell,235879446
2024-08-29 14:26:12,21400.0,200,Sell,235879447
2024-08-29 14:26:12,21400.0,400,Sell,235879445
2024-08-29 14:26:57,21400.0,500,Sell,235881071
2024-08-29 14:27:14,21400.0,4200,Sell,235881867
2024-08-29 14:27:14,21400.0,100,Sell,235881868
2024-08-29 14:27:14,21400.0,700,Sell,235881869
2024-08-29 14:27:17,21400.0,4000,Sell,235881969
2024-08-29 14:27:20,21400.0,100,Sell,235882145
2024-08-29 14:27:29,21350.0,1800,Sell,235882628
2024-08-29 14:27:29,21400.0,200,Sell,235882627
2024-08-29 14:27:39,21400.0,100,Buy,235883065
2024-08-29 14:28:08,21400.0,10000,Buy,235884596
2024-08-29 14:28:10,21400.0,900,Buy,235884662
2024-08-29 14:28:10,21400.0,100,Buy,235884659
2024-08-29 14:28:10,21400.0,300,Buy,235884660
2024-08-29 14:28:10,21400.0,1000,Buy,235884661
2024-08-29 14:28:36,21400.0,200,Sell,235885790
2024-08-29 14:28:48,21400.0,900,Sell,235886229
2024-08-29 14:29:11,21400.0,3000,Sell,235887580
2024-08-29 14:29:23,21400.0,5000,Sell,235888291
2024-08-29 14:29:25,21400.0,3000,Sell,235888394
2024-08-29 14:29:31,21450.0,200,Buy,235888678
2024-08-29 14:29:31,21450.0,1000,Buy,235888677
2024-08-29 14:29:31,21450.0,18000,Buy,235888676
2024-08-29 14:29:31,21450.0,500,Buy,235888675
2024-08-29 14:29:31,21450.0,500,Buy,235888674
2024-08-29 14:29:31,21450.0,31000,Buy,235888669
2024-08-29 14:29:31,21450.0,1800,Buy,235888673
2024-08-29 14:29:31,21450.0,7000,Buy,235888672
2024-08-29 14:29:31,21450.0,500,Buy,235888671
2024-08-29 14:29:31,21450.0,500,Buy,235888670
2024-08-29 14:29:31,21450.0,100,Buy,235888668
2024-08-29 14:29:31,21450.0,7000,Buy,235888658
2024-08-29 14:29:31,21450.0,5500,Buy,235888664
2024-08-29 14:29:31,21450.0,400,Buy,235888653
2024-08-29 14:29:31,21450.0,900,Buy,235888667
2024-08-29 14:29:31,21450.0,200,Buy,235888655
2024-08-29 14:29:31,21450.0,100,Buy,235888656
2024-08-29 14:29:31,21450.0,1000,Buy,235888657
2024-08-29 14:29:31,21450.0,3000,Buy,235888654
2024-08-29 14:29:31,21450.0,1000,Buy,235888660
2024-08-29 14:29:31,21450.0,100,Buy,235888661
2024-08-29 14:29:31,21450.0,100,Buy,235888662
2024-08-29 14:29:31,21450.0,1000,Buy,235888663
2024-08-29 14:29:31,21450.0,500,Buy,235888659
2024-08-29 14:29:36,21450.0,3100,Sell,235889096
2024-08-29 14:29:42,21450.0,300,Buy,235889365
2024-08-29 14:29:46,21450.0,1700,Buy,235889711
2024-08-29 14:29:49,21450.0,4900,Buy,235889797
2024-08-29 14:29:49,21450.0,100,Buy,235889798
2024-08-29 14:29:53,21450.0,2200,Buy,235889968
2024-08-29 14:29:53,21450.0,1000,Buy,235889969
2024-08-29 14:44:58,21400.0,159000,ATO/ATC,235890812
