time,price,volume,match_type,id
2024-08-16 12:59:40,21000.0,200,Sell,232270485
2024-08-16 12:59:40,21550.0,400,Buy,232270581
2024-08-16 12:59:40,21500.0,1000,Buy,232270580
2024-08-16 12:59:40,21500.0,400,Buy,232270577
2024-08-16 12:59:40,21500.0,3000,Buy,232270578
2024-08-16 12:59:40,21500.0,200,Buy,232270579
2024-08-16 12:59:41,21500.0,100,Buy,232270739
2024-08-16 12:59:41,21500.0,300,Buy,232270738
2024-08-16 12:59:41,21550.0,100,Buy,232270740
2024-08-16 12:59:42,21000.0,200,Sell,232271316
2024-08-16 12:59:43,21500.0,1500,Buy,232271499
2024-08-16 12:59:43,21500.0,500,Buy,232271500
2024-08-16 12:59:43,21550.0,4000,Buy,232271501
2024-08-16 12:59:43,21550.0,1000,Buy,232271502
2024-08-16 12:59:46,21700.0,3600,Buy,232272182
2024-08-16 12:59:46,21650.0,100,Buy,232272181
2024-08-16 12:59:46,21650.0,100,Buy,232272180
2024-08-16 12:59:46,21600.0,1400,Buy,232272177
2024-08-16 12:59:46,21650.0,500,Buy,232272179
2024-08-16 12:59:46,21600.0,1100,Buy,232272161
2024-08-16 12:59:46,21550.0,500,Buy,232272160
2024-08-16 12:59:46,21550.0,4500,Buy,232272159
2024-08-16 12:59:46,21500.0,2000,Buy,232272158
2024-08-16 12:59:46,21600.0,500,Buy,232272162
2024-08-16 12:59:46,21650.0,700,Buy,232272178
2024-08-16 12:59:48,21700.0,1000,Buy,232272507
2024-08-16 12:59:49,21700.0,1900,Buy,232272678
2024-08-16 12:59:49,21500.0,1000,Buy,232272672
2024-08-16 12:59:49,21700.0,5400,Buy,232272673
2024-08-16 12:59:49,21700.0,400,Buy,232272674
2024-08-16 12:59:49,21700.0,200,Buy,232272675
2024-08-16 12:59:49,21700.0,1000,Buy,232272676
2024-08-16 12:59:49,21700.0,100,Buy,232272677
2024-08-16 12:59:50,21650.0,500,Buy,232272849
2024-08-16 12:59:50,21650.0,1000,Buy,232272776
2024-08-16 12:59:51,21200.0,200,Sell,232273005
2024-08-16 12:59:51,21650.0,500,Buy,232273046
2024-08-16 12:59:52,21650.0,400,Buy,232273223
2024-08-16 12:59:53,21650.0,400,Buy,232273241
2024-08-16 12:59:54,21650.0,2000,Buy,232273421
2024-08-16 12:59:56,21700.0,3900,Buy,232273766
2024-08-16 12:59:56,21700.0,1500,Buy,232273763
2024-08-16 12:59:56,21700.0,500,Buy,232273762
2024-08-16 12:59:56,21700.0,1200,Buy,232273761
2024-08-16 12:59:56,21700.0,100,Buy,232273765
2024-08-16 12:59:56,21700.0,200,Buy,232273759
2024-08-16 12:59:56,21700.0,300,Buy,232273760
2024-08-16 12:59:56,21650.0,5200,Buy,232273755
2024-08-16 12:59:56,21700.0,100,Buy,232273756
2024-08-16 12:59:56,21700.0,1000,Buy,232273764
2024-08-16 12:59:56,21700.0,500,Buy,232273757
2024-08-16 12:59:56,21700.0,2000,Buy,232273758
2024-08-16 12:59:59,21650.0,2000,Sell,232274028
2024-08-16 13:00:02,21450.0,100,Buy,232274431
2024-08-16 13:00:09,21550.0,1000,Buy,232275054
2024-08-16 13:00:12,21450.0,500,Sell,232275376
2024-08-16 13:00:12,21450.0,4500,Sell,232275401
2024-08-16 13:00:12,21250.0,3000,Sell,232275411
2024-08-16 13:00:12,21250.0,1300,Sell,232275412
2024-08-16 13:00:13,21250.0,8000,Sell,232275445
2024-08-16 13:00:13,21250.0,6600,Sell,232275451
2024-08-16 13:00:13,21200.0,100,Sell,232275452
2024-08-16 13:00:13,21200.0,13300,Sell,232275453
2024-08-16 13:00:16,21300.0,2500,Buy,232275754
2024-08-16 13:00:16,21300.0,300,Buy,232275753
2024-08-16 13:00:17,21300.0,1000,Buy,232275768
2024-08-16 13:00:17,21300.0,100,Buy,232275888
2024-08-16 13:00:17,21300.0,200,Buy,232275889
2024-08-16 13:00:17,21300.0,500,Buy,232275899
2024-08-16 13:00:22,21250.0,500,Buy,232276131
2024-08-16 13:00:26,21200.0,700,Sell,232276303
2024-08-16 13:00:26,21200.0,200,Sell,232276304
2024-08-16 13:00:26,21200.0,100,Sell,232276305
2024-08-16 13:00:26,21250.0,1000,Buy,232276312
2024-08-16 13:00:26,21250.0,1000,Buy,232276315
2024-08-16 13:00:28,21200.0,100,Sell,232276566
2024-08-16 13:00:29,21250.0,5000,Buy,232276579
2024-08-16 13:00:29,21250.0,100,Buy,232276598
2024-08-16 13:00:30,21250.0,300,Buy,232276652
2024-08-16 13:00:31,21250.0,400,Buy,232276689
2024-08-16 13:00:32,21250.0,300,Buy,232276745
2024-08-16 13:00:32,21250.0,1400,Buy,232276746
2024-08-16 13:00:33,21250.0,600,Sell,232276775
2024-08-16 13:00:33,21250.0,400,Sell,232276776
2024-08-16 13:00:35,21250.0,500,Sell,232276832
2024-08-16 13:00:36,21300.0,5200,Buy,232276928
2024-08-16 13:00:40,21300.0,700,Buy,232277087
2024-08-16 13:00:40,21300.0,6300,Buy,232277088
2024-08-16 13:00:40,21300.0,3000,Buy,232277111
2024-08-16 13:00:42,21300.0,3100,Buy,232277229
2024-08-16 13:00:42,21300.0,5000,Buy,232277230
2024-08-16 13:00:43,21300.0,1000,Buy,232277264
2024-08-16 13:00:43,21300.0,4000,Buy,232277263
2024-08-16 13:00:43,21300.0,7000,Buy,232277232
2024-08-16 13:00:43,21300.0,5600,Buy,232277261
2024-08-16 13:00:43,21300.0,27900,Buy,232277262
2024-08-16 13:00:45,21350.0,4900,Buy,232277323
2024-08-16 13:00:46,21300.0,300,Sell,232277328
2024-08-16 13:00:48,21400.0,1000,Sell,232277373
2024-08-16 13:00:48,21400.0,100,Sell,232277423
2024-08-16 13:00:54,21400.0,700,Sell,232277572
2024-08-16 13:00:54,21400.0,500,Sell,232277573
2024-08-16 13:00:54,21400.0,1000,Sell,232277574
2024-08-16 13:00:54,21350.0,1500,Sell,232277575
2024-08-16 13:00:54,21350.0,1000,Sell,232277576
2024-08-16 13:00:54,21300.0,5300,Sell,232277577
2024-08-16 13:00:55,21400.0,7000,Sell,232277618
2024-08-16 13:00:56,21500.0,1000,Buy,232277666
2024-08-16 13:01:00,21500.0,100,Buy,232277904
2024-08-16 13:01:01,21500.0,200,Buy,232277993
2024-08-16 13:01:01,21500.0,200,Buy,232277994
2024-08-16 13:01:03,21500.0,100,Buy,232278041
2024-08-16 13:01:03,21500.0,200,Buy,232278042
2024-08-16 13:01:03,21500.0,700,Buy,232278043
2024-08-16 13:01:04,21500.0,400,Buy,232278183
2024-08-16 13:01:04,21500.0,1000,Buy,232278198
2024-08-16 13:01:05,21500.0,1000,Buy,232278225
2024-08-16 13:01:06,21500.0,100,Buy,232278229
2024-08-16 13:01:06,21400.0,20000,Sell,232278230
2024-08-16 13:01:10,21500.0,1000,Buy,232278542
2024-08-16 13:01:11,21500.0,500,Buy,232278573
2024-08-16 13:01:12,21500.0,500,Buy,232278628
2024-08-16 13:01:12,21500.0,500,Buy,232278627
2024-08-16 13:01:12,21500.0,4500,Buy,232278612
2024-08-16 13:01:12,21500.0,200,Buy,232278611
2024-08-16 13:01:12,21500.0,300,Buy,232278610
2024-08-16 13:01:14,21500.0,600,Buy,232278752
2024-08-16 13:01:14,21500.0,300,Buy,232278753
2024-08-16 13:01:16,21500.0,500,Buy,232278833
2024-08-16 13:01:16,21500.0,200,Buy,232278839
2024-08-16 13:01:16,21500.0,200,Buy,232278840
2024-08-16 13:01:16,21500.0,2600,Buy,232278841
2024-08-16 13:01:17,21500.0,200,Sell,232278911
2024-08-16 13:01:17,21500.0,800,Sell,232278912
2024-08-16 13:01:18,21500.0,3000,Sell,232278915
2024-08-16 13:01:18,21600.0,1000,Buy,232278917
2024-08-16 13:01:21,21500.0,2100,Sell,232279114
2024-08-16 13:01:24,21500.0,900,Sell,232279193
2024-08-16 13:01:26,21600.0,300,Buy,232279233
2024-08-16 13:01:27,21500.0,1000,Sell,232279303
2024-08-16 13:01:27,21600.0,1700,Buy,232279254
2024-08-16 13:01:27,21600.0,8300,Buy,232279255
2024-08-16 13:01:27,21600.0,1100,Buy,232279281
2024-08-16 13:01:28,21500.0,200,Sell,232279320
2024-08-16 13:01:31,21550.0,100,Buy,232279407
2024-08-16 13:01:31,21600.0,100,Buy,232279408
2024-08-16 13:01:32,21600.0,500,Buy,232279451
2024-08-16 13:01:32,21600.0,3400,Buy,232279452
2024-08-16 13:01:32,21600.0,300,Buy,232279453
2024-08-16 13:01:32,21600.0,600,Buy,232279454
2024-08-16 13:01:32,21600.0,200,Buy,232279455
2024-08-16 13:01:37,21600.0,100,Buy,232279629
2024-08-16 13:01:39,21600.0,2900,Buy,232279745
2024-08-16 13:01:41,21600.0,4600,Buy,232279799
2024-08-16 13:01:41,21600.0,5000,Buy,232279798
2024-08-16 13:01:41,21600.0,200,Buy,232279797
2024-08-16 13:01:43,21600.0,10000,Buy,232279870
2024-08-16 13:01:50,21550.0,1000,Sell,232280327
2024-08-16 13:01:50,21550.0,1000,Sell,232280328
2024-08-16 13:01:51,21600.0,300,Buy,232280337
2024-08-16 13:01:55,21600.0,1000,Buy,232280530
2024-08-16 13:01:56,21550.0,2500,Sell,232280546
2024-08-16 13:01:56,21550.0,100,Sell,232280547
2024-08-16 13:01:56,21600.0,2000,Buy,232280576
2024-08-16 13:01:58,21600.0,2000,Buy,232280624
2024-08-16 13:01:58,21600.0,200,Buy,232280625
2024-08-16 13:01:58,21600.0,300,Buy,232280634
2024-08-16 13:02:00,21550.0,3400,Buy,232280669
2024-08-16 13:02:06,21550.0,100,Buy,232280849
2024-08-16 13:02:08,21550.0,600,Buy,232280900
2024-08-16 13:02:08,21550.0,100,Buy,232280899
2024-08-16 13:02:11,21550.0,100,Buy,232281025
2024-08-16 13:02:11,21500.0,10000,Sell,232281026
2024-08-16 13:02:11,21550.0,100,Buy,232281039
2024-08-16 13:02:12,21550.0,100,Buy,232281061
2024-08-16 13:02:13,21550.0,100,Buy,232281142
2024-08-16 13:02:13,21500.0,5000,Sell,232281124
2024-08-16 13:02:13,21500.0,2000,Sell,232281123
2024-08-16 13:02:13,21500.0,100,Sell,232281122
2024-08-16 13:02:13,21500.0,1000,Sell,232281121
2024-08-16 13:02:13,21500.0,200,Sell,232281120
2024-08-16 13:02:13,21500.0,500,Sell,232281119
2024-08-16 13:02:13,21500.0,2000,Sell,232281118
2024-08-16 13:02:13,21500.0,2000,Sell,232281117
2024-08-16 13:02:13,21500.0,2000,Sell,232281114
2024-08-16 13:02:13,21500.0,4600,Sell,232281115
2024-08-16 13:02:13,21550.0,500,Buy,232281081
2024-08-16 13:02:13,21500.0,2000,Sell,232281113
2024-08-16 13:02:13,21500.0,2000,Sell,232281112
2024-08-16 13:02:13,21500.0,500,Sell,232281111
2024-08-16 13:02:13,21500.0,600,Sell,232281110
2024-08-16 13:02:13,21500.0,2000,Sell,232281109
2024-08-16 13:02:13,21550.0,3100,Buy,232281088
2024-08-16 13:02:13,21550.0,100,Buy,232281087
2024-08-16 13:02:13,21500.0,4500,Sell,232281116
2024-08-16 13:02:14,21450.0,200,Sell,232281156
2024-08-16 13:02:14,21450.0,500,Sell,232281157
2024-08-16 13:02:14,21400.0,300,Sell,232281158
2024-08-16 13:02:14,21550.0,100,Buy,232281160
2024-08-16 13:02:15,21550.0,300,Buy,232281243
2024-08-16 13:02:16,21550.0,1000,Buy,232281255
2024-08-16 13:02:18,21550.0,500,Buy,232281318
2024-08-16 13:02:23,21550.0,100,Buy,232281503
2024-08-16 13:02:27,21550.0,3000,Buy,232281664
2024-08-16 13:02:27,21500.0,100,Sell,232281670
2024-08-16 13:02:28,21500.0,100,Buy,232281713
2024-08-16 13:02:37,21500.0,100,Buy,232282047
2024-08-16 13:02:37,21500.0,1000,Buy,232282079
2024-08-16 13:02:38,21500.0,500,Buy,232282150
2024-08-16 13:02:42,21500.0,400,Buy,232282258
2024-08-16 13:02:46,21450.0,100,Sell,232282582
2024-08-16 13:02:46,21450.0,100,Sell,232282583
2024-08-16 13:02:56,21500.0,100,Buy,232283178
2024-08-16 13:02:57,21450.0,500,Sell,232283210
2024-08-16 13:02:57,21450.0,100,Sell,232283208
2024-08-16 13:02:57,21450.0,100,Sell,232283209
2024-08-16 13:02:59,21450.0,300,Buy,232283319
2024-08-16 13:02:59,21450.0,300,Buy,232283320
2024-08-16 13:03:01,21400.0,2000,Sell,232283438
2024-08-16 13:03:03,21450.0,200,Buy,232283514
2024-08-16 13:03:07,21450.0,1000,Buy,232283665
2024-08-16 13:03:27,21400.0,100,Sell,232284536
2024-08-16 13:03:27,21400.0,1000,Sell,232284535
2024-08-16 13:03:27,21400.0,800,Sell,232284534
2024-08-16 13:03:27,21400.0,1200,Sell,232284537
2024-08-16 13:03:27,21400.0,1000,Sell,232284532
2024-08-16 13:03:27,21400.0,100,Sell,232284531
2024-08-16 13:03:27,21400.0,20700,Sell,232284530
2024-08-16 13:03:27,21400.0,100,Sell,232284533
2024-08-16 13:03:29,21400.0,1800,Sell,232284590
2024-08-16 13:03:29,21400.0,1200,Sell,232284591
2024-08-16 13:03:31,21400.0,2000,Sell,232284634
2024-08-16 13:03:32,21400.0,2000,Sell,232284701
2024-08-16 13:03:32,21400.0,5000,Sell,232284713
2024-08-16 13:03:35,21400.0,2100,Sell,232284852
2024-08-16 13:03:36,21400.0,500,Sell,232284861
2024-08-16 13:03:40,21400.0,100,Sell,232285103
2024-08-16 13:03:40,21400.0,500,Sell,232285109
2024-08-16 13:03:40,21400.0,2100,Sell,232285105
2024-08-16 13:03:40,21400.0,100,Sell,232285104
2024-08-16 13:03:40,21400.0,100,Sell,232285101
2024-08-16 13:03:40,21400.0,100,Sell,232285102
2024-08-16 13:03:40,21400.0,2200,Sell,232285095
2024-08-16 13:03:40,21400.0,100,Sell,232285096
2024-08-16 13:03:40,21400.0,100,Sell,232285097
2024-08-16 13:03:40,21400.0,1000,Sell,232285100
2024-08-16 13:03:40,21400.0,1000,Sell,232285099
2024-08-16 13:03:40,21400.0,100,Sell,232285098
2024-08-16 13:03:41,21400.0,200,Sell,232285113
2024-08-16 13:03:41,21400.0,400,Sell,232285112
2024-08-16 13:03:41,21400.0,1000,Sell,232285114
2024-08-16 13:03:44,21400.0,200,Buy,232285263
2024-08-16 13:03:45,21400.0,200,Buy,232285325
2024-08-16 13:03:45,21400.0,100,Buy,232285326
2024-08-16 13:03:45,21400.0,200,Buy,232285327
2024-08-16 13:03:49,21400.0,2300,Buy,232285499
2024-08-16 13:03:49,21400.0,100,Buy,232285500
2024-08-16 13:03:49,21400.0,2600,Buy,232285501
2024-08-16 13:03:49,21400.0,100,Buy,232285502
2024-08-16 13:03:50,21400.0,100,Buy,232285514
2024-08-16 13:03:57,21400.0,100,Sell,232285770
2024-08-16 13:03:57,21400.0,900,Buy,232285769
2024-08-16 13:03:57,21400.0,100,Buy,232285768
2024-08-16 13:03:57,21400.0,500,Buy,232285764
2024-08-16 13:03:57,21400.0,500,Buy,232285766
2024-08-16 13:03:57,21400.0,100,Buy,232285765
2024-08-16 13:03:57,21400.0,1000,Buy,232285767
2024-08-16 13:03:57,21400.0,2200,Buy,232285763
2024-08-16 13:04:00,21400.0,100,Sell,232285965
2024-08-16 13:04:03,21400.0,800,Sell,232286150
2024-08-16 13:04:04,21400.0,100,Sell,232286213
2024-08-16 13:04:07,21350.0,5000,Sell,232286305
2024-08-16 13:04:07,21350.0,500,Sell,232286304
2024-08-16 13:04:07,21400.0,100,Sell,232286303
2024-08-16 13:04:07,21400.0,200,Sell,232286301
2024-08-16 13:04:07,21400.0,3600,Sell,232286300
2024-08-16 13:04:07,21400.0,1000,Sell,232286302
2024-08-16 13:04:08,21400.0,500,Sell,232286334
2024-08-16 13:04:09,21400.0,1000,Buy,232286392
2024-08-16 13:04:10,21400.0,5000,Buy,232286425
2024-08-16 13:04:11,21400.0,500,Buy,232286479
2024-08-16 13:04:18,21400.0,1000,Buy,232286940
2024-08-16 13:04:19,21400.0,100,Buy,232287044
2024-08-16 13:04:19,21400.0,500,Buy,232287043
2024-08-16 13:04:19,21400.0,900,Buy,232287045
2024-08-16 13:04:19,21400.0,1000,Buy,232287041
2024-08-16 13:04:19,21400.0,2000,Buy,232287040
2024-08-16 13:04:19,21400.0,500,Buy,232287042
2024-08-16 13:04:21,21400.0,100,Buy,232287182
2024-08-16 13:04:21,21400.0,100,Buy,232287183
2024-08-16 13:04:21,21400.0,2800,Buy,232287184
2024-08-16 13:04:21,21400.0,2000,Buy,232287261
2024-08-16 13:04:22,21400.0,200,Buy,232287296
2024-08-16 13:04:22,21400.0,1300,Buy,232287297
2024-08-16 13:04:23,21400.0,1700,Buy,232287309
2024-08-16 13:04:23,21400.0,300,Buy,232287310
2024-08-16 13:04:28,21400.0,4000,Sell,232287577
2024-08-16 13:04:36,21400.0,2000,Sell,232288059
2024-08-16 13:04:39,21450.0,200,Buy,232288169
2024-08-16 13:04:52,21450.0,1000,Buy,232288798
2024-08-16 13:04:52,21450.0,200,Buy,232288828
2024-08-16 13:04:59,21400.0,1000,Sell,232289084
2024-08-16 13:05:01,21400.0,2000,Sell,232289154
2024-08-16 13:05:01,21400.0,4500,Sell,232289162
2024-08-16 13:05:01,21400.0,1000,Sell,232289161
2024-08-16 13:05:01,21400.0,2000,Sell,232289160
2024-08-16 13:05:01,21400.0,1600,Sell,232289159
2024-08-16 13:05:01,21400.0,100,Sell,232289153
2024-08-16 13:05:01,21400.0,1000,Sell,232289157
2024-08-16 13:05:01,21400.0,200,Sell,232289156
2024-08-16 13:05:01,21400.0,1000,Sell,232289155
2024-08-16 13:05:01,21400.0,200,Sell,232289158
2024-08-16 13:05:07,21400.0,7000,Buy,232289451
2024-08-16 13:05:07,21400.0,3000,Buy,232289452
2024-08-16 13:05:15,21400.0,1000,Buy,232289836
2024-08-16 13:05:15,21350.0,200,Sell,232289837
2024-08-16 13:05:17,21400.0,200,Buy,232289934
2024-08-16 13:05:17,21350.0,7400,Sell,232289930
2024-08-16 13:05:23,21400.0,400,Buy,232290180
2024-08-16 13:05:27,21400.0,500,Buy,232290410
2024-08-16 13:05:28,21400.0,600,Buy,232290446
2024-08-16 13:05:35,21400.0,300,Buy,232290822
2024-08-16 13:05:35,21400.0,700,Buy,232290823
2024-08-16 13:05:37,21400.0,500,Buy,232290960
2024-08-16 13:05:39,21400.0,800,Buy,232291039
2024-08-16 13:05:41,21400.0,1000,Buy,232291098
2024-08-16 13:05:41,21400.0,500,Buy,232291099
2024-08-16 13:05:42,21350.0,500,Sell,232291167
2024-08-16 13:05:42,21350.0,500,Sell,232291168
2024-08-16 13:05:44,21350.0,1500,Sell,232291233
2024-08-16 13:05:44,21350.0,200,Sell,232291232
2024-08-16 13:05:44,21350.0,2000,Sell,232291230
2024-08-16 13:05:44,21350.0,3300,Sell,232291229
2024-08-16 13:05:44,21350.0,2700,Sell,232291228
2024-08-16 13:05:44,21350.0,1000,Sell,232291231
2024-08-16 13:05:49,21350.0,1000,Buy,232291461
2024-08-16 13:05:57,21350.0,400,Buy,232291745
2024-08-16 13:06:08,21350.0,1000,Buy,232292288
2024-08-16 13:06:13,21300.0,2000,Sell,232292570
2024-08-16 13:06:23,21300.0,500,Sell,232293159
2024-08-16 13:06:23,21300.0,3400,Sell,232293175
2024-08-16 13:06:23,21300.0,500,Sell,232293176
2024-08-16 13:06:23,21300.0,100,Sell,232293177
2024-08-16 13:06:23,21300.0,1000,Sell,232293178
2024-08-16 13:06:30,21300.0,1100,Sell,232293573
2024-08-16 13:06:30,21300.0,1000,Sell,232293572
2024-08-16 13:06:30,21300.0,1000,Sell,232293570
2024-08-16 13:06:30,21300.0,100,Sell,232293571
2024-08-16 13:06:31,21300.0,900,Sell,232293636
2024-08-16 13:06:31,21300.0,100,Sell,232293637
2024-08-16 13:06:31,21300.0,100,Sell,232293638
2024-08-16 13:06:31,21300.0,100,Sell,232293639
2024-08-16 13:06:31,21300.0,1000,Sell,232293640
2024-08-16 13:06:31,21300.0,300,Sell,232293641
2024-08-16 13:06:31,21300.0,1000,Sell,232293642
2024-08-16 13:06:31,21300.0,500,Sell,232293643
2024-08-16 13:06:31,21300.0,100,Sell,232293644
2024-08-16 13:06:31,21300.0,500,Sell,232293645
2024-08-16 13:06:31,21300.0,2800,Sell,232293646
2024-08-16 13:06:32,21300.0,1400,Sell,232293733
2024-08-16 13:06:32,21300.0,500,Sell,232293732
2024-08-16 13:06:32,21300.0,1100,Sell,232293731
2024-08-16 13:06:33,21300.0,7400,Sell,232293760
2024-08-16 13:06:34,21300.0,200,Sell,232293856
2024-08-16 13:06:34,21300.0,600,Sell,232293857
2024-08-16 13:06:34,21300.0,500,Sell,232293858
2024-08-16 13:06:34,21300.0,100,Sell,232293859
2024-08-16 13:06:34,21300.0,100,Sell,232293860
2024-08-16 13:06:34,21300.0,200,Sell,232293861
2024-08-16 13:06:34,21300.0,1000,Sell,232293845
2024-08-16 13:06:35,21300.0,300,Buy,232293904
2024-08-16 13:06:35,21350.0,500,Buy,232293905
2024-08-16 13:06:38,21300.0,100,Buy,232294065
2024-08-16 13:06:38,21300.0,400,Buy,232294066
2024-08-16 13:06:39,21300.0,1000,Buy,232294175
2024-08-16 13:06:40,21250.0,200,Sell,232294194
2024-08-16 13:06:40,21300.0,500,Buy,232294199
2024-08-16 13:06:46,21300.0,500,Buy,232294521
2024-08-16 13:07:02,21300.0,100,Buy,232295386
2024-08-16 13:07:04,21250.0,3900,Sell,232295446
2024-08-16 13:07:04,21250.0,1000,Sell,232295447
2024-08-16 13:07:04,21250.0,600,Sell,232295448
2024-08-16 13:07:05,21300.0,1000,Buy,232295481
2024-08-16 13:07:09,21250.0,500,Sell,232295592
2024-08-16 13:07:13,21300.0,1000,Buy,232295734
2024-08-16 13:07:16,21300.0,2000,Buy,232295906
2024-08-16 13:07:18,21250.0,5000,Sell,232295959
2024-08-16 13:07:19,21250.0,1000,Sell,232295988
2024-08-16 13:07:26,21300.0,100,Buy,232296373
2024-08-16 13:07:27,21250.0,400,Sell,232296395
2024-08-16 13:07:27,21250.0,100,Sell,232296394
2024-08-16 13:07:27,21250.0,200,Sell,232296393
2024-08-16 13:07:28,21250.0,100,Sell,232296403
2024-08-16 13:07:29,21250.0,300,Sell,232296447
2024-08-16 13:07:29,21250.0,1000,Sell,232296448
2024-08-16 13:07:29,21250.0,200,Sell,232296449
2024-08-16 13:07:29,21250.0,100,Sell,232296450
2024-08-16 13:07:29,21250.0,300,Sell,232296451
2024-08-16 13:07:29,21250.0,100,Sell,232296452
2024-08-16 13:07:29,21250.0,500,Buy,232296466
2024-08-16 13:07:29,21250.0,500,Sell,232296446
2024-08-16 13:07:36,21250.0,500,Buy,232296829
2024-08-16 13:07:38,21250.0,500,Buy,232296877
2024-08-16 13:07:41,21250.0,300,Buy,232297101
2024-08-16 13:07:41,21250.0,1000,Buy,232297102
2024-08-16 13:07:41,21250.0,1000,Buy,232297099
2024-08-16 13:07:41,21250.0,3000,Buy,232297100
2024-08-16 13:07:48,21250.0,3000,Sell,232297490
2024-08-16 13:07:49,21250.0,700,Sell,232297575
2024-08-16 13:07:54,21250.0,100,Sell,232297949
2024-08-16 13:07:58,21250.0,100,Sell,232298154
2024-08-16 13:08:00,21250.0,800,Sell,232298219
2024-08-16 13:08:04,21250.0,1000,Sell,232298611
2024-08-16 13:08:05,21250.0,1000,Sell,232298875
2024-08-16 13:08:05,21300.0,5000,Buy,232298895
2024-08-16 13:08:05,21300.0,5000,Buy,232298896
2024-08-16 13:08:05,21300.0,400,Buy,232298897
2024-08-16 13:08:05,21300.0,500,Buy,232298898
2024-08-16 13:08:05,21300.0,9100,Buy,232298899
2024-08-16 13:08:10,21300.0,5000,Buy,232299268
2024-08-16 13:08:11,21250.0,200,Sell,232299314
2024-08-16 13:08:13,21300.0,300,Buy,232299357
2024-08-16 13:08:17,21300.0,600,Buy,232299630
2024-08-16 13:08:17,21300.0,500,Buy,232299631
2024-08-16 13:08:17,21300.0,3700,Buy,232299632
2024-08-16 13:08:18,21250.0,500,Sell,232299676
2024-08-16 13:08:25,21300.0,1000,Buy,232300214
2024-08-16 13:08:29,21300.0,3300,Buy,232300599
2024-08-16 13:08:29,21300.0,500,Buy,232300600
2024-08-16 13:08:29,21300.0,100,Buy,232300601
2024-08-16 13:08:29,21300.0,1000,Buy,232300602
2024-08-16 13:08:29,21300.0,100,Buy,232300603
2024-08-16 13:08:30,21300.0,200,Buy,232300646
2024-08-16 13:08:38,21300.0,200,Buy,232301103
2024-08-16 13:08:38,21300.0,1000,Buy,232301102
2024-08-16 13:08:38,21300.0,100,Buy,232301101
2024-08-16 13:08:38,21300.0,6700,Buy,232301099
2024-08-16 13:08:38,21300.0,1000,Buy,232301100
2024-08-16 13:08:39,21300.0,100,Buy,232301111
2024-08-16 13:08:42,21300.0,100,Sell,232301284
2024-08-16 13:08:42,21250.0,400,Sell,232301285
2024-08-16 13:08:43,21250.0,200,Sell,232301380
2024-08-16 13:08:44,21300.0,100,Buy,232301399
2024-08-16 13:08:49,21300.0,100,Sell,232301705
2024-08-16 13:08:49,21300.0,200,Sell,232301706
2024-08-16 13:08:49,21300.0,4000,Sell,232301707
2024-08-16 13:08:49,21300.0,700,Sell,232301708
2024-08-16 13:08:56,21300.0,500,Sell,232302049
2024-08-16 13:08:56,21300.0,100,Buy,232302052
2024-08-16 13:08:56,21300.0,100,Sell,232302047
2024-08-16 13:08:56,21300.0,3900,Sell,232302048
2024-08-16 13:09:03,21300.0,200,Buy,232302552
2024-08-16 13:09:09,21300.0,200,Buy,232303043
2024-08-16 13:09:11,21300.0,800,Sell,232303106
2024-08-16 13:09:13,21300.0,500,Buy,232303215
2024-08-16 13:09:13,21300.0,100,Buy,232303230
2024-08-16 13:09:13,21300.0,1100,Buy,232303236
2024-08-16 13:09:24,21300.0,1000,Buy,232303953
2024-08-16 13:09:28,21300.0,1500,Buy,232304182
2024-08-16 13:09:28,21300.0,500,Buy,232304183
2024-08-16 13:09:30,21250.0,200,Sell,232304260
2024-08-16 13:09:30,21300.0,500,Buy,232304287
2024-08-16 13:09:37,21300.0,500,Buy,232304771
2024-08-16 13:09:40,21300.0,200,Buy,232304885
2024-08-16 13:09:47,21300.0,600,Buy,232305322
2024-08-16 13:09:47,21300.0,3300,Buy,232305319
2024-08-16 13:09:47,21300.0,5000,Buy,232305320
2024-08-16 13:09:47,21300.0,700,Buy,232305321
2024-08-16 13:09:54,21300.0,100,Buy,232305710
2024-08-16 13:09:56,21300.0,500,Buy,232305887
2024-08-16 13:10:18,21300.0,100,Buy,232307344
2024-08-16 13:10:18,21300.0,200,Buy,232307345
2024-08-16 13:10:18,21300.0,100,Buy,232307346
2024-08-16 13:10:25,21300.0,500,Buy,232307747
2024-08-16 13:10:25,21250.0,600,Sell,232307762
2024-08-16 13:10:31,21300.0,200,Buy,232308160
2024-08-16 13:10:34,21300.0,200,Buy,232308322
2024-08-16 13:10:34,21300.0,800,Buy,232308323
2024-08-16 13:11:09,21300.0,200,Buy,232310623
2024-08-16 13:11:14,21250.0,300,Sell,232310853
2024-08-16 13:11:14,21250.0,1000,Sell,232310851
2024-08-16 13:11:14,21250.0,100,Sell,232310852
2024-08-16 13:11:14,21250.0,200,Sell,232310849
2024-08-16 13:11:14,21250.0,2000,Sell,232310850
2024-08-16 13:11:14,21250.0,500,Sell,232310848
2024-08-16 13:11:14,21250.0,5900,Sell,232310847
2024-08-16 13:11:20,21300.0,200,Buy,232311195
2024-08-16 13:11:20,21300.0,3300,Buy,232311194
2024-08-16 13:11:20,21300.0,100,Buy,232311193
2024-08-16 13:11:20,21300.0,300,Buy,232311192
2024-08-16 13:11:20,21300.0,4000,Buy,232311187
2024-08-16 13:11:20,21300.0,100,Buy,232311190
2024-08-16 13:11:20,21300.0,500,Buy,232311188
2024-08-16 13:11:20,21300.0,500,Buy,232311191
2024-08-16 13:11:20,21300.0,1000,Buy,232311189
2024-08-16 13:11:23,21300.0,100,Buy,232311415
2024-08-16 13:11:24,21300.0,100,Buy,232311464
2024-08-16 13:11:28,21300.0,100,Buy,232311752
2024-08-16 13:11:31,21300.0,100,Buy,232311872
2024-08-16 13:11:31,21300.0,100,Buy,232311873
2024-08-16 13:11:31,21300.0,100,Buy,232311909
2024-08-16 13:11:33,21300.0,400,Sell,232312063
2024-08-16 13:11:39,21300.0,500,Buy,232312422
2024-08-16 13:11:42,21250.0,200,Sell,232312601
2024-08-16 13:11:42,21250.0,600,Sell,232312602
2024-08-16 13:11:42,21250.0,1000,Sell,232312603
2024-08-16 13:11:42,21250.0,100,Sell,232312604
2024-08-16 13:11:42,21250.0,5500,Sell,232312605
2024-08-16 13:11:44,21300.0,1900,Buy,232312709
2024-08-16 13:11:44,21300.0,100,Buy,232312708
2024-08-16 13:11:45,21300.0,100,Buy,232312767
2024-08-16 13:11:56,21300.0,500,Buy,232313419
2024-08-16 13:12:03,21300.0,500,Buy,232313946
2024-08-16 13:12:04,21250.0,5000,Sell,232313995
2024-08-16 13:12:04,21250.0,300,Sell,232314000
2024-08-16 13:12:24,21250.0,4300,Sell,232315073
2024-08-16 13:12:24,21250.0,500,Sell,232315072
2024-08-16 13:12:24,21250.0,5000,Sell,232315071
2024-08-16 13:12:24,21250.0,1400,Sell,232315070
2024-08-16 13:12:24,21250.0,500,Sell,232315069
2024-08-16 13:12:24,21250.0,200,Sell,232315067
2024-08-16 13:12:24,21250.0,100,Sell,232315066
2024-08-16 13:12:24,21250.0,1300,Sell,232315065
2024-08-16 13:12:24,21250.0,500,Sell,232315064
2024-08-16 13:12:24,21250.0,400,Sell,232315068
2024-08-16 13:12:24,21250.0,100,Sell,232315062
2024-08-16 13:12:24,21250.0,200,Sell,232315052
2024-08-16 13:12:24,21250.0,100,Sell,232315053
2024-08-16 13:12:24,21250.0,100,Sell,232315054
2024-08-16 13:12:24,21250.0,100,Sell,232315058
2024-08-16 13:12:24,21250.0,1000,Sell,232315051
2024-08-16 13:12:24,21250.0,500,Sell,232315059
2024-08-16 13:12:24,21250.0,2000,Sell,232315060
2024-08-16 13:12:24,21250.0,2000,Sell,232315061
2024-08-16 13:12:24,21250.0,9200,Sell,232315050
2024-08-16 13:12:24,21250.0,500,Sell,232315063
2024-08-16 13:12:26,21250.0,10700,Sell,232315129
2024-08-16 13:12:26,21250.0,7000,Sell,232315130
2024-08-16 13:12:26,21250.0,200,Sell,232315131
2024-08-16 13:12:30,21250.0,200,Buy,232315565
2024-08-16 13:12:30,21300.0,200,Buy,232315566
2024-08-16 13:12:35,21300.0,200,Buy,232315815
2024-08-16 13:12:41,21250.0,100,Sell,232316095
2024-08-16 13:12:42,21200.0,200,Sell,232316153
2024-08-16 13:12:42,21200.0,200,Sell,232316154
2024-08-16 13:12:42,21200.0,2000,Sell,232316151
2024-08-16 13:12:42,21200.0,100,Sell,232316150
2024-08-16 13:12:42,21250.0,400,Sell,232316149
2024-08-16 13:12:42,21200.0,100,Sell,232316152
2024-08-16 13:12:55,21250.0,1000,Buy,232316825
2024-08-16 13:13:05,21200.0,14500,Sell,232317475
2024-08-16 13:13:05,21200.0,200,Sell,232317476
2024-08-16 13:13:05,21200.0,100,Sell,232317477
2024-08-16 13:13:05,21200.0,15000,Sell,232317478
2024-08-16 13:13:05,21200.0,500,Sell,232317479
2024-08-16 13:13:05,21200.0,100,Sell,232317480
2024-08-16 13:13:05,21200.0,500,Sell,232317482
2024-08-16 13:13:05,21200.0,100,Sell,232317483
2024-08-16 13:13:05,21200.0,500,Sell,232317484
2024-08-16 13:13:05,21200.0,500,Sell,232317485
2024-08-16 13:13:05,21200.0,200,Sell,232317486
2024-08-16 13:13:05,21200.0,500,Sell,232317487
2024-08-16 13:13:05,21200.0,500,Sell,232317474
2024-08-16 13:13:05,21200.0,3600,Sell,232317481
2024-08-16 13:13:05,21200.0,1000,Sell,232317469
2024-08-16 13:13:05,21200.0,800,Sell,232317457
2024-08-16 13:13:05,21200.0,100,Sell,232317467
2024-08-16 13:13:05,21200.0,1000,Sell,232317468
2024-08-16 13:13:05,21200.0,100,Sell,232317454
2024-08-16 13:13:05,21200.0,100,Sell,232317455
2024-08-16 13:13:05,21200.0,3000,Sell,232317456
2024-08-16 13:13:05,21200.0,1800,Sell,232317453
2024-08-16 13:13:05,21200.0,200,Sell,232317459
2024-08-16 13:13:05,21200.0,700,Sell,232317458
2024-08-16 13:13:05,21200.0,7900,Sell,232317461
2024-08-16 13:13:05,21200.0,100,Sell,232317462
2024-08-16 13:13:05,21200.0,100,Sell,232317463
2024-08-16 13:13:05,21200.0,100,Sell,232317464
2024-08-16 13:13:05,21200.0,100,Sell,232317465
2024-08-16 13:13:05,21200.0,200,Sell,232317466
2024-08-16 13:13:05,21200.0,1000,Sell,232317460
2024-08-16 13:13:07,21150.0,5000,Sell,232317575
2024-08-16 13:13:07,21150.0,1000,Sell,232317579
2024-08-16 13:13:07,21150.0,200,Sell,232317578
2024-08-16 13:13:07,21150.0,500,Sell,232317576
2024-08-16 13:13:07,21150.0,100,Sell,232317574
2024-08-16 13:13:07,21150.0,100,Sell,232317577
2024-08-16 13:13:07,21150.0,100,Sell,232317572
2024-08-16 13:13:07,21150.0,1000,Sell,232317571
2024-08-16 13:13:07,21150.0,200,Sell,232317570
2024-08-16 13:13:07,21150.0,500,Sell,232317569
2024-08-16 13:13:07,21150.0,100,Sell,232317568
2024-08-16 13:13:07,21150.0,100,Sell,232317573
2024-08-16 13:13:08,21200.0,200,Buy,232317648
2024-08-16 13:13:13,21200.0,100,Buy,232317971
2024-08-16 13:13:26,21200.0,500,Buy,232318490
2024-08-16 13:13:27,21200.0,100,Buy,232318539
2024-08-16 13:13:36,21200.0,1000,Buy,232319047
2024-08-16 13:13:41,21100.0,100,Sell,232319348
2024-08-16 13:13:41,21100.0,500,Sell,232319350
2024-08-16 13:13:45,21150.0,100,Buy,232319711
2024-08-16 13:13:45,21200.0,400,Buy,232319712
2024-08-16 13:13:47,21200.0,100,Buy,232319772
2024-08-16 13:13:58,21100.0,300,Sell,232320434
2024-08-16 13:14:00,21150.0,100,Sell,232320516
2024-08-16 13:14:10,21150.0,100,Buy,232321121
2024-08-16 13:14:12,21100.0,300,Sell,232321218
2024-08-16 13:14:12,21100.0,500,Sell,232321217
2024-08-16 13:14:12,21100.0,500,Sell,232321216
2024-08-16 13:14:12,21100.0,200,Sell,232321213
2024-08-16 13:14:12,21100.0,1000,Sell,232321215
2024-08-16 13:14:12,21100.0,1600,Sell,232321214
2024-08-16 13:14:12,21100.0,1000,Sell,232321212
2024-08-16 13:14:12,21100.0,100,Sell,232321206
2024-08-16 13:14:12,21100.0,100,Sell,232321210
2024-08-16 13:14:12,21100.0,1500,Sell,232321211
2024-08-16 13:14:12,21100.0,200,Sell,232321203
2024-08-16 13:14:12,21100.0,100,Sell,232321204
2024-08-16 13:14:12,21100.0,300,Sell,232321205
2024-08-16 13:14:12,21100.0,100,Sell,232321207
2024-08-16 13:14:12,21100.0,1500,Sell,232321209
2024-08-16 13:14:12,21100.0,100,Sell,232321208
2024-08-16 13:14:13,21100.0,100,Buy,232321304
2024-08-16 13:14:15,21100.0,100,Buy,232321348
2024-08-16 13:14:17,21100.0,500,Buy,232321426
2024-08-16 13:14:17,21100.0,3000,Buy,232321437
2024-08-16 13:14:21,21100.0,500,Buy,232321751
2024-08-16 13:14:27,21100.0,500,Buy,232322018
2024-08-16 13:14:28,21100.0,100,Buy,232322040
2024-08-16 13:14:29,21100.0,30600,Buy,232322077
2024-08-16 13:14:29,21100.0,10000,Buy,232322117
2024-08-16 13:14:30,21100.0,2000,Buy,232322136
2024-08-16 13:14:30,21100.0,17100,Buy,232322135
2024-08-16 13:14:31,21100.0,2000,Sell,232322237
2024-08-16 13:14:31,21100.0,5000,Sell,232322213
2024-08-16 13:14:43,21150.0,4800,Buy,232322857
2024-08-16 13:14:43,21150.0,1800,Buy,232322858
2024-08-16 13:14:43,21150.0,3000,Buy,232322859
2024-08-16 13:14:44,21200.0,300,Buy,232322922
2024-08-16 13:14:44,21200.0,9700,Buy,232322923
2024-08-16 13:14:44,21150.0,500,Sell,232322931
2024-08-16 13:14:45,21150.0,1900,Sell,232322957
2024-08-16 13:14:45,21150.0,500,Sell,232322958
2024-08-16 13:15:12,21150.0,1700,Sell,232324187
2024-08-16 13:15:13,21150.0,100,Sell,232324216
2024-08-16 13:15:13,21150.0,100,Sell,232324215
2024-08-16 13:15:13,21150.0,9800,Sell,232324214
2024-08-16 13:15:16,21200.0,100,Buy,232324367
2024-08-16 13:15:21,21200.0,200,Buy,232324637
2024-08-16 13:15:21,21200.0,800,Buy,232324638
2024-08-16 13:15:25,21200.0,500,Buy,232324795
2024-08-16 13:15:26,21200.0,100,Buy,232324880
2024-08-16 13:15:30,21200.0,300,Buy,232325013
2024-08-16 13:15:32,21200.0,1300,Buy,232325122
2024-08-16 13:15:32,21200.0,1000,Buy,232325123
2024-08-16 13:15:32,21200.0,2700,Buy,232325124
2024-08-16 13:15:34,21200.0,300,Buy,232325224
2024-08-16 13:15:34,21200.0,500,Buy,232325227
2024-08-16 13:15:36,21200.0,1000,Sell,232325321
2024-08-16 13:15:41,21200.0,1000,Sell,232325651
2024-08-16 13:15:41,21200.0,100,Sell,232325652
2024-08-16 13:15:41,21200.0,3000,Sell,232325653
2024-08-16 13:15:41,21200.0,900,Sell,232325650
2024-08-16 13:15:48,21250.0,400,Buy,232326005
2024-08-16 13:16:01,21250.0,100,Buy,232326631
2024-08-16 13:16:01,21250.0,1000,Buy,232326632
2024-08-16 13:16:01,21250.0,100,Buy,232326633
2024-08-16 13:16:15,21250.0,100,Buy,232327357
2024-08-16 13:16:22,21250.0,200,Buy,232327615
2024-08-16 13:16:28,21250.0,1600,Buy,232327837
2024-08-16 13:16:28,21250.0,100,Buy,232327835
2024-08-16 13:16:28,21250.0,100,Buy,232327836
2024-08-16 13:16:33,21250.0,300,Buy,232328156
2024-08-16 13:16:34,21250.0,1000,Buy,232328208
2024-08-16 13:16:43,21250.0,3000,Buy,232328678
2024-08-16 13:16:46,21250.0,3000,Buy,232328930
2024-08-16 13:16:50,21250.0,2000,Buy,232329162
2024-08-16 13:16:50,21250.0,100,Buy,232329163
2024-08-16 13:16:50,21250.0,900,Buy,232329164
2024-08-16 13:16:51,21250.0,100,Buy,232329211
2024-08-16 13:16:51,21250.0,500,Buy,232329212
2024-08-16 13:16:51,21250.0,1400,Buy,232329213
2024-08-16 13:16:53,21250.0,500,Buy,232329292
2024-08-16 13:16:54,21250.0,800,Buy,232329376
2024-08-16 13:16:54,21250.0,2000,Buy,232329375
2024-08-16 13:16:54,21250.0,500,Buy,232329373
2024-08-16 13:16:54,21250.0,3100,Buy,232329372
2024-08-16 13:16:54,21250.0,500,Buy,232329374
2024-08-16 13:17:01,21250.0,100,Sell,232329633
2024-08-16 13:17:05,21250.0,1000,Sell,232329842
2024-08-16 13:17:08,21300.0,500,Buy,232329976
2024-08-16 13:17:08,21300.0,300,Buy,232329977
2024-08-16 13:17:08,21300.0,4200,Buy,232329978
2024-08-16 13:17:10,21300.0,1400,Buy,232330054
2024-08-16 13:17:10,21300.0,300,Buy,232330059
2024-08-16 13:17:10,21300.0,7000,Buy,232330058
2024-08-16 13:17:10,21300.0,200,Buy,232330057
2024-08-16 13:17:10,21300.0,500,Buy,232330056
2024-08-16 13:17:10,21300.0,200,Buy,232330055
2024-08-16 13:17:10,21300.0,900,Buy,232330053
2024-08-16 13:17:10,21300.0,200,Buy,232330049
2024-08-16 13:17:10,21300.0,5100,Buy,232330051
2024-08-16 13:17:10,21300.0,10000,Buy,232330050
2024-08-16 13:17:10,21300.0,500,Buy,232330048
2024-08-16 13:17:10,21300.0,2000,Buy,232330047
2024-08-16 13:17:10,21300.0,100,Buy,232330046
2024-08-16 13:17:10,21300.0,1500,Buy,232330045
2024-08-16 13:17:10,21300.0,800,Buy,232330043
2024-08-16 13:17:10,21300.0,1000,Buy,232330052
2024-08-16 13:17:17,21350.0,300,Buy,232330387
2024-08-16 13:17:17,21300.0,300,Sell,232330407
2024-08-16 13:17:20,21300.0,400,Sell,232330496
2024-08-16 13:17:24,21350.0,1800,Buy,232330628
2024-08-16 13:17:24,21350.0,5000,Buy,232330627
2024-08-16 13:17:24,21350.0,200,Buy,232330626
2024-08-16 13:17:32,21300.0,5000,Sell,232331064
2024-08-16 13:17:37,21350.0,300,Buy,232331240
2024-08-16 13:17:39,21350.0,300,Buy,232331362
2024-08-16 13:17:46,21300.0,2500,Sell,232331704
2024-08-16 13:17:46,21300.0,500,Sell,232331710
2024-08-16 13:17:46,21300.0,100,Sell,232331711
2024-08-16 13:17:46,21300.0,900,Sell,232331712
2024-08-16 13:17:52,21350.0,2000,Buy,232331864
2024-08-16 13:17:53,21300.0,5000,Sell,232331925
2024-08-16 13:17:54,21350.0,400,Buy,232331966
2024-08-16 13:17:54,21350.0,600,Buy,232331965
2024-08-16 13:18:02,21350.0,400,Buy,232332420
2024-08-16 13:18:07,21350.0,100,Buy,232332719
2024-08-16 13:18:09,21350.0,300,Buy,232332795
2024-08-16 13:18:14,21350.0,800,Buy,232333049
2024-08-16 13:18:14,21350.0,1200,Buy,232333050
2024-08-16 13:18:18,21300.0,500,Sell,232333248
2024-08-16 13:18:22,21350.0,1000,Buy,232333469
2024-08-16 13:18:29,21300.0,500,Sell,232333888
2024-08-16 13:18:39,21350.0,1000,Buy,232334382
2024-08-16 13:18:46,21350.0,1500,Buy,232334655
2024-08-16 13:18:46,21350.0,300,Buy,232334682
2024-08-16 13:18:47,21350.0,100,Buy,232334764
2024-08-16 13:18:52,21350.0,300,Buy,232335017
2024-08-16 13:18:52,21350.0,4700,Buy,232335018
2024-08-16 13:18:58,21350.0,1000,Buy,232335511
2024-08-16 13:19:02,21300.0,2000,Sell,232335662
2024-08-16 13:19:10,21300.0,600,Sell,232335977
2024-08-16 13:19:10,21300.0,500,Sell,232335978
2024-08-16 13:19:10,21300.0,500,Sell,232335979
2024-08-16 13:19:10,21300.0,200,Sell,232335980
2024-08-16 13:19:10,21300.0,200,Sell,232335981
2024-08-16 13:19:11,21300.0,100,Sell,232336028
2024-08-16 13:19:11,21300.0,2100,Sell,232336029
2024-08-16 13:19:11,21300.0,1000,Sell,232336027
2024-08-16 13:19:11,21300.0,300,Sell,232336022
2024-08-16 13:19:11,21300.0,300,Sell,232336025
2024-08-16 13:19:11,21300.0,800,Sell,232336024
2024-08-16 13:19:11,21300.0,2600,Sell,232336023
2024-08-16 13:19:11,21300.0,200,Sell,232336026
2024-08-16 13:19:14,21300.0,7900,Sell,232336143
2024-08-16 13:19:14,21300.0,1000,Sell,232336144
2024-08-16 13:19:14,21300.0,5000,Sell,232336145
2024-08-16 13:19:14,21300.0,100,Sell,232336146
2024-08-16 13:19:16,21300.0,500,Buy,232336264
2024-08-16 13:19:17,21300.0,100,Buy,232336283
2024-08-16 13:19:18,21300.0,200,Buy,232336303
2024-08-16 13:19:19,21300.0,300,Buy,232336331
2024-08-16 13:19:19,21300.0,1200,Buy,232336329
2024-08-16 13:19:19,21300.0,3500,Buy,232336330
2024-08-16 13:19:31,21300.0,100,Buy,232336988
2024-08-16 13:19:31,21300.0,200,Buy,232336989
2024-08-16 13:19:33,21300.0,300,Buy,232337091
2024-08-16 13:19:40,21300.0,200,Sell,232337437
2024-08-16 13:19:52,21250.0,100,Sell,232338103
2024-08-16 13:19:52,21300.0,800,Buy,232338152
2024-08-16 13:19:52,21300.0,2200,Buy,232338153
2024-08-16 13:20:03,21250.0,4900,Sell,232338612
2024-08-16 13:20:03,21250.0,100,Sell,232338613
2024-08-16 13:20:15,21300.0,100,Buy,232339122
2024-08-16 13:20:15,21300.0,300,Buy,232339123
2024-08-16 13:20:25,21250.0,100,Sell,232339518
2024-08-16 13:20:29,21300.0,500,Buy,232339733
2024-08-16 13:20:36,21250.0,500,Sell,232340091
2024-08-16 13:20:40,21250.0,200,Sell,232340463
2024-08-16 13:20:40,21250.0,300,Sell,232340460
2024-08-16 13:20:40,21250.0,500,Sell,232340461
2024-08-16 13:20:40,21250.0,1000,Sell,232340462
2024-08-16 13:21:00,21300.0,300,Buy,232341465
2024-08-16 13:21:21,21300.0,900,Buy,232342530
2024-08-16 13:21:21,21300.0,1000,Buy,232342531
2024-08-16 13:21:21,21300.0,100,Buy,232342532
2024-08-16 13:21:29,21300.0,400,Buy,232342927
2024-08-16 13:21:32,21250.0,300,Sell,232342995
2024-08-16 13:21:32,21250.0,200,Sell,232342996
2024-08-16 13:21:32,21250.0,1000,Sell,232342997
2024-08-16 13:21:32,21250.0,3300,Sell,232342998
2024-08-16 13:21:41,21250.0,300,Buy,232343386
2024-08-16 13:21:41,21250.0,100,Sell,232343379
2024-08-16 13:21:41,21250.0,100,Sell,232343376
2024-08-16 13:21:41,21250.0,1200,Sell,232343377
2024-08-16 13:21:41,21250.0,100,Sell,232343378
2024-08-16 13:21:41,21250.0,7700,Sell,232343375
2024-08-16 13:21:44,21250.0,300,Buy,232343468
2024-08-16 13:21:49,21250.0,2000,Buy,232343731
2024-08-16 13:21:52,21250.0,500,Buy,232343887
2024-08-16 13:21:53,21250.0,100,Buy,232343939
2024-08-16 13:21:55,21250.0,1000,Buy,232344041
2024-08-16 13:22:02,21250.0,200,Buy,232344369
2024-08-16 13:22:05,21250.0,3000,Buy,232344459
2024-08-16 13:22:06,21250.0,600,Buy,232344491
2024-08-16 13:22:15,21250.0,2800,Buy,232344869
2024-08-16 13:22:15,21250.0,100,Buy,232344870
2024-08-16 13:22:15,21250.0,1500,Buy,232344871
2024-08-16 13:22:15,21250.0,7100,Buy,232344872
2024-08-16 13:22:20,21250.0,500,Sell,232345044
2024-08-16 13:22:21,21250.0,1000,Sell,232345091
2024-08-16 13:22:29,21300.0,100,Buy,232345576
2024-08-16 13:22:29,21300.0,300,Buy,232345577
2024-08-16 13:22:30,21250.0,2000,Sell,232345635
2024-08-16 13:22:37,21250.0,1000,Sell,232345922
2024-08-16 13:22:40,21250.0,3000,Sell,232346073
2024-08-16 13:22:40,21200.0,500,Sell,232346105
2024-08-16 13:22:40,21200.0,1100,Sell,232346106
2024-08-16 13:22:40,21200.0,1000,Sell,232346107
2024-08-16 13:22:40,21200.0,100,Sell,232346108
2024-08-16 13:22:40,21200.0,300,Sell,232346109
2024-08-16 13:22:59,21200.0,300,Sell,232347070
2024-08-16 13:23:12,21200.0,100,Sell,232347754
2024-08-16 13:23:13,21300.0,300,Buy,232347796
2024-08-16 13:23:42,21200.0,2000,Sell,232349116
2024-08-16 13:23:58,21300.0,300,Buy,232349878
2024-08-16 13:24:19,21200.0,11000,Sell,232350989
2024-08-16 13:24:25,21200.0,200,Sell,232351185
2024-08-16 13:24:43,21300.0,400,Buy,232351783
2024-08-16 13:24:48,21200.0,2000,Sell,232351967
2024-08-16 13:24:50,21250.0,100,Buy,232352067
2024-08-16 13:25:27,21250.0,300,Buy,232353669
2024-08-16 13:25:29,21250.0,100,Buy,232353740
2024-08-16 13:25:32,21200.0,3400,Sell,232353874
2024-08-16 13:25:35,21250.0,300,Buy,232353936
2024-08-16 13:25:45,21200.0,700,Sell,232354293
2024-08-16 13:25:45,21200.0,900,Sell,232354294
2024-08-16 13:25:47,21200.0,19700,Sell,232354380
2024-08-16 13:25:47,21200.0,100,Sell,232354379
2024-08-16 13:25:47,21200.0,10000,Sell,232354377
2024-08-16 13:25:47,21200.0,100,Sell,232354376
2024-08-16 13:25:47,21200.0,100,Sell,232354378
2024-08-16 13:26:00,21200.0,300,Sell,232354924
2024-08-16 13:26:00,21200.0,100,Sell,232354925
2024-08-16 13:26:03,21200.0,300,Sell,232355139
2024-08-16 13:26:03,21200.0,1500,Sell,232355138
2024-08-16 13:26:03,21200.0,500,Sell,232355137
2024-08-16 13:26:03,21200.0,20000,Sell,232355136
2024-08-16 13:26:03,21200.0,500,Sell,232355131
2024-08-16 13:26:03,21200.0,26000,Sell,232355135
2024-08-16 13:26:03,21200.0,100,Sell,232355134
2024-08-16 13:26:03,21200.0,100,Sell,232355133
2024-08-16 13:26:03,21200.0,400,Sell,232355132
2024-08-16 13:26:03,21200.0,300,Sell,232355130
2024-08-16 13:26:03,21200.0,500,Sell,232355123
2024-08-16 13:26:03,21200.0,500,Sell,232355128
2024-08-16 13:26:03,21200.0,100,Sell,232355129
2024-08-16 13:26:03,21200.0,200,Sell,232355119
2024-08-16 13:26:03,21200.0,200,Sell,232355121
2024-08-16 13:26:03,21200.0,2000,Sell,232355122
2024-08-16 13:26:03,21200.0,500,Sell,232355120
2024-08-16 13:26:03,21200.0,500,Sell,232355125
2024-08-16 13:26:03,21200.0,100,Sell,232355124
2024-08-16 13:26:03,21200.0,700,Sell,232355127
2024-08-16 13:26:03,21200.0,100,Sell,232355126
2024-08-16 13:26:12,21200.0,300,Buy,232355467
2024-08-16 13:26:13,21200.0,400,Buy,232355497
2024-08-16 13:26:13,21200.0,100,Buy,232355496
2024-08-16 13:26:34,21150.0,400,Sell,232356246
2024-08-16 13:26:34,21150.0,500,Sell,232356247
2024-08-16 13:26:34,21150.0,500,Sell,232356248
2024-08-16 13:26:34,21150.0,200,Sell,232356249
2024-08-16 13:26:34,21150.0,1400,Sell,232356250
2024-08-16 13:26:41,21200.0,100,Buy,232356472
2024-08-16 13:26:41,21200.0,100,Buy,232356473
2024-08-16 13:26:43,21200.0,200,Buy,232356578
2024-08-16 13:26:43,21200.0,300,Buy,232356576
2024-08-16 13:26:43,21200.0,1000,Buy,232356577
2024-08-16 13:26:43,21200.0,900,Buy,232356575
2024-08-16 13:26:56,21250.0,400,Buy,232357067
2024-08-16 13:26:57,21200.0,300,Sell,232357135
2024-08-16 13:27:01,21200.0,300,Sell,232357301
2024-08-16 13:27:01,21200.0,100,Sell,232357302
2024-08-16 13:27:08,21200.0,2200,Buy,232357668
2024-08-16 13:27:11,21200.0,2800,Sell,232357837
2024-08-16 13:27:35,21200.0,100,Buy,232358848
2024-08-16 13:27:35,21150.0,1500,Sell,232358837
2024-08-16 13:27:36,21200.0,1400,Buy,232358854
2024-08-16 13:27:41,21200.0,300,Buy,232359026
2024-08-16 13:27:47,21200.0,100,Buy,232359359
2024-08-16 13:27:47,21200.0,400,Buy,232359358
2024-08-16 13:27:50,21200.0,1000,Buy,232359473
2024-08-16 13:27:50,21200.0,500,Buy,232359474
2024-08-16 13:27:50,21200.0,500,Buy,232359475
2024-08-16 13:28:05,21150.0,100,Sell,232360021
2024-08-16 13:28:23,21150.0,500,Sell,232360736
2024-08-16 13:28:25,21200.0,100,Buy,232360850
2024-08-16 13:28:25,21200.0,200,Buy,232360851
2024-08-16 13:28:45,21200.0,400,Buy,232361823
2024-08-16 13:28:45,21200.0,100,Buy,232361822
2024-08-16 13:29:04,21200.0,3000,Buy,232362642
2024-08-16 13:29:10,21200.0,400,Buy,232362933
2024-08-16 13:29:31,21200.0,1200,Buy,232363705
2024-08-16 13:29:31,21200.0,1100,Buy,232363706
2024-08-16 13:29:51,21150.0,200,Sell,232364656
2024-08-16 13:29:54,21200.0,300,Buy,232364842
2024-08-16 13:30:30,21150.0,100,Sell,232366791
2024-08-16 13:30:30,21150.0,200,Sell,232366790
2024-08-16 13:30:30,21150.0,100,Sell,232366789
2024-08-16 13:30:30,21150.0,200,Sell,232366792
2024-08-16 13:30:30,21150.0,100,Sell,232366787
2024-08-16 13:30:30,21150.0,200,Sell,232366788
2024-08-16 13:30:30,21150.0,100,Sell,232366784
2024-08-16 13:30:30,21150.0,2000,Sell,232366786
2024-08-16 13:30:30,21150.0,21300,Sell,232366780
2024-08-16 13:30:30,21150.0,100,Sell,232366785
2024-08-16 13:30:30,21150.0,1000,Sell,232366782
2024-08-16 13:30:30,21150.0,200,Sell,232366781
2024-08-16 13:30:30,21150.0,1000,Sell,232366783
2024-08-16 13:30:39,21200.0,300,Buy,232367391
2024-08-16 13:30:52,21150.0,9000,Sell,232367856
2024-08-16 13:30:56,21150.0,600,Sell,232368000
2024-08-16 13:30:57,21150.0,1000,Sell,232368088
2024-08-16 13:30:58,21200.0,200,Buy,232368130
2024-08-16 13:31:14,21200.0,1000,Buy,232368712
2024-08-16 13:31:15,21150.0,3400,Sell,232368764
2024-08-16 13:31:23,21150.0,400,Buy,232369084
2024-08-16 13:31:25,21150.0,1200,Buy,232369180
2024-08-16 13:31:25,21150.0,500,Buy,232369181
2024-08-16 13:31:26,21150.0,100,Sell,232369199
2024-08-16 13:31:38,21150.0,4000,Sell,232369863
2024-08-16 13:31:45,21150.0,10000,Sell,232370152
2024-08-16 13:31:46,21150.0,200,Sell,232370223
2024-08-16 13:31:57,21150.0,100,Sell,232370815
2024-08-16 13:32:08,21200.0,300,Buy,232371328
2024-08-16 13:32:23,21200.0,200,Buy,232372120
2024-08-16 13:32:27,21200.0,5000,Buy,232372360
2024-08-16 13:32:27,21200.0,1000,Buy,232372359
2024-08-16 13:32:27,21200.0,500,Buy,232372358
2024-08-16 13:32:27,21200.0,400,Buy,232372351
2024-08-16 13:32:27,21200.0,1000,Buy,232372357
2024-08-16 13:32:27,21200.0,200,Buy,232372361
2024-08-16 13:32:27,21200.0,500,Buy,232372356
2024-08-16 13:32:27,21200.0,200,Buy,232372355
2024-08-16 13:32:27,21200.0,100,Buy,232372354
2024-08-16 13:32:27,21200.0,5000,Buy,232372353
2024-08-16 13:32:27,21200.0,1000,Buy,232372352
2024-08-16 13:32:27,21200.0,1000,Buy,232372350
2024-08-16 13:32:27,21200.0,100,Buy,232372341
2024-08-16 13:32:27,21200.0,300,Buy,232372348
2024-08-16 13:32:27,21200.0,100,Buy,232372336
2024-08-16 13:32:27,21200.0,3000,Buy,232372337
2024-08-16 13:32:27,21200.0,1000,Buy,232372349
2024-08-16 13:32:27,21200.0,500,Buy,232372340
2024-08-16 13:32:27,21200.0,100,Buy,232372342
2024-08-16 13:32:27,21200.0,100,Buy,232372338
2024-08-16 13:32:27,21200.0,500,Buy,232372344
2024-08-16 13:32:27,21200.0,5000,Buy,232372345
2024-08-16 13:32:27,21200.0,900,Buy,232372346
2024-08-16 13:32:27,21200.0,100,Buy,232372347
2024-08-16 13:32:27,21200.0,200,Buy,232372343
2024-08-16 13:32:27,21200.0,20000,Buy,232372339
2024-08-16 13:32:33,21200.0,2200,Sell,232372683
2024-08-16 13:32:33,21200.0,1100,Sell,232372684
2024-08-16 13:32:47,21200.0,200,Sell,232373289
2024-08-16 13:32:52,21250.0,300,Buy,232373530
2024-08-16 13:32:54,21200.0,1000,Sell,232373644
2024-08-16 13:32:58,21200.0,100,Sell,232373887
2024-08-16 13:32:58,21200.0,200,Sell,232373886
2024-08-16 13:32:59,21200.0,1000,Sell,232373928
2024-08-16 13:32:59,21200.0,2600,Sell,232373927
2024-08-16 13:33:10,21200.0,400,Buy,232374532
2024-08-16 13:33:11,21150.0,500,Sell,232374574
2024-08-16 13:33:32,21200.0,500,Buy,232375478
2024-08-16 13:33:32,21200.0,1500,Buy,232375479
2024-08-16 13:33:32,21200.0,1000,Buy,232375480
2024-08-16 13:33:32,21200.0,6000,Buy,232375477
2024-08-16 13:33:36,21200.0,1000,Sell,232375658
2024-08-16 13:33:37,21200.0,400,Buy,232375722
2024-08-16 13:33:40,21150.0,1000,Sell,232375887
2024-08-16 13:33:42,21200.0,2000,Buy,232376075
2024-08-16 13:33:56,21200.0,600,Buy,232376598
2024-08-16 13:34:00,21200.0,1000,Buy,232376747
2024-08-16 13:34:07,21150.0,300,Sell,232377047
2024-08-16 13:34:22,21200.0,300,Buy,232377607
2024-08-16 13:34:23,21200.0,100,Buy,232377639
2024-08-16 13:34:28,21200.0,100,Buy,232377811
2024-08-16 13:34:41,21200.0,100,Buy,232378248
2024-08-16 13:34:57,21200.0,1400,Buy,232378960
2024-08-16 13:35:02,21150.0,500,Sell,232379217
2024-08-16 13:35:02,21150.0,1600,Sell,232379218
2024-08-16 13:35:02,21150.0,200,Sell,232379219
2024-08-16 13:35:02,21150.0,2000,Sell,232379220
2024-08-16 13:35:02,21150.0,1200,Sell,232379221
2024-08-16 13:35:03,21200.0,100,Buy,232379266
2024-08-16 13:35:06,21200.0,300,Buy,232379383
2024-08-16 13:35:27,21200.0,1000,Buy,232380416
2024-08-16 13:35:28,21200.0,100,Buy,232380459
2024-08-16 13:35:51,21200.0,400,Buy,232381242
2024-08-16 13:36:05,21200.0,1000,Buy,232381882
2024-08-16 13:36:10,21200.0,100,Buy,232382091
2024-08-16 13:36:35,21200.0,300,Buy,232382972
2024-08-16 13:36:51,21200.0,900,Buy,232383613
2024-08-16 13:36:53,21150.0,1000,Sell,232383713
2024-08-16 13:37:20,21200.0,300,Buy,232384663
2024-08-16 13:37:26,21150.0,700,Sell,232384842
2024-08-16 13:37:33,21150.0,100,Sell,232385091
2024-08-16 13:37:33,21150.0,4000,Sell,232385090
2024-08-16 13:37:33,21150.0,500,Sell,232385089
2024-08-16 13:37:33,21150.0,1000,Sell,232385088
2024-08-16 13:37:33,21150.0,1000,Sell,232385087
2024-08-16 13:37:33,21150.0,100,Sell,232385086
2024-08-16 13:37:33,21150.0,1000,Sell,232385085
2024-08-16 13:37:33,21150.0,200,Sell,232385084
2024-08-16 13:37:33,21150.0,300,Sell,232385083
2024-08-16 13:37:33,21150.0,700,Sell,232385082
2024-08-16 13:37:33,21150.0,5000,Sell,232385080
2024-08-16 13:37:33,21150.0,2000,Sell,232385078
2024-08-16 13:37:33,21150.0,500,Sell,232385077
2024-08-16 13:37:33,21150.0,100,Sell,232385076
2024-08-16 13:37:33,21150.0,500,Sell,232385075
2024-08-16 13:37:33,21150.0,500,Sell,232385074
2024-08-16 13:37:33,21150.0,1000,Sell,232385073
2024-08-16 13:37:33,21150.0,7000,Sell,232385072
2024-08-16 13:37:33,21150.0,100,Sell,232385069
2024-08-16 13:37:33,21150.0,1000,Sell,232385081
2024-08-16 13:37:33,21150.0,200,Sell,232385079
2024-08-16 13:37:37,21150.0,600,Buy,232385240
2024-08-16 13:37:51,21150.0,1000,Buy,232385715
2024-08-16 13:37:51,21150.0,5000,Buy,232385714
2024-08-16 13:38:04,21150.0,300,Buy,232386227
2024-08-16 13:38:09,21150.0,1000,Buy,232386371
2024-08-16 13:38:24,21150.0,100,Buy,232386866
2024-08-16 13:38:30,21150.0,100,Buy,232387127
2024-08-16 13:38:37,21150.0,100,Buy,232387418
2024-08-16 13:38:49,21150.0,400,Buy,232387907
2024-08-16 13:38:49,21100.0,400,Sell,232387908
2024-08-16 13:38:49,21100.0,100,Sell,232387909
2024-08-16 13:38:53,21150.0,25000,Buy,232388004
2024-08-16 13:39:05,21150.0,100,Buy,232388461
2024-08-16 13:39:06,21150.0,6800,Buy,232388570
2024-08-16 13:39:16,21150.0,2000,Buy,232388998
2024-08-16 13:39:18,21150.0,2800,Buy,232389050
2024-08-16 13:39:22,21100.0,100,Sell,232389270
2024-08-16 13:39:22,21100.0,300,Sell,232389269
2024-08-16 13:39:22,21100.0,100,Sell,232389267
2024-08-16 13:39:22,21100.0,200,Sell,232389266
2024-08-16 13:39:22,21100.0,300,Sell,232389268
2024-08-16 13:39:26,21150.0,500,Buy,232389420
2024-08-16 13:39:28,21150.0,200,Buy,232389485
2024-08-16 13:39:33,21150.0,700,Buy,232389657
2024-08-16 13:39:33,21150.0,300,Buy,232389667
2024-08-16 13:39:36,21150.0,500,Buy,232389752
2024-08-16 13:39:39,21150.0,200,Buy,232389851
2024-08-16 13:39:45,21150.0,1000,Buy,232390226
2024-08-16 13:39:45,21150.0,200,Buy,232390247
2024-08-16 13:39:47,21150.0,2000,Buy,232390305
2024-08-16 13:39:56,21150.0,2500,Buy,232390732
2024-08-16 13:39:59,21150.0,100,Buy,232390912
2024-08-16 13:40:05,21150.0,2000,Buy,232391171
2024-08-16 13:40:06,21150.0,1300,Buy,232391218
2024-08-16 13:40:10,21150.0,100,Buy,232391390
2024-08-16 13:40:15,21150.0,4000,Buy,232391630
2024-08-16 13:40:16,21150.0,300,Buy,232391691
2024-08-16 13:40:18,21150.0,300,Buy,232391759
2024-08-16 13:40:21,21150.0,800,Buy,232391878
2024-08-16 13:40:24,21150.0,200,Buy,232391971
2024-08-16 13:40:28,21100.0,400,Sell,232392201
2024-08-16 13:40:28,21100.0,100,Sell,232392202
2024-08-16 13:40:40,21150.0,400,Buy,232392711
2024-08-16 13:40:47,21150.0,200,Buy,232392992
2024-08-16 13:40:48,21100.0,400,Sell,232393025
2024-08-16 13:40:54,21150.0,200,Buy,232393218
2024-08-16 13:40:54,21150.0,300,Buy,232393219
2024-08-16 13:40:55,21150.0,1500,Buy,232393276
2024-08-16 13:40:55,21150.0,100,Buy,232393275
2024-08-16 13:40:55,21150.0,100,Buy,232393274
2024-08-16 13:40:55,21150.0,200,Buy,232393272
2024-08-16 13:40:55,21150.0,200,Buy,232393266
2024-08-16 13:40:55,21150.0,100,Buy,232393273
2024-08-16 13:40:55,21150.0,200,Buy,232393267
2024-08-16 13:41:02,21150.0,400,Buy,232393641
2024-08-16 13:41:08,21150.0,100,Buy,232393875
2024-08-16 13:41:08,21150.0,200,Buy,232393877
2024-08-16 13:41:08,21150.0,100,Buy,232393878
2024-08-16 13:41:09,21100.0,500,Sell,232393964
2024-08-16 13:41:10,21150.0,100,Buy,232393999
2024-08-16 13:41:20,21150.0,300,Buy,232394339
2024-08-16 13:41:21,21150.0,500,Buy,232394370
2024-08-16 13:41:23,21150.0,200,Buy,232394454
2024-08-16 13:41:23,21150.0,100,Buy,232394455
2024-08-16 13:41:42,21150.0,700,Sell,232395169
2024-08-16 13:41:42,21150.0,5000,Sell,232395170
2024-08-16 13:41:42,21150.0,1000,Sell,232395171
2024-08-16 13:41:42,21150.0,1700,Sell,232395172
2024-08-16 13:41:42,21150.0,100,Sell,232395182
2024-08-16 13:41:42,21150.0,600,Sell,232395183
2024-08-16 13:41:47,21150.0,300,Buy,232395337
2024-08-16 13:41:49,21150.0,400,Buy,232395412
2024-08-16 13:41:51,21150.0,200,Buy,232395483
2024-08-16 13:42:10,21200.0,200,Buy,232396282
2024-08-16 13:42:19,21150.0,10000,Sell,232396797
2024-08-16 13:42:19,21150.0,200,Sell,232396796
2024-08-16 13:42:19,21150.0,100,Sell,232396795
2024-08-16 13:42:19,21150.0,1000,Sell,232396793
2024-08-16 13:42:19,21150.0,100,Sell,232396792
2024-08-16 13:42:19,21150.0,2400,Sell,232396791
2024-08-16 13:42:19,21150.0,100,Sell,232396794
2024-08-16 13:42:32,21150.0,300,Buy,232397316
2024-08-16 13:42:46,21150.0,300,Buy,232397875
2024-08-16 13:42:47,21150.0,500,Sell,232397901
2024-08-16 13:42:47,21150.0,200,Sell,232397923
2024-08-16 13:42:49,21150.0,2000,Buy,232398000
2024-08-16 13:43:08,21150.0,1000,Buy,232398583
2024-08-16 13:43:16,21150.0,400,Buy,232398991
2024-08-16 13:43:20,21150.0,700,Buy,232399114
2024-08-16 13:43:36,21150.0,100,Buy,232399706
2024-08-16 13:43:47,21150.0,500,Buy,232400110
2024-08-16 13:43:47,21150.0,100,Buy,232400109
2024-08-16 13:43:47,21150.0,300,Buy,232400111
2024-08-16 13:43:47,21150.0,19400,Buy,232400075
2024-08-16 13:43:47,21150.0,5000,Buy,232400074
2024-08-16 13:43:47,21150.0,600,Buy,232400073
2024-08-16 13:43:47,21150.0,600,Buy,232400108
2024-08-16 13:43:58,21150.0,100,Buy,232400417
2024-08-16 13:44:00,21150.0,400,Buy,232400454
2024-08-16 13:44:01,21150.0,300,Buy,232400485
2024-08-16 13:44:06,21150.0,200,Buy,232400635
2024-08-16 13:44:14,21150.0,500,Buy,232400920
2024-08-16 13:44:17,21150.0,1000,Buy,232401014
2024-08-16 13:44:25,21150.0,600,Buy,232401266
2024-08-16 13:44:30,21150.0,500,Buy,232401391
2024-08-16 13:44:36,21150.0,2000,Buy,232401585
2024-08-16 13:44:37,21150.0,700,Buy,232401595
2024-08-16 13:44:45,21150.0,300,Buy,232401866
2024-08-16 13:44:53,21150.0,1000,Buy,232402085
2024-08-16 13:45:16,21150.0,400,Buy,232402911
2024-08-16 13:45:30,21100.0,1600,Sell,232403522
2024-08-16 13:45:30,21100.0,100,Sell,232403521
2024-08-16 13:45:30,21100.0,1000,Sell,232403520
2024-08-16 13:45:30,21100.0,500,Sell,232403517
2024-08-16 13:45:30,21100.0,1000,Sell,232403518
2024-08-16 13:45:30,21150.0,400,Buy,232403508
2024-08-16 13:45:30,21100.0,500,Sell,232403519
2024-08-16 13:45:57,21100.0,100,Sell,232404551
2024-08-16 13:45:57,21100.0,400,Sell,232404554
2024-08-16 13:46:14,21150.0,300,Buy,232405259
2024-08-16 13:46:37,21150.0,500,Buy,232406171
2024-08-16 13:46:44,21150.0,100,Buy,232406439
2024-08-16 13:46:57,21150.0,400,Buy,232406967
2024-08-16 13:46:59,21100.0,200,Sell,232407022
2024-08-16 13:46:59,21150.0,200,Buy,232407035
2024-08-16 13:46:59,21150.0,100,Buy,232407034
2024-08-16 13:46:59,21100.0,1200,Sell,232407023
2024-08-16 13:46:59,21100.0,1000,Sell,232407021
2024-08-16 13:46:59,21100.0,1100,Sell,232407015
2024-08-16 13:46:59,21100.0,200,Sell,232407019
2024-08-16 13:46:59,21100.0,100,Sell,232407018
2024-08-16 13:46:59,21100.0,500,Sell,232407017
2024-08-16 13:46:59,21100.0,100,Sell,232407016
2024-08-16 13:46:59,21100.0,1700,Sell,232407020
2024-08-16 13:47:13,21100.0,500,Sell,232407549
2024-08-16 13:47:43,21150.0,400,Buy,232408885
2024-08-16 13:47:44,21100.0,400,Sell,232408904
2024-08-16 13:47:57,21100.0,500,Sell,232409427
2024-08-16 13:47:57,21100.0,100,Sell,232409428
2024-08-16 13:47:57,21100.0,500,Sell,232409429
2024-08-16 13:47:57,21100.0,500,Sell,232409430
2024-08-16 13:47:57,21100.0,5100,Sell,232409431
2024-08-16 13:47:57,21100.0,500,Sell,232409432
2024-08-16 13:47:57,21100.0,1000,Sell,232409438
2024-08-16 13:47:57,21100.0,400,Sell,232409437
2024-08-16 13:47:57,21100.0,200,Sell,232409425
2024-08-16 13:47:57,21100.0,100,Sell,232409439
2024-08-16 13:47:57,21100.0,800,Sell,232409440
2024-08-16 13:47:57,21100.0,700,Sell,232409441
2024-08-16 13:47:57,21100.0,100,Sell,232409442
2024-08-16 13:47:57,21100.0,300,Sell,232409436
2024-08-16 13:47:57,21100.0,300,Sell,232409424
2024-08-16 13:47:57,21100.0,200,Sell,232409426
2024-08-16 13:47:57,21100.0,100,Sell,232409422
2024-08-16 13:47:57,21100.0,47900,Sell,232409407
2024-08-16 13:47:57,21100.0,100,Sell,232409423
2024-08-16 13:47:57,21100.0,100,Sell,232409409
2024-08-16 13:47:57,21100.0,100,Sell,232409410
2024-08-16 13:47:57,21100.0,100,Sell,232409411
2024-08-16 13:47:57,21100.0,100,Sell,232409412
2024-08-16 13:47:57,21100.0,2800,Sell,232409413
2024-08-16 13:47:57,21100.0,100,Sell,232409408
2024-08-16 13:47:57,21100.0,500,Sell,232409415
2024-08-16 13:47:57,21100.0,300,Sell,232409416
2024-08-16 13:47:57,21100.0,600,Sell,232409417
2024-08-16 13:47:57,21100.0,500,Sell,232409418
2024-08-16 13:47:57,21100.0,100,Sell,232409419
2024-08-16 13:47:57,21100.0,400,Sell,232409420
2024-08-16 13:47:57,21100.0,200,Sell,232409421
2024-08-16 13:47:57,21100.0,25000,Sell,232409414
2024-08-16 13:47:58,21100.0,3000,Buy,232409492
2024-08-16 13:48:11,21100.0,500,Buy,232410049
2024-08-16 13:48:17,21100.0,100,Buy,232410240
2024-08-16 13:48:18,21100.0,1000,Buy,232410280
2024-08-16 13:48:19,21100.0,1100,Buy,232410332
2024-08-16 13:48:20,21100.0,500,Buy,232410344
2024-08-16 13:48:28,21100.0,200,Buy,232410593
2024-08-16 13:48:28,21100.0,300,Buy,232410601
2024-08-16 13:48:34,21100.0,500,Buy,232410809
2024-08-16 13:48:35,21050.0,200,Sell,232410870
2024-08-16 13:48:35,21050.0,100,Sell,232410871
2024-08-16 13:48:35,21050.0,200,Sell,232410872
2024-08-16 13:48:58,21050.0,100,Sell,232411694
2024-08-16 13:48:58,21050.0,800,Sell,232411692
2024-08-16 13:48:58,21050.0,100,Sell,232411693
2024-08-16 13:49:00,21050.0,300,Sell,232411738
2024-08-16 13:49:10,21050.0,400,Sell,232412043
2024-08-16 13:49:10,21050.0,600,Sell,232412042
2024-08-16 13:49:12,21100.0,300,Buy,232412157
2024-08-16 13:49:19,21100.0,1000,Buy,232412567
2024-08-16 13:49:20,21100.0,1000,Buy,232412593
2024-08-16 13:49:23,21100.0,2000,Buy,232412710
2024-08-16 13:49:33,21100.0,500,Buy,232413109
2024-08-16 13:49:47,21100.0,1500,Buy,232413623
2024-08-16 13:49:48,21100.0,300,Buy,232413627
2024-08-16 13:49:57,21100.0,400,Buy,232413971
2024-08-16 13:50:00,21100.0,3500,Buy,232414076
2024-08-16 13:50:00,21100.0,1500,Buy,232414077
2024-08-16 13:50:01,21100.0,100,Buy,232414081
2024-08-16 13:50:01,21100.0,300,Buy,232414094
2024-08-16 13:50:10,21100.0,200,Buy,232414417
2024-08-16 13:50:10,21100.0,100,Buy,232414415
2024-08-16 13:50:10,21100.0,200,Buy,232414416
2024-08-16 13:50:22,21050.0,100,Sell,232414798
2024-08-16 13:50:26,21050.0,1500,Sell,232414905
2024-08-16 13:50:26,21050.0,100,Sell,232414906
2024-08-16 13:50:26,21050.0,500,Sell,232414907
2024-08-16 13:50:26,21050.0,1200,Sell,232414908
2024-08-16 13:50:26,21050.0,16700,Sell,232414909
2024-08-16 13:50:41,21100.0,300,Buy,232415896
2024-08-16 13:50:59,21100.0,1200,Buy,232416566
2024-08-16 13:50:59,21100.0,600,Buy,232416567
2024-08-16 13:50:59,21100.0,500,Buy,232416568
2024-08-16 13:50:59,21100.0,100,Buy,232416569
2024-08-16 13:50:59,21100.0,500,Buy,232416570
2024-08-16 13:50:59,21100.0,100,Buy,232416571
2024-08-16 13:51:09,21050.0,200,Sell,232417022
2024-08-16 13:51:10,21100.0,1000,Buy,232417038
2024-08-16 13:51:10,21100.0,1900,Buy,232417041
2024-08-16 13:51:10,21100.0,4900,Buy,232417037
2024-08-16 13:51:10,21100.0,2000,Buy,232417039
2024-08-16 13:51:10,21100.0,200,Buy,232417040
2024-08-16 13:51:12,21100.0,700,Buy,232417111
2024-08-16 13:51:14,21100.0,100,Buy,232417141
2024-08-16 13:51:22,21100.0,300,Buy,232417348
2024-08-16 13:51:22,21100.0,500,Buy,232417349
2024-08-16 13:51:22,21100.0,2800,Buy,232417350
2024-08-16 13:51:22,21100.0,1100,Buy,232417351
2024-08-16 13:51:22,21100.0,100,Buy,232417352
2024-08-16 13:51:26,21150.0,300,Buy,232417513
2024-08-16 13:51:26,21100.0,200,Sell,232417514
2024-08-16 13:51:26,21100.0,1800,Sell,232417515
2024-08-16 13:51:29,21100.0,200,Sell,232417697
2024-08-16 13:51:29,21100.0,800,Sell,232417698
2024-08-16 13:51:48,21100.0,1000,Sell,232418557
2024-08-16 13:51:48,21100.0,200,Sell,232418556
2024-08-16 13:51:49,21100.0,900,Buy,232418573
2024-08-16 13:51:51,21100.0,700,Buy,232418623
2024-08-16 13:52:08,21100.0,500,Buy,232419193
2024-08-16 13:52:11,21100.0,400,Buy,232419261
2024-08-16 13:52:12,21100.0,500,Buy,232419281
2024-08-16 13:52:12,21100.0,400,Buy,232419541
2024-08-16 13:52:19,21100.0,500,Buy,232419922
2024-08-16 13:52:25,21050.0,100,Sell,232420118
2024-08-16 13:52:25,21100.0,1000,Buy,232420104
2024-08-16 13:52:25,21050.0,1000,Sell,232420116
2024-08-16 13:52:25,21050.0,300,Sell,232420117
2024-08-16 13:52:27,21100.0,300,Buy,232420158
2024-08-16 13:52:29,21100.0,100,Buy,232420223
2024-08-16 13:52:30,21100.0,2000,Buy,232420258
2024-08-16 13:52:37,21100.0,200,Buy,232420548
2024-08-16 13:52:37,21100.0,1000,Buy,232420539
2024-08-16 13:52:39,21100.0,300,Buy,232420617
2024-08-16 13:52:39,21100.0,300,Buy,232420618
2024-08-16 13:52:42,21100.0,2700,Buy,232420720
2024-08-16 13:52:42,21100.0,900,Buy,232420721
2024-08-16 13:52:42,21100.0,200,Buy,232420722
2024-08-16 13:52:54,21100.0,1200,Sell,232421301
2024-08-16 13:52:54,21100.0,800,Sell,232421302
2024-08-16 13:52:55,21150.0,300,Buy,232421353
2024-08-16 13:53:09,21150.0,100,Buy,232421932
2024-08-16 13:53:17,21150.0,400,Buy,232422146
2024-08-16 13:53:34,21100.0,200,Sell,232422709
2024-08-16 13:53:34,21100.0,1800,Sell,232422710
2024-08-16 13:53:39,21150.0,500,Buy,232422884
2024-08-16 13:53:40,21150.0,300,Buy,232422921
2024-08-16 13:53:47,21100.0,1200,Sell,232423165
2024-08-16 13:53:47,21100.0,100,Sell,232423166
2024-08-16 13:53:47,21100.0,700,Sell,232423167
2024-08-16 13:53:54,21100.0,300,Sell,232423373
2024-08-16 13:53:54,21100.0,200,Sell,232423374
2024-08-16 13:54:01,21100.0,800,Sell,232423676
2024-08-16 13:54:01,21100.0,200,Sell,232423677
2024-08-16 13:54:07,21150.0,1000,Buy,232423986
2024-08-16 13:54:14,21100.0,800,Sell,232424350
2024-08-16 13:54:14,21100.0,500,Sell,232424351
2024-08-16 13:54:14,21100.0,100,Sell,232424352
2024-08-16 13:54:14,21100.0,5000,Sell,232424353
2024-08-16 13:54:14,21100.0,3600,Sell,232424354
2024-08-16 13:54:24,21150.0,400,Buy,232424907
2024-08-16 13:54:32,21150.0,200,Buy,232425631
2024-08-16 13:54:32,21150.0,20000,Buy,232425632
2024-08-16 13:54:32,21150.0,3900,Buy,232425633
2024-08-16 13:54:32,21150.0,1100,Buy,232425630
2024-08-16 13:55:02,21100.0,1000,Sell,232427035
2024-08-16 13:55:09,21150.0,300,Buy,232427416
2024-08-16 13:55:21,21150.0,300,Buy,232427923
2024-08-16 13:55:34,21150.0,500,Buy,232428617
2024-08-16 13:55:34,21150.0,300,Buy,232428618
2024-08-16 13:55:45,21150.0,200,Buy,232429261
2024-08-16 13:55:45,21150.0,600,Buy,232429262
2024-08-16 13:55:53,21150.0,300,Buy,232429506
2024-08-16 13:56:02,21150.0,100,Buy,232429988
2024-08-16 13:56:10,21150.0,500,Buy,232430276
2024-08-16 13:56:15,21150.0,500,Buy,232430487
2024-08-16 13:56:27,21150.0,100,Buy,232430925
2024-08-16 13:56:38,21150.0,100,Buy,232431457
2024-08-16 13:56:38,21150.0,300,Buy,232431456
2024-08-16 13:57:03,21150.0,100,Buy,232432360
2024-08-16 13:57:05,21150.0,100,Buy,232432481
2024-08-16 13:57:12,21100.0,400,Sell,232432725
2024-08-16 13:57:22,21150.0,300,Buy,232433152
2024-08-16 13:57:26,21150.0,1000,Buy,232433314
2024-08-16 13:57:29,21150.0,500,Buy,232433419
2024-08-16 13:57:35,21150.0,500,Buy,232433618
2024-08-16 13:57:35,21100.0,2500,Sell,232433621
2024-08-16 13:57:35,21150.0,10000,Buy,232433620
2024-08-16 13:57:35,21150.0,100,Buy,232433619
2024-08-16 13:57:35,21150.0,100,Buy,232433617
2024-08-16 13:57:35,21150.0,500,Buy,232433611
2024-08-16 13:57:35,21150.0,500,Buy,232433615
2024-08-16 13:57:35,21150.0,300,Buy,232433614
2024-08-16 13:57:35,21150.0,1400,Buy,232433613
2024-08-16 13:57:35,21150.0,100,Buy,232433612
2024-08-16 13:57:35,21150.0,500,Buy,232433616
2024-08-16 13:58:07,21150.0,300,Buy,232434790
2024-08-16 13:58:14,21100.0,5000,Sell,232435000
2024-08-16 13:58:26,21100.0,100,Sell,232435401
2024-08-16 13:58:36,21100.0,1000,Sell,232435814
2024-08-16 13:58:50,21150.0,100,Buy,232436291
2024-08-16 13:58:50,21150.0,500,Buy,232436289
2024-08-16 13:58:50,21150.0,1000,Buy,232436290
2024-08-16 13:58:50,21150.0,1000,Buy,232436287
2024-08-16 13:58:50,21150.0,200,Buy,232436282
2024-08-16 13:58:50,21150.0,200,Buy,232436288
2024-08-16 13:58:51,21150.0,300,Buy,232436330
2024-08-16 13:59:03,21150.0,100,Buy,232436693
2024-08-16 13:59:28,21150.0,100,Buy,232437744
2024-08-16 13:59:36,21150.0,400,Buy,232438089
2024-08-16 13:59:39,21150.0,200,Buy,232438171
2024-08-16 13:59:47,21100.0,600,Sell,232438455
2024-08-16 13:59:47,21100.0,100,Sell,232438460
2024-08-16 13:59:47,21100.0,1000,Sell,232438459
2024-08-16 13:59:47,21100.0,500,Sell,232438457
2024-08-16 13:59:47,21100.0,100,Sell,232438456
2024-08-16 13:59:47,21100.0,4000,Sell,232438454
2024-08-16 13:59:47,21100.0,400,Sell,232438458
2024-08-16 13:59:47,21100.0,100,Sell,232438452
2024-08-16 13:59:47,21100.0,200,Sell,232438451
2024-08-16 13:59:47,21100.0,1500,Sell,232438450
2024-08-16 13:59:47,21100.0,37400,Sell,232438447
2024-08-16 13:59:47,21100.0,100,Sell,232438449
2024-08-16 13:59:47,21100.0,2000,Sell,232438448
2024-08-16 13:59:47,21100.0,2000,Sell,232438453
2024-08-16 13:59:54,21100.0,900,Sell,232438718
2024-08-16 13:59:54,21100.0,500,Sell,232438719
2024-08-16 13:59:54,21100.0,300,Sell,232438720
2024-08-16 13:59:54,21100.0,600,Sell,232438721
2024-08-16 13:59:54,21100.0,1000,Sell,232438722
2024-08-16 14:00:22,21100.0,100,Buy,232439779
2024-08-16 14:00:32,21100.0,200,Buy,232440215
2024-08-16 14:00:32,21050.0,100,Sell,232440223
2024-08-16 14:00:37,21100.0,1000,Buy,232440414
2024-08-16 14:00:37,21100.0,1500,Buy,232440413
2024-08-16 14:00:37,21100.0,5000,Buy,232440411
2024-08-16 14:00:37,21100.0,16400,Buy,232440410
2024-08-16 14:00:37,21100.0,1000,Buy,232440412
2024-08-16 14:00:38,21100.0,200,Sell,232440426
2024-08-16 14:00:47,21100.0,100,Sell,232440830
2024-08-16 14:00:52,21100.0,20000,Sell,232441023
2024-08-16 14:01:04,21150.0,600,Buy,232441403
2024-08-16 14:02:21,21100.0,1000,Sell,232444016
2024-08-16 14:02:52,21100.0,100,Sell,232445135
2024-08-16 14:02:59,21100.0,1000,Sell,232445396
2024-08-16 14:03:05,21100.0,2000,Sell,232445598
2024-08-16 14:03:06,21100.0,700,Sell,232445603
2024-08-16 14:03:06,21100.0,1000,Sell,232445604
2024-08-16 14:03:08,21100.0,1000,Sell,232445675
2024-08-16 14:03:08,21100.0,500,Sell,232445678
2024-08-16 14:03:08,21100.0,300,Sell,232445677
2024-08-16 14:03:08,21100.0,500,Sell,232445676
2024-08-16 14:03:08,21100.0,100,Sell,232445674
2024-08-16 14:03:08,21100.0,19000,Sell,232445668
2024-08-16 14:03:08,21100.0,100,Sell,232445672
2024-08-16 14:03:08,21100.0,100,Sell,232445671
2024-08-16 14:03:08,21100.0,1000,Sell,232445670
2024-08-16 14:03:08,21100.0,2000,Sell,232445669
2024-08-16 14:03:08,21100.0,1000,Sell,232445673
2024-08-16 14:03:11,21100.0,100,Buy,232445838
2024-08-16 14:03:18,21100.0,800,Buy,232446112
2024-08-16 14:03:23,21100.0,100,Buy,232446331
2024-08-16 14:03:27,21100.0,600,Buy,232446436
2024-08-16 14:03:28,21100.0,500,Buy,232446484
2024-08-16 14:03:34,21100.0,100,Buy,232446674
2024-08-16 14:03:39,21050.0,1000,Sell,232446874
2024-08-16 14:03:40,21100.0,100,Buy,232446907
2024-08-16 14:03:53,21100.0,100,Buy,232447410
2024-08-16 14:03:53,21100.0,1000,Buy,232447409
2024-08-16 14:03:53,21100.0,600,Buy,232447407
2024-08-16 14:03:53,21100.0,2100,Buy,232447406
2024-08-16 14:03:53,21100.0,1200,Buy,232447408
2024-08-16 14:04:00,21100.0,300,Buy,232447643
2024-08-16 14:04:00,21100.0,4700,Buy,232447644
2024-08-16 14:04:11,21100.0,100,Buy,232447979
2024-08-16 14:04:12,21100.0,900,Buy,232448027
2024-08-16 14:04:19,21100.0,5000,Buy,232448231
2024-08-16 14:04:25,21100.0,100,Buy,232448570
2024-08-16 14:04:34,21100.0,5000,Buy,232448912
2024-08-16 14:04:39,21100.0,2000,Buy,232449132
2024-08-16 14:04:49,21100.0,300,Buy,232449588
2024-08-16 14:04:49,21100.0,1800,Buy,232449583
2024-08-16 14:04:49,21100.0,500,Buy,232449584
2024-08-16 14:04:49,21100.0,200,Buy,232449585
2024-08-16 14:04:50,21100.0,700,Sell,232449613
2024-08-16 14:04:50,21100.0,1000,Buy,232449614
2024-08-16 14:04:51,21100.0,200,Buy,232449637
2024-08-16 14:04:51,21100.0,2000,Buy,232449676
2024-08-16 14:05:03,21100.0,1000,Buy,232450022
2024-08-16 14:05:03,21100.0,2300,Buy,232450043
2024-08-16 14:05:05,21100.0,500,Buy,232450114
2024-08-16 14:05:07,21100.0,200,Buy,232450169
2024-08-16 14:05:21,21100.0,2500,Buy,232450654
2024-08-16 14:05:21,21100.0,2000,Buy,232450655
2024-08-16 14:05:34,21100.0,200,Sell,232451166
2024-08-16 14:05:34,21100.0,200,Sell,232451165
2024-08-16 14:05:34,21100.0,500,Sell,232451162
2024-08-16 14:05:34,21100.0,200,Sell,232451163
2024-08-16 14:05:34,21100.0,100,Sell,232451164
2024-08-16 14:05:38,21100.0,1000,Buy,232451264
2024-08-16 14:05:40,21100.0,1000,Buy,232451338
2024-08-16 14:05:43,21100.0,1000,Buy,232451455
2024-08-16 14:05:55,21100.0,1000,Buy,232451756
2024-08-16 14:05:58,21100.0,1000,Buy,232451857
2024-08-16 14:05:59,21100.0,500,Buy,232451881
2024-08-16 14:05:59,21100.0,3400,Buy,232451879
2024-08-16 14:05:59,21100.0,4300,Buy,232451880
2024-08-16 14:06:11,21100.0,700,Sell,232452226
2024-08-16 14:06:11,21100.0,800,Sell,232452224
2024-08-16 14:06:11,21100.0,500,Sell,232452225
2024-08-16 14:06:22,21100.0,800,Sell,232452667
2024-08-16 14:06:22,21100.0,100,Sell,232452668
2024-08-16 14:06:28,21100.0,500,Buy,232452819
2024-08-16 14:06:34,21100.0,2000,Buy,232452975
2024-08-16 14:06:45,21100.0,200,Buy,232453335
2024-08-16 14:07:12,21100.0,3000,Buy,232454525
2024-08-16 14:07:27,21100.0,100,Buy,232455135
2024-08-16 14:07:28,21100.0,300,Buy,232455168
2024-08-16 14:07:38,21100.0,100,Buy,232455421
2024-08-16 14:07:42,21050.0,100,Sell,232455509
2024-08-16 14:08:08,21050.0,200,Sell,232456286
2024-08-16 14:08:18,21100.0,1000,Buy,232456585
2024-08-16 14:08:27,21050.0,100,Sell,232456857
2024-08-16 14:08:28,21100.0,200,Buy,232456909
2024-08-16 14:08:29,21050.0,700,Sell,232456958
2024-08-16 14:08:29,21050.0,500,Sell,232456952
2024-08-16 14:08:29,21050.0,500,Sell,232456956
2024-08-16 14:08:29,21050.0,200,Sell,232456954
2024-08-16 14:08:29,21050.0,500,Sell,232456953
2024-08-16 14:08:29,21050.0,1500,Sell,232456951
2024-08-16 14:08:29,21050.0,3000,Sell,232456957
2024-08-16 14:08:29,21050.0,500,Sell,232456949
2024-08-16 14:08:29,21050.0,200,Sell,232456950
2024-08-16 14:08:29,21050.0,400,Sell,232456944
2024-08-16 14:08:29,21050.0,300,Sell,232456945
2024-08-16 14:08:29,21050.0,300,Sell,232456955
2024-08-16 14:08:29,21050.0,300,Sell,232456947
2024-08-16 14:08:29,21050.0,1000,Sell,232456948
2024-08-16 14:08:29,21050.0,100,Sell,232456946
2024-08-16 14:08:42,21050.0,100,Sell,232457364
2024-08-16 14:08:44,21050.0,100,Sell,232457440
2024-08-16 14:08:48,21050.0,100,Sell,232457597
2024-08-16 14:08:48,21050.0,400,Sell,232457598
2024-08-16 14:08:53,21100.0,1000,Buy,232457737
2024-08-16 14:09:11,21100.0,100,Buy,232458449
2024-08-16 14:09:14,21050.0,300,Sell,232458542
2024-08-16 14:09:17,21050.0,300,Sell,232458625
2024-08-16 14:09:47,21100.0,1000,Buy,232459624
2024-08-16 14:09:47,21100.0,600,Buy,232459623
2024-08-16 14:09:47,21100.0,400,Buy,232459625
2024-08-16 14:09:55,21050.0,2000,Sell,232459875
2024-08-16 14:09:57,21100.0,500,Buy,232459953
2024-08-16 14:10:04,21100.0,1900,Buy,232460123
2024-08-16 14:10:04,21100.0,100,Buy,232460124
2024-08-16 14:10:12,21100.0,1000,Buy,232460378
2024-08-16 14:10:13,21100.0,300,Buy,232460412
2024-08-16 14:10:17,21050.0,100,Sell,232460508
2024-08-16 14:10:25,21050.0,300,Sell,232460721
2024-08-16 14:10:27,21100.0,300,Buy,232460790
2024-08-16 14:10:30,21050.0,3100,Sell,232460881
2024-08-16 14:10:34,21100.0,400,Buy,232460964
2024-08-16 14:10:35,21100.0,600,Buy,232460985
2024-08-16 14:10:35,21100.0,800,Buy,232460986
2024-08-16 14:10:35,21100.0,1000,Buy,232460987
2024-08-16 14:10:37,21100.0,500,Buy,232461080
2024-08-16 14:10:37,21100.0,1000,Buy,232461085
2024-08-16 14:10:38,21100.0,500,Buy,232461104
2024-08-16 14:10:38,21100.0,2300,Buy,232461105
2024-08-16 14:10:42,21100.0,1000,Buy,232461229
2024-08-16 14:10:44,21100.0,600,Buy,232461257
2024-08-16 14:10:56,21050.0,200,Sell,232461661
2024-08-16 14:10:58,21100.0,600,Buy,232461705
2024-08-16 14:11:04,21100.0,100,Buy,232461906
2024-08-16 14:11:16,21100.0,1000,Buy,232462283
2024-08-16 14:11:29,21100.0,700,Buy,232462753
2024-08-16 14:11:35,21100.0,100,Buy,232462998
2024-08-16 14:11:36,21050.0,900,Sell,232463050
2024-08-16 14:11:37,21100.0,10000,Buy,232463100
2024-08-16 14:11:37,21100.0,10000,Buy,232463093
2024-08-16 14:11:37,21100.0,500,Buy,232463098
2024-08-16 14:11:37,21100.0,100,Buy,232463097
2024-08-16 14:11:37,21100.0,600,Buy,232463096
2024-08-16 14:11:37,21100.0,3000,Buy,232463095
2024-08-16 14:11:37,21100.0,300,Buy,232463094
2024-08-16 14:11:37,21100.0,1200,Buy,232463092
2024-08-16 14:11:37,21100.0,1000,Buy,232463099
2024-08-16 14:11:37,21100.0,100,Buy,232463090
2024-08-16 14:11:37,21100.0,500,Buy,232463080
2024-08-16 14:11:37,21100.0,200,Buy,232463084
2024-08-16 14:11:37,21100.0,1500,Buy,232463085
2024-08-16 14:11:37,21100.0,3600,Buy,232463079
2024-08-16 14:11:37,21100.0,1300,Buy,232463087
2024-08-16 14:11:37,21100.0,100,Buy,232463088
2024-08-16 14:11:37,21100.0,300,Buy,232463089
2024-08-16 14:11:37,21100.0,1000,Buy,232463086
2024-08-16 14:11:37,21100.0,100,Buy,232463091
2024-08-16 14:11:39,21100.0,1000,Sell,232463172
2024-08-16 14:11:53,21100.0,100,Sell,232463740
2024-08-16 14:12:04,21100.0,100,Sell,232464132
2024-08-16 14:12:28,21100.0,800,Sell,232464941
2024-08-16 14:12:47,21150.0,100,Buy,232465451
2024-08-16 14:12:47,21150.0,300,Buy,232465452
2024-08-16 14:12:47,21100.0,1000,Sell,232465492
2024-08-16 14:13:10,21100.0,3000,Sell,232466271
2024-08-16 14:13:11,21100.0,2000,Sell,232466283
2024-08-16 14:13:12,21150.0,500,Buy,232466372
2024-08-16 14:13:12,21150.0,400,Buy,232466373
2024-08-16 14:13:12,21150.0,2900,Buy,232466371
2024-08-16 14:13:30,21100.0,500,Sell,232466807
2024-08-16 14:13:31,21100.0,300,Sell,232466850
2024-08-16 14:13:31,21100.0,400,Sell,232466849
2024-08-16 14:13:31,21100.0,100,Sell,232466847
2024-08-16 14:13:31,21100.0,5000,Sell,232466848
2024-08-16 14:13:31,21100.0,100,Sell,232466845
2024-08-16 14:13:31,21100.0,5000,Sell,232466844
2024-08-16 14:13:31,21100.0,6100,Sell,232466840
2024-08-16 14:13:31,21100.0,3000,Sell,232466846
2024-08-16 14:13:35,21100.0,100,Sell,232466943
2024-08-16 14:13:35,21100.0,100,Sell,232466992
2024-08-16 14:13:58,21100.0,500,Sell,232467804
2024-08-16 14:13:58,21100.0,500,Sell,232467805
2024-08-16 14:14:13,21100.0,300,Sell,232468350
2024-08-16 14:14:13,21100.0,500,Sell,232468349
2024-08-16 14:14:13,21100.0,1000,Sell,232468348
2024-08-16 14:14:13,21100.0,200,Sell,232468347
2024-08-16 14:14:15,21100.0,700,Sell,232468395
2024-08-16 14:14:15,21100.0,1000,Sell,232468396
2024-08-16 14:14:15,21100.0,3300,Sell,232468397
2024-08-16 14:14:21,21100.0,500,Sell,232468611
2024-08-16 14:14:26,21100.0,500,Sell,232468739
2024-08-16 14:14:27,21100.0,500,Sell,232468759
2024-08-16 14:14:30,21100.0,200,Sell,232468860
2024-08-16 14:14:30,21100.0,100,Sell,232468861
2024-08-16 14:14:30,21100.0,500,Sell,232468862
2024-08-16 14:14:33,21100.0,100,Sell,232468917
2024-08-16 14:14:39,21100.0,500,Sell,232469124
2024-08-16 14:14:40,21100.0,400,Sell,232469136
2024-08-16 14:14:40,21100.0,500,Sell,232469137
2024-08-16 14:14:40,21100.0,200,Sell,232469138
2024-08-16 14:14:44,21100.0,100,Sell,232469381
2024-08-16 14:15:12,21100.0,100,Buy,232470195
2024-08-16 14:15:23,21100.0,800,Buy,232470519
2024-08-16 14:15:23,21100.0,200,Buy,232470520
2024-08-16 14:15:24,21100.0,300,Buy,232470563
2024-08-16 14:15:32,21100.0,600,Buy,232470797
2024-08-16 14:15:45,21100.0,400,Buy,232471529
2024-08-16 14:15:45,21100.0,100,Buy,232471530
2024-08-16 14:15:45,21100.0,100,Buy,232471531
2024-08-16 14:15:45,21100.0,800,Buy,232471532
2024-08-16 14:15:49,21100.0,200,Buy,232471673
2024-08-16 14:15:49,21100.0,100,Buy,232471674
2024-08-16 14:15:59,21100.0,1400,Sell,232471994
2024-08-16 14:15:59,21100.0,100,Buy,232471974
2024-08-16 14:15:59,21100.0,400,Buy,232471973
2024-08-16 14:15:59,21100.0,1700,Buy,232471970
2024-08-16 14:15:59,21100.0,500,Buy,232471971
2024-08-16 14:15:59,21100.0,200,Buy,232471969
2024-08-16 14:15:59,21100.0,200,Buy,232471968
2024-08-16 14:15:59,21100.0,500,Buy,232471972
2024-08-16 14:16:04,21100.0,200,Sell,232472085
2024-08-16 14:16:06,21100.0,1800,Sell,232472127
2024-08-16 14:16:06,21100.0,200,Sell,232472128
2024-08-16 14:16:09,21100.0,700,Sell,232472228
2024-08-16 14:16:20,21100.0,500,Sell,232472535
2024-08-16 14:16:20,21150.0,1200,Buy,232472542
2024-08-16 14:16:20,21150.0,200,Buy,232472543
2024-08-16 14:16:26,21100.0,100,Sell,232472733
2024-08-16 14:16:40,21100.0,100,Sell,232473143
2024-08-16 14:16:41,21100.0,100,Sell,232473180
2024-08-16 14:16:41,21100.0,2000,Sell,232473178
2024-08-16 14:16:41,21100.0,400,Sell,232473177
2024-08-16 14:16:41,21100.0,100,Sell,232473179
2024-08-16 14:17:03,21100.0,400,Buy,232474077
2024-08-16 14:17:03,21100.0,100,Buy,232474078
2024-08-16 14:17:04,21100.0,900,Buy,232474085
2024-08-16 14:17:04,21100.0,900,Buy,232474086
2024-08-16 14:17:04,21100.0,100,Buy,232474088
2024-08-16 14:17:09,21100.0,100,Buy,232474309
2024-08-16 14:17:09,21100.0,100,Buy,232474310
2024-08-16 14:17:43,21100.0,400,Buy,232475375
2024-08-16 14:17:54,21100.0,500,Buy,232475692
2024-08-16 14:17:57,21100.0,100,Buy,232475781
2024-08-16 14:17:57,21100.0,100,Buy,232475779
2024-08-16 14:17:57,21100.0,1400,Buy,232475778
2024-08-16 14:17:57,21100.0,1800,Buy,232475780
2024-08-16 14:17:59,21100.0,6600,Sell,232475855
2024-08-16 14:18:04,21100.0,1000,Buy,232476060
2024-08-16 14:18:08,21050.0,800,Sell,232476177
2024-08-16 14:18:15,21100.0,500,Buy,232476545
2024-08-16 14:18:18,21050.0,4000,Sell,232476650
2024-08-16 14:18:25,21100.0,9500,Buy,232476895
2024-08-16 14:18:25,21100.0,100,Buy,232476896
2024-08-16 14:18:25,21100.0,400,Buy,232476897
2024-08-16 14:18:26,21050.0,900,Sell,232476902
2024-08-16 14:18:31,21100.0,400,Buy,232477045
2024-08-16 14:18:51,21100.0,100,Buy,232477769
2024-08-16 14:18:51,21100.0,200,Buy,232477763
2024-08-16 14:18:52,21100.0,200,Buy,232477810
2024-08-16 14:18:52,21100.0,1700,Buy,232477811
2024-08-16 14:18:52,21100.0,100,Buy,232477809
2024-08-16 14:18:53,21050.0,2200,Sell,232477815
2024-08-16 14:19:11,21050.0,1000,Sell,232478620
2024-08-16 14:19:29,21100.0,300,Buy,232479882
2024-08-16 14:19:30,21100.0,1000,Buy,232479922
2024-08-16 14:19:30,21100.0,1700,Buy,232479923
2024-08-16 14:19:32,21050.0,400,Sell,232480073
2024-08-16 14:19:41,21050.0,2000,Sell,232480486
2024-08-16 14:19:41,21050.0,100,Sell,232480495
2024-08-16 14:19:45,21100.0,500,Buy,232480584
2024-08-16 14:19:48,21050.0,100,Sell,232480630
2024-08-16 14:19:53,21050.0,2000,Sell,232480834
2024-08-16 14:20:17,21050.0,100,Sell,232481610
2024-08-16 14:20:59,21050.0,1000,Sell,232483095
2024-08-16 14:20:59,21050.0,600,Sell,232483108
2024-08-16 14:21:34,21050.0,3000,Sell,232484593
2024-08-16 14:21:50,21100.0,800,Buy,232485162
2024-08-16 14:21:50,21100.0,4200,Buy,232485163
2024-08-16 14:21:55,21100.0,800,Buy,232485345
2024-08-16 14:21:55,21100.0,200,Buy,232485346
2024-08-16 14:21:56,21100.0,1000,Buy,232485376
2024-08-16 14:22:00,21100.0,200,Buy,232485494
2024-08-16 14:22:00,21100.0,1800,Buy,232485493
2024-08-16 14:22:01,21100.0,300,Buy,232485544
2024-08-16 14:22:01,21100.0,200,Buy,232485545
2024-08-16 14:22:04,21100.0,100,Buy,232485634
2024-08-16 14:22:04,21100.0,1000,Buy,232485640
2024-08-16 14:22:08,21100.0,1000,Buy,232485756
2024-08-16 14:22:09,21100.0,2900,Buy,232485786
2024-08-16 14:22:09,21100.0,500,Buy,232485787
2024-08-16 14:22:09,21100.0,1600,Buy,232485788
2024-08-16 14:22:17,21100.0,2000,Buy,232486133
2024-08-16 14:22:17,21100.0,1000,Buy,232486134
2024-08-16 14:22:17,21100.0,1100,Buy,232486135
2024-08-16 14:22:17,21100.0,2000,Buy,232486132
2024-08-16 14:22:17,21100.0,100,Buy,232486138
2024-08-16 14:22:17,21100.0,800,Buy,232486139
2024-08-16 14:22:17,21100.0,3000,Buy,232486140
2024-08-16 14:22:17,21100.0,1000,Buy,232486141
2024-08-16 14:22:17,21100.0,2000,Buy,232486137
2024-08-16 14:22:17,21100.0,4500,Buy,232486131
2024-08-16 14:22:17,21100.0,300,Buy,232486136
2024-08-16 14:22:17,21100.0,1000,Buy,232486129
2024-08-16 14:22:17,21100.0,8400,Buy,232486119
2024-08-16 14:22:17,21100.0,200,Buy,232486120
2024-08-16 14:22:17,21100.0,1500,Buy,232486121
2024-08-16 14:22:17,21100.0,20000,Buy,232486122
2024-08-16 14:22:17,21100.0,2300,Buy,232486123
2024-08-16 14:22:17,21100.0,100,Buy,232486130
2024-08-16 14:22:17,21100.0,5000,Buy,232486125
2024-08-16 14:22:17,21100.0,500,Buy,232486128
2024-08-16 14:22:17,21100.0,600,Buy,232486124
2024-08-16 14:22:17,21100.0,1000,Buy,232486126
2024-08-16 14:22:17,21100.0,500,Buy,232486127
2024-08-16 14:22:20,21100.0,1100,Sell,232486287
2024-08-16 14:22:20,21100.0,3900,Sell,232486288
2024-08-16 14:22:21,21100.0,700,Sell,232486348
2024-08-16 14:22:21,21100.0,100,Sell,232486349
2024-08-16 14:22:23,21100.0,200,Buy,232486401
2024-08-16 14:22:25,21150.0,500,Buy,232486466
2024-08-16 14:22:52,21150.0,3300,Buy,232487391
2024-08-16 14:22:53,21150.0,500,Buy,232487416
2024-08-16 14:22:54,21150.0,100,Buy,232487451
2024-08-16 14:22:54,21150.0,5500,Buy,232487450
2024-08-16 14:22:54,21150.0,6100,Buy,232487453
2024-08-16 14:22:54,21150.0,500,Buy,232487448
2024-08-16 14:22:54,21150.0,500,Buy,232487449
2024-08-16 14:22:54,21150.0,15500,Buy,232487446
2024-08-16 14:22:54,21150.0,200,Buy,232487452
2024-08-16 14:22:54,21150.0,500,Buy,232487447
2024-08-16 14:23:08,21150.0,1000,Buy,232487905
2024-08-16 14:23:08,21150.0,1000,Buy,232487927
2024-08-16 14:23:09,21150.0,300,Buy,232487958
2024-08-16 14:23:09,21150.0,1900,Buy,232487956
2024-08-16 14:23:09,21150.0,2000,Buy,232487957
2024-08-16 14:23:09,21150.0,2700,Buy,232487953
2024-08-16 14:23:09,21150.0,1800,Buy,232487952
2024-08-16 14:23:09,21150.0,1900,Buy,232487951
2024-08-16 14:23:09,21150.0,10000,Buy,232487954
2024-08-16 14:23:09,21150.0,1000,Buy,232487955
2024-08-16 14:23:11,21150.0,100,Buy,232488014
2024-08-16 14:23:14,21150.0,100,Buy,232488153
2024-08-16 14:23:14,21150.0,600,Buy,232488149
2024-08-16 14:23:14,21150.0,100,Buy,232488150
2024-08-16 14:23:14,21150.0,100,Buy,232488151
2024-08-16 14:23:14,21150.0,100,Buy,232488152
2024-08-16 14:23:15,21150.0,1900,Buy,232488196
2024-08-16 14:23:15,21150.0,100,Buy,232488195
2024-08-16 14:23:16,21150.0,13100,Buy,232488230
2024-08-16 14:23:16,21150.0,400,Buy,232488231
2024-08-16 14:23:16,21150.0,500,Buy,232488232
2024-08-16 14:23:16,21150.0,400,Buy,232488233
2024-08-16 14:23:16,21150.0,100,Buy,232488234
2024-08-16 14:23:16,21150.0,300,Buy,232488235
2024-08-16 14:23:16,21150.0,200,Buy,232488236
2024-08-16 14:23:28,21150.0,100,Sell,232488613
2024-08-16 14:23:30,21150.0,1000,Sell,232488660
2024-08-16 14:23:39,21150.0,500,Sell,232488972
2024-08-16 14:23:44,21200.0,2000,Buy,232489238
2024-08-16 14:23:44,21200.0,100,Buy,232489237
2024-08-16 14:23:44,21200.0,100,Buy,232489236
2024-08-16 14:23:44,21200.0,1200,Buy,232489235
2024-08-16 14:23:44,21200.0,200,Buy,232489222
2024-08-16 14:23:44,21200.0,100,Buy,232489233
2024-08-16 14:23:44,21200.0,5000,Buy,232489232
2024-08-16 14:23:44,21200.0,500,Buy,232489231
2024-08-16 14:23:44,21200.0,12100,Buy,232489239
2024-08-16 14:23:44,21200.0,100,Buy,232489221
2024-08-16 14:23:44,21200.0,100,Buy,232489234
2024-08-16 14:23:44,21200.0,800,Buy,232489240
2024-08-16 14:23:44,21200.0,100,Buy,232489244
2024-08-16 14:23:44,21200.0,200,Buy,232489242
2024-08-16 14:23:44,21200.0,100,Buy,232489243
2024-08-16 14:23:44,21200.0,200,Buy,232489220
2024-08-16 14:23:44,21200.0,500,Buy,232489245
2024-08-16 14:23:44,21200.0,500,Buy,232489246
2024-08-16 14:23:44,21200.0,500,Buy,232489247
2024-08-16 14:23:44,21250.0,4700,Buy,232489248
2024-08-16 14:23:44,21250.0,100,Buy,232489249
2024-08-16 14:23:44,21250.0,100,Buy,232489250
2024-08-16 14:23:44,21250.0,3000,Buy,232489251
2024-08-16 14:23:44,21250.0,100,Buy,232489252
2024-08-16 14:23:44,21200.0,5000,Buy,232489241
2024-08-16 14:23:44,21200.0,500,Buy,232489219
2024-08-16 14:23:44,21200.0,200,Buy,232489200
2024-08-16 14:23:44,21200.0,1000,Buy,232489217
2024-08-16 14:23:44,21200.0,8300,Buy,232489191
2024-08-16 14:23:44,21200.0,400,Buy,232489192
2024-08-16 14:23:44,21200.0,5000,Buy,232489193
2024-08-16 14:23:44,21200.0,1000,Buy,232489194
2024-08-16 14:23:44,21200.0,1000,Buy,232489195
2024-08-16 14:23:44,21200.0,2000,Buy,232489196
2024-08-16 14:23:44,21200.0,200,Buy,232489218
2024-08-16 14:23:44,21200.0,300,Buy,232489198
2024-08-16 14:23:44,21200.0,200,Buy,232489199
2024-08-16 14:23:44,21200.0,200,Buy,232489201
2024-08-16 14:23:44,21200.0,100,Buy,232489202
2024-08-16 14:23:44,21200.0,300,Buy,232489203
2024-08-16 14:23:44,21200.0,2000,Buy,232489197
2024-08-16 14:23:44,21200.0,300,Buy,232489205
2024-08-16 14:23:44,21200.0,100,Buy,232489206
2024-08-16 14:23:44,21200.0,1000,Buy,232489207
2024-08-16 14:23:44,21200.0,100,Buy,232489208
2024-08-16 14:23:44,21200.0,2600,Buy,232489209
2024-08-16 14:23:44,21200.0,500,Buy,232489210
2024-08-16 14:23:44,21200.0,500,Buy,232489211
2024-08-16 14:23:44,21200.0,100,Buy,232489212
2024-08-16 14:23:44,21200.0,1000,Buy,232489213
2024-08-16 14:23:44,21200.0,5000,Buy,232489214
2024-08-16 14:23:44,21200.0,17700,Buy,232489215
2024-08-16 14:23:44,21200.0,10000,Buy,232489216
2024-08-16 14:23:44,21200.0,1000,Buy,232489204
2024-08-16 14:23:46,21150.0,1000,Sell,232489314
2024-08-16 14:23:50,21150.0,100,Sell,232489406
2024-08-16 14:24:03,21250.0,900,Buy,232489913
2024-08-16 14:24:03,21250.0,300,Buy,232489914
2024-08-16 14:24:03,21250.0,3000,Buy,232489915
2024-08-16 14:24:03,21250.0,100,Buy,232489916
2024-08-16 14:24:03,21250.0,600,Buy,232489917
2024-08-16 14:24:03,21250.0,1000,Buy,232489918
2024-08-16 14:24:03,21250.0,1000,Buy,232489919
2024-08-16 14:24:03,21250.0,100,Buy,232489920
2024-08-16 14:24:03,21250.0,18600,Buy,232489921
2024-08-16 14:24:03,21250.0,500,Buy,232489922
2024-08-16 14:24:03,21250.0,1900,Buy,232489923
2024-08-16 14:24:06,21250.0,100,Buy,232490057
2024-08-16 14:24:09,21250.0,100,Buy,232490114
2024-08-16 14:24:14,21250.0,200,Buy,232490363
2024-08-16 14:24:14,21250.0,100,Buy,232490362
2024-08-16 14:24:14,21250.0,1100,Buy,232490359
2024-08-16 14:24:14,21250.0,500,Buy,232490360
2024-08-16 14:24:14,21250.0,500,Buy,232490361
2024-08-16 14:24:16,21250.0,500,Buy,232490409
2024-08-16 14:24:20,21200.0,100,Sell,232490545
2024-08-16 14:24:27,21200.0,900,Sell,232490818
2024-08-16 14:24:34,21250.0,300,Buy,232490987
2024-08-16 14:24:34,21250.0,400,Buy,232490988
2024-08-16 14:24:34,21250.0,200,Buy,232490989
2024-08-16 14:24:34,21250.0,3300,Buy,232490990
2024-08-16 14:24:35,21200.0,500,Sell,232491044
2024-08-16 14:24:44,21250.0,1000,Buy,232491364
2024-08-16 14:24:46,21200.0,500,Sell,232491428
2024-08-16 14:24:46,21200.0,1000,Sell,232491429
2024-08-16 14:24:46,21200.0,18500,Sell,232491430
2024-08-16 14:25:03,21250.0,6600,Buy,232492026
2024-08-16 14:25:04,21200.0,500,Sell,232492033
2024-08-16 14:25:18,21200.0,1000,Sell,232492592
2024-08-16 14:25:18,21200.0,1000,Sell,232492593
2024-08-16 14:25:18,21200.0,100,Sell,232492596
2024-08-16 14:25:18,21200.0,1300,Sell,232492597
2024-08-16 14:25:21,21200.0,300,Sell,232492767
2024-08-16 14:25:38,21250.0,400,Buy,232493472
2024-08-16 14:25:40,21250.0,200,Buy,232493515
2024-08-16 14:25:45,21250.0,100,Buy,232493745
2024-08-16 14:25:48,21200.0,5000,Sell,232493885
2024-08-16 14:25:49,21250.0,6300,Buy,232493918
2024-08-16 14:25:49,21250.0,500,Buy,232493917
2024-08-16 14:25:49,21250.0,1000,Buy,232493916
2024-08-16 14:25:49,21250.0,4100,Buy,232493915
2024-08-16 14:25:49,21250.0,100,Buy,232493913
2024-08-16 14:25:49,21250.0,7900,Buy,232493912
2024-08-16 14:25:49,21250.0,500,Buy,232493911
2024-08-16 14:25:49,21250.0,2400,Buy,232493914
2024-08-16 14:25:53,21200.0,1000,Sell,232494082
2024-08-16 14:25:56,21250.0,13700,Buy,232494154
2024-08-16 14:25:56,21250.0,1000,Buy,232494155
2024-08-16 14:25:56,21250.0,200,Buy,232494156
2024-08-16 14:26:05,21250.0,1700,Sell,232494548
2024-08-16 14:26:07,21250.0,3400,Sell,232494622
2024-08-16 14:26:07,21250.0,16600,Sell,232494623
2024-08-16 14:26:09,21250.0,2000,Sell,232494705
2024-08-16 14:26:11,21250.0,1000,Sell,232494769
2024-08-16 14:26:19,21250.0,2000,Sell,232495056
2024-08-16 14:26:19,21250.0,100,Sell,232495037
2024-08-16 14:26:22,21250.0,200,Sell,232495196
2024-08-16 14:26:26,21250.0,8100,Sell,232495387
2024-08-16 14:26:26,21250.0,1000,Sell,232495388
2024-08-16 14:26:32,21250.0,900,Buy,232495580
2024-08-16 14:26:32,21250.0,100,Buy,232495581
2024-08-16 14:26:47,21200.0,2000,Sell,232496124
2024-08-16 14:26:48,21250.0,100,Buy,232496163
2024-08-16 14:26:48,21250.0,300,Buy,232496203
2024-08-16 14:26:48,21250.0,1700,Buy,232496204
2024-08-16 14:26:50,21250.0,300,Buy,232496290
2024-08-16 14:26:50,21250.0,200,Buy,232496291
2024-08-16 14:27:01,21250.0,800,Buy,232496712
2024-08-16 14:27:02,21250.0,300,Buy,232496811
2024-08-16 14:27:04,21250.0,200,Buy,232496895
2024-08-16 14:27:09,21250.0,200,Buy,232497076
2024-08-16 14:27:15,21250.0,500,Buy,232497297
2024-08-16 14:27:17,21250.0,100,Buy,232497378
2024-08-16 14:27:18,21250.0,500,Buy,232497447
2024-08-16 14:27:23,21200.0,400,Sell,232497718
2024-08-16 14:27:23,21200.0,100,Sell,232497719
2024-08-16 14:27:27,21200.0,500,Sell,232497852
2024-08-16 14:27:51,21200.0,100,Sell,232498850
2024-08-16 14:27:56,21250.0,500,Buy,232499015
2024-08-16 14:28:04,21250.0,100,Buy,232499408
2024-08-16 14:28:09,21200.0,200,Sell,232499868
2024-08-16 14:28:11,21200.0,9700,Sell,232499954
2024-08-16 14:28:11,21200.0,1000,Sell,232499953
2024-08-16 14:28:11,21200.0,100,Sell,232499952
2024-08-16 14:28:11,21200.0,200,Sell,232499951
2024-08-16 14:28:11,21200.0,1000,Sell,232499947
2024-08-16 14:28:11,21200.0,2300,Sell,232499949
2024-08-16 14:28:11,21200.0,200,Sell,232499948
2024-08-16 14:28:11,21200.0,2000,Sell,232499946
2024-08-16 14:28:11,21200.0,900,Sell,232499945
2024-08-16 14:28:11,21200.0,2600,Sell,232499950
2024-08-16 14:28:13,21200.0,200,Sell,232500002
2024-08-16 14:28:22,21200.0,100,Sell,232500339
2024-08-16 14:28:22,21200.0,400,Sell,232500340
2024-08-16 14:28:24,21200.0,100,Sell,232500475
2024-08-16 14:28:24,21200.0,100,Sell,232500474
2024-08-16 14:28:24,21200.0,1000,Sell,232500476
2024-08-16 14:28:24,21200.0,600,Sell,232500472
2024-08-16 14:28:24,21200.0,100,Sell,232500471
2024-08-16 14:28:24,21200.0,1600,Sell,232500470
2024-08-16 14:28:24,21200.0,23000,Sell,232500473
2024-08-16 14:28:25,21200.0,100,Buy,232500513
2024-08-16 14:28:28,21200.0,500,Buy,232500650
2024-08-16 14:28:36,21150.0,3000,Sell,232501106
2024-08-16 14:28:36,21150.0,500,Sell,232501107
2024-08-16 14:28:36,21150.0,1000,Sell,232501104
2024-08-16 14:28:36,21200.0,200,Buy,232501067
2024-08-16 14:28:36,21150.0,500,Sell,232501105
2024-08-16 14:28:44,21150.0,1000,Sell,232501405
2024-08-16 14:28:46,21200.0,300,Buy,232501473
2024-08-16 14:28:50,21150.0,100,Sell,232501630
2024-08-16 14:28:52,21200.0,1000,Buy,232501743
2024-08-16 14:28:53,21150.0,1000,Sell,232501811
2024-08-16 14:28:56,21150.0,1000,Sell,232502045
2024-08-16 14:29:02,21150.0,1000,Sell,232502283
2024-08-16 14:29:02,21150.0,100,Sell,232502282
2024-08-16 14:29:02,21150.0,1400,Sell,232502278
2024-08-16 14:29:02,21150.0,1000,Sell,232502280
2024-08-16 14:29:02,21150.0,500,Sell,232502279
2024-08-16 14:29:02,21150.0,1000,Sell,232502281
2024-08-16 14:29:11,21150.0,100,Sell,232502862
2024-08-16 14:29:22,21150.0,100,Buy,232503671
2024-08-16 14:29:24,21150.0,1300,Buy,232503828
2024-08-16 14:29:25,21150.0,1000,Sell,232503874
2024-08-16 14:29:25,21150.0,1800,Sell,232503875
2024-08-16 14:29:27,21150.0,900,Sell,232503942
2024-08-16 14:29:27,21150.0,100,Sell,232503959
2024-08-16 14:29:30,21150.0,800,Sell,232504149
2024-08-16 14:29:33,21150.0,100,Buy,232504244
2024-08-16 14:44:38,21400.0,438200,ATO/ATC,232505687
