time,price,volume,match_type,id
2024-07-19 12:59:41,28050.0,100,Sell,224705321
2024-07-19 12:59:42,28100.0,100,Buy,224705627
2024-07-19 12:59:42,28100.0,600,Buy,224705626
2024-07-19 12:59:42,28050.0,300,Buy,224705625
2024-07-19 12:59:42,28000.0,100,Sell,224705620
2024-07-19 12:59:42,28050.0,200,Buy,224705623
2024-07-19 12:59:42,28100.0,200,Buy,224705621
2024-07-19 12:59:42,28050.0,100,Buy,224705624
2024-07-19 12:59:42,28050.0,100,Buy,224705622
2024-07-19 12:59:43,28100.0,100,Sell,224705884
2024-07-19 12:59:43,28000.0,200,Sell,224705885
2024-07-19 12:59:45,28000.0,500,Sell,224706528
2024-07-19 12:59:46,28000.0,100,Sell,224706981
2024-07-19 12:59:46,28100.0,100,Buy,224706991
2024-07-19 12:59:46,28000.0,200,Buy,224706990
2024-07-19 12:59:46,28000.0,900,Sell,224706989
2024-07-19 12:59:46,28000.0,700,Sell,224706988
2024-07-19 12:59:46,28000.0,100,Buy,224706987
2024-07-19 12:59:46,28000.0,3200,Sell,224706980
2024-07-19 12:59:46,28000.0,100,Buy,224706985
2024-07-19 12:59:46,28000.0,500,Buy,224706984
2024-07-19 12:59:46,28000.0,500,Sell,224706983
2024-07-19 12:59:46,28000.0,100,Sell,224706982
2024-07-19 12:59:46,28000.0,200,Buy,224706986
2024-07-19 12:59:58,28000.0,100,Buy,224708509
2024-07-19 12:59:59,27950.0,100,Sell,224708698
2024-07-19 13:00:04,28000.0,100,Buy,224709555
2024-07-19 13:00:04,28000.0,1100,Buy,224709556
2024-07-19 13:00:04,28000.0,300,Buy,224709557
2024-07-19 13:00:04,27700.0,100,Sell,224709558
2024-07-19 13:00:04,27700.0,100,Sell,224709559
2024-07-19 13:00:04,27500.0,1100,Sell,224709560
2024-07-19 13:00:04,27500.0,100,Sell,224709563
2024-07-19 13:00:04,27500.0,100,Sell,224709562
2024-07-19 13:00:04,27500.0,900,Sell,224709564
2024-07-19 13:00:04,27500.0,100,Sell,224709565
2024-07-19 13:00:04,27500.0,100,Sell,224709566
2024-07-19 13:00:04,27500.0,400,Sell,224709567
2024-07-19 13:00:04,27500.0,1000,Sell,224709561
2024-07-19 13:00:04,28000.0,300,Buy,224709528
2024-07-19 13:00:04,28000.0,100,Buy,224709554
2024-07-19 13:00:04,28000.0,200,Buy,224709514
2024-07-19 13:00:04,27800.0,500,Buy,224709512
2024-07-19 13:00:04,27800.0,100,Buy,224709513
2024-07-19 13:00:04,28000.0,100,Buy,224709527
2024-07-19 13:00:04,28000.0,300,Buy,224709515
2024-07-19 13:00:04,28000.0,300,Buy,224709516
2024-07-19 13:00:04,28000.0,100,Buy,224709517
2024-07-19 13:00:04,28000.0,200,Buy,224709518
2024-07-19 13:00:04,27950.0,2000,Buy,224709526
2024-07-19 13:00:04,27550.0,100,Sell,224709520
2024-07-19 13:00:04,28000.0,100,Buy,224709521
2024-07-19 13:00:04,28000.0,1700,Buy,224709522
2024-07-19 13:00:04,28000.0,200,Buy,224709523
2024-07-19 13:00:04,27550.0,100,Sell,224709524
2024-07-19 13:00:04,27500.0,900,Sell,224709525
2024-07-19 13:00:04,28000.0,100,Buy,224709519
2024-07-19 13:00:05,27500.0,5000,Sell,224709611
2024-07-19 13:00:11,27500.0,100,Sell,224709948
2024-07-19 13:00:18,27500.0,3000,Sell,224710219
2024-07-19 13:00:27,27950.0,500,Buy,224710451
2024-07-19 13:00:47,27900.0,200,Buy,224711255
2024-07-19 13:00:57,27900.0,1800,Buy,224711933
2024-07-19 13:00:57,27900.0,1200,Buy,224711934
2024-07-19 13:01:06,27650.0,100,Sell,224712322
2024-07-19 13:01:06,27650.0,1900,Sell,224712323
2024-07-19 13:01:20,27800.0,300,Buy,224712990
2024-07-19 13:01:38,27600.0,1000,Sell,224714166
2024-07-19 13:01:38,27700.0,3000,Sell,224714164
2024-07-19 13:01:38,27600.0,1000,Sell,224714165
2024-07-19 13:01:39,27800.0,2000,Buy,224714226
2024-07-19 13:01:42,27700.0,2000,Sell,224714301
2024-07-19 13:01:51,27700.0,1000,Sell,224714711
2024-07-19 13:01:55,27700.0,600,Sell,224714927
2024-07-19 13:02:04,27700.0,200,Buy,224715280
2024-07-19 13:02:14,27650.0,100,Sell,224715798
2024-07-19 13:02:15,27650.0,400,Buy,224715807
2024-07-19 13:02:20,27650.0,100,Buy,224715985
2024-07-19 13:02:21,27600.0,500,Sell,224716017
2024-07-19 13:02:28,27600.0,300,Sell,224716274
2024-07-19 13:02:28,27600.0,500,Sell,224716273
2024-07-19 13:02:28,27600.0,200,Sell,224716272
2024-07-19 13:02:28,27600.0,8500,Sell,224716271
2024-07-19 13:02:30,27550.0,500,Sell,224716327
2024-07-19 13:02:31,27550.0,500,Sell,224716339
2024-07-19 13:02:31,27550.0,100,Sell,224716342
2024-07-19 13:02:36,27550.0,100,Sell,224716563
2024-07-19 13:02:38,27550.0,200,Sell,224716680
2024-07-19 13:02:39,27550.0,100,Sell,224716743
2024-07-19 13:02:40,27500.0,300,Sell,224716777
2024-07-19 13:02:49,27500.0,300,Sell,224717205
2024-07-19 13:02:50,27500.0,100,Sell,224717240
2024-07-19 13:02:50,27500.0,300,Sell,224717239
2024-07-19 13:02:50,27500.0,400,Sell,224717238
2024-07-19 13:02:50,27500.0,100,Sell,224717241
2024-07-19 13:02:50,27500.0,100,Sell,224717236
2024-07-19 13:02:50,27500.0,1400,Sell,224717235
2024-07-19 13:02:50,27500.0,40900,Sell,224717234
2024-07-19 13:02:50,27500.0,100,Sell,224717237
2024-07-19 13:02:51,27500.0,3600,Buy,224717256
2024-07-19 13:02:52,27500.0,200,Buy,224717275
2024-07-19 13:02:57,27450.0,100,Buy,224717513
2024-07-19 13:03:00,27400.0,200,Sell,224717644
2024-07-19 13:03:00,27400.0,100,Sell,224717645
2024-07-19 13:03:09,27300.0,1000,Sell,224718033
2024-07-19 13:03:14,27300.0,200,Sell,224718195
2024-07-19 13:03:14,27300.0,300,Sell,224718194
2024-07-19 13:03:15,27300.0,500,Sell,224718221
2024-07-19 13:03:15,27300.0,600,Sell,224718222
2024-07-19 13:03:15,27300.0,3200,Sell,224718230
2024-07-19 13:03:15,27300.0,100,Sell,224718231
2024-07-19 13:03:15,27300.0,200,Sell,224718232
2024-07-19 13:03:28,27300.0,700,Buy,224718607
2024-07-19 13:03:28,27300.0,1500,Buy,224718604
2024-07-19 13:03:28,27300.0,600,Buy,224718605
2024-07-19 13:03:28,27300.0,200,Buy,224718606
2024-07-19 13:03:29,27300.0,100,Sell,224718639
2024-07-19 13:03:29,27300.0,600,Sell,224718661
2024-07-19 13:03:31,27300.0,300,Sell,224718712
2024-07-19 13:03:37,27200.0,200,Sell,224718895
2024-07-19 13:03:37,27200.0,200,Sell,224718896
2024-07-19 13:03:39,27200.0,100,Sell,224719021
2024-07-19 13:03:39,27200.0,600,Sell,224719022
2024-07-19 13:03:39,27300.0,100,Buy,224719023
2024-07-19 13:03:44,27300.0,300,Buy,224719175
2024-07-19 13:03:44,27300.0,800,Buy,224719176
2024-07-19 13:03:44,27300.0,100,Buy,224719177
2024-07-19 13:03:44,27300.0,600,Buy,224719178
2024-07-19 13:03:53,27200.0,100,Sell,224719507
2024-07-19 13:03:59,27250.0,100,Buy,224719668
2024-07-19 13:04:03,27250.0,100,Buy,224719871
2024-07-19 13:04:05,27250.0,1100,Buy,224719945
2024-07-19 13:04:11,27200.0,100,Sell,224720132
2024-07-19 13:04:12,27100.0,100,Sell,224720158
2024-07-19 13:04:12,27150.0,100,Sell,224720157
2024-07-19 13:04:12,27150.0,100,Sell,224720156
2024-07-19 13:04:12,27150.0,500,Sell,224720155
2024-07-19 13:04:12,27200.0,200,Sell,224720154
2024-07-19 13:04:12,27100.0,800,Sell,224720159
2024-07-19 13:04:12,27200.0,3700,Sell,224720152
2024-07-19 13:04:12,27200.0,2000,Sell,224720151
2024-07-19 13:04:12,27200.0,100,Sell,224720150
2024-07-19 13:04:12,27200.0,200,Sell,224720149
2024-07-19 13:04:12,27250.0,500,Buy,224720140
2024-07-19 13:04:12,27200.0,200,Sell,224720153
2024-07-19 13:04:13,27200.0,100,Buy,224720248
2024-07-19 13:04:19,27200.0,200,Buy,224720479
2024-07-19 13:04:19,27200.0,2800,Buy,224720480
2024-07-19 13:04:20,27200.0,100,Buy,224720518
2024-07-19 13:04:20,27200.0,300,Buy,224720506
2024-07-19 13:04:27,27200.0,200,Buy,224720708
2024-07-19 13:04:29,27200.0,100,Buy,224720777
2024-07-19 13:04:32,27200.0,500,Buy,224720931
2024-07-19 13:04:42,27200.0,100,Buy,224721311
2024-07-19 13:04:42,27200.0,1000,Buy,224721319
2024-07-19 13:04:43,27100.0,100,Sell,224721355
2024-07-19 13:04:43,27100.0,13900,Sell,224721357
2024-07-19 13:04:43,27100.0,500,Sell,224721356
2024-07-19 13:04:43,27100.0,200,Sell,224721354
2024-07-19 13:04:43,27150.0,400,Sell,224721350
2024-07-19 13:04:43,27100.0,1200,Sell,224721352
2024-07-19 13:04:43,27150.0,100,Sell,224721351
2024-07-19 13:04:43,27150.0,500,Sell,224721349
2024-07-19 13:04:43,27100.0,100,Sell,224721353
2024-07-19 13:04:47,27200.0,400,Buy,224721504
2024-07-19 13:04:47,27150.0,100,Sell,224721509
2024-07-19 13:04:58,27150.0,1000,Buy,224721932
2024-07-19 13:05:00,27100.0,500,Sell,224721958
2024-07-19 13:05:00,27150.0,200,Buy,224721959
2024-07-19 13:05:01,27150.0,100,Buy,224722004
2024-07-19 13:05:02,27150.0,2600,Sell,224722048
2024-07-19 13:05:02,27150.0,500,Buy,224722019
2024-07-19 13:05:02,27150.0,600,Buy,224722018
2024-07-19 13:05:02,27150.0,500,Buy,224722020
2024-07-19 13:05:10,27150.0,800,Sell,224722258
2024-07-19 13:05:10,27150.0,200,Sell,224722259
2024-07-19 13:05:14,27150.0,500,Sell,224722395
2024-07-19 13:05:16,27100.0,400,Sell,224722474
2024-07-19 13:05:16,27100.0,100,Sell,224722470
2024-07-19 13:05:16,27100.0,500,Sell,224722472
2024-07-19 13:05:16,27100.0,200,Sell,224722471
2024-07-19 13:05:16,27100.0,200,Sell,224722469
2024-07-19 13:05:16,27100.0,200,Sell,224722473
2024-07-19 13:05:16,27100.0,35600,Sell,224722467
2024-07-19 13:05:16,27150.0,100,Sell,224722466
2024-07-19 13:05:16,27150.0,100,Sell,224722465
2024-07-19 13:05:16,27150.0,200,Sell,224722464
2024-07-19 13:05:16,27150.0,900,Sell,224722463
2024-07-19 13:05:16,27100.0,200,Sell,224722468
2024-07-19 13:05:22,27100.0,200,Buy,224722664
2024-07-19 13:05:22,27100.0,1000,Buy,224722696
2024-07-19 13:05:26,27050.0,1000,Sell,224722807
2024-07-19 13:05:32,27100.0,100,Buy,224722967
2024-07-19 13:05:37,27100.0,200,Buy,224723067
2024-07-19 13:05:42,27050.0,1000,Sell,224723240
2024-07-19 13:05:43,27100.0,100,Buy,224723244
2024-07-19 13:05:44,27100.0,1000,Buy,224723297
2024-07-19 13:05:45,27050.0,300,Sell,224723304
2024-07-19 13:05:45,27050.0,100,Sell,224723302
2024-07-19 13:05:45,27050.0,400,Sell,224723303
2024-07-19 13:05:47,27050.0,3500,Sell,224723402
2024-07-19 13:05:47,27100.0,100,Buy,224723419
2024-07-19 13:05:48,27050.0,500,Sell,224723449
2024-07-19 13:05:51,27100.0,100,Buy,224723522
2024-07-19 13:05:51,27050.0,200,Sell,224723526
2024-07-19 13:05:51,27050.0,100,Sell,224723527
2024-07-19 13:05:52,27100.0,100,Buy,224723598
2024-07-19 13:05:55,27100.0,1300,Buy,224723668
2024-07-19 13:05:58,27050.0,200,Sell,224723764
2024-07-19 13:05:58,27050.0,200,Sell,224723763
2024-07-19 13:05:58,27050.0,100,Sell,224723765
2024-07-19 13:05:58,27050.0,300,Sell,224723761
2024-07-19 13:05:58,27050.0,3700,Sell,224723760
2024-07-19 13:05:58,27050.0,400,Sell,224723759
2024-07-19 13:05:58,27050.0,100,Sell,224723762
2024-07-19 13:06:05,27050.0,500,Sell,224723988
2024-07-19 13:06:05,27050.0,100,Sell,224723989
2024-07-19 13:06:05,27050.0,500,Sell,224723990
2024-07-19 13:06:05,27050.0,900,Sell,224723991
2024-07-19 13:06:08,27050.0,100,Sell,224724055
2024-07-19 13:06:08,27050.0,1100,Sell,224724056
2024-07-19 13:06:14,27050.0,100,Sell,224724201
2024-07-19 13:06:16,27050.0,700,Sell,224724256
2024-07-19 13:06:20,27050.0,100,Sell,224724353
2024-07-19 13:06:20,27050.0,300,Sell,224724354
2024-07-19 13:06:20,27050.0,100,Sell,224724355
2024-07-19 13:06:23,27050.0,500,Sell,224724484
2024-07-19 13:06:23,27100.0,100,Buy,224724483
2024-07-19 13:06:23,27000.0,15000,Sell,224724466
2024-07-19 13:06:23,27000.0,1000,Sell,224724465
2024-07-19 13:06:23,27050.0,900,Sell,224724461
2024-07-19 13:06:23,27000.0,1100,Sell,224724463
2024-07-19 13:06:23,27050.0,1000,Sell,224724462
2024-07-19 13:06:23,27050.0,100,Sell,224724454
2024-07-19 13:06:23,27050.0,200,Sell,224724453
2024-07-19 13:06:23,27000.0,1000,Sell,224724464
2024-07-19 13:06:24,27050.0,100,Buy,224724530
2024-07-19 13:06:28,27050.0,400,Buy,224724610
2024-07-19 13:06:28,27050.0,500,Buy,224724611
2024-07-19 13:06:28,27050.0,600,Buy,224724612
2024-07-19 13:06:29,27050.0,3500,Sell,224724640
2024-07-19 13:06:29,27000.0,3400,Sell,224724641
2024-07-19 13:06:31,27100.0,3400,Buy,224724703
2024-07-19 13:06:31,27100.0,1000,Buy,224724702
2024-07-19 13:06:31,27100.0,5500,Buy,224724701
2024-07-19 13:06:31,27100.0,1000,Buy,224724698
2024-07-19 13:06:31,27100.0,2000,Buy,224724699
2024-07-19 13:06:31,27100.0,100,Buy,224724700
2024-07-19 13:06:31,27100.0,7000,Buy,224724697
2024-07-19 13:06:33,27050.0,100,Sell,224724739
2024-07-19 13:06:33,27000.0,600,Sell,224724753
2024-07-19 13:06:33,27000.0,200,Sell,224724752
2024-07-19 13:06:33,27000.0,200,Sell,224724751
2024-07-19 13:06:33,27050.0,100,Sell,224724738
2024-07-19 13:06:33,27000.0,1000,Sell,224724749
2024-07-19 13:06:33,27000.0,200,Sell,224724740
2024-07-19 13:06:33,27000.0,20000,Sell,224724750
2024-07-19 13:06:33,27000.0,1400,Sell,224724748
2024-07-19 13:06:37,27100.0,10000,Buy,224724899
2024-07-19 13:06:38,27050.0,1000,Sell,224724922
2024-07-19 13:06:38,27050.0,1000,Sell,224724923
2024-07-19 13:06:38,27000.0,1200,Sell,224724924
2024-07-19 13:06:39,27100.0,5000,Buy,224724962
2024-07-19 13:06:48,27100.0,6600,Buy,224725201
2024-07-19 13:06:48,27100.0,600,Buy,224725213
2024-07-19 13:06:51,27100.0,1000,Buy,224725305
2024-07-19 13:06:59,27100.0,500,Buy,224725523
2024-07-19 13:07:02,27100.0,800,Buy,224725660
2024-07-19 13:07:06,27100.0,500,Buy,224725832
2024-07-19 13:07:08,27100.0,100,Buy,224725878
2024-07-19 13:07:08,27100.0,100,Buy,224725887
2024-07-19 13:07:10,27100.0,100,Buy,224725949
2024-07-19 13:07:13,27100.0,6300,Buy,224726053
2024-07-19 13:07:13,27100.0,100,Buy,224726054
2024-07-19 13:07:13,27100.0,500,Buy,224726055
2024-07-19 13:07:13,27100.0,100,Buy,224726056
2024-07-19 13:07:13,27100.0,100,Buy,224726057
2024-07-19 13:07:17,27100.0,100,Buy,224726184
2024-07-19 13:07:17,27150.0,500,Buy,224726162
2024-07-19 13:07:17,27100.0,100,Sell,224726175
2024-07-19 13:07:21,27100.0,100,Buy,224726313
2024-07-19 13:07:21,27100.0,200,Buy,224726314
2024-07-19 13:07:28,27100.0,500,Sell,224726510
2024-07-19 13:07:28,27150.0,100,Buy,224726511
2024-07-19 13:07:36,27100.0,500,Sell,224726729
2024-07-19 13:07:36,27100.0,300,Sell,224726730
2024-07-19 13:07:36,27100.0,200,Sell,224726731
2024-07-19 13:07:41,27100.0,300,Sell,224726861
2024-07-19 13:07:41,27100.0,100,Sell,224726862
2024-07-19 13:07:41,27100.0,100,Sell,224726863
2024-07-19 13:07:41,27100.0,500,Sell,224726864
2024-07-19 13:07:44,27150.0,100,Buy,224726976
2024-07-19 13:07:44,27150.0,400,Buy,224726973
2024-07-19 13:07:44,27150.0,400,Buy,224726974
2024-07-19 13:07:44,27150.0,500,Buy,224726975
2024-07-19 13:07:54,27200.0,300,Buy,224727207
2024-07-19 13:08:00,27200.0,100,Buy,224727365
2024-07-19 13:08:00,27200.0,100,Buy,224727366
2024-07-19 13:08:00,27200.0,400,Buy,224727367
2024-07-19 13:08:09,27300.0,300,Buy,224727590
2024-07-19 13:08:14,27300.0,900,Buy,224727808
2024-07-19 13:08:14,27300.0,500,Buy,224727809
2024-07-19 13:08:18,27300.0,100,Buy,224727909
2024-07-19 13:08:18,27300.0,200,Buy,224727910
2024-07-19 13:08:18,27300.0,500,Buy,224727907
2024-07-19 13:08:18,27300.0,100,Buy,224727908
2024-07-19 13:08:28,27350.0,300,Buy,224728205
2024-07-19 13:08:32,27400.0,2100,Buy,224728315
2024-07-19 13:08:33,27350.0,200,Sell,224728334
2024-07-19 13:08:47,27350.0,500,Sell,224728715
2024-07-19 13:08:48,27400.0,1400,Buy,224728760
2024-07-19 13:08:49,27350.0,100,Sell,224728787
2024-07-19 13:08:49,27350.0,100,Sell,224728788
2024-07-19 13:08:49,27350.0,100,Sell,224728789
2024-07-19 13:08:49,27350.0,500,Sell,224728790
2024-07-19 13:08:52,27300.0,500,Sell,224728963
2024-07-19 13:08:52,27300.0,100,Sell,224728962
2024-07-19 13:08:52,27350.0,500,Sell,224728960
2024-07-19 13:08:52,27350.0,100,Sell,224728961
2024-07-19 13:09:01,27400.0,500,Buy,224729217
2024-07-19 13:09:05,27400.0,300,Buy,224729302
2024-07-19 13:09:15,27400.0,100,Buy,224729592
2024-07-19 13:09:15,27400.0,500,Buy,224729593
2024-07-19 13:09:18,27400.0,100,Buy,224729678
2024-07-19 13:09:18,27400.0,100,Buy,224729679
2024-07-19 13:09:18,27400.0,300,Buy,224729680
2024-07-19 13:09:22,27350.0,200,Sell,224729808
2024-07-19 13:09:23,27500.0,700,Buy,224729856
2024-07-19 13:09:23,27500.0,100,Buy,224729855
2024-07-19 13:09:23,27500.0,800,Buy,224729853
2024-07-19 13:09:23,27500.0,100,Buy,224729854
2024-07-19 13:09:23,27500.0,100,Buy,224729851
2024-07-19 13:09:23,27450.0,2000,Buy,224729850
2024-07-19 13:09:23,27400.0,1000,Buy,224729849
2024-07-19 13:09:23,27400.0,200,Buy,224729848
2024-07-19 13:09:23,27500.0,200,Buy,224729852
2024-07-19 13:09:31,27500.0,100,Buy,224730105
2024-07-19 13:09:36,27400.0,100,Sell,224730262
2024-07-19 13:09:38,27500.0,800,Buy,224730321
2024-07-19 13:09:41,27500.0,200,Buy,224730375
2024-07-19 13:09:45,27700.0,300,Buy,224730529
2024-07-19 13:09:45,27700.0,400,Buy,224730528
2024-07-19 13:09:45,27700.0,100,Buy,224730526
2024-07-19 13:09:45,27700.0,300,Buy,224730527
2024-07-19 13:09:45,27700.0,200,Buy,224730524
2024-07-19 13:09:45,27700.0,200,Buy,224730523
2024-07-19 13:09:45,27600.0,100,Buy,224730522
2024-07-19 13:09:45,27550.0,100,Buy,224730521
2024-07-19 13:09:45,27700.0,300,Buy,224730525
2024-07-19 13:09:53,27700.0,1000,Buy,224730763
2024-07-19 13:09:59,27750.0,100,Buy,224730944
2024-07-19 13:09:59,27750.0,200,Buy,224730945
2024-07-19 13:10:04,27750.0,200,Buy,224731090
2024-07-19 13:10:06,27700.0,1000,Sell,224731143
2024-07-19 13:10:07,27750.0,100,Buy,224731159
2024-07-19 13:10:10,27750.0,500,Buy,224731346
2024-07-19 13:10:27,27800.0,100,Buy,224731784
2024-07-19 13:10:28,27800.0,100,Buy,224731816
2024-07-19 13:10:28,27750.0,600,Sell,224731824
2024-07-19 13:10:29,27750.0,300,Sell,224731846
2024-07-19 13:10:29,27750.0,700,Sell,224731847
2024-07-19 13:10:32,27750.0,2000,Sell,224731939
2024-07-19 13:10:32,27800.0,300,Buy,224731928
2024-07-19 13:10:39,27750.0,500,Sell,224732117
2024-07-19 13:10:46,27750.0,2000,Sell,224732364
2024-07-19 13:10:46,27750.0,500,Sell,224732353
2024-07-19 13:10:50,27750.0,100,Sell,224732474
2024-07-19 13:10:52,27800.0,200,Buy,224732525
2024-07-19 13:10:52,27800.0,300,Buy,224732526
2024-07-19 13:10:59,27800.0,100,Buy,224732692
2024-07-19 13:11:00,27800.0,500,Sell,224732722
2024-07-19 13:11:03,27800.0,400,Sell,224732795
2024-07-19 13:11:03,27800.0,100,Sell,224732796
2024-07-19 13:11:16,27800.0,100,Sell,224733131
2024-07-19 13:11:16,27800.0,100,Sell,224733132
2024-07-19 13:11:16,27800.0,200,Sell,224733133
2024-07-19 13:11:16,27800.0,1000,Sell,224733134
2024-07-19 13:11:16,27800.0,200,Sell,224733135
2024-07-19 13:11:18,27800.0,300,Buy,224733194
2024-07-19 13:11:19,27800.0,500,Buy,224733226
2024-07-19 13:11:19,27800.0,1300,Buy,224733208
2024-07-19 13:11:19,27800.0,8500,Buy,224733207
2024-07-19 13:11:19,27800.0,10600,Buy,224733206
2024-07-19 13:11:24,27800.0,3200,Buy,224733336
2024-07-19 13:11:24,27800.0,1800,Buy,224733337
2024-07-19 13:11:32,27800.0,200,Buy,224733594
2024-07-19 13:11:50,27800.0,100,Buy,224734132
2024-07-19 13:11:52,27800.0,200,Buy,224734174
2024-07-19 13:12:23,27800.0,100,Buy,224735002
2024-07-19 13:12:27,27750.0,4600,Sell,224735149
2024-07-19 13:12:27,27750.0,3800,Sell,224735127
2024-07-19 13:12:27,27750.0,1100,Sell,224735126
2024-07-19 13:12:27,27750.0,3400,Sell,224735125
2024-07-19 13:12:27,27750.0,1600,Sell,224735124
2024-07-19 13:12:27,27750.0,2400,Sell,224735123
2024-07-19 13:12:27,27750.0,900,Sell,224735119
2024-07-19 13:12:27,27750.0,200,Sell,224735121
2024-07-19 13:12:27,27750.0,200,Sell,224735122
2024-07-19 13:12:27,27750.0,4200,Sell,224735115
2024-07-19 13:12:27,27750.0,200,Sell,224735116
2024-07-19 13:12:27,27750.0,700,Sell,224735118
2024-07-19 13:12:27,27750.0,200,Sell,224735120
2024-07-19 13:12:27,27750.0,400,Sell,224735117
2024-07-19 13:12:28,27750.0,200,Sell,224735169
2024-07-19 13:12:28,27750.0,200,Sell,224735170
2024-07-19 13:12:28,27750.0,100,Sell,224735171
2024-07-19 13:12:37,27700.0,100,Sell,224735424
2024-07-19 13:12:39,27700.0,1000,Sell,224735445
2024-07-19 13:12:52,27700.0,100,Sell,224735792
2024-07-19 13:12:54,27700.0,1000,Sell,224735857
2024-07-19 13:12:55,27700.0,100,Sell,224735888
2024-07-19 13:13:01,27700.0,700,Sell,224736056
2024-07-19 13:13:01,27700.0,100,Sell,224736054
2024-07-19 13:13:01,27700.0,200,Sell,224736055
2024-07-19 13:13:07,27700.0,200,Sell,224736245
2024-07-19 13:13:07,27700.0,300,Sell,224736247
2024-07-19 13:13:07,27700.0,200,Sell,224736248
2024-07-19 13:13:07,27700.0,6000,Sell,224736249
2024-07-19 13:13:10,27700.0,200,Sell,224736308
2024-07-19 13:13:10,27700.0,100,Sell,224736307
2024-07-19 13:13:10,27700.0,100,Sell,224736305
2024-07-19 13:13:10,27700.0,1000,Sell,224736297
2024-07-19 13:13:10,27700.0,500,Sell,224736306
2024-07-19 13:13:10,27700.0,900,Sell,224736296
2024-07-19 13:13:19,27650.0,200,Sell,224736551
2024-07-19 13:13:19,27650.0,200,Sell,224736552
2024-07-19 13:13:21,27650.0,600,Buy,224736651
2024-07-19 13:13:30,27650.0,400,Sell,224736850
2024-07-19 13:13:35,27650.0,300,Buy,224737073
2024-07-19 13:13:52,27600.0,100,Sell,224737668
2024-07-19 13:13:54,27600.0,100,Sell,224737718
2024-07-19 13:13:54,27600.0,200,Sell,224737719
2024-07-19 13:14:09,27550.0,200,Sell,224738148
2024-07-19 13:14:09,27550.0,2100,Sell,224738149
2024-07-19 13:14:25,27550.0,100,Sell,224738838
2024-07-19 13:14:25,27550.0,1000,Sell,224738837
2024-07-19 13:14:29,27550.0,500,Sell,224739006
2024-07-19 13:14:35,27500.0,100,Sell,224739200
2024-07-19 13:14:35,27500.0,200,Sell,224739201
2024-07-19 13:14:35,27500.0,100,Sell,224739202
2024-07-19 13:14:35,27500.0,100,Sell,224739203
2024-07-19 13:14:36,27550.0,100,Buy,224739331
2024-07-19 13:14:39,27550.0,400,Buy,224739581
2024-07-19 13:14:40,27550.0,100,Sell,224739607
2024-07-19 13:14:48,27500.0,10700,Sell,224739886
2024-07-19 13:14:48,27500.0,1000,Sell,224739885
2024-07-19 13:14:48,27500.0,800,Sell,224739884
2024-07-19 13:14:48,27500.0,1000,Sell,224739882
2024-07-19 13:14:48,27500.0,800,Sell,224739881
2024-07-19 13:14:48,27500.0,200,Sell,224739880
2024-07-19 13:14:48,27500.0,500,Sell,224739883
2024-07-19 13:14:54,27550.0,400,Buy,224740086
2024-07-19 13:15:06,27550.0,100,Buy,224740434
2024-07-19 13:15:06,27550.0,100,Sell,224740437
2024-07-19 13:15:08,27550.0,900,Sell,224740560
2024-07-19 13:15:08,27500.0,100,Sell,224740568
2024-07-19 13:15:14,27500.0,9500,Sell,224740718
2024-07-19 13:15:19,27500.0,3200,Sell,224740864
2024-07-19 13:15:19,27500.0,5900,Sell,224740863
2024-07-19 13:15:19,27500.0,300,Sell,224740862
2024-07-19 13:15:19,27500.0,1500,Sell,224740861
2024-07-19 13:15:19,27500.0,7800,Sell,224740860
2024-07-19 13:15:19,27500.0,1500,Sell,224740858
2024-07-19 13:15:19,27500.0,6900,Sell,224740857
2024-07-19 13:15:19,27500.0,9600,Sell,224740856
2024-07-19 13:15:19,27500.0,2400,Sell,224740859
2024-07-19 13:15:22,27550.0,100,Buy,224740939
2024-07-19 13:15:22,27550.0,100,Buy,224740940
2024-07-19 13:15:24,27550.0,200,Sell,224740993
2024-07-19 13:15:24,27500.0,900,Sell,224740994
2024-07-19 13:15:24,27500.0,200,Sell,224740995
2024-07-19 13:15:24,27500.0,100,Sell,224740996
2024-07-19 13:15:24,27500.0,100,Sell,224740997
2024-07-19 13:15:24,27500.0,100,Sell,224740998
2024-07-19 13:15:26,27500.0,1400,Buy,224741101
2024-07-19 13:15:36,27500.0,600,Sell,224741387
2024-07-19 13:15:36,27500.0,100,Sell,224741388
2024-07-19 13:15:38,27500.0,200,Buy,224741425
2024-07-19 13:15:43,27450.0,1000,Sell,224741598
2024-07-19 13:16:02,27450.0,100,Sell,224742228
2024-07-19 13:16:02,27450.0,400,Sell,224742240
2024-07-19 13:16:08,27450.0,2000,Sell,224742384
2024-07-19 13:16:14,27450.0,1100,Sell,224742570
2024-07-19 13:16:14,27450.0,1900,Sell,224742571
2024-07-19 13:16:17,27450.0,1700,Sell,224742668
2024-07-19 13:16:17,27450.0,1000,Sell,224742669
2024-07-19 13:16:17,27450.0,100,Sell,224742670
2024-07-19 13:16:17,27450.0,100,Sell,224742671
2024-07-19 13:16:17,27450.0,100,Sell,224742676
2024-07-19 13:16:20,27450.0,400,Sell,224742751
2024-07-19 13:16:33,27450.0,100,Buy,224743155
2024-07-19 13:16:35,27450.0,100,Buy,224743226
2024-07-19 13:16:41,27450.0,2000,Buy,224743406
2024-07-19 13:16:44,27450.0,500,Buy,224743486
2024-07-19 13:16:45,27450.0,100,Buy,224743504
2024-07-19 13:16:48,27400.0,200,Sell,224743598
2024-07-19 13:16:48,27400.0,1000,Sell,224743599
2024-07-19 13:16:48,27400.0,700,Sell,224743600
2024-07-19 13:16:48,27400.0,100,Sell,224743597
2024-07-19 13:16:49,27400.0,2300,Sell,224743626
2024-07-19 13:16:49,27400.0,200,Sell,224743627
2024-07-19 13:16:59,27400.0,200,Sell,224743886
2024-07-19 13:17:00,27400.0,600,Sell,224743941
2024-07-19 13:17:00,27400.0,1000,Sell,224743942
2024-07-19 13:17:00,27400.0,500,Sell,224743943
2024-07-19 13:17:12,27400.0,6000,Buy,224744246
2024-07-19 13:17:18,27400.0,100,Buy,224744404
2024-07-19 13:17:18,27400.0,1800,Buy,224744406
2024-07-19 13:17:19,27400.0,1000,Sell,224744414
2024-07-19 13:17:21,27400.0,100,Sell,224744488
2024-07-19 13:17:26,27400.0,100,Sell,224744624
2024-07-19 13:17:28,27400.0,100,Buy,224744681
2024-07-19 13:17:37,27400.0,100,Buy,224744862
2024-07-19 13:17:39,27400.0,600,Buy,224744910
2024-07-19 13:17:39,27400.0,700,Buy,224744911
2024-07-19 13:18:13,27400.0,100,Sell,224745873
2024-07-19 13:18:28,27350.0,7300,Sell,224746335
2024-07-19 13:18:28,27350.0,10300,Sell,224746334
2024-07-19 13:18:28,27400.0,2000,Sell,224746331
2024-07-19 13:18:28,27400.0,100,Sell,224746330
2024-07-19 13:18:28,27400.0,3000,Sell,224746329
2024-07-19 13:18:28,27350.0,300,Sell,224746333
2024-07-19 13:18:28,27400.0,200,Sell,224746327
2024-07-19 13:18:28,27400.0,2000,Sell,224746328
2024-07-19 13:18:28,27400.0,1600,Sell,224746322
2024-07-19 13:18:28,27400.0,100,Sell,224746323
2024-07-19 13:18:28,27350.0,300,Sell,224746332
2024-07-19 13:18:28,27400.0,1000,Sell,224746325
2024-07-19 13:18:28,27400.0,300,Sell,224746326
2024-07-19 13:18:28,27400.0,3600,Sell,224746324
2024-07-19 13:18:30,27400.0,300,Sell,224746427
2024-07-19 13:18:32,27400.0,200,Sell,224746488
2024-07-19 13:18:47,27400.0,100,Buy,224746908
2024-07-19 13:19:01,27400.0,100,Buy,224747394
2024-07-19 13:19:01,27400.0,2000,Buy,224747395
2024-07-19 13:19:01,27400.0,200,Buy,224747396
2024-07-19 13:19:01,27400.0,600,Buy,224747397
2024-07-19 13:19:16,27400.0,200,Sell,224747830
2024-07-19 13:19:28,27400.0,100,Sell,224748215
2024-07-19 13:19:29,27400.0,1000,Sell,224748246
2024-07-19 13:19:38,27400.0,100,Sell,224748437
2024-07-19 13:19:43,27400.0,700,Sell,224748526
2024-07-19 13:19:44,27400.0,400,Sell,224748529
2024-07-19 13:19:47,27400.0,100,Sell,224748638
2024-07-19 13:19:59,27400.0,1900,Sell,224749037
2024-07-19 13:19:59,27400.0,100,Sell,224749035
2024-07-19 13:19:59,27400.0,1000,Sell,224749036
2024-07-19 13:20:01,27400.0,100,Sell,224749081
2024-07-19 13:20:01,27400.0,900,Sell,224749082
2024-07-19 13:20:02,27400.0,300,Sell,224749119
2024-07-19 13:20:02,27400.0,1800,Sell,224749123
2024-07-19 13:20:02,27400.0,100,Sell,224749124
2024-07-19 13:20:02,27400.0,100,Sell,224749125
2024-07-19 13:20:02,27400.0,100,Sell,224749126
2024-07-19 13:20:03,27400.0,200,Sell,224749185
2024-07-19 13:20:03,27400.0,800,Sell,224749186
2024-07-19 13:20:03,27400.0,100,Sell,224749187
2024-07-19 13:20:03,27400.0,100,Sell,224749188
2024-07-19 13:20:03,27400.0,7900,Sell,224749189
2024-07-19 13:20:15,27400.0,300,Sell,224749803
2024-07-19 13:20:24,27400.0,100,Sell,224750110
2024-07-19 13:20:25,27400.0,200,Sell,224750135
2024-07-19 13:20:25,27400.0,900,Sell,224750136
2024-07-19 13:20:25,27400.0,1700,Sell,224750134
2024-07-19 13:20:34,27400.0,1100,Sell,224750354
2024-07-19 13:20:34,27400.0,500,Sell,224750355
2024-07-19 13:20:34,27400.0,1000,Sell,224750412
2024-07-19 13:20:53,27400.0,100,Sell,224750936
2024-07-19 13:20:57,27400.0,400,Sell,224751003
2024-07-19 13:20:57,27400.0,100,Sell,224751004
2024-07-19 13:20:58,27400.0,1000,Sell,224751026
2024-07-19 13:21:06,27400.0,700,Sell,224751247
2024-07-19 13:21:06,27400.0,200,Sell,224751248
2024-07-19 13:21:06,27400.0,100,Sell,224751249
2024-07-19 13:21:06,27400.0,200,Sell,224751250
2024-07-19 13:21:07,27400.0,100,Buy,224751271
2024-07-19 13:21:12,27400.0,100,Buy,224751411
2024-07-19 13:21:39,27350.0,300,Sell,224752104
2024-07-19 13:21:50,27400.0,4000,Buy,224752344
2024-07-19 13:22:00,27350.0,1000,Sell,224752824
2024-07-19 13:22:05,27350.0,3000,Sell,224752938
2024-07-19 13:22:10,27350.0,300,Sell,224753055
2024-07-19 13:22:15,27350.0,200,Sell,224753216
2024-07-19 13:22:17,27350.0,700,Sell,224753282
2024-07-19 13:22:24,27350.0,2000,Sell,224753619
2024-07-19 13:22:29,27350.0,10000,Sell,224753766
2024-07-19 13:22:33,27350.0,100,Sell,224753940
2024-07-19 13:22:35,27350.0,5900,Sell,224753973
2024-07-19 13:22:46,27350.0,9200,Sell,224754341
2024-07-19 13:22:46,27350.0,800,Sell,224754342
2024-07-19 13:22:49,27200.0,200,Sell,224754469
2024-07-19 13:22:49,27200.0,1100,Sell,224754474
2024-07-19 13:22:49,27200.0,100,Sell,224754475
2024-07-19 13:22:49,27200.0,1400,Sell,224754479
2024-07-19 13:22:49,27200.0,100,Sell,224754476
2024-07-19 13:22:49,27200.0,1000,Sell,224754477
2024-07-19 13:22:49,27200.0,1000,Sell,224754478
2024-07-19 13:22:49,27200.0,300,Sell,224754480
2024-07-19 13:22:49,27200.0,10000,Sell,224754486
2024-07-19 13:22:49,27200.0,100,Sell,224754482
2024-07-19 13:22:49,27200.0,200,Sell,224754483
2024-07-19 13:22:49,27200.0,100,Sell,224754484
2024-07-19 13:22:49,27200.0,200,Sell,224754485
2024-07-19 13:22:49,27200.0,200,Sell,224754487
2024-07-19 13:22:49,27200.0,200,Sell,224754488
2024-07-19 13:22:49,27200.0,100,Sell,224754468
2024-07-19 13:22:49,27200.0,100,Sell,224754481
2024-07-19 13:22:49,27200.0,400,Sell,224754467
2024-07-19 13:22:49,27350.0,2200,Sell,224754447
2024-07-19 13:22:49,27300.0,100,Sell,224754465
2024-07-19 13:22:49,27350.0,2000,Sell,224754448
2024-07-19 13:22:49,27350.0,700,Sell,224754449
2024-07-19 13:22:49,27300.0,3000,Sell,224754450
2024-07-19 13:22:49,27300.0,200,Sell,224754451
2024-07-19 13:22:49,27300.0,100,Sell,224754452
2024-07-19 13:22:49,27300.0,300,Sell,224754453
2024-07-19 13:22:49,27300.0,200,Sell,224754454
2024-07-19 13:22:49,27300.0,5000,Sell,224754455
2024-07-19 13:22:49,27300.0,500,Sell,224754466
2024-07-19 13:22:49,27300.0,800,Sell,224754457
2024-07-19 13:22:49,27300.0,100,Sell,224754458
2024-07-19 13:22:49,27300.0,100,Sell,224754459
2024-07-19 13:22:49,27300.0,100,Sell,224754460
2024-07-19 13:22:49,27300.0,200,Sell,224754461
2024-07-19 13:22:49,27300.0,1000,Sell,224754462
2024-07-19 13:22:49,27300.0,500,Sell,224754463
2024-07-19 13:22:49,27300.0,100,Sell,224754464
2024-07-19 13:22:49,27300.0,1000,Sell,224754456
2024-07-19 13:22:57,27250.0,500,Sell,224754817
2024-07-19 13:22:57,27200.0,500,Sell,224754818
2024-07-19 13:22:57,27200.0,500,Sell,224754838
2024-07-19 13:23:08,27350.0,400,Buy,224755167
2024-07-19 13:23:10,27200.0,200,Sell,224755210
2024-07-19 13:23:10,27200.0,100,Sell,224755202
2024-07-19 13:23:20,27200.0,400,Sell,224755488
2024-07-19 13:23:32,27200.0,1100,Sell,224755871
2024-07-19 13:23:32,27200.0,500,Sell,224755872
2024-07-19 13:23:32,27200.0,900,Sell,224755873
2024-07-19 13:23:34,27100.0,1500,Sell,224755946
2024-07-19 13:23:34,27100.0,1000,Sell,224755945
2024-07-19 13:23:34,27100.0,1000,Sell,224755944
2024-07-19 13:23:34,27100.0,500,Sell,224755943
2024-07-19 13:23:34,27100.0,400,Sell,224755942
2024-07-19 13:23:34,27150.0,3700,Sell,224755941
2024-07-19 13:23:34,27150.0,1000,Sell,224755940
2024-07-19 13:23:34,27150.0,200,Sell,224755939
2024-07-19 13:23:34,27150.0,300,Sell,224755937
2024-07-19 13:23:34,27150.0,300,Sell,224755936
2024-07-19 13:23:34,27200.0,2200,Sell,224755935
2024-07-19 13:23:34,27200.0,300,Sell,224755934
2024-07-19 13:23:34,27200.0,100,Sell,224755933
2024-07-19 13:23:34,27200.0,3000,Sell,224755932
2024-07-19 13:23:34,27200.0,300,Sell,224755931
2024-07-19 13:23:34,27150.0,2000,Sell,224755938
2024-07-19 13:23:34,27200.0,2200,Sell,224755930
2024-07-19 13:23:43,27200.0,100,Buy,224756222
2024-07-19 13:23:44,27200.0,100,Buy,224756247
2024-07-19 13:23:52,27200.0,600,Buy,224756500
2024-07-19 13:23:56,27100.0,500,Sell,224756615
2024-07-19 13:23:57,27100.0,1000,Sell,224756645
2024-07-19 13:23:57,27100.0,300,Sell,224756646
2024-07-19 13:23:57,27100.0,500,Sell,224756647
2024-07-19 13:23:57,27100.0,300,Sell,224756648
2024-07-19 13:23:57,27100.0,100,Sell,224756649
2024-07-19 13:23:57,27100.0,200,Sell,224756650
2024-07-19 13:23:57,27100.0,1900,Sell,224756651
2024-07-19 13:23:57,27100.0,8000,Sell,224756644
2024-07-19 13:23:59,27150.0,700,Sell,224756684
2024-07-19 13:23:59,27100.0,4300,Sell,224756685
2024-07-19 13:24:07,27200.0,1000,Buy,224756913
2024-07-19 13:24:14,27100.0,1800,Sell,224757089
2024-07-19 13:24:14,27150.0,200,Sell,224757088
2024-07-19 13:24:18,27150.0,500,Sell,224757209
2024-07-19 13:24:20,27150.0,3600,Buy,224757280
2024-07-19 13:24:26,27150.0,100,Buy,224757551
2024-07-19 13:24:28,27150.0,500,Buy,224757587
2024-07-19 13:24:30,27150.0,100,Buy,224757646
2024-07-19 13:24:31,27150.0,100,Buy,224757659
2024-07-19 13:24:31,27150.0,100,Buy,224757670
2024-07-19 13:24:31,27150.0,400,Buy,224757671
2024-07-19 13:24:36,27150.0,500,Buy,224757976
2024-07-19 13:24:37,27150.0,500,Buy,224757997
2024-07-19 13:24:37,27100.0,1900,Sell,224757998
2024-07-19 13:24:37,27100.0,1000,Sell,224757999
2024-07-19 13:24:37,27100.0,600,Sell,224758000
2024-07-19 13:24:37,27100.0,100,Sell,224757995
2024-07-19 13:24:47,27100.0,200,Sell,224758286
2024-07-19 13:24:47,27100.0,1000,Sell,224758287
2024-07-19 13:24:47,27100.0,200,Sell,224758288
2024-07-19 13:24:47,27100.0,100,Sell,224758289
2024-07-19 13:24:47,27100.0,900,Sell,224758290
2024-07-19 13:24:48,27100.0,600,Sell,224758322
2024-07-19 13:24:48,27100.0,100,Sell,224758323
2024-07-19 13:24:48,27100.0,100,Sell,224758324
2024-07-19 13:24:48,27100.0,500,Sell,224758325
2024-07-19 13:24:48,27100.0,2000,Sell,224758326
2024-07-19 13:24:48,27100.0,100,Sell,224758331
2024-07-19 13:24:48,27100.0,100,Sell,224758328
2024-07-19 13:24:48,27100.0,500,Sell,224758329
2024-07-19 13:24:48,27100.0,500,Sell,224758330
2024-07-19 13:24:48,27100.0,500,Sell,224758332
2024-07-19 13:24:48,27100.0,200,Sell,224758321
2024-07-19 13:24:48,27100.0,500,Sell,224758320
2024-07-19 13:24:48,27100.0,200,Sell,224758327
2024-07-19 13:24:48,27100.0,300,Sell,224758318
2024-07-19 13:24:48,27100.0,100,Sell,224758302
2024-07-19 13:24:48,27100.0,300,Sell,224758303
2024-07-19 13:24:48,27100.0,100,Sell,224758304
2024-07-19 13:24:48,27100.0,1500,Sell,224758305
2024-07-19 13:24:48,27100.0,300,Sell,224758306
2024-07-19 13:24:48,27100.0,200,Sell,224758319
2024-07-19 13:24:48,27100.0,500,Sell,224758308
2024-07-19 13:24:48,27100.0,300,Sell,224758317
2024-07-19 13:24:48,27100.0,300,Sell,224758316
2024-07-19 13:24:48,27100.0,100,Sell,224758307
2024-07-19 13:24:48,27100.0,500,Sell,224758309
2024-07-19 13:24:48,27100.0,100,Sell,224758315
2024-07-19 13:24:50,27100.0,200,Buy,224758359
2024-07-19 13:24:52,27100.0,1000,Buy,224758484
2024-07-19 13:24:52,27100.0,200,Buy,224758488
2024-07-19 13:24:55,27100.0,200,Buy,224758544
2024-07-19 13:25:01,27100.0,100,Buy,224758685
2024-07-19 13:25:01,27100.0,7900,Buy,224758683
2024-07-19 13:25:01,27100.0,100,Buy,224758684
2024-07-19 13:25:03,27100.0,1900,Sell,224758743
2024-07-19 13:25:05,27050.0,100,Sell,224758833
2024-07-19 13:25:05,27050.0,200,Sell,224758834
2024-07-19 13:25:05,27050.0,200,Sell,224758835
2024-07-19 13:25:05,27050.0,1000,Sell,224758832
2024-07-19 13:25:07,27100.0,100,Buy,224758891
2024-07-19 13:25:08,27100.0,100,Buy,224758910
2024-07-19 13:25:08,27100.0,1100,Buy,224758927
2024-07-19 13:25:10,27100.0,1900,Buy,224758961
2024-07-19 13:25:18,27100.0,500,Sell,224759183
2024-07-19 13:25:20,27100.0,400,Sell,224759241
2024-07-19 13:25:24,27150.0,2000,Buy,224759344
2024-07-19 13:25:27,27150.0,800,Buy,224759446
2024-07-19 13:25:43,27150.0,1000,Sell,224760057
2024-07-19 13:25:50,27200.0,100,Buy,224760330
2024-07-19 13:25:50,27150.0,200,Sell,224760328
2024-07-19 13:25:50,27150.0,300,Sell,224760329
2024-07-19 13:25:55,27200.0,100,Buy,224760497
2024-07-19 13:25:55,27200.0,1000,Buy,224760498
2024-07-19 13:25:55,27200.0,500,Buy,224760499
2024-07-19 13:25:55,27200.0,300,Buy,224760500
2024-07-19 13:25:59,27200.0,2200,Buy,224760617
2024-07-19 13:25:59,27150.0,100,Sell,224760628
2024-07-19 13:26:02,27200.0,2000,Buy,224760700
2024-07-19 13:26:04,27200.0,500,Buy,224760749
2024-07-19 13:26:04,27200.0,300,Buy,224760750
2024-07-19 13:26:04,27200.0,300,Buy,224760751
2024-07-19 13:26:11,27200.0,500,Buy,224761018
2024-07-19 13:26:11,27200.0,500,Buy,224761010
2024-07-19 13:26:11,27150.0,200,Sell,224761000
2024-07-19 13:26:11,27200.0,2000,Buy,224760999
2024-07-19 13:26:27,27200.0,100,Sell,224761521
2024-07-19 13:26:35,27250.0,200,Buy,224761702
2024-07-19 13:26:35,27250.0,200,Buy,224761703
2024-07-19 13:26:50,27250.0,800,Buy,224762092
2024-07-19 13:26:50,27250.0,200,Buy,224762093
2024-07-19 13:26:54,27250.0,800,Buy,224762206
2024-07-19 13:26:56,27250.0,300,Buy,224762274
2024-07-19 13:27:03,27250.0,200,Buy,224762427
2024-07-19 13:27:06,27250.0,100,Buy,224762493
2024-07-19 13:27:06,27250.0,500,Buy,224762492
2024-07-19 13:27:21,27350.0,1000,Buy,224762979
2024-07-19 13:27:32,27350.0,400,Buy,224763336
2024-07-19 13:27:58,27350.0,300,Buy,224764129
2024-07-19 13:28:07,27350.0,1000,Buy,224764448
2024-07-19 13:28:07,27350.0,300,Buy,224764462
2024-07-19 13:28:07,27350.0,2000,Buy,224764463
2024-07-19 13:28:07,27350.0,100,Buy,224764464
2024-07-19 13:28:08,27350.0,1000,Buy,224764518
2024-07-19 13:28:11,27350.0,1000,Buy,224764615
2024-07-19 13:28:11,27350.0,900,Buy,224764616
2024-07-19 13:28:25,27350.0,100,Sell,224765095
2024-07-19 13:28:25,27350.0,800,Sell,224765096
2024-07-19 13:28:38,27350.0,1000,Sell,224765486
2024-07-19 13:28:40,27400.0,400,Buy,224765524
2024-07-19 13:28:59,27400.0,100,Buy,224766110
2024-07-19 13:29:15,27400.0,200,Buy,224766626
2024-07-19 13:29:22,27400.0,3200,Buy,224766922
2024-07-19 13:29:22,27400.0,200,Buy,224766923
2024-07-19 13:29:22,27400.0,100,Buy,224766924
2024-07-19 13:29:22,27400.0,3500,Buy,224766925
2024-07-19 13:29:22,27400.0,100,Buy,224766916
2024-07-19 13:29:24,27400.0,100,Buy,224766967
2024-07-19 13:29:49,27400.0,100,Buy,224767767
2024-07-19 13:30:16,27350.0,300,Sell,224768675
2024-07-19 13:30:16,27350.0,700,Sell,224768676
2024-07-19 13:30:19,27400.0,500,Buy,224768896
2024-07-19 13:30:21,27350.0,1000,Sell,224768930
2024-07-19 13:30:21,27350.0,2000,Sell,224768929
2024-07-19 13:30:21,27350.0,100,Sell,224768931
2024-07-19 13:30:21,27350.0,500,Sell,224768927
2024-07-19 13:30:21,27350.0,800,Sell,224768926
2024-07-19 13:30:21,27350.0,2000,Sell,224768928
2024-07-19 13:30:44,27350.0,1000,Buy,224769730
2024-07-19 13:30:53,27350.0,100,Buy,224769957
2024-07-19 13:30:53,27350.0,400,Buy,224769958
2024-07-19 13:31:09,27350.0,800,Buy,224770459
2024-07-19 13:31:13,27350.0,200,Buy,224770556
2024-07-19 13:31:19,27350.0,400,Buy,224770746
2024-07-19 13:31:49,27350.0,100,Buy,224771633
2024-07-19 13:31:49,27350.0,100,Buy,224771634
2024-07-19 13:31:53,27300.0,1300,Sell,224771870
2024-07-19 13:31:53,27300.0,1000,Sell,224771869
2024-07-19 13:31:53,27300.0,200,Sell,224771868
2024-07-19 13:31:53,27300.0,100,Sell,224771867
2024-07-19 13:31:53,27300.0,200,Sell,224771865
2024-07-19 13:31:53,27300.0,1000,Sell,224771864
2024-07-19 13:31:53,27300.0,500,Sell,224771863
2024-07-19 13:31:53,27300.0,500,Sell,224771862
2024-07-19 13:31:53,27300.0,200,Sell,224771866
2024-07-19 13:31:56,27350.0,200,Buy,224772013
2024-07-19 13:32:00,27300.0,700,Sell,224772105
2024-07-19 13:32:00,27300.0,400,Sell,224772106
2024-07-19 13:32:05,27300.0,400,Sell,224772328
2024-07-19 13:32:05,27300.0,300,Sell,224772327
2024-07-19 13:32:05,27300.0,600,Sell,224772326
2024-07-19 13:32:06,27300.0,700,Buy,224772388
2024-07-19 13:32:09,27250.0,300,Sell,224772482
2024-07-19 13:32:09,27250.0,200,Sell,224772481
2024-07-19 13:32:09,27250.0,300,Sell,224772480
2024-07-19 13:32:09,27250.0,200,Sell,224772479
2024-07-19 13:32:09,27250.0,200,Sell,224772478
2024-07-19 13:32:09,27250.0,200,Sell,224772475
2024-07-19 13:32:09,27250.0,500,Sell,224772476
2024-07-19 13:32:09,27300.0,300,Sell,224772471
2024-07-19 13:32:09,27250.0,100,Sell,224772472
2024-07-19 13:32:09,27250.0,100,Sell,224772477
2024-07-19 13:32:09,27250.0,100,Sell,224772474
2024-07-19 13:32:09,27250.0,500,Sell,224772473
2024-07-19 13:32:13,27350.0,100,Buy,224772582
2024-07-19 13:32:14,27350.0,200,Buy,224772608
2024-07-19 13:32:14,27350.0,1000,Buy,224772609
2024-07-19 13:32:14,27350.0,200,Buy,224772610
2024-07-19 13:32:14,27350.0,100,Buy,224772611
2024-07-19 13:32:14,27350.0,500,Buy,224772612
2024-07-19 13:32:21,27300.0,100,Buy,224773000
2024-07-19 13:32:28,27350.0,500,Buy,224773197
2024-07-19 13:32:29,27300.0,100,Sell,224773245
2024-07-19 13:32:41,27250.0,3000,Sell,224773543
2024-07-19 13:32:48,27300.0,700,Buy,224773734
2024-07-19 13:32:57,27300.0,100,Buy,224774022
2024-07-19 13:33:05,27300.0,10000,Buy,224774301
2024-07-19 13:33:09,27350.0,1300,Buy,224774485
2024-07-19 13:33:09,27300.0,1100,Buy,224774454
2024-07-19 13:33:09,27300.0,1900,Buy,224774455
2024-07-19 13:33:09,27300.0,1100,Buy,224774481
2024-07-19 13:33:09,27300.0,600,Buy,224774482
2024-07-19 13:33:09,27300.0,1000,Buy,224774483
2024-07-19 13:33:09,27350.0,1000,Buy,224774484
2024-07-19 13:33:11,27300.0,100,Buy,224774543
2024-07-19 13:33:11,27300.0,1000,Buy,224774536
2024-07-19 13:33:11,27300.0,200,Buy,224774537
2024-07-19 13:33:35,27300.0,100,Sell,224775129
2024-07-19 13:33:38,27350.0,700,Buy,224775212
2024-07-19 13:33:38,27350.0,1600,Buy,224775213
2024-07-19 13:33:38,27350.0,2000,Buy,224775214
2024-07-19 13:33:38,27350.0,700,Buy,224775215
2024-07-19 13:33:39,27300.0,1000,Sell,224775251
2024-07-19 13:33:43,27300.0,500,Sell,224775326
2024-07-19 13:33:44,27300.0,300,Sell,224775419
2024-07-19 13:33:44,27300.0,2700,Sell,224775420
2024-07-19 13:33:48,27300.0,2300,Sell,224775526
2024-07-19 13:33:48,27300.0,500,Sell,224775527
2024-07-19 13:33:48,27300.0,200,Sell,224775528
2024-07-19 13:33:48,27300.0,500,Sell,224775529
2024-07-19 13:33:50,27300.0,2000,Buy,224775580
2024-07-19 13:33:55,27300.0,300,Buy,224775720
2024-07-19 13:34:06,27300.0,500,Buy,224775934
2024-07-19 13:34:11,27300.0,500,Buy,224776033
2024-07-19 13:34:13,27300.0,2000,Buy,224776098
2024-07-19 13:34:16,27300.0,300,Buy,224776163
2024-07-19 13:34:27,27250.0,100,Sell,224776546
2024-07-19 13:34:27,27250.0,3900,Sell,224776547
2024-07-19 13:34:34,27300.0,500,Buy,224776789
2024-07-19 13:34:56,27250.0,1000,Sell,224777355
2024-07-19 13:35:01,27250.0,200,Sell,224777481
2024-07-19 13:35:01,27250.0,1000,Sell,224777480
2024-07-19 13:35:01,27250.0,400,Sell,224777479
2024-07-19 13:35:01,27250.0,500,Sell,224777477
2024-07-19 13:35:01,27250.0,100,Sell,224777478
2024-07-19 13:35:01,27250.0,8300,Sell,224777475
2024-07-19 13:35:01,27250.0,2700,Sell,224777471
2024-07-19 13:35:01,27250.0,100,Sell,224777472
2024-07-19 13:35:01,27250.0,100,Sell,224777476
2024-07-19 13:35:01,27250.0,200,Sell,224777474
2024-07-19 13:35:01,27250.0,500,Sell,224777473
2024-07-19 13:35:06,27250.0,500,Buy,224777709
2024-07-19 13:35:17,27250.0,300,Buy,224778020
2024-07-19 13:35:17,27250.0,100,Buy,224778021
2024-07-19 13:35:17,27250.0,400,Buy,224778022
2024-07-19 13:35:19,27250.0,500,Sell,224778089
2024-07-19 13:35:19,27200.0,500,Sell,224778090
2024-07-19 13:35:23,27200.0,100,Sell,224778252
2024-07-19 13:35:23,27200.0,5000,Sell,224778251
2024-07-19 13:35:23,27200.0,500,Sell,224778250
2024-07-19 13:35:23,27200.0,500,Sell,224778249
2024-07-19 13:35:23,27200.0,200,Sell,224778248
2024-07-19 13:35:23,27200.0,300,Sell,224778247
2024-07-19 13:35:23,27200.0,300,Sell,224778246
2024-07-19 13:35:23,27200.0,100,Sell,224778245
2024-07-19 13:35:23,27200.0,1000,Sell,224778242
2024-07-19 13:35:23,27200.0,4000,Sell,224778243
2024-07-19 13:35:23,27200.0,1000,Sell,224778241
2024-07-19 13:35:23,27200.0,200,Sell,224778239
2024-07-19 13:35:23,27200.0,200,Sell,224778238
2024-07-19 13:35:23,27200.0,100,Sell,224778237
2024-07-19 13:35:23,27200.0,600,Sell,224778236
2024-07-19 13:35:23,27200.0,400,Sell,224778244
2024-07-19 13:35:23,27200.0,1000,Sell,224778240
2024-07-19 13:35:26,27250.0,100,Buy,224778313
2024-07-19 13:35:33,27250.0,1000,Buy,224778555
2024-07-19 13:35:36,27250.0,200,Buy,224778645
2024-07-19 13:35:39,27250.0,100,Buy,224778714
2024-07-19 13:35:39,27250.0,300,Buy,224778694
2024-07-19 13:35:40,27250.0,600,Buy,224778726
2024-07-19 13:35:40,27250.0,400,Buy,224778727
2024-07-19 13:35:44,27200.0,3300,Sell,224778887
2024-07-19 13:35:44,27200.0,500,Sell,224778885
2024-07-19 13:35:44,27200.0,500,Sell,224778884
2024-07-19 13:35:44,27200.0,1000,Sell,224778883
2024-07-19 13:35:44,27200.0,100,Sell,224778875
2024-07-19 13:35:44,27200.0,100,Sell,224778886
2024-07-19 13:35:44,27200.0,10000,Sell,224778873
2024-07-19 13:35:44,27200.0,700,Sell,224778872
2024-07-19 13:35:44,27200.0,2000,Sell,224778871
2024-07-19 13:35:44,27200.0,500,Sell,224778870
2024-07-19 13:35:44,27200.0,200,Sell,224778869
2024-07-19 13:35:44,27200.0,900,Sell,224778868
2024-07-19 13:35:44,27200.0,200,Sell,224778874
2024-07-19 13:35:45,27250.0,100,Buy,224778898
2024-07-19 13:35:46,27200.0,400,Sell,224779006
2024-07-19 13:35:53,27250.0,100,Buy,224779134
2024-07-19 13:35:54,27200.0,100,Sell,224779148
2024-07-19 13:36:05,27200.0,500,Sell,224779473
2024-07-19 13:36:11,27200.0,600,Sell,224779673
2024-07-19 13:36:11,27200.0,100,Sell,224779674
2024-07-19 13:36:11,27200.0,300,Sell,224779675
2024-07-19 13:36:18,27200.0,9700,Sell,224779854
2024-07-19 13:36:18,27200.0,300,Sell,224779855
2024-07-19 13:36:18,27200.0,100,Sell,224779856
2024-07-19 13:36:18,27200.0,4000,Sell,224779857
2024-07-19 13:36:19,27200.0,100,Buy,224779918
2024-07-19 13:36:26,27200.0,500,Buy,224780089
2024-07-19 13:36:28,27200.0,400,Buy,224780149
2024-07-19 13:36:31,27200.0,1000,Buy,224780235
2024-07-19 13:36:35,27200.0,100,Buy,224780375
2024-07-19 13:36:44,27200.0,100,Buy,224780670
2024-07-19 13:36:45,27200.0,100,Buy,224780723
2024-07-19 13:36:46,27200.0,1400,Buy,224780755
2024-07-19 13:36:46,27200.0,3600,Buy,224780754
2024-07-19 13:36:58,27200.0,100,Buy,224781099
2024-07-19 13:37:13,27150.0,200,Sell,224781532
2024-07-19 13:37:13,27150.0,1800,Sell,224781533
2024-07-19 13:37:18,27150.0,100,Sell,224781652
2024-07-19 13:37:33,27200.0,11000,Buy,224782050
2024-07-19 13:37:33,27200.0,1500,Buy,224782051
2024-07-19 13:37:33,27200.0,500,Buy,224782052
2024-07-19 13:37:33,27200.0,500,Buy,224782053
2024-07-19 13:37:33,27200.0,5000,Buy,224782054
2024-07-19 13:37:33,27200.0,400,Buy,224782055
2024-07-19 13:37:44,27200.0,1100,Sell,224782331
2024-07-19 13:37:51,27200.0,1000,Buy,224782527
2024-07-19 13:37:53,27200.0,200,Buy,224782556
2024-07-19 13:37:54,27200.0,100,Buy,224782580
2024-07-19 13:38:12,27200.0,100,Buy,224783021
2024-07-19 13:38:13,27200.0,500,Buy,224783040
2024-07-19 13:38:14,27200.0,400,Buy,224783073
2024-07-19 13:38:22,27200.0,1300,Buy,224783280
2024-07-19 13:38:22,27200.0,300,Buy,224783286
2024-07-19 13:38:22,27200.0,200,Buy,224783287
2024-07-19 13:38:22,27200.0,300,Buy,224783288
2024-07-19 13:38:23,27150.0,100,Sell,224783320
2024-07-19 13:38:23,27150.0,200,Sell,224783321
2024-07-19 13:38:25,27200.0,1500,Buy,224783342
2024-07-19 13:38:25,27200.0,1400,Buy,224783343
2024-07-19 13:38:35,27200.0,700,Sell,224783558
2024-07-19 13:38:35,27200.0,300,Sell,224783554
2024-07-19 13:38:43,27300.0,1800,Buy,224783852
2024-07-19 13:38:43,27300.0,500,Buy,224783851
2024-07-19 13:38:43,27250.0,100,Buy,224783848
2024-07-19 13:38:43,27250.0,500,Buy,224783849
2024-07-19 13:38:43,27300.0,100,Buy,224783850
2024-07-19 13:39:17,27300.0,1900,Buy,224784792
2024-07-19 13:39:17,27300.0,100,Buy,224784793
2024-07-19 13:39:17,27300.0,3100,Buy,224784794
2024-07-19 13:39:17,27300.0,600,Buy,224784795
2024-07-19 13:39:17,27300.0,200,Buy,224784796
2024-07-19 13:39:48,27300.0,200,Buy,224785671
2024-07-19 13:39:48,27300.0,400,Buy,224785670
2024-07-19 13:39:48,27300.0,100,Buy,224785668
2024-07-19 13:39:48,27300.0,100,Buy,224785667
2024-07-19 13:39:48,27300.0,500,Buy,224785669
2024-07-19 13:39:53,27250.0,500,Sell,224785869
2024-07-19 13:39:58,27250.0,100,Sell,224786057
2024-07-19 13:39:59,27300.0,1800,Buy,224786083
2024-07-19 13:39:59,27300.0,200,Buy,224786084
2024-07-19 13:39:59,27300.0,3000,Buy,224786085
2024-07-19 13:40:15,27300.0,1000,Buy,224786514
2024-07-19 13:40:20,27300.0,500,Buy,224786788
2024-07-19 13:40:31,27250.0,100,Sell,224787162
2024-07-19 13:40:32,27300.0,500,Buy,224787187
2024-07-19 13:41:04,27300.0,500,Buy,224788496
2024-07-19 13:41:25,27250.0,200,Sell,224789331
2024-07-19 13:41:35,27250.0,100,Sell,224789586
2024-07-19 13:41:35,27250.0,700,Sell,224789585
2024-07-19 13:41:42,27300.0,100,Buy,224789790
2024-07-19 13:42:00,27250.0,700,Sell,224790237
2024-07-19 13:42:21,27250.0,100,Sell,224790930
2024-07-19 13:42:25,27250.0,300,Sell,224791127
2024-07-19 13:42:25,27250.0,300,Sell,224791128
2024-07-19 13:42:27,27250.0,700,Sell,224791170
2024-07-19 13:42:27,27250.0,100,Sell,224791171
2024-07-19 13:42:27,27250.0,500,Sell,224791172
2024-07-19 13:42:27,27250.0,100,Sell,224791173
2024-07-19 13:42:27,27250.0,500,Sell,224791174
2024-07-19 13:42:27,27250.0,100,Buy,224791185
2024-07-19 13:42:28,27250.0,1400,Buy,224791190
2024-07-19 13:42:29,27200.0,5700,Sell,224791219
2024-07-19 13:42:29,27200.0,4000,Sell,224791218
2024-07-19 13:42:29,27200.0,300,Sell,224791217
2024-07-19 13:42:41,27200.0,2800,Sell,224791603
2024-07-19 13:42:50,27200.0,2200,Sell,224791890
2024-07-19 13:42:50,27200.0,200,Sell,224791891
2024-07-19 13:42:50,27200.0,100,Sell,224791892
2024-07-19 13:42:50,27200.0,500,Sell,224791893
2024-07-19 13:42:51,27250.0,1600,Buy,224791922
2024-07-19 13:42:51,27250.0,1200,Buy,224791923
2024-07-19 13:42:51,27250.0,500,Buy,224791924
2024-07-19 13:42:54,27200.0,1500,Sell,224792003
2024-07-19 13:42:54,27200.0,1000,Sell,224792002
2024-07-19 13:42:54,27200.0,200,Sell,224792004
2024-07-19 13:42:54,27200.0,5000,Sell,224792000
2024-07-19 13:42:54,27200.0,1000,Sell,224792001
2024-07-19 13:42:54,27200.0,1300,Sell,224791999
2024-07-19 13:43:04,27200.0,1000,Sell,224792300
2024-07-19 13:43:15,27250.0,300,Buy,224792692
2024-07-19 13:43:17,27200.0,1000,Sell,224792818
2024-07-19 13:43:19,27200.0,1000,Sell,224792933
2024-07-19 13:43:25,27200.0,2600,Sell,224793127
2024-07-19 13:43:25,27200.0,200,Sell,224793128
2024-07-19 13:43:25,27200.0,1000,Sell,224793129
2024-07-19 13:43:25,27200.0,500,Sell,224793130
2024-07-19 13:43:25,27200.0,1000,Sell,224793131
2024-07-19 13:43:25,27200.0,500,Sell,224793132
2024-07-19 13:43:35,27200.0,1000,Sell,224793564
2024-07-19 13:43:43,27200.0,200,Sell,224793885
2024-07-19 13:43:43,27200.0,1000,Sell,224793884
2024-07-19 13:43:43,27200.0,100,Sell,224793883
2024-07-19 13:43:43,27200.0,200,Sell,224793882
2024-07-19 13:43:43,27200.0,200,Sell,224793879
2024-07-19 13:43:43,27200.0,300,Sell,224793880
2024-07-19 13:43:43,27200.0,200,Sell,224793878
2024-07-19 13:43:43,27200.0,500,Sell,224793876
2024-07-19 13:43:43,27200.0,100,Sell,224793881
2024-07-19 13:43:43,27200.0,400,Sell,224793877
2024-07-19 13:44:23,27200.0,600,Buy,224795261
2024-07-19 13:44:23,27200.0,500,Buy,224795262
2024-07-19 13:44:28,27200.0,200,Buy,224795448
2024-07-19 13:44:32,27200.0,1000,Buy,224795538
2024-07-19 13:44:39,27200.0,200,Buy,224795737
2024-07-19 13:44:39,27200.0,300,Buy,224795736
2024-07-19 13:44:45,27200.0,1500,Buy,224796093
2024-07-19 13:44:45,27200.0,100,Buy,224796092
2024-07-19 13:44:49,27200.0,400,Sell,224796238
2024-07-19 13:44:49,27150.0,300,Sell,224796239
2024-07-19 13:45:05,27150.0,300,Sell,224796872
2024-07-19 13:45:05,27150.0,600,Sell,224796870
2024-07-19 13:45:05,27150.0,100,Sell,224796871
2024-07-19 13:45:13,27150.0,1000,Sell,224797226
2024-07-19 13:45:13,27150.0,8500,Sell,224797241
2024-07-19 13:45:17,27200.0,1000,Buy,224797369
2024-07-19 13:45:19,27150.0,100,Sell,224797460
2024-07-19 13:45:19,27150.0,100,Sell,224797457
2024-07-19 13:45:19,27150.0,100,Sell,224797456
2024-07-19 13:45:19,27150.0,200,Sell,224797459
2024-07-19 13:45:19,27150.0,100,Sell,224797454
2024-07-19 13:45:19,27150.0,1800,Sell,224797453
2024-07-19 13:45:19,27150.0,200,Sell,224797452
2024-07-19 13:45:19,27150.0,100,Sell,224797455
2024-07-19 13:45:19,27150.0,300,Sell,224797458
2024-07-19 13:45:22,27150.0,100,Sell,224797564
2024-07-19 13:45:36,27200.0,500,Buy,224798241
2024-07-19 13:45:36,27200.0,1000,Buy,224798242
2024-07-19 13:45:36,27200.0,500,Buy,224798243
2024-07-19 13:45:36,27200.0,100,Buy,224798244
2024-07-19 13:45:38,27200.0,6000,Sell,224798338
2024-07-19 13:45:38,27200.0,1000,Sell,224798364
2024-07-19 13:45:44,27200.0,3000,Sell,224798548
2024-07-19 13:45:45,27200.0,100,Sell,224798571
2024-07-19 13:46:00,27200.0,3100,Sell,224799291
2024-07-19 13:46:05,27250.0,400,Buy,224799433
2024-07-19 13:46:05,27250.0,100,Buy,224799434
2024-07-19 13:46:05,27300.0,100,Buy,224799435
2024-07-19 13:46:05,27200.0,1000,Sell,224799427
2024-07-19 13:46:06,27200.0,3000,Sell,224799467
2024-07-19 13:46:29,27200.0,1000,Sell,224800415
2024-07-19 13:46:32,27200.0,4000,Sell,224800485
2024-07-19 13:46:32,27200.0,1000,Sell,224800486
2024-07-19 13:46:32,27200.0,4400,Sell,224800487
2024-07-19 13:46:32,27200.0,600,Sell,224800488
2024-07-19 13:46:40,27200.0,2600,Sell,224800778
2024-07-19 13:46:42,27200.0,1100,Sell,224800893
2024-07-19 13:46:49,27200.0,100,Sell,224801165
2024-07-19 13:47:05,27200.0,100,Sell,224801875
2024-07-19 13:47:11,27300.0,100,Buy,224802053
2024-07-19 13:47:33,27300.0,200,Buy,224802771
2024-07-19 13:47:45,27300.0,7300,Buy,224803058
2024-07-19 13:47:45,27300.0,700,Buy,224803036
2024-07-19 13:47:45,27300.0,200,Buy,224803040
2024-07-19 13:47:45,27300.0,1000,Buy,224803039
2024-07-19 13:47:45,27300.0,800,Buy,224803038
2024-07-19 13:47:45,27300.0,1000,Buy,224803037
2024-07-19 13:47:45,27300.0,300,Buy,224803035
2024-07-19 13:47:45,27300.0,200,Buy,224803057
2024-07-19 13:47:45,27300.0,300,Buy,224803033
2024-07-19 13:47:45,27300.0,700,Buy,224803034
2024-07-19 13:47:45,27300.0,4300,Buy,224803027
2024-07-19 13:47:45,27300.0,200,Buy,224803028
2024-07-19 13:47:45,27300.0,100,Buy,224803041
2024-07-19 13:47:45,27300.0,100,Buy,224803029
2024-07-19 13:47:45,27300.0,400,Buy,224803030
2024-07-19 13:47:45,27300.0,100,Buy,224803031
2024-07-19 13:47:45,27300.0,300,Buy,224803032
2024-07-19 13:47:47,27300.0,100,Buy,224803179
2024-07-19 13:48:04,27250.0,400,Sell,224803650
2024-07-19 13:48:20,27250.0,700,Buy,224804190
2024-07-19 13:48:22,27250.0,100,Buy,224804259
2024-07-19 13:48:29,27250.0,200,Buy,224804475
2024-07-19 13:48:29,27250.0,900,Buy,224804476
2024-07-19 13:48:38,27250.0,100,Buy,224804740
2024-07-19 13:48:46,27200.0,400,Sell,224804940
2024-07-19 13:48:49,27250.0,200,Buy,224805002
2024-07-19 13:48:50,27200.0,600,Sell,224805021
2024-07-19 13:48:50,27200.0,100,Sell,224805019
2024-07-19 13:48:50,27200.0,100,Sell,224805020
2024-07-19 13:49:04,27200.0,1000,Sell,224805504
2024-07-19 13:49:04,27200.0,100,Sell,224805505
2024-07-19 13:49:04,27200.0,100,Sell,224805506
2024-07-19 13:49:04,27200.0,100,Sell,224805507
2024-07-19 13:49:04,27200.0,200,Sell,224805508
2024-07-19 13:49:04,27200.0,2000,Sell,224805509
2024-07-19 13:49:04,27200.0,100,Sell,224805510
2024-07-19 13:49:04,27200.0,1300,Sell,224805511
2024-07-19 13:49:04,27200.0,400,Sell,224805512
2024-07-19 13:49:08,27200.0,3000,Sell,224805627
2024-07-19 13:49:35,27250.0,700,Buy,224806740
2024-07-19 13:49:35,27250.0,1000,Buy,224806763
2024-07-19 13:49:45,27200.0,500,Sell,224807110
2024-07-19 13:49:45,27200.0,24600,Sell,224807111
2024-07-19 13:49:45,27200.0,1000,Sell,224807109
2024-07-19 13:49:45,27200.0,3800,Sell,224807107
2024-07-19 13:49:45,27200.0,100,Sell,224807108
2024-07-19 13:49:57,27200.0,500,Sell,224807494
2024-07-19 13:50:18,27200.0,500,Sell,224808211
2024-07-19 13:50:19,27200.0,24400,Sell,224808250
2024-07-19 13:50:20,27200.0,2000,Sell,224808258
2024-07-19 13:50:20,27200.0,100,Sell,224808259
2024-07-19 13:50:20,27200.0,3000,Sell,224808260
2024-07-19 13:50:20,27200.0,500,Sell,224808261
2024-07-19 13:50:20,27200.0,100,Sell,224808262
2024-07-19 13:50:20,27200.0,1700,Sell,224808263
2024-07-19 13:50:20,27200.0,5000,Sell,224808264
2024-07-19 13:50:20,27200.0,1000,Sell,224808265
2024-07-19 13:50:20,27200.0,12200,Sell,224808266
2024-07-19 13:50:31,27200.0,2800,Sell,224808577
2024-07-19 13:50:31,27200.0,100,Sell,224808578
2024-07-19 13:50:32,27200.0,900,Buy,224808649
2024-07-19 13:50:38,27250.0,1200,Buy,224808839
2024-07-19 13:50:42,27200.0,400,Sell,224808969
2024-07-19 13:51:05,27200.0,100,Sell,224809666
2024-07-19 13:51:05,27200.0,1000,Sell,224809667
2024-07-19 13:51:05,27200.0,100,Sell,224809668
2024-07-19 13:51:05,27200.0,800,Sell,224809669
2024-07-19 13:51:05,27200.0,100,Sell,224809670
2024-07-19 13:51:07,27200.0,4000,Buy,224809751
2024-07-19 13:51:23,27200.0,2000,Buy,224810212
2024-07-19 13:51:27,27200.0,1000,Buy,224810319
2024-07-19 13:51:33,27200.0,200,Buy,224810479
2024-07-19 13:51:38,27200.0,300,Buy,224810654
2024-07-19 13:51:38,27200.0,700,Buy,224810653
2024-07-19 13:51:42,27200.0,1200,Buy,224810793
2024-07-19 13:51:42,27250.0,500,Buy,224810794
2024-07-19 13:51:57,27200.0,200,Buy,224811321
2024-07-19 13:52:02,27150.0,2500,Sell,224811452
2024-07-19 13:52:15,27200.0,2000,Buy,224812003
2024-07-19 13:52:17,27150.0,300,Sell,224812046
2024-07-19 13:52:20,27250.0,100,Buy,224812171
2024-07-19 13:52:20,27200.0,600,Buy,224812158
2024-07-19 13:52:20,27200.0,200,Buy,224812170
2024-07-19 13:52:31,27200.0,100,Sell,224812488
2024-07-19 13:52:31,27150.0,900,Sell,224812489
2024-07-19 13:52:47,27200.0,300,Sell,224813006
2024-07-19 13:52:50,27200.0,100,Sell,224813122
2024-07-19 13:52:57,27150.0,300,Sell,224813372
2024-07-19 13:53:02,27200.0,200,Buy,224813506
2024-07-19 13:53:07,27200.0,700,Buy,224813658
2024-07-19 13:53:07,27200.0,300,Buy,224813659
2024-07-19 13:53:17,27200.0,100,Buy,224813968
2024-07-19 13:53:47,27200.0,100,Buy,224815041
2024-07-19 13:53:50,27200.0,100,Buy,224815170
2024-07-19 13:53:50,27200.0,1000,Buy,224815171
2024-07-19 13:53:50,27200.0,10000,Buy,224815172
2024-07-19 13:53:50,27200.0,100,Buy,224815173
2024-07-19 13:53:50,27200.0,200,Buy,224815174
2024-07-19 13:53:50,27200.0,8000,Buy,224815175
2024-07-19 13:53:50,27200.0,100,Sell,224815180
2024-07-19 13:53:50,27200.0,100,Buy,224815169
2024-07-19 13:54:07,27200.0,600,Sell,224815915
2024-07-19 13:54:07,27200.0,400,Sell,224815914
2024-07-19 13:54:30,27200.0,100,Sell,224816718
2024-07-19 13:54:30,27200.0,200,Sell,224816717
2024-07-19 13:54:30,27200.0,100,Sell,224816715
2024-07-19 13:54:30,27200.0,100,Sell,224816716
2024-07-19 13:54:32,27200.0,200,Sell,224816779
2024-07-19 13:54:46,27200.0,100,Sell,224817480
2024-07-19 13:54:53,27200.0,400,Sell,224817709
2024-07-19 13:54:53,27200.0,100,Sell,224817710
2024-07-19 13:54:53,27200.0,1000,Sell,224817711
2024-07-19 13:54:53,27200.0,8500,Sell,224817712
2024-07-19 13:55:00,27200.0,300,Sell,224817944
2024-07-19 13:55:22,27200.0,100,Sell,224819028
2024-07-19 13:55:24,27200.0,100,Sell,224819111
2024-07-19 13:55:27,27200.0,100,Sell,224819171
2024-07-19 13:55:29,27200.0,400,Sell,224819265
2024-07-19 13:55:49,27250.0,5200,Buy,224820061
2024-07-19 13:55:49,27250.0,500,Buy,224820060
2024-07-19 13:55:49,27250.0,3000,Buy,224820059
2024-07-19 13:55:49,27250.0,500,Buy,224820056
2024-07-19 13:55:49,27250.0,300,Buy,224820057
2024-07-19 13:55:49,27250.0,300,Buy,224820055
2024-07-19 13:55:49,27250.0,200,Buy,224820058
2024-07-19 13:55:50,27200.0,200,Sell,224820110
2024-07-19 13:55:53,27250.0,1300,Buy,224820237
2024-07-19 13:55:53,27250.0,500,Buy,224820238
2024-07-19 13:55:59,27250.0,100,Sell,224820518
2024-07-19 13:56:07,27250.0,500,Sell,224820888
2024-07-19 13:56:11,27250.0,100,Sell,224821087
2024-07-19 13:56:14,27250.0,100,Sell,224821199
2024-07-19 13:56:15,27300.0,100,Buy,224821212
2024-07-19 13:56:22,27250.0,500,Sell,224821448
2024-07-19 13:56:58,27250.0,200,Sell,224822921
2024-07-19 13:57:09,27250.0,200,Sell,224823255
2024-07-19 13:57:10,27300.0,1500,Buy,224823283
2024-07-19 13:57:13,27300.0,700,Buy,224823387
2024-07-19 13:57:24,27300.0,300,Buy,224823706
2024-07-19 13:57:24,27300.0,400,Buy,224823707
2024-07-19 13:57:24,27300.0,300,Buy,224823708
2024-07-19 13:57:28,27250.0,300,Sell,224823872
2024-07-19 13:57:29,27300.0,100,Buy,224823890
2024-07-19 13:57:29,27300.0,900,Buy,224823891
2024-07-19 13:57:34,27300.0,100,Buy,224824076
2024-07-19 13:57:49,27300.0,100,Buy,224824585
2024-07-19 13:57:51,27300.0,1000,Buy,224824682
2024-07-19 13:57:53,27300.0,300,Buy,224824722
2024-07-19 13:57:55,27250.0,2800,Sell,224824816
2024-07-19 13:57:55,27250.0,800,Sell,224824815
2024-07-19 13:57:55,27250.0,100,Sell,224824814
2024-07-19 13:57:55,27250.0,900,Sell,224824813
2024-07-19 13:57:55,27250.0,2800,Sell,224824812
2024-07-19 13:57:55,27250.0,2000,Sell,224824811
2024-07-19 13:57:55,27250.0,200,Sell,224824810
2024-07-19 13:57:55,27250.0,200,Sell,224824809
2024-07-19 13:57:55,27250.0,1200,Sell,224824808
2024-07-19 13:57:59,27250.0,1000,Sell,224824948
2024-07-19 13:58:01,27250.0,200,Sell,224825006
2024-07-19 13:58:01,27300.0,100,Buy,224825061
2024-07-19 13:58:34,27250.0,300,Sell,224826180
2024-07-19 13:58:42,27300.0,100,Buy,224826441
2024-07-19 13:58:47,27250.0,400,Sell,224826622
2024-07-19 13:58:47,27250.0,700,Sell,224826621
2024-07-19 13:58:47,27250.0,700,Sell,224826620
2024-07-19 13:58:47,27250.0,100,Sell,224826619
2024-07-19 13:58:47,27250.0,100,Sell,224826618
2024-07-19 13:58:47,27250.0,100,Sell,224826614
2024-07-19 13:58:47,27250.0,100,Sell,224826616
2024-07-19 13:58:47,27250.0,100,Sell,224826617
2024-07-19 13:58:47,27250.0,300,Sell,224826580
2024-07-19 13:58:47,27250.0,400,Sell,224826613
2024-07-19 13:58:47,27250.0,400,Sell,224826615
2024-07-19 13:58:48,27300.0,500,Buy,224826631
2024-07-19 13:59:02,27250.0,100,Sell,224827080
2024-07-19 13:59:02,27250.0,200,Sell,224827081
2024-07-19 13:59:02,27250.0,29700,Sell,224827082
2024-07-19 13:59:12,27250.0,300,Sell,224827410
2024-07-19 13:59:12,27250.0,100,Sell,224827411
2024-07-19 13:59:16,27250.0,1000,Buy,224827511
2024-07-19 13:59:17,27250.0,1000,Buy,224827555
2024-07-19 13:59:21,27250.0,500,Buy,224827644
2024-07-19 13:59:26,27250.0,3000,Buy,224827780
2024-07-19 13:59:33,27250.0,300,Buy,224827979
2024-07-19 13:59:33,27250.0,2000,Buy,224827990
2024-07-19 13:59:46,27250.0,100,Buy,224828450
2024-07-19 13:59:46,27250.0,500,Buy,224828458
2024-07-19 13:59:57,27250.0,500,Buy,224828758
2024-07-19 13:59:57,27250.0,100,Buy,224828759
2024-07-19 14:00:04,27200.0,300,Sell,224828941
2024-07-19 14:00:06,27250.0,100,Buy,224829009
2024-07-19 14:00:07,27250.0,100,Buy,224829033
2024-07-19 14:00:13,27250.0,300,Buy,224829220
2024-07-19 14:00:13,27250.0,200,Buy,224829222
2024-07-19 14:00:13,27250.0,400,Buy,224829219
2024-07-19 14:00:13,27250.0,100,Buy,224829221
2024-07-19 14:00:18,27250.0,100,Buy,224829377
2024-07-19 14:00:36,27250.0,1400,Sell,224829988
2024-07-19 14:00:36,27200.0,5000,Sell,224830004
2024-07-19 14:00:36,27200.0,2000,Sell,224830003
2024-07-19 14:00:36,27200.0,100,Sell,224830002
2024-07-19 14:00:36,27200.0,100,Sell,224830001
2024-07-19 14:00:36,27200.0,100,Sell,224829999
2024-07-19 14:00:36,27200.0,100,Sell,224829998
2024-07-19 14:00:36,27200.0,200,Sell,224829997
2024-07-19 14:00:36,27200.0,100,Sell,224830000
2024-07-19 14:00:36,27200.0,100,Sell,224829995
2024-07-19 14:00:36,27200.0,300,Sell,224829994
2024-07-19 14:00:36,27200.0,5000,Sell,224829993
2024-07-19 14:00:36,27200.0,1000,Sell,224829992
2024-07-19 14:00:36,27200.0,5000,Sell,224829991
2024-07-19 14:00:36,27200.0,1000,Sell,224829990
2024-07-19 14:00:36,27200.0,100,Sell,224829989
2024-07-19 14:00:36,27200.0,2000,Sell,224829996
2024-07-19 14:00:36,27300.0,100,Buy,224829955
2024-07-19 14:00:52,27200.0,5000,Sell,224830411
2024-07-19 14:00:52,27200.0,100,Sell,224830412
2024-07-19 14:00:52,27200.0,100,Sell,224830413
2024-07-19 14:00:52,27200.0,500,Sell,224830414
2024-07-19 14:00:52,27200.0,300,Sell,224830415
2024-07-19 14:01:06,27250.0,500,Buy,224830891
2024-07-19 14:01:12,27250.0,1500,Sell,224831116
2024-07-19 14:01:23,27250.0,300,Sell,224831457
2024-07-19 14:01:24,27250.0,100,Sell,224831528
2024-07-19 14:01:25,27250.0,200,Sell,224831580
2024-07-19 14:01:44,27300.0,1500,Buy,224832231
2024-07-19 14:01:51,27250.0,400,Sell,224832485
2024-07-19 14:01:51,27200.0,100,Sell,224832504
2024-07-19 14:01:51,27200.0,200,Sell,224832503
2024-07-19 14:01:51,27200.0,500,Sell,224832502
2024-07-19 14:01:51,27200.0,100,Sell,224832501
2024-07-19 14:01:51,27200.0,100,Sell,224832500
2024-07-19 14:01:51,27200.0,1000,Sell,224832499
2024-07-19 14:01:51,27200.0,100,Sell,224832498
2024-07-19 14:01:51,27200.0,100,Sell,224832497
2024-07-19 14:01:51,27200.0,100,Sell,224832493
2024-07-19 14:01:51,27200.0,100,Sell,224832492
2024-07-19 14:01:51,27200.0,200,Sell,224832491
2024-07-19 14:01:51,27200.0,700,Sell,224832490
2024-07-19 14:01:51,27250.0,2000,Sell,224832489
2024-07-19 14:01:51,27250.0,500,Sell,224832488
2024-07-19 14:01:51,27250.0,2000,Sell,224832487
2024-07-19 14:01:51,27250.0,300,Sell,224832486
2024-07-19 14:01:51,27200.0,1000,Sell,224832494
2024-07-19 14:01:51,27200.0,500,Sell,224832496
2024-07-19 14:02:00,27200.0,100,Sell,224832857
2024-07-19 14:02:00,27200.0,100,Sell,224832858
2024-07-19 14:02:02,27300.0,100,Buy,224832954
2024-07-19 14:02:11,27250.0,100,Sell,224833307
2024-07-19 14:02:21,27250.0,100,Buy,224833732
2024-07-19 14:02:21,27250.0,10000,Buy,224833731
2024-07-19 14:02:26,27300.0,600,Buy,224834018
2024-07-19 14:02:40,27300.0,100,Buy,224834976
2024-07-19 14:02:41,27250.0,100,Sell,224835011
2024-07-19 14:02:47,27250.0,100,Sell,224835215
2024-07-19 14:02:55,27250.0,300,Sell,224835515
2024-07-19 14:03:01,27250.0,2000,Sell,224835727
2024-07-19 14:03:01,27300.0,100,Buy,224835747
2024-07-19 14:03:53,27300.0,1800,Buy,224837689
2024-07-19 14:03:53,27300.0,8200,Buy,224837690
2024-07-19 14:03:58,27300.0,200,Buy,224837816
2024-07-19 14:04:02,27300.0,500,Buy,224837953
2024-07-19 14:04:02,27300.0,500,Buy,224837952
2024-07-19 14:04:02,27300.0,4000,Buy,224837950
2024-07-19 14:04:02,27300.0,300,Buy,224837949
2024-07-19 14:04:02,27300.0,400,Buy,224837951
2024-07-19 14:04:02,27300.0,1000,Buy,224837947
2024-07-19 14:04:02,27300.0,1000,Buy,224837946
2024-07-19 14:04:02,27300.0,1600,Buy,224837943
2024-07-19 14:04:02,27300.0,100,Buy,224837945
2024-07-19 14:04:02,27300.0,300,Buy,224837944
2024-07-19 14:04:02,27300.0,300,Buy,224837948
2024-07-19 14:04:08,27300.0,300,Buy,224838092
2024-07-19 14:04:09,27300.0,500,Buy,224838105
2024-07-19 14:04:09,27300.0,800,Buy,224838104
2024-07-19 14:04:09,27300.0,200,Buy,224838102
2024-07-19 14:04:09,27300.0,300,Buy,224838103
2024-07-19 14:04:20,27350.0,100,Buy,224838449
2024-07-19 14:04:29,27350.0,2000,Buy,224838703
2024-07-19 14:04:42,27350.0,300,Buy,224839157
2024-07-19 14:04:42,27350.0,200,Buy,224839156
2024-07-19 14:04:42,27350.0,1000,Buy,224839154
2024-07-19 14:04:42,27350.0,300,Buy,224839155
2024-07-19 14:04:42,27350.0,900,Buy,224839153
2024-07-19 14:04:42,27350.0,100,Buy,224839149
2024-07-19 14:04:42,27350.0,5000,Buy,224839151
2024-07-19 14:04:42,27350.0,400,Buy,224839152
2024-07-19 14:04:42,27350.0,2700,Buy,224839147
2024-07-19 14:04:42,27350.0,300,Buy,224839148
2024-07-19 14:04:42,27350.0,200,Buy,224839150
2024-07-19 14:04:44,27350.0,200,Sell,224839194
2024-07-19 14:05:06,27350.0,2000,Sell,224839939
2024-07-19 14:05:07,27400.0,10000,Buy,224839949
2024-07-19 14:05:17,27400.0,200,Buy,224840265
2024-07-19 14:05:17,27400.0,1900,Buy,224840263
2024-07-19 14:05:17,27400.0,1000,Buy,224840264
2024-07-19 14:05:17,27400.0,1000,Buy,224840261
2024-07-19 14:05:17,27400.0,15800,Buy,224840260
2024-07-19 14:05:17,27400.0,100,Buy,224840262
2024-07-19 14:05:30,27400.0,800,Buy,224840784
2024-07-19 14:05:30,27400.0,200,Buy,224840785
2024-07-19 14:05:38,27400.0,200,Buy,224841159
2024-07-19 14:05:38,27400.0,600,Buy,224841160
2024-07-19 14:05:38,27400.0,100,Buy,224841161
2024-07-19 14:05:40,27400.0,500,Buy,224841351
2024-07-19 14:05:40,27400.0,400,Buy,224841352
2024-07-19 14:05:40,27400.0,300,Buy,224841353
2024-07-19 14:05:40,27400.0,100,Buy,224841354
2024-07-19 14:05:42,27400.0,100,Sell,224841393
2024-07-19 14:06:09,27400.0,500,Sell,224842069
2024-07-19 14:06:09,27350.0,1000,Sell,224842081
2024-07-19 14:06:09,27350.0,1000,Sell,224842080
2024-07-19 14:06:09,27350.0,100,Sell,224842079
2024-07-19 14:06:09,27350.0,100,Sell,224842078
2024-07-19 14:06:09,27350.0,700,Sell,224842077
2024-07-19 14:06:09,27350.0,1000,Sell,224842076
2024-07-19 14:06:09,27400.0,2600,Sell,224842068
2024-07-19 14:06:09,27350.0,1400,Sell,224842074
2024-07-19 14:06:09,27400.0,1100,Sell,224842073
2024-07-19 14:06:09,27400.0,100,Sell,224842072
2024-07-19 14:06:09,27400.0,100,Sell,224842071
2024-07-19 14:06:09,27400.0,1000,Sell,224842070
2024-07-19 14:06:09,27350.0,100,Sell,224842075
2024-07-19 14:06:10,27350.0,400,Buy,224842124
2024-07-19 14:06:36,27300.0,3200,Sell,224842933
2024-07-19 14:06:36,27300.0,6800,Sell,224842934
2024-07-19 14:07:05,27300.0,6500,Sell,224843989
2024-07-19 14:07:13,27300.0,200,Sell,224844442
2024-07-19 14:07:23,27350.0,1000,Buy,224844924
2024-07-19 14:07:30,27300.0,30000,Sell,224845340
2024-07-19 14:07:31,27300.0,1000,Sell,224845367
2024-07-19 14:07:39,27300.0,100,Sell,224845754
2024-07-19 14:07:41,27300.0,1500,Sell,224845971
2024-07-19 14:07:41,27300.0,5400,Sell,224845969
2024-07-19 14:07:41,27300.0,100,Sell,224845970
2024-07-19 14:07:42,27300.0,500,Sell,224846035
2024-07-19 14:07:50,27300.0,200,Sell,224846662
2024-07-19 14:07:50,27300.0,500,Sell,224846659
2024-07-19 14:07:50,27300.0,100,Sell,224846660
2024-07-19 14:07:50,27300.0,200,Sell,224846661
2024-07-19 14:07:53,27300.0,200,Sell,224846951
2024-07-19 14:07:55,27350.0,1300,Buy,224847005
2024-07-19 14:07:55,27300.0,2700,Sell,224847031
2024-07-19 14:07:56,27300.0,300,Sell,224847050
2024-07-19 14:07:59,27300.0,2300,Sell,224847299
2024-07-19 14:07:59,27300.0,100,Sell,224847298
2024-07-19 14:07:59,27300.0,100,Sell,224847297
2024-07-19 14:07:59,27300.0,200,Sell,224847278
2024-07-19 14:07:59,27300.0,100,Sell,224847296
2024-07-19 14:07:59,27300.0,400,Sell,224847295
2024-07-19 14:08:00,27300.0,700,Sell,224847344
2024-07-19 14:08:12,27300.0,100,Buy,224849499
2024-07-19 14:08:19,27300.0,100,Buy,224850546
2024-07-19 14:08:19,27300.0,400,Buy,224850547
2024-07-19 14:08:36,27300.0,100,Buy,224852071
2024-07-19 14:08:38,27300.0,500,Buy,224852232
2024-07-19 14:08:43,27250.0,5000,Sell,224852589
2024-07-19 14:08:50,27250.0,5000,Sell,224853232
2024-07-19 14:08:51,27250.0,100,Sell,224853415
2024-07-19 14:08:51,27250.0,100,Sell,224853413
2024-07-19 14:08:51,27250.0,2000,Sell,224853412
2024-07-19 14:08:51,27250.0,200,Sell,224853411
2024-07-19 14:08:51,27250.0,100,Sell,224853414
2024-07-19 14:08:51,27250.0,50000,Sell,224853409
2024-07-19 14:08:51,27250.0,1000,Sell,224853408
2024-07-19 14:08:51,27250.0,27400,Sell,224853407
2024-07-19 14:08:51,27300.0,100,Buy,224853306
2024-07-19 14:08:51,27250.0,100,Sell,224853410
2024-07-19 14:08:54,27250.0,100,Buy,224853746
2024-07-19 14:08:56,27250.0,300,Buy,224854136
2024-07-19 14:09:05,27100.0,2000,Sell,224854913
2024-07-19 14:09:05,27100.0,500,Sell,224854910
2024-07-19 14:09:05,27100.0,200,Sell,224854911
2024-07-19 14:09:05,27100.0,500,Sell,224854912
2024-07-19 14:09:05,27100.0,1000,Sell,224854914
2024-07-19 14:09:05,27100.0,100,Sell,224854921
2024-07-19 14:09:05,27100.0,100,Sell,224854916
2024-07-19 14:09:05,27100.0,1000,Sell,224854917
2024-07-19 14:09:05,27100.0,100,Sell,224854918
2024-07-19 14:09:05,27100.0,1000,Sell,224854919
2024-07-19 14:09:05,27100.0,500,Sell,224854920
2024-07-19 14:09:05,27100.0,1000,Sell,224854909
2024-07-19 14:09:05,27100.0,300,Sell,224854915
2024-07-19 14:09:05,27100.0,300,Sell,224854908
2024-07-19 14:09:05,27150.0,200,Sell,224854901
2024-07-19 14:09:05,27100.0,500,Sell,224854906
2024-07-19 14:09:05,27100.0,200,Sell,224854905
2024-07-19 14:09:05,27100.0,200,Sell,224854904
2024-07-19 14:09:05,27100.0,400,Sell,224854903
2024-07-19 14:09:05,27100.0,1000,Sell,224854902
2024-07-19 14:09:05,27150.0,200,Sell,224854900
2024-07-19 14:09:05,27150.0,200,Sell,224854899
2024-07-19 14:09:05,27150.0,100,Sell,224854898
2024-07-19 14:09:05,27150.0,3000,Sell,224854897
2024-07-19 14:09:05,27150.0,100,Sell,224854896
2024-07-19 14:09:05,27150.0,700,Sell,224854895
2024-07-19 14:09:05,27150.0,1700,Sell,224854894
2024-07-19 14:09:05,27150.0,100,Sell,224854893
2024-07-19 14:09:05,27100.0,200,Sell,224854922
2024-07-19 14:09:05,27100.0,200,Sell,224854907
2024-07-19 14:09:05,27100.0,1000,Sell,224854923
2024-07-19 14:09:05,27100.0,1000,Sell,224854954
2024-07-19 14:09:05,27100.0,100,Sell,224854925
2024-07-19 14:09:05,27100.0,3500,Sell,224854955
2024-07-19 14:09:05,27150.0,3000,Sell,224854892
2024-07-19 14:09:05,27100.0,2000,Sell,224854953
2024-07-19 14:09:05,27100.0,200,Sell,224854952
2024-07-19 14:09:05,27100.0,2000,Sell,224854951
2024-07-19 14:09:05,27100.0,100,Sell,224854950
2024-07-19 14:09:05,27100.0,100,Sell,224854949
2024-07-19 14:09:05,27100.0,1100,Sell,224854948
2024-07-19 14:09:05,27100.0,100,Sell,224854947
2024-07-19 14:09:05,27100.0,1000,Sell,224854946
2024-07-19 14:09:05,27100.0,1000,Sell,224854945
2024-07-19 14:09:05,27100.0,1100,Sell,224854944
2024-07-19 14:09:05,27100.0,1000,Sell,224854943
2024-07-19 14:09:05,27100.0,400,Sell,224854942
2024-07-19 14:09:05,27100.0,1000,Sell,224854924
2024-07-19 14:09:05,27100.0,300,Sell,224854941
2024-07-19 14:09:05,27100.0,100,Sell,224854939
2024-07-19 14:09:05,27100.0,700,Sell,224854938
2024-07-19 14:09:05,27100.0,200,Sell,224854937
2024-07-19 14:09:05,27100.0,500,Sell,224854936
2024-07-19 14:09:05,27100.0,1000,Sell,224854935
2024-07-19 14:09:05,27100.0,500,Sell,224854934
2024-07-19 14:09:05,27100.0,500,Sell,224854933
2024-07-19 14:09:05,27100.0,1000,Sell,224854932
2024-07-19 14:09:05,27100.0,1000,Sell,224854931
2024-07-19 14:09:05,27100.0,500,Sell,224854930
2024-07-19 14:09:05,27100.0,500,Sell,224854929
2024-07-19 14:09:05,27100.0,1000,Sell,224854928
2024-07-19 14:09:05,27100.0,400,Sell,224854927
2024-07-19 14:09:05,27100.0,400,Sell,224854926
2024-07-19 14:09:05,27100.0,1000,Sell,224854940
2024-07-19 14:09:05,27150.0,100,Sell,224854891
2024-07-19 14:09:05,27150.0,500,Sell,224854872
2024-07-19 14:09:05,27150.0,700,Sell,224854889
2024-07-19 14:09:05,27200.0,800,Sell,224854854
2024-07-19 14:09:05,27200.0,100,Sell,224854853
2024-07-19 14:09:05,27200.0,100,Sell,224854852
2024-07-19 14:09:05,27200.0,1000,Sell,224854851
2024-07-19 14:09:05,27200.0,100,Sell,224854850
2024-07-19 14:09:05,27200.0,500,Sell,224854849
2024-07-19 14:09:05,27200.0,2800,Sell,224854848
2024-07-19 14:09:05,27200.0,5000,Sell,224854847
2024-07-19 14:09:05,27200.0,1000,Sell,224854846
2024-07-19 14:09:05,27150.0,1000,Sell,224854890
2024-07-19 14:09:05,27200.0,1500,Sell,224854844
2024-07-19 14:09:05,27200.0,500,Sell,224854843
2024-07-19 14:09:05,27200.0,100,Sell,224854842
2024-07-19 14:09:05,27200.0,200,Sell,224854841
2024-07-19 14:09:05,27200.0,100,Sell,224854855
2024-07-19 14:09:05,27200.0,100,Sell,224854840
2024-07-19 14:09:05,27200.0,50000,Sell,224854838
2024-07-19 14:09:05,27200.0,900,Sell,224854837
2024-07-19 14:09:05,27200.0,10000,Sell,224854836
2024-07-19 14:09:05,27200.0,100,Sell,224854835
2024-07-19 14:09:05,27200.0,100,Sell,224854834
2024-07-19 14:09:05,27200.0,200,Sell,224854833
2024-07-19 14:09:05,27200.0,100,Sell,224854832
2024-07-19 14:09:05,27200.0,1000,Sell,224854831
2024-07-19 14:09:05,27200.0,200,Sell,224854830
2024-07-19 14:09:05,27200.0,100,Sell,224854829
2024-07-19 14:09:05,27200.0,900,Sell,224854828
2024-07-19 14:09:05,27200.0,5000,Sell,224854827
2024-07-19 14:09:05,27200.0,100,Sell,224854826
2024-07-19 14:09:05,27200.0,900,Sell,224854825
2024-07-19 14:09:05,27200.0,100,Sell,224854839
2024-07-19 14:09:05,27200.0,100,Sell,224854856
2024-07-19 14:09:05,27200.0,2000,Sell,224854845
2024-07-19 14:09:05,27200.0,1000,Sell,224854858
2024-07-19 14:09:05,27150.0,1000,Sell,224854888
2024-07-19 14:09:05,27150.0,1000,Sell,224854887
2024-07-19 14:09:05,27150.0,300,Sell,224854886
2024-07-19 14:09:05,27200.0,300,Sell,224854857
2024-07-19 14:09:05,27150.0,100,Sell,224854884
2024-07-19 14:09:05,27150.0,100,Sell,224854883
2024-07-19 14:09:05,27150.0,1700,Sell,224854882
2024-07-19 14:09:05,27150.0,3000,Sell,224854881
2024-07-19 14:09:05,27150.0,1600,Sell,224854880
2024-07-19 14:09:05,27150.0,100,Sell,224854879
2024-07-19 14:09:05,27150.0,200,Sell,224854878
2024-07-19 14:09:05,27150.0,1100,Sell,224854877
2024-07-19 14:09:05,27150.0,500,Sell,224854876
2024-07-19 14:09:05,27150.0,200,Sell,224854875
2024-07-19 14:09:05,27150.0,500,Sell,224854874
2024-07-19 14:09:05,27150.0,1000,Sell,224854885
2024-07-19 14:09:05,27200.0,100,Sell,224854863
2024-07-19 14:09:05,27200.0,100,Sell,224854859
2024-07-19 14:09:05,27200.0,100,Sell,224854860
2024-07-19 14:09:05,27200.0,100,Sell,224854861
2024-07-19 14:09:05,27200.0,100,Sell,224854862
2024-07-19 14:09:05,27200.0,100,Sell,224854864
2024-07-19 14:09:05,27200.0,100,Sell,224854865
2024-07-19 14:09:05,27150.0,300,Sell,224854873
2024-07-19 14:09:05,27150.0,500,Sell,224854867
2024-07-19 14:09:05,27150.0,500,Sell,224854868
2024-07-19 14:09:05,27150.0,600,Sell,224854869
2024-07-19 14:09:05,27150.0,1000,Sell,224854870
2024-07-19 14:09:05,27150.0,3000,Sell,224854871
2024-07-19 14:09:05,27150.0,800,Sell,224854866
2024-07-19 14:09:18,27100.0,500,Sell,224856343
2024-07-19 14:09:20,27100.0,6000,Sell,224856513
2024-07-19 14:09:20,27100.0,500,Sell,224856514
2024-07-19 14:09:23,27100.0,100,Buy,224856930
2024-07-19 14:09:25,27100.0,100,Buy,224857086
2024-07-19 14:09:37,27100.0,200,Buy,224858447
2024-07-19 14:09:40,27050.0,100,Sell,224858717
2024-07-19 14:09:46,27050.0,1000,Sell,224859379
2024-07-19 14:09:46,27050.0,10500,Sell,224859374
2024-07-19 14:09:46,27050.0,100,Sell,224859375
2024-07-19 14:09:46,27050.0,1000,Sell,224859376
2024-07-19 14:09:46,27050.0,100,Sell,224859377
2024-07-19 14:09:46,27050.0,500,Sell,224859378
2024-07-19 14:09:46,27000.0,200,Sell,224859380
2024-07-19 14:09:46,27050.0,1000,Sell,224859373
2024-07-19 14:09:46,27000.0,100,Sell,224859382
2024-07-19 14:09:46,27000.0,200,Sell,224859383
2024-07-19 14:09:46,27000.0,100,Sell,224859384
2024-07-19 14:09:46,27000.0,3000,Sell,224859385
2024-07-19 14:09:46,27000.0,200,Sell,224859386
2024-07-19 14:09:46,27000.0,17100,Sell,224859387
2024-07-19 14:09:46,27100.0,100,Buy,224859420
2024-07-19 14:09:46,27000.0,10000,Sell,224859381
2024-07-19 14:09:46,27050.0,300,Sell,224859372
2024-07-19 14:09:46,27000.0,300,Sell,224859421
2024-07-19 14:09:46,27050.0,200,Sell,224859370
2024-07-19 14:09:46,27050.0,100,Sell,224859371
2024-07-19 14:09:46,27050.0,700,Sell,224859353
2024-07-19 14:09:46,27050.0,100,Sell,224859354
2024-07-19 14:09:46,27050.0,300,Sell,224859355
2024-07-19 14:09:46,27050.0,500,Sell,224859357
2024-07-19 14:09:46,27050.0,500,Sell,224859358
2024-07-19 14:09:46,27050.0,100,Sell,224859359
2024-07-19 14:09:46,27050.0,100,Sell,224859360
2024-07-19 14:09:46,27050.0,100,Sell,224859356
2024-07-19 14:09:46,27050.0,600,Sell,224859362
2024-07-19 14:09:46,27050.0,200,Sell,224859361
2024-07-19 14:09:46,27050.0,1000,Sell,224859368
2024-07-19 14:09:46,27050.0,5000,Sell,224859367
2024-07-19 14:09:46,27050.0,100,Sell,224859366
2024-07-19 14:09:46,27050.0,200,Sell,224859369
2024-07-19 14:09:46,27050.0,500,Sell,224859365
2024-07-19 14:09:46,27050.0,100,Sell,224859364
2024-07-19 14:09:46,27050.0,200,Sell,224859363
2024-07-19 14:09:48,27000.0,1000,Sell,224859661
2024-07-19 14:09:50,27000.0,200,Sell,224860132
2024-07-19 14:09:50,27000.0,500,Sell,224860131
2024-07-19 14:09:50,27000.0,100,Sell,224860130
2024-07-19 14:09:50,27000.0,500,Sell,224860129
2024-07-19 14:09:50,27000.0,2000,Sell,224860128
2024-07-19 14:09:50,27000.0,1000,Sell,224860127
2024-07-19 14:09:50,27000.0,300,Sell,224860126
2024-07-19 14:09:50,27000.0,100,Sell,224860125
2024-07-19 14:09:50,27000.0,500,Sell,224860124
2024-07-19 14:09:50,27000.0,500,Sell,224860114
2024-07-19 14:09:50,27000.0,4200,Sell,224860122
2024-07-19 14:09:50,27000.0,500,Sell,224860121
2024-07-19 14:09:50,27000.0,100,Sell,224860120
2024-07-19 14:09:50,27000.0,2000,Sell,224860119
2024-07-19 14:09:50,27000.0,100,Sell,224860118
2024-07-19 14:09:50,27000.0,2000,Sell,224860117
2024-07-19 14:09:50,27000.0,1400,Sell,224860116
2024-07-19 14:09:50,27000.0,100,Sell,224860115
2024-07-19 14:09:50,27000.0,1000,Sell,224860133
2024-07-19 14:09:50,27000.0,400,Sell,224860123
2024-07-19 14:09:50,27000.0,100,Sell,224860134
2024-07-19 14:09:50,27000.0,100,Sell,224860144
2024-07-19 14:09:50,27000.0,5000,Sell,224860136
2024-07-19 14:09:50,27000.0,900,Sell,224860156
2024-07-19 14:09:50,27000.0,1000,Sell,224860155
2024-07-19 14:09:50,27000.0,100,Sell,224860154
2024-07-19 14:09:50,27000.0,200,Sell,224860153
2024-07-19 14:09:50,27000.0,200,Sell,224860152
2024-07-19 14:09:50,27000.0,1000,Sell,224860151
2024-07-19 14:09:50,27000.0,100,Sell,224860150
2024-07-19 14:09:50,27000.0,100,Sell,224860149
2024-07-19 14:09:50,27000.0,2000,Sell,224860148
2024-07-19 14:09:50,27000.0,2000,Sell,224860135
2024-07-19 14:09:50,27000.0,500,Sell,224860147
2024-07-19 14:09:50,27000.0,100,Sell,224860145
2024-07-19 14:09:50,27000.0,100,Sell,224860113
2024-07-19 14:09:50,27000.0,500,Sell,224860143
2024-07-19 14:09:50,27000.0,200,Sell,224860142
2024-07-19 14:09:50,27000.0,1600,Sell,224860141
2024-07-19 14:09:50,27000.0,200,Sell,224860140
2024-07-19 14:09:50,27000.0,100,Sell,224860139
2024-07-19 14:09:50,27000.0,300,Sell,224860138
2024-07-19 14:09:50,27000.0,300,Sell,224860137
2024-07-19 14:09:50,27000.0,100,Sell,224860146
2024-07-19 14:09:50,27000.0,300,Sell,224860112
2024-07-19 14:09:50,27000.0,100,Sell,224860106
2024-07-19 14:09:50,27000.0,100,Sell,224860110
2024-07-19 14:09:50,27000.0,100,Sell,224860084
2024-07-19 14:09:50,27000.0,100,Sell,224860111
2024-07-19 14:09:50,27000.0,200,Sell,224860082
2024-07-19 14:09:50,27000.0,200,Sell,224860081
2024-07-19 14:09:50,27000.0,100,Sell,224860080
2024-07-19 14:09:50,27000.0,1000,Sell,224860079
2024-07-19 14:09:50,27000.0,1000,Sell,224860078
2024-07-19 14:09:50,27000.0,100,Sell,224860077
2024-07-19 14:09:50,27000.0,1000,Sell,224860076
2024-07-19 14:09:50,27000.0,1000,Sell,224860085
2024-07-19 14:09:50,27000.0,200,Sell,224860075
2024-07-19 14:09:50,27000.0,200,Sell,224860073
2024-07-19 14:09:50,27000.0,100,Sell,224860072
2024-07-19 14:09:50,27000.0,100,Sell,224860071
2024-07-19 14:09:50,27000.0,200,Sell,224860070
2024-07-19 14:09:50,27000.0,100,Sell,224860069
2024-07-19 14:09:50,27000.0,100,Sell,224860068
2024-07-19 14:09:50,27000.0,1000,Sell,224860067
2024-07-19 14:09:50,27000.0,100,Sell,224860066
2024-07-19 14:09:50,27000.0,11600,Sell,224860065
2024-07-19 14:09:50,27000.0,2000,Sell,224860074
2024-07-19 14:09:50,27000.0,100,Sell,224860086
2024-07-19 14:09:50,27000.0,1000,Sell,224860083
2024-07-19 14:09:50,27000.0,100,Sell,224860088
2024-07-19 14:09:50,27000.0,100,Sell,224860109
2024-07-19 14:09:50,27000.0,100,Sell,224860108
2024-07-19 14:09:50,27000.0,100,Sell,224860107
2024-07-19 14:09:50,27000.0,900,Sell,224860105
2024-07-19 14:09:50,27000.0,200,Sell,224860104
2024-07-19 14:09:50,27000.0,100,Sell,224860087
2024-07-19 14:09:50,27000.0,500,Sell,224860102
2024-07-19 14:09:50,27000.0,100,Sell,224860101
2024-07-19 14:09:50,27000.0,1000,Sell,224860100
2024-07-19 14:09:50,27000.0,100,Sell,224860099
2024-07-19 14:09:50,27000.0,400,Sell,224860103
2024-07-19 14:09:50,27000.0,100,Sell,224860097
2024-07-19 14:09:50,27000.0,200,Sell,224860096
2024-07-19 14:09:50,27000.0,500,Sell,224860095
2024-07-19 14:09:50,27000.0,300,Sell,224860094
2024-07-19 14:09:50,27000.0,500,Sell,224860093
2024-07-19 14:09:50,27000.0,1000,Sell,224860092
2024-07-19 14:09:50,27000.0,1000,Sell,224860091
2024-07-19 14:09:50,27000.0,100,Sell,224860090
2024-07-19 14:09:50,27000.0,200,Sell,224860098
2024-07-19 14:09:50,27000.0,1000,Sell,224860089
2024-07-19 14:09:53,27000.0,1000,Sell,224860496
2024-07-19 14:09:53,27000.0,100,Sell,224860497
2024-07-19 14:09:53,27000.0,500,Sell,224860499
2024-07-19 14:09:53,27000.0,300,Sell,224860504
2024-07-19 14:09:53,27000.0,1000,Sell,224860501
2024-07-19 14:09:53,27000.0,300,Sell,224860502
2024-07-19 14:09:53,27000.0,100,Sell,224860503
2024-07-19 14:09:53,27000.0,500,Sell,224860495
2024-07-19 14:09:53,27000.0,300,Sell,224860500
2024-07-19 14:09:53,27000.0,1000,Sell,224860494
2024-07-19 14:09:53,27000.0,400,Sell,224860498
2024-07-19 14:09:53,27000.0,300,Sell,224860492
2024-07-19 14:09:53,27000.0,100,Sell,224860493
2024-07-19 14:09:53,27000.0,100,Sell,224860484
2024-07-19 14:09:53,27000.0,100,Sell,224860485
2024-07-19 14:09:53,27000.0,1000,Sell,224860486
2024-07-19 14:09:53,27000.0,1100,Sell,224860483
2024-07-19 14:09:53,27000.0,500,Sell,224860488
2024-07-19 14:09:53,27000.0,100,Sell,224860489
2024-07-19 14:09:53,27000.0,1000,Sell,224860490
2024-07-19 14:09:53,27000.0,100,Sell,224860491
2024-07-19 14:09:53,27000.0,100,Sell,224860487
2024-07-19 14:09:55,27000.0,1000,Sell,224860837
2024-07-19 14:09:55,27000.0,15100,Sell,224860845
2024-07-19 14:09:55,27000.0,100,Sell,224860844
2024-07-19 14:09:55,27000.0,200,Sell,224860843
2024-07-19 14:09:55,27000.0,100,Sell,224860841
2024-07-19 14:09:55,27000.0,1000,Sell,224860840
2024-07-19 14:09:55,27000.0,200,Sell,224860839
2024-07-19 14:09:55,27000.0,1000,Sell,224860838
2024-07-19 14:09:55,27000.0,500,Sell,224860836
2024-07-19 14:09:55,27000.0,100,Sell,224860842
2024-07-19 14:09:55,27000.0,100,Sell,224860834
2024-07-19 14:09:55,27000.0,1000,Sell,224860833
2024-07-19 14:09:55,27000.0,600,Sell,224860832
2024-07-19 14:09:55,27000.0,3500,Sell,224860831
2024-07-19 14:09:55,27000.0,2000,Sell,224860830
2024-07-19 14:09:55,27000.0,100,Sell,224860829
2024-07-19 14:09:55,27000.0,200,Sell,224860825
2024-07-19 14:09:55,27000.0,12000,Sell,224860828
2024-07-19 14:09:55,27000.0,500,Sell,224860827
2024-07-19 14:09:55,27000.0,200,Sell,224860826
2024-07-19 14:09:55,27000.0,500,Sell,224860835
2024-07-19 14:10:00,27000.0,15000,Sell,224861468
2024-07-19 14:10:01,27000.0,100,Sell,224861698
2024-07-19 14:10:02,27000.0,3000,Sell,224861806
2024-07-19 14:10:03,27000.0,500,Sell,224861952
2024-07-19 14:10:03,27000.0,10000,Sell,224862018
2024-07-19 14:10:04,27000.0,1000,Sell,224862149
2024-07-19 14:10:06,27000.0,100,Sell,224862399
2024-07-19 14:10:06,27000.0,500,Sell,224862404
2024-07-19 14:10:06,27000.0,200,Sell,224862400
2024-07-19 14:10:06,27000.0,1000,Sell,224862401
2024-07-19 14:10:06,27000.0,100,Sell,224862402
2024-07-19 14:10:06,27000.0,200,Sell,224862398
2024-07-19 14:10:06,27000.0,100,Sell,224862405
2024-07-19 14:10:06,27000.0,100,Sell,224862413
2024-07-19 14:10:06,27000.0,100,Sell,224862407
2024-07-19 14:10:06,27000.0,500,Sell,224862408
2024-07-19 14:10:06,27000.0,100,Sell,224862409
2024-07-19 14:10:06,27000.0,100,Sell,224862410
2024-07-19 14:10:06,27000.0,100,Sell,224862411
2024-07-19 14:10:06,27000.0,500,Sell,224862412
2024-07-19 14:10:06,27000.0,100,Sell,224862414
2024-07-19 14:10:06,27000.0,200,Sell,224862397
2024-07-19 14:10:06,27000.0,1400,Sell,224862406
2024-07-19 14:10:06,27000.0,100,Sell,224862396
2024-07-19 14:10:06,27000.0,100,Sell,224862403
2024-07-19 14:10:06,27000.0,400,Sell,224862394
2024-07-19 14:10:06,27000.0,5300,Sell,224862376
2024-07-19 14:10:06,27000.0,200,Sell,224862377
2024-07-19 14:10:06,27000.0,500,Sell,224862378
2024-07-19 14:10:06,27000.0,3000,Sell,224862379
2024-07-19 14:10:06,27000.0,200,Sell,224862380
2024-07-19 14:10:06,27000.0,200,Sell,224862381
2024-07-19 14:10:06,27000.0,100,Sell,224862382
2024-07-19 14:10:06,27000.0,1800,Sell,224862383
2024-07-19 14:10:06,27000.0,400,Sell,224862384
2024-07-19 14:10:06,27000.0,200,Sell,224862386
2024-07-19 14:10:06,27000.0,100,Sell,224862387
2024-07-19 14:10:06,27000.0,200,Sell,224862388
2024-07-19 14:10:06,27000.0,100,Sell,224862389
2024-07-19 14:10:06,27000.0,100,Sell,224862390
2024-07-19 14:10:06,27000.0,500,Sell,224862391
2024-07-19 14:10:06,27000.0,1200,Sell,224862392
2024-07-19 14:10:06,27000.0,500,Sell,224862393
2024-07-19 14:10:06,27000.0,100,Sell,224862385
2024-07-19 14:10:06,27000.0,1000,Sell,224862395
2024-07-19 14:10:11,27000.0,1000,Buy,224862978
2024-07-19 14:10:12,27000.0,200,Buy,224863017
2024-07-19 14:10:13,26950.0,100,Sell,224863142
2024-07-19 14:10:13,26950.0,100,Sell,224863123
2024-07-19 14:10:18,26950.0,900,Sell,224863734
2024-07-19 14:10:18,26950.0,100,Sell,224863735
2024-07-19 14:10:18,26950.0,2000,Sell,224863736
2024-07-19 14:10:18,26950.0,400,Sell,224863737
2024-07-19 14:10:18,26950.0,1000,Sell,224863738
2024-07-19 14:10:18,26950.0,500,Sell,224863739
2024-07-19 14:10:18,26950.0,100,Sell,224863740
2024-07-19 14:10:19,26950.0,100,Sell,224863923
2024-07-19 14:10:19,26950.0,900,Sell,224863922
2024-07-19 14:10:20,26950.0,300,Buy,224864000
2024-07-19 14:10:28,26950.0,100,Buy,224864785
2024-07-19 14:10:30,26900.0,800,Sell,224865111
2024-07-19 14:10:30,26900.0,2000,Sell,224865110
2024-07-19 14:10:30,26900.0,100,Sell,224865106
2024-07-19 14:10:30,26900.0,300,Sell,224865109
2024-07-19 14:10:30,26900.0,100,Sell,224865108
2024-07-19 14:10:30,26900.0,200,Sell,224865107
2024-07-19 14:10:30,26900.0,100,Sell,224865105
2024-07-19 14:10:30,26900.0,200,Sell,224865098
2024-07-19 14:10:30,26900.0,700,Sell,224865103
2024-07-19 14:10:30,26900.0,100,Sell,224865102
2024-07-19 14:10:30,26900.0,500,Sell,224865101
2024-07-19 14:10:30,26900.0,500,Sell,224865100
2024-07-19 14:10:30,26900.0,100,Sell,224865099
2024-07-19 14:10:30,26900.0,200,Sell,224865097
2024-07-19 14:10:30,26900.0,1500,Sell,224865096
2024-07-19 14:10:30,26900.0,600,Sell,224865104
2024-07-19 14:10:32,26900.0,100,Sell,224865225
2024-07-19 14:10:35,26900.0,100,Sell,224865569
2024-07-19 14:10:35,26900.0,400,Sell,224865568
2024-07-19 14:10:35,26900.0,1000,Sell,224865566
2024-07-19 14:10:35,26900.0,500,Sell,224865567
2024-07-19 14:10:35,26900.0,100,Sell,224865564
2024-07-19 14:10:35,26900.0,100,Sell,224865563
2024-07-19 14:10:35,26900.0,200,Sell,224865562
2024-07-19 14:10:35,26900.0,100,Sell,224865561
2024-07-19 14:10:35,26900.0,100,Sell,224865565
2024-07-19 14:10:44,26850.0,100,Sell,224866636
2024-07-19 14:10:44,26850.0,500,Sell,224866637
2024-07-19 14:10:44,26850.0,100,Sell,224866638
2024-07-19 14:10:48,26850.0,100,Buy,224867118
2024-07-19 14:10:49,26850.0,1000,Buy,224867264
2024-07-19 14:10:49,26800.0,2000,Sell,224867214
2024-07-19 14:10:49,26800.0,300,Sell,224867262
2024-07-19 14:10:49,26800.0,100,Sell,224867263
2024-07-19 14:10:50,26800.0,100,Sell,224867465
2024-07-19 14:10:51,26800.0,2000,Sell,224867597
2024-07-19 14:10:51,26800.0,1000,Sell,224867599
2024-07-19 14:10:51,26800.0,1000,Sell,224867600
2024-07-19 14:10:53,26850.0,100,Buy,224867786
2024-07-19 14:10:54,26800.0,300,Sell,224867856
2024-07-19 14:10:54,26800.0,1500,Sell,224867878
2024-07-19 14:10:54,26800.0,400,Sell,224867877
2024-07-19 14:10:54,26800.0,300,Sell,224867876
2024-07-19 14:10:54,26800.0,1000,Sell,224867875
2024-07-19 14:10:54,26800.0,100,Sell,224867874
2024-07-19 14:10:54,26800.0,10000,Sell,224867873
2024-07-19 14:10:54,26800.0,1100,Sell,224867872
2024-07-19 14:10:54,26800.0,200,Sell,224867871
2024-07-19 14:10:54,26800.0,800,Sell,224867870
2024-07-19 14:10:54,26800.0,200,Sell,224867869
2024-07-19 14:10:54,26800.0,3000,Sell,224867868
2024-07-19 14:10:54,26800.0,4000,Sell,224867855
2024-07-19 14:10:54,26800.0,500,Sell,224867866
2024-07-19 14:10:54,26800.0,1000,Sell,224867865
2024-07-19 14:10:54,26800.0,1000,Sell,224867864
2024-07-19 14:10:54,26800.0,200,Sell,224867863
2024-07-19 14:10:54,26800.0,200,Sell,224867862
2024-07-19 14:10:54,26800.0,100,Sell,224867861
2024-07-19 14:10:54,26800.0,900,Sell,224867860
2024-07-19 14:10:54,26800.0,800,Sell,224867859
2024-07-19 14:10:54,26800.0,2000,Sell,224867858
2024-07-19 14:10:54,26800.0,300,Sell,224867857
2024-07-19 14:10:54,26800.0,100,Sell,224867867
2024-07-19 14:10:55,26800.0,100,Sell,224867905
2024-07-19 14:10:55,26800.0,100,Buy,224867906
2024-07-19 14:11:01,26800.0,100,Buy,224868806
2024-07-19 14:11:04,26750.0,100,Sell,224869424
2024-07-19 14:11:04,26750.0,900,Sell,224869425
2024-07-19 14:11:04,26750.0,100,Sell,224869426
2024-07-19 14:11:07,26800.0,200,Buy,224870130
2024-07-19 14:11:10,26800.0,400,Buy,224870634
2024-07-19 14:11:14,26800.0,2200,Buy,224871060
2024-07-19 14:11:14,26800.0,400,Buy,224871061
2024-07-19 14:11:14,26800.0,500,Buy,224871059
2024-07-19 14:11:14,26800.0,4000,Buy,224871058
2024-07-19 14:11:14,26800.0,2000,Buy,224871056
2024-07-19 14:11:14,26800.0,1800,Buy,224871055
2024-07-19 14:11:14,26800.0,4200,Buy,224871054
2024-07-19 14:11:14,26750.0,100,Buy,224871053
2024-07-19 14:11:14,26800.0,1400,Buy,224871057
2024-07-19 14:11:16,26800.0,300,Sell,224871338
2024-07-19 14:11:19,26800.0,3000,Sell,224871714
2024-07-19 14:11:19,26800.0,100,Sell,224871661
2024-07-19 14:11:19,26800.0,3000,Sell,224871711
2024-07-19 14:11:19,26800.0,500,Sell,224871712
2024-07-19 14:11:19,26800.0,1000,Sell,224871713
2024-07-19 14:11:19,26700.0,2000,Sell,224871729
2024-07-19 14:11:20,26700.0,3000,Sell,224871962
2024-07-19 14:11:21,26750.0,100,Buy,224871976
2024-07-19 14:11:25,26750.0,100,Buy,224872575
2024-07-19 14:11:36,26750.0,200,Buy,224873626
2024-07-19 14:11:37,26750.0,200,Buy,224873772
2024-07-19 14:11:40,26700.0,100,Sell,224874035
2024-07-19 14:11:40,26700.0,1000,Sell,224874033
2024-07-19 14:11:40,26700.0,200,Sell,224874036
2024-07-19 14:11:40,26700.0,100,Sell,224874032
2024-07-19 14:11:40,26700.0,100,Sell,224874038
2024-07-19 14:11:40,26700.0,400,Sell,224874039
2024-07-19 14:11:40,26700.0,300,Sell,224874037
2024-07-19 14:11:40,26700.0,200,Sell,224874031
2024-07-19 14:11:40,26700.0,100,Sell,224874034
2024-07-19 14:11:40,26700.0,200,Sell,224874029
2024-07-19 14:11:40,26700.0,100,Sell,224874023
2024-07-19 14:11:40,26700.0,3700,Sell,224874024
2024-07-19 14:11:40,26700.0,200,Sell,224874025
2024-07-19 14:11:40,26700.0,200,Sell,224874030
2024-07-19 14:11:40,26700.0,500,Sell,224874027
2024-07-19 14:11:40,26700.0,200,Sell,224874022
2024-07-19 14:11:40,26700.0,500,Sell,224874028
2024-07-19 14:11:40,26700.0,1900,Sell,224874026
2024-07-19 14:11:44,26700.0,100,Sell,224874383
2024-07-19 14:11:44,26700.0,1000,Sell,224874384
2024-07-19 14:11:46,26700.0,1000,Buy,224874843
2024-07-19 14:11:52,26500.0,600,Sell,224875244
2024-07-19 14:11:52,26500.0,1000,Sell,224875243
2024-07-19 14:11:52,26500.0,100,Sell,224875242
2024-07-19 14:11:52,26550.0,300,Sell,224875241
2024-07-19 14:11:52,26550.0,300,Sell,224875240
2024-07-19 14:11:52,26550.0,500,Sell,224875239
2024-07-19 14:11:52,26600.0,3000,Sell,224875235
2024-07-19 14:11:52,26600.0,3700,Sell,224875237
2024-07-19 14:11:52,26600.0,200,Sell,224875236
2024-07-19 14:11:52,26600.0,200,Sell,224875234
2024-07-19 14:11:52,26600.0,4000,Sell,224875232
2024-07-19 14:11:52,26650.0,300,Sell,224875231
2024-07-19 14:11:52,26600.0,700,Sell,224875238
2024-07-19 14:11:52,26600.0,100,Sell,224875233
2024-07-19 14:11:55,26700.0,2500,Buy,224875441
2024-07-19 14:11:58,26700.0,400,Buy,224875773
2024-07-19 14:11:58,26700.0,600,Buy,224875774
2024-07-19 14:12:04,26500.0,2000,Sell,224876171
2024-07-19 14:12:05,26700.0,100,Buy,224876302
2024-07-19 14:12:11,26500.0,1000,Sell,224876791
2024-07-19 14:12:16,26700.0,100,Buy,224877128
2024-07-19 14:12:17,26700.0,200,Buy,224877181
2024-07-19 14:12:17,26700.0,100,Buy,224877182
2024-07-19 14:12:21,26500.0,200,Sell,224877556
2024-07-19 14:12:21,26500.0,500,Sell,224877557
2024-07-19 14:12:21,26500.0,100,Sell,224877558
2024-07-19 14:12:21,26500.0,2000,Sell,224877559
2024-07-19 14:12:21,26500.0,100,Sell,224877560
2024-07-19 14:12:21,26500.0,500,Sell,224877561
2024-07-19 14:12:21,26500.0,500,Sell,224877563
2024-07-19 14:12:21,26500.0,1000,Sell,224877564
2024-07-19 14:12:21,26500.0,1000,Sell,224877568
2024-07-19 14:12:21,26500.0,500,Sell,224877566
2024-07-19 14:12:21,26500.0,700,Sell,224877567
2024-07-19 14:12:21,26500.0,100,Sell,224877569
2024-07-19 14:12:21,26500.0,200,Sell,224877570
2024-07-19 14:12:21,26500.0,100,Sell,224877571
2024-07-19 14:12:21,26500.0,1500,Sell,224877572
2024-07-19 14:12:21,26500.0,500,Sell,224877573
2024-07-19 14:12:21,26500.0,100,Sell,224877555
2024-07-19 14:12:21,26500.0,100,Sell,224877565
2024-07-19 14:12:21,26500.0,1000,Sell,224877554
2024-07-19 14:12:21,26500.0,1000,Sell,224877562
2024-07-19 14:12:21,26500.0,1000,Sell,224877552
2024-07-19 14:12:21,26500.0,100,Sell,224877553
2024-07-19 14:12:21,26500.0,4400,Sell,224877534
2024-07-19 14:12:21,26500.0,500,Sell,224877535
2024-07-19 14:12:21,26500.0,1000,Sell,224877536
2024-07-19 14:12:21,26500.0,100,Sell,224877537
2024-07-19 14:12:21,26500.0,100,Sell,224877538
2024-07-19 14:12:21,26500.0,100,Sell,224877540
2024-07-19 14:12:21,26500.0,200,Sell,224877541
2024-07-19 14:12:21,26500.0,300,Sell,224877542
2024-07-19 14:12:21,26500.0,1500,Sell,224877539
2024-07-19 14:12:21,26500.0,200,Sell,224877544
2024-07-19 14:12:21,26500.0,200,Sell,224877543
2024-07-19 14:12:21,26500.0,500,Sell,224877550
2024-07-19 14:12:21,26500.0,300,Sell,224877549
2024-07-19 14:12:21,26500.0,3500,Sell,224877548
2024-07-19 14:12:21,26500.0,200,Sell,224877551
2024-07-19 14:12:21,26500.0,100,Sell,224877546
2024-07-19 14:12:21,26500.0,1000,Sell,224877545
2024-07-19 14:12:21,26500.0,2000,Sell,224877533
2024-07-19 14:12:21,26500.0,1000,Sell,224877547
2024-07-19 14:12:22,26500.0,500,Sell,224877638
2024-07-19 14:12:22,26500.0,300,Buy,224877645
2024-07-19 14:12:22,26500.0,1000,Buy,224877644
2024-07-19 14:12:22,26500.0,100,Sell,224877643
2024-07-19 14:12:22,26500.0,500,Sell,224877642
2024-07-19 14:12:22,26500.0,300,Sell,224877641
2024-07-19 14:12:22,26500.0,100,Sell,224877640
2024-07-19 14:12:22,26500.0,100,Sell,224877639
2024-07-19 14:12:22,26500.0,100,Sell,224877637
2024-07-19 14:12:22,26500.0,200,Sell,224877636
2024-07-19 14:12:22,26500.0,200,Sell,224877627
2024-07-19 14:12:22,26500.0,100,Sell,224877625
2024-07-19 14:12:22,26500.0,100,Sell,224877626
2024-07-19 14:12:22,26500.0,100,Sell,224877628
2024-07-19 14:12:22,26500.0,2000,Sell,224877629
2024-07-19 14:12:22,26500.0,500,Sell,224877635
2024-07-19 14:12:22,26500.0,100,Sell,224877631
2024-07-19 14:12:22,26500.0,7300,Sell,224877632
2024-07-19 14:12:22,26500.0,500,Sell,224877633
2024-07-19 14:12:22,26500.0,100,Sell,224877634
2024-07-19 14:12:22,26500.0,1000,Sell,224877630
2024-07-19 14:12:23,26500.0,1000,Buy,224877815
2024-07-19 14:12:25,26500.0,100,Buy,224877950
2024-07-19 14:12:25,26500.0,500,Buy,224877951
2024-07-19 14:12:29,26500.0,300,Buy,224878210
2024-07-19 14:12:31,26500.0,600,Buy,224878422
2024-07-19 14:12:33,26500.0,100,Buy,224878539
2024-07-19 14:12:34,26500.0,100,Buy,224878606
2024-07-19 14:12:34,26500.0,1000,Buy,224878643
2024-07-19 14:12:36,26450.0,400,Sell,224878733
2024-07-19 14:12:39,26450.0,300,Sell,224878906
2024-07-19 14:12:39,26500.0,100,Buy,224878937
2024-07-19 14:12:40,26300.0,1000,Sell,224879000
2024-07-19 14:12:40,26300.0,100,Sell,224879002
2024-07-19 14:12:40,26300.0,2000,Sell,224879001
2024-07-19 14:12:40,26300.0,100,Sell,224879003
2024-07-19 14:12:40,26300.0,1000,Sell,224878999
2024-07-19 14:12:40,26300.0,1500,Sell,224879005
2024-07-19 14:12:40,26300.0,1000,Sell,224879006
2024-07-19 14:12:40,26300.0,3000,Sell,224879007
2024-07-19 14:12:40,26300.0,100,Sell,224879008
2024-07-19 14:12:40,26300.0,1000,Sell,224879004
2024-07-19 14:12:40,26300.0,1000,Sell,224878998
2024-07-19 14:12:40,26400.0,300,Sell,224878994
2024-07-19 14:12:40,26350.0,200,Sell,224878996
2024-07-19 14:12:40,26350.0,800,Sell,224878995
2024-07-19 14:12:40,26400.0,300,Sell,224878993
2024-07-19 14:12:40,26400.0,300,Sell,224878992
2024-07-19 14:12:40,26400.0,2000,Sell,224878991
2024-07-19 14:12:40,26400.0,100,Sell,224878990
2024-07-19 14:12:40,26400.0,100,Sell,224878989
2024-07-19 14:12:40,26400.0,100,Sell,224878988
2024-07-19 14:12:40,26400.0,4100,Sell,224878987
2024-07-19 14:12:40,26450.0,300,Sell,224878986
2024-07-19 14:12:40,26350.0,100,Sell,224878997
2024-07-19 14:12:42,26500.0,1000,Buy,224879214
2024-07-19 14:12:46,26200.0,1000,Sell,224879614
2024-07-19 14:12:46,26200.0,300,Sell,224879608
2024-07-19 14:12:46,26200.0,1000,Sell,224879613
2024-07-19 14:12:46,26200.0,1000,Sell,224879612
2024-07-19 14:12:46,26200.0,2000,Sell,224879611
2024-07-19 14:12:46,26200.0,100,Sell,224879610
2024-07-19 14:12:46,26200.0,2000,Sell,224879609
2024-07-19 14:12:46,26200.0,500,Sell,224879615
2024-07-19 14:12:46,26200.0,100,Sell,224879607
2024-07-19 14:12:46,26200.0,1000,Sell,224879602
2024-07-19 14:12:46,26200.0,300,Sell,224879605
2024-07-19 14:12:46,26200.0,100,Sell,224879604
2024-07-19 14:12:46,26200.0,1600,Sell,224879603
2024-07-19 14:12:46,26200.0,1000,Sell,224879616
2024-07-19 14:12:46,26200.0,100,Sell,224879601
2024-07-19 14:12:46,26200.0,100,Sell,224879600
2024-07-19 14:12:46,26200.0,1600,Sell,224879599
2024-07-19 14:12:46,26200.0,100,Sell,224879598
2024-07-19 14:12:46,26200.0,4000,Sell,224879597
2024-07-19 14:12:46,26200.0,2000,Sell,224879606
2024-07-19 14:12:46,26200.0,100,Sell,224879617
2024-07-19 14:12:46,26150.0,100,Sell,224879623
2024-07-19 14:12:46,26200.0,300,Sell,224879619
2024-07-19 14:12:46,26200.0,100,Sell,224879596
2024-07-19 14:12:46,26150.0,600,Sell,224879639
2024-07-19 14:12:46,26150.0,1000,Sell,224879638
2024-07-19 14:12:46,26150.0,100,Sell,224879637
2024-07-19 14:12:46,26150.0,900,Sell,224879636
2024-07-19 14:12:46,26150.0,6000,Sell,224879635
2024-07-19 14:12:46,26150.0,1100,Sell,224879634
2024-07-19 14:12:46,26150.0,900,Sell,224879633
2024-07-19 14:12:46,26150.0,100,Sell,224879632
2024-07-19 14:12:46,26200.0,100,Sell,224879618
2024-07-19 14:12:46,26150.0,1000,Sell,224879631
2024-07-19 14:12:46,26150.0,100,Sell,224879629
2024-07-19 14:12:46,26150.0,500,Sell,224879628
2024-07-19 14:12:46,26150.0,200,Sell,224879627
2024-07-19 14:12:46,26150.0,100,Sell,224879626
2024-07-19 14:12:46,26150.0,200,Sell,224879625
2024-07-19 14:12:46,26150.0,100,Sell,224879624
2024-07-19 14:12:46,26150.0,5000,Sell,224879622
2024-07-19 14:12:46,26150.0,1000,Sell,224879621
