time,price,volume,match_type,id
2024-08-01 12:59:43,20700.0,100,Buy,228105587
2024-08-01 12:59:43,21150.0,300,Buy,228105603
2024-08-01 12:59:43,21150.0,300,Buy,228105602
2024-08-01 12:59:43,21150.0,1000,Buy,228105600
2024-08-01 12:59:43,21000.0,4100,Buy,228105599
2024-08-01 12:59:43,21000.0,1700,Buy,228105598
2024-08-01 12:59:43,21000.0,1500,Buy,228105597
2024-08-01 12:59:43,20700.0,300,Buy,228105588
2024-08-01 12:59:43,21000.0,1700,Buy,228105595
2024-08-01 12:59:43,20700.0,300,Buy,228105590
2024-08-01 12:59:43,20700.0,1000,Buy,228105591
2024-08-01 12:59:43,21000.0,1000,Buy,228105596
2024-08-01 12:59:43,20800.0,1700,Buy,228105593
2024-08-01 12:59:43,20700.0,3300,Buy,228105592
2024-08-01 12:59:43,20800.0,3300,Buy,228105594
2024-08-01 12:59:44,21100.0,100,Sell,228106134
2024-08-01 12:59:45,21150.0,100,Buy,228106486
2024-08-01 12:59:45,21150.0,100,Buy,228106487
2024-08-01 12:59:45,21150.0,3200,Buy,228106490
2024-08-01 12:59:45,21250.0,100,Buy,228106491
2024-08-01 12:59:45,21200.0,200,Sell,228106492
2024-08-01 12:59:47,20500.0,200,Sell,228107242
2024-08-01 12:59:47,20000.0,3000,Sell,228107249
2024-08-01 12:59:47,20000.0,500,Sell,228107248
2024-08-01 12:59:47,20000.0,100,Sell,228107247
2024-08-01 12:59:47,20000.0,1400,Sell,228107246
2024-08-01 12:59:47,20000.0,8600,Sell,228107245
2024-08-01 12:59:47,20200.0,200,Sell,228107243
2024-08-01 12:59:47,20550.0,10000,Sell,228107241
2024-08-01 12:59:47,20000.0,1000,Sell,228107244
2024-08-01 12:59:47,20900.0,100,Sell,228107239
2024-08-01 12:59:47,20900.0,500,Sell,228107238
2024-08-01 12:59:47,20950.0,500,Sell,228107237
2024-08-01 12:59:47,21000.0,1000,Sell,228107236
2024-08-01 12:59:47,21000.0,200,Sell,228107235
2024-08-01 12:59:47,21000.0,1000,Sell,228107234
2024-08-01 12:59:47,21200.0,3600,Sell,228107233
2024-08-01 12:59:47,21200.0,3000,Sell,228107232
2024-08-01 12:59:47,20600.0,100,Sell,228107240
2024-08-01 12:59:48,20000.0,500,Sell,228107535
2024-08-01 12:59:48,21100.0,500,Buy,228107536
2024-08-01 12:59:48,21200.0,500,Buy,228107537
2024-08-01 12:59:48,20900.0,200,Buy,228107538
2024-08-01 12:59:48,20900.0,300,Buy,228107539
2024-08-01 12:59:48,20700.0,100,Buy,228107540
2024-08-01 12:59:48,20400.0,100,Buy,228107544
2024-08-01 12:59:48,20900.0,100,Buy,228107542
2024-08-01 12:59:48,20900.0,100,Buy,228107543
2024-08-01 12:59:48,20200.0,100,Sell,228107545
2024-08-01 12:59:48,20400.0,100,Buy,228107546
2024-08-01 12:59:48,20000.0,100,Sell,228107534
2024-08-01 12:59:48,20900.0,100,Buy,228107541
2024-08-01 12:59:48,20000.0,1000,Sell,228107533
2024-08-01 12:59:48,20400.0,700,Buy,228107547
2024-08-01 12:59:48,21000.0,100,Buy,228107531
2024-08-01 12:59:48,20700.0,200,Buy,228107517
2024-08-01 12:59:48,20700.0,500,Buy,228107518
2024-08-01 12:59:48,20700.0,2200,Buy,228107519
2024-08-01 12:59:48,21000.0,2300,Buy,228107520
2024-08-01 12:59:48,21000.0,100,Buy,228107521
2024-08-01 12:59:48,20000.0,100,Sell,228107522
2024-08-01 12:59:48,21000.0,2300,Buy,228107523
2024-08-01 12:59:48,20000.0,400,Sell,228107532
2024-08-01 12:59:48,21100.0,700,Buy,228107525
2024-08-01 12:59:48,20500.0,200,Sell,228107526
2024-08-01 12:59:48,20300.0,100,Sell,228107527
2024-08-01 12:59:48,20300.0,900,Sell,228107528
2024-08-01 12:59:48,20000.0,500,Sell,228107529
2024-08-01 12:59:48,20000.0,100,Sell,228107530
2024-08-01 12:59:48,21000.0,300,Buy,228107524
2024-08-01 12:59:49,20500.0,1000,Sell,228107878
2024-08-01 12:59:49,20900.0,1000,Buy,228107879
2024-08-01 12:59:50,20000.0,500,Sell,228108280
2024-08-01 12:59:50,20000.0,1000,Sell,228108278
2024-08-01 12:59:50,20000.0,200,Sell,228108279
2024-08-01 12:59:50,20000.0,3000,Sell,228108276
2024-08-01 12:59:50,20000.0,1000,Sell,228108275
2024-08-01 12:59:50,20000.0,500,Sell,228108277
2024-08-01 12:59:50,20500.0,3800,Sell,228108274
2024-08-01 12:59:52,21200.0,100,Buy,228108874
2024-08-01 12:59:52,20200.0,1800,Sell,228108850
2024-08-01 12:59:52,20200.0,2700,Sell,228108865
2024-08-01 12:59:52,20000.0,2300,Sell,228108866
2024-08-01 12:59:52,20500.0,3000,Buy,228108867
2024-08-01 12:59:52,20900.0,2000,Buy,228108868
2024-08-01 12:59:52,20900.0,1200,Buy,228108869
2024-08-01 12:59:52,20900.0,1100,Buy,228108870
2024-08-01 12:59:52,21000.0,500,Buy,228108871
2024-08-01 12:59:52,21000.0,2000,Buy,228108872
2024-08-01 12:59:52,21000.0,100,Buy,228108873
2024-08-01 12:59:53,21150.0,1000,Sell,228109068
2024-08-01 12:59:54,21150.0,1700,Sell,228109200
2024-08-01 12:59:58,21150.0,500,Sell,228109825
2024-08-01 12:59:58,21150.0,700,Sell,228109826
2024-08-01 12:59:58,21150.0,500,Sell,228109827
2024-08-01 13:00:00,21150.0,100,Sell,228110088
2024-08-01 13:00:01,21150.0,200,Sell,228110243
2024-08-01 13:00:02,21150.0,300,Sell,228110304
2024-08-01 13:00:02,21100.0,5000,Sell,228110305
2024-08-01 13:00:02,20950.0,10000,Sell,228110306
2024-08-01 13:00:02,20900.0,10000,Sell,228110307
2024-08-01 13:00:02,20800.0,10000,Sell,228110308
2024-08-01 13:00:02,20700.0,10000,Sell,228110309
2024-08-01 13:00:05,20700.0,2000,Buy,228110726
2024-08-01 13:00:05,20700.0,300,Buy,228110767
2024-08-01 13:00:05,20700.0,100,Buy,228110768
2024-08-01 13:00:06,20700.0,500,Buy,228110922
2024-08-01 13:00:06,20700.0,600,Buy,228110923
2024-08-01 13:00:06,20700.0,200,Buy,228110788
2024-08-01 13:00:06,20700.0,200,Buy,228110856
2024-08-01 13:00:07,20700.0,500,Buy,228111059
2024-08-01 13:00:07,20700.0,500,Buy,228111058
2024-08-01 13:00:07,20700.0,600,Buy,228111057
2024-08-01 13:00:07,20700.0,100,Buy,228111060
2024-08-01 13:00:07,20700.0,500,Buy,228111055
2024-08-01 13:00:07,20700.0,300,Buy,228111054
2024-08-01 13:00:07,20700.0,5000,Buy,228111003
2024-08-01 13:00:07,20700.0,100,Buy,228111056
2024-08-01 13:00:08,20700.0,5000,Buy,228111101
2024-08-01 13:00:08,20700.0,1000,Buy,228111100
2024-08-01 13:00:08,20400.0,17800,Buy,228111099
2024-08-01 13:00:08,20400.0,500,Buy,228111085
2024-08-01 13:00:08,20400.0,5000,Buy,228111090
2024-08-01 13:00:08,20400.0,1400,Buy,228111089
2024-08-01 13:00:08,20400.0,200,Buy,228111086
2024-08-01 13:00:08,20200.0,800,Sell,228111084
2024-08-01 13:00:08,20600.0,100,Sell,228111078
2024-08-01 13:00:08,20500.0,20000,Sell,228111082
2024-08-01 13:00:08,20700.0,500,Buy,228111066
2024-08-01 13:00:08,20700.0,200,Buy,228111067
2024-08-01 13:00:08,20700.0,500,Buy,228111068
2024-08-01 13:00:08,20500.0,300,Sell,228111083
2024-08-01 13:00:08,20600.0,100,Sell,228111080
2024-08-01 13:00:08,20600.0,5000,Sell,228111079
2024-08-01 13:00:08,20600.0,4800,Sell,228111081
2024-08-01 13:00:09,20600.0,4000,Sell,228111186
2024-08-01 13:00:09,20600.0,15300,Sell,228111193
2024-08-01 13:00:09,20600.0,300,Sell,228111225
2024-08-01 13:00:10,20600.0,1000,Sell,228111256
2024-08-01 13:00:10,20600.0,2000,Sell,228111339
2024-08-01 13:00:10,20600.0,1000,Sell,228111340
2024-08-01 13:00:11,20600.0,1000,Sell,228111450
2024-08-01 13:00:12,20700.0,1000,Buy,228111510
2024-08-01 13:00:15,20600.0,1300,Sell,228111770
2024-08-01 13:00:15,20600.0,6900,Sell,228111743
2024-08-01 13:00:15,20650.0,100,Sell,228111742
2024-08-01 13:00:16,20700.0,5000,Buy,228111862
2024-08-01 13:00:17,20600.0,1200,Sell,228111931
2024-08-01 13:00:18,20600.0,1000,Sell,228111999
2024-08-01 13:00:18,20600.0,9000,Sell,228112003
2024-08-01 13:00:19,20600.0,2100,Sell,228112099
2024-08-01 13:00:20,20600.0,1000,Sell,228112177
2024-08-01 13:00:21,20600.0,10000,Sell,228112262
2024-08-01 13:00:22,20600.0,200,Sell,228112319
2024-08-01 13:00:22,20600.0,100,Sell,228112322
2024-08-01 13:00:23,20650.0,100,Buy,228112378
2024-08-01 13:00:23,20700.0,300,Buy,228112379
2024-08-01 13:00:23,20700.0,100,Buy,228112380
2024-08-01 13:00:23,20600.0,7000,Sell,228112443
2024-08-01 13:00:26,20650.0,1000,Buy,228112556
2024-08-01 13:00:27,20650.0,1000,Buy,228112573
2024-08-01 13:00:27,20700.0,400,Buy,228112574
2024-08-01 13:00:27,20700.0,3600,Buy,228112575
2024-08-01 13:00:27,20600.0,200,Sell,228112581
2024-08-01 13:00:28,20600.0,800,Sell,228112663
2024-08-01 13:00:28,20700.0,300,Buy,228112628
2024-08-01 13:00:28,20600.0,3000,Sell,228112626
2024-08-01 13:00:28,20700.0,100,Buy,228112625
2024-08-01 13:00:28,20700.0,900,Buy,228112624
2024-08-01 13:00:28,20700.0,100,Buy,228112627
2024-08-01 13:00:29,20650.0,2000,Buy,228112773
2024-08-01 13:00:29,20600.0,500,Sell,228112774
2024-08-01 13:00:29,20600.0,1500,Sell,228112795
2024-08-01 13:00:29,20600.0,3000,Sell,228112829
2024-08-01 13:00:30,20600.0,2000,Sell,228112850
2024-08-01 13:00:30,20600.0,1300,Sell,228112863
2024-08-01 13:00:30,20700.0,100,Buy,228112924
2024-08-01 13:00:30,20700.0,9900,Buy,228112925
2024-08-01 13:00:31,20600.0,5500,Sell,228113013
2024-08-01 13:00:32,20700.0,400,Buy,228113059
2024-08-01 13:00:32,20700.0,100,Buy,228113058
2024-08-01 13:00:32,20600.0,1000,Sell,228113069
2024-08-01 13:00:33,20600.0,2200,Sell,228113085
2024-08-01 13:00:33,20600.0,7300,Sell,228113086
2024-08-01 13:00:34,20700.0,2000,Buy,228113140
2024-08-01 13:00:35,20600.0,2000,Sell,228113210
2024-08-01 13:00:36,20600.0,700,Sell,228113228
2024-08-01 13:00:36,20600.0,6000,Sell,228113251
2024-08-01 13:00:36,20600.0,2200,Sell,228113281
2024-08-01 13:00:37,20650.0,200,Buy,228113328
2024-08-01 13:00:37,20600.0,100,Sell,228113307
2024-08-01 13:00:37,20600.0,9800,Sell,228113309
2024-08-01 13:00:38,20650.0,700,Buy,228113396
2024-08-01 13:00:38,20700.0,8700,Buy,228113397
2024-08-01 13:00:38,20700.0,600,Buy,228113398
2024-08-01 13:00:38,20600.0,1800,Sell,228113364
2024-08-01 13:00:39,20700.0,21400,Buy,228113413
2024-08-01 13:00:42,20650.0,1200,Buy,228113613
2024-08-01 13:00:42,20600.0,5600,Sell,228113628
2024-08-01 13:00:42,20650.0,200,Buy,228113629
2024-08-01 13:00:42,20600.0,3600,Sell,228113657
2024-08-01 13:00:43,20600.0,1000,Sell,228113675
2024-08-01 13:00:44,20600.0,16400,Sell,228113738
2024-08-01 13:00:44,20650.0,100,Buy,228113717
2024-08-01 13:00:44,20600.0,200,Sell,228113726
2024-08-01 13:00:45,20600.0,20000,Sell,228113777
2024-08-01 13:00:45,20650.0,1000,Buy,228113783
2024-08-01 13:00:45,20650.0,2500,Buy,228113797
2024-08-01 13:00:45,20650.0,1000,Buy,228113798
2024-08-01 13:00:46,20700.0,10000,Buy,228113827
2024-08-01 13:00:46,20650.0,1200,Sell,228113840
2024-08-01 13:00:46,20650.0,1300,Sell,228113849
2024-08-01 13:00:46,20650.0,200,Sell,228113850
2024-08-01 13:00:46,20600.0,3500,Sell,228113851
2024-08-01 13:00:46,20600.0,10000,Sell,228113852
2024-08-01 13:00:47,20600.0,200,Sell,228113898
2024-08-01 13:00:47,20600.0,600,Sell,228113896
2024-08-01 13:00:47,20600.0,6000,Sell,228113874
2024-08-01 13:00:47,20600.0,200,Sell,228113897
2024-08-01 13:00:48,20600.0,1800,Sell,228113905
2024-08-01 13:00:48,20600.0,200,Sell,228113906
2024-08-01 13:00:49,20600.0,2000,Sell,228113971
2024-08-01 13:00:49,20600.0,2500,Sell,228113977
2024-08-01 13:00:50,20600.0,300,Sell,228114028
2024-08-01 13:00:50,20600.0,4700,Sell,228114029
2024-08-01 13:00:50,20600.0,4500,Sell,228114031
2024-08-01 13:00:50,20600.0,500,Sell,228114032
2024-08-01 13:00:50,20600.0,100,Sell,228114033
2024-08-01 13:00:51,20600.0,2000,Buy,228114073
2024-08-01 13:00:51,20600.0,1400,Buy,228114074
2024-08-01 13:00:51,20600.0,100,Buy,228114071
2024-08-01 13:00:51,20600.0,900,Buy,228114072
2024-08-01 13:00:51,20600.0,4900,Buy,228114070
2024-08-01 13:00:52,20650.0,10000,Buy,228114154
2024-08-01 13:00:53,20600.0,500,Sell,228114204
2024-08-01 13:00:54,20650.0,400,Buy,228114282
2024-08-01 13:00:55,20650.0,200,Sell,228114336
2024-08-01 13:00:55,20650.0,300,Sell,228114307
2024-08-01 13:00:56,20650.0,2000,Sell,228114343
2024-08-01 13:00:58,20600.0,100,Sell,228114541
2024-08-01 13:01:01,20650.0,300,Buy,228114643
2024-08-01 13:01:01,20650.0,700,Buy,228114644
2024-08-01 13:01:01,20600.0,100,Sell,228114679
2024-08-01 13:01:01,20600.0,200,Sell,228114681
2024-08-01 13:01:03,20600.0,300,Sell,228114754
2024-08-01 13:01:03,20600.0,100,Sell,228114755
2024-08-01 13:01:04,20600.0,500,Sell,228114787
2024-08-01 13:01:04,20600.0,1700,Sell,228114786
2024-08-01 13:01:04,20600.0,2200,Sell,228114784
2024-08-01 13:01:08,20600.0,500,Buy,228114928
2024-08-01 13:01:08,20600.0,500,Buy,228114951
2024-08-01 13:01:09,20600.0,100,Buy,228114987
2024-08-01 13:01:13,20550.0,100,Sell,228115145
2024-08-01 13:01:13,20550.0,500,Sell,228115146
2024-08-01 13:01:13,20500.0,500,Sell,228115147
2024-08-01 13:01:13,20600.0,600,Buy,228115161
2024-08-01 13:01:14,20550.0,100,Buy,228115247
2024-08-01 13:01:16,20600.0,7700,Buy,228115333
2024-08-01 13:01:16,20600.0,1500,Buy,228115332
2024-08-01 13:01:16,20550.0,600,Buy,228115330
2024-08-01 13:01:16,20550.0,200,Buy,228115331
2024-08-01 13:01:17,20500.0,100,Sell,228115360
2024-08-01 13:01:17,20600.0,1000,Buy,228115367
2024-08-01 13:01:20,20500.0,1000,Sell,228115595
2024-08-01 13:01:21,20550.0,1000,Buy,228115618
2024-08-01 13:01:21,20550.0,2000,Buy,228115619
2024-08-01 13:01:21,20550.0,100,Buy,228115641
2024-08-01 13:01:24,20550.0,5000,Buy,228115782
2024-08-01 13:01:24,20500.0,12300,Sell,228115798
2024-08-01 13:01:25,20500.0,1900,Sell,228115874
2024-08-01 13:01:25,20550.0,200,Buy,228115875
2024-08-01 13:01:25,20500.0,6100,Sell,228115872
2024-08-01 13:01:25,20500.0,1000,Sell,228115873
2024-08-01 13:01:26,20550.0,100,Buy,228115906
2024-08-01 13:01:26,20500.0,3100,Sell,228115912
2024-08-01 13:01:26,20500.0,500,Sell,228115913
2024-08-01 13:01:26,20400.0,2400,Sell,228115914
2024-08-01 13:01:27,20550.0,1200,Buy,228115956
2024-08-01 13:01:27,20550.0,800,Buy,228115957
2024-08-01 13:01:27,20500.0,100,Sell,228115958
2024-08-01 13:01:27,20500.0,300,Sell,228115972
2024-08-01 13:01:28,20500.0,300,Sell,228115982
2024-08-01 13:01:28,20500.0,1500,Sell,228115984
2024-08-01 13:01:28,20550.0,1000,Buy,228115998
2024-08-01 13:01:28,20500.0,17800,Sell,228116002
2024-08-01 13:01:31,20400.0,500,Sell,228116216
2024-08-01 13:01:31,20450.0,100,Sell,228116214
2024-08-01 13:01:31,20400.0,300,Sell,228116215
2024-08-01 13:01:33,20400.0,5000,Sell,228116383
2024-08-01 13:01:34,20400.0,10000,Sell,228116414
2024-08-01 13:01:34,20400.0,1800,Sell,228116438
2024-08-01 13:01:36,20400.0,2000,Buy,228116546
2024-08-01 13:01:38,20400.0,100,Buy,228116646
2024-08-01 13:01:40,20300.0,300,Sell,228116745
2024-08-01 13:01:40,20300.0,100,Sell,228116746
2024-08-01 13:01:40,20300.0,1600,Sell,228116747
2024-08-01 13:01:40,20400.0,100,Buy,228116773
2024-08-01 13:01:41,20300.0,14000,Sell,228116882
2024-08-01 13:01:43,20300.0,500,Sell,228117003
2024-08-01 13:01:43,20300.0,500,Sell,228117004
2024-08-01 13:01:43,20300.0,2000,Sell,228116978
2024-08-01 13:01:43,20300.0,500,Sell,228116977
2024-08-01 13:01:43,20300.0,1900,Sell,228117002
2024-08-01 13:01:44,20500.0,600,Buy,228117116
2024-08-01 13:01:44,20500.0,100,Buy,228117115
2024-08-01 13:01:44,20500.0,1000,Buy,228117114
2024-08-01 13:01:44,20500.0,500,Buy,228117113
2024-08-01 13:01:44,20500.0,1100,Buy,228117112
2024-08-01 13:01:44,20500.0,500,Buy,228117111
2024-08-01 13:01:44,20500.0,10000,Buy,228117108
2024-08-01 13:01:44,20500.0,600,Buy,228117107
2024-08-01 13:01:44,20500.0,1700,Buy,228117106
2024-08-01 13:01:44,20400.0,2000,Buy,228117105
2024-08-01 13:01:44,20400.0,25600,Buy,228117104
2024-08-01 13:01:44,20400.0,2000,Buy,228117103
2024-08-01 13:01:44,20400.0,200,Buy,228117102
2024-08-01 13:01:44,20400.0,5200,Buy,228117100
2024-08-01 13:01:44,20300.0,700,Buy,228117088
2024-08-01 13:01:44,20400.0,8800,Buy,228117101
2024-08-01 13:01:44,20300.0,4000,Buy,228117089
2024-08-01 13:01:44,20300.0,8800,Buy,228117090
2024-08-01 13:01:44,20400.0,1000,Buy,228117091
2024-08-01 13:01:44,20400.0,1200,Buy,228117092
2024-08-01 13:01:44,20400.0,1000,Buy,228117099
2024-08-01 13:01:44,20400.0,600,Buy,228117094
2024-08-01 13:01:44,20400.0,1200,Buy,228117095
2024-08-01 13:01:44,20400.0,100,Buy,228117096
2024-08-01 13:01:44,20400.0,1000,Buy,228117097
2024-08-01 13:01:44,20400.0,300,Buy,228117098
2024-08-01 13:01:44,20400.0,100,Buy,228117093
2024-08-01 13:01:45,20500.0,6000,Sell,228117132
2024-08-01 13:01:45,20500.0,4100,Sell,228117190
2024-08-01 13:01:45,20250.0,600,Sell,228117210
2024-08-01 13:01:48,20400.0,500,Buy,228117369
2024-08-01 13:01:48,20300.0,2000,Buy,228117366
2024-08-01 13:01:48,20400.0,200,Buy,228117367
2024-08-01 13:01:48,20400.0,1000,Buy,228117368
2024-08-01 13:01:49,20400.0,1300,Sell,228117410
2024-08-01 13:01:49,20300.0,100,Sell,228117411
2024-08-01 13:01:50,20250.0,10000,Sell,228117441
2024-08-01 13:01:50,20250.0,6000,Sell,228117460
2024-08-01 13:01:51,20250.0,1000,Sell,228117475
2024-08-01 13:01:52,20250.0,2400,Sell,228117512
2024-08-01 13:01:54,20250.0,1600,Buy,228117633
2024-08-01 13:01:56,20250.0,100,Sell,228117683
2024-08-01 13:01:56,20300.0,1000,Buy,228117682
2024-08-01 13:01:57,20250.0,200,Sell,228117746
2024-08-01 13:01:57,20250.0,300,Sell,228117745
2024-08-01 13:01:58,20200.0,100,Sell,228117766
2024-08-01 13:01:59,20250.0,2600,Buy,228117852
2024-08-01 13:01:59,20250.0,1600,Buy,228117853
2024-08-01 13:01:59,20250.0,100,Buy,228117854
2024-08-01 13:01:59,20250.0,700,Buy,228117855
2024-08-01 13:02:00,20250.0,1300,Buy,228117907
2024-08-01 13:02:00,20250.0,100,Buy,228117908
2024-08-01 13:02:00,20250.0,200,Buy,228117909
2024-08-01 13:02:01,20250.0,7000,Sell,228117986
2024-08-01 13:02:01,20250.0,100,Sell,228117985
2024-08-01 13:02:02,20250.0,19900,Sell,228118061
2024-08-01 13:02:02,20200.0,1100,Sell,228118062
2024-08-01 13:02:02,20200.0,100,Sell,228118063
2024-08-01 13:02:02,20200.0,17800,Sell,228118064
2024-08-01 13:02:02,20250.0,500,Sell,228118115
2024-08-01 13:02:02,20250.0,1400,Sell,228118055
2024-08-01 13:02:03,20250.0,8300,Sell,228118134
2024-08-01 13:02:03,20250.0,100,Sell,228118154
2024-08-01 13:02:03,20200.0,1400,Sell,228118155
2024-08-01 13:02:06,20250.0,100,Buy,228118304
2024-08-01 13:02:07,20200.0,400,Sell,228118365
2024-08-01 13:02:08,20200.0,100,Sell,228118401
2024-08-01 13:02:08,20200.0,400,Sell,228118400
2024-08-01 13:02:09,20200.0,1000,Buy,228118461
2024-08-01 13:02:09,20150.0,100,Sell,228118442
2024-08-01 13:02:09,20100.0,400,Sell,228118443
2024-08-01 13:02:10,20100.0,600,Sell,228118479
2024-08-01 13:02:10,20100.0,100,Sell,228118480
2024-08-01 13:02:10,20100.0,2000,Sell,228118481
2024-08-01 13:02:10,20100.0,300,Sell,228118482
2024-08-01 13:02:10,20100.0,500,Sell,228118520
2024-08-01 13:02:14,20100.0,13100,Sell,228118695
2024-08-01 13:02:14,20150.0,100,Buy,228118740
2024-08-01 13:02:15,20150.0,100,Sell,228118784
2024-08-01 13:02:16,20100.0,4600,Sell,228118819
2024-08-01 13:02:16,20150.0,400,Sell,228118818
2024-08-01 13:02:18,20200.0,300,Buy,228118906
2024-08-01 13:02:18,20150.0,200,Buy,228118905
2024-08-01 13:02:19,20100.0,1000,Sell,228118919
2024-08-01 13:02:20,20100.0,500,Sell,228119121
2024-08-01 13:02:20,20100.0,1000,Sell,228119122
2024-08-01 13:02:21,20100.0,100,Sell,228119134
2024-08-01 13:02:21,20100.0,100,Sell,228119135
2024-08-01 13:02:22,20100.0,1800,Buy,228119180
2024-08-01 13:02:22,20100.0,500,Buy,228119181
2024-08-01 13:02:22,20150.0,700,Buy,228119182
2024-08-01 13:02:24,20200.0,100,Buy,228119295
2024-08-01 13:02:24,20200.0,200,Buy,228119294
2024-08-01 13:02:24,20150.0,300,Buy,228119292
2024-08-01 13:02:24,20200.0,200,Buy,228119293
2024-08-01 13:02:24,20050.0,100,Sell,228119274
2024-08-01 13:02:25,20100.0,200,Buy,228119308
2024-08-01 13:02:25,20100.0,200,Buy,228119348
2024-08-01 13:02:26,20100.0,700,Buy,228119359
2024-08-01 13:02:27,20100.0,100,Buy,228119407
2024-08-01 13:02:31,20100.0,100,Buy,228119602
2024-08-01 13:02:32,20050.0,5000,Sell,228119643
2024-08-01 13:02:32,20050.0,100,Sell,228119642
2024-08-01 13:02:32,20050.0,7400,Sell,228119645
2024-08-01 13:02:32,20050.0,600,Sell,228119640
2024-08-01 13:02:32,20050.0,600,Sell,228119641
2024-08-01 13:02:32,20050.0,200,Sell,228119638
2024-08-01 13:02:32,20050.0,1000,Sell,228119644
2024-08-01 13:02:32,20050.0,100,Sell,228119639
2024-08-01 13:02:35,20050.0,9200,Sell,228119815
2024-08-01 13:02:37,20100.0,200,Buy,228119921
2024-08-01 13:02:37,20100.0,200,Buy,228119922
2024-08-01 13:02:37,20100.0,600,Buy,228119923
2024-08-01 13:02:37,20100.0,1000,Buy,228119925
2024-08-01 13:02:37,20100.0,8000,Buy,228119926
2024-08-01 13:02:37,20100.0,100,Buy,228119927
2024-08-01 13:02:37,20100.0,200,Buy,228119928
2024-08-01 13:02:37,20100.0,2000,Buy,228119929
2024-08-01 13:02:37,20100.0,1000,Buy,228119930
2024-08-01 13:02:37,20100.0,5000,Buy,228119924
2024-08-01 13:02:39,20100.0,2000,Sell,228120076
2024-08-01 13:02:39,20150.0,3500,Buy,228120044
2024-08-01 13:02:39,20150.0,1000,Buy,228120043
2024-08-01 13:02:40,20100.0,900,Buy,228120141
2024-08-01 13:02:40,20050.0,1900,Sell,228120142
2024-08-01 13:02:40,20050.0,500,Sell,228120181
2024-08-01 13:02:42,20100.0,1600,Buy,228120252
2024-08-01 13:02:42,20100.0,1000,Buy,228120253
2024-08-01 13:02:42,20100.0,2300,Buy,228120254
2024-08-01 13:02:42,20100.0,19900,Buy,228120255
2024-08-01 13:02:42,20050.0,500,Sell,228120264
2024-08-01 13:02:42,20050.0,9600,Sell,228120274
2024-08-01 13:02:42,20050.0,900,Sell,228120275
2024-08-01 13:02:42,20050.0,300,Sell,228120276
2024-08-01 13:02:43,20100.0,900,Sell,228120376
2024-08-01 13:02:43,20100.0,100,Buy,228120364
2024-08-01 13:02:43,20050.0,1500,Sell,228120358
2024-08-01 13:02:43,20050.0,3200,Sell,228120357
2024-08-01 13:02:43,20050.0,200,Sell,228120342
2024-08-01 13:02:43,20050.0,300,Sell,228120359
2024-08-01 13:02:44,20100.0,5000,Buy,228120401
2024-08-01 13:02:44,20050.0,200,Sell,228120468
2024-08-01 13:02:46,20050.0,300,Sell,228120597
2024-08-01 13:02:46,20100.0,100,Buy,228120718
2024-08-01 13:02:47,20100.0,500,Buy,228120740
2024-08-01 13:02:55,20050.0,200,Sell,228121136
2024-08-01 13:02:55,20050.0,300,Sell,228121138
2024-08-01 13:02:55,20050.0,200,Sell,228121137
2024-08-01 13:02:55,20050.0,1000,Sell,228121135
2024-08-01 13:02:55,20050.0,1000,Sell,228121139
2024-08-01 13:02:55,20050.0,11300,Sell,228121133
2024-08-01 13:02:55,20050.0,1000,Sell,228121132
2024-08-01 13:02:55,20050.0,200,Sell,228121131
2024-08-01 13:02:55,20050.0,2700,Sell,228121134
2024-08-01 13:02:55,20100.0,100,Buy,228121130
2024-08-01 13:02:56,20050.0,5000,Sell,228121288
2024-08-01 13:02:57,20050.0,2200,Sell,228121339
2024-08-01 13:02:57,20050.0,8300,Sell,228121338
2024-08-01 13:02:57,20050.0,200,Sell,228121337
2024-08-01 13:02:57,20050.0,6300,Sell,228121333
2024-08-01 13:02:57,20050.0,2000,Sell,228121335
2024-08-01 13:02:57,20050.0,100,Sell,228121336
2024-08-01 13:02:57,20050.0,500,Sell,228121334
2024-08-01 13:02:58,20050.0,3200,Sell,228121404
2024-08-01 13:02:59,20050.0,200,Sell,228121439
2024-08-01 13:02:59,20050.0,1000,Sell,228121437
2024-08-01 13:03:00,20050.0,1900,Sell,228121550
2024-08-01 13:03:01,20050.0,1000,Sell,228121580
2024-08-01 13:03:02,20050.0,4700,Sell,228121605
2024-08-01 13:03:02,20050.0,2800,Sell,228121614
2024-08-01 13:03:03,20050.0,1000,Sell,228121677
2024-08-01 13:03:03,20050.0,100,Sell,228121676
2024-08-01 13:03:03,20050.0,2000,Sell,228121675
2024-08-01 13:03:03,20050.0,1600,Sell,228121674
2024-08-01 13:03:03,20050.0,5000,Sell,228121672
2024-08-01 13:03:03,20050.0,200,Sell,228121671
2024-08-01 13:03:03,20050.0,4500,Sell,228121670
2024-08-01 13:03:03,20050.0,8500,Sell,228121642
2024-08-01 13:03:03,20050.0,1000,Sell,228121673
2024-08-01 13:03:05,20050.0,2000,Buy,228121738
2024-08-01 13:03:05,20050.0,500,Buy,228121749
2024-08-01 13:03:06,20050.0,2100,Buy,228121810
2024-08-01 13:03:06,20050.0,200,Buy,228121811
2024-08-01 13:03:06,20050.0,7900,Buy,228121812
2024-08-01 13:03:06,20050.0,100,Buy,228121831
2024-08-01 13:03:08,20000.0,700,Sell,228121893
2024-08-01 13:03:09,20050.0,500,Buy,228121978
2024-08-01 13:03:09,20050.0,2000,Buy,228121981
2024-08-01 13:03:09,20050.0,1600,Buy,228121977
2024-08-01 13:03:09,20050.0,300,Buy,228121979
2024-08-01 13:03:09,20050.0,600,Buy,228121980
2024-08-01 13:03:11,20000.0,9300,Sell,228122045
2024-08-01 13:03:11,20000.0,700,Sell,228122046
2024-08-01 13:03:14,20050.0,100,Buy,228122167
2024-08-01 13:03:14,20050.0,200,Buy,228122193
2024-08-01 13:03:14,20050.0,4800,Buy,228122202
2024-08-01 13:03:15,20050.0,300,Buy,228122235
2024-08-01 13:03:16,20050.0,200,Buy,228122276
2024-08-01 13:03:16,20050.0,9600,Buy,228122275
2024-08-01 13:03:16,20050.0,2200,Buy,228122274
2024-08-01 13:03:16,20050.0,100,Buy,228122273
2024-08-01 13:03:16,20050.0,5000,Buy,228122272
2024-08-01 13:03:16,20050.0,13000,Buy,228122268
2024-08-01 13:03:16,20050.0,100,Buy,228122270
2024-08-01 13:03:16,20050.0,5000,Buy,228122269
2024-08-01 13:03:16,20050.0,200,Buy,228122277
2024-08-01 13:03:16,20050.0,2100,Buy,228122266
2024-08-01 13:03:16,20050.0,3000,Buy,228122271
2024-08-01 13:03:16,20050.0,171500,Buy,228122267
2024-08-01 13:03:17,20000.0,100,Sell,228122335
2024-08-01 13:03:17,20000.0,14000,Sell,228122334
2024-08-01 13:03:18,20050.0,700,Buy,228122359
2024-08-01 13:03:18,20050.0,1000,Buy,228122360
2024-08-01 13:03:18,20050.0,200,Buy,228122361
2024-08-01 13:03:18,20000.0,2000,Sell,228122385
2024-08-01 13:03:18,20000.0,600,Sell,228122386
2024-08-01 13:03:19,20050.0,1000,Buy,228122429
2024-08-01 13:03:20,20050.0,500,Buy,228122518
2024-08-01 13:03:20,20000.0,100,Sell,228122523
2024-08-01 13:03:21,20050.0,4400,Buy,228122550
2024-08-01 13:03:22,20050.0,5000,Buy,228122613
2024-08-01 13:03:22,20050.0,12000,Buy,228122633
2024-08-01 13:03:22,20050.0,900,Buy,228122574
2024-08-01 13:03:22,20050.0,1100,Buy,228122575
2024-08-01 13:03:23,20050.0,1400,Buy,228122657
2024-08-01 13:03:24,20050.0,22100,Buy,228122667
2024-08-01 13:03:24,20050.0,5000,Buy,228122668
2024-08-01 13:03:24,20050.0,100,Buy,228122669
2024-08-01 13:03:24,20050.0,10200,Buy,228122670
2024-08-01 13:03:25,20050.0,600,Buy,228122702
2024-08-01 13:03:25,20050.0,200,Sell,228122715
2024-08-01 13:03:27,20050.0,600,Sell,228122786
2024-08-01 13:03:27,20100.0,100,Buy,228122820
2024-08-01 13:03:28,20000.0,17400,Sell,228122864
2024-08-01 13:03:28,20050.0,500,Sell,228122863
2024-08-01 13:03:28,20050.0,100,Sell,228122862
2024-08-01 13:03:28,20050.0,6800,Sell,228122861
2024-08-01 13:03:28,20050.0,500,Sell,228122855
2024-08-01 13:03:29,20050.0,100,Sell,228122907
2024-08-01 13:03:29,20050.0,300,Buy,228122911
2024-08-01 13:03:30,20100.0,1000,Buy,228122935
2024-08-01 13:03:31,20050.0,700,Sell,228122972
2024-08-01 13:03:31,20050.0,500,Sell,228122973
2024-08-01 13:03:31,20050.0,800,Sell,228122974
2024-08-01 13:03:31,20050.0,1000,Sell,228122975
2024-08-01 13:03:32,20050.0,1800,Sell,228123010
2024-08-01 13:03:32,20050.0,100,Sell,228123009
2024-08-01 13:03:32,20050.0,100,Sell,228123008
2024-08-01 13:03:32,20100.0,15900,Buy,228123007
2024-08-01 13:03:32,20100.0,1000,Buy,228123005
2024-08-01 13:03:32,20100.0,2000,Buy,228123004
2024-08-01 13:03:32,20100.0,500,Buy,228123003
2024-08-01 13:03:32,20100.0,12300,Buy,228123002
2024-08-01 13:03:32,20100.0,100,Buy,228123006
2024-08-01 13:03:36,20100.0,100,Buy,228123236
2024-08-01 13:03:36,20100.0,200,Buy,228123242
2024-08-01 13:03:36,20100.0,100,Buy,228123239
2024-08-01 13:03:36,20100.0,100,Buy,228123238
2024-08-01 13:03:36,20100.0,2000,Buy,228123237
2024-08-01 13:03:36,20100.0,100,Buy,228123235
2024-08-01 13:03:36,20100.0,100,Buy,228123243
2024-08-01 13:03:36,20100.0,100,Buy,228123233
2024-08-01 13:03:36,20100.0,3800,Buy,228123232
2024-08-01 13:03:36,20100.0,100,Buy,228123231
2024-08-01 13:03:36,20100.0,400,Buy,228123230
2024-08-01 13:03:36,20100.0,6600,Buy,228123229
2024-08-01 13:03:36,20100.0,3000,Buy,228123228
2024-08-01 13:03:36,20100.0,100,Buy,228123234
2024-08-01 13:03:38,20100.0,500,Sell,228123370
2024-08-01 13:03:39,20100.0,400,Sell,228123442
2024-08-01 13:03:39,20050.0,3500,Sell,228123443
2024-08-01 13:03:39,20100.0,1300,Sell,228123403
2024-08-01 13:03:39,20100.0,6100,Sell,228123441
2024-08-01 13:03:40,20100.0,400,Sell,228123468
2024-08-01 13:03:41,20100.0,4400,Buy,228123482
2024-08-01 13:03:44,20150.0,100,Sell,228123667
2024-08-01 13:03:44,20150.0,100,Sell,228123684
2024-08-01 13:03:45,20150.0,600,Sell,228123754
2024-08-01 13:03:48,20150.0,1000,Sell,228123867
2024-08-01 13:03:51,20200.0,100,Buy,228124013
2024-08-01 13:03:51,20200.0,100,Buy,228124014
2024-08-01 13:03:52,20200.0,1000,Buy,228124040
2024-08-01 13:03:52,20200.0,100,Buy,228124039
2024-08-01 13:03:52,20200.0,100,Buy,228124041
2024-08-01 13:03:52,20200.0,500,Buy,228124037
2024-08-01 13:03:52,20200.0,200,Buy,228124036
2024-08-01 13:03:52,20200.0,1400,Buy,228124032
2024-08-01 13:03:52,20200.0,500,Buy,228124038
2024-08-01 13:03:53,20250.0,1000,Buy,228124057
2024-08-01 13:03:54,20250.0,2900,Buy,228124107
2024-08-01 13:03:54,20250.0,5000,Buy,228124108
2024-08-01 13:03:54,20250.0,500,Buy,228124109
2024-08-01 13:03:54,20250.0,50000,Buy,228124110
2024-08-01 13:03:54,20250.0,2000,Buy,228124111
2024-08-01 13:03:54,20250.0,100,Buy,228124112
2024-08-01 13:03:55,20300.0,100,Buy,228124176
2024-08-01 13:03:56,20200.0,200,Sell,228124211
2024-08-01 13:03:56,20200.0,2700,Sell,228124212
2024-08-01 13:03:59,20300.0,100,Sell,228124375
2024-08-01 13:03:59,20300.0,100,Buy,228124373
2024-08-01 13:03:59,20300.0,10000,Buy,228124371
2024-08-01 13:03:59,20300.0,6500,Buy,228124370
2024-08-01 13:03:59,20300.0,3000,Buy,228124372
2024-08-01 13:04:01,20350.0,11200,Buy,228124427
2024-08-01 13:04:05,20300.0,100,Sell,228124680
2024-08-01 13:04:10,20400.0,100,Buy,228124902
2024-08-01 13:04:10,20400.0,400,Buy,228124903
2024-08-01 13:04:11,20400.0,200,Buy,228124967
2024-08-01 13:04:11,20400.0,1000,Buy,228124968
2024-08-01 13:04:11,20400.0,400,Buy,228124969
2024-08-01 13:04:14,20500.0,100,Buy,228125124
2024-08-01 13:04:14,20500.0,500,Buy,228125125
2024-08-01 13:04:14,20500.0,700,Buy,228125123
2024-08-01 13:04:14,20500.0,700,Buy,228125126
2024-08-01 13:04:14,20350.0,6900,Sell,228125109
2024-08-01 13:04:14,20400.0,500,Buy,228125101
2024-08-01 13:04:14,20350.0,43100,Sell,228125110
2024-08-01 13:04:14,20500.0,300,Buy,228125103
2024-08-01 13:04:14,20500.0,400,Buy,228125102
2024-08-01 13:04:16,20400.0,200,Sell,228125223
2024-08-01 13:04:16,20400.0,100,Sell,228125224
2024-08-01 13:04:17,20500.0,2000,Buy,228125262
2024-08-01 13:04:17,20500.0,1000,Buy,228125279
2024-08-01 13:04:19,20500.0,6900,Buy,228125388
2024-08-01 13:04:19,20600.0,5000,Buy,228125402
2024-08-01 13:04:22,20600.0,100,Buy,228125538
2024-08-01 13:04:23,20500.0,1800,Sell,228125575
2024-08-01 13:04:24,20450.0,10000,Sell,228125623
2024-08-01 13:04:24,20500.0,3200,Sell,228125621
2024-08-01 13:04:24,20500.0,3000,Sell,228125622
2024-08-01 13:04:26,20450.0,2000,Buy,228125674
2024-08-01 13:04:26,20450.0,6000,Buy,228125675
2024-08-01 13:04:27,20450.0,2000,Buy,228126037
2024-08-01 13:04:28,20450.0,100,Buy,228126110
2024-08-01 13:04:29,20450.0,100,Buy,228126140
2024-08-01 13:04:34,20450.0,100,Buy,228126499
2024-08-01 13:04:35,20450.0,4500,Buy,228126528
2024-08-01 13:04:35,20450.0,1000,Buy,228126544
2024-08-01 13:04:36,20400.0,400,Sell,228126602
2024-08-01 13:04:37,20400.0,3700,Sell,228126649
2024-08-01 13:04:37,20400.0,600,Sell,228126645
2024-08-01 13:04:37,20400.0,500,Sell,228126646
2024-08-01 13:04:37,20400.0,100,Sell,228126647
2024-08-01 13:04:37,20400.0,100,Sell,228126648
2024-08-01 13:04:38,20450.0,200,Buy,228126684
2024-08-01 13:04:39,20400.0,1000,Sell,228126695
2024-08-01 13:04:39,20400.0,500,Sell,228126696
2024-08-01 13:04:39,20400.0,100,Sell,228126697
2024-08-01 13:04:39,20400.0,1000,Buy,228126711
2024-08-01 13:04:39,20450.0,700,Buy,228126690
2024-08-01 13:04:40,20400.0,5000,Buy,228126725
2024-08-01 13:04:40,20400.0,7300,Buy,228126762
2024-08-01 13:04:41,20400.0,1000,Buy,228126778
2024-08-01 13:04:42,20400.0,100,Buy,228126814
2024-08-01 13:04:49,20400.0,300,Buy,228127245
2024-08-01 13:04:50,20400.0,1000,Buy,228127334
2024-08-01 13:04:53,20400.0,4000,Buy,228127459
2024-08-01 13:04:55,20400.0,100,Buy,228127536
2024-08-01 13:04:55,20350.0,7000,Sell,228127540
2024-08-01 13:04:55,20400.0,200,Buy,228127544
2024-08-01 13:04:57,20400.0,500,Buy,228127637
2024-08-01 13:04:57,20400.0,100,Buy,228127650
2024-08-01 13:04:58,20350.0,2300,Sell,228127677
2024-08-01 13:04:58,20400.0,600,Buy,228127692
2024-08-01 13:04:58,20400.0,7200,Buy,228127702
2024-08-01 13:04:58,20400.0,800,Buy,228127703
2024-08-01 13:05:00,20400.0,200,Buy,228127776
2024-08-01 13:05:00,20400.0,300,Buy,228127777
2024-08-01 13:05:00,20400.0,100,Buy,228127778
2024-08-01 13:05:00,20400.0,200,Buy,228127779
2024-08-01 13:05:01,20400.0,100,Sell,228127841
2024-08-01 13:05:03,20450.0,100,Buy,228128012
2024-08-01 13:05:05,20400.0,2000,Sell,228128123
2024-08-01 13:05:05,20400.0,5000,Sell,228128122
2024-08-01 13:05:05,20400.0,100,Sell,228128121
2024-08-01 13:05:05,20400.0,100,Sell,228128120
2024-08-01 13:05:05,20400.0,3000,Sell,228128119
2024-08-01 13:05:05,20400.0,900,Sell,228128118
2024-08-01 13:05:05,20400.0,700,Sell,228128115
2024-08-01 13:05:07,20400.0,2200,Sell,228128178
2024-08-01 13:05:07,20450.0,200,Buy,228128179
2024-08-01 13:05:09,20400.0,500,Sell,228128303
2024-08-01 13:05:09,20400.0,100,Sell,228128321
2024-08-01 13:05:13,20450.0,500,Buy,228128466
2024-08-01 13:05:13,20450.0,100,Buy,228128497
2024-08-01 13:05:16,20400.0,5000,Sell,228128640
2024-08-01 13:05:22,20450.0,16200,Buy,228129013
2024-08-01 13:05:22,20450.0,500,Buy,228129014
2024-08-01 13:05:22,20450.0,200,Buy,228129015
2024-08-01 13:05:22,20450.0,200,Buy,228129016
2024-08-01 13:05:22,20450.0,200,Buy,228129017
2024-08-01 13:05:22,20450.0,1500,Buy,228129018
2024-08-01 13:05:22,20450.0,500,Buy,228129019
2024-08-01 13:05:22,20450.0,2000,Sell,228129020
2024-08-01 13:05:23,20450.0,300,Sell,228129030
2024-08-01 13:05:23,20450.0,400,Sell,228129028
2024-08-01 13:05:23,20450.0,100,Sell,228129029
2024-08-01 13:05:24,20500.0,300,Buy,228129081
2024-08-01 13:05:25,20400.0,3600,Sell,228129152
2024-08-01 13:05:26,20450.0,5500,Sell,228129257
2024-08-01 13:05:26,20450.0,100,Sell,228129258
2024-08-01 13:05:26,20450.0,100,Sell,228129259
2024-08-01 13:05:29,20400.0,100,Sell,228129413
2024-08-01 13:05:29,20450.0,14300,Buy,228129429
2024-08-01 13:05:30,20400.0,100,Sell,228129537
2024-08-01 13:05:30,20400.0,1500,Sell,228129541
2024-08-01 13:05:30,20400.0,100,Sell,228129540
2024-08-01 13:05:30,20400.0,1000,Sell,228129539
2024-08-01 13:05:30,20400.0,5000,Sell,228129538
2024-08-01 13:05:30,20400.0,1000,Sell,228129536
2024-08-01 13:05:30,20400.0,200,Sell,228129532
2024-08-01 13:05:30,20400.0,200,Sell,228129534
2024-08-01 13:05:30,20400.0,200,Sell,228129535
2024-08-01 13:05:30,20450.0,2700,Sell,228129529
2024-08-01 13:05:30,20450.0,700,Sell,228129528
2024-08-01 13:05:30,20400.0,1000,Sell,228129531
2024-08-01 13:05:30,20400.0,3400,Sell,228129533
2024-08-01 13:05:30,20400.0,6500,Sell,228129530
2024-08-01 13:05:33,20450.0,500,Sell,228129664
2024-08-01 13:05:33,20450.0,100,Sell,228129665
2024-08-01 13:05:35,20400.0,300,Sell,228129776
2024-08-01 13:05:35,20450.0,100,Buy,228129797
2024-08-01 13:05:38,20500.0,29400,Buy,228129926
2024-08-01 13:05:38,20500.0,500,Buy,228129925
2024-08-01 13:05:38,20450.0,800,Buy,228129924
2024-08-01 13:05:38,20450.0,19300,Buy,228129923
2024-08-01 13:05:39,20450.0,1000,Sell,228129957
2024-08-01 13:05:39,20400.0,600,Sell,228129958
2024-08-01 13:05:39,20400.0,100,Sell,228129959
2024-08-01 13:05:39,20400.0,1000,Sell,228129960
2024-08-01 13:05:39,20400.0,500,Sell,228129961
2024-08-01 13:05:39,20400.0,400,Sell,228129962
2024-08-01 13:05:41,20450.0,300,Sell,228130053
2024-08-01 13:05:43,20450.0,15000,Buy,228130137
2024-08-01 13:05:45,20400.0,4600,Sell,228130304
2024-08-01 13:05:46,20400.0,5000,Sell,228130322
2024-08-01 13:05:46,20400.0,500,Sell,228130323
2024-08-01 13:05:46,20400.0,10000,Sell,228130324
2024-08-01 13:05:46,20400.0,600,Sell,228130325
2024-08-01 13:05:46,20400.0,300,Sell,228130326
2024-08-01 13:05:46,20450.0,100,Buy,228130362
2024-08-01 13:05:46,20450.0,500,Buy,228130363
2024-08-01 13:05:46,20450.0,100,Buy,228130365
2024-08-01 13:05:47,20450.0,100,Buy,228130450
2024-08-01 13:05:48,20450.0,2000,Buy,228130467
2024-08-01 13:05:48,20450.0,200,Buy,228130478
2024-08-01 13:05:49,20450.0,1400,Buy,228130506
2024-08-01 13:05:49,20450.0,300,Buy,228130515
2024-08-01 13:05:49,20450.0,100,Buy,228130516
2024-08-01 13:05:50,20400.0,800,Sell,228130566
2024-08-01 13:05:50,20450.0,100,Buy,228130560
2024-08-01 13:05:50,20450.0,2500,Buy,228130559
2024-08-01 13:05:50,20400.0,200,Sell,228130565
2024-08-01 13:05:52,20450.0,500,Buy,228130642
2024-08-01 13:05:58,20400.0,300,Sell,228130908
2024-08-01 13:05:58,20400.0,200,Sell,228130909
2024-08-01 13:06:00,20400.0,800,Sell,228130970
2024-08-01 13:06:00,20400.0,5000,Sell,228130971
2024-08-01 13:06:00,20400.0,3700,Sell,228130972
2024-08-01 13:06:00,20450.0,300,Buy,228130994
2024-08-01 13:06:02,20400.0,1000,Sell,228131087
2024-08-01 13:06:03,20500.0,1000,Buy,228131129
2024-08-01 13:06:03,20500.0,22300,Buy,228131132
2024-08-01 13:06:03,20500.0,1000,Buy,228131131
2024-08-01 13:06:03,20500.0,100,Buy,228131130
2024-08-01 13:06:03,20500.0,200,Buy,228131128
2024-08-01 13:06:03,20450.0,1000,Buy,228131124
2024-08-01 13:06:03,20450.0,5000,Buy,228131126
2024-08-01 13:06:03,20450.0,300,Buy,228131125
2024-08-01 13:06:03,20450.0,6000,Buy,228131123
2024-08-01 13:06:03,20450.0,13000,Buy,228131122
2024-08-01 13:06:03,20500.0,100,Buy,228131127
2024-08-01 13:06:04,20450.0,300,Sell,228131183
2024-08-01 13:06:05,20450.0,100,Sell,228131186
2024-08-01 13:06:07,20450.0,100,Sell,228131284
2024-08-01 13:06:10,20500.0,100,Buy,228131452
2024-08-01 13:06:12,20450.0,100,Sell,228131551
2024-08-01 13:06:15,20500.0,7300,Buy,228131712
2024-08-01 13:06:15,20500.0,1000,Buy,228131713
2024-08-01 13:06:16,20500.0,100,Buy,228131734
2024-08-01 13:06:17,20500.0,300,Buy,228131793
2024-08-01 13:06:17,20450.0,1900,Sell,228131789
2024-08-01 13:06:18,20500.0,1200,Buy,228131826
2024-08-01 13:06:18,20500.0,7700,Buy,228131827
2024-08-01 13:06:18,20500.0,3000,Buy,228131828
2024-08-01 13:06:18,20500.0,100,Buy,228131829
2024-08-01 13:06:18,20500.0,1000,Buy,228131830
2024-08-01 13:06:18,20500.0,100,Sell,228131834
2024-08-01 13:06:21,20500.0,100,Sell,228131965
2024-08-01 13:06:21,20500.0,500,Sell,228131964
2024-08-01 13:06:21,20600.0,100,Buy,228131960
2024-08-01 13:06:21,20500.0,300,Sell,228131930
2024-08-01 13:06:21,20500.0,200,Sell,228131931
2024-08-01 13:06:21,20550.0,100,Buy,228131959
2024-08-01 13:06:21,20500.0,200,Sell,228131929
2024-08-01 13:06:22,20600.0,200,Buy,228131988
2024-08-01 13:06:26,20500.0,3000,Sell,228132144
2024-08-01 13:06:26,20500.0,1500,Sell,228132157
2024-08-01 13:06:26,20500.0,2000,Sell,228132143
2024-08-01 13:06:29,20500.0,1000,Sell,228132268
2024-08-01 13:06:31,20600.0,600,Buy,228132374
2024-08-01 13:06:31,20600.0,600,Buy,228132375
2024-08-01 13:06:31,20600.0,1000,Buy,228132376
2024-08-01 13:06:31,20600.0,3000,Buy,228132377
2024-08-01 13:06:31,20600.0,4800,Buy,228132378
2024-08-01 13:06:31,20600.0,200,Buy,228132379
2024-08-01 13:06:34,20600.0,1100,Buy,228132514
2024-08-01 13:06:35,20550.0,600,Sell,228132573
2024-08-01 13:06:36,20600.0,900,Buy,228132610
2024-08-01 13:06:36,20600.0,3000,Buy,228132611
2024-08-01 13:06:41,20600.0,1100,Sell,228132806
2024-08-01 13:06:41,20600.0,900,Sell,228132807
2024-08-01 13:06:43,20650.0,5000,Buy,228132859
2024-08-01 13:06:43,20700.0,500,Buy,228132860
2024-08-01 13:06:43,20700.0,100,Buy,228132861
2024-08-01 13:06:43,20700.0,100,Buy,228132862
2024-08-01 13:06:43,20700.0,34300,Buy,228132863
2024-08-01 13:06:47,20700.0,200,Buy,228133103
2024-08-01 13:06:47,20700.0,2000,Buy,228133095
2024-08-01 13:06:47,20700.0,7900,Buy,228133102
2024-08-01 13:06:51,20800.0,100,Buy,228133225
2024-08-01 13:06:51,20750.0,100,Sell,228133267
2024-08-01 13:06:53,20800.0,100,Buy,228133317
2024-08-01 13:06:57,20800.0,200,Buy,228133488
2024-08-01 13:06:57,20800.0,100,Buy,228133489
2024-08-01 13:06:59,20800.0,600,Sell,228133564
2024-08-01 13:07:06,20850.0,100,Buy,228133952
2024-08-01 13:07:07,20800.0,1100,Sell,228133999
2024-08-01 13:07:07,20800.0,200,Sell,228134004
2024-08-01 13:07:07,20800.0,900,Sell,228134005
2024-08-01 13:07:14,20800.0,200,Sell,228134287
2024-08-01 13:07:16,20850.0,300,Buy,228134357
2024-08-01 13:07:22,20850.0,100,Buy,228134539
2024-08-01 13:07:28,20850.0,4400,Buy,228134776
2024-08-01 13:07:28,20850.0,1000,Buy,228134777
2024-08-01 13:07:28,20850.0,100,Buy,228134778
2024-08-01 13:07:28,20850.0,1000,Buy,228134779
2024-08-01 13:07:28,20850.0,100,Buy,228134763
2024-08-01 13:07:30,20900.0,3000,Buy,228134842
2024-08-01 13:07:35,20900.0,100,Buy,228135009
2024-08-01 13:07:39,20900.0,1600,Buy,228135192
2024-08-01 13:07:42,20850.0,200,Sell,228135279
2024-08-01 13:07:42,20900.0,100,Buy,228135294
2024-08-01 13:07:44,20900.0,500,Buy,228135373
2024-08-01 13:07:44,20850.0,3000,Sell,228135358
2024-08-01 13:07:44,20850.0,800,Sell,228135357
2024-08-01 13:07:44,20850.0,500,Sell,228135355
2024-08-01 13:07:44,20900.0,100,Buy,228135353
2024-08-01 13:07:44,20850.0,600,Sell,228135356
2024-08-01 13:07:44,20850.0,100,Sell,228135354
2024-08-01 13:07:45,20900.0,300,Buy,228135399
2024-08-01 13:07:45,20900.0,4300,Buy,228135420
2024-08-01 13:07:45,20900.0,100,Buy,228135421
2024-08-01 13:07:45,20900.0,200,Buy,228135422
2024-08-01 13:07:45,20900.0,400,Buy,228135423
2024-08-01 13:07:47,20850.0,3800,Sell,228135492
2024-08-01 13:07:47,20850.0,2000,Sell,228135493
2024-08-01 13:07:47,20850.0,200,Sell,228135494
2024-08-01 13:07:47,20850.0,5000,Sell,228135495
2024-08-01 13:07:47,20850.0,200,Sell,228135496
2024-08-01 13:07:48,20800.0,10000,Sell,228135555
2024-08-01 13:07:48,20800.0,500,Sell,228135554
2024-08-01 13:07:48,20800.0,2000,Sell,228135553
2024-08-01 13:07:48,20800.0,400,Sell,228135550
2024-08-01 13:07:48,20800.0,500,Sell,228135551
2024-08-01 13:07:48,20800.0,700,Sell,228135549
2024-08-01 13:07:48,20800.0,2000,Sell,228135552
2024-08-01 13:07:48,20800.0,1000,Sell,228135548
2024-08-01 13:07:49,20850.0,600,Buy,228135575
2024-08-01 13:07:49,20800.0,10000,Sell,228135577
2024-08-01 13:07:49,20850.0,300,Buy,228135579
2024-08-01 13:07:50,20850.0,300,Buy,228135642
2024-08-01 13:07:51,20850.0,1000,Buy,228135673
2024-08-01 13:07:53,20850.0,100,Buy,228135728
2024-08-01 13:07:54,20800.0,200,Sell,228135756
2024-08-01 13:07:55,20750.0,200,Sell,228135821
2024-08-01 13:07:55,20700.0,29300,Sell,228135822
2024-08-01 13:07:55,20750.0,500,Sell,228135820
2024-08-01 13:08:00,20900.0,2000,Buy,228135968
2024-08-01 13:08:00,20900.0,200,Buy,228135967
2024-08-01 13:08:00,20900.0,600,Buy,228135966
2024-08-01 13:08:00,20850.0,1000,Buy,228135965
2024-08-01 13:08:00,20850.0,2100,Buy,228135964
2024-08-01 13:08:00,20900.0,100,Buy,228135969
2024-08-01 13:08:00,20850.0,100,Buy,228135962
2024-08-01 13:08:00,20850.0,11500,Buy,228135961
2024-08-01 13:08:00,20800.0,2000,Buy,228135960
2024-08-01 13:08:00,20800.0,200,Buy,228135959
2024-08-01 13:08:00,20800.0,100,Buy,228135958
2024-08-01 13:08:00,20850.0,200,Buy,228135963
2024-08-01 13:08:01,20800.0,100,Sell,228135996
2024-08-01 13:08:06,20800.0,600,Buy,228136217
2024-08-01 13:08:07,20800.0,1600,Sell,228136263
2024-08-01 13:08:07,20800.0,400,Buy,228136245
2024-08-01 13:08:10,20800.0,100,Buy,228136378
2024-08-01 13:08:12,20800.0,200,Buy,228136421
2024-08-01 13:08:14,20800.0,100,Buy,228136478
2024-08-01 13:08:17,20800.0,100,Buy,228136579
2024-08-01 13:08:17,20800.0,100,Buy,228136580
2024-08-01 13:08:17,20800.0,1000,Buy,228136581
2024-08-01 13:08:21,20850.0,100,Buy,228136691
2024-08-01 13:08:22,20800.0,500,Sell,228136764
2024-08-01 13:08:23,20800.0,7300,Sell,228136798
2024-08-01 13:08:23,20800.0,400,Sell,228136799
2024-08-01 13:08:27,20800.0,200,Buy,228136947
2024-08-01 13:08:29,20800.0,3000,Buy,228136990
2024-08-01 13:08:32,20800.0,12100,Buy,228137105
2024-08-01 13:08:32,20800.0,100,Buy,228137106
2024-08-01 13:08:38,20800.0,500,Buy,228137309
2024-08-01 13:08:41,20800.0,100,Buy,228137379
2024-08-01 13:08:42,20750.0,17000,Sell,228137435
2024-08-01 13:08:42,20750.0,200,Sell,228137433
2024-08-01 13:08:42,20750.0,100,Sell,228137434
2024-08-01 13:08:46,20800.0,1300,Buy,228137574
2024-08-01 13:08:46,20800.0,2700,Buy,228137575
2024-08-01 13:08:46,20750.0,1000,Sell,228137577
2024-08-01 13:08:49,20750.0,200,Sell,228137671
2024-08-01 13:08:51,20800.0,100,Buy,228137801
2024-08-01 13:08:51,20750.0,1000,Sell,228137802
2024-08-01 13:08:51,20750.0,17800,Sell,228137818
2024-08-01 13:08:51,20750.0,100,Buy,228137819
2024-08-01 13:08:55,20750.0,1000,Buy,228137921
2024-08-01 13:08:57,20750.0,1000,Buy,228138019
2024-08-01 13:08:57,20750.0,11000,Buy,228138018
2024-08-01 13:08:57,20750.0,1000,Buy,228138003
2024-08-01 13:08:57,20750.0,2000,Buy,228138004
2024-08-01 13:09:01,20750.0,100,Sell,228138128
2024-08-01 13:09:01,20750.0,1000,Sell,228138147
2024-08-01 13:09:02,20750.0,500,Sell,228138170
2024-08-01 13:09:02,20750.0,6400,Sell,228138176
2024-08-01 13:09:02,20750.0,6000,Sell,228138177
2024-08-01 13:09:03,20750.0,100,Buy,228138180
2024-08-01 13:09:05,20750.0,1000,Buy,228138248
2024-08-01 13:09:17,20750.0,200,Buy,228138625
2024-08-01 13:09:19,20750.0,5000,Buy,228138730
2024-08-01 13:09:19,20750.0,500,Buy,228138766
2024-08-01 13:09:22,20750.0,5000,Buy,228138836
2024-08-01 13:09:22,20750.0,200,Buy,228138835
2024-08-01 13:09:23,20750.0,1000,Buy,228138862
2024-08-01 13:09:24,20700.0,5000,Sell,228138881
2024-08-01 13:09:25,20700.0,15700,Sell,228138907
2024-08-01 13:09:25,20700.0,1100,Sell,228138908
2024-08-01 13:09:25,20700.0,100,Sell,228138909
2024-08-01 13:09:25,20700.0,300,Sell,228138910
2024-08-01 13:09:25,20700.0,1000,Sell,228138911
2024-08-01 13:09:25,20700.0,100,Sell,228138912
2024-08-01 13:09:25,20700.0,1000,Sell,228138913
2024-08-01 13:09:25,20700.0,700,Sell,228138914
2024-08-01 13:09:25,20700.0,200,Sell,228138925
2024-08-01 13:09:25,20700.0,100,Sell,228138938
2024-08-01 13:09:25,20700.0,700,Sell,228138939
2024-08-01 13:09:26,20750.0,300,Buy,228138979
2024-08-01 13:09:26,20700.0,500,Buy,228138978
2024-08-01 13:09:26,20700.0,300,Sell,228138973
2024-08-01 13:09:26,20700.0,500,Sell,228138974
2024-08-01 13:09:26,20700.0,4200,Buy,228138977
2024-08-01 13:09:30,20750.0,400,Buy,228139107
2024-08-01 13:09:32,20750.0,100,Buy,228139158
2024-08-01 13:09:34,20700.0,400,Buy,228139198
2024-08-01 13:09:34,20700.0,100,Buy,228139208
2024-08-01 13:09:37,20700.0,1200,Buy,228139286
2024-08-01 13:09:38,20700.0,1300,Buy,228139312
2024-08-01 13:09:38,20700.0,400,Buy,228139321
2024-08-01 13:09:41,20750.0,5600,Buy,228139411
2024-08-01 13:09:41,20700.0,100,Buy,228139410
2024-08-01 13:09:41,20700.0,1100,Buy,228139407
2024-08-01 13:09:41,20700.0,1000,Buy,228139408
2024-08-01 13:09:41,20700.0,900,Buy,228139409
2024-08-01 13:09:41,20700.0,500,Buy,228139393
2024-08-01 13:09:42,20650.0,5000,Sell,228139459
2024-08-01 13:09:49,20700.0,300,Buy,228139721
2024-08-01 13:09:49,20650.0,800,Sell,228139756
2024-08-01 13:09:50,20650.0,500,Sell,228139788
2024-08-01 13:09:51,20650.0,3700,Sell,228139851
2024-08-01 13:09:51,20650.0,1000,Sell,228139852
2024-08-01 13:09:51,20650.0,3500,Sell,228139853
2024-08-01 13:09:57,20700.0,100,Buy,228140079
2024-08-01 13:09:58,20650.0,500,Sell,228140167
2024-08-01 13:09:58,20650.0,200,Sell,228140141
2024-08-01 13:09:58,20650.0,100,Sell,228140148
2024-08-01 13:10:02,20650.0,100,Sell,228140314
2024-08-01 13:10:04,20650.0,100,Sell,228140377
2024-08-01 13:10:05,20650.0,500,Sell,228140406
2024-08-01 13:10:05,20650.0,100,Sell,228140407
2024-08-01 13:10:05,20650.0,100,Sell,228140408
2024-08-01 13:10:05,20650.0,300,Sell,228140409
2024-08-01 13:10:05,20650.0,200,Sell,228140410
2024-08-01 13:10:14,20650.0,1000,Sell,228140693
2024-08-01 13:10:14,20700.0,900,Buy,228140692
2024-08-01 13:10:14,20650.0,5000,Sell,228140694
2024-08-01 13:10:14,20700.0,1000,Buy,228140690
2024-08-01 13:10:14,20700.0,700,Buy,228140691
2024-08-01 13:10:14,20700.0,400,Buy,228140689
2024-08-01 13:10:15,20650.0,10000,Sell,228140785
2024-08-01 13:10:19,20650.0,500,Sell,228140924
2024-08-01 13:10:20,20650.0,200,Sell,228140956
2024-08-01 13:10:21,20650.0,1000,Sell,228140976
2024-08-01 13:10:27,20650.0,400,Sell,228141223
2024-08-01 13:10:27,20650.0,1700,Sell,228141230
2024-08-01 13:10:27,20650.0,300,Sell,228141231
2024-08-01 13:10:36,20650.0,200,Sell,228141534
2024-08-01 13:10:39,20650.0,500,Sell,228141621
2024-08-01 13:10:43,20650.0,600,Sell,228141798
2024-08-01 13:10:43,20650.0,100,Sell,228141797
2024-08-01 13:10:43,20650.0,400,Sell,228141796
2024-08-01 13:10:43,20650.0,300,Sell,228141795
2024-08-01 13:10:43,20650.0,100,Sell,228141794
2024-08-01 13:10:44,20700.0,100,Buy,228141826
2024-08-01 13:10:44,20650.0,500,Sell,228141822
2024-08-01 13:10:47,20650.0,100,Sell,228141918
2024-08-01 13:10:47,20650.0,100,Sell,228141919
2024-08-01 13:10:47,20650.0,2500,Sell,228141920
2024-08-01 13:10:47,20650.0,300,Sell,228141921
2024-08-01 13:10:47,20650.0,4700,Sell,228141929
2024-08-01 13:10:47,20650.0,100,Sell,228141930
2024-08-01 13:10:47,20650.0,100,Sell,228141931
2024-08-01 13:10:47,20650.0,1500,Sell,228141932
2024-08-01 13:10:48,20650.0,900,Sell,228141962
2024-08-01 13:10:48,20650.0,100,Sell,228141960
2024-08-01 13:10:48,20650.0,300,Sell,228141959
2024-08-01 13:10:48,20650.0,500,Sell,228141961
2024-08-01 13:10:53,20650.0,400,Buy,228142112
2024-08-01 13:10:56,20650.0,1000,Buy,228142200
2024-08-01 13:10:56,20650.0,100,Buy,228142209
2024-08-01 13:10:56,20650.0,400,Buy,228142210
2024-08-01 13:11:00,20600.0,1100,Sell,228142370
2024-08-01 13:11:00,20600.0,300,Sell,228142371
2024-08-01 13:11:00,20600.0,100,Sell,228142372
2024-08-01 13:11:00,20600.0,9800,Sell,228142373
2024-08-01 13:11:00,20650.0,400,Buy,228142378
2024-08-01 13:11:03,20600.0,5000,Sell,228142455
2024-08-01 13:11:07,20650.0,600,Buy,228142621
2024-08-01 13:11:10,20600.0,300,Sell,228142712
2024-08-01 13:11:12,20650.0,200,Buy,228142803
2024-08-01 13:11:21,20600.0,1000,Sell,228143095
2024-08-01 13:11:27,20600.0,500,Sell,228143249
2024-08-01 13:11:27,20600.0,400,Sell,228143270
2024-08-01 13:11:31,20600.0,5000,Sell,228143385
2024-08-01 13:11:33,20650.0,600,Buy,228143485
2024-08-01 13:11:36,20600.0,500,Sell,228143589
2024-08-01 13:11:36,20600.0,100,Sell,228143590
2024-08-01 13:11:36,20600.0,100,Sell,228143588
2024-08-01 13:11:36,20600.0,7200,Sell,228143591
2024-08-01 13:11:36,20600.0,300,Sell,228143586
2024-08-01 13:11:36,20600.0,200,Sell,228143585
2024-08-01 13:11:36,20600.0,500,Sell,228143584
2024-08-01 13:11:36,20600.0,100,Sell,228143587
2024-08-01 13:11:36,20600.0,8000,Sell,228143583
2024-08-01 13:11:37,20600.0,1000,Sell,228143602
2024-08-01 13:11:38,20600.0,100,Sell,228143649
2024-08-01 13:11:43,20600.0,200,Sell,228143789
2024-08-01 13:11:44,20600.0,4300,Sell,228143809
2024-08-01 13:11:45,20600.0,100,Sell,228143849
2024-08-01 13:11:47,20600.0,700,Sell,228143914
2024-08-01 13:11:48,20600.0,2800,Sell,228143947
2024-08-01 13:11:48,20600.0,100,Sell,228143948
2024-08-01 13:11:50,20650.0,3400,Buy,228144010
2024-08-01 13:11:50,20650.0,1000,Buy,228144011
2024-08-01 13:11:50,20650.0,400,Buy,228144012
2024-08-01 13:11:51,20600.0,1200,Sell,228144046
2024-08-01 13:11:51,20650.0,200,Buy,228144056
2024-08-01 13:11:55,20600.0,200,Sell,228144128
2024-08-01 13:11:55,20600.0,200,Sell,228144146
2024-08-01 13:11:58,20550.0,900,Sell,228144258
2024-08-01 13:11:58,20600.0,1900,Sell,228144237
2024-08-01 13:11:58,20600.0,1000,Sell,228144238
2024-08-01 13:11:58,20600.0,100,Sell,228144239
2024-08-01 13:11:58,20600.0,100,Sell,228144240
2024-08-01 13:11:58,20600.0,100,Sell,228144241
2024-08-01 13:11:58,20600.0,2000,Sell,228144242
2024-08-01 13:11:58,20600.0,100,Sell,228144243
2024-08-01 13:11:58,20600.0,500,Sell,228144255
2024-08-01 13:11:58,20600.0,200,Sell,228144256
2024-08-01 13:11:58,20600.0,100,Sell,228144257
2024-08-01 13:12:00,20600.0,100,Buy,228144326
2024-08-01 13:12:01,20600.0,100,Buy,228144350
2024-08-01 13:12:03,20600.0,200,Buy,228144524
2024-08-01 13:12:06,20600.0,500,Buy,228144594
2024-08-01 13:12:08,20550.0,48500,Sell,228144686
2024-08-01 13:12:08,20550.0,100,Sell,228144687
2024-08-01 13:12:08,20550.0,500,Sell,228144688
2024-08-01 13:12:08,20550.0,300,Sell,228144689
2024-08-01 13:12:08,20550.0,5000,Sell,228144690
2024-08-01 13:12:08,20500.0,17500,Sell,228144691
2024-08-01 13:12:08,20500.0,28100,Sell,228144692
2024-08-01 13:12:09,20500.0,9200,Sell,228144710
2024-08-01 13:12:09,20600.0,1100,Buy,228144718
2024-08-01 13:12:09,20600.0,100,Buy,228144719
2024-08-01 13:12:09,20600.0,900,Buy,228144720
2024-08-01 13:12:09,20600.0,100,Buy,228144721
2024-08-01 13:12:09,20600.0,500,Buy,228144722
2024-08-01 13:12:10,20550.0,100,Buy,228144736
2024-08-01 13:12:19,20600.0,100,Buy,228145037
2024-08-01 13:12:31,20500.0,12700,Sell,228145448
2024-08-01 13:12:31,20500.0,2000,Sell,228145449
2024-08-01 13:12:31,20500.0,200,Sell,228145450
2024-08-01 13:12:31,20500.0,300,Sell,228145451
2024-08-01 13:12:31,20500.0,100,Sell,228145452
2024-08-01 13:12:31,20500.0,100,Sell,228145453
2024-08-01 13:12:31,20500.0,600,Sell,228145454
2024-08-01 13:12:31,20500.0,500,Sell,228145455
2024-08-01 13:12:31,20500.0,8500,Sell,228145456
2024-08-01 13:12:34,20500.0,100,Sell,228145534
2024-08-01 13:12:34,20500.0,200,Sell,228145536
2024-08-01 13:12:34,20500.0,100,Sell,228145535
2024-08-01 13:12:34,20500.0,5000,Sell,228145533
2024-08-01 13:12:34,20500.0,600,Sell,228145527
2024-08-01 13:12:34,20500.0,2000,Sell,228145531
2024-08-01 13:12:34,20500.0,1000,Sell,228145530
2024-08-01 13:12:34,20500.0,300,Sell,228145529
2024-08-01 13:12:34,20500.0,600,Sell,228145528
2024-08-01 13:12:34,20500.0,100,Sell,228145532
2024-08-01 13:12:35,20500.0,500,Buy,228145573
2024-08-01 13:12:35,20500.0,1000,Sell,228145572
2024-08-01 13:12:35,20500.0,100,Sell,228145571
2024-08-01 13:12:35,20500.0,100,Sell,228145570
2024-08-01 13:12:35,20500.0,100,Sell,228145569
2024-08-01 13:12:35,20500.0,100,Sell,228145567
2024-08-01 13:12:35,20500.0,100,Sell,228145566
2024-08-01 13:12:35,20500.0,2000,Sell,228145565
2024-08-01 13:12:35,20500.0,1000,Sell,228145564
2024-08-01 13:12:35,20500.0,800,Sell,228145563
2024-08-01 13:12:35,20500.0,100,Sell,228145568
2024-08-01 13:12:44,20450.0,100,Sell,228145960
2024-08-01 13:12:44,20450.0,500,Sell,228145961
2024-08-01 13:12:44,20450.0,400,Sell,228145962
2024-08-01 13:12:53,20450.0,400,Sell,228146585
2024-08-01 13:12:54,20450.0,100,Sell,228146659
2024-08-01 13:12:55,20450.0,2400,Sell,228146692
2024-08-01 13:12:55,20450.0,500,Sell,228146691
2024-08-01 13:12:55,20450.0,3100,Sell,228146690
2024-08-01 13:12:57,20450.0,500,Sell,228146755
2024-08-01 13:12:57,20450.0,1000,Sell,228146790
2024-08-01 13:13:02,20450.0,5000,Sell,228146997
2024-08-01 13:13:03,20450.0,11100,Sell,228147029
2024-08-01 13:13:03,20450.0,3000,Sell,228147030
2024-08-01 13:13:03,20450.0,100,Sell,228147031
2024-08-01 13:13:03,20450.0,100,Sell,228147032
2024-08-01 13:13:03,20450.0,1200,Sell,228147033
2024-08-01 13:13:06,20400.0,300,Sell,228147141
2024-08-01 13:13:06,20400.0,1000,Sell,228147142
2024-08-01 13:13:06,20400.0,1000,Sell,228147143
2024-08-01 13:13:06,20400.0,1000,Sell,228147144
2024-08-01 13:13:06,20400.0,200,Sell,228147145
2024-08-01 13:13:09,20450.0,11600,Buy,228147220
2024-08-01 13:13:09,20450.0,8400,Buy,228147219
2024-08-01 13:13:10,20400.0,700,Sell,228147261
2024-08-01 13:13:10,20400.0,300,Sell,228147260
2024-08-01 13:13:11,20400.0,400,Sell,228147286
2024-08-01 13:13:11,20400.0,500,Sell,228147300
2024-08-01 13:13:13,20450.0,300,Buy,228147367
2024-08-01 13:13:13,20450.0,100,Buy,228147385
2024-08-01 13:13:13,20450.0,300,Buy,228147387
2024-08-01 13:13:14,20450.0,300,Buy,228147391
2024-08-01 13:13:14,20450.0,400,Buy,228147392
2024-08-01 13:13:16,20450.0,100,Buy,228147545
2024-08-01 13:13:17,20400.0,400,Sell,228147624
2024-08-01 13:13:17,20400.0,500,Sell,228147623
2024-08-01 13:13:17,20400.0,300,Sell,228147622
2024-08-01 13:13:17,20400.0,1000,Sell,228147621
2024-08-01 13:13:17,20400.0,1300,Sell,228147619
2024-08-01 13:13:17,20400.0,400,Sell,228147618
2024-08-01 13:13:17,20400.0,100,Sell,228147620
2024-08-01 13:13:18,20450.0,1000,Buy,228147658
2024-08-01 13:13:21,20400.0,100,Sell,228147877
2024-08-01 13:13:21,20400.0,100,Sell,228147878
2024-08-01 13:13:21,20400.0,500,Sell,228147879
2024-08-01 13:13:21,20400.0,500,Sell,228147880
2024-08-01 13:13:33,20400.0,500,Sell,228148391
2024-08-01 13:13:33,20400.0,300,Sell,228148392
2024-08-01 13:13:33,20400.0,1000,Sell,228148393
2024-08-01 13:13:33,20400.0,200,Sell,228148394
2024-08-01 13:13:35,20400.0,1000,Sell,228148476
2024-08-01 13:13:35,20400.0,200,Sell,228148480
2024-08-01 13:13:36,20400.0,14400,Sell,228148501
2024-08-01 13:13:40,20450.0,100,Buy,228148677
2024-08-01 13:13:40,20450.0,500,Buy,228148676
2024-08-01 13:13:42,20400.0,300,Sell,228148727
2024-08-01 13:13:43,20400.0,1000,Sell,228148754
2024-08-01 13:13:53,20450.0,300,Buy,228149371
2024-08-01 13:13:53,20450.0,100,Buy,228149372
2024-08-01 13:13:53,20450.0,100,Buy,228149373
2024-08-01 13:13:53,20450.0,200,Buy,228149374
2024-08-01 13:13:53,20450.0,200,Buy,228149375
2024-08-01 13:13:53,20450.0,1000,Buy,228149376
2024-08-01 13:13:54,20400.0,1400,Sell,228149447
2024-08-01 13:13:54,20450.0,1000,Sell,228149446
2024-08-01 13:13:54,20450.0,500,Buy,228149383
2024-08-01 13:13:54,20450.0,200,Buy,228149382
2024-08-01 13:13:54,20450.0,2600,Sell,228149445
2024-08-01 13:14:00,20450.0,100,Sell,228149707
2024-08-01 13:14:03,20450.0,900,Sell,228149859
2024-08-01 13:14:03,20450.0,300,Sell,228149860
2024-08-01 13:14:10,20450.0,900,Sell,228150253
2024-08-01 13:14:11,20450.0,100,Sell,228150315
2024-08-01 13:14:11,20450.0,200,Sell,228150316
2024-08-01 13:14:11,20450.0,200,Sell,228150317
2024-08-01 13:14:11,20450.0,200,Sell,228150318
2024-08-01 13:14:11,20400.0,400,Sell,228150319
2024-08-01 13:14:13,20450.0,400,Sell,228150366
2024-08-01 13:14:13,20400.0,100,Sell,228150367
2024-08-01 13:14:16,20450.0,700,Sell,228150524
2024-08-01 13:14:18,20450.0,600,Sell,228150767
2024-08-01 13:14:18,20450.0,500,Sell,228150718
2024-08-01 13:14:21,20450.0,100,Sell,228150892
2024-08-01 13:14:23,20450.0,500,Sell,228150979
2024-08-01 13:14:24,20450.0,300,Sell,228151029
2024-08-01 13:14:32,20450.0,400,Sell,228151379
2024-08-01 13:14:34,20450.0,600,Sell,228151491
2024-08-01 13:14:34,20450.0,500,Sell,228151492
2024-08-01 13:14:34,20450.0,100,Sell,228151493
2024-08-01 13:14:34,20450.0,800,Sell,228151494
2024-08-01 13:14:35,20450.0,200,Sell,228151539
2024-08-01 13:14:35,20450.0,300,Sell,228151540
2024-08-01 13:14:38,20400.0,1500,Sell,228151668
2024-08-01 13:14:38,20500.0,100,Buy,228151655
2024-08-01 13:14:38,20450.0,500,Sell,228151644
2024-08-01 13:14:38,20450.0,500,Sell,228151667
2024-08-01 13:14:44,20400.0,2000,Sell,228151949
2024-08-01 13:14:52,20450.0,100,Buy,228152440
2024-08-01 13:14:54,20400.0,1000,Sell,228152500
2024-08-01 13:14:57,20400.0,2400,Sell,228152625
2024-08-01 13:14:58,20400.0,200,Sell,228152629
2024-08-01 13:14:58,20400.0,100,Sell,228152630
2024-08-01 13:14:58,20400.0,1400,Sell,228152631
2024-08-01 13:14:59,20400.0,4000,Sell,228152685
2024-08-01 13:14:59,20450.0,100,Buy,228152699
2024-08-01 13:15:04,20400.0,200,Sell,228152832
2024-08-01 13:15:11,20450.0,500,Buy,228153162
2024-08-01 13:15:11,20400.0,1800,Sell,228153150
2024-08-01 13:15:13,20450.0,1500,Buy,228153248
2024-08-01 13:15:13,20450.0,1400,Buy,228153249
2024-08-01 13:15:15,20400.0,11000,Sell,228153330
2024-08-01 13:15:16,20450.0,300,Buy,228153375
2024-08-01 13:15:17,20400.0,100,Sell,228153405
2024-08-01 13:15:18,20450.0,2000,Buy,228153440
2024-08-01 13:15:18,20400.0,1500,Sell,228153448
2024-08-01 13:15:18,20400.0,500,Sell,228153449
2024-08-01 13:15:22,20450.0,5000,Buy,228153576
2024-08-01 13:15:25,20450.0,100,Buy,228153725
2024-08-01 13:15:26,20450.0,200,Buy,228153811
2024-08-01 13:15:27,20450.0,2000,Buy,228153851
2024-08-01 13:15:27,20400.0,200,Sell,228153834
2024-08-01 13:15:27,20400.0,300,Sell,228153835
2024-08-01 13:15:27,20450.0,100,Buy,228153850
2024-08-01 13:15:30,20450.0,1900,Buy,228153976
2024-08-01 13:15:30,20450.0,5100,Buy,228153977
2024-08-01 13:15:31,20450.0,900,Buy,228154004
2024-08-01 13:15:31,20450.0,1000,Buy,228154005
2024-08-01 13:15:31,20450.0,500,Buy,228154006
2024-08-01 13:15:31,20450.0,200,Buy,228154007
2024-08-01 13:15:31,20450.0,2300,Buy,228154008
2024-08-01 13:15:32,20450.0,1700,Buy,228154060
2024-08-01 13:15:32,20450.0,100,Buy,228154061
2024-08-01 13:15:32,20450.0,800,Buy,228154062
2024-08-01 13:15:32,20450.0,5800,Buy,228154063
2024-08-01 13:15:32,20450.0,100,Buy,228154064
2024-08-01 13:15:34,20450.0,1000,Sell,228154137
2024-08-01 13:15:36,20450.0,200,Sell,228154216
2024-08-01 13:15:40,20450.0,100,Sell,228154361
2024-08-01 13:15:40,20450.0,1000,Sell,228154362
2024-08-01 13:15:40,20450.0,3900,Sell,228154360
2024-08-01 13:15:42,20450.0,100,Sell,228154436
2024-08-01 13:15:42,20450.0,200,Sell,228154437
2024-08-01 13:15:42,20450.0,1700,Sell,228154438
2024-08-01 13:15:42,20500.0,1900,Buy,228154458
2024-08-01 13:15:42,20500.0,100,Buy,228154459
2024-08-01 13:15:43,20500.0,100,Buy,228154476
2024-08-01 13:15:43,20500.0,100,Buy,228154486
2024-08-01 13:15:43,20500.0,5000,Buy,228154478
2024-08-01 13:15:43,20500.0,1000,Buy,228154477
2024-08-01 13:15:43,20500.0,1000,Buy,228154475
2024-08-01 13:15:43,20500.0,800,Buy,228154474
2024-08-01 13:15:43,20500.0,500,Buy,228154473
2024-08-01 13:15:43,20500.0,1000,Buy,228154472
2024-08-01 13:15:43,20500.0,2000,Buy,228154471
2024-08-01 13:15:43,20500.0,800,Buy,228154470
2024-08-01 13:15:43,20500.0,300,Buy,228154469
2024-08-01 13:15:47,20500.0,3700,Sell,228154688
2024-08-01 13:15:47,20500.0,100,Sell,228154689
2024-08-01 13:15:52,20550.0,10000,Buy,228155049
2024-08-01 13:15:52,20550.0,9500,Buy,228155050
2024-08-01 13:15:52,20550.0,400,Buy,228155051
2024-08-01 13:15:54,20550.0,500,Buy,228155111
2024-08-01 13:15:55,20500.0,1300,Sell,228155127
2024-08-01 13:16:03,20550.0,300,Sell,228155519
2024-08-01 13:16:07,20550.0,400,Sell,228155642
2024-08-01 13:16:10,20600.0,100,Buy,228155828
2024-08-01 13:16:11,20600.0,7500,Buy,228155933
2024-08-01 13:16:12,20600.0,100,Buy,228155986
2024-08-01 13:16:14,20600.0,21700,Buy,228156039
2024-08-01 13:16:14,20600.0,1000,Buy,228156040
2024-08-01 13:16:14,20600.0,40000,Buy,228156041
2024-08-01 13:16:14,20600.0,2000,Buy,228156042
2024-08-01 13:16:14,20600.0,20000,Buy,228156043
2024-08-01 13:16:14,20600.0,400,Buy,228156044
2024-08-01 13:16:14,20600.0,2000,Buy,228156045
2024-08-01 13:16:15,20650.0,600,Buy,228156062
2024-08-01 13:16:15,20650.0,1000,Buy,228156063
2024-08-01 13:16:15,20650.0,2000,Buy,228156061
2024-08-01 13:16:15,20650.0,9400,Buy,228156057
2024-08-01 13:16:15,20650.0,1000,Buy,228156059
2024-08-01 13:16:15,20650.0,500,Buy,228156060
2024-08-01 13:16:15,20650.0,100,Buy,228156058
2024-08-01 13:16:19,20600.0,100,Sell,228156201
2024-08-01 13:16:19,20700.0,1000,Buy,228156222
2024-08-01 13:16:19,20700.0,1000,Buy,228156221
2024-08-01 13:16:19,20700.0,200,Buy,228156220
2024-08-01 13:16:19,20700.0,100,Buy,228156224
2024-08-01 13:16:19,20700.0,500,Buy,228156218
2024-08-01 13:16:19,20700.0,3000,Buy,228156217
2024-08-01 13:16:19,20700.0,10000,Buy,228156216
2024-08-01 13:16:19,20700.0,5000,Buy,228156215
2024-08-01 13:16:19,20700.0,3100,Buy,228156219
2024-08-01 13:16:19,20700.0,100,Buy,228156223
2024-08-01 13:16:23,20650.0,4000,Sell,228156359
2024-08-01 13:16:40,20750.0,500,Buy,228157126
2024-08-01 13:16:42,20750.0,100,Buy,228157187
2024-08-01 13:16:46,20750.0,100,Buy,228157311
2024-08-01 13:16:52,20750.0,200,Buy,228157519
2024-08-01 13:16:54,20750.0,100,Buy,228157600
2024-08-01 13:16:57,20700.0,1000,Sell,228157732
2024-08-01 13:16:57,20700.0,2000,Sell,228157729
2024-08-01 13:16:57,20700.0,300,Sell,228157730
2024-08-01 13:16:57,20700.0,400,Sell,228157731
2024-08-01 13:17:00,20700.0,700,Buy,228157847
2024-08-01 13:17:00,20700.0,1300,Buy,228157846
2024-08-01 13:17:01,20700.0,1300,Buy,228157893
2024-08-01 13:17:01,20700.0,300,Buy,228157894
2024-08-01 13:17:02,20700.0,100,Buy,228157921
2024-08-01 13:17:11,20700.0,200,Buy,228158288
2024-08-01 13:17:16,20700.0,800,Buy,228158484
2024-08-01 13:17:16,20650.0,100,Sell,228158485
2024-08-01 13:17:16,20650.0,100,Sell,228158486
2024-08-01 13:17:20,20700.0,400,Buy,228158590
2024-08-01 13:17:21,20650.0,1500,Sell,228158651
2024-08-01 13:17:24,20700.0,200,Buy,228158743
2024-08-01 13:17:26,20700.0,100,Buy,228158820
2024-08-01 13:17:39,20650.0,100,Sell,228159320
2024-08-01 13:17:40,20700.0,100,Buy,228159387
2024-08-01 13:17:41,20700.0,200,Buy,228159411
2024-08-01 13:17:41,20700.0,100,Buy,228159412
2024-08-01 13:17:41,20700.0,100,Buy,228159413
2024-08-01 13:17:41,20700.0,300,Buy,228159410
2024-08-01 13:17:42,20650.0,1400,Sell,228159424
2024-08-01 13:17:42,20650.0,600,Sell,228159425
2024-08-01 13:17:47,20700.0,3000,Buy,228159667
2024-08-01 13:17:48,20650.0,1600,Sell,228159710
2024-08-01 13:17:52,20650.0,100,Sell,228159913
2024-08-01 13:17:52,20650.0,500,Sell,228159915
2024-08-01 13:17:52,20650.0,100,Sell,228159912
2024-08-01 13:17:52,20650.0,100,Sell,228159914
2024-08-01 13:17:52,20650.0,300,Sell,228159910
2024-08-01 13:17:52,20650.0,500,Sell,228159909
2024-08-01 13:17:52,20650.0,100,Sell,228159911
2024-08-01 13:17:52,20650.0,100,Sell,228159908
2024-08-01 13:17:52,20650.0,300,Sell,228159907
2024-08-01 13:17:53,20650.0,400,Buy,228159943
2024-08-01 13:17:54,20700.0,100,Buy,228159976
2024-08-01 13:17:58,20650.0,200,Buy,228160163
2024-08-01 13:18:02,20650.0,100,Buy,228160307
2024-08-01 13:18:02,20650.0,200,Buy,228160290
2024-08-01 13:18:02,20650.0,200,Buy,228160308
2024-08-01 13:18:06,20650.0,1000,Sell,228160510
2024-08-01 13:18:08,20650.0,200,Sell,228160595
2024-08-01 13:18:10,20650.0,100,Sell,228160696
2024-08-01 13:18:10,20700.0,1400,Buy,228160679
2024-08-01 13:18:10,20650.0,500,Sell,228160684
2024-08-01 13:18:11,20650.0,900,Sell,228160710
2024-08-01 13:18:12,20650.0,100,Buy,228160747
2024-08-01 13:18:16,20650.0,200,Sell,228160931
2024-08-01 13:18:16,20650.0,100,Sell,228160932
2024-08-01 13:18:16,20650.0,200,Sell,228160933
2024-08-01 13:18:17,20700.0,3400,Buy,228160970
2024-08-01 13:18:17,20700.0,100,Buy,228160972
2024-08-01 13:18:17,20700.0,300,Buy,228160968
2024-08-01 13:18:17,20700.0,300,Buy,228160969
2024-08-01 13:18:17,20700.0,3000,Buy,228160971
2024-08-01 13:18:25,20700.0,2900,Sell,228161264
2024-08-01 13:18:25,20700.0,1000,Sell,228161265
2024-08-01 13:18:36,20700.0,300,Buy,228161673
2024-08-01 13:18:36,20700.0,100,Buy,228161674
2024-08-01 13:18:36,20700.0,1000,Buy,228161675
2024-08-01 13:18:36,20700.0,300,Buy,228161676
2024-08-01 13:18:36,20700.0,200,Buy,228161677
2024-08-01 13:18:44,20700.0,1000,Sell,228161990
2024-08-01 13:18:51,20700.0,100,Sell,228162223
2024-08-01 13:18:54,20700.0,100,Sell,228162358
2024-08-01 13:18:54,20700.0,100,Sell,228162357
2024-08-01 13:18:58,20700.0,300,Buy,228162492
2024-08-01 13:19:00,20700.0,700,Sell,228162581
2024-08-01 13:19:11,20700.0,300,Buy,228163029
2024-08-01 13:19:20,20700.0,100,Sell,228163305
2024-08-01 13:19:23,20700.0,200,Sell,228163390
2024-08-01 13:19:31,20700.0,1900,Sell,228163808
2024-08-01 13:19:33,20700.0,500,Sell,228163914
2024-08-01 13:19:35,20750.0,300,Buy,228163996
2024-08-01 13:19:36,20700.0,100,Sell,228164026
2024-08-01 13:19:36,20700.0,600,Sell,228164028
2024-08-01 13:19:43,20750.0,200,Buy,228164234
2024-08-01 13:19:43,20750.0,500,Buy,228164235
2024-08-01 13:19:58,20700.0,100,Sell,228164842
2024-08-01 13:19:58,20700.0,200,Sell,228164841
2024-08-01 13:20:01,20700.0,200,Sell,228164925
2024-08-01 13:20:07,20700.0,200,Sell,228165181
2024-08-01 13:20:07,20700.0,100,Sell,228165182
2024-08-01 13:20:07,20700.0,200,Sell,228165183
2024-08-01 13:20:13,20700.0,100,Buy,228165609
2024-08-01 13:20:17,20700.0,400,Buy,228165742
2024-08-01 13:20:17,20700.0,2000,Sell,228165766
2024-08-01 13:20:32,20700.0,600,Sell,228166398
2024-08-01 13:20:32,20700.0,1000,Sell,228166399
2024-08-01 13:20:32,20700.0,400,Sell,228166400
2024-08-01 13:20:37,20700.0,100,Sell,228166589
2024-08-01 13:20:39,20700.0,100,Buy,228166638
2024-08-01 13:20:40,20700.0,600,Buy,228166708
2024-08-01 13:20:40,20700.0,200,Buy,228166702
2024-08-01 13:20:47,20650.0,300,Sell,228167000
2024-08-01 13:20:47,20650.0,3200,Sell,228167009
2024-08-01 13:20:47,20650.0,200,Sell,228167008
2024-08-01 13:20:47,20650.0,500,Sell,228167007
2024-08-01 13:20:47,20650.0,1000,Sell,228167006
2024-08-01 13:20:47,20700.0,700,Sell,228166982
2024-08-01 13:20:47,20650.0,5000,Sell,228167004
2024-08-01 13:20:47,20650.0,100,Sell,228167003
2024-08-01 13:20:47,20650.0,500,Sell,228167002
2024-08-01 13:20:47,20650.0,200,Sell,228167001
2024-08-01 13:20:47,20650.0,2000,Sell,228167005
2024-08-01 13:20:56,20700.0,100,Buy,228167446
2024-08-01 13:21:03,20650.0,500,Sell,228167747
2024-08-01 13:21:03,20700.0,2000,Buy,228167761
2024-08-01 13:21:13,20700.0,200,Buy,228168137
2024-08-01 13:21:19,20650.0,500,Sell,228168386
2024-08-01 13:21:19,20650.0,200,Sell,228168387
2024-08-01 13:21:19,20650.0,1000,Sell,228168388
2024-08-01 13:21:19,20650.0,100,Sell,228168389
2024-08-01 13:21:19,20650.0,1300,Sell,228168385
2024-08-01 13:21:27,20600.0,1000,Sell,228168668
2024-08-01 13:21:28,20650.0,3900,Buy,228168684
2024-08-01 13:21:31,20650.0,2000,Sell,228168761
2024-08-01 13:21:32,20650.0,1000,Sell,228168843
2024-08-01 13:21:34,20650.0,600,Sell,228168927
2024-08-01 13:21:34,20650.0,1400,Sell,228168926
2024-08-01 13:21:35,20650.0,200,Buy,228168956
2024-08-01 13:21:36,20650.0,200,Buy,228169013
2024-08-01 13:21:36,20600.0,300,Sell,228168990
2024-08-01 13:21:42,20600.0,5000,Sell,228169313
2024-08-01 13:21:45,20650.0,400,Buy,228169466
2024-08-01 13:21:46,20650.0,200,Buy,228169528
2024-08-01 13:21:50,20600.0,500,Sell,228169679
2024-08-01 13:21:50,20650.0,600,Buy,228169680
2024-08-01 13:22:00,20600.0,2700,Sell,228170247
2024-08-01 13:22:07,20650.0,500,Buy,228171123
2024-08-01 13:22:07,20650.0,1400,Buy,228171124
2024-08-01 13:22:07,20650.0,6400,Buy,228171121
2024-08-01 13:22:07,20650.0,100,Buy,228171122
2024-08-01 13:22:09,20650.0,400,Buy,228171206
2024-08-01 13:22:09,20650.0,3100,Buy,228171207
2024-08-01 13:22:09,20650.0,300,Buy,228171208
2024-08-01 13:22:09,20650.0,1200,Buy,228171205
2024-08-01 13:22:11,20650.0,500,Buy,228171331
2024-08-01 13:22:13,20650.0,700,Buy,228171410
2024-08-01 13:22:13,20650.0,2000,Buy,228171411
2024-08-01 13:22:18,20650.0,2300,Sell,228171672
2024-08-01 13:22:18,20650.0,200,Sell,228171673
2024-08-01 13:22:20,20650.0,100,Sell,228171815
2024-08-01 13:22:20,20650.0,100,Sell,228171816
2024-08-01 13:22:26,20650.0,1000,Sell,228172035
2024-08-01 13:22:29,20700.0,1500,Buy,228172202
2024-08-01 13:22:29,20700.0,2000,Buy,228172200
2024-08-01 13:22:29,20700.0,200,Buy,228172201
2024-08-01 13:22:32,20650.0,300,Sell,228172350
2024-08-01 13:22:32,20650.0,2000,Sell,228172349
2024-08-01 13:22:36,20650.0,200,Sell,228172495
2024-08-01 13:22:36,20650.0,200,Sell,228172496
2024-08-01 13:22:36,20650.0,200,Sell,228172497
2024-08-01 13:22:36,20650.0,100,Sell,228172498
2024-08-01 13:22:36,20650.0,300,Sell,228172499
2024-08-01 13:22:39,20650.0,700,Sell,228172644
2024-08-01 13:22:39,20600.0,1300,Sell,228172645
2024-08-01 13:22:58,20650.0,400,Sell,228173840
2024-08-01 13:22:58,20650.0,100,Sell,228173841
2024-08-01 13:23:05,20650.0,100,Sell,228174096
2024-08-01 13:23:49,20650.0,500,Sell,228175757
2024-08-01 13:23:57,20650.0,500,Sell,228176109
2024-08-01 13:23:57,20650.0,1300,Sell,228176110
2024-08-01 13:23:57,20650.0,200,Sell,228176108
2024-08-01 13:23:57,20650.0,100,Sell,228176098
2024-08-01 13:23:59,20650.0,200,Sell,228176191
2024-08-01 13:24:04,20650.0,500,Sell,228176432
2024-08-01 13:24:12,20700.0,100,Buy,228176817
2024-08-01 13:24:19,20650.0,300,Sell,228177101
2024-08-01 13:24:24,20650.0,100,Sell,228177309
2024-08-01 13:24:35,20700.0,300,Buy,228177727
2024-08-01 13:24:36,20650.0,500,Sell,228177756
2024-08-01 13:24:36,20650.0,100,Sell,228177755
2024-08-01 13:24:36,20650.0,200,Sell,228177757
2024-08-01 13:24:36,20650.0,2700,Sell,228177758
2024-08-01 13:24:36,20650.0,100,Sell,228177759
2024-08-01 13:24:36,20650.0,9000,Sell,228177760
2024-08-01 13:24:39,20650.0,10000,Sell,228177883
2024-08-01 13:24:41,20650.0,1000,Sell,228177951
2024-08-01 13:24:41,20650.0,100,Sell,228177950
2024-08-01 13:24:41,20650.0,300,Sell,228177933
2024-08-01 13:24:41,20650.0,500,Sell,228177948
2024-08-01 13:24:41,20650.0,500,Sell,228177949
2024-08-01 13:24:42,20650.0,200,Buy,228177970
2024-08-01 13:24:44,20650.0,300,Buy,228178137
2024-08-01 13:24:53,20650.0,1000,Buy,228178573
2024-08-01 13:24:53,20650.0,1000,Buy,228178574
2024-08-01 13:24:54,20650.0,500,Buy,228178603
2024-08-01 13:24:56,20600.0,300,Sell,228178735
2024-08-01 13:25:00,20600.0,1700,Sell,228178883
2024-08-01 13:25:00,20600.0,100,Sell,228178884
2024-08-01 13:25:00,20600.0,1000,Sell,228178885
2024-08-01 13:25:00,20600.0,200,Sell,228178886
2024-08-01 13:25:09,20600.0,900,Sell,228179257
2024-08-01 13:25:23,20650.0,200,Buy,228179850
2024-08-01 13:25:24,20600.0,200,Sell,228179930
2024-08-01 13:25:27,20600.0,100,Sell,228180032
2024-08-01 13:25:27,20600.0,1600,Sell,228180031
2024-08-01 13:25:27,20600.0,200,Sell,228180030
2024-08-01 13:25:27,20600.0,100,Sell,228180029
2024-08-01 13:25:27,20600.0,100,Sell,228180028
2024-08-01 13:25:27,20600.0,2500,Sell,228180027
2024-08-01 13:25:27,20600.0,500,Sell,228180023
2024-08-01 13:25:27,20600.0,1000,Sell,228180026
2024-08-01 13:25:27,20600.0,100,Sell,228180025
2024-08-01 13:25:27,20600.0,200,Sell,228180024
2024-08-01 13:25:27,20600.0,200,Sell,228180022
2024-08-01 13:25:27,20600.0,3000,Sell,228180016
2024-08-01 13:25:27,20600.0,200,Sell,228180020
2024-08-01 13:25:27,20600.0,2000,Sell,228180021
2024-08-01 13:25:27,20600.0,5500,Sell,228180010
2024-08-01 13:25:27,20600.0,1700,Sell,228180011
2024-08-01 13:25:27,20600.0,500,Sell,228180012
2024-08-01 13:25:27,20600.0,3000,Sell,228180013
2024-08-01 13:25:27,20600.0,3800,Sell,228180015
2024-08-01 13:25:27,20600.0,1000,Sell,228180014
2024-08-01 13:25:27,20600.0,100,Sell,228180017
2024-08-01 13:25:27,20600.0,500,Sell,228180018
2024-08-01 13:25:27,20600.0,500,Sell,228180019
2024-08-01 13:25:28,20600.0,100,Buy,228180126
2024-08-01 13:25:30,20600.0,500,Buy,228180194
2024-08-01 13:25:34,20600.0,100,Buy,228180532
2024-08-01 13:25:36,20600.0,900,Buy,228180646
2024-08-01 13:25:36,20600.0,4100,Buy,228180647
2024-08-01 13:25:38,20600.0,1000,Buy,228180761
2024-08-01 13:25:38,20600.0,3000,Buy,228180737
2024-08-01 13:25:39,20550.0,200,Sell,228180790
2024-08-01 13:25:42,20600.0,300,Buy,228180941
2024-08-01 13:25:42,20550.0,7000,Sell,228180942
2024-08-01 13:25:44,20600.0,1000,Buy,228180996
2024-08-01 13:25:47,20550.0,900,Sell,228181101
2024-08-01 13:25:49,20600.0,700,Buy,228181168
2024-08-01 13:25:54,20550.0,1700,Sell,228181399
2024-08-01 13:25:58,20550.0,5000,Sell,228181529
2024-08-01 13:26:03,20550.0,600,Sell,228181721
2024-08-01 13:26:03,20550.0,200,Sell,228181720
2024-08-01 13:26:03,20550.0,5200,Sell,228181718
2024-08-01 13:26:03,20550.0,500,Sell,228181719
2024-08-01 13:26:04,20600.0,100,Buy,228181758
2024-08-01 13:26:04,20550.0,1000,Sell,228181759
2024-08-01 13:26:04,20550.0,3400,Sell,228181760
2024-08-01 13:26:04,20550.0,4000,Sell,228181761
2024-08-01 13:26:04,20550.0,200,Sell,228181762
2024-08-01 13:26:11,20550.0,2600,Sell,228182074
2024-08-01 13:26:11,20550.0,500,Sell,228182073
2024-08-01 13:26:11,20550.0,1000,Sell,228182072
2024-08-01 13:26:11,20550.0,100,Sell,228182071
2024-08-01 13:26:11,20550.0,1000,Sell,228182068
2024-08-01 13:26:11,20550.0,100,Sell,228182069
2024-08-01 13:26:11,20550.0,100,Sell,228182067
2024-08-01 13:26:11,20550.0,500,Sell,228182066
2024-08-01 13:26:11,20550.0,800,Sell,228182065
2024-08-01 13:26:11,20550.0,100,Sell,228182070
2024-08-01 13:26:21,20550.0,2800,Buy,228182490
2024-08-01 13:26:21,20550.0,300,Buy,228182491
2024-08-01 13:26:21,20500.0,100,Sell,228182498
2024-08-01 13:26:22,20550.0,200,Buy,228182529
2024-08-01 13:26:26,20550.0,1000,Buy,228182682
2024-08-01 13:26:27,20550.0,1000,Sell,228182800
2024-08-01 13:26:35,20550.0,1000,Sell,228183096
2024-08-01 13:26:42,20550.0,500,Sell,228183474
2024-08-01 13:26:43,20550.0,9900,Sell,228183493
2024-08-01 13:26:43,20550.0,100,Sell,228183491
2024-08-01 13:26:43,20550.0,500,Sell,228183492
2024-08-01 13:26:46,20550.0,300,Sell,228183660
2024-08-01 13:26:47,20550.0,2700,Sell,228183695
2024-08-01 13:26:47,20550.0,3000,Sell,228183696
2024-08-01 13:26:47,20550.0,1000,Sell,228183697
2024-08-01 13:26:49,20550.0,4500,Buy,228183777
2024-08-01 13:26:51,20550.0,1000,Buy,228183887
2024-08-01 13:26:52,20550.0,3000,Buy,228183929
2024-08-01 13:27:02,20500.0,3000,Sell,228184428
2024-08-01 13:27:03,20550.0,100,Buy,228184456
2024-08-01 13:27:06,20550.0,500,Buy,228184591
2024-08-01 13:27:07,20550.0,100,Buy,228184671
2024-08-01 13:27:11,20500.0,3500,Sell,228184786
2024-08-01 13:27:18,20500.0,500,Sell,228185190
2024-08-01 13:27:18,20500.0,400,Sell,228185189
2024-08-01 13:27:25,20500.0,2000,Sell,228185773
2024-08-01 13:27:30,20550.0,100,Buy,228186035
2024-08-01 13:27:32,20500.0,4800,Sell,228186123
2024-08-01 13:27:32,20500.0,300,Sell,228186145
2024-08-01 13:27:34,20500.0,200,Sell,228186242
2024-08-01 13:27:42,20500.0,2900,Sell,228187011
2024-08-01 13:27:45,20500.0,500,Sell,228187151
2024-08-01 13:27:49,20500.0,100,Sell,228187398
2024-08-01 13:27:49,20500.0,1800,Sell,228187396
2024-08-01 13:27:49,20500.0,100,Sell,228187397
2024-08-01 13:27:50,20500.0,900,Sell,228187459
2024-08-01 13:27:50,20500.0,700,Sell,228187460
2024-08-01 13:27:51,20500.0,100,Sell,228187483
2024-08-01 13:27:51,20500.0,200,Sell,228187484
2024-08-01 13:27:51,20500.0,100,Sell,228187485
2024-08-01 13:27:51,20500.0,100,Sell,228187486
2024-08-01 13:27:51,20500.0,2200,Sell,228187487
2024-08-01 13:27:51,20500.0,100,Sell,228187488
2024-08-01 13:27:51,20500.0,30000,Sell,228187490
2024-08-01 13:27:51,20500.0,100,Sell,228187482
2024-08-01 13:27:51,20500.0,300,Sell,228187493
2024-08-01 13:27:51,20500.0,2000,Sell,228187494
2024-08-01 13:27:51,20450.0,30000,Sell,228187495
2024-08-01 13:27:51,20450.0,5000,Sell,228187496
2024-08-01 13:27:51,20450.0,3000,Sell,228187497
2024-08-01 13:27:51,20450.0,3700,Sell,228187498
2024-08-01 13:27:51,20500.0,5000,Sell,228187492
2024-08-01 13:27:51,20500.0,2000,Sell,228187481
2024-08-01 13:27:51,20500.0,100,Sell,228187491
2024-08-01 13:27:51,20500.0,5600,Sell,228187479
2024-08-01 13:27:51,20500.0,100,Sell,228187480
2024-08-01 13:27:51,20500.0,200,Sell,228187464
2024-08-01 13:27:51,20500.0,100,Sell,228187465
2024-08-01 13:27:51,20500.0,100,Sell,228187466
2024-08-01 13:27:51,20500.0,500,Sell,228187467
2024-08-01 13:27:51,20500.0,100,Sell,228187468
2024-08-01 13:27:51,20500.0,3000,Sell,228187469
2024-08-01 13:27:51,20500.0,500,Sell,228187470
2024-08-01 13:27:51,20500.0,100,Sell,228187489
2024-08-01 13:27:51,20500.0,200,Sell,228187472
2024-08-01 13:27:51,20500.0,100,Sell,228187471
2024-08-01 13:27:51,20500.0,3000,Sell,228187473
2024-08-01 13:27:51,20500.0,100,Sell,228187474
2024-08-01 13:27:51,20500.0,300,Sell,228187475
2024-08-01 13:27:51,20500.0,100,Sell,228187476
2024-08-01 13:27:51,20500.0,200,Sell,228187477
2024-08-01 13:27:51,20500.0,100,Sell,228187478
2024-08-01 13:27:52,20500.0,2000,Buy,228187593
2024-08-01 13:27:52,20500.0,200,Sell,228187703
2024-08-01 13:27:53,20500.0,2700,Sell,228187799
2024-08-01 13:27:55,20450.0,1000,Sell,228187935
2024-08-01 13:27:55,20450.0,700,Sell,228187936
2024-08-01 13:27:55,20450.0,1300,Sell,228187934
2024-08-01 13:28:01,20450.0,1000,Sell,228188447
2024-08-01 13:28:04,20500.0,100,Buy,228188733
2024-08-01 13:28:04,20500.0,200,Buy,228188734
2024-08-01 13:28:07,20450.0,100,Sell,228188923
2024-08-01 13:28:08,20500.0,1000,Buy,228188987
2024-08-01 13:28:08,20500.0,700,Buy,228188988
2024-08-01 13:28:08,20500.0,1800,Buy,228188985
2024-08-01 13:28:08,20450.0,500,Sell,228188963
2024-08-01 13:28:08,20500.0,1500,Buy,228188986
2024-08-01 13:28:11,20450.0,2100,Sell,228189249
2024-08-01 13:28:11,20450.0,100,Sell,228189248
2024-08-01 13:28:11,20450.0,100,Sell,228189247
2024-08-01 13:28:11,20450.0,100,Sell,228189245
2024-08-01 13:28:11,20450.0,100,Sell,228189244
2024-08-01 13:28:11,20450.0,2700,Sell,228189243
2024-08-01 13:28:11,20450.0,3000,Sell,228189246
2024-08-01 13:28:12,20500.0,700,Buy,228189268
2024-08-01 13:28:16,20450.0,19900,Sell,228189600
2024-08-01 13:28:19,20500.0,100,Buy,228189823
2024-08-01 13:28:24,20500.0,500,Buy,228190203
2024-08-01 13:28:24,20500.0,300,Buy,228190204
2024-08-01 13:28:24,20500.0,200,Buy,228190205
2024-08-01 13:28:27,20450.0,100,Sell,228190458
2024-08-01 13:28:36,20450.0,7900,Sell,228190949
2024-08-01 13:28:36,20450.0,100,Sell,228190950
2024-08-01 13:28:37,20450.0,300,Sell,228191067
2024-08-01 13:28:37,20450.0,2000,Sell,228191066
2024-08-01 13:28:37,20450.0,200,Sell,228191064
2024-08-01 13:28:37,20450.0,100,Sell,228191063
2024-08-01 13:28:37,20450.0,1200,Sell,228191065
2024-08-01 13:28:40,20450.0,1500,Sell,228191246
2024-08-01 13:28:41,20500.0,300,Buy,228191271
2024-08-01 13:28:41,20500.0,1000,Buy,228191272
2024-08-01 13:28:41,20500.0,100,Buy,228191273
2024-08-01 13:28:41,20500.0,1500,Buy,228191274
2024-08-01 13:28:41,20500.0,1000,Buy,228191275
2024-08-01 13:28:41,20500.0,700,Buy,228191276
2024-08-01 13:28:41,20500.0,2000,Buy,228191277
2024-08-01 13:28:41,20500.0,3400,Buy,228191278
2024-08-01 13:29:00,20500.0,200,Buy,228192765
2024-08-01 13:29:00,20500.0,1600,Buy,228192763
2024-08-01 13:29:00,20500.0,200,Buy,228192764
2024-08-01 13:29:05,20450.0,500,Sell,228193257
2024-08-01 13:29:05,20450.0,200,Sell,228193142
2024-08-01 13:29:11,20500.0,2000,Buy,228193747
2024-08-01 13:29:16,20450.0,1000,Sell,228194168
2024-08-01 13:29:21,20450.0,10000,Sell,228194783
2024-08-01 13:29:21,20450.0,1000,Sell,228194782
2024-08-01 13:29:21,20450.0,100,Sell,228194781
2024-08-01 13:29:21,20450.0,2000,Sell,228194784
2024-08-01 13:29:21,20450.0,3800,Sell,228194760
2024-08-01 13:29:21,20450.0,300,Sell,228194759
2024-08-01 13:29:21,20450.0,200,Sell,228194758
2024-08-01 13:29:21,20450.0,1500,Sell,228194757
2024-08-01 13:29:21,20450.0,100,Sell,228194761
2024-08-01 13:29:38,20450.0,100,Buy,228196694
2024-08-01 13:29:40,20450.0,900,Buy,228196913
2024-08-01 13:29:40,20450.0,3000,Buy,228196914
2024-08-01 13:29:40,20450.0,8000,Buy,228196915
2024-08-01 13:29:40,20450.0,4300,Buy,228196916
2024-08-01 13:29:40,20450.0,3400,Buy,228196917
2024-08-01 13:29:40,20450.0,1000,Buy,228196918
2024-08-01 13:29:49,20450.0,2000,Buy,228197763
2024-08-01 13:29:54,20450.0,100,Buy,228198173
2024-08-01 13:29:54,20400.0,500,Sell,228198084
2024-08-01 13:29:54,20400.0,1200,Sell,228198086
2024-08-01 13:29:54,20400.0,100,Sell,228198085
2024-08-01 13:29:54,20400.0,500,Sell,228198082
2024-08-01 13:29:54,20400.0,200,Sell,228198081
2024-08-01 13:29:54,20400.0,200,Sell,228198083
2024-08-01 13:29:55,20450.0,500,Buy,228198219
2024-08-01 13:29:58,20450.0,900,Buy,228198704
2024-08-01 13:30:02,20450.0,600,Buy,228198974
2024-08-01 13:30:02,20450.0,1400,Buy,228198975
2024-08-01 13:30:03,20450.0,100,Buy,228198991
2024-08-01 13:30:13,20450.0,100,Buy,228199932
2024-08-01 13:30:16,20450.0,1000,Buy,228200218
2024-08-01 13:30:16,20450.0,200,Buy,228200219
2024-08-01 13:30:16,20450.0,800,Buy,228200220
2024-08-01 13:30:19,20450.0,200,Buy,228200622
2024-08-01 13:30:19,20400.0,2000,Sell,228200589
2024-08-01 13:30:25,20400.0,1800,Sell,228201176
2024-08-01 13:30:25,20400.0,500,Sell,228201177
2024-08-01 13:30:25,20400.0,100,Sell,228201178
2024-08-01 13:30:25,20400.0,100,Sell,228201179
2024-08-01 13:30:26,20450.0,200,Buy,228201293
2024-08-01 13:30:27,20400.0,300,Sell,228201322
2024-08-01 13:30:27,20400.0,100,Sell,228201321
2024-08-01 13:30:27,20400.0,2000,Sell,228201320
2024-08-01 13:30:27,20400.0,500,Sell,228201319
2024-08-01 13:30:27,20400.0,300,Sell,228201318
2024-08-01 13:30:27,20400.0,100,Sell,228201317
2024-08-01 13:30:27,20400.0,300,Sell,228201316
2024-08-01 13:30:27,20400.0,500,Sell,228201315
2024-08-01 13:30:27,20400.0,4000,Sell,228201314
2024-08-01 13:30:27,20400.0,1000,Sell,228201312
2024-08-01 13:30:27,20400.0,200,Sell,228201304
2024-08-01 13:30:27,20400.0,400,Sell,228201305
2024-08-01 13:30:27,20400.0,100,Sell,228201306
2024-08-01 13:30:27,20400.0,5000,Sell,228201307
2024-08-01 13:30:27,20400.0,1500,Sell,228201313
2024-08-01 13:30:27,20400.0,300,Sell,228201309
2024-08-01 13:30:27,20400.0,200,Sell,228201310
2024-08-01 13:30:27,20400.0,100,Sell,228201311
2024-08-01 13:30:27,20400.0,100,Sell,228201308
2024-08-01 13:30:36,20400.0,2000,Sell,228202121
2024-08-01 13:30:38,20400.0,100,Sell,228202222
2024-08-01 13:30:38,20400.0,100,Sell,228202223
2024-08-01 13:30:38,20400.0,100,Sell,228202211
2024-08-01 13:30:38,20400.0,1800,Sell,228202221
2024-08-01 13:30:40,20400.0,300,Sell,228202344
2024-08-01 13:30:41,20400.0,100,Sell,228202379
2024-08-01 13:30:41,20400.0,800,Sell,228202381
2024-08-01 13:30:41,20400.0,100,Sell,228202380
2024-08-01 13:30:45,20400.0,1700,Sell,228202798
2024-08-01 13:30:48,20400.0,500,Sell,228202958
2024-08-01 13:30:55,20400.0,3200,Sell,228203420
2024-08-01 13:30:55,20400.0,1000,Sell,228203421
2024-08-01 13:30:55,20400.0,800,Sell,228203422
2024-08-01 13:30:56,20400.0,2200,Sell,228203460
2024-08-01 13:30:56,20400.0,2800,Sell,228203461
2024-08-01 13:30:57,20400.0,800,Sell,228203709
2024-08-01 13:30:57,20400.0,200,Sell,228203708
2024-08-01 13:30:58,20450.0,6400,Buy,228203801
2024-08-01 13:30:58,20450.0,3600,Buy,228203800
2024-08-01 13:30:59,20400.0,1000,Sell,228204055
2024-08-01 13:31:01,20400.0,1000,Sell,228204272
2024-08-01 13:31:02,20400.0,300,Sell,228204381
2024-08-01 13:31:02,20400.0,100,Sell,228204382
2024-08-01 13:31:02,20400.0,100,Sell,228204383
2024-08-01 13:31:02,20400.0,5000,Sell,228204384
2024-08-01 13:31:02,20400.0,100,Sell,228204385
2024-08-01 13:31:02,20400.0,4100,Sell,228204386
2024-08-01 13:31:02,20400.0,100,Sell,228204437
2024-08-01 13:31:02,20400.0,700,Sell,228204447
2024-08-01 13:31:02,20400.0,300,Sell,228204448
2024-08-01 13:31:03,20400.0,1000,Sell,228204532
2024-08-01 13:31:03,20400.0,300,Sell,228204531
2024-08-01 13:31:03,20400.0,100,Sell,228204530
2024-08-01 13:31:03,20400.0,100,Sell,228204528
2024-08-01 13:31:03,20400.0,100,Sell,228204527
2024-08-01 13:31:03,20400.0,700,Sell,228204526
2024-08-01 13:31:03,20400.0,100,Sell,228204529
2024-08-01 13:31:06,20400.0,1700,Buy,228204781
2024-08-01 13:31:09,20400.0,500,Buy,228204990
2024-08-01 13:31:10,20400.0,2000,Buy,228205085
2024-08-01 13:31:11,20400.0,3400,Buy,228205131
2024-08-01 13:31:11,20400.0,800,Buy,228205132
2024-08-01 13:31:11,20400.0,600,Buy,228205133
2024-08-01 13:31:11,20400.0,1000,Buy,228205134
2024-08-01 13:31:11,20400.0,4000,Buy,228205135
2024-08-01 13:31:14,20400.0,200,Sell,228205478
2024-08-01 13:31:14,20400.0,4800,Buy,228205498
2024-08-01 13:31:17,20400.0,19000,Sell,228205756
2024-08-01 13:31:18,20400.0,100,Sell,228205807
2024-08-01 13:31:24,20400.0,3200,Sell,228206412
2024-08-01 13:31:24,20400.0,400,Sell,228206411
2024-08-01 13:31:26,20400.0,200,Sell,228206506
2024-08-01 13:31:26,20400.0,1700,Sell,228206509
2024-08-01 13:31:26,20400.0,500,Sell,228206505
2024-08-01 13:31:26,20400.0,1000,Sell,228206507
2024-08-01 13:31:26,20400.0,100,Sell,228206508
2024-08-01 13:31:28,20400.0,300,Sell,228206671
2024-08-01 13:31:30,20350.0,500,Sell,228206926
2024-08-01 13:31:33,20350.0,300,Sell,228207140
2024-08-01 13:31:41,20350.0,5800,Sell,228207706
2024-08-01 13:31:47,20350.0,400,Sell,228208146
2024-08-01 13:31:48,20350.0,600,Sell,228208200
2024-08-01 13:31:48,20350.0,500,Sell,228208201
2024-08-01 13:31:48,20350.0,400,Sell,228208202
2024-08-01 13:31:51,20350.0,2400,Sell,228208473
2024-08-01 13:31:51,20350.0,100,Sell,228208474
2024-08-01 13:31:51,20350.0,500,Sell,228208475
2024-08-01 13:31:53,20400.0,3000,Buy,228208564
2024-08-01 13:31:58,20350.0,3000,Sell,228208962
2024-08-01 13:31:58,20400.0,2000,Buy,228208977
2024-08-01 13:31:58,20400.0,100,Buy,228208980
2024-08-01 13:32:04,20400.0,100,Buy,228209265
2024-08-01 13:32:05,20400.0,100,Buy,228209411
2024-08-01 13:32:09,20400.0,1900,Buy,228209634
2024-08-01 13:32:09,20400.0,500,Buy,228209635
2024-08-01 13:32:09,20400.0,500,Buy,228209636
2024-08-01 13:32:09,20400.0,100,Buy,228209637
2024-08-01 13:32:09,20400.0,100,Buy,228209626
2024-08-01 13:32:12,20400.0,500,Buy,228209846
2024-08-01 13:32:12,20350.0,100,Sell,228209856
2024-08-01 13:32:13,20400.0,100,Buy,228209902
2024-08-01 13:32:14,20350.0,200,Sell,228210019
2024-08-01 13:32:17,20350.0,200,Sell,228210284
2024-08-01 13:32:19,20400.0,400,Buy,228210376
2024-08-01 13:32:19,20400.0,600,Buy,228210375
2024-08-01 13:32:19,20400.0,2000,Buy,228210374
2024-08-01 13:32:19,20400.0,100,Buy,228210370
2024-08-01 13:32:19,20400.0,400,Buy,228210372
2024-08-01 13:32:19,20400.0,1000,Buy,228210373
2024-08-01 13:32:19,20400.0,300,Buy,228210369
2024-08-01 13:32:19,20400.0,200,Buy,228210371
2024-08-01 13:32:21,20350.0,200,Sell,228210490
2024-08-01 13:32:23,20400.0,2000,Buy,228210646
2024-08-01 13:32:28,20350.0,3000,Sell,228210956
2024-08-01 13:32:28,20350.0,100,Sell,228211017
2024-08-01 13:32:28,20400.0,4700,Buy,228211059
2024-08-01 13:32:28,20400.0,100,Buy,228211060
2024-08-01 13:32:29,20400.0,3700,Buy,228211076
2024-08-01 13:32:29,20400.0,1000,Buy,228211073
2024-08-01 13:32:29,20400.0,400,Buy,228211074
2024-08-01 13:32:29,20400.0,100,Buy,228211075
2024-08-01 13:32:31,20400.0,1300,Buy,228211232
2024-08-01 13:32:31,20400.0,5200,Buy,228211233
2024-08-01 13:32:31,20400.0,2000,Buy,228211234
2024-08-01 13:32:31,20400.0,1500,Buy,228211235
2024-08-01 13:32:32,20400.0,100,Buy,228211248
2024-08-01 13:32:32,20400.0,2000,Buy,228211302
2024-08-01 13:32:34,20350.0,100,Sell,228211467
2024-08-01 13:32:35,20400.0,200,Buy,228211500
2024-08-01 13:32:35,20400.0,3800,Buy,228211501
2024-08-01 13:32:35,20400.0,1000,Buy,228211499
2024-08-01 13:32:35,20400.0,1300,Buy,228211497
2024-08-01 13:32:35,20400.0,500,Buy,228211498
2024-08-01 13:32:36,20400.0,10000,Sell,228211553
2024-08-01 13:32:36,20400.0,500,Sell,228211540
2024-08-01 13:32:38,20400.0,3300,Sell,228211651
2024-08-01 13:32:38,20400.0,1000,Sell,228211669
2024-08-01 13:32:38,20400.0,1700,Sell,228211650
2024-08-01 13:32:41,20400.0,100,Sell,228211911
2024-08-01 13:32:42,20400.0,600,Sell,228211922
2024-08-01 13:32:42,20400.0,4400,Sell,228211923
2024-08-01 13:32:51,20400.0,100,Sell,228212602
2024-08-01 13:32:52,20400.0,300,Sell,228212706
2024-08-01 13:32:53,20450.0,500,Buy,228212738
2024-08-01 13:32:55,20400.0,2000,Sell,228212930
2024-08-01 13:32:57,20450.0,100,Buy,228213016
2024-08-01 13:33:00,20450.0,100,Buy,228213185
2024-08-01 13:33:06,20450.0,500,Buy,228213666
2024-08-01 13:33:11,20450.0,2000,Buy,228213929
2024-08-01 13:33:12,20450.0,900,Buy,228214115
2024-08-01 13:33:12,20450.0,1000,Buy,228214114
2024-08-01 13:33:12,20450.0,200,Buy,228214113
2024-08-01 13:33:12,20450.0,200,Buy,228214112
2024-08-01 13:33:12,20450.0,200,Buy,228214111
2024-08-01 13:33:12,20450.0,2000,Buy,228214110
2024-08-01 13:33:12,20450.0,1000,Buy,228214106
2024-08-01 13:33:12,20450.0,1000,Buy,228214105
2024-08-01 13:33:12,20450.0,1000,Buy,228214103
2024-08-01 13:33:12,20450.0,5400,Buy,228214096
2024-08-01 13:33:12,20450.0,5000,Buy,228214097
2024-08-01 13:33:12,20450.0,500,Buy,228214098
2024-08-01 13:33:12,20450.0,1000,Buy,228214104
2024-08-01 13:33:12,20450.0,100,Buy,228214100
2024-08-01 13:33:12,20450.0,100,Buy,228214101
2024-08-01 13:33:12,20450.0,10000,Buy,228214102
2024-08-01 13:33:12,20450.0,400,Buy,228214099
2024-08-01 13:33:13,20450.0,3100,Buy,228214217
2024-08-01 13:33:13,20450.0,500,Buy,228214218
2024-08-01 13:33:20,20450.0,200,Sell,228214753
2024-08-01 13:33:25,20500.0,1000,Buy,228215119
2024-08-01 13:33:25,20500.0,800,Buy,228215118
2024-08-01 13:33:25,20500.0,100,Buy,228215117
2024-08-01 13:33:25,20500.0,4000,Buy,228215116
2024-08-01 13:33:25,20500.0,20000,Buy,228215115
2024-08-01 13:33:25,20500.0,700,Buy,228215113
2024-08-01 13:33:25,20500.0,100,Buy,228215112
2024-08-01 13:33:25,20500.0,2000,Buy,228215111
2024-08-01 13:33:25,20500.0,2800,Buy,228215109
2024-08-01 13:33:25,20500.0,1000,Buy,228215114
2024-08-01 13:33:25,20500.0,17500,Buy,228215110
2024-08-01 13:33:26,20500.0,300,Buy,228215204
2024-08-01 13:33:26,20450.0,1000,Sell,228215192
2024-08-01 13:33:26,20500.0,3000,Buy,228215203
2024-08-01 13:33:30,20500.0,1700,Sell,228215550
2024-08-01 13:33:32,20500.0,500,Sell,228215663
2024-08-01 13:33:33,20500.0,200,Sell,228215789
2024-08-01 13:33:33,20500.0,2500,Sell,228215769
2024-08-01 13:33:33,20500.0,400,Sell,228215776
2024-08-01 13:33:36,20550.0,200,Buy,228215912
2024-08-01 13:33:36,20550.0,300,Buy,228215913
2024-08-01 13:33:39,20550.0,100,Buy,228216247
2024-08-01 13:33:39,20550.0,100,Buy,228216276
2024-08-01 13:33:40,20550.0,100,Buy,228216360
2024-08-01 13:33:42,20550.0,100,Buy,228216496
2024-08-01 13:33:43,20550.0,100,Buy,228216562
2024-08-01 13:33:44,20550.0,200,Buy,228216638
2024-08-01 13:33:47,20550.0,2000,Buy,228216898
2024-08-01 13:33:47,20550.0,500,Buy,228216925
2024-08-01 13:33:48,20500.0,100,Sell,228216958
2024-08-01 13:33:48,20500.0,29900,Sell,228216959
2024-08-01 13:33:51,20550.0,500,Buy,228217256
2024-08-01 13:33:51,20550.0,400,Buy,228217254
2024-08-01 13:33:51,20550.0,100,Buy,228217255
2024-08-01 13:33:59,20550.0,100,Buy,228217748
2024-08-01 13:33:59,20550.0,100,Buy,228217749
2024-08-01 13:33:59,20550.0,300,Buy,228217750
2024-08-01 13:34:02,20550.0,200,Buy,228218081
2024-08-01 13:34:03,20550.0,300,Buy,228218145
2024-08-01 13:34:03,20550.0,100,Buy,228218162
2024-08-01 13:34:09,20550.0,1000,Buy,228218753
2024-08-01 13:34:19,20550.0,3000,Buy,228219464
2024-08-01 13:34:24,20550.0,1000,Buy,228219962
2024-08-01 13:34:26,20550.0,200,Buy,228220071
2024-08-01 13:34:29,20550.0,200,Buy,228220245
2024-08-01 13:34:32,20550.0,1000,Buy,228220638
2024-08-01 13:34:35,20550.0,100,Buy,228220809
2024-08-01 13:34:37,20550.0,500,Buy,228220954
2024-08-01 13:34:38,20500.0,100,Sell,228221033
2024-08-01 13:34:38,20500.0,300,Sell,228221034
2024-08-01 13:34:38,20500.0,100,Sell,228221035
2024-08-01 13:34:38,20500.0,500,Sell,228221036
2024-08-01 13:34:42,20550.0,200,Buy,228221345
2024-08-01 13:34:42,20550.0,200,Buy,228221344
2024-08-01 13:34:42,20550.0,500,Buy,228221346
2024-08-01 13:34:42,20550.0,100,Buy,228221342
2024-08-01 13:34:42,20500.0,800,Sell,228221297
2024-08-01 13:34:42,20500.0,500,Sell,228221296
2024-08-01 13:34:42,20550.0,1000,Buy,228221343
2024-08-01 13:34:51,20500.0,100,Sell,228221872
2024-08-01 13:34:56,20500.0,4100,Sell,228222233
2024-08-01 13:34:56,20500.0,1000,Sell,228222234
2024-08-01 13:34:56,20500.0,1000,Sell,228222235
2024-08-01 13:34:56,20500.0,200,Sell,228222236
2024-08-01 13:34:56,20500.0,100,Sell,228222237
2024-08-01 13:34:56,20500.0,1000,Sell,228222238
2024-08-01 13:34:56,20500.0,2000,Sell,228222239
2024-08-01 13:34:56,20500.0,4000,Sell,228222240
2024-08-01 13:34:57,20550.0,500,Buy,228222400
2024-08-01 13:34:59,20550.0,1000,Buy,228222620
2024-08-01 13:35:03,20500.0,300,Sell,228222858
2024-08-01 13:35:03,20500.0,500,Sell,228222853
2024-08-01 13:35:03,20500.0,1500,Sell,228222854
2024-08-01 13:35:12,20500.0,2000,Sell,228223495
2024-08-01 13:35:12,20500.0,200,Sell,228223494
2024-08-01 13:35:17,20500.0,300,Buy,228223914
2024-08-01 13:35:18,20500.0,1700,Buy,228223947
2024-08-01 13:35:18,20500.0,100,Buy,228223948
2024-08-01 13:35:18,20500.0,1200,Buy,228223949
2024-08-01 13:35:21,20500.0,5000,Sell,228224154
2024-08-01 13:35:26,20500.0,1000,Buy,228224465
2024-08-01 13:35:27,20500.0,4000,Buy,228224489
2024-08-01 13:35:27,20500.0,500,Buy,228224490
2024-08-01 13:35:29,20500.0,5000,Sell,228224706
2024-08-01 13:35:34,20550.0,500,Buy,228224971
2024-08-01 13:35:40,20500.0,200,Sell,228225671
2024-08-01 13:35:42,20500.0,200,Sell,228225909
2024-08-01 13:35:42,20500.0,2000,Sell,228225910
2024-08-01 13:35:42,20500.0,800,Sell,228225908
2024-08-01 13:35:55,20500.0,100,Sell,228226817
2024-08-01 13:35:56,20550.0,1000,Buy,228226894
2024-08-01 13:36:02,20500.0,300,Sell,228227292
2024-08-01 13:36:03,20500.0,600,Sell,228227354
2024-08-01 13:36:03,20500.0,200,Sell,228227355
2024-08-01 13:36:03,20500.0,900,Sell,228227356
2024-08-01 13:36:05,20500.0,100,Sell,228227450
2024-08-01 13:36:06,20550.0,400,Buy,228227630
2024-08-01 13:36:06,20550.0,1000,Buy,228227629
2024-08-01 13:36:06,20550.0,100,Buy,228227628
2024-08-01 13:36:06,20550.0,500,Buy,228227626
2024-08-01 13:36:06,20550.0,100,Buy,228227627
2024-08-01 13:36:07,20550.0,500,Buy,228227661
2024-08-01 13:36:09,20500.0,100,Sell,228227755
2024-08-01 13:36:09,20500.0,500,Sell,228227756
2024-08-01 13:36:17,20500.0,500,Sell,228228582
2024-08-01 13:36:17,20500.0,1500,Sell,228228583
2024-08-01 13:36:18,20500.0,500,Sell,228228600
2024-08-01 13:36:19,20550.0,100,Buy,228228699
2024-08-01 13:36:19,20550.0,10000,Buy,228228700
2024-08-01 13:36:19,20550.0,100,Buy,228228701
2024-08-01 13:36:19,20550.0,4800,Buy,228228702
2024-08-01 13:36:22,20550.0,200,Buy,228228812
2024-08-01 13:36:22,20550.0,200,Buy,228228811
2024-08-01 13:36:25,20500.0,8000,Sell,228229004
2024-08-01 13:36:25,20500.0,500,Sell,228229005
2024-08-01 13:36:25,20500.0,300,Sell,228229006
2024-08-01 13:36:25,20500.0,3000,Sell,228229007
2024-08-01 13:36:25,20500.0,100,Sell,228229008
2024-08-01 13:36:25,20500.0,3000,Sell,228229009
2024-08-01 13:36:25,20500.0,2000,Sell,228229010
2024-08-01 13:36:25,20500.0,2500,Sell,228229011
2024-08-01 13:36:25,20500.0,1000,Sell,228229012
2024-08-01 13:36:25,20500.0,400,Buy,228229038
2024-08-01 13:36:25,20500.0,3000,Buy,228229051
2024-08-01 13:36:29,20500.0,100,Buy,228229262
2024-08-01 13:36:30,20500.0,200,Buy,228229286
2024-08-01 13:36:31,20500.0,100,Buy,228229347
2024-08-01 13:36:31,20500.0,900,Buy,228229346
2024-08-01 13:36:33,20550.0,6500,Buy,228229448
2024-08-01 13:36:33,20600.0,500,Buy,228229464
2024-08-01 13:36:33,20600.0,200,Buy,228229463
2024-08-01 13:36:33,20600.0,100,Buy,228229462
2024-08-01 13:36:33,20600.0,2000,Buy,228229461
2024-08-01 13:36:33,20600.0,500,Buy,228229460
2024-08-01 13:36:33,20600.0,100,Buy,228229459
2024-08-01 13:36:33,20600.0,500,Buy,228229458
2024-08-01 13:36:33,20600.0,200,Buy,228229457
2024-08-01 13:36:33,20550.0,4800,Buy,228229446
2024-08-01 13:36:33,20600.0,2000,Buy,228229455
2024-08-01 13:36:33,20550.0,2000,Buy,228229449
2024-08-01 13:36:33,20600.0,200,Buy,228229450
2024-08-01 13:36:33,20600.0,1000,Buy,228229451
2024-08-01 13:36:33,20600.0,200,Buy,228229456
2024-08-01 13:36:33,20600.0,300,Buy,228229453
2024-08-01 13:36:33,20600.0,5000,Buy,228229452
2024-08-01 13:36:33,20600.0,800,Buy,228229454
2024-08-01 13:36:47,20500.0,4100,Sell,228230313
2024-08-01 13:36:47,20500.0,800,Sell,228230314
2024-08-01 13:36:47,20500.0,3000,Sell,228230315
2024-08-01 13:36:49,20500.0,200,Buy,228230396
2024-08-01 13:36:50,20500.0,3900,Buy,228230432
2024-08-01 13:36:50,20550.0,100,Buy,228230433
2024-08-01 13:36:53,20550.0,100,Buy,228230568
2024-08-01 13:37:12,20550.0,100,Buy,228231746
2024-08-01 13:37:18,20550.0,9000,Buy,228232092
2024-08-01 13:37:19,20500.0,100,Sell,228232178
2024-08-01 13:37:25,20550.0,1700,Buy,228232564
2024-08-01 13:37:25,20550.0,1000,Buy,228232565
2024-08-01 13:37:25,20550.0,2300,Buy,228232566
2024-08-01 13:37:26,20550.0,2100,Buy,228232592
2024-08-01 13:37:31,20550.0,1000,Sell,228232907
2024-08-01 13:37:38,20550.0,200,Sell,228233307
2024-08-01 13:37:39,20600.0,300,Buy,228233345
2024-08-01 13:37:44,20550.0,500,Sell,228233620
2024-08-01 13:37:50,20600.0,600,Buy,228233852
2024-08-01 13:37:50,20600.0,19200,Buy,228233850
2024-08-01 13:37:50,20600.0,200,Buy,228233851
2024-08-01 13:37:52,20550.0,400,Sell,228233963
2024-08-01 13:37:53,20600.0,500,Buy,228234031
2024-08-01 13:38:03,20600.0,100,Buy,228234621
2024-08-01 13:38:05,20600.0,5000,Buy,228234704
2024-08-01 13:38:07,20600.0,300,Buy,228234801
2024-08-01 13:38:12,20600.0,100,Buy,228235023
2024-08-01 13:38:15,20600.0,100,Buy,228235208
2024-08-01 13:38:17,20600.0,6000,Buy,228235273
2024-08-01 13:38:18,20550.0,500,Sell,228235336
2024-08-01 13:38:18,20550.0,100,Sell,228235337
2024-08-01 13:38:18,20550.0,400,Sell,228235338
2024-08-01 13:38:18,20550.0,3000,Sell,228235335
2024-08-01 13:38:21,20550.0,100,Sell,228235462
2024-08-01 13:38:21,20550.0,200,Sell,228235475
2024-08-01 13:38:21,20550.0,200,Sell,228235476
2024-08-01 13:38:23,20600.0,5000,Buy,228235563
2024-08-01 13:38:38,20600.0,2000,Buy,228236418
2024-08-01 13:38:42,20600.0,1000,Buy,228236637
2024-08-01 13:38:43,20600.0,500,Buy,228236667
2024-08-01 13:38:44,20600.0,3500,Buy,228236691
2024-08-01 13:38:44,20600.0,100,Buy,228236692
2024-08-01 13:38:44,20600.0,2000,Buy,228236707
2024-08-01 13:38:45,20600.0,100,Buy,228236740
2024-08-01 13:38:46,20600.0,100,Buy,228236776
2024-08-01 13:38:46,20600.0,100,Buy,228236778
2024-08-01 13:38:46,20600.0,3100,Buy,228236775
2024-08-01 13:38:46,20600.0,500,Buy,228236777
2024-08-01 13:38:50,20600.0,200,Buy,228236933
2024-08-01 13:38:52,20600.0,200,Buy,228237088
2024-08-01 13:38:52,20600.0,300,Buy,228237089
2024-08-01 13:38:52,20600.0,100,Buy,228237091
2024-08-01 13:38:54,20600.0,4500,Buy,228237200
2024-08-01 13:38:54,20600.0,4200,Buy,228237201
2024-08-01 13:38:54,20600.0,1300,Buy,228237202
2024-08-01 13:38:59,20600.0,1000,Buy,228237451
2024-08-01 13:38:59,20600.0,200,Buy,228237434
2024-08-01 13:38:59,20600.0,1300,Buy,228237406
2024-08-01 13:38:59,20600.0,700,Buy,228237405
2024-08-01 13:39:00,20600.0,500,Buy,228237469
2024-08-01 13:39:00,20600.0,100,Buy,228237470
2024-08-01 13:39:02,20600.0,100,Buy,228237564
2024-08-01 13:39:05,20600.0,300,Buy,228237704
2024-08-01 13:39:05,20600.0,300,Buy,228237701
2024-08-01 13:39:05,20600.0,100,Buy,228237702
2024-08-01 13:39:05,20600.0,500,Buy,228237703
2024-08-01 13:39:15,20600.0,1000,Sell,228238155
2024-08-01 13:39:18,20650.0,1000,Buy,228238250
2024-08-01 13:39:22,20650.0,1000,Buy,228238488
2024-08-01 13:39:29,20650.0,500,Buy,228238780
