time,price,volume,match_type,id
2024-07-31 12:59:41,23000.0,1000,Sell,227687854
2024-07-31 12:59:42,23700.0,100,Buy,227688195
2024-07-31 12:59:42,23500.0,100,Buy,227688194
2024-07-31 12:59:42,23500.0,100,Buy,227688193
2024-07-31 12:59:42,23000.0,500,Sell,227688188
2024-07-31 12:59:42,23300.0,100,Buy,227688191
2024-07-31 12:59:42,23000.0,500,Sell,227688189
2024-07-31 12:59:42,23400.0,100,Buy,227688192
2024-07-31 12:59:42,23000.0,500,Sell,227688190
2024-07-31 12:59:44,23000.0,500,Sell,227688869
2024-07-31 12:59:46,23000.0,5000,Sell,227689328
2024-07-31 12:59:46,23000.0,4000,Sell,227689329
2024-07-31 12:59:46,23000.0,1000,Sell,227689330
2024-07-31 12:59:46,22900.0,500,Sell,227689523
2024-07-31 12:59:46,23150.0,800,Buy,227689327
2024-07-31 12:59:49,22800.0,1800,Sell,227690004
2024-07-31 12:59:49,22800.0,800,Sell,227690003
2024-07-31 12:59:49,22800.0,500,Sell,227690002
2024-07-31 12:59:49,22800.0,1000,Sell,227690001
2024-07-31 12:59:49,22800.0,100,Sell,227690000
2024-07-31 12:59:49,22800.0,100,Sell,227689998
2024-07-31 12:59:49,22800.0,1000,Sell,227689997
2024-07-31 12:59:49,22800.0,100,Sell,227689996
2024-07-31 12:59:49,22800.0,100,Sell,227689999
2024-07-31 12:59:49,22800.0,500,Sell,227689994
2024-07-31 12:59:49,22800.0,100,Sell,227689993
2024-07-31 12:59:49,22900.0,1500,Sell,227689987
2024-07-31 12:59:49,22800.0,2000,Sell,227689992
2024-07-31 12:59:49,22800.0,2200,Sell,227689991
2024-07-31 12:59:49,22800.0,2000,Sell,227689990
2024-07-31 12:59:49,22800.0,100,Sell,227689989
2024-07-31 12:59:49,22800.0,100,Sell,227689988
2024-07-31 12:59:49,22800.0,1000,Sell,227689995
2024-07-31 12:59:53,23000.0,200,Buy,227690373
2024-07-31 12:59:58,23150.0,200,Buy,227691125
2024-07-31 12:59:59,23000.0,500,Sell,227691227
2024-07-31 12:59:59,23000.0,200,Sell,227691228
2024-07-31 12:59:59,23000.0,200,Sell,227691226
2024-07-31 13:00:00,22900.0,500,Sell,227691315
2024-07-31 13:00:00,22850.0,1000,Sell,227691319
2024-07-31 13:00:00,23000.0,500,Buy,227691318
2024-07-31 13:00:00,22850.0,7800,Sell,227691317
2024-07-31 13:00:00,22900.0,500,Sell,227691316
2024-07-31 13:00:00,22900.0,700,Sell,227691314
2024-07-31 13:00:00,23000.0,15000,Sell,227691291
2024-07-31 13:00:00,23000.0,100,Sell,227691312
2024-07-31 13:00:00,23000.0,900,Sell,227691311
2024-07-31 13:00:00,23000.0,6000,Sell,227691292
2024-07-31 13:00:00,23000.0,200,Sell,227691287
2024-07-31 13:00:00,23000.0,100,Sell,227691289
2024-07-31 13:00:00,23000.0,100,Sell,227691288
2024-07-31 13:00:00,22900.0,500,Sell,227691313
2024-07-31 13:00:01,22850.0,7700,Sell,227691517
2024-07-31 13:00:01,22850.0,400,Sell,227691518
2024-07-31 13:00:01,22850.0,500,Sell,227691519
2024-07-31 13:00:01,22850.0,3000,Sell,227691520
2024-07-31 13:00:01,22800.0,3200,Sell,227691521
2024-07-31 13:00:01,22800.0,600,Sell,227691522
2024-07-31 13:00:02,23000.0,10000,Buy,227691552
2024-07-31 13:00:13,22900.0,200,Sell,227691906
2024-07-31 13:00:14,22950.0,100,Buy,227691917
2024-07-31 13:00:14,23000.0,7100,Buy,227691918
2024-07-31 13:00:14,22900.0,300,Buy,227691916
2024-07-31 13:00:16,22800.0,300,Sell,227691965
2024-07-31 13:00:16,22800.0,600,Sell,227691964
2024-07-31 13:00:16,22800.0,500,Sell,227691963
2024-07-31 13:00:16,22800.0,300,Sell,227691962
2024-07-31 13:00:16,22800.0,200,Sell,227691961
2024-07-31 13:00:16,22800.0,2000,Sell,227691956
2024-07-31 13:00:16,22800.0,500,Sell,227691958
2024-07-31 13:00:16,22800.0,100,Sell,227691957
2024-07-31 13:00:16,22800.0,200,Sell,227691955
2024-07-31 13:00:16,22800.0,400,Sell,227691960
2024-07-31 13:00:16,22800.0,500,Sell,227691953
2024-07-31 13:00:16,22800.0,3300,Sell,227691954
2024-07-31 13:00:16,22900.0,200,Buy,227691944
2024-07-31 13:00:16,23000.0,1400,Buy,227691945
2024-07-31 13:00:16,23000.0,400,Buy,227691946
2024-07-31 13:00:16,23000.0,300,Buy,227691947
2024-07-31 13:00:16,22800.0,200,Sell,227691959
2024-07-31 13:00:16,23000.0,4200,Sell,227691950
2024-07-31 13:00:16,23000.0,1000,Buy,227691948
2024-07-31 13:00:16,22800.0,1100,Sell,227691951
2024-07-31 13:00:16,22800.0,1000,Sell,227691952
2024-07-31 13:00:22,23050.0,100,Sell,227692116
2024-07-31 13:00:22,23050.0,100,Sell,227692117
2024-07-31 13:00:24,23050.0,500,Sell,227692155
2024-07-31 13:00:24,23000.0,800,Sell,227692160
2024-07-31 13:00:24,23000.0,200,Sell,227692161
2024-07-31 13:00:27,23000.0,1800,Sell,227692200
2024-07-31 13:00:27,23000.0,300,Sell,227692201
2024-07-31 13:00:32,23000.0,400,Buy,227692296
2024-07-31 13:00:35,23000.0,1600,Sell,227692454
2024-07-31 13:00:35,23000.0,400,Sell,227692455
2024-07-31 13:00:36,23000.0,300,Sell,227692471
2024-07-31 13:00:36,23000.0,3300,Sell,227692469
2024-07-31 13:00:36,23000.0,1600,Sell,227692468
2024-07-31 13:00:36,23000.0,500,Sell,227692470
2024-07-31 13:00:37,23000.0,1100,Buy,227692524
2024-07-31 13:00:38,23000.0,2000,Buy,227692540
2024-07-31 13:00:39,23000.0,100,Buy,227692565
2024-07-31 13:00:39,23000.0,2700,Buy,227692569
2024-07-31 13:00:39,23000.0,2300,Buy,227692570
2024-07-31 13:00:47,22900.0,1000,Sell,227692736
2024-07-31 13:00:47,22900.0,1700,Sell,227692737
2024-07-31 13:00:47,22900.0,1800,Sell,227692738
2024-07-31 13:00:49,22950.0,1000,Buy,227692780
2024-07-31 13:00:49,22950.0,200,Buy,227692840
2024-07-31 13:00:55,22950.0,1000,Buy,227692956
2024-07-31 13:01:00,22950.0,100,Buy,227693054
2024-07-31 13:01:00,22900.0,1200,Sell,227693049
2024-07-31 13:01:00,22900.0,800,Sell,227693050
2024-07-31 13:01:07,22950.0,100,Buy,227693205
2024-07-31 13:01:07,22950.0,600,Buy,227693206
2024-07-31 13:01:08,22950.0,600,Buy,227693218
2024-07-31 13:01:10,22950.0,500,Buy,227693270
2024-07-31 13:01:12,22900.0,200,Sell,227693324
2024-07-31 13:01:12,22900.0,100,Sell,227693325
2024-07-31 13:01:12,22900.0,1000,Sell,227693326
2024-07-31 13:01:21,22800.0,200,Sell,227693626
2024-07-31 13:01:21,22800.0,300,Sell,227693625
2024-07-31 13:01:21,22800.0,2000,Sell,227693624
2024-07-31 13:01:21,22800.0,100,Sell,227693623
2024-07-31 13:01:21,22800.0,300,Sell,227693622
2024-07-31 13:01:21,22800.0,1000,Sell,227693621
2024-07-31 13:01:21,22800.0,1000,Sell,227693620
2024-07-31 13:01:21,22800.0,100,Sell,227693619
2024-07-31 13:01:21,22800.0,100,Sell,227693618
2024-07-31 13:01:21,22800.0,1500,Sell,227693617
2024-07-31 13:01:21,22800.0,100,Sell,227693614
2024-07-31 13:01:21,22800.0,1000,Sell,227693613
2024-07-31 13:01:21,22800.0,300,Sell,227693612
2024-07-31 13:01:21,22800.0,500,Sell,227693611
2024-07-31 13:01:21,22800.0,200,Sell,227693610
2024-07-31 13:01:21,22800.0,200,Sell,227693609
2024-07-31 13:01:21,22800.0,500,Sell,227693608
2024-07-31 13:01:21,22800.0,2700,Sell,227693607
2024-07-31 13:01:21,22850.0,100,Sell,227693606
2024-07-31 13:01:21,22800.0,5000,Sell,227693616
2024-07-31 13:01:21,22800.0,200,Sell,227693615
2024-07-31 13:01:22,22900.0,300,Buy,227693659
2024-07-31 13:01:30,22850.0,100,Buy,227693872
2024-07-31 13:01:31,22800.0,400,Sell,227693887
2024-07-31 13:01:31,22800.0,2000,Sell,227693888
2024-07-31 13:01:38,22700.0,700,Sell,227694076
2024-07-31 13:01:38,22700.0,100,Sell,227694075
2024-07-31 13:01:38,22750.0,500,Sell,227694074
2024-07-31 13:01:39,22800.0,900,Buy,227694114
2024-07-31 13:01:39,22800.0,100,Buy,227694100
2024-07-31 13:01:39,22800.0,3800,Buy,227694105
2024-07-31 13:01:41,22700.0,17400,Sell,227694223
2024-07-31 13:01:44,22700.0,7500,Sell,227694283
2024-07-31 13:01:46,22700.0,5000,Sell,227694321
2024-07-31 13:01:46,22700.0,600,Sell,227694329
2024-07-31 13:01:47,22800.0,300,Buy,227694346
2024-07-31 13:01:47,22750.0,1000,Sell,227694357
2024-07-31 13:01:47,22700.0,11000,Sell,227694358
2024-07-31 13:01:47,22700.0,900,Sell,227694359
2024-07-31 13:01:48,22700.0,400,Sell,227694363
2024-07-31 13:01:49,22700.0,100,Buy,227694378
2024-07-31 13:01:49,22700.0,200,Buy,227694379
2024-07-31 13:01:54,22700.0,100,Buy,227694472
2024-07-31 13:01:54,22700.0,900,Buy,227694467
2024-07-31 13:01:56,22700.0,100,Buy,227694501
2024-07-31 13:01:59,22650.0,1700,Sell,227694576
2024-07-31 13:02:02,22650.0,300,Sell,227694609
2024-07-31 13:02:03,22650.0,500,Buy,227694625
2024-07-31 13:02:11,22500.0,2400,Sell,227694781
2024-07-31 13:02:11,22500.0,500,Sell,227694780
2024-07-31 13:02:11,22500.0,300,Sell,227694779
2024-07-31 13:02:11,22500.0,500,Sell,227694778
2024-07-31 13:02:11,22500.0,800,Sell,227694773
2024-07-31 13:02:11,22500.0,100,Sell,227694776
2024-07-31 13:02:11,22500.0,200,Sell,227694775
2024-07-31 13:02:11,22500.0,100,Sell,227694774
2024-07-31 13:02:11,22500.0,100,Sell,227694777
2024-07-31 13:02:11,22600.0,100,Sell,227694770
2024-07-31 13:02:13,22600.0,200,Sell,227694828
2024-07-31 13:02:13,22650.0,100,Buy,227694832
2024-07-31 13:02:16,22600.0,1000,Sell,227694880
2024-07-31 13:02:19,22650.0,100,Buy,227694925
2024-07-31 13:02:20,22650.0,500,Buy,227694971
2024-07-31 13:02:24,22600.0,7900,Sell,227695071
2024-07-31 13:02:27,22600.0,300,Sell,227695143
2024-07-31 13:02:27,22600.0,900,Sell,227695142
2024-07-31 13:02:32,22650.0,100,Buy,227695221
2024-07-31 13:02:34,22600.0,200,Sell,227695277
2024-07-31 13:02:36,22600.0,500,Sell,227695315
2024-07-31 13:02:36,22600.0,100,Sell,227695316
2024-07-31 13:02:36,22600.0,200,Sell,227695317
2024-07-31 13:02:36,22600.0,500,Sell,227695318
2024-07-31 13:02:36,22600.0,500,Sell,227695320
2024-07-31 13:02:39,22600.0,100,Buy,227695391
2024-07-31 13:02:41,22600.0,300,Buy,227695441
2024-07-31 13:02:44,22600.0,500,Buy,227695491
2024-07-31 13:02:44,22600.0,100,Buy,227695494
2024-07-31 13:02:44,22600.0,300,Buy,227695495
2024-07-31 13:02:46,22600.0,100,Buy,227695540
2024-07-31 13:02:46,22500.0,100,Sell,227695521
2024-07-31 13:02:46,22500.0,100,Sell,227695519
2024-07-31 13:02:46,22500.0,100,Sell,227695518
2024-07-31 13:02:46,22500.0,5000,Sell,227695520
2024-07-31 13:02:52,22550.0,300,Buy,227695674
2024-07-31 13:02:53,22500.0,400,Sell,227695712
2024-07-31 13:02:53,22500.0,500,Sell,227695713
2024-07-31 13:03:00,22550.0,100,Buy,227695843
2024-07-31 13:03:00,22550.0,800,Buy,227695851
2024-07-31 13:03:04,22500.0,500,Sell,227695936
2024-07-31 13:03:04,22500.0,400,Sell,227695937
2024-07-31 13:03:05,22550.0,1000,Buy,227695948
2024-07-31 13:03:05,22500.0,100,Sell,227695958
2024-07-31 13:03:05,22500.0,500,Sell,227695966
2024-07-31 13:03:05,22500.0,43500,Sell,227695967
2024-07-31 13:03:05,22500.0,200,Sell,227695980
2024-07-31 13:03:06,22500.0,1000,Sell,227695996
2024-07-31 13:03:07,22550.0,500,Buy,227696005
2024-07-31 13:03:09,22500.0,5000,Sell,227696050
2024-07-31 13:03:10,22500.0,100,Sell,227696109
2024-07-31 13:03:10,22500.0,500,Sell,227696110
2024-07-31 13:03:10,22500.0,100,Sell,227696111
2024-07-31 13:03:10,22500.0,1000,Sell,227696112
2024-07-31 13:03:10,22500.0,200,Sell,227696113
2024-07-31 13:03:10,22500.0,1000,Sell,227696114
2024-07-31 13:03:10,22500.0,100,Sell,227696115
2024-07-31 13:03:10,22500.0,300,Sell,227696108
2024-07-31 13:03:13,22500.0,1000,Buy,227696230
2024-07-31 13:03:13,22500.0,200,Buy,227696231
2024-07-31 13:03:15,22500.0,200,Buy,227696298
2024-07-31 13:03:16,22450.0,100,Sell,227696336
2024-07-31 13:03:16,22450.0,100,Sell,227696339
2024-07-31 13:03:16,22450.0,900,Sell,227696340
2024-07-31 13:03:17,22450.0,1000,Sell,227696361
2024-07-31 13:03:18,22500.0,200,Buy,227696428
2024-07-31 13:03:18,22500.0,1700,Buy,227696414
2024-07-31 13:03:18,22500.0,1300,Buy,227696413
2024-07-31 13:03:20,22500.0,800,Buy,227696460
2024-07-31 13:03:20,22500.0,1200,Buy,227696461
2024-07-31 13:03:30,22500.0,500,Buy,227696698
2024-07-31 13:03:31,22450.0,300,Sell,227696708
2024-07-31 13:03:32,22450.0,1100,Sell,227696736
2024-07-31 13:03:32,22450.0,1700,Sell,227696747
2024-07-31 13:03:32,22450.0,300,Sell,227696748
2024-07-31 13:03:33,22450.0,500,Sell,227696781
2024-07-31 13:03:33,22450.0,100,Sell,227696782
2024-07-31 13:03:33,22450.0,1000,Sell,227696783
2024-07-31 13:03:40,22450.0,100,Buy,227696945
2024-07-31 13:03:44,22450.0,300,Buy,227697079
2024-07-31 13:03:44,22450.0,6900,Buy,227697070
2024-07-31 13:03:44,22450.0,1700,Buy,227697069
2024-07-31 13:03:44,22450.0,100,Buy,227697067
2024-07-31 13:03:44,22450.0,1000,Buy,227697068
2024-07-31 13:03:44,22450.0,2300,Buy,227697066
2024-07-31 13:03:45,22400.0,700,Sell,227697089
2024-07-31 13:03:45,22400.0,400,Sell,227697090
2024-07-31 13:03:45,22450.0,100,Buy,227697091
2024-07-31 13:03:45,22450.0,1000,Buy,227697100
2024-07-31 13:03:46,22400.0,100,Sell,227697111
2024-07-31 13:03:46,22400.0,900,Sell,227697112
2024-07-31 13:03:47,22400.0,100,Sell,227697118
2024-07-31 13:03:47,22400.0,700,Sell,227697119
2024-07-31 13:03:47,22450.0,100,Buy,227697120
2024-07-31 13:03:47,22400.0,100,Sell,227697121
2024-07-31 13:03:47,22400.0,200,Sell,227697122
2024-07-31 13:03:47,22400.0,900,Sell,227697123
2024-07-31 13:03:47,22400.0,200,Sell,227697117
2024-07-31 13:03:50,22400.0,300,Sell,227697218
2024-07-31 13:03:50,22400.0,100,Sell,227697193
2024-07-31 13:03:50,22400.0,100,Sell,227697192
2024-07-31 13:03:50,22400.0,200,Buy,227697201
2024-07-31 13:03:54,22350.0,100,Sell,227697313
2024-07-31 13:03:54,22350.0,900,Sell,227697314
2024-07-31 13:03:55,22400.0,500,Buy,227697320
2024-07-31 13:03:55,22350.0,100,Sell,227697326
2024-07-31 13:03:55,22350.0,100,Sell,227697327
2024-07-31 13:03:55,22350.0,400,Sell,227697328
2024-07-31 13:03:55,22350.0,300,Sell,227697329
2024-07-31 13:03:55,22350.0,100,Sell,227697330
2024-07-31 13:03:55,22350.0,300,Sell,227697331
2024-07-31 13:03:55,22350.0,2000,Sell,227697332
2024-07-31 13:03:55,22350.0,100,Sell,227697333
2024-07-31 13:04:00,22300.0,100,Sell,227697460
2024-07-31 13:04:01,22300.0,1000,Sell,227697465
2024-07-31 13:04:05,22300.0,900,Sell,227697529
2024-07-31 13:04:07,22300.0,700,Sell,227697576
2024-07-31 13:04:08,22300.0,600,Sell,227697601
2024-07-31 13:04:09,22300.0,400,Sell,227697612
2024-07-31 13:04:09,22300.0,300,Sell,227697609
2024-07-31 13:04:11,22300.0,300,Sell,227697651
2024-07-31 13:04:11,22300.0,800,Sell,227697655
2024-07-31 13:04:11,22300.0,100,Sell,227697656
2024-07-31 13:04:11,22300.0,100,Sell,227697657
2024-07-31 13:04:11,22300.0,200,Sell,227697658
2024-07-31 13:04:11,22300.0,1000,Sell,227697659
2024-07-31 13:04:11,22300.0,1000,Sell,227697660
2024-07-31 13:04:15,22250.0,100,Buy,227697732
2024-07-31 13:04:16,22250.0,100,Buy,227697762
2024-07-31 13:04:17,22250.0,100,Buy,227697768
2024-07-31 13:04:18,22100.0,200,Sell,227697814
2024-07-31 13:04:18,22150.0,100,Sell,227697813
2024-07-31 13:04:18,22150.0,2000,Sell,227697812
2024-07-31 13:04:18,22200.0,100,Sell,227697811
2024-07-31 13:04:18,22200.0,1000,Sell,227697810
2024-07-31 13:04:18,22200.0,100,Sell,227697808
2024-07-31 13:04:18,22200.0,900,Sell,227697807
2024-07-31 13:04:18,22200.0,200,Sell,227697806
2024-07-31 13:04:18,22200.0,100,Sell,227697809
2024-07-31 13:04:19,22100.0,1100,Sell,227697831
2024-07-31 13:04:19,22100.0,100,Sell,227697832
2024-07-31 13:04:19,22100.0,400,Sell,227697833
2024-07-31 13:04:19,22100.0,200,Sell,227697834
2024-07-31 13:04:19,22050.0,700,Sell,227697835
2024-07-31 13:04:19,22050.0,500,Sell,227697836
2024-07-31 13:04:19,22050.0,100,Sell,227697837
2024-07-31 13:04:19,22050.0,2900,Sell,227697838
2024-07-31 13:04:23,22050.0,2100,Sell,227697894
2024-07-31 13:04:23,22000.0,500,Sell,227697895
2024-07-31 13:04:23,22000.0,400,Sell,227697896
2024-07-31 13:04:28,22050.0,200,Buy,227697997
2024-07-31 13:04:30,22050.0,100,Buy,227698038
2024-07-31 13:04:31,22050.0,900,Sell,227698049
2024-07-31 13:04:31,22050.0,100,Sell,227698050
2024-07-31 13:04:31,22200.0,300,Buy,227698053
2024-07-31 13:04:37,22000.0,500,Sell,227698241
2024-07-31 13:04:37,22000.0,200,Sell,227698240
2024-07-31 13:04:37,22000.0,8700,Sell,227698242
2024-07-31 13:04:37,22000.0,100,Sell,227698238
2024-07-31 13:04:37,22050.0,200,Sell,227698231
2024-07-31 13:04:37,22000.0,500,Sell,227698239
2024-07-31 13:04:40,22050.0,1300,Buy,227698337
2024-07-31 13:04:40,22050.0,500,Buy,227698338
2024-07-31 13:04:41,22000.0,2900,Sell,227698360
2024-07-31 13:04:41,22000.0,1000,Sell,227698359
2024-07-31 13:04:41,22000.0,100,Sell,227698358
2024-07-31 13:04:41,22000.0,1600,Sell,227698357
2024-07-31 13:04:41,22000.0,300,Sell,227698356
2024-07-31 13:04:41,22000.0,200,Sell,227698355
2024-07-31 13:04:41,22000.0,1100,Sell,227698353
2024-07-31 13:04:41,22000.0,500,Sell,227698352
2024-07-31 13:04:41,22000.0,100,Sell,227698351
2024-07-31 13:04:41,22000.0,200,Sell,227698350
2024-07-31 13:04:41,22000.0,200,Sell,227698349
2024-07-31 13:04:41,22000.0,1800,Sell,227698348
2024-07-31 13:04:41,22000.0,2000,Sell,227698354
2024-07-31 13:04:42,22000.0,1000,Sell,227698372
2024-07-31 13:04:42,22000.0,300,Sell,227698373
2024-07-31 13:04:42,22000.0,600,Sell,227698376
2024-07-31 13:04:42,22000.0,100,Sell,227698377
2024-07-31 13:04:42,22000.0,3000,Sell,227698378
2024-07-31 13:04:42,22000.0,1000,Sell,227698379
2024-07-31 13:04:42,22000.0,300,Sell,227698380
2024-07-31 13:04:44,22000.0,200,Sell,227698394
2024-07-31 13:04:44,22000.0,200,Buy,227698401
2024-07-31 13:04:44,22000.0,700,Sell,227698392
2024-07-31 13:04:44,22000.0,500,Sell,227698393
2024-07-31 13:04:46,22000.0,500,Buy,227698442
2024-07-31 13:04:47,21950.0,500,Sell,227698467
2024-07-31 13:04:47,21950.0,500,Sell,227698468
2024-07-31 13:04:47,21900.0,30000,Sell,227698469
2024-07-31 13:04:47,21900.0,100,Sell,227698470
2024-07-31 13:04:47,21900.0,200,Sell,227698471
2024-07-31 13:04:47,21900.0,100,Sell,227698472
2024-07-31 13:04:48,21850.0,400,Sell,227698483
2024-07-31 13:04:50,21900.0,500,Buy,227698512
2024-07-31 13:04:50,22000.0,1900,Buy,227698513
2024-07-31 13:04:50,22000.0,8500,Buy,227698514
2024-07-31 13:04:50,21900.0,9100,Buy,227698511
2024-07-31 13:04:53,22000.0,100,Buy,227698583
2024-07-31 13:04:55,22000.0,100,Buy,227698639
2024-07-31 13:04:56,21900.0,100,Sell,227698664
2024-07-31 13:04:56,22000.0,200,Buy,227698654
2024-07-31 13:04:56,21950.0,200,Sell,227698663
2024-07-31 13:04:58,21900.0,300,Sell,227698732
2024-07-31 13:04:59,21900.0,100,Sell,227698777
2024-07-31 13:05:01,21950.0,200,Buy,227698807
2024-07-31 13:05:05,21900.0,100,Sell,227698915
2024-07-31 13:05:06,21900.0,400,Sell,227698922
2024-07-31 13:05:06,21900.0,200,Sell,227698923
2024-07-31 13:05:06,21900.0,500,Sell,227698924
2024-07-31 13:05:06,21900.0,300,Sell,227698925
2024-07-31 13:05:06,21900.0,100,Sell,227698926
2024-07-31 13:05:06,21900.0,100,Buy,227698928
2024-07-31 13:05:06,21900.0,3000,Buy,227698931
2024-07-31 13:05:07,21950.0,1900,Buy,227698959
2024-07-31 13:05:07,21950.0,300,Buy,227698957
2024-07-31 13:05:07,21950.0,1000,Buy,227698958
2024-07-31 13:05:07,21900.0,1100,Buy,227698955
2024-07-31 13:05:07,21900.0,3200,Buy,227698954
2024-07-31 13:05:07,21900.0,1000,Buy,227698953
2024-07-31 13:05:07,21900.0,2500,Buy,227698956
2024-07-31 13:05:09,21900.0,2000,Sell,227699002
2024-07-31 13:05:10,21950.0,100,Buy,227699028
2024-07-31 13:05:13,21950.0,100,Sell,227699092
2024-07-31 13:05:15,21950.0,100,Sell,227699128
2024-07-31 13:05:15,21900.0,1000,Sell,227699139
2024-07-31 13:05:17,21900.0,1000,Sell,227699172
2024-07-31 13:05:17,21950.0,500,Buy,227699178
2024-07-31 13:05:18,21950.0,100,Buy,227699216
2024-07-31 13:05:19,21950.0,400,Buy,227699223
2024-07-31 13:05:20,22000.0,500,Buy,227699242
2024-07-31 13:05:20,22000.0,400,Buy,227699245
2024-07-31 13:05:21,21950.0,400,Sell,227699262
2024-07-31 13:05:22,21950.0,200,Sell,227699277
2024-07-31 13:05:24,22000.0,900,Buy,227699315
2024-07-31 13:05:24,22000.0,4100,Buy,227699341
2024-07-31 13:05:26,22000.0,1100,Buy,227699406
2024-07-31 13:05:26,22000.0,1500,Buy,227699405
2024-07-31 13:05:26,21950.0,500,Sell,227699401
2024-07-31 13:05:26,22000.0,2600,Buy,227699403
2024-07-31 13:05:26,22000.0,500,Buy,227699402
2024-07-31 13:05:26,22000.0,3000,Buy,227699404
2024-07-31 13:05:27,21950.0,2000,Sell,227699425
2024-07-31 13:05:31,22000.0,900,Buy,227699545
2024-07-31 13:05:31,22000.0,400,Buy,227699546
2024-07-31 13:05:31,22000.0,200,Buy,227699547
2024-07-31 13:05:31,22000.0,1800,Buy,227699548
2024-07-31 13:05:32,22000.0,100,Buy,227699553
2024-07-31 13:05:32,22000.0,100,Buy,227699581
2024-07-31 13:05:32,22000.0,1900,Buy,227699582
2024-07-31 13:05:33,22000.0,200,Buy,227699600
2024-07-31 13:05:33,22000.0,200,Buy,227699601
2024-07-31 13:05:33,22000.0,400,Buy,227699611
2024-07-31 13:05:34,22000.0,500,Sell,227699628
2024-07-31 13:05:34,22000.0,100,Sell,227699624
2024-07-31 13:05:34,22000.0,100,Sell,227699625
2024-07-31 13:05:34,22000.0,500,Sell,227699627
2024-07-31 13:05:35,22000.0,200,Sell,227699637
2024-07-31 13:05:38,22100.0,100,Buy,227699715
2024-07-31 13:05:38,22200.0,700,Buy,227699716
2024-07-31 13:05:38,22000.0,1000,Sell,227699717
2024-07-31 13:05:44,22050.0,200,Sell,227699860
2024-07-31 13:05:45,22050.0,400,Sell,227699867
2024-07-31 13:05:45,22050.0,300,Sell,227699868
2024-07-31 13:05:45,22000.0,500,Sell,227699870
2024-07-31 13:05:45,22000.0,900,Sell,227699871
2024-07-31 13:05:45,22100.0,1000,Buy,227699892
2024-07-31 13:05:45,22000.0,2700,Sell,227699869
2024-07-31 13:05:47,22100.0,2000,Sell,227699926
2024-07-31 13:05:48,22200.0,300,Buy,227699941
2024-07-31 13:05:48,22200.0,2300,Buy,227699939
2024-07-31 13:05:48,22200.0,200,Buy,227699940
2024-07-31 13:05:54,22250.0,100,Buy,227700098
2024-07-31 13:05:58,22200.0,100,Sell,227700181
2024-07-31 13:05:59,22100.0,100,Sell,227700261
2024-07-31 13:06:01,22200.0,300,Buy,227700311
2024-07-31 13:06:03,22200.0,100,Buy,227700397
2024-07-31 13:06:05,22200.0,500,Buy,227700447
2024-07-31 13:06:05,22200.0,1000,Buy,227700448
2024-07-31 13:06:07,22200.0,500,Buy,227700484
2024-07-31 13:06:09,22200.0,300,Sell,227700511
2024-07-31 13:06:13,22250.0,200,Buy,227700601
2024-07-31 13:06:16,22250.0,100,Buy,227700704
2024-07-31 13:06:19,22250.0,200,Buy,227700772
2024-07-31 13:06:19,22250.0,100,Buy,227700777
2024-07-31 13:06:20,22250.0,200,Buy,227700792
2024-07-31 13:06:20,22250.0,300,Buy,227700793
2024-07-31 13:06:21,22350.0,1000,Buy,227700832
2024-07-31 13:06:21,22350.0,600,Buy,227700833
2024-07-31 13:06:21,22300.0,1000,Buy,227700830
2024-07-31 13:06:21,22300.0,500,Buy,227700831
2024-07-31 13:06:26,22400.0,100,Buy,227700972
2024-07-31 13:06:26,22400.0,100,Buy,227701011
2024-07-31 13:06:26,22400.0,100,Buy,227700971
2024-07-31 13:06:31,22400.0,900,Buy,227701146
2024-07-31 13:06:33,22400.0,500,Buy,227701183
2024-07-31 13:06:33,22400.0,100,Buy,227701192
2024-07-31 13:06:34,22400.0,5000,Buy,227701213
2024-07-31 13:06:34,22400.0,400,Buy,227701222
2024-07-31 13:06:39,22400.0,700,Sell,227701335
2024-07-31 13:06:40,22400.0,100,Sell,227701336
2024-07-31 13:06:40,22400.0,700,Sell,227701337
2024-07-31 13:06:41,22500.0,1600,Buy,227701395
2024-07-31 13:06:41,22500.0,300,Buy,227701392
2024-07-31 13:06:41,22500.0,1000,Buy,227701393
2024-07-31 13:06:41,22500.0,100,Buy,227701394
2024-07-31 13:06:45,22400.0,400,Sell,227701483
2024-07-31 13:06:45,22450.0,100,Sell,227701482
2024-07-31 13:06:49,22500.0,100,Buy,227701569
2024-07-31 13:06:49,22500.0,600,Buy,227701574
2024-07-31 13:06:49,22500.0,400,Buy,227701575
2024-07-31 13:06:53,22500.0,100,Buy,227701678
2024-07-31 13:06:57,22500.0,2400,Buy,227701750
2024-07-31 13:06:57,22500.0,100,Buy,227701751
2024-07-31 13:06:58,22500.0,2500,Sell,227701825
2024-07-31 13:07:00,22500.0,200,Sell,227701858
2024-07-31 13:07:03,22500.0,100,Sell,227701946
2024-07-31 13:07:05,22550.0,100,Buy,227701993
2024-07-31 13:07:06,22550.0,100,Buy,227702043
2024-07-31 13:07:08,22500.0,700,Sell,227702067
2024-07-31 13:07:08,22500.0,1000,Sell,227702071
2024-07-31 13:07:08,22500.0,100,Sell,227702072
2024-07-31 13:07:08,22500.0,200,Sell,227702073
2024-07-31 13:07:10,22500.0,100,Sell,227702145
2024-07-31 13:07:10,22500.0,1800,Sell,227702142
2024-07-31 13:07:10,22500.0,500,Sell,227702143
2024-07-31 13:07:10,22500.0,200,Sell,227702144
2024-07-31 13:07:12,22500.0,900,Sell,227702212
2024-07-31 13:07:12,22500.0,500,Sell,227702213
2024-07-31 13:07:12,22500.0,5100,Sell,227702214
2024-07-31 13:07:18,22550.0,500,Buy,227702355
2024-07-31 13:07:23,22500.0,600,Sell,227702511
2024-07-31 13:07:24,22500.0,500,Sell,227702525
2024-07-31 13:07:24,22500.0,9500,Sell,227702531
2024-07-31 13:07:24,22500.0,500,Sell,227702532
2024-07-31 13:07:24,22500.0,3800,Sell,227702533
2024-07-31 13:07:25,22500.0,100,Sell,227702547
2024-07-31 13:07:25,22500.0,1000,Sell,227702545
2024-07-31 13:07:25,22500.0,6200,Sell,227702544
2024-07-31 13:07:25,22500.0,400,Sell,227702546
2024-07-31 13:07:28,22400.0,300,Sell,227702637
2024-07-31 13:07:28,22400.0,500,Sell,227702643
2024-07-31 13:07:28,22400.0,500,Sell,227702642
2024-07-31 13:07:28,22400.0,1500,Sell,227702641
2024-07-31 13:07:28,22400.0,300,Sell,227702640
2024-07-31 13:07:28,22400.0,100,Sell,227702639
2024-07-31 13:07:28,22400.0,200,Sell,227702638
2024-07-31 13:07:28,22400.0,1000,Sell,227702636
2024-07-31 13:07:28,22400.0,300,Sell,227702628
2024-07-31 13:07:28,22400.0,100,Sell,227702634
2024-07-31 13:07:28,22400.0,1000,Sell,227702633
2024-07-31 13:07:28,22400.0,1000,Sell,227702632
2024-07-31 13:07:28,22400.0,1000,Sell,227702631
2024-07-31 13:07:28,22400.0,100,Sell,227702630
2024-07-31 13:07:28,22400.0,1000,Sell,227702629
2024-07-31 13:07:28,22400.0,1000,Sell,227702627
2024-07-31 13:07:28,22400.0,1400,Sell,227702626
2024-07-31 13:07:28,22400.0,100,Sell,227702635
2024-07-31 13:07:29,22500.0,3500,Buy,227702664
2024-07-31 13:07:29,22500.0,900,Buy,227702662
2024-07-31 13:07:29,22500.0,3600,Buy,227702663
2024-07-31 13:07:33,22500.0,1000,Buy,227702791
2024-07-31 13:07:37,22500.0,100,Buy,227702900
2024-07-31 13:07:52,22400.0,100,Sell,227703399
2024-07-31 13:07:52,22400.0,100,Sell,227703400
2024-07-31 13:07:52,22350.0,300,Sell,227703401
2024-07-31 13:07:57,22450.0,100,Buy,227703545
2024-07-31 13:07:57,22400.0,2000,Sell,227703567
2024-07-31 13:08:09,22350.0,500,Sell,227704064
2024-07-31 13:08:09,22350.0,900,Buy,227704093
2024-07-31 13:08:10,22350.0,600,Sell,227704115
2024-07-31 13:08:11,22300.0,200,Sell,227704131
2024-07-31 13:08:11,22300.0,200,Sell,227704129
2024-07-31 13:08:11,22300.0,1000,Sell,227704130
2024-07-31 13:08:11,22300.0,100,Sell,227704127
2024-07-31 13:08:11,22300.0,100,Sell,227704126
2024-07-31 13:08:11,22300.0,2000,Sell,227704128
2024-07-31 13:08:16,22250.0,1000,Sell,227704254
2024-07-31 13:08:16,22250.0,500,Sell,227704255
2024-07-31 13:08:16,22250.0,1000,Sell,227704256
2024-07-31 13:08:16,22250.0,200,Sell,227704257
2024-07-31 13:08:16,22250.0,300,Sell,227704258
2024-07-31 13:08:18,22250.0,700,Sell,227704301
2024-07-31 13:08:21,22200.0,100,Sell,227704372
2024-07-31 13:08:25,22200.0,100,Sell,227704447
2024-07-31 13:08:27,22200.0,6000,Sell,227704491
2024-07-31 13:08:28,22200.0,1100,Sell,227704530
2024-07-31 13:08:28,22200.0,400,Sell,227704537
2024-07-31 13:08:29,22200.0,1000,Sell,227704546
2024-07-31 13:08:29,22200.0,1500,Sell,227704545
2024-07-31 13:08:29,22200.0,100,Sell,227704544
2024-07-31 13:08:29,22200.0,300,Sell,227704543
2024-07-31 13:08:29,22200.0,1000,Sell,227704542
2024-07-31 13:08:31,22200.0,500,Buy,227704603
2024-07-31 13:08:33,22200.0,1000,Buy,227704668
2024-07-31 13:08:34,22200.0,200,Buy,227704676
2024-07-31 13:08:36,22200.0,100,Buy,227704728
2024-07-31 13:08:38,22150.0,4000,Sell,227704767
2024-07-31 13:08:38,22150.0,2000,Sell,227704769
2024-07-31 13:08:38,22150.0,200,Sell,227704766
2024-07-31 13:08:38,22150.0,1000,Sell,227704768
2024-07-31 13:08:40,22150.0,200,Sell,227704833
2024-07-31 13:08:40,22100.0,11000,Sell,227704836
2024-07-31 13:08:44,22100.0,100,Sell,227704904
2024-07-31 13:08:47,22150.0,200,Buy,227704962
2024-07-31 13:08:48,22100.0,2000,Sell,227705029
2024-07-31 13:08:49,22050.0,2300,Sell,227705059
2024-07-31 13:08:49,22050.0,300,Sell,227705058
2024-07-31 13:08:49,22100.0,200,Buy,227705057
2024-07-31 13:08:49,22100.0,500,Sell,227705037
2024-07-31 13:08:49,22100.0,500,Buy,227705043
2024-07-31 13:08:49,22100.0,100,Sell,227705035
2024-07-31 13:08:49,22100.0,1000,Sell,227705036
2024-07-31 13:08:49,22100.0,6900,Sell,227705031
2024-07-31 13:08:49,22100.0,200,Sell,227705032
2024-07-31 13:08:49,22100.0,100,Sell,227705038
2024-07-31 13:08:49,22100.0,2000,Sell,227705034
2024-07-31 13:08:49,22100.0,100,Sell,227705033
2024-07-31 13:09:00,22100.0,500,Buy,227705390
2024-07-31 13:09:04,22100.0,1000,Buy,227705479
2024-07-31 13:09:05,22100.0,100,Buy,227705499
2024-07-31 13:09:08,22100.0,1000,Buy,227705606
2024-07-31 13:09:09,22050.0,2700,Sell,227705624
2024-07-31 13:09:09,22050.0,1000,Sell,227705625
2024-07-31 13:09:09,22050.0,200,Sell,227705626
2024-07-31 13:09:09,22050.0,4100,Sell,227705627
2024-07-31 13:09:11,22100.0,100,Buy,227705645
2024-07-31 13:09:12,22050.0,100,Sell,227705669
2024-07-31 13:09:15,22100.0,300,Buy,227705740
2024-07-31 13:09:22,22100.0,5400,Buy,227705912
2024-07-31 13:09:25,22050.0,400,Sell,227706014
2024-07-31 13:09:29,22050.0,1300,Sell,227706124
2024-07-31 13:09:29,22050.0,4000,Sell,227706125
2024-07-31 13:09:29,22050.0,900,Sell,227706126
2024-07-31 13:09:29,22050.0,100,Sell,227706127
2024-07-31 13:09:29,22050.0,200,Sell,227706128
2024-07-31 13:09:29,22050.0,500,Sell,227706129
2024-07-31 13:09:29,22050.0,1000,Sell,227706130
2024-07-31 13:09:29,22100.0,100,Buy,227706108
2024-07-31 13:09:31,22100.0,900,Buy,227706178
2024-07-31 13:09:31,22100.0,200,Buy,227706179
2024-07-31 13:09:31,22100.0,200,Buy,227706180
2024-07-31 13:09:31,22100.0,3000,Buy,227706181
2024-07-31 13:09:31,22100.0,15000,Buy,227706182
2024-07-31 13:09:32,22150.0,200,Buy,227706251
2024-07-31 13:09:32,22150.0,1800,Buy,227706250
2024-07-31 13:09:35,22100.0,800,Sell,227706336
2024-07-31 13:09:37,22100.0,3000,Sell,227706359
2024-07-31 13:09:40,22100.0,100,Sell,227706432
2024-07-31 13:09:42,22150.0,100,Buy,227706489
2024-07-31 13:09:45,22100.0,500,Sell,227706600
2024-07-31 13:09:49,22100.0,1500,Sell,227706714
2024-07-31 13:09:50,22150.0,500,Buy,227706746
2024-07-31 13:09:50,22150.0,300,Buy,227706747
2024-07-31 13:09:50,22150.0,1000,Buy,227706748
2024-07-31 13:09:52,22150.0,200,Sell,227706762
2024-07-31 13:09:52,22150.0,100,Sell,227706763
2024-07-31 13:09:52,22150.0,100,Sell,227706764
2024-07-31 13:09:54,22150.0,100,Buy,227706823
2024-07-31 13:09:55,22150.0,100,Buy,227706849
2024-07-31 13:09:55,22150.0,300,Buy,227706855
2024-07-31 13:09:57,22150.0,800,Buy,227706896
2024-07-31 13:10:08,22150.0,700,Sell,227707167
2024-07-31 13:10:24,22150.0,500,Sell,227707569
2024-07-31 13:10:49,22200.0,300,Sell,227708219
2024-07-31 13:10:50,22200.0,100,Sell,227708231
2024-07-31 13:10:50,22200.0,3900,Sell,227708232
2024-07-31 13:10:51,22250.0,100,Sell,227708250
2024-07-31 13:10:51,22200.0,1100,Sell,227708257
2024-07-31 13:10:58,22150.0,500,Sell,227708392
2024-07-31 13:11:08,22200.0,300,Sell,227708789
2024-07-31 13:11:09,22300.0,1000,Buy,227708804
2024-07-31 13:11:16,22300.0,200,Buy,227708966
2024-07-31 13:11:17,22300.0,400,Buy,227708991
2024-07-31 13:11:17,22300.0,600,Buy,227708990
2024-07-31 13:11:17,22300.0,100,Buy,227708986
2024-07-31 13:11:21,22300.0,100,Sell,227709101
2024-07-31 13:11:26,22350.0,100,Buy,227709308
2024-07-31 13:11:26,22350.0,600,Buy,227709309
2024-07-31 13:11:28,22350.0,4000,Buy,227709352
2024-07-31 13:11:31,22300.0,1000,Sell,227709453
2024-07-31 13:11:32,22300.0,1000,Sell,227709491
2024-07-31 13:11:33,22200.0,2700,Sell,227709527
2024-07-31 13:11:33,22200.0,200,Sell,227709526
2024-07-31 13:11:33,22200.0,100,Sell,227709525
2024-07-31 13:11:33,22200.0,2000,Sell,227709524
2024-07-31 13:11:33,22250.0,100,Sell,227709522
2024-07-31 13:11:37,22250.0,900,Sell,227709576
2024-07-31 13:11:37,22200.0,11800,Sell,227709577
2024-07-31 13:11:39,22200.0,1400,Sell,227709613
2024-07-31 13:11:39,22200.0,4800,Sell,227709612
2024-07-31 13:11:39,22200.0,1000,Sell,227709614
2024-07-31 13:11:39,22200.0,3000,Sell,227709610
2024-07-31 13:11:39,22200.0,35500,Sell,227709609
2024-07-31 13:11:39,22200.0,1000,Sell,227709611
2024-07-31 13:11:42,22150.0,2500,Sell,227709686
2024-07-31 13:11:42,22150.0,2800,Sell,227709692
2024-07-31 13:11:42,22150.0,500,Sell,227709691
2024-07-31 13:11:42,22150.0,400,Sell,227709690
2024-07-31 13:11:42,22150.0,100,Sell,227709689
2024-07-31 13:11:42,22150.0,2000,Sell,227709688
2024-07-31 13:11:42,22150.0,300,Sell,227709687
2024-07-31 13:11:42,22150.0,5000,Sell,227709684
2024-07-31 13:11:42,22150.0,800,Sell,227709676
2024-07-31 13:11:42,22150.0,100,Sell,227709682
2024-07-31 13:11:42,22150.0,500,Sell,227709683
2024-07-31 13:11:42,22150.0,1000,Sell,227709677
2024-07-31 13:11:42,22150.0,700,Sell,227709678
2024-07-31 13:11:42,22150.0,2500,Sell,227709675
2024-07-31 13:11:42,22150.0,500,Sell,227709680
2024-07-31 13:11:42,22150.0,100,Sell,227709679
2024-07-31 13:11:42,22150.0,5000,Sell,227709681
2024-07-31 13:11:45,22250.0,100,Sell,227709767
2024-07-31 13:11:52,22200.0,200,Sell,227709935
2024-07-31 13:11:52,22200.0,1800,Sell,227709936
2024-07-31 13:11:54,22250.0,400,Buy,227709975
2024-07-31 13:12:04,22200.0,300,Sell,227710348
2024-07-31 13:12:04,22200.0,200,Sell,227710346
2024-07-31 13:12:04,22200.0,500,Sell,227710347
2024-07-31 13:12:16,22200.0,100,Sell,227710701
2024-07-31 13:12:16,22200.0,800,Sell,227710702
2024-07-31 13:12:16,22200.0,200,Sell,227710700
2024-07-31 13:12:19,22200.0,800,Sell,227710744
2024-07-31 13:12:19,22200.0,2000,Sell,227710763
2024-07-31 13:12:20,22250.0,300,Buy,227710778
2024-07-31 13:12:26,22250.0,300,Buy,227710902
2024-07-31 13:12:34,22250.0,2000,Buy,227711096
2024-07-31 13:12:35,22250.0,1000,Buy,227711138
2024-07-31 13:12:46,22250.0,900,Buy,227711444
2024-07-31 13:12:46,22250.0,800,Buy,227711442
2024-07-31 13:12:46,22250.0,300,Buy,227711443
2024-07-31 13:12:58,22250.0,2000,Buy,227711733
2024-07-31 13:12:58,22250.0,2800,Buy,227711732
2024-07-31 13:12:58,22250.0,200,Buy,227711734
2024-07-31 13:13:07,22250.0,100,Buy,227711919
2024-07-31 13:13:07,22250.0,200,Buy,227711920
2024-07-31 13:13:12,22250.0,100,Buy,227712025
2024-07-31 13:13:17,22200.0,400,Sell,227712132
2024-07-31 13:13:17,22200.0,100,Sell,227712133
2024-07-31 13:13:23,22250.0,500,Buy,227712275
2024-07-31 13:13:33,22250.0,100,Buy,227712467
2024-07-31 13:13:42,22250.0,300,Buy,227712662
2024-07-31 13:13:44,22200.0,500,Sell,227712730
2024-07-31 13:13:44,22200.0,1100,Sell,227712731
2024-07-31 13:13:44,22200.0,400,Sell,227712729
2024-07-31 13:13:51,22200.0,200,Sell,227712870
2024-07-31 13:14:02,22250.0,300,Buy,227713133
2024-07-31 13:14:09,22250.0,100,Buy,227713347
2024-07-31 13:14:14,22250.0,100,Buy,227713481
2024-07-31 13:14:24,22250.0,1000,Buy,227713706
2024-07-31 13:14:24,22250.0,700,Buy,227713705
2024-07-31 13:14:24,22250.0,300,Buy,227713704
2024-07-31 13:14:31,22200.0,4000,Sell,227713962
2024-07-31 13:14:35,22250.0,100,Buy,227714065
2024-07-31 13:14:37,22250.0,1100,Buy,227714118
2024-07-31 13:14:39,22200.0,4500,Sell,227714142
2024-07-31 13:14:41,22250.0,500,Buy,227714177
2024-07-31 13:14:41,22250.0,100,Buy,227714178
2024-07-31 13:14:41,22250.0,400,Buy,227714179
2024-07-31 13:14:46,22250.0,1600,Buy,227714298
2024-07-31 13:14:46,22250.0,300,Buy,227714299
2024-07-31 13:14:46,22250.0,100,Buy,227714300
2024-07-31 13:14:58,22250.0,900,Buy,227714622
2024-07-31 13:14:58,22250.0,500,Buy,227714623
2024-07-31 13:14:58,22250.0,1000,Buy,227714624
2024-07-31 13:14:58,22250.0,4900,Buy,227714625
2024-07-31 13:14:58,22250.0,200,Buy,227714626
2024-07-31 13:14:59,22250.0,200,Sell,227714643
2024-07-31 13:15:00,22250.0,2300,Sell,227714659
2024-07-31 13:15:08,22250.0,100,Buy,227715158
2024-07-31 13:15:08,22250.0,100,Buy,227715159
2024-07-31 13:15:09,22250.0,200,Buy,227715160
2024-07-31 13:15:24,22250.0,500,Buy,227715599
2024-07-31 13:15:26,22250.0,1000,Buy,227715697
2024-07-31 13:15:33,22250.0,100,Buy,227715885
2024-07-31 13:15:35,22250.0,3400,Buy,227715960
2024-07-31 13:15:35,22250.0,1600,Buy,227715961
2024-07-31 13:15:35,22250.0,100,Buy,227715967
2024-07-31 13:15:44,22250.0,700,Buy,227716245
2024-07-31 13:15:44,22250.0,1300,Buy,227716244
2024-07-31 13:15:44,22250.0,100,Buy,227716243
2024-07-31 13:15:45,22250.0,2000,Buy,227716275
2024-07-31 13:15:46,22200.0,4300,Sell,227716305
2024-07-31 13:15:46,22200.0,1000,Sell,227716300
2024-07-31 13:15:46,22200.0,1000,Sell,227716299
2024-07-31 13:15:46,22200.0,1200,Sell,227716298
2024-07-31 13:15:46,22200.0,1000,Sell,227716297
2024-07-31 13:15:46,22200.0,1000,Sell,227716296
2024-07-31 13:15:46,22200.0,1800,Sell,227716295
2024-07-31 13:15:46,22200.0,1000,Sell,227716291
2024-07-31 13:15:46,22200.0,100,Sell,227716293
2024-07-31 13:15:46,22200.0,1000,Sell,227716292
2024-07-31 13:15:46,22200.0,2500,Sell,227716290
2024-07-31 13:15:46,22200.0,100,Sell,227716289
2024-07-31 13:15:46,22200.0,1000,Sell,227716288
2024-07-31 13:15:46,22200.0,10200,Sell,227716287
2024-07-31 13:15:46,22200.0,200,Sell,227716294
2024-07-31 13:15:48,22200.0,100,Sell,227716394
2024-07-31 13:15:48,22200.0,500,Sell,227716393
2024-07-31 13:15:48,22200.0,900,Sell,227716390
2024-07-31 13:15:48,22200.0,100,Sell,227716392
2024-07-31 13:15:48,22200.0,200,Sell,227716391
2024-07-31 13:15:48,22200.0,1000,Sell,227716389
2024-07-31 13:15:48,22200.0,5000,Sell,227716384
2024-07-31 13:15:48,22200.0,500,Sell,227716387
2024-07-31 13:15:48,22200.0,900,Sell,227716388
2024-07-31 13:15:48,22200.0,15700,Sell,227716382
2024-07-31 13:15:48,22200.0,100,Sell,227716383
2024-07-31 13:15:48,22200.0,100,Sell,227716385
2024-07-31 13:15:48,22200.0,500,Sell,227716386
2024-07-31 13:16:01,22200.0,500,Sell,227716758
2024-07-31 13:16:03,22200.0,3500,Sell,227716810
2024-07-31 13:16:04,22200.0,100,Buy,227716872
2024-07-31 13:16:16,22150.0,500,Sell,227717145
2024-07-31 13:16:16,22150.0,100,Sell,227717144
2024-07-31 13:16:16,22150.0,100,Sell,227717141
2024-07-31 13:16:16,22150.0,500,Sell,227717140
2024-07-31 13:16:16,22150.0,4500,Sell,227717139
2024-07-31 13:16:16,22150.0,100,Sell,227717143
2024-07-31 13:16:16,22150.0,100,Sell,227717137
2024-07-31 13:16:16,22150.0,200,Sell,227717138
2024-07-31 13:16:16,22150.0,7200,Sell,227717133
2024-07-31 13:16:16,22150.0,500,Sell,227717134
2024-07-31 13:16:16,22150.0,50000,Sell,227717142
2024-07-31 13:16:16,22150.0,700,Sell,227717136
2024-07-31 13:16:16,22150.0,500,Sell,227717135
2024-07-31 13:16:18,22100.0,24800,Sell,227717178
2024-07-31 13:16:18,22100.0,500,Sell,227717179
2024-07-31 13:16:18,22100.0,200,Sell,227717181
2024-07-31 13:16:18,22100.0,100,Sell,227717182
2024-07-31 13:16:18,22100.0,1000,Sell,227717183
2024-07-31 13:16:18,22100.0,100,Sell,227717184
2024-07-31 13:16:18,22100.0,100,Sell,227717185
2024-07-31 13:16:18,22100.0,500,Sell,227717186
2024-07-31 13:16:18,22100.0,100,Sell,227717180
2024-07-31 13:16:20,22200.0,100,Buy,227717267
2024-07-31 13:16:27,22200.0,100,Buy,227717483
2024-07-31 13:16:28,22200.0,200,Buy,227717504
2024-07-31 13:16:31,22200.0,100,Buy,227717601
2024-07-31 13:16:31,22200.0,900,Buy,227717602
2024-07-31 13:16:31,22150.0,100,Sell,227717612
2024-07-31 13:16:31,22100.0,500,Sell,227717613
2024-07-31 13:16:31,22100.0,2000,Sell,227717614
2024-07-31 13:16:31,22100.0,100,Sell,227717615
2024-07-31 13:16:31,22100.0,100,Sell,227717616
2024-07-31 13:16:31,22100.0,100,Sell,227717617
2024-07-31 13:16:31,22100.0,200,Sell,227717618
2024-07-31 13:16:31,22100.0,100,Sell,227717619
2024-07-31 13:16:31,22100.0,200,Sell,227717620
2024-07-31 13:16:31,22100.0,900,Sell,227717621
2024-07-31 13:16:31,22100.0,200,Sell,227717622
2024-07-31 13:16:31,22100.0,500,Sell,227717623
2024-07-31 13:16:48,22100.0,100,Sell,227718213
2024-07-31 13:16:52,22150.0,200,Buy,227718287
2024-07-31 13:16:52,22100.0,300,Sell,227718265
2024-07-31 13:16:53,22100.0,200,Sell,227718306
2024-07-31 13:16:55,22150.0,12400,Buy,227718402
2024-07-31 13:16:55,22150.0,1100,Buy,227718403
2024-07-31 13:16:58,22150.0,100,Buy,227718458
2024-07-31 13:16:59,22150.0,500,Buy,227718513
2024-07-31 13:17:01,22100.0,400,Sell,227718559
2024-07-31 13:17:01,22100.0,400,Sell,227718560
2024-07-31 13:17:01,22100.0,200,Sell,227718561
2024-07-31 13:17:01,22100.0,500,Sell,227718562
2024-07-31 13:17:01,22100.0,1000,Sell,227718563
2024-07-31 13:17:01,22100.0,100,Sell,227718564
2024-07-31 13:17:01,22100.0,1100,Sell,227718565
2024-07-31 13:17:08,22150.0,200,Buy,227718739
2024-07-31 13:17:15,22150.0,100,Buy,227718917
2024-07-31 13:17:15,22150.0,1000,Buy,227718915
2024-07-31 13:17:19,22100.0,3000,Sell,227718999
2024-07-31 13:17:31,22100.0,12800,Sell,227719335
2024-07-31 13:17:33,22100.0,6000,Sell,227719368
2024-07-31 13:17:34,22100.0,1000,Sell,227719454
2024-07-31 13:17:36,22100.0,500,Sell,227719489
2024-07-31 13:17:51,22100.0,600,Sell,227720009
2024-07-31 13:17:58,22100.0,4100,Sell,227720155
2024-07-31 13:18:00,22100.0,300,Sell,227720219
2024-07-31 13:18:05,22100.0,800,Sell,227720340
2024-07-31 13:18:07,22100.0,500,Sell,227720397
2024-07-31 13:18:10,22100.0,1000,Sell,227720463
2024-07-31 13:18:16,22150.0,100,Buy,227720605
2024-07-31 13:18:18,22100.0,2000,Sell,227720681
2024-07-31 13:18:24,22150.0,100,Buy,227720838
2024-07-31 13:18:31,22150.0,200,Buy,227721005
2024-07-31 13:18:43,22150.0,100,Buy,227721296
2024-07-31 13:18:47,22150.0,100,Buy,227721390
2024-07-31 13:18:48,22150.0,100,Buy,227721403
2024-07-31 13:18:48,22100.0,16300,Sell,227721404
2024-07-31 13:18:48,22100.0,600,Sell,227721405
2024-07-31 13:18:48,22100.0,300,Sell,227721406
2024-07-31 13:18:48,22100.0,1500,Sell,227721407
2024-07-31 13:18:48,22100.0,1000,Sell,227721408
2024-07-31 13:18:48,22100.0,100,Sell,227721409
2024-07-31 13:18:48,22100.0,200,Sell,227721410
2024-07-31 13:18:49,22100.0,100,Sell,227721438
2024-07-31 13:18:49,22100.0,1000,Sell,227721442
2024-07-31 13:18:49,22100.0,1000,Sell,227721441
2024-07-31 13:18:49,22100.0,400,Sell,227721440
2024-07-31 13:18:49,22100.0,700,Sell,227721439
2024-07-31 13:18:49,22100.0,500,Sell,227721437
2024-07-31 13:18:49,22100.0,700,Sell,227721431
2024-07-31 13:18:49,22100.0,2100,Sell,227721435
2024-07-31 13:18:49,22100.0,3200,Sell,227721436
2024-07-31 13:18:49,22100.0,200,Sell,227721432
2024-07-31 13:18:49,22100.0,2800,Sell,227721430
2024-07-31 13:18:49,22100.0,500,Sell,227721434
2024-07-31 13:18:49,22100.0,300,Sell,227721433
2024-07-31 13:18:54,22100.0,1000,Buy,227721900
2024-07-31 13:18:57,22100.0,900,Buy,227721970
2024-07-31 13:18:57,22100.0,2500,Buy,227721971
2024-07-31 13:19:02,22100.0,100,Buy,227722081
2024-07-31 13:19:07,22050.0,500,Sell,227722299
2024-07-31 13:19:08,22050.0,100,Sell,227722330
2024-07-31 13:19:08,22050.0,100,Sell,227722331
2024-07-31 13:19:08,22050.0,200,Sell,227722332
2024-07-31 13:19:08,22050.0,1000,Sell,227722333
2024-07-31 13:19:08,22050.0,600,Sell,227722334
2024-07-31 13:19:08,22050.0,1400,Sell,227722338
2024-07-31 13:19:08,22050.0,100,Sell,227722336
2024-07-31 13:19:08,22050.0,2000,Sell,227722337
2024-07-31 13:19:08,22050.0,1000,Sell,227722339
2024-07-31 13:19:08,22050.0,1000,Sell,227722335
2024-07-31 13:19:08,22050.0,3000,Sell,227722329
2024-07-31 13:19:08,22050.0,3400,Sell,227722340
2024-07-31 13:19:08,22050.0,500,Sell,227722327
2024-07-31 13:19:08,22050.0,1500,Sell,227722316
2024-07-31 13:19:08,22050.0,100,Sell,227722317
2024-07-31 13:19:08,22050.0,5000,Sell,227722318
2024-07-31 13:19:08,22050.0,100,Sell,227722320
2024-07-31 13:19:08,22050.0,800,Sell,227722321
2024-07-31 13:19:08,22050.0,900,Sell,227722319
2024-07-31 13:19:08,22050.0,100,Sell,227722323
2024-07-31 13:19:08,22050.0,100,Sell,227722324
2024-07-31 13:19:08,22050.0,100,Sell,227722325
2024-07-31 13:19:08,22050.0,100,Sell,227722326
2024-07-31 13:19:08,22050.0,100,Sell,227722322
2024-07-31 13:19:08,22050.0,100,Sell,227722328
2024-07-31 13:19:11,22050.0,3100,Sell,227722423
2024-07-31 13:19:11,22050.0,2000,Sell,227722424
2024-07-31 13:19:17,22050.0,100,Buy,227722586
2024-07-31 13:19:20,22050.0,1000,Buy,227722637
2024-07-31 13:19:21,22050.0,900,Buy,227722656
2024-07-31 13:19:21,22050.0,100,Buy,227722657
2024-07-31 13:19:23,22000.0,100,Sell,227722690
2024-07-31 13:19:23,22000.0,200,Sell,227722691
2024-07-31 13:19:23,22000.0,200,Sell,227722692
2024-07-31 13:19:23,22000.0,100,Sell,227722693
2024-07-31 13:19:23,22000.0,200,Sell,227722694
2024-07-31 13:19:23,22000.0,100,Sell,227722695
2024-07-31 13:19:23,22000.0,100,Sell,227722696
2024-07-31 13:19:23,22000.0,500,Sell,227722697
2024-07-31 13:19:23,22000.0,500,Sell,227722698
2024-07-31 13:19:23,22000.0,300,Sell,227722699
2024-07-31 13:19:24,22000.0,100,Sell,227722766
2024-07-31 13:19:24,22000.0,1800,Sell,227722768
2024-07-31 13:19:24,22000.0,1000,Sell,227722767
2024-07-31 13:19:24,22000.0,100,Sell,227722765
2024-07-31 13:19:24,22000.0,200,Sell,227722729
2024-07-31 13:19:24,22000.0,100,Sell,227722732
2024-07-31 13:19:24,22000.0,200,Sell,227722731
2024-07-31 13:19:24,22000.0,200,Sell,227722730
2024-07-31 13:19:24,22000.0,1000,Sell,227722764
2024-07-31 13:19:25,22000.0,100,Sell,227722836
2024-07-31 13:19:25,22000.0,1000,Sell,227722835
2024-07-31 13:19:25,22000.0,1000,Sell,227722834
2024-07-31 13:19:25,22000.0,400,Sell,227722833
2024-07-31 13:19:25,22000.0,900,Sell,227722832
2024-07-31 13:19:25,22000.0,500,Sell,227722831
2024-07-31 13:19:25,22000.0,100,Sell,227722830
2024-07-31 13:19:25,22000.0,500,Sell,227722829
2024-07-31 13:19:25,22000.0,1000,Sell,227722828
2024-07-31 13:19:25,22000.0,1000,Sell,227722826
2024-07-31 13:19:25,22000.0,1000,Sell,227722825
2024-07-31 13:19:25,22000.0,200,Sell,227722824
2024-07-31 13:19:25,22000.0,5000,Sell,227722823
2024-07-31 13:19:25,22000.0,400,Sell,227722822
2024-07-31 13:19:25,22000.0,500,Sell,227722837
2024-07-31 13:19:25,22000.0,300,Sell,227722821
2024-07-31 13:19:25,22000.0,6000,Sell,227722820
2024-07-31 13:19:25,22000.0,3000,Sell,227722819
2024-07-31 13:19:25,22000.0,400,Sell,227722827
2024-07-31 13:19:25,22000.0,500,Sell,227722838
2024-07-31 13:19:25,22000.0,100,Sell,227722857
2024-07-31 13:19:25,22000.0,100,Sell,227722840
2024-07-31 13:19:25,22000.0,500,Sell,227722860
2024-07-31 13:19:25,22000.0,2000,Sell,227722859
2024-07-31 13:19:25,22000.0,1000,Sell,227722858
2024-07-31 13:19:25,22000.0,200,Sell,227722856
2024-07-31 13:19:25,22000.0,1500,Sell,227722855
2024-07-31 13:19:25,22000.0,1300,Sell,227722854
2024-07-31 13:19:25,22000.0,1000,Sell,227722853
2024-07-31 13:19:25,22000.0,100,Sell,227722852
2024-07-31 13:19:25,22000.0,100,Sell,227722851
2024-07-31 13:19:25,22000.0,300,Sell,227722850
2024-07-31 13:19:25,22000.0,3000,Sell,227722849
2024-07-31 13:19:25,22000.0,100,Sell,227722848
2024-07-31 13:19:25,22000.0,200,Sell,227722847
2024-07-31 13:19:25,22000.0,500,Sell,227722846
2024-07-31 13:19:25,22000.0,100,Sell,227722845
2024-07-31 13:19:25,22000.0,1000,Sell,227722844
2024-07-31 13:19:25,22000.0,1000,Sell,227722843
2024-07-31 13:19:25,22000.0,6000,Sell,227722842
2024-07-31 13:19:25,22000.0,100,Sell,227722841
2024-07-31 13:19:25,22000.0,100,Sell,227722839
2024-07-31 13:19:25,22000.0,1000,Sell,227722818
2024-07-31 13:19:25,22000.0,100,Sell,227722816
2024-07-31 13:19:25,22000.0,200,Sell,227722815
2024-07-31 13:19:25,22000.0,3000,Sell,227722791
2024-07-31 13:19:25,22000.0,200,Sell,227722790
2024-07-31 13:19:25,22000.0,3000,Sell,227722789
2024-07-31 13:19:25,22000.0,4600,Sell,227722788
2024-07-31 13:19:25,22000.0,15000,Sell,227722787
2024-07-31 13:19:25,22000.0,3000,Sell,227722786
2024-07-31 13:19:25,22000.0,200,Sell,227722785
2024-07-31 13:19:25,22000.0,200,Sell,227722784
2024-07-31 13:19:25,22000.0,100,Sell,227722792
2024-07-31 13:19:25,22000.0,200,Sell,227722783
2024-07-31 13:19:25,22000.0,500,Sell,227722781
2024-07-31 13:19:25,22000.0,1000,Sell,227722780
2024-07-31 13:19:25,22000.0,200,Sell,227722779
2024-07-31 13:19:25,22000.0,100,Sell,227722777
2024-07-31 13:19:25,22000.0,5000,Sell,227722776
2024-07-31 13:19:25,22000.0,15000,Sell,227722775
2024-07-31 13:19:25,22000.0,8200,Sell,227722774
2024-07-31 13:19:25,22000.0,100,Sell,227722817
2024-07-31 13:19:25,22000.0,500,Sell,227722782
2024-07-31 13:19:25,22000.0,200,Sell,227722793
2024-07-31 13:19:25,22000.0,200,Sell,227722778
2024-07-31 13:19:25,22000.0,500,Sell,227722795
2024-07-31 13:19:25,22000.0,1600,Sell,227722794
2024-07-31 13:19:25,22000.0,500,Sell,227722813
2024-07-31 13:19:25,22000.0,6400,Sell,227722812
2024-07-31 13:19:25,22000.0,100,Sell,227722811
2024-07-31 13:19:25,22000.0,1300,Sell,227722810
2024-07-31 13:19:25,22000.0,2300,Sell,227722814
2024-07-31 13:19:25,22000.0,100,Sell,227722808
2024-07-31 13:19:25,22000.0,1000,Sell,227722807
2024-07-31 13:19:25,22000.0,300,Sell,227722806
2024-07-31 13:19:25,22000.0,100,Sell,227722809
2024-07-31 13:19:25,22000.0,200,Sell,227722804
2024-07-31 13:19:25,22000.0,3200,Sell,227722796
2024-07-31 13:19:25,22000.0,1000,Sell,227722805
2024-07-31 13:19:25,22000.0,2000,Sell,227722798
2024-07-31 13:19:25,22000.0,500,Sell,227722799
2024-07-31 13:19:25,22000.0,1000,Sell,227722797
2024-07-31 13:19:25,22000.0,1000,Sell,227722801
2024-07-31 13:19:25,22000.0,100,Sell,227722802
2024-07-31 13:19:25,22000.0,100,Sell,227722803
2024-07-31 13:19:25,22000.0,1000,Sell,227722800
2024-07-31 13:19:26,22050.0,1000,Buy,227722874
2024-07-31 13:19:29,21950.0,100,Sell,227722953
2024-07-31 13:19:29,21950.0,100,Sell,227722959
2024-07-31 13:19:29,21950.0,100,Sell,227722958
2024-07-31 13:19:29,21950.0,100,Sell,227722957
2024-07-31 13:19:29,21950.0,2000,Sell,227722955
2024-07-31 13:19:29,21950.0,1000,Sell,227722954
2024-07-31 13:19:29,21950.0,300,Sell,227722952
2024-07-31 13:19:29,21950.0,100,Sell,227722949
2024-07-31 13:19:29,21950.0,2000,Sell,227722950
2024-07-31 13:19:29,21950.0,1000,Sell,227722948
2024-07-31 13:19:29,21950.0,100,Sell,227722947
2024-07-31 13:19:29,21950.0,1000,Sell,227722946
2024-07-31 13:19:29,21950.0,200,Sell,227722945
2024-07-31 13:19:29,21950.0,100,Sell,227722944
2024-07-31 13:19:29,21950.0,200,Sell,227722951
2024-07-31 13:19:30,22000.0,500,Buy,227722997
2024-07-31 13:19:39,21900.0,500,Sell,227723337
2024-07-31 13:19:39,21900.0,200,Sell,227723338
2024-07-31 13:19:39,21900.0,2000,Sell,227723339
2024-07-31 13:19:39,21900.0,100,Sell,227723340
2024-07-31 13:19:39,21900.0,500,Sell,227723341
2024-07-31 13:19:39,21900.0,500,Sell,227723342
2024-07-31 13:19:39,21900.0,300,Sell,227723336
2024-07-31 13:19:39,21900.0,500,Sell,227723346
2024-07-31 13:19:39,21900.0,100,Sell,227723344
2024-07-31 13:19:39,21900.0,200,Sell,227723345
2024-07-31 13:19:39,21900.0,100,Sell,227723347
2024-07-31 13:19:39,21900.0,500,Sell,227723349
2024-07-31 13:19:39,21900.0,100,Sell,227723350
2024-07-31 13:19:39,21900.0,100,Sell,227723351
2024-07-31 13:19:39,21900.0,100,Sell,227723343
2024-07-31 13:19:39,21900.0,500,Sell,227723335
2024-07-31 13:19:39,21900.0,500,Sell,227723321
2024-07-31 13:19:39,21900.0,500,Sell,227723333
2024-07-31 13:19:39,21900.0,5000,Sell,227723334
2024-07-31 13:19:39,21900.0,1000,Sell,227723313
2024-07-31 13:19:39,21900.0,1000,Sell,227723314
2024-07-31 13:19:39,21900.0,600,Sell,227723315
2024-07-31 13:19:39,21900.0,200,Sell,227723316
2024-07-31 13:19:39,21900.0,100,Sell,227723317
2024-07-31 13:19:39,21900.0,2000,Sell,227723319
2024-07-31 13:19:39,21900.0,500,Sell,227723318
2024-07-31 13:19:39,21900.0,100,Sell,227723326
2024-07-31 13:19:39,21900.0,200,Sell,227723327
2024-07-31 13:19:39,21900.0,100,Sell,227723328
2024-07-31 13:19:39,21900.0,200,Sell,227723329
2024-07-31 13:19:39,21900.0,100,Sell,227723330
2024-07-31 13:19:39,21900.0,200,Sell,227723331
2024-07-31 13:19:39,21900.0,1000,Sell,227723332
2024-07-31 13:19:39,21900.0,300,Sell,227723320
2024-07-31 13:19:40,21900.0,1000,Sell,227723368
2024-07-31 13:19:43,21950.0,100,Buy,227723454
2024-07-31 13:19:45,21850.0,700,Sell,227723481
2024-07-31 13:19:45,21850.0,200,Sell,227723480
2024-07-31 13:19:45,21850.0,100,Sell,227723476
2024-07-31 13:19:45,21850.0,200,Sell,227723478
2024-07-31 13:19:45,21850.0,1000,Sell,227723477
2024-07-31 13:19:45,21850.0,100,Sell,227723479
2024-07-31 13:19:46,21850.0,100,Sell,227723541
2024-07-31 13:19:46,21850.0,100,Sell,227723540
2024-07-31 13:19:46,21850.0,2200,Sell,227723539
2024-07-31 13:19:46,21850.0,100,Sell,227723538
2024-07-31 13:19:46,21850.0,1000,Sell,227723531
2024-07-31 13:19:46,21850.0,100,Sell,227723537
2024-07-31 13:19:46,21850.0,100,Sell,227723536
2024-07-31 13:19:46,21850.0,700,Sell,227723535
2024-07-31 13:19:46,21850.0,100,Sell,227723534
2024-07-31 13:19:46,21850.0,100,Sell,227723533
2024-07-31 13:19:46,21850.0,1000,Sell,227723532
2024-07-31 13:19:46,21850.0,500,Sell,227723530
2024-07-31 13:19:46,21850.0,1000,Sell,227723521
2024-07-31 13:19:46,21850.0,600,Sell,227723528
2024-07-31 13:19:46,21850.0,9300,Sell,227723517
2024-07-31 13:19:46,21850.0,100,Sell,227723529
2024-07-31 13:19:46,21850.0,100,Sell,227723519
2024-07-31 13:19:46,21850.0,200,Sell,227723520
2024-07-31 13:19:46,21850.0,4000,Sell,227723522
2024-07-31 13:19:46,21850.0,1000,Sell,227723518
2024-07-31 13:19:46,21850.0,200,Sell,227723524
2024-07-31 13:19:46,21850.0,200,Sell,227723525
2024-07-31 13:19:46,21850.0,1000,Sell,227723526
2024-07-31 13:19:46,21850.0,500,Sell,227723527
2024-07-31 13:19:46,21850.0,500,Sell,227723523
2024-07-31 13:19:51,21850.0,800,Buy,227723713
2024-07-31 13:19:52,21850.0,600,Buy,227723733
2024-07-31 13:19:53,21800.0,2700,Sell,227723789
2024-07-31 13:19:53,21800.0,200,Sell,227723788
2024-07-31 13:19:53,21800.0,1000,Sell,227723787
2024-07-31 13:19:53,21800.0,500,Sell,227723786
2024-07-31 13:19:53,21800.0,200,Sell,227723784
2024-07-31 13:19:53,21800.0,500,Sell,227723783
2024-07-31 13:19:53,21800.0,200,Sell,227723785
2024-07-31 13:19:53,21800.0,500,Sell,227723782
2024-07-31 13:19:53,21850.0,600,Buy,227723774
2024-07-31 13:19:53,21800.0,3000,Sell,227723775
2024-07-31 13:19:53,21800.0,300,Sell,227723776
2024-07-31 13:19:53,21800.0,8000,Sell,227723781
2024-07-31 13:19:53,21800.0,30000,Sell,227723778
2024-07-31 13:19:53,21800.0,100,Sell,227723779
2024-07-31 13:19:53,21800.0,200,Sell,227723780
2024-07-31 13:19:53,21800.0,1000,Sell,227723777
2024-07-31 13:19:54,21800.0,26600,Sell,227723873
2024-07-31 13:19:54,21850.0,800,Buy,227723899
2024-07-31 13:19:55,21800.0,100,Sell,227723937
2024-07-31 13:19:55,21800.0,300,Sell,227723936
2024-07-31 13:19:55,21800.0,100,Sell,227723935
2024-07-31 13:19:55,21800.0,500,Sell,227723934
2024-07-31 13:19:55,21800.0,1200,Sell,227723933
2024-07-31 13:19:55,21800.0,800,Sell,227723917
2024-07-31 13:19:55,21800.0,400,Sell,227723916
2024-07-31 13:19:55,21800.0,100,Sell,227723915
2024-07-31 13:19:55,21800.0,700,Sell,227723914
2024-07-31 13:19:58,21850.0,2300,Buy,227724010
2024-07-31 13:19:58,21850.0,2700,Buy,227724011
2024-07-31 13:19:59,21850.0,100,Buy,227724044
2024-07-31 13:19:59,21850.0,900,Buy,227724043
2024-07-31 13:19:59,21800.0,300,Sell,227724036
2024-07-31 13:19:59,21800.0,1000,Sell,227724037
2024-07-31 13:19:59,21800.0,2400,Sell,227724038
2024-07-31 13:20:00,21800.0,1000,Sell,227724119
2024-07-31 13:20:00,21800.0,300,Sell,227724118
2024-07-31 13:20:00,21800.0,5000,Sell,227724115
2024-07-31 13:20:00,21800.0,100,Sell,227724114
2024-07-31 13:20:00,21800.0,500,Sell,227724113
2024-07-31 13:20:00,21800.0,600,Sell,227724112
2024-07-31 13:20:00,21800.0,200,Sell,227724111
2024-07-31 13:20:00,21800.0,100,Sell,227724110
2024-07-31 13:20:00,21800.0,1000,Sell,227724109
2024-07-31 13:20:00,21800.0,300,Sell,227724108
2024-07-31 13:20:00,21800.0,100,Sell,227724106
2024-07-31 13:20:00,21800.0,2000,Sell,227724105
2024-07-31 13:20:00,21800.0,100,Sell,227724107
2024-07-31 13:20:00,21800.0,100,Sell,227724103
2024-07-31 13:20:00,21800.0,500,Sell,227724091
2024-07-31 13:20:00,21800.0,100,Sell,227724092
2024-07-31 13:20:00,21800.0,300,Sell,227724093
2024-07-31 13:20:00,21800.0,2000,Sell,227724095
2024-07-31 13:20:00,21800.0,300,Sell,227724096
2024-07-31 13:20:00,21800.0,100,Sell,227724094
2024-07-31 13:20:00,21800.0,500,Sell,227724098
2024-07-31 13:20:00,21800.0,100,Sell,227724099
2024-07-31 13:20:00,21800.0,200,Sell,227724100
2024-07-31 13:20:00,21800.0,300,Sell,227724101
2024-07-31 13:20:00,21800.0,2000,Sell,227724102
2024-07-31 13:20:00,21800.0,500,Sell,227724097
2024-07-31 13:20:00,21800.0,1000,Sell,227724104
2024-07-31 13:20:03,21800.0,23200,Buy,227724174
2024-07-31 13:20:03,21800.0,2000,Buy,227724175
2024-07-31 13:20:03,21800.0,6000,Buy,227724176
2024-07-31 13:20:03,21800.0,5000,Sell,227724178
2024-07-31 13:20:04,21850.0,100,Buy,227724206
2024-07-31 13:20:06,21850.0,700,Buy,227724262
2024-07-31 13:20:06,21850.0,300,Buy,227724261
2024-07-31 13:20:06,21800.0,2300,Sell,227724231
2024-07-31 13:20:08,21850.0,300,Buy,227724322
2024-07-31 13:20:08,21850.0,200,Buy,227724323
2024-07-31 13:20:10,21800.0,800,Sell,227724366
2024-07-31 13:20:11,21800.0,100,Sell,227724396
2024-07-31 13:20:11,21800.0,600,Sell,227724418
2024-07-31 13:20:11,21800.0,300,Sell,227724419
2024-07-31 13:20:11,21800.0,100,Sell,227724420
2024-07-31 13:20:12,21850.0,200,Buy,227724484
2024-07-31 13:20:14,21850.0,100,Buy,227724514
2024-07-31 13:20:14,21800.0,100,Sell,227724506
2024-07-31 13:20:20,21800.0,400,Sell,227724629
2024-07-31 13:20:20,21800.0,600,Sell,227724630
2024-07-31 13:20:22,21800.0,400,Sell,227724674
2024-07-31 13:20:22,21800.0,500,Sell,227724675
2024-07-31 13:20:22,21800.0,200,Sell,227724676
2024-07-31 13:20:22,21800.0,500,Sell,227724677
2024-07-31 13:20:25,21800.0,200,Sell,227724735
2024-07-31 13:20:27,21800.0,500,Sell,227724779
2024-07-31 13:20:27,21800.0,1000,Sell,227724777
2024-07-31 13:20:27,21800.0,500,Sell,227724778
2024-07-31 13:20:27,21800.0,300,Sell,227724776
2024-07-31 13:20:28,21800.0,500,Sell,227724804
2024-07-31 13:20:28,21800.0,100,Sell,227724805
2024-07-31 13:20:28,21800.0,500,Sell,227724806
2024-07-31 13:20:28,21800.0,1000,Sell,227724807
2024-07-31 13:20:28,21800.0,500,Sell,227724808
2024-07-31 13:20:29,21800.0,100,Sell,227724837
2024-07-31 13:20:32,21800.0,100,Buy,227724914
2024-07-31 13:20:33,21800.0,100,Buy,227724926
2024-07-31 13:20:35,21750.0,200,Sell,227724978
2024-07-31 13:20:35,21750.0,600,Sell,227724979
2024-07-31 13:20:35,21750.0,600,Sell,227724980
2024-07-31 13:20:35,21750.0,100,Sell,227724977
2024-07-31 13:20:36,21750.0,100,Sell,227724998
2024-07-31 13:20:36,21750.0,100,Buy,227725020
2024-07-31 13:20:36,21750.0,100,Buy,227725019
2024-07-31 13:20:36,21750.0,100,Sell,227724997
2024-07-31 13:20:36,21750.0,1000,Sell,227724996
2024-07-31 13:20:36,21750.0,100,Sell,227724995
2024-07-31 13:20:36,21750.0,10000,Sell,227724994
2024-07-31 13:20:36,21750.0,100,Sell,227724993
2024-07-31 13:20:36,21750.0,1000,Sell,227724992
2024-07-31 13:20:36,21750.0,600,Sell,227724991
2024-07-31 13:20:38,21750.0,1400,Buy,227725066
2024-07-31 13:20:39,21750.0,100,Buy,227725094
2024-07-31 13:20:41,21750.0,500,Buy,227725150
2024-07-31 13:20:42,21500.0,2000,Sell,227725222
2024-07-31 13:20:42,21500.0,500,Sell,227725213
2024-07-31 13:20:42,21500.0,1000,Sell,227725220
2024-07-31 13:20:42,21500.0,100,Sell,227725219
2024-07-31 13:20:42,21500.0,200,Sell,227725218
2024-07-31 13:20:42,21500.0,100,Sell,227725217
2024-07-31 13:20:42,21500.0,3000,Sell,227725216
2024-07-31 13:20:42,21500.0,100,Sell,227725215
2024-07-31 13:20:42,21500.0,1500,Sell,227725214
2024-07-31 13:20:42,21500.0,1000,Sell,227725221
2024-07-31 13:20:42,21550.0,2500,Sell,227725203
2024-07-31 13:20:42,21500.0,200,Sell,227725211
2024-07-31 13:20:42,21500.0,500,Sell,227725210
2024-07-31 13:20:42,21500.0,500,Sell,227725209
2024-07-31 13:20:42,21500.0,1000,Sell,227725208
2024-07-31 13:20:42,21550.0,200,Sell,227725207
2024-07-31 13:20:42,21550.0,500,Sell,227725206
2024-07-31 13:20:42,21550.0,500,Sell,227725205
2024-07-31 13:20:42,21550.0,500,Sell,227725204
2024-07-31 13:20:42,21500.0,1000,Sell,227725223
2024-07-31 13:20:42,21500.0,200,Sell,227725212
2024-07-31 13:20:42,21500.0,100000,Sell,227725224
2024-07-31 13:20:42,21500.0,200,Sell,227725247
2024-07-31 13:20:42,21500.0,500,Sell,227725226
2024-07-31 13:20:42,21500.0,1000,Sell,227725256
2024-07-31 13:20:42,21500.0,100,Sell,227725255
2024-07-31 13:20:42,21500.0,100,Sell,227725254
2024-07-31 13:20:42,21500.0,500,Sell,227725253
2024-07-31 13:20:42,21500.0,6000,Sell,227725252
2024-07-31 13:20:42,21500.0,2400,Sell,227725251
2024-07-31 13:20:42,21500.0,1000,Sell,227725250
2024-07-31 13:20:42,21500.0,100,Sell,227725249
2024-07-31 13:20:42,21500.0,100,Sell,227725248
2024-07-31 13:20:42,21500.0,300,Sell,227725225
2024-07-31 13:20:42,21500.0,100,Sell,227725246
2024-07-31 13:20:42,21500.0,3000,Sell,227725244
2024-07-31 13:20:42,21500.0,200,Sell,227725243
2024-07-31 13:20:42,21500.0,1400,Sell,227725242
2024-07-31 13:20:42,21500.0,1200,Sell,227725241
2024-07-31 13:20:42,21500.0,200,Sell,227725240
2024-07-31 13:20:42,21500.0,500,Sell,227725239
2024-07-31 13:20:42,21500.0,400,Sell,227725238
2024-07-31 13:20:42,21500.0,700,Sell,227725237
2024-07-31 13:20:42,21500.0,1300,Sell,227725227
2024-07-31 13:20:42,21500.0,1000,Sell,227725245
2024-07-31 13:20:42,21600.0,1000,Sell,227725202
2024-07-31 13:20:42,21600.0,700,Sell,227725186
2024-07-31 13:20:42,21600.0,500,Sell,227725200
2024-07-31 13:20:42,21650.0,1000,Sell,227725174
2024-07-31 13:20:42,21700.0,100,Sell,227725173
2024-07-31 13:20:42,21700.0,200,Sell,227725172
2024-07-31 13:20:42,21700.0,400,Sell,227725171
2024-07-31 13:20:42,21700.0,100,Sell,227725169
2024-07-31 13:20:42,21700.0,100,Sell,227725168
2024-07-31 13:20:42,21700.0,1200,Sell,227725167
2024-07-31 13:20:42,21700.0,200,Sell,227725166
2024-07-31 13:20:42,21700.0,1000,Sell,227725165
2024-07-31 13:20:42,21700.0,500,Sell,227725164
2024-07-31 13:20:42,21700.0,3000,Sell,227725163
2024-07-31 13:20:42,21700.0,1000,Sell,227725162
2024-07-31 13:20:42,21700.0,46800,Sell,227725161
2024-07-31 13:20:42,21700.0,3200,Sell,227725160
2024-07-31 13:20:42,21700.0,200,Sell,227725159
2024-07-31 13:20:42,21700.0,300,Sell,227725158
2024-07-31 13:20:42,21700.0,500,Sell,227725157
2024-07-31 13:20:42,21700.0,300,Sell,227725156
2024-07-31 13:20:42,21700.0,5000,Sell,227725155
2024-07-31 13:20:42,21650.0,1000,Sell,227725175
2024-07-31 13:20:42,21650.0,1000,Sell,227725176
2024-07-31 13:20:42,21700.0,100,Sell,227725170
2024-07-31 13:20:42,21650.0,1300,Sell,227725178
2024-07-31 13:20:42,21600.0,100,Sell,227725199
2024-07-31 13:20:42,21600.0,5000,Sell,227725198
2024-07-31 13:20:42,21600.0,1000,Sell,227725197
2024-07-31 13:20:42,21600.0,600,Sell,227725196
2024-07-31 13:20:42,21650.0,1000,Sell,227725177
2024-07-31 13:20:42,21600.0,500,Sell,227725194
2024-07-31 13:20:42,21600.0,200,Sell,227725193
2024-07-31 13:20:42,21600.0,1000,Sell,227725192
2024-07-31 13:20:42,21600.0,400,Sell,227725191
2024-07-31 13:20:42,21600.0,1000,Sell,227725190
2024-07-31 13:20:42,21600.0,800,Sell,227725195
2024-07-31 13:20:42,21600.0,300,Sell,227725188
2024-07-31 13:20:42,21600.0,200,Sell,227725189
2024-07-31 13:20:42,21650.0,200,Sell,227725179
2024-07-31 13:20:42,21650.0,1500,Sell,227725181
2024-07-31 13:20:42,21650.0,300,Sell,227725182
2024-07-31 13:20:42,21650.0,100,Sell,227725183
2024-07-31 13:20:42,21600.0,100,Sell,227725201
2024-07-31 13:20:42,21600.0,200,Sell,227725185
2024-07-31 13:20:42,21700.0,500,Sell,227725154
2024-07-31 13:20:42,21600.0,5000,Sell,227725187
2024-07-31 13:20:42,21650.0,100,Sell,227725184
2024-07-31 13:20:43,21600.0,500,Buy,227725276
2024-07-31 13:20:43,21500.0,600,Sell,227725284
2024-07-31 13:20:43,21500.0,100,Sell,227725285
2024-07-31 13:20:43,21500.0,200,Sell,227725286
2024-07-31 13:20:43,21500.0,500,Sell,227725287
2024-07-31 13:20:43,21500.0,1000,Sell,227725288
2024-07-31 13:20:43,21500.0,1000,Sell,227725290
2024-07-31 13:20:43,21500.0,200,Sell,227725291
2024-07-31 13:20:43,21500.0,100,Sell,227725292
2024-07-31 13:20:43,21450.0,100,Sell,227725293
2024-07-31 13:20:43,21400.0,400,Sell,227725295
2024-07-31 13:20:43,21500.0,500,Sell,227725289
2024-07-31 13:20:43,21450.0,600,Sell,227725294
2024-07-31 13:20:43,21500.0,400,Sell,227725275
2024-07-31 13:20:43,21500.0,1000,Sell,227725273
2024-07-31 13:20:43,21500.0,1000,Sell,227725272
2024-07-31 13:20:43,21500.0,200,Sell,227725271
2024-07-31 13:20:43,21500.0,1000,Sell,227725270
2024-07-31 13:20:43,21500.0,100,Sell,227725269
2024-07-31 13:20:43,21500.0,5400,Sell,227725268
2024-07-31 13:20:43,21500.0,300,Sell,227725267
2024-07-31 13:20:43,21500.0,1000,Sell,227725266
2024-07-31 13:20:43,21500.0,200,Sell,227725265
2024-07-31 13:20:43,21500.0,1000,Sell,227725264
2024-07-31 13:20:43,21500.0,500,Sell,227725263
2024-07-31 13:20:43,21500.0,100,Sell,227725262
2024-07-31 13:20:43,21500.0,500,Sell,227725274
2024-07-31 13:20:44,21400.0,600,Sell,227725314
2024-07-31 13:20:44,21400.0,200,Sell,227725313
2024-07-31 13:20:44,21400.0,200,Sell,227725312
2024-07-31 13:20:46,21600.0,500,Buy,227725367
2024-07-31 13:20:46,21600.0,2400,Buy,227725368
2024-07-31 13:20:47,21600.0,500,Buy,227725413
2024-07-31 13:20:51,21600.0,100,Sell,227725549
2024-07-31 13:20:51,21400.0,200,Sell,227725550
2024-07-31 13:20:51,21400.0,200,Sell,227725557
2024-07-31 13:20:51,21400.0,100,Sell,227725558
2024-07-31 13:20:55,21600.0,1000,Sell,227725656
2024-07-31 13:20:56,21600.0,200,Sell,227725672
2024-07-31 13:20:57,21600.0,100,Buy,227725696
2024-07-31 13:21:01,21450.0,100,Sell,227725832
2024-07-31 13:21:01,21400.0,200,Sell,227725833
2024-07-31 13:21:01,21550.0,100,Sell,227725830
2024-07-31 13:21:01,21500.0,100,Sell,227725831
2024-07-31 13:21:02,21600.0,100,Buy,227725846
2024-07-31 13:21:05,21600.0,100,Buy,227725965
2024-07-31 13:21:06,21600.0,200,Buy,227725971
2024-07-31 13:21:10,21500.0,100,Sell,227726127
2024-07-31 13:21:10,21500.0,200,Sell,227726128
2024-07-31 13:21:10,21500.0,1400,Sell,227726129
2024-07-31 13:21:11,21600.0,200,Buy,227726154
2024-07-31 13:21:11,21600.0,200,Buy,227726167
2024-07-31 13:21:15,21550.0,1100,Buy,227726279
2024-07-31 13:21:17,21600.0,300,Buy,227726337
2024-07-31 13:21:17,21500.0,900,Sell,227726335
2024-07-31 13:21:17,21550.0,700,Buy,227726336
2024-07-31 13:21:17,21500.0,100,Sell,227726333
2024-07-31 13:21:17,21500.0,400,Sell,227726332
2024-07-31 13:21:17,21500.0,100,Sell,227726334
2024-07-31 13:21:19,21550.0,500,Sell,227726364
2024-07-31 13:21:25,21600.0,300,Buy,227726490
2024-07-31 13:21:25,21600.0,1000,Buy,227726491
2024-07-31 13:21:25,21600.0,300,Buy,227726492
2024-07-31 13:21:25,21600.0,300,Buy,227726493
2024-07-31 13:21:25,21600.0,100,Buy,227726494
2024-07-31 13:21:26,21450.0,500,Sell,227726523
2024-07-31 13:21:26,21450.0,300,Sell,227726528
2024-07-31 13:21:26,21450.0,7000,Sell,227726526
2024-07-31 13:21:26,21450.0,500,Sell,227726525
2024-07-31 13:21:26,21450.0,100,Sell,227726524
2024-07-31 13:21:26,21450.0,500,Sell,227726522
2024-07-31 13:21:26,21450.0,500,Sell,227726527
2024-07-31 13:21:26,21500.0,500,Sell,227726520
2024-07-31 13:21:26,21500.0,200,Sell,227726519
2024-07-31 13:21:26,21500.0,500,Sell,227726518
2024-07-31 13:21:26,21500.0,200,Sell,227726517
2024-07-31 13:21:26,21500.0,1000,Sell,227726516
2024-07-31 13:21:26,21450.0,100,Sell,227726521
2024-07-31 13:21:26,21550.0,200,Sell,227726515
2024-07-31 13:21:26,21550.0,500,Sell,227726514
2024-07-31 13:21:27,21350.0,100,Sell,227726568
2024-07-31 13:21:27,21350.0,500,Sell,227726567
2024-07-31 13:21:27,21350.0,3000,Sell,227726566
2024-07-31 13:21:27,21350.0,800,Sell,227726565
2024-07-31 13:21:27,21350.0,300,Sell,227726561
2024-07-31 13:21:27,21350.0,500,Sell,227726563
2024-07-31 13:21:27,21350.0,200,Sell,227726562
2024-07-31 13:21:27,21350.0,100,Sell,227726569
2024-07-31 13:21:27,21350.0,3000,Sell,227726560
2024-07-31 13:21:27,21350.0,100,Sell,227726564
2024-07-31 13:21:27,21350.0,100,Sell,227726570
2024-07-31 13:21:27,21300.0,300,Sell,227726574
2024-07-31 13:21:27,21350.0,200,Sell,227726572
2024-07-31 13:21:27,21300.0,5000,Sell,227726573
2024-07-31 13:21:27,21400.0,1500,Sell,227726559
2024-07-31 13:21:27,21300.0,100,Sell,227726575
2024-07-31 13:21:27,21300.0,1400,Sell,227726576
2024-07-31 13:21:27,21300.0,1000,Sell,227726577
2024-07-31 13:21:27,21300.0,100,Sell,227726578
2024-07-31 13:21:27,21300.0,2000,Sell,227726579
2024-07-31 13:21:27,21300.0,1000,Sell,227726580
2024-07-31 13:21:27,21300.0,2500,Sell,227726581
2024-07-31 13:21:27,21300.0,1200,Sell,227726582
2024-07-31 13:21:27,21350.0,100,Sell,227726571
2024-07-31 13:21:27,21400.0,100,Sell,227726558
2024-07-31 13:21:27,21400.0,2200,Sell,227726532
2024-07-31 13:21:27,21400.0,300,Sell,227726556
2024-07-31 13:21:27,21400.0,200,Sell,227726533
2024-07-31 13:21:27,21400.0,2000,Sell,227726534
2024-07-31 13:21:27,21400.0,1000,Sell,227726535
2024-07-31 13:21:27,21400.0,100,Sell,227726536
2024-07-31 13:21:27,21400.0,5000,Sell,227726537
2024-07-31 13:21:27,21400.0,200,Sell,227726538
2024-07-31 13:21:27,21400.0,1500,Sell,227726539
2024-07-31 13:21:27,21400.0,300,Sell,227726540
2024-07-31 13:21:27,21400.0,400,Sell,227726541
2024-07-31 13:21:27,21400.0,1000,Sell,227726542
2024-07-31 13:21:27,21400.0,100,Sell,227726543
2024-07-31 13:21:27,21400.0,100,Sell,227726557
2024-07-31 13:21:27,21400.0,200,Sell,227726545
2024-07-31 13:21:27,21400.0,1000,Sell,227726555
2024-07-31 13:21:27,21400.0,100,Sell,227726554
2024-07-31 13:21:27,21400.0,100,Sell,227726553
2024-07-31 13:21:27,21400.0,100,Sell,227726552
2024-07-31 13:21:27,21400.0,300,Sell,227726551
2024-07-31 13:21:27,21400.0,100,Sell,227726544
2024-07-31 13:21:27,21400.0,300,Sell,227726549
2024-07-31 13:21:27,21400.0,3000,Sell,227726548
2024-07-31 13:21:27,21400.0,1000,Sell,227726547
2024-07-31 13:21:27,21400.0,500,Sell,227726546
2024-07-31 13:21:27,21400.0,100,Sell,227726550
2024-07-31 13:21:29,21500.0,200,Sell,227726634
2024-07-31 13:21:29,21500.0,100,Sell,227726635
2024-07-31 13:21:33,21500.0,300,Buy,227726812
2024-07-31 13:21:34,21500.0,100,Buy,227726828
2024-07-31 13:21:35,21500.0,300,Buy,227726850
2024-07-31 13:21:35,21450.0,200,Sell,227726865
2024-07-31 13:21:35,21500.0,200,Buy,227726866
2024-07-31 13:21:35,21500.0,200,Buy,227726867
2024-07-31 13:21:36,21450.0,1000,Sell,227726885
2024-07-31 13:21:37,21450.0,1000,Sell,227726920
2024-07-31 13:21:37,21450.0,100,Buy,227726929
2024-07-31 13:21:37,21450.0,300,Sell,227726918
2024-07-31 13:21:37,21450.0,200,Sell,227726919
2024-07-31 13:21:38,21450.0,100,Buy,227726943
2024-07-31 13:21:41,21450.0,100,Buy,227726979
2024-07-31 13:21:42,21450.0,100,Buy,227727001
2024-07-31 13:21:44,21450.0,300,Buy,227727064
2024-07-31 13:21:44,21450.0,1700,Buy,227727065
2024-07-31 13:21:44,21450.0,5200,Buy,227727066
2024-07-31 13:21:44,21450.0,1200,Buy,227727067
2024-07-31 13:21:45,21450.0,400,Sell,227727131
2024-07-31 13:21:45,21500.0,100,Buy,227727160
2024-07-31 13:21:46,21450.0,2000,Sell,227727215
2024-07-31 13:21:47,21450.0,11200,Sell,227727234
2024-07-31 13:21:47,21450.0,400,Sell,227727235
2024-07-31 13:21:54,21450.0,100,Sell,227727351
2024-07-31 13:21:54,21450.0,2000,Sell,227727352
2024-07-31 13:21:54,21400.0,500,Sell,227727353
2024-07-31 13:21:54,21400.0,400,Sell,227727354
2024-07-31 13:21:59,21450.0,100,Sell,227727529
2024-07-31 13:21:59,21450.0,2300,Sell,227727530
2024-07-31 13:22:00,21450.0,500,Sell,227727570
2024-07-31 13:22:00,21500.0,1000,Buy,227727573
2024-07-31 13:22:03,21450.0,400,Sell,227727654
2024-07-31 13:22:05,21500.0,200,Buy,227727688
2024-07-31 13:22:05,21450.0,200,Sell,227727689
2024-07-31 13:22:06,21450.0,1700,Sell,227727706
2024-07-31 13:22:06,21450.0,200,Sell,227727707
2024-07-31 13:22:08,21450.0,2700,Sell,227727786
2024-07-31 13:22:08,21450.0,500,Sell,227727787
2024-07-31 13:22:08,21450.0,600,Sell,227727788
2024-07-31 13:22:08,21450.0,100,Sell,227727789
2024-07-31 13:22:08,21450.0,200,Sell,227727790
2024-07-31 13:22:08,21450.0,200,Sell,227727791
2024-07-31 13:22:08,21450.0,500,Sell,227727792
2024-07-31 13:22:12,21450.0,700,Buy,227727955
2024-07-31 13:22:13,21450.0,100,Buy,227727996
2024-07-31 13:22:13,21450.0,500,Buy,227728007
2024-07-31 13:22:14,21450.0,2000,Buy,227728033
2024-07-31 13:22:14,21400.0,1000,Sell,227728034
2024-07-31 13:22:18,21450.0,100,Buy,227728128
2024-07-31 13:22:19,21450.0,700,Buy,227728174
2024-07-31 13:22:21,21400.0,100,Sell,227728224
2024-07-31 13:22:21,21400.0,100,Sell,227728223
2024-07-31 13:22:21,21400.0,300,Sell,227728225
2024-07-31 13:22:21,21400.0,300,Sell,227728221
2024-07-31 13:22:21,21400.0,200,Sell,227728222
2024-07-31 13:22:21,21450.0,500,Buy,227728209
2024-07-31 13:22:25,21450.0,600,Buy,227728347
2024-07-31 13:22:25,21450.0,900,Buy,227728348
2024-07-31 13:22:26,21450.0,200,Buy,227728378
2024-07-31 13:22:26,21400.0,1000,Sell,227728370
2024-07-31 13:22:26,21400.0,800,Sell,227728366
2024-07-31 13:22:26,21400.0,500,Sell,227728368
2024-07-31 13:22:26,21400.0,300,Sell,227728367
2024-07-31 13:22:26,21400.0,400,Sell,227728369
2024-07-31 13:22:28,21450.0,1200,Buy,227728416
2024-07-31 13:22:31,21400.0,500,Sell,227728495
2024-07-31 13:22:33,21400.0,100,Sell,227728556
2024-07-31 13:22:33,21400.0,500,Sell,227728554
2024-07-31 13:22:33,21450.0,1500,Buy,227728534
2024-07-31 13:22:33,21400.0,100,Sell,227728555
2024-07-31 13:22:35,21450.0,1700,Buy,227728598
2024-07-31 13:22:36,21450.0,1800,Buy,227728649
2024-07-31 13:22:37,21450.0,200,Buy,227728697
2024-07-31 13:22:37,21450.0,1800,Buy,227728698
2024-07-31 13:22:39,21450.0,3600,Buy,227728774
2024-07-31 13:22:39,21450.0,500,Buy,227728775
2024-07-31 13:22:39,21450.0,400,Buy,227728776
2024-07-31 13:22:39,21450.0,500,Buy,227728777
2024-07-31 13:22:40,21450.0,100,Buy,227728787
2024-07-31 13:22:41,21450.0,100,Buy,227728809
2024-07-31 13:22:41,21450.0,400,Buy,227728808
2024-07-31 13:22:46,21450.0,100,Buy,227728977
2024-07-31 13:22:46,21400.0,100,Sell,227728991
2024-07-31 13:22:48,21450.0,300,Buy,227729047
2024-07-31 13:22:48,21450.0,700,Buy,227729048
2024-07-31 13:22:48,21450.0,300,Buy,227729052
2024-07-31 13:22:48,21450.0,200,Buy,227729053
2024-07-31 13:22:49,21450.0,2000,Buy,227729075
2024-07-31 13:22:49,21450.0,100,Buy,227729076
2024-07-31 13:22:50,21450.0,100,Buy,227729088
2024-07-31 13:22:51,21450.0,100,Buy,227729122
2024-07-31 13:22:57,21450.0,200,Buy,227729274
2024-07-31 13:22:57,21450.0,1900,Buy,227729252
2024-07-31 13:22:57,21450.0,3700,Buy,227729246
2024-07-31 13:22:57,21450.0,200,Buy,227729248
2024-07-31 13:22:57,21450.0,200,Buy,227729247
2024-07-31 13:22:57,21450.0,600,Buy,227729249
2024-07-31 13:22:58,21500.0,800,Buy,227729309
2024-07-31 13:22:58,21500.0,23500,Buy,227729310
2024-07-31 13:22:58,21500.0,100,Buy,227729308
2024-07-31 13:22:58,21450.0,1300,Buy,227729304
2024-07-31 13:22:58,21450.0,100,Buy,227729306
2024-07-31 13:22:58,21450.0,500,Buy,227729305
2024-07-31 13:22:58,21500.0,23700,Buy,227729307
2024-07-31 13:22:58,21450.0,100,Buy,227729294
2024-07-31 13:23:01,21500.0,100,Buy,227729383
2024-07-31 13:23:04,21500.0,400,Buy,227729479
2024-07-31 13:23:10,21500.0,400,Buy,227729584
2024-07-31 13:23:11,21500.0,600,Buy,227729603
2024-07-31 13:23:11,21500.0,900,Buy,227729604
2024-07-31 13:23:13,21500.0,200,Buy,227729677
2024-07-31 13:23:13,21500.0,1000,Buy,227729676
2024-07-31 13:23:13,21500.0,1000,Buy,227729675
2024-07-31 13:23:13,21500.0,200,Buy,227729673
2024-07-31 13:23:13,21500.0,1000,Buy,227729665
2024-07-31 13:23:13,21500.0,100,Buy,227729664
2024-07-31 13:23:13,21500.0,200,Buy,227729674
2024-07-31 13:23:22,21550.0,100,Sell,227729873
2024-07-31 13:23:22,21500.0,1400,Sell,227729874
2024-07-31 13:23:23,21600.0,100,Buy,227729893
2024-07-31 13:23:26,21600.0,100,Buy,227729966
2024-07-31 13:23:26,21600.0,1000,Buy,227729967
2024-07-31 13:23:26,21600.0,500,Buy,227729968
2024-07-31 13:23:29,21600.0,1200,Sell,227730124
2024-07-31 13:23:31,21600.0,1000,Sell,227730167
2024-07-31 13:23:32,21750.0,2400,Buy,227730183
2024-07-31 13:23:32,21700.0,1000,Buy,227730181
2024-07-31 13:23:32,21650.0,100,Buy,227730180
2024-07-31 13:23:32,21700.0,500,Buy,227730182
2024-07-31 13:23:36,21750.0,600,Buy,227730346
2024-07-31 13:23:36,21700.0,100,Sell,227730347
2024-07-31 13:23:38,21700.0,3000,Sell,227730418
2024-07-31 13:23:41,21750.0,5000,Buy,227730544
2024-07-31 13:23:43,21750.0,100,Buy,227730607
2024-07-31 13:23:45,21750.0,200,Buy,227730666
2024-07-31 13:23:46,21750.0,100,Buy,227730692
2024-07-31 13:23:46,21700.0,1500,Sell,227730699
2024-07-31 13:23:47,21750.0,200,Buy,227730724
2024-07-31 13:23:56,21750.0,200,Buy,227730955
2024-07-31 13:23:57,21750.0,4000,Buy,227731046
2024-07-31 13:23:57,21700.0,100,Sell,227731031
2024-07-31 13:24:00,21750.0,200,Buy,227731087
2024-07-31 13:24:00,21750.0,200,Buy,227731088
2024-07-31 13:24:04,21750.0,400,Buy,227731293
2024-07-31 13:24:05,21750.0,600,Buy,227731336
2024-07-31 13:24:05,21750.0,2000,Buy,227731337
2024-07-31 13:24:07,21750.0,400,Buy,227731363
2024-07-31 13:24:08,21700.0,100,Sell,227731387
2024-07-31 13:24:10,21700.0,100,Sell,227731444
2024-07-31 13:24:10,21700.0,300,Sell,227731443
2024-07-31 13:24:10,21750.0,100,Buy,227731453
2024-07-31 13:24:10,21700.0,500,Sell,227731441
2024-07-31 13:24:10,21700.0,10900,Sell,227731440
2024-07-31 13:24:10,21700.0,100,Sell,227731442
2024-07-31 13:24:14,21750.0,500,Buy,227731557
2024-07-31 13:24:17,21750.0,2000,Buy,227731641
2024-07-31 13:24:18,21750.0,100,Buy,227731657
2024-07-31 13:24:19,21750.0,3000,Buy,227731674
2024-07-31 13:24:25,21700.0,200,Sell,227731828
2024-07-31 13:24:26,21700.0,300,Sell,227731866
2024-07-31 13:24:26,21700.0,100,Sell,227731867
2024-07-31 13:24:31,21700.0,400,Buy,227732044
2024-07-31 13:24:31,21700.0,600,Buy,227732043
2024-07-31 13:24:34,21650.0,100,Sell,227732112
2024-07-31 13:24:34,21650.0,1000,Sell,227732113
2024-07-31 13:24:34,21650.0,500,Sell,227732114
2024-07-31 13:24:36,21700.0,600,Buy,227732227
2024-07-31 13:24:36,21700.0,2400,Buy,227732228
2024-07-31 13:24:37,21700.0,100,Buy,227732252
2024-07-31 13:24:46,21700.0,100,Sell,227732615
2024-07-31 13:24:46,21700.0,100,Sell,227732614
2024-07-31 13:24:46,21750.0,100,Buy,227732612
2024-07-31 13:24:46,21750.0,100,Buy,227732608
2024-07-31 13:24:46,21700.0,100,Sell,227732613
2024-07-31 13:24:48,21650.0,1200,Sell,227732668
2024-07-31 13:24:48,21650.0,1300,Sell,227732669
2024-07-31 13:24:53,21700.0,200,Buy,227732853
2024-07-31 13:24:55,21700.0,2200,Sell,227732913
2024-07-31 13:25:03,21600.0,1000,Sell,227733156
2024-07-31 13:25:03,21600.0,300,Sell,227733159
2024-07-31 13:25:03,21600.0,100,Sell,227733157
2024-07-31 13:25:03,21600.0,200,Sell,227733155
2024-07-31 13:25:03,21600.0,2000,Sell,227733158
2024-07-31 13:25:03,21600.0,200,Sell,227733153
2024-07-31 13:25:03,21600.0,100,Sell,227733152
2024-07-31 13:25:03,21600.0,1500,Sell,227733151
2024-07-31 13:25:03,21600.0,100,Sell,227733150
2024-07-31 13:25:03,21650.0,6700,Sell,227733149
2024-07-31 13:25:03,21600.0,500,Sell,227733154
2024-07-31 13:25:07,21550.0,2000,Sell,227733253
2024-07-31 13:25:07,21550.0,100,Sell,227733254
2024-07-31 13:25:07,21550.0,200,Sell,227733251
2024-07-31 13:25:07,21550.0,100,Sell,227733252
2024-07-31 13:25:07,21550.0,1000,Sell,227733250
2024-07-31 13:25:09,21600.0,200,Buy,227733292
2024-07-31 13:25:09,21600.0,200,Buy,227733316
2024-07-31 13:25:22,21600.0,100,Buy,227733624
2024-07-31 13:25:24,21600.0,600,Buy,227733683
2024-07-31 13:25:28,21550.0,100,Sell,227733767
2024-07-31 13:25:28,21550.0,700,Sell,227733768
2024-07-31 13:25:32,21600.0,200,Buy,227733909
2024-07-31 13:25:33,21600.0,2000,Buy,227733919
2024-07-31 13:25:35,21600.0,500,Buy,227733964
2024-07-31 13:25:35,21600.0,1400,Buy,227733963
2024-07-31 13:25:35,21600.0,1800,Buy,227733962
2024-07-31 13:25:42,21600.0,200,Sell,227734152
2024-07-31 13:25:55,21650.0,100,Buy,227734473
2024-07-31 13:25:55,21550.0,3700,Sell,227734458
2024-07-31 13:25:55,21550.0,3200,Sell,227734457
2024-07-31 13:25:55,21550.0,200,Sell,227734456
2024-07-31 13:25:55,21550.0,600,Sell,227734454
2024-07-31 13:25:55,21550.0,100,Sell,227734455
2024-07-31 13:25:55,21550.0,200,Sell,227734452
2024-07-31 13:25:55,21550.0,1300,Sell,227734451
2024-07-31 13:25:55,21600.0,600,Sell,227734450
2024-07-31 13:25:55,21600.0,1000,Sell,227734449
2024-07-31 13:25:55,21600.0,2100,Sell,227734447
2024-07-31 13:25:55,21550.0,500,Sell,227734453
2024-07-31 13:25:55,21600.0,600,Sell,227734448
2024-07-31 13:26:07,21600.0,500,Sell,227734890
2024-07-31 13:26:07,21600.0,400,Sell,227734891
2024-07-31 13:26:07,21600.0,100,Sell,227734892
2024-07-31 13:26:09,21650.0,100,Buy,227734931
2024-07-31 13:26:12,21650.0,100,Buy,227735014
2024-07-31 13:26:13,21600.0,100,Sell,227735042
2024-07-31 13:26:13,21600.0,500,Sell,227735041
2024-07-31 13:26:13,21600.0,100,Sell,227735043
2024-07-31 13:26:17,21600.0,500,Buy,227735173
2024-07-31 13:26:17,21600.0,100,Buy,227735185
2024-07-31 13:26:18,21600.0,2000,Buy,227735213
2024-07-31 13:26:19,21600.0,500,Buy,227735226
2024-07-31 13:26:22,21600.0,500,Buy,227735304
2024-07-31 13:26:30,21600.0,100,Sell,227735508
2024-07-31 13:26:30,21600.0,300,Sell,227735509
2024-07-31 13:26:39,21600.0,500,Sell,227735742
2024-07-31 13:26:47,21600.0,2000,Sell,227735945
2024-07-31 13:26:47,21600.0,200,Sell,227735944
2024-07-31 13:26:47,21600.0,200,Sell,227735943
2024-07-31 13:26:47,21600.0,700,Sell,227735946
2024-07-31 13:26:47,21600.0,100,Sell,227735941
2024-07-31 13:26:47,21600.0,500,Sell,227735940
2024-07-31 13:26:47,21600.0,1100,Sell,227735939
2024-07-31 13:26:47,21600.0,100,Sell,227735942
2024-07-31 13:26:47,21600.0,600,Sell,227735938
2024-07-31 13:26:48,21650.0,100,Buy,227735961
2024-07-31 13:26:53,21650.0,900,Buy,227736034
2024-07-31 13:26:53,21650.0,100,Buy,227736033
2024-07-31 13:26:54,21650.0,100,Buy,227736065
2024-07-31 13:26:56,21600.0,300,Sell,227736083
2024-07-31 13:26:56,21600.0,1000,Sell,227736085
2024-07-31 13:26:56,21600.0,1200,Sell,227736086
2024-07-31 13:26:56,21600.0,500,Sell,227736084
2024-07-31 13:27:00,21650.0,1000,Buy,227736192
2024-07-31 13:27:00,21650.0,100,Buy,227736194
2024-07-31 13:27:00,21650.0,500,Buy,227736195
2024-07-31 13:27:00,21650.0,500,Buy,227736196
2024-07-31 13:27:04,21650.0,500,Buy,227736237
2024-07-31 13:27:16,21650.0,900,Sell,227736511
2024-07-31 13:27:16,21700.0,100,Buy,227736521
2024-07-31 13:27:16,21650.0,2000,Sell,227736509
2024-07-31 13:27:16,21650.0,1200,Sell,227736508
2024-07-31 13:27:16,21650.0,500,Sell,227736507
2024-07-31 13:27:16,21650.0,400,Sell,227736510
2024-07-31 13:27:24,21700.0,2000,Buy,227736795
2024-07-31 13:27:24,21700.0,100,Buy,227736801
2024-07-31 13:27:24,21700.0,3000,Buy,227736802
2024-07-31 13:27:30,21750.0,200,Buy,227736925
2024-07-31 13:27:31,21700.0,1000,Sell,227736950
2024-07-31 13:27:37,21750.0,1000,Buy,227737105
2024-07-31 13:27:42,21750.0,100,Buy,227737310
2024-07-31 13:27:43,21750.0,1000,Buy,227737323
2024-07-31 13:27:46,21700.0,20000,Sell,227737426
2024-07-31 13:27:46,21750.0,300,Buy,227737427
2024-07-31 13:27:47,21750.0,100,Buy,227737455
2024-07-31 13:27:48,21750.0,1000,Buy,227737461
2024-07-31 13:28:07,21750.0,500,Buy,227738146
2024-07-31 13:28:09,21750.0,100,Buy,227738180
2024-07-31 13:28:12,21750.0,100,Buy,227738273
2024-07-31 13:28:15,21750.0,400,Buy,227738423
2024-07-31 13:28:17,21750.0,100,Buy,227738483
2024-07-31 13:28:17,21750.0,2000,Buy,227738484
2024-07-31 13:28:21,21750.0,100,Buy,227738566
2024-07-31 13:28:21,21750.0,400,Buy,227738567
2024-07-31 13:28:23,21750.0,1600,Buy,227738609
2024-07-31 13:28:23,21750.0,4300,Buy,227738610
2024-07-31 13:28:23,21750.0,900,Sell,227738625
2024-07-31 13:28:24,21750.0,7000,Sell,227738633
2024-07-31 13:28:24,21750.0,5000,Sell,227738637
2024-07-31 13:28:25,21750.0,1200,Sell,227738700
2024-07-31 13:28:26,21750.0,300,Buy,227738724
2024-07-31 13:28:28,21750.0,100,Buy,227738789
2024-07-31 13:28:36,21750.0,100,Buy,227738940
2024-07-31 13:28:37,21750.0,100,Buy,227739015
2024-07-31 13:28:37,21750.0,900,Buy,227739014
2024-07-31 13:28:38,21750.0,1000,Buy,227739026
2024-07-31 13:28:41,21750.0,100,Sell,227739157
2024-07-31 13:28:41,21750.0,500,Sell,227739159
2024-07-31 13:28:41,21750.0,500,Buy,227739156
2024-07-31 13:28:52,21750.0,100,Sell,227739456
2024-07-31 13:28:58,21750.0,100,Sell,227739556
2024-07-31 13:28:59,21750.0,1900,Sell,227739583
2024-07-31 13:28:59,21750.0,2500,Sell,227739584
2024-07-31 13:28:59,21750.0,100,Sell,227739585
2024-07-31 13:29:19,21750.0,100,Buy,227740246
2024-07-31 13:29:19,21750.0,100,Buy,227740247
2024-07-31 13:29:31,21750.0,500,Buy,227740510
2024-07-31 13:29:38,21750.0,2700,Buy,227740708
2024-07-31 13:29:38,21750.0,100,Buy,227740709
2024-07-31 13:29:38,21750.0,1200,Buy,227740710
2024-07-31 13:29:38,21750.0,6200,Buy,227740712
2024-07-31 13:29:45,21750.0,1300,Buy,227740941
2024-07-31 13:29:48,21750.0,5000,Buy,227741116
2024-07-31 13:29:51,21750.0,400,Buy,227741206
2024-07-31 13:29:51,21750.0,4000,Buy,227741207
2024-07-31 13:29:51,21750.0,200,Buy,227741208
2024-07-31 13:29:51,21750.0,2700,Buy,227741209
2024-07-31 13:29:51,21750.0,6300,Buy,227741205
2024-07-31 13:30:05,21800.0,500,Buy,227741492
2024-07-31 13:30:12,21800.0,500,Buy,227741666
2024-07-31 13:30:20,21800.0,100,Buy,227741863
2024-07-31 13:30:21,21800.0,100,Buy,227741884
2024-07-31 13:30:22,21800.0,3800,Buy,227741894
2024-07-31 13:30:22,21800.0,100,Buy,227741895
2024-07-31 13:30:22,21800.0,100,Buy,227741896
2024-07-31 13:30:22,21800.0,100,Buy,227741897
2024-07-31 13:30:22,21800.0,6900,Buy,227741898
2024-07-31 13:30:24,21800.0,600,Buy,227742009
2024-07-31 13:30:26,21800.0,100,Buy,227742054
2024-07-31 13:30:32,21800.0,300,Buy,227742250
2024-07-31 13:30:34,21800.0,2700,Buy,227742268
2024-07-31 13:30:34,21800.0,2100,Buy,227742267
2024-07-31 13:30:34,21800.0,100,Buy,227742269
2024-07-31 13:30:45,21800.0,1000,Sell,227742591
2024-07-31 13:30:46,21800.0,4100,Sell,227742616
2024-07-31 13:30:46,21800.0,2000,Sell,227742617
2024-07-31 13:30:46,21800.0,100,Sell,227742618
2024-07-31 13:30:46,21800.0,100,Sell,227742619
2024-07-31 13:30:46,21800.0,2000,Sell,227742620
2024-07-31 13:30:46,21800.0,100,Sell,227742621
2024-07-31 13:30:48,21800.0,1000,Buy,227742676
2024-07-31 13:30:59,21800.0,200,Sell,227743042
2024-07-31 13:31:00,21800.0,100,Sell,227743083
2024-07-31 13:31:00,21800.0,1000,Sell,227743084
2024-07-31 13:31:00,21800.0,200,Sell,227743085
2024-07-31 13:31:00,21800.0,100,Sell,227743086
2024-07-31 13:31:10,21800.0,100,Sell,227743348
2024-07-31 13:31:18,21850.0,900,Buy,227743562
2024-07-31 13:31:18,21850.0,100,Buy,227743563
2024-07-31 13:31:24,21800.0,13400,Sell,227743779
2024-07-31 13:31:24,21800.0,100,Sell,227743780
2024-07-31 13:31:24,21800.0,1000,Sell,227743781
2024-07-31 13:31:24,21800.0,5500,Sell,227743782
2024-07-31 13:31:25,21800.0,13500,Sell,227743807
2024-07-31 13:31:45,21900.0,20000,Buy,227744347
2024-07-31 13:31:45,21900.0,10000,Buy,227744348
2024-07-31 13:31:45,21900.0,3600,Buy,227744349
2024-07-31 13:31:45,21900.0,3000,Buy,227744350
2024-07-31 13:31:45,21900.0,2000,Buy,227744351
2024-07-31 13:31:45,21900.0,3700,Buy,227744352
2024-07-31 13:31:45,21900.0,100,Buy,227744353
2024-07-31 13:31:57,22000.0,1100,Buy,227744625
2024-07-31 13:31:57,22000.0,100,Buy,227744624
2024-07-31 13:31:57,22000.0,3000,Buy,227744623
2024-07-31 13:31:57,22000.0,200,Buy,227744619
2024-07-31 13:31:57,22000.0,200,Buy,227744620
2024-07-31 13:31:57,22000.0,100,Buy,227744622
2024-07-31 13:31:57,22000.0,300,Buy,227744621
2024-07-31 13:32:01,22000.0,100,Buy,227744775
2024-07-31 13:32:01,22000.0,100,Buy,227744801
2024-07-31 13:32:04,22000.0,100,Buy,227744908
2024-07-31 13:32:07,22000.0,100,Buy,227744944
2024-07-31 13:32:07,22000.0,100,Buy,227744964
2024-07-31 13:32:07,22000.0,100,Buy,227744992
2024-07-31 13:32:09,22000.0,100,Buy,227745079
2024-07-31 13:32:16,22000.0,100,Buy,227745231
2024-07-31 13:32:24,22000.0,100,Buy,227745469
2024-07-31 13:32:27,22000.0,100,Buy,227745546
2024-07-31 13:32:27,22000.0,100,Buy,227745549
2024-07-31 13:32:31,22050.0,300,Buy,227745715
2024-07-31 13:32:31,22050.0,100,Buy,227745716
2024-07-31 13:32:31,22000.0,2000,Buy,227745713
2024-07-31 13:32:31,22000.0,3000,Buy,227745714
2024-07-31 13:32:31,22000.0,2800,Buy,227745712
2024-07-31 13:33:07,22100.0,500,Buy,227746664
2024-07-31 13:33:07,22050.0,200,Sell,227746692
2024-07-31 13:33:09,22050.0,2600,Sell,227746750
2024-07-31 13:33:09,22050.0,1000,Sell,227746751
2024-07-31 13:33:09,22050.0,1000,Sell,227746752
2024-07-31 13:33:09,22050.0,100,Sell,227746753
2024-07-31 13:33:09,22050.0,3000,Sell,227746755
2024-07-31 13:33:09,22050.0,100,Sell,227746756
2024-07-31 13:33:09,22050.0,100,Sell,227746754
2024-07-31 13:33:14,22050.0,3900,Buy,227746913
2024-07-31 13:33:14,22050.0,600,Buy,227746914
2024-07-31 13:33:24,22050.0,100,Buy,227747104
2024-07-31 13:33:27,22050.0,800,Buy,227747179
2024-07-31 13:33:27,22050.0,200,Buy,227747178
2024-07-31 13:33:29,22050.0,500,Buy,227747290
2024-07-31 13:33:30,22050.0,5000,Buy,227747334
2024-07-31 13:33:32,22050.0,100,Buy,227747371
2024-07-31 13:33:38,22050.0,500,Buy,227747491
2024-07-31 13:33:42,22050.0,1900,Buy,227747585
2024-07-31 13:33:42,22050.0,3600,Buy,227747586
2024-07-31 13:33:42,22100.0,1000,Buy,227747587
2024-07-31 13:33:42,22100.0,100,Buy,227747588
2024-07-31 13:33:42,22100.0,800,Buy,227747589
2024-07-31 13:33:42,22100.0,300,Buy,227747590
2024-07-31 13:33:42,22100.0,900,Buy,227747591
2024-07-31 13:33:42,22100.0,3000,Buy,227747592
2024-07-31 13:33:42,22100.0,1700,Buy,227747593
2024-07-31 13:33:43,22100.0,500,Sell,227747619
2024-07-31 13:33:43,22100.0,3500,Sell,227747638
2024-07-31 13:33:44,22100.0,2700,Sell,227747654
2024-07-31 13:33:48,22050.0,100,Sell,227747843
2024-07-31 13:33:48,22100.0,800,Buy,227747828
2024-07-31 13:33:54,22050.0,1000,Buy,227747974
2024-07-31 13:33:57,22050.0,300,Buy,227748027
2024-07-31 13:33:57,22050.0,200,Buy,227748044
2024-07-31 13:34:04,22050.0,500,Buy,227748249
2024-07-31 13:34:21,22050.0,1900,Buy,227748561
2024-07-31 13:34:21,22050.0,3100,Buy,227748562
2024-07-31 13:34:25,22050.0,100,Buy,227748663
2024-07-31 13:34:25,22050.0,100,Buy,227748664
2024-07-31 13:34:25,22050.0,200,Buy,227748665
2024-07-31 13:34:25,22050.0,400,Buy,227748666
2024-07-31 13:34:27,22000.0,500,Sell,227748718
2024-07-31 13:34:28,22000.0,300,Sell,227748741
2024-07-31 13:34:28,22000.0,10000,Sell,227748740
2024-07-31 13:34:28,22000.0,200,Sell,227748737
2024-07-31 13:34:28,22000.0,1000,Sell,227748736
2024-07-31 13:34:28,22000.0,500,Sell,227748739
2024-07-31 13:34:28,22000.0,3100,Sell,227748734
2024-07-31 13:34:28,22000.0,3000,Sell,227748735
2024-07-31 13:34:28,22000.0,4500,Sell,227748731
2024-07-31 13:34:28,22000.0,100,Sell,227748738
2024-07-31 13:34:28,22000.0,1000,Sell,227748733
2024-07-31 13:34:28,22000.0,100,Sell,227748732
2024-07-31 13:34:29,22050.0,5500,Buy,227748751
2024-07-31 13:34:31,22050.0,1000,Buy,227748793
2024-07-31 13:34:32,22050.0,400,Buy,227748802
2024-07-31 13:34:38,22050.0,1000,Buy,227748965
2024-07-31 13:34:48,22050.0,200,Buy,227749242
2024-07-31 13:34:49,22050.0,1900,Buy,227749258
2024-07-31 13:34:49,22050.0,500,Buy,227749259
2024-07-31 13:34:49,22050.0,500,Buy,227749260
2024-07-31 13:34:54,22050.0,200,Sell,227749386
2024-07-31 13:35:20,22050.0,1400,Sell,227750220
2024-07-31 13:35:20,22050.0,100,Sell,227750221
2024-07-31 13:35:22,22050.0,200,Sell,227750298
2024-07-31 13:35:48,22050.0,100,Buy,227750849
2024-07-31 13:35:48,22050.0,300,Buy,227750850
2024-07-31 13:35:49,22050.0,200,Buy,227750865
2024-07-31 13:35:58,22050.0,300,Buy,227751040
2024-07-31 13:36:05,22050.0,1000,Buy,227751175
2024-07-31 13:36:08,22000.0,1500,Sell,227751221
2024-07-31 13:36:24,22000.0,12000,Sell,227751625
2024-07-31 13:36:24,22000.0,2100,Sell,227751626
2024-07-31 13:36:25,22000.0,14100,Sell,227751636
2024-07-31 13:36:25,22000.0,100,Sell,227751637
2024-07-31 13:36:25,22000.0,1000,Sell,227751638
2024-07-31 13:36:25,22000.0,100,Sell,227751639
2024-07-31 13:36:25,22000.0,100,Sell,227751640
2024-07-31 13:36:25,22000.0,300,Sell,227751641
2024-07-31 13:36:25,22000.0,500,Sell,227751642
2024-07-31 13:36:25,22000.0,100,Sell,227751643
2024-07-31 13:36:25,22000.0,500,Sell,227751644
2024-07-31 13:36:28,22000.0,5000,Buy,227751712
2024-07-31 13:36:33,22000.0,14000,Sell,227751802
2024-07-31 13:36:34,21950.0,100,Sell,227751821
2024-07-31 13:36:34,22000.0,400,Buy,227751824
2024-07-31 13:36:34,21950.0,8000,Sell,227751820
2024-07-31 13:36:34,21950.0,100,Sell,227751822
2024-07-31 13:36:50,22000.0,1000,Buy,227752134
2024-07-31 13:36:52,21950.0,100,Sell,227752176
2024-07-31 13:37:00,21950.0,400,Buy,227752417
2024-07-31 13:37:01,21900.0,100,Sell,227752428
2024-07-31 13:37:01,21900.0,500,Sell,227752429
2024-07-31 13:37:01,21900.0,200,Sell,227752431
2024-07-31 13:37:01,21900.0,100,Sell,227752432
2024-07-31 13:37:01,21900.0,100,Sell,227752430
2024-07-31 13:37:02,21950.0,4400,Buy,227752473
2024-07-31 13:37:11,21950.0,100,Buy,227752713
2024-07-31 13:37:47,21950.0,100,Buy,227753393
2024-07-31 13:37:57,21950.0,100,Buy,227753584
2024-07-31 13:38:04,21950.0,200,Buy,227753681
2024-07-31 13:38:13,21900.0,1000,Sell,227753825
2024-07-31 13:38:15,21950.0,100,Buy,227753840
2024-07-31 13:38:19,21900.0,200,Sell,227753924
2024-07-31 13:38:19,21900.0,200,Sell,227753925
2024-07-31 13:38:19,21900.0,200,Sell,227753926
2024-07-31 13:38:19,21900.0,1400,Sell,227753927
2024-07-31 13:38:22,21950.0,6400,Buy,227753992
2024-07-31 13:38:22,21950.0,100,Buy,227753993
2024-07-31 13:38:22,21950.0,500,Buy,227753994
2024-07-31 13:38:22,21950.0,2300,Buy,227753995
2024-07-31 13:38:22,21950.0,2000,Buy,227753996
2024-07-31 13:38:22,21950.0,500,Buy,227753997
2024-07-31 13:38:22,21950.0,1000,Buy,227753998
2024-07-31 13:38:22,21950.0,7200,Buy,227753999
2024-07-31 13:38:23,21900.0,100,Sell,227754018
2024-07-31 13:38:30,21900.0,900,Sell,227754162
2024-07-31 13:38:52,21950.0,100,Buy,227754574
2024-07-31 13:39:00,21900.0,8300,Sell,227754707
2024-07-31 13:39:00,21900.0,100,Sell,227754706
2024-07-31 13:39:00,21900.0,1000,Sell,227754703
2024-07-31 13:39:00,21900.0,500,Sell,227754704
2024-07-31 13:39:00,21900.0,100,Sell,227754705
2024-07-31 13:39:01,21900.0,1700,Sell,227754730
2024-07-31 13:39:01,21900.0,2100,Sell,227754731
2024-07-31 13:39:01,21900.0,500,Sell,227754732
2024-07-31 13:39:01,21900.0,100,Sell,227754733
2024-07-31 13:39:01,21900.0,100,Sell,227754734
2024-07-31 13:39:01,21900.0,100,Sell,227754735
2024-07-31 13:39:01,21900.0,300,Sell,227754736
2024-07-31 13:39:09,21800.0,1000,Sell,227754880
2024-07-31 13:39:09,21800.0,3000,Sell,227754881
2024-07-31 13:39:09,21800.0,100,Sell,227754882
2024-07-31 13:39:09,21750.0,2000,Sell,227754886
2024-07-31 13:39:09,21800.0,100,Sell,227754884
2024-07-31 13:39:09,21750.0,100,Sell,227754885
2024-07-31 13:39:09,21800.0,1000,Sell,227754879
2024-07-31 13:39:09,21750.0,200,Sell,227754887
2024-07-31 13:39:09,21800.0,500,Sell,227754883
2024-07-31 13:39:09,21800.0,300,Sell,227754878
2024-07-31 13:39:09,21800.0,100,Sell,227754874
2024-07-31 13:39:09,21800.0,300,Sell,227754876
2024-07-31 13:39:09,21800.0,200,Sell,227754875
2024-07-31 13:39:09,21800.0,5000,Sell,227754873
2024-07-31 13:39:09,21800.0,400,Sell,227754872
2024-07-31 13:39:09,21800.0,100,Sell,227754871
2024-07-31 13:39:09,21800.0,1000,Sell,227754870
2024-07-31 13:39:09,21850.0,100,Sell,227754869
2024-07-31 13:39:09,21850.0,4000,Sell,227754868
2024-07-31 13:39:09,21850.0,100,Sell,227754867
2024-07-31 13:39:09,21850.0,200,Sell,227754866
2024-07-31 13:39:09,21800.0,100,Sell,227754877
2024-07-31 13:39:11,21900.0,100,Buy,227754930
2024-07-31 13:39:12,21750.0,100,Sell,227754949
2024-07-31 13:39:12,21750.0,500,Sell,227754950
2024-07-31 13:39:12,21750.0,100,Sell,227754947
2024-07-31 13:39:12,21750.0,800,Sell,227754946
2024-07-31 13:39:12,21750.0,500,Sell,227754948
2024-07-31 13:39:38,21750.0,100,Sell,227755474
2024-07-31 13:39:38,21750.0,200,Sell,227755475
2024-07-31 13:39:40,21750.0,4800,Sell,227755487
2024-07-31 13:39:40,21750.0,100,Sell,227755488
2024-07-31 13:39:40,21750.0,100,Sell,227755489
2024-07-31 13:39:45,21750.0,300,Sell,227755767
2024-07-31 13:39:52,21750.0,100,Buy,227755904
2024-07-31 13:39:52,21750.0,200,Buy,227755902
2024-07-31 13:39:57,21750.0,100,Buy,227756018
2024-07-31 13:40:00,21700.0,2000,Sell,227756095
2024-07-31 13:40:01,21700.0,1300,Sell,227756112
2024-07-31 13:40:07,21750.0,100,Buy,227756281
2024-07-31 13:40:09,21700.0,300,Sell,227756327
2024-07-31 13:40:12,21700.0,1000,Sell,227756409
2024-07-31 13:40:16,21700.0,100,Sell,227756491
2024-07-31 13:40:19,21750.0,2000,Buy,227756559
2024-07-31 13:40:19,21750.0,1000,Buy,227756558
2024-07-31 13:40:19,21750.0,3200,Buy,227756556
2024-07-31 13:40:19,21750.0,2200,Buy,227756555
2024-07-31 13:40:19,21750.0,4000,Buy,227756557
2024-07-31 13:40:20,21750.0,12600,Sell,227756569
2024-07-31 13:40:25,21750.0,1400,Sell,227756641
2024-07-31 13:40:31,21800.0,200,Buy,227756721
2024-07-31 13:40:36,21800.0,800,Buy,227756792
2024-07-31 13:40:36,21800.0,3200,Buy,227756793
2024-07-31 13:40:37,21800.0,4600,Sell,227756826
2024-07-31 13:40:37,21800.0,3200,Sell,227756827
2024-07-31 13:40:38,21900.0,100,Buy,227756852
2024-07-31 13:40:38,21900.0,1100,Buy,227756853
2024-07-31 13:41:26,21800.0,8200,Sell,227757659
2024-07-31 13:41:26,21800.0,500,Sell,227757660
2024-07-31 13:41:26,21800.0,200,Sell,227757661
2024-07-31 13:41:26,21800.0,100,Sell,227757662
2024-07-31 13:41:27,21750.0,100,Sell,227757679
2024-07-31 13:41:27,21750.0,2000,Sell,227757678
2024-07-31 13:41:27,21750.0,100,Sell,227757677
2024-07-31 13:41:27,21750.0,1000,Sell,227757676
2024-07-31 13:41:27,21750.0,3600,Sell,227757675
2024-07-31 13:41:37,21800.0,200,Buy,227757833
2024-07-31 13:42:07,21800.0,600,Buy,227758350
2024-07-31 13:42:29,21800.0,300,Sell,227758853
2024-07-31 13:42:55,21800.0,300,Sell,227759340
2024-07-31 13:42:58,21800.0,300,Sell,227759372
2024-07-31 13:42:59,21800.0,500,Sell,227759380
2024-07-31 13:42:59,21800.0,1500,Sell,227759385
2024-07-31 13:42:59,21800.0,200,Sell,227759388
2024-07-31 13:43:10,21850.0,100,Buy,227759564
2024-07-31 13:43:13,21800.0,2100,Sell,227759610
2024-07-31 13:43:13,21800.0,500,Sell,227759611
2024-07-31 13:43:16,21800.0,500,Sell,227759704
2024-07-31 13:43:16,21800.0,100,Sell,227759705
2024-07-31 13:43:24,21800.0,400,Buy,227759836
2024-07-31 13:43:24,21800.0,2000,Buy,227759837
2024-07-31 13:43:25,21750.0,100,Sell,227759872
2024-07-31 13:43:25,21750.0,2000,Sell,227759871
2024-07-31 13:43:25,21750.0,100,Sell,227759868
2024-07-31 13:43:25,21750.0,2000,Sell,227759870
2024-07-31 13:43:25,21750.0,2500,Sell,227759869
2024-07-31 13:43:25,21750.0,1000,Sell,227759867
2024-07-31 13:43:25,21750.0,200,Sell,227759862
2024-07-31 13:43:25,21750.0,3000,Sell,227759865
2024-07-31 13:43:25,21750.0,500,Sell,227759864
2024-07-31 13:43:25,21750.0,100,Sell,227759863
2024-07-31 13:43:25,21750.0,200,Sell,227759860
2024-07-31 13:43:25,21750.0,5000,Sell,227759866
2024-07-31 13:43:25,21750.0,1000,Sell,227759861
2024-07-31 13:43:26,21750.0,200,Buy,227759878
2024-07-31 13:43:30,21800.0,100,Buy,227759963
2024-07-31 13:43:37,21750.0,200,Buy,227760091
2024-07-31 13:43:39,21750.0,100,Buy,227760112
2024-07-31 13:43:39,21750.0,3000,Buy,227760120
2024-07-31 13:43:56,21750.0,200,Buy,227760535
2024-07-31 13:44:12,21750.0,1000,Buy,227760892
2024-07-31 13:44:13,21700.0,300,Sell,227760902
2024-07-31 13:44:18,21750.0,2200,Buy,227761037
2024-07-31 13:44:22,21700.0,100,Sell,227761110
2024-07-31 13:44:22,21700.0,200,Sell,227761109
2024-07-31 13:44:30,21750.0,100,Buy,227761294
2024-07-31 13:44:34,21700.0,100,Sell,227761342
2024-07-31 13:44:45,21700.0,1800,Sell,227761518
2024-07-31 13:44:45,21700.0,200,Sell,227761519
2024-07-31 13:44:45,21750.0,1000,Buy,227761524
2024-07-31 13:44:50,21750.0,200,Buy,227761594
2024-07-31 13:44:51,21750.0,100,Buy,227761629
2024-07-31 13:44:56,21750.0,100,Buy,227761755
2024-07-31 13:44:56,21750.0,500,Buy,227761756
2024-07-31 13:44:56,21750.0,400,Buy,227761757
2024-07-31 13:44:56,21750.0,100,Buy,227761764
2024-07-31 13:45:05,21750.0,2700,Buy,227762044
2024-07-31 13:45:08,21750.0,100,Buy,227762091
2024-07-31 13:45:11,21750.0,400,Buy,227762130
2024-07-31 13:45:13,21700.0,5000,Sell,227762196
2024-07-31 13:45:13,21700.0,500,Sell,227762195
2024-07-31 13:45:13,21700.0,1000,Sell,227762194
2024-07-31 13:45:13,21700.0,500,Sell,227762193
2024-07-31 13:45:13,21700.0,200,Sell,227762192
2024-07-31 13:45:13,21700.0,400,Sell,227762191
2024-07-31 13:45:13,21700.0,600,Sell,227762190
2024-07-31 13:45:13,21700.0,1000,Sell,227762189
2024-07-31 13:45:13,21700.0,1000,Sell,227762181
2024-07-31 13:45:13,21700.0,200,Sell,227762188
2024-07-31 13:45:13,21700.0,100,Sell,227762185
2024-07-31 13:45:13,21700.0,100,Sell,227762184
2024-07-31 13:45:13,21700.0,2600,Sell,227762183
2024-07-31 13:45:13,21700.0,100,Sell,227762182
2024-07-31 13:45:13,21700.0,100,Buy,227762198
2024-07-31 13:45:13,21700.0,200,Sell,227762180
2024-07-31 13:45:13,21700.0,100,Sell,227762171
2024-07-31 13:45:13,21700.0,700,Sell,227762178
2024-07-31 13:45:13,21700.0,300,Sell,227762162
2024-07-31 13:45:13,21700.0,1500,Sell,227762163
2024-07-31 13:45:13,21700.0,100,Sell,227762164
2024-07-31 13:45:13,21700.0,2000,Sell,227762165
2024-07-31 13:45:13,21700.0,200,Sell,227762166
2024-07-31 13:45:13,21700.0,500,Sell,227762167
2024-07-31 13:45:13,21700.0,500,Sell,227762168
2024-07-31 13:45:13,21700.0,14000,Sell,227762179
2024-07-31 13:45:13,21700.0,100,Sell,227762170
2024-07-31 13:45:13,21700.0,1000,Sell,227762177
2024-07-31 13:45:13,21700.0,1000,Sell,227762176
2024-07-31 13:45:13,21700.0,1000,Sell,227762175
2024-07-31 13:45:13,21700.0,700,Sell,227762169
2024-07-31 13:45:13,21700.0,1400,Sell,227762173
2024-07-31 13:45:13,21700.0,500,Sell,227762172
2024-07-31 13:45:13,21700.0,1600,Sell,227762174
2024-07-31 13:45:14,21650.0,8600,Sell,227762220
2024-07-31 13:45:14,21650.0,2000,Sell,227762219
2024-07-31 13:45:14,21650.0,500,Sell,227762218
2024-07-31 13:45:14,21650.0,1300,Sell,227762216
2024-07-31 13:45:14,21650.0,300,Sell,227762215
2024-07-31 13:45:14,21650.0,200,Sell,227762214
2024-07-31 13:45:14,21650.0,300,Sell,227762217
2024-07-31 13:45:16,21700.0,200,Buy,227762254
2024-07-31 13:45:19,21700.0,300,Buy,227762308
2024-07-31 13:45:21,21700.0,1000,Buy,227762374
2024-07-31 13:45:22,21700.0,100,Buy,227762392
2024-07-31 13:45:27,21700.0,400,Buy,227762482
2024-07-31 13:45:27,21650.0,300,Sell,227762489
2024-07-31 13:45:31,21700.0,100,Buy,227762555
