time,price,volume,match_type,id
2024-07-24 12:59:40,21100.0,1000,Buy,226098867
2024-07-24 12:59:40,21100.0,7000,Buy,226098964
2024-07-24 12:59:40,21100.0,36800,Buy,226098963
2024-07-24 12:59:40,21100.0,400,Buy,226098962
2024-07-24 12:59:40,21100.0,1900,Buy,226098961
2024-07-24 12:59:40,21100.0,1500,Buy,226098960
2024-07-24 12:59:40,21100.0,100,Buy,226098952
2024-07-24 12:59:40,21100.0,500,Buy,226098957
2024-07-24 12:59:40,21100.0,1000,Buy,226098953
2024-07-24 12:59:40,21100.0,900,Buy,226098954
2024-07-24 12:59:40,21100.0,2400,Buy,226098959
2024-07-24 12:59:40,21100.0,100,Buy,226098956
2024-07-24 12:59:40,21100.0,1000,Buy,226098955
2024-07-24 12:59:41,21100.0,100,Buy,226099057
2024-07-24 12:59:42,21100.0,10000,Buy,226099474
2024-07-24 12:59:42,21100.0,1000,Buy,226099473
2024-07-24 12:59:42,21100.0,500,Buy,226099472
2024-07-24 12:59:42,21100.0,500,Buy,226099471
2024-07-24 12:59:42,21100.0,2000,Buy,226099470
2024-07-24 12:59:42,21100.0,1000,Buy,226099469
2024-07-24 12:59:42,21100.0,10000,Buy,226099468
2024-07-24 12:59:42,21100.0,100,Buy,226099467
2024-07-24 12:59:42,21100.0,100,Buy,226099466
2024-07-24 12:59:42,21100.0,51800,Buy,226099465
2024-07-24 12:59:42,21100.0,100,Buy,226099283
2024-07-24 12:59:42,21100.0,200,Buy,226099463
2024-07-24 12:59:42,21100.0,50000,Buy,226099462
2024-07-24 12:59:42,21100.0,200,Buy,226099461
2024-07-24 12:59:42,21100.0,500,Buy,226099460
2024-07-24 12:59:42,21100.0,41500,Buy,226099459
2024-07-24 12:59:42,21100.0,100,Buy,226099287
2024-07-24 12:59:42,21100.0,100,Buy,226099286
2024-07-24 12:59:42,21100.0,1000,Buy,226099285
2024-07-24 12:59:42,21100.0,100,Buy,226099284
2024-07-24 12:59:42,21100.0,5800,Buy,226099464
2024-07-24 12:59:44,21100.0,200,Buy,226100020
2024-07-24 12:59:44,21100.0,1000,Buy,226100021
2024-07-24 12:59:44,21100.0,500,Buy,226100022
2024-07-24 12:59:44,21100.0,100,Buy,226100023
2024-07-24 12:59:44,21100.0,300,Buy,226100024
2024-07-24 12:59:44,21100.0,5100,Buy,226100028
2024-07-24 12:59:44,21100.0,100,Buy,226100026
2024-07-24 12:59:44,21100.0,5000,Buy,226100027
2024-07-24 12:59:44,21100.0,21000,Buy,226100019
2024-07-24 12:59:44,21100.0,5000,Buy,226100029
2024-07-24 12:59:44,21100.0,200,Buy,226100030
2024-07-24 12:59:44,21100.0,5000,Buy,226100025
2024-07-24 12:59:44,21100.0,300,Buy,226100018
2024-07-24 12:59:44,21100.0,2000,Buy,226099831
2024-07-24 12:59:44,21100.0,3300,Buy,226100016
2024-07-24 12:59:44,21100.0,100,Buy,226100015
2024-07-24 12:59:44,21100.0,200,Buy,226099830
2024-07-24 12:59:44,21100.0,500,Buy,226099829
2024-07-24 12:59:44,21100.0,100,Buy,226099828
2024-07-24 12:59:44,21100.0,100,Buy,226099827
2024-07-24 12:59:44,21100.0,100,Buy,226099826
2024-07-24 12:59:44,21100.0,100,Buy,226099825
2024-07-24 12:59:44,21100.0,100,Buy,226099824
2024-07-24 12:59:44,21100.0,1000,Buy,226099823
2024-07-24 12:59:44,21100.0,500,Buy,226099822
2024-07-24 12:59:44,21100.0,100,Buy,226099821
2024-07-24 12:59:44,21100.0,200,Buy,226100017
2024-07-24 12:59:47,21100.0,6000,Buy,226100646
2024-07-24 12:59:48,21100.0,200,Buy,226100751
2024-07-24 12:59:48,21100.0,48200,Buy,226100787
2024-07-24 12:59:48,21100.0,10000,Buy,226100731
2024-07-24 12:59:48,21100.0,100,Buy,226100750
2024-07-24 12:59:49,21100.0,500,Buy,226100967
2024-07-24 12:59:50,21100.0,200,Buy,226101094
2024-07-24 12:59:51,21100.0,10000,Buy,226101109
2024-07-24 12:59:51,21100.0,1000,Buy,226101146
2024-07-24 12:59:52,21100.0,3000,Buy,226101214
2024-07-24 12:59:52,21100.0,200,Buy,226101213
2024-07-24 12:59:53,21100.0,200,Buy,226101281
2024-07-24 12:59:53,21100.0,100,Buy,226101303
2024-07-24 12:59:54,21100.0,10000,Buy,226101379
2024-07-24 12:59:56,21100.0,9000,Buy,226101518
2024-07-24 12:59:56,21100.0,10000,Buy,226101440
2024-07-24 12:59:57,21100.0,200,Buy,226101572
2024-07-24 12:59:58,21100.0,200,Buy,226101624
2024-07-24 12:59:59,21100.0,100,Buy,226101722
2024-07-24 12:59:59,21100.0,500,Buy,226101725
2024-07-24 12:59:59,21100.0,1000,Buy,226101724
2024-07-24 12:59:59,21100.0,500,Buy,226101723
2024-07-24 12:59:59,21100.0,5000,Buy,226101717
2024-07-24 12:59:59,21100.0,700,Buy,226101726
2024-07-24 12:59:59,21100.0,900,Buy,226101715
2024-07-24 12:59:59,21100.0,200,Buy,226101709
2024-07-24 12:59:59,21100.0,300,Buy,226101708
2024-07-24 12:59:59,21100.0,800,Buy,226101699
2024-07-24 12:59:59,21100.0,500,Buy,226101698
2024-07-24 12:59:59,21100.0,1000,Buy,226101697
2024-07-24 12:59:59,21100.0,400,Buy,226101716
2024-07-24 13:00:00,21100.0,20000,Buy,226101799
2024-07-24 13:00:00,21100.0,1000,Buy,226101798
2024-07-24 13:00:00,21100.0,100,Buy,226101797
2024-07-24 13:00:00,21100.0,500,Buy,226101796
2024-07-24 13:00:00,21100.0,3000,Buy,226101793
2024-07-24 13:00:00,21100.0,400,Buy,226101794
2024-07-24 13:00:00,21100.0,1000,Buy,226101800
2024-07-24 13:00:00,21100.0,1000,Buy,226101772
2024-07-24 13:00:00,21100.0,1000,Buy,226101771
2024-07-24 13:00:00,21100.0,100,Buy,226101770
2024-07-24 13:00:00,21100.0,1000,Buy,226101795
2024-07-24 13:00:00,21100.0,500,Buy,226101801
2024-07-24 13:00:00,21100.0,1800,Buy,226101804
2024-07-24 13:00:00,21100.0,100,Buy,226101803
2024-07-24 13:00:00,21100.0,200,Buy,226101805
2024-07-24 13:00:00,21100.0,200,Buy,226101813
2024-07-24 13:00:00,21100.0,2500,Buy,226101814
2024-07-24 13:00:00,21100.0,5000,Buy,226101815
2024-07-24 13:00:00,21100.0,500,Buy,226101816
2024-07-24 13:00:00,21100.0,100,Buy,226101817
2024-07-24 13:00:00,21100.0,10000,Buy,226101818
2024-07-24 13:00:00,21100.0,300,Buy,226101819
2024-07-24 13:00:00,21100.0,1000,Buy,226101820
2024-07-24 13:00:00,21100.0,5000,Buy,226101834
2024-07-24 13:00:00,21100.0,7000,Buy,226101802
2024-07-24 13:00:00,21100.0,100,Buy,226101769
2024-07-24 13:00:00,21100.0,100,Buy,226101767
2024-07-24 13:00:00,21100.0,100,Buy,226101766
2024-07-24 13:00:00,21100.0,1000,Buy,226101730
2024-07-24 13:00:00,21100.0,1000,Buy,226101731
2024-07-24 13:00:00,21100.0,500,Buy,226101732
2024-07-24 13:00:00,21100.0,200,Buy,226101733
2024-07-24 13:00:00,21100.0,5000,Buy,226101735
2024-07-24 13:00:00,21100.0,900,Buy,226101736
2024-07-24 13:00:00,21100.0,900,Buy,226101737
2024-07-24 13:00:00,21100.0,500,Buy,226101738
2024-07-24 13:00:00,21100.0,4600,Buy,226101739
2024-07-24 13:00:00,21100.0,6200,Buy,226101740
2024-07-24 13:00:00,21100.0,500,Buy,226101741
2024-07-24 13:00:00,21100.0,200,Buy,226101742
2024-07-24 13:00:00,21100.0,2000,Buy,226101729
2024-07-24 13:00:00,21100.0,200,Buy,226101746
2024-07-24 13:00:00,21100.0,100,Buy,226101745
2024-07-24 13:00:00,21100.0,2000,Buy,226101765
2024-07-24 13:00:00,21100.0,4900,Buy,226101764
2024-07-24 13:00:00,21100.0,100,Buy,226101763
2024-07-24 13:00:00,21100.0,2600,Buy,226101762
2024-07-24 13:00:00,21100.0,100,Buy,226101768
2024-07-24 13:00:00,21100.0,500,Buy,226101751
2024-07-24 13:00:00,21100.0,1000,Buy,226101750
2024-07-24 13:00:00,21100.0,100,Buy,226101749
2024-07-24 13:00:00,21100.0,3000,Buy,226101748
2024-07-24 13:00:00,21100.0,600,Buy,226101761
2024-07-24 13:00:00,21100.0,500,Buy,226101747
2024-07-24 13:00:01,21100.0,500,Buy,226101856
2024-07-24 13:00:02,21100.0,100,Buy,226101886
2024-07-24 13:00:02,21100.0,1000,Buy,226101887
2024-07-24 13:00:02,21100.0,400,Buy,226101889
2024-07-24 13:00:02,21100.0,500,Buy,226101890
2024-07-24 13:00:03,21100.0,1000,Buy,226101985
2024-07-24 13:00:03,21100.0,500,Buy,226101984
2024-07-24 13:00:04,21100.0,2000,Buy,226102027
2024-07-24 13:00:05,21100.0,100,Buy,226102072
2024-07-24 13:00:08,21100.0,200,Buy,226102197
2024-07-24 13:00:09,21100.0,300,Buy,226102211
2024-07-24 13:00:10,21100.0,100,Buy,226102228
2024-07-24 13:00:10,21100.0,300,Buy,226102269
2024-07-24 13:00:10,21100.0,200,Buy,226102270
2024-07-24 13:00:10,21100.0,200,Buy,226102221
2024-07-24 13:00:11,21100.0,100,Buy,226102277
2024-07-24 13:00:11,21100.0,100,Buy,226102280
2024-07-24 13:00:12,21100.0,500,Buy,226102287
2024-07-24 13:00:12,21100.0,500,Buy,226102316
2024-07-24 13:00:13,21100.0,100,Buy,226102333
2024-07-24 13:00:14,21100.0,1000,Buy,226102335
2024-07-24 13:00:14,21100.0,10000,Buy,226102348
2024-07-24 13:00:14,21100.0,1300,Buy,226102358
2024-07-24 13:00:16,21100.0,500,Buy,226102419
2024-07-24 13:00:17,21100.0,2000,Buy,226102428
2024-07-24 13:00:18,21100.0,100,Buy,226102477
2024-07-24 13:00:18,21100.0,500,Buy,226102475
2024-07-24 13:00:19,21100.0,900,Buy,226102486
2024-07-24 13:00:19,21100.0,4400,Buy,226102487
2024-07-24 13:00:21,21100.0,100,Buy,226102514
2024-07-24 13:00:21,21100.0,400,Buy,226102526
2024-07-24 13:00:25,21100.0,2000,Buy,226102568
2024-07-24 13:00:25,21100.0,100,Buy,226102576
2024-07-24 13:00:26,21100.0,500,Buy,226102587
2024-07-24 13:00:31,21100.0,1000,Buy,226102654
2024-07-24 13:00:31,21100.0,100,Buy,226102668
2024-07-24 13:00:32,21100.0,100,Buy,226102693
2024-07-24 13:00:40,21100.0,100,Buy,226102909
2024-07-24 13:00:40,21100.0,200,Buy,226102926
2024-07-24 13:00:42,21100.0,2000,Buy,226102950
2024-07-24 13:00:45,21100.0,100,Buy,226103042
2024-07-24 13:00:47,21100.0,200,Buy,226103062
2024-07-24 13:00:49,21100.0,4800,Buy,226103133
2024-07-24 13:00:52,21100.0,500,Buy,226103172
2024-07-24 13:00:52,21100.0,900,Buy,226103176
2024-07-24 13:00:52,21100.0,200,Buy,226103186
2024-07-24 13:00:56,21100.0,100,Buy,226103246
2024-07-24 13:00:57,21100.0,20000,Buy,226103265
2024-07-24 13:01:01,21100.0,100,Buy,226103349
2024-07-24 13:01:02,21100.0,500,Buy,226103354
2024-07-24 13:01:02,21100.0,2400,Buy,226103355
2024-07-24 13:01:04,21100.0,1000,Buy,226103376
2024-07-24 13:01:05,21100.0,200,Buy,226103417
2024-07-24 13:01:07,21100.0,100,Buy,226103428
2024-07-24 13:01:10,21100.0,2800,Buy,226103455
2024-07-24 13:01:13,21100.0,100,Buy,226103532
2024-07-24 13:01:15,21100.0,1000,Buy,226103628
2024-07-24 13:01:21,21100.0,500,Buy,226103701
2024-07-24 13:01:22,21100.0,5000,Buy,226103719
2024-07-24 13:01:26,21100.0,100,Buy,226103826
2024-07-24 13:01:28,21100.0,1000,Buy,226103879
2024-07-24 13:01:29,21100.0,100,Buy,226103884
2024-07-24 13:01:34,21100.0,100,Buy,226103978
2024-07-24 13:01:36,21100.0,500,Buy,226104024
2024-07-24 13:01:38,21100.0,200,Buy,226104067
2024-07-24 13:01:44,21100.0,500,Buy,226104180
2024-07-24 13:01:45,21100.0,100,Buy,226104184
2024-07-24 13:01:48,21100.0,600,Buy,226104235
2024-07-24 13:01:52,21100.0,2000,Buy,226104288
2024-07-24 13:01:59,21100.0,300,Buy,226104450
2024-07-24 13:02:00,21100.0,500,Buy,226104476
2024-07-24 13:02:01,21100.0,100,Buy,226104494
2024-07-24 13:02:03,21100.0,400,Buy,226104524
2024-07-24 13:02:07,21100.0,500,Buy,226104626
2024-07-24 13:02:08,21100.0,1000,Buy,226104654
2024-07-24 13:02:10,21100.0,500,Buy,226104687
2024-07-24 13:02:12,21100.0,800,Buy,226104722
2024-07-24 13:02:14,21100.0,200,Buy,226104742
2024-07-24 13:02:16,21100.0,100,Buy,226104787
2024-07-24 13:02:16,21100.0,100,Buy,226104786
2024-07-24 13:02:19,21100.0,100,Buy,226104869
2024-07-24 13:02:22,21100.0,100,Buy,226104953
2024-07-24 13:02:27,21100.0,2600,Buy,226105048
2024-07-24 13:02:32,21100.0,2400,Buy,226105122
2024-07-24 13:02:36,21100.0,1000,Buy,226105169
2024-07-24 13:02:37,21100.0,100,Buy,226105184
2024-07-24 13:02:38,21100.0,1300,Buy,226105200
2024-07-24 13:02:38,21100.0,600,Buy,226105201
2024-07-24 13:02:38,21100.0,8100,Buy,226105199
2024-07-24 13:02:44,21100.0,400,Buy,226105306
2024-07-24 13:02:46,21100.0,4200,Buy,226105344
2024-07-24 13:02:47,21100.0,500,Buy,226105354
2024-07-24 13:02:47,21100.0,1000,Buy,226105376
2024-07-24 13:02:52,21100.0,100,Buy,226105440
2024-07-24 13:02:58,21100.0,500,Buy,226105534
2024-07-24 13:03:01,21100.0,200,Buy,226105615
2024-07-24 13:03:01,21100.0,2000,Buy,226105597
2024-07-24 13:03:08,21100.0,10000,Buy,226105755
2024-07-24 13:03:11,21100.0,10000,Buy,226105792
2024-07-24 13:03:25,21100.0,1000,Buy,226106112
2024-07-24 13:03:26,21100.0,600,Buy,226106121
2024-07-24 13:03:27,21100.0,1100,Buy,226106130
2024-07-24 13:03:27,21100.0,100,Buy,226106131
2024-07-24 13:03:29,21100.0,100,Buy,226106151
2024-07-24 13:03:34,21100.0,500,Buy,226106248
2024-07-24 13:03:42,21100.0,2300,Buy,226106367
2024-07-24 13:03:47,21100.0,100,Buy,226106427
2024-07-24 13:03:49,21100.0,500,Buy,226106472
2024-07-24 13:03:50,21100.0,10000,Buy,226106475
2024-07-24 13:03:52,21100.0,300,Buy,226106508
2024-07-24 13:03:54,21100.0,200,Buy,226106544
2024-07-24 13:03:56,21100.0,100,Buy,226106588
2024-07-24 13:03:58,21100.0,500,Buy,226106616
2024-07-24 13:03:58,21100.0,1000,Buy,226106631
2024-07-24 13:04:05,21100.0,100,Buy,226106791
2024-07-24 13:04:08,21100.0,100,Buy,226106872
2024-07-24 13:04:09,21100.0,100,Buy,226106908
2024-07-24 13:04:10,21100.0,100,Buy,226106911
2024-07-24 13:04:10,21100.0,200,Buy,226106929
2024-07-24 13:04:14,21100.0,100,Buy,226106996
2024-07-24 13:04:14,21100.0,3000,Buy,226106997
2024-07-24 13:04:17,21100.0,500,Buy,226107073
2024-07-24 13:04:19,21100.0,100,Buy,226107095
2024-07-24 13:04:23,21100.0,600,Buy,226107180
2024-07-24 13:04:23,21100.0,400,Buy,226107174
2024-07-24 13:04:27,21100.0,100,Buy,226107240
2024-07-24 13:04:27,21100.0,20000,Buy,226107244
2024-07-24 13:04:29,21100.0,2000,Buy,226107293
2024-07-24 13:04:37,21100.0,100,Buy,226107449
2024-07-24 13:04:38,21100.0,200,Buy,226107457
2024-07-24 13:04:39,21100.0,100,Buy,226107495
2024-07-24 13:04:39,21100.0,200,Buy,226107504
2024-07-24 13:04:40,21100.0,100,Buy,226107521
2024-07-24 13:04:43,21100.0,200,Buy,226107546
2024-07-24 13:04:46,21100.0,47000,Buy,226107590
2024-07-24 13:04:48,21100.0,900,Buy,226107616
2024-07-24 13:04:49,21100.0,100,Buy,226107641
2024-07-24 13:04:50,21100.0,200,Buy,226107653
2024-07-24 13:04:51,21100.0,100,Buy,226107660
2024-07-24 13:04:52,21100.0,3000,Buy,226107697
2024-07-24 13:04:53,21100.0,100,Buy,226107735
2024-07-24 13:04:54,21100.0,100,Buy,226107742
2024-07-24 13:04:54,21100.0,500,Buy,226107750
2024-07-24 13:04:56,21100.0,800,Buy,226107802
2024-07-24 13:04:58,21100.0,100,Buy,226107817
2024-07-24 13:04:59,21100.0,200,Buy,226107845
2024-07-24 13:05:01,21100.0,100,Buy,226107891
2024-07-24 13:05:02,21100.0,300,Buy,226107900
2024-07-24 13:05:04,21100.0,100,Buy,226107977
2024-07-24 13:05:04,21100.0,500,Buy,226107965
2024-07-24 13:05:06,21100.0,400,Buy,226108036
2024-07-24 13:05:08,21100.0,1000,Buy,226108081
2024-07-24 13:05:16,21100.0,200,Buy,226108196
2024-07-24 13:05:16,21100.0,100,Buy,226108215
2024-07-24 13:05:17,21100.0,100,Buy,226108218
2024-07-24 13:05:17,21100.0,1600,Buy,226108231
2024-07-24 13:05:19,21100.0,100,Buy,226108260
2024-07-24 13:05:19,21100.0,1000,Buy,226108266
2024-07-24 13:05:21,21100.0,2000,Buy,226108282
2024-07-24 13:05:21,21100.0,9300,Buy,226108292
2024-07-24 13:05:23,21100.0,2500,Buy,226108358
2024-07-24 13:05:26,21100.0,400,Buy,226108394
2024-07-24 13:05:26,21100.0,100,Buy,226108399
2024-07-24 13:05:28,21100.0,3000,Buy,226108428
2024-07-24 13:05:31,21100.0,100,Buy,226108479
2024-07-24 13:05:31,21100.0,200,Buy,226108487
2024-07-24 13:05:35,21100.0,600,Buy,226108586
2024-07-24 13:05:37,21100.0,100,Buy,226108621
2024-07-24 13:05:37,21100.0,100,Buy,226108630
2024-07-24 13:05:40,21100.0,100,Buy,226108668
2024-07-24 13:05:41,21100.0,1000,Buy,226108683
2024-07-24 13:05:42,21100.0,700,Buy,226108726
2024-07-24 13:05:43,21100.0,11800,Buy,226108740
2024-07-24 13:05:43,21100.0,8200,Buy,226108741
2024-07-24 13:05:44,21100.0,100,Buy,226108760
2024-07-24 13:05:46,21100.0,300,Buy,226108802
2024-07-24 13:05:47,21100.0,300,Buy,226108831
2024-07-24 13:05:50,21100.0,100,Buy,226108874
2024-07-24 13:05:50,21100.0,3600,Buy,226108879
2024-07-24 13:05:50,21100.0,500,Buy,226108880
2024-07-24 13:05:52,21100.0,100,Buy,226108906
2024-07-24 13:05:53,21100.0,14600,Buy,226108928
2024-07-24 13:05:57,21100.0,100,Buy,226108994
2024-07-24 13:05:58,21100.0,500,Buy,226109012
2024-07-24 13:05:58,21100.0,2100,Buy,226109011
2024-07-24 13:05:58,21100.0,400,Buy,226109009
2024-07-24 13:05:58,21100.0,600,Buy,226109010
2024-07-24 13:05:58,21100.0,700,Buy,226109008
2024-07-24 13:05:58,21100.0,500,Buy,226109003
2024-07-24 13:05:58,21100.0,600,Buy,226109004
2024-07-24 13:05:58,21100.0,900,Buy,226109007
2024-07-24 13:05:58,21100.0,200,Buy,226109006
2024-07-24 13:05:58,21100.0,3600,Buy,226109005
2024-07-24 13:05:59,21100.0,4100,Buy,226109024
2024-07-24 13:05:59,21100.0,900,Buy,226109025
2024-07-24 13:05:59,21100.0,400,Buy,226109023
2024-07-24 13:06:00,21100.0,24100,Buy,226109066
2024-07-24 13:06:00,21100.0,800,Buy,226109065
2024-07-24 13:06:00,21100.0,1700,Buy,226109064
2024-07-24 13:06:00,21100.0,1000,Buy,226109063
2024-07-24 13:06:00,21100.0,700,Buy,226109062
2024-07-24 13:06:00,21100.0,800,Buy,226109061
2024-07-24 13:06:00,21100.0,1300,Buy,226109058
2024-07-24 13:06:00,21100.0,1000,Buy,226109057
2024-07-24 13:06:00,21100.0,400,Buy,226109056
2024-07-24 13:06:00,21100.0,700,Buy,226109055
2024-07-24 13:06:00,21100.0,100,Buy,226109051
2024-07-24 13:06:00,21100.0,300,Buy,226109050
2024-07-24 13:06:00,21100.0,1500,Buy,226109059
2024-07-24 13:06:00,21100.0,1000,Buy,226109060
2024-07-24 13:06:01,21100.0,2000,Buy,226109111
2024-07-24 13:06:01,21100.0,1500,Buy,226109101
2024-07-24 13:06:01,21100.0,8000,Buy,226109104
2024-07-24 13:06:01,21100.0,500,Buy,226109110
2024-07-24 13:06:02,21100.0,2000,Buy,226109129
2024-07-24 13:06:03,21100.0,100,Buy,226109143
2024-07-24 13:06:05,21100.0,100,Buy,226109179
2024-07-24 13:06:06,21100.0,200,Buy,226109193
2024-07-24 13:06:08,21100.0,200,Buy,226109218
2024-07-24 13:06:10,21100.0,400,Buy,226109263
2024-07-24 13:06:11,21100.0,600,Buy,226109293
2024-07-24 13:06:11,21100.0,500,Buy,226109297
2024-07-24 13:06:13,21100.0,100,Buy,226109356
2024-07-24 13:06:13,21100.0,5000,Buy,226109357
2024-07-24 13:06:14,21100.0,500,Buy,226109363
2024-07-24 13:06:14,21100.0,1000,Buy,226109376
2024-07-24 13:06:16,21100.0,200,Buy,226109398
2024-07-24 13:06:18,21100.0,1600,Buy,226109424
2024-07-24 13:06:20,21100.0,1400,Buy,226109468
2024-07-24 13:06:20,21100.0,600,Buy,226109469
2024-07-24 13:06:22,21100.0,1400,Buy,226109506
2024-07-24 13:06:22,21100.0,500,Buy,226109507
2024-07-24 13:06:22,21100.0,500,Buy,226109513
2024-07-24 13:06:24,21100.0,100,Buy,226109547
2024-07-24 13:06:24,21100.0,400,Buy,226109549
2024-07-24 13:06:24,21100.0,4600,Buy,226109550
2024-07-24 13:06:28,21100.0,100,Buy,226109623
2024-07-24 13:06:29,21100.0,100,Buy,226109627
2024-07-24 13:06:29,21100.0,2000,Buy,226109643
2024-07-24 13:06:30,21100.0,200,Buy,226109672
2024-07-24 13:06:30,21100.0,500,Buy,226109656
2024-07-24 13:06:30,21100.0,300,Buy,226109655
2024-07-24 13:06:30,21100.0,100,Buy,226109653
2024-07-24 13:06:30,21100.0,200,Buy,226109654
2024-07-24 13:06:30,21100.0,100,Buy,226109650
2024-07-24 13:06:34,21100.0,100,Buy,226109745
2024-07-24 13:06:35,21100.0,200,Buy,226109772
2024-07-24 13:06:35,21100.0,1500,Buy,226109773
2024-07-24 13:06:35,21100.0,2000,Buy,226109774
2024-07-24 13:06:35,21100.0,1300,Buy,226109775
2024-07-24 13:06:35,21100.0,1000,Buy,226109776
2024-07-24 13:06:36,21100.0,700,Buy,226109787
2024-07-24 13:06:36,21100.0,200,Buy,226109788
2024-07-24 13:06:36,21100.0,100,Buy,226109800
2024-07-24 13:06:38,21100.0,8100,Buy,226109880
2024-07-24 13:06:38,21100.0,200,Buy,226109879
2024-07-24 13:06:38,21100.0,100,Buy,226109877
2024-07-24 13:06:38,21100.0,100,Buy,226109876
2024-07-24 13:06:38,21100.0,400,Buy,226109878
2024-07-24 13:06:39,21100.0,900,Buy,226109899
2024-07-24 13:06:39,21100.0,100,Buy,226109908
2024-07-24 13:06:40,21100.0,1000,Buy,226109920
2024-07-24 13:06:40,21100.0,1700,Buy,226109921
2024-07-24 13:06:41,21100.0,200,Buy,226109940
2024-07-24 13:06:42,21100.0,2000,Buy,226109952
2024-07-24 13:06:42,21100.0,36000,Buy,226109953
2024-07-24 13:06:42,21100.0,100,Buy,226109962
2024-07-24 13:06:43,21100.0,5000,Buy,226109972
2024-07-24 13:06:43,21100.0,600,Buy,226109976
2024-07-24 13:06:44,21100.0,1000,Buy,226110005
2024-07-24 13:06:44,21100.0,5000,Buy,226109986
2024-07-24 13:06:45,21100.0,300,Buy,226110011
2024-07-24 13:06:45,21100.0,1000,Buy,226110014
2024-07-24 13:06:46,21100.0,19800,Buy,226110032
2024-07-24 13:06:46,21100.0,300,Buy,226110033
2024-07-24 13:06:46,21100.0,5400,Buy,226110034
2024-07-24 13:06:46,21100.0,100,Buy,226110035
2024-07-24 13:06:47,21100.0,100,Buy,226110078
2024-07-24 13:06:48,21100.0,2000,Buy,226110084
2024-07-24 13:06:48,21100.0,800,Buy,226110096
2024-07-24 13:06:49,21100.0,200,Buy,226110122
2024-07-24 13:06:49,21100.0,100,Buy,226110123
2024-07-24 13:06:50,21100.0,200,Buy,226110130
2024-07-24 13:06:50,21100.0,1000,Buy,226110133
2024-07-24 13:06:51,21100.0,800,Buy,226110156
2024-07-24 13:06:51,21100.0,2200,Buy,226110143
2024-07-24 13:06:51,21100.0,1800,Buy,226110140
2024-07-24 13:06:51,21100.0,500,Buy,226110141
2024-07-24 13:06:51,21100.0,500,Buy,226110142
2024-07-24 13:06:54,21100.0,1000,Buy,226110214
2024-07-24 13:06:54,21100.0,1100,Buy,226110215
2024-07-24 13:06:54,21100.0,6900,Buy,226110220
2024-07-24 13:06:54,21100.0,2000,Buy,226110221
2024-07-24 13:06:54,21100.0,5100,Buy,226110222
2024-07-24 13:06:55,21100.0,4900,Buy,226110223
2024-07-24 13:06:55,21100.0,1000,Buy,226110224
2024-07-24 13:06:55,21100.0,14100,Buy,226110225
2024-07-24 13:06:57,21100.0,500,Buy,226110343
2024-07-24 13:06:57,21100.0,100,Buy,226110351
2024-07-24 13:06:58,21100.0,1200,Buy,226110385
2024-07-24 13:06:58,21100.0,100,Buy,226110378
2024-07-24 13:06:58,21100.0,300,Buy,226110371
2024-07-24 13:06:58,21100.0,500,Buy,226110376
2024-07-24 13:06:58,21100.0,200,Buy,226110377
2024-07-24 13:06:59,21100.0,600,Buy,226110396
2024-07-24 13:07:00,21100.0,200,Buy,226110422
2024-07-24 13:07:00,21100.0,1000,Buy,226110424
2024-07-24 13:07:01,21100.0,100,Buy,226110427
2024-07-24 13:07:01,21100.0,100,Buy,226110437
2024-07-24 13:07:01,21100.0,500,Buy,226110438
2024-07-24 13:07:02,21100.0,500,Buy,226110453
2024-07-24 13:07:02,21100.0,500,Buy,226110459
2024-07-24 13:07:03,21100.0,300,Buy,226110484
2024-07-24 13:07:05,21100.0,1500,Buy,226110540
2024-07-24 13:07:05,21100.0,100,Buy,226110538
2024-07-24 13:07:05,21100.0,2900,Buy,226110537
2024-07-24 13:07:05,21100.0,1000,Buy,226110525
2024-07-24 13:07:05,21100.0,500,Buy,226110524
2024-07-24 13:07:05,21100.0,100,Buy,226110523
2024-07-24 13:07:05,21100.0,1400,Buy,226110526
2024-07-24 13:07:06,21100.0,4600,Buy,226110543
2024-07-24 13:07:06,21100.0,4400,Buy,226110544
2024-07-24 13:07:07,21100.0,2000,Buy,226110567
2024-07-24 13:07:07,21100.0,5000,Buy,226110571
2024-07-24 13:07:08,21100.0,100,Buy,226110594
2024-07-24 13:07:08,21100.0,1000,Buy,226110603
2024-07-24 13:07:08,21100.0,1000,Buy,226110592
2024-07-24 13:07:08,21100.0,2000,Buy,226110591
2024-07-24 13:07:08,21100.0,1300,Buy,226110586
2024-07-24 13:07:08,21100.0,600,Buy,226110589
2024-07-24 13:07:08,21100.0,100,Buy,226110588
2024-07-24 13:07:08,21100.0,10000,Buy,226110587
2024-07-24 13:07:08,21100.0,2500,Buy,226110590
2024-07-24 13:07:09,21100.0,2000,Buy,226110607
2024-07-24 13:07:09,21100.0,1000,Buy,226110610
2024-07-24 13:07:09,21100.0,1000,Buy,226110611
2024-07-24 13:07:09,21100.0,300,Buy,226110612
2024-07-24 13:07:09,21100.0,300,Buy,226110613
2024-07-24 13:07:09,21100.0,1400,Buy,226110614
2024-07-24 13:07:10,21100.0,200,Buy,226110634
2024-07-24 13:07:10,21100.0,400,Buy,226110630
2024-07-24 13:07:10,21100.0,4100,Buy,226110628
2024-07-24 13:07:10,21100.0,1900,Buy,226110626
2024-07-24 13:07:10,21100.0,200,Buy,226110623
2024-07-24 13:07:10,21100.0,4000,Buy,226110627
2024-07-24 13:07:11,21100.0,300,Buy,226110644
2024-07-24 13:07:12,21100.0,300,Buy,226110661
2024-07-24 13:07:12,21100.0,900,Buy,226110684
2024-07-24 13:07:12,21100.0,5800,Buy,226110685
2024-07-24 13:07:12,21100.0,400,Buy,226110686
2024-07-24 13:07:12,21100.0,600,Buy,226110687
2024-07-24 13:07:12,21100.0,300,Buy,226110688
2024-07-24 13:07:12,21100.0,2900,Buy,226110689
2024-07-24 13:07:13,21100.0,3400,Buy,226110707
2024-07-24 13:07:13,21100.0,6600,Buy,226110706
2024-07-24 13:07:13,21100.0,3400,Buy,226110691
2024-07-24 13:07:13,21100.0,1000,Buy,226110697
2024-07-24 13:07:13,21100.0,100,Buy,226110704
2024-07-24 13:07:15,21100.0,100,Buy,226110735
2024-07-24 13:07:15,21100.0,3000,Buy,226110728
2024-07-24 13:07:16,21100.0,400,Buy,226110744
2024-07-24 13:07:16,21100.0,5100,Buy,226110745
2024-07-24 13:07:17,21100.0,800,Buy,226110760
2024-07-24 13:07:17,21100.0,100,Buy,226110761
2024-07-24 13:07:17,21100.0,100,Buy,226110766
2024-07-24 13:07:17,21100.0,100,Buy,226110773
2024-07-24 13:07:18,21100.0,500,Buy,226110786
2024-07-24 13:07:18,21100.0,100,Buy,226110785
2024-07-24 13:07:18,21100.0,2400,Buy,226110784
2024-07-24 13:07:18,21100.0,1100,Buy,226110778
2024-07-24 13:07:18,21100.0,1900,Buy,226110777
2024-07-24 13:07:18,21100.0,500,Buy,226110779
2024-07-24 13:07:19,21100.0,500,Buy,226110794
2024-07-24 13:07:19,21100.0,600,Buy,226110795
2024-07-24 13:07:19,21100.0,2000,Buy,226110796
2024-07-24 13:07:19,21100.0,200,Buy,226110797
2024-07-24 13:07:19,21100.0,400,Buy,226110798
2024-07-24 13:07:19,21100.0,1800,Buy,226110801
2024-07-24 13:07:20,21100.0,20000,Buy,226110803
2024-07-24 13:07:22,21100.0,100,Buy,226110840
2024-07-24 13:07:22,21100.0,700,Buy,226110839
2024-07-24 13:07:22,21100.0,300,Buy,226110838
2024-07-24 13:07:23,21100.0,3200,Buy,226110861
2024-07-24 13:07:23,21100.0,200,Buy,226110864
2024-07-24 13:07:23,21100.0,800,Buy,226110867
2024-07-24 13:07:23,21100.0,100,Buy,226110868
2024-07-24 13:07:23,21100.0,4600,Buy,226110869
2024-07-24 13:07:23,21100.0,1000,Buy,226110870
2024-07-24 13:07:23,21100.0,100,Buy,226110871
2024-07-24 13:07:24,21100.0,500,Buy,226110879
2024-07-24 13:07:24,21100.0,1000,Buy,226110885
2024-07-24 13:07:25,21100.0,100,Buy,226110905
2024-07-24 13:07:25,21100.0,100,Buy,226110888
2024-07-24 13:07:26,21100.0,15000,Buy,226110931
2024-07-24 13:07:26,21100.0,1500,Buy,226110934
2024-07-24 13:07:27,21100.0,1000,Buy,226110935
2024-07-24 13:07:27,21100.0,700,Buy,226110945
2024-07-24 13:07:28,21100.0,500,Buy,226110959
2024-07-24 13:07:28,21100.0,2000,Buy,226110965
2024-07-24 13:07:28,21100.0,1000,Buy,226110966
2024-07-24 13:07:28,21100.0,1000,Buy,226110970
2024-07-24 13:07:29,21100.0,100,Buy,226110998
2024-07-24 13:07:29,21100.0,5000,Buy,226110996
2024-07-24 13:07:29,21100.0,1000,Buy,226110997
2024-07-24 13:07:29,21100.0,2300,Buy,226110979
2024-07-24 13:07:29,21100.0,2000,Buy,226110995
2024-07-24 13:07:29,21100.0,200,Buy,226110978
2024-07-24 13:07:29,21100.0,500,Buy,226110977
2024-07-24 13:07:30,21100.0,5000,Buy,226111033
2024-07-24 13:07:30,21100.0,15000,Buy,226111032
2024-07-24 13:07:30,21100.0,16000,Buy,226111023
2024-07-24 13:07:30,21100.0,5000,Buy,226111018
2024-07-24 13:07:30,21100.0,100,Buy,226111021
2024-07-24 13:07:30,21100.0,300,Buy,226111020
2024-07-24 13:07:30,21100.0,4000,Buy,226111022
2024-07-24 13:07:31,21100.0,200,Buy,226111050
2024-07-24 13:07:31,21100.0,10000,Buy,226111051
2024-07-24 13:07:31,21100.0,10000,Buy,226111053
2024-07-24 13:07:32,21100.0,1000,Buy,226111081
2024-07-24 13:07:32,21100.0,1200,Buy,226111072
2024-07-24 13:07:32,21100.0,300,Buy,226111069
2024-07-24 13:07:32,21100.0,1300,Buy,226111068
2024-07-24 13:07:32,21100.0,200,Buy,226111071
2024-07-24 13:07:32,21100.0,2300,Buy,226111062
2024-07-24 13:07:32,21100.0,1000,Buy,226111061
2024-07-24 13:07:32,21100.0,5300,Buy,226111058
2024-07-24 13:07:32,21100.0,500,Buy,226111060
2024-07-24 13:07:32,21100.0,500,Buy,226111059
2024-07-24 13:07:32,21100.0,900,Buy,226111067
2024-07-24 13:07:33,21100.0,2000,Buy,226111112
2024-07-24 13:07:33,21100.0,100,Buy,226111111
2024-07-24 13:07:33,21100.0,3000,Buy,226111105
2024-07-24 13:07:33,21100.0,3000,Buy,226111092
2024-07-24 13:07:33,21100.0,1000,Buy,226111084
2024-07-24 13:07:33,21100.0,500,Buy,226111093
2024-07-24 13:07:34,21100.0,300,Buy,226111129
2024-07-24 13:07:34,21100.0,300,Buy,226111142
2024-07-24 13:07:34,21100.0,1000,Buy,226111138
2024-07-24 13:07:34,21100.0,2800,Buy,226111137
2024-07-24 13:07:34,21100.0,2000,Buy,226111126
2024-07-24 13:07:34,21100.0,39700,Buy,226111125
2024-07-24 13:07:34,21100.0,200,Buy,226111123
2024-07-24 13:07:34,21100.0,100,Buy,226111122
2024-07-24 13:07:34,21100.0,8000,Buy,226111121
2024-07-24 13:07:34,21100.0,2500,Buy,226111120
2024-07-24 13:07:34,21100.0,200,Buy,226111119
2024-07-24 13:07:34,21100.0,2000,Buy,226111124
2024-07-24 13:07:34,21100.0,500,Buy,226111113
2024-07-24 13:07:35,21100.0,900,Buy,226111162
2024-07-24 13:07:35,21100.0,6000,Buy,226111167
2024-07-24 13:07:35,21100.0,4000,Buy,226111166
2024-07-24 13:07:35,21100.0,200,Buy,226111161
2024-07-24 13:07:35,21100.0,7900,Buy,226111160
2024-07-24 13:07:35,21100.0,300,Buy,226111159
2024-07-24 13:07:35,21100.0,100,Buy,226111151
2024-07-24 13:07:35,21100.0,1200,Buy,226111150
2024-07-24 13:07:35,21100.0,600,Buy,226111149
2024-07-24 13:07:35,21100.0,100,Buy,226111146
2024-07-24 13:07:35,21100.0,700,Buy,226111155
2024-07-24 13:07:36,21100.0,2500,Buy,226111188
2024-07-24 13:07:36,21100.0,6000,Buy,226111189
2024-07-24 13:07:36,21100.0,100,Buy,226111193
2024-07-24 13:07:36,21100.0,500,Buy,226111194
2024-07-24 13:07:36,21100.0,1600,Buy,226111195
2024-07-24 13:07:36,21100.0,1000,Buy,226111187
2024-07-24 13:07:36,21100.0,1800,Buy,226111197
2024-07-24 13:07:36,21100.0,400,Buy,226111199
2024-07-24 13:07:36,21100.0,1000,Buy,226111200
2024-07-24 13:07:36,21100.0,1000,Buy,226111201
2024-07-24 13:07:36,21100.0,100,Buy,226111196
2024-07-24 13:07:36,21100.0,100,Buy,226111186
2024-07-24 13:07:36,21100.0,2100,Buy,226111177
2024-07-24 13:07:36,21100.0,5300,Buy,226111184
2024-07-24 13:07:36,21100.0,600,Buy,226111185
2024-07-24 13:07:36,21100.0,600,Buy,226111174
2024-07-24 13:07:36,21100.0,200,Buy,226111175
2024-07-24 13:07:36,21100.0,300,Buy,226111176
2024-07-24 13:07:36,21100.0,1000,Buy,226111178
2024-07-24 13:07:36,21100.0,500,Buy,226111173
2024-07-24 13:07:36,21100.0,1000,Buy,226111180
2024-07-24 13:07:36,21100.0,200,Buy,226111181
2024-07-24 13:07:36,21100.0,4500,Buy,226111182
2024-07-24 13:07:36,21100.0,100,Buy,226111179
2024-07-24 13:07:36,21100.0,500,Buy,226111183
2024-07-24 13:07:37,21100.0,500,Buy,226111234
2024-07-24 13:07:37,21100.0,100,Buy,226111217
2024-07-24 13:07:37,21100.0,500,Buy,226111216
2024-07-24 13:07:37,21100.0,200,Buy,226111215
2024-07-24 13:07:37,21100.0,500,Buy,226111231
2024-07-24 13:07:37,21100.0,500,Buy,226111213
2024-07-24 13:07:37,21100.0,300,Buy,226111212
2024-07-24 13:07:37,21100.0,1000,Buy,226111211
2024-07-24 13:07:37,21100.0,100,Buy,226111203
2024-07-24 13:07:37,21100.0,500,Buy,226111202
2024-07-24 13:07:37,21100.0,1300,Buy,226111214
2024-07-24 13:07:38,21100.0,3000,Buy,226111296
2024-07-24 13:07:38,21100.0,100,Buy,226111295
2024-07-24 13:07:38,21100.0,3700,Buy,226111277
2024-07-24 13:07:38,21100.0,3000,Buy,226111276
2024-07-24 13:07:38,21100.0,40500,Buy,226111278
2024-07-24 13:07:38,21100.0,2000,Buy,226111274
2024-07-24 13:07:38,21100.0,200,Buy,226111238
2024-07-24 13:07:38,21100.0,1800,Buy,226111237
2024-07-24 13:07:38,21100.0,2800,Buy,226111275
2024-07-24 13:07:38,21100.0,5000,Buy,226111273
2024-07-24 13:07:39,21100.0,600,Buy,226111302
2024-07-24 13:07:39,21100.0,200,Buy,226111303
2024-07-24 13:07:39,21100.0,300,Buy,226111304
2024-07-24 13:07:39,21100.0,700,Buy,226111305
2024-07-24 13:07:39,21100.0,1500,Buy,226111307
2024-07-24 13:07:39,21100.0,500,Buy,226111308
2024-07-24 13:07:39,21100.0,500,Buy,226111317
2024-07-24 13:07:40,21100.0,500,Buy,226111347
2024-07-24 13:07:40,21100.0,20000,Buy,226111348
2024-07-24 13:07:40,21100.0,500,Buy,226111339
2024-07-24 13:07:40,21100.0,500,Buy,226111327
2024-07-24 13:07:40,21100.0,200,Buy,226111324
2024-07-24 13:07:40,21100.0,3000,Buy,226111323
2024-07-24 13:07:40,21100.0,300,Buy,226111330
2024-07-24 13:07:41,21100.0,400,Buy,226111352
2024-07-24 13:07:41,21100.0,1800,Buy,226111358
2024-07-24 13:07:41,21100.0,5000,Buy,226111399
2024-07-24 13:07:41,21100.0,1000,Buy,226111403
2024-07-24 13:07:41,21100.0,10000,Buy,226111404
2024-07-24 13:07:41,21100.0,2000,Buy,226111405
2024-07-24 13:07:41,21100.0,1000,Buy,226111406
2024-07-24 13:07:41,21100.0,10000,Buy,226111407
2024-07-24 13:07:42,21100.0,1000,Buy,226111426
2024-07-24 13:07:42,21100.0,5000,Buy,226111423
2024-07-24 13:07:42,21100.0,500,Buy,226111408
2024-07-24 13:07:42,21100.0,100,Buy,226111411
2024-07-24 13:07:42,21100.0,3200,Buy,226111410
2024-07-24 13:07:42,21100.0,500,Buy,226111414
2024-07-24 13:07:43,21100.0,300,Buy,226111447
2024-07-24 13:07:43,21100.0,600,Buy,226111461
2024-07-24 13:07:43,21100.0,1000,Buy,226111450
2024-07-24 13:07:43,21100.0,500,Buy,226111448
2024-07-24 13:07:43,21100.0,500,Buy,226111446
2024-07-24 13:07:43,21100.0,300,Buy,226111432
2024-07-24 13:07:43,21100.0,1000,Buy,226111439
2024-07-24 13:07:43,21100.0,1000,Buy,226111434
2024-07-24 13:07:43,21100.0,500,Buy,226111433
2024-07-24 13:07:43,21100.0,5000,Buy,226111431
2024-07-24 13:07:43,21100.0,200,Buy,226111445
2024-07-24 13:07:44,21100.0,500,Buy,226111504
2024-07-24 13:07:44,21100.0,1000,Buy,226111518
2024-07-24 13:07:44,21100.0,2500,Buy,226111517
2024-07-24 13:07:44,21100.0,300,Buy,226111514
2024-07-24 13:07:44,21100.0,5000,Buy,226111513
2024-07-24 13:07:44,21100.0,3000,Buy,226111507
2024-07-24 13:07:44,21100.0,1000,Buy,226111506
2024-07-24 13:07:44,21100.0,2000,Buy,226111505
2024-07-24 13:07:44,21100.0,100,Buy,226111503
2024-07-24 13:07:44,21100.0,400,Buy,226111469
2024-07-24 13:07:44,21100.0,500,Buy,226111501
2024-07-24 13:07:44,21100.0,500,Buy,226111478
2024-07-24 13:07:44,21100.0,2000,Buy,226111477
2024-07-24 13:07:44,21100.0,10000,Buy,226111476
2024-07-24 13:07:44,21100.0,500,Buy,226111475
2024-07-24 13:07:44,21100.0,1500,Buy,226111472
2024-07-24 13:07:44,21100.0,500,Buy,226111471
2024-07-24 13:07:44,21100.0,3300,Buy,226111470
2024-07-24 13:07:44,21100.0,1500,Buy,226111502
2024-07-24 13:07:45,21100.0,1000,Buy,226111559
2024-07-24 13:07:45,21100.0,500,Buy,226111560
2024-07-24 13:07:45,21100.0,10000,Buy,226111548
2024-07-24 13:07:45,21100.0,25100,Buy,226111561
2024-07-24 13:07:45,21100.0,600,Buy,226111565
2024-07-24 13:07:45,21100.0,10000,Buy,226111563
2024-07-24 13:07:45,21100.0,500,Buy,226111564
2024-07-24 13:07:45,21100.0,1000,Buy,226111566
2024-07-24 13:07:45,21100.0,4900,Buy,226111562
2024-07-24 13:07:45,21100.0,1200,Buy,226111541
2024-07-24 13:07:45,21100.0,500,Buy,226111535
2024-07-24 13:07:45,21100.0,200,Buy,226111539
2024-07-24 13:07:45,21100.0,500,Buy,226111537
2024-07-24 13:07:45,21100.0,100,Buy,226111536
2024-07-24 13:07:45,21100.0,10600,Buy,226111534
2024-07-24 13:07:45,21100.0,24400,Buy,226111533
2024-07-24 13:07:45,21100.0,4800,Buy,226111525
2024-07-24 13:07:45,21100.0,2000,Buy,226111524
2024-07-24 13:07:45,21100.0,3700,Buy,226111523
2024-07-24 13:07:45,21100.0,500,Buy,226111522
2024-07-24 13:07:45,21100.0,300,Buy,226111540
2024-07-24 13:07:46,21100.0,5000,Buy,226111602
2024-07-24 13:07:46,21100.0,1600,Buy,226111603
2024-07-24 13:07:46,21100.0,800,Buy,226111604
2024-07-24 13:07:46,21100.0,200,Buy,226111606
2024-07-24 13:07:46,21100.0,100,Buy,226111607
2024-07-24 13:07:46,21100.0,1300,Buy,226111612
2024-07-24 13:07:46,21100.0,200,Buy,226111609
2024-07-24 13:07:46,21100.0,2000,Buy,226111610
2024-07-24 13:07:46,21100.0,700,Buy,226111611
2024-07-24 13:07:46,21100.0,200,Buy,226111613
2024-07-24 13:07:46,21100.0,1000,Buy,226111608
2024-07-24 13:07:46,21100.0,300,Buy,226111600
2024-07-24 13:07:46,21100.0,2000,Buy,226111601
2024-07-24 13:07:46,21100.0,100,Buy,226111598
2024-07-24 13:07:46,21100.0,1000,Buy,226111599
2024-07-24 13:07:46,21100.0,1000,Buy,226111568
2024-07-24 13:07:46,21100.0,2900,Buy,226111569
2024-07-24 13:07:46,21100.0,700,Buy,226111576
2024-07-24 13:07:46,21100.0,500,Buy,226111578
2024-07-24 13:07:46,21100.0,1000,Buy,226111577
2024-07-24 13:07:46,21100.0,500,Buy,226111580
2024-07-24 13:07:46,21100.0,2000,Buy,226111588
2024-07-24 13:07:46,21100.0,1300,Buy,226111589
2024-07-24 13:07:46,21100.0,1500,Buy,226111590
2024-07-24 13:07:46,21100.0,200,Buy,226111597
2024-07-24 13:07:46,21100.0,1400,Buy,226111579
2024-07-24 13:07:47,21100.0,6000,Buy,226111643
2024-07-24 13:07:47,21100.0,3000,Buy,226111632
2024-07-24 13:07:47,21100.0,3600,Buy,226111641
2024-07-24 13:07:47,21100.0,7100,Buy,226111642
2024-07-24 13:07:47,21100.0,100,Buy,226111644
2024-07-24 13:07:47,21100.0,500,Buy,226111658
2024-07-24 13:07:47,21100.0,5000,Buy,226111646
2024-07-24 13:07:47,21100.0,5000,Buy,226111650
2024-07-24 13:07:47,21100.0,55000,Buy,226111651
2024-07-24 13:07:47,21100.0,20000,Buy,226111652
2024-07-24 13:07:47,21100.0,6000,Buy,226111645
2024-07-24 13:07:47,21100.0,400,Buy,226111630
2024-07-24 13:07:47,21100.0,4200,Buy,226111631
2024-07-24 13:07:47,21100.0,1300,Buy,226111628
2024-07-24 13:07:47,21100.0,2000,Buy,226111616
2024-07-24 13:07:47,21100.0,20000,Buy,226111617
2024-07-24 13:07:47,21100.0,1500,Buy,226111618
2024-07-24 13:07:47,21100.0,1200,Buy,226111619
2024-07-24 13:07:47,21100.0,400,Buy,226111620
2024-07-24 13:07:47,21100.0,200,Buy,226111621
2024-07-24 13:07:47,21100.0,1000,Buy,226111629
2024-07-24 13:07:47,21100.0,300,Buy,226111623
2024-07-24 13:07:47,21100.0,1700,Buy,226111624
2024-07-24 13:07:47,21100.0,100,Buy,226111625
2024-07-24 13:07:47,21100.0,400,Buy,226111626
2024-07-24 13:07:47,21100.0,200,Buy,226111627
2024-07-24 13:07:47,21100.0,1700,Buy,226111622
2024-07-24 13:07:48,21100.0,100,Buy,226111688
2024-07-24 13:07:48,21100.0,4000,Buy,226111689
2024-07-24 13:07:48,21100.0,100,Buy,226111691
2024-07-24 13:07:48,21100.0,12100,Buy,226111698
2024-07-24 13:07:48,21100.0,2900,Buy,226111699
2024-07-24 13:07:48,21100.0,1000,Buy,226111700
2024-07-24 13:07:48,21100.0,4000,Buy,226111703
2024-07-24 13:07:48,21100.0,1000,Buy,226111702
2024-07-24 13:07:48,21100.0,10000,Buy,226111704
2024-07-24 13:07:48,21100.0,3000,Buy,226111705
2024-07-24 13:07:48,21100.0,3900,Buy,226111706
2024-07-24 13:07:48,21100.0,200,Buy,226111685
2024-07-24 13:07:48,21100.0,1600,Buy,226111701
2024-07-24 13:07:48,21100.0,11100,Buy,226111684
2024-07-24 13:07:48,21100.0,4600,Buy,226111690
2024-07-24 13:07:48,21100.0,400,Buy,226111682
2024-07-24 13:07:48,21100.0,1000,Buy,226111683
2024-07-24 13:07:48,21100.0,1300,Buy,226111661
2024-07-24 13:07:48,21100.0,100,Buy,226111662
2024-07-24 13:07:48,21100.0,1900,Buy,226111664
2024-07-24 13:07:48,21100.0,100,Buy,226111665
2024-07-24 13:07:48,21100.0,1000,Buy,226111666
2024-07-24 13:07:48,21100.0,300,Buy,226111674
2024-07-24 13:07:48,21100.0,200,Buy,226111663
2024-07-24 13:07:48,21100.0,20000,Buy,226111676
2024-07-24 13:07:48,21100.0,100,Buy,226111681
2024-07-24 13:07:48,21100.0,5000,Buy,226111675
2024-07-24 13:07:48,21100.0,300,Buy,226111680
2024-07-24 13:07:48,21100.0,4000,Buy,226111660
2024-07-24 13:07:48,21100.0,2000,Buy,226111677
2024-07-24 13:07:48,21100.0,700,Buy,226111679
2024-07-24 13:07:49,21100.0,2000,Buy,226111757
2024-07-24 13:07:49,21100.0,6700,Buy,226111749
2024-07-24 13:07:49,21100.0,500,Buy,226111750
2024-07-24 13:07:49,21100.0,1100,Buy,226111748
2024-07-24 13:07:49,21100.0,200,Buy,226111752
2024-07-24 13:07:49,21100.0,4100,Buy,226111753
2024-07-24 13:07:49,21100.0,72800,Buy,226111754
2024-07-24 13:07:49,21100.0,700,Buy,226111755
2024-07-24 13:07:49,21100.0,200,Buy,226111756
2024-07-24 13:07:49,21100.0,4000,Buy,226111751
2024-07-24 13:07:49,21100.0,200,Buy,226111764
2024-07-24 13:07:49,21100.0,2500,Buy,226111759
2024-07-24 13:07:49,21100.0,1500,Buy,226111760
2024-07-24 13:07:49,21100.0,500,Buy,226111761
2024-07-24 13:07:49,21100.0,200,Buy,226111762
2024-07-24 13:07:49,21100.0,8000,Buy,226111763
2024-07-24 13:07:49,21100.0,1000,Buy,226111765
2024-07-24 13:07:49,21100.0,1000,Buy,226111766
2024-07-24 13:07:49,21100.0,100,Buy,226111767
2024-07-24 13:07:49,21100.0,1000,Buy,226111768
2024-07-24 13:07:49,21100.0,13000,Buy,226111747
2024-07-24 13:07:49,21100.0,3600,Buy,226111758
2024-07-24 13:07:49,21100.0,8500,Buy,226111746
2024-07-24 13:07:49,21100.0,50000,Buy,226111730
2024-07-24 13:07:49,21100.0,2100,Buy,226111744
2024-07-24 13:07:49,21100.0,2000,Buy,226111710
2024-07-24 13:07:49,21100.0,200,Buy,226111745
2024-07-24 13:07:49,21100.0,80100,Buy,226111712
2024-07-24 13:07:49,21100.0,9900,Buy,226111713
2024-07-24 13:07:49,21100.0,1000,Buy,226111714
2024-07-24 13:07:49,21100.0,100000,Buy,226111715
2024-07-24 13:07:49,21100.0,16400,Buy,226111716
2024-07-24 13:07:49,21100.0,100000,Buy,226111717
2024-07-24 13:07:49,21100.0,100,Buy,226111718
2024-07-24 13:07:49,21100.0,1800,Buy,226111719
2024-07-24 13:07:49,21100.0,100,Buy,226111711
2024-07-24 13:07:49,21100.0,1000,Buy,226111732
2024-07-24 13:07:49,21100.0,8600,Buy,226111720
2024-07-24 13:07:49,21100.0,100,Buy,226111742
2024-07-24 13:07:49,21100.0,1000,Buy,226111739
2024-07-24 13:07:49,21100.0,100,Buy,226111738
2024-07-24 13:07:49,21100.0,100,Buy,226111743
2024-07-24 13:07:49,21100.0,700,Buy,226111736
2024-07-24 13:07:49,21100.0,200,Buy,226111735
2024-07-24 13:07:49,21100.0,2000,Buy,226111734
2024-07-24 13:07:49,21100.0,5000,Buy,226111733
2024-07-24 13:07:49,21100.0,100,Buy,226111737
2024-07-24 13:07:50,21100.0,100,Buy,226111817
2024-07-24 13:07:50,21100.0,5000,Buy,226111806
2024-07-24 13:07:50,21100.0,1000,Buy,226111807
2024-07-24 13:07:50,21100.0,200,Buy,226111808
2024-07-24 13:07:50,21100.0,100000,Buy,226111814
2024-07-24 13:07:50,21100.0,100,Buy,226111815
2024-07-24 13:07:50,21100.0,200,Buy,226111816
2024-07-24 13:07:50,21100.0,5000,Buy,226111828
2024-07-24 13:07:50,21100.0,500,Buy,226111841
2024-07-24 13:07:50,21100.0,2200,Buy,226111831
2024-07-24 13:07:50,21100.0,12900,Buy,226111838
2024-07-24 13:07:50,21100.0,17100,Buy,226111839
2024-07-24 13:07:50,21100.0,1000,Buy,226111840
2024-07-24 13:07:50,21100.0,2000,Buy,226111842
2024-07-24 13:07:50,21100.0,400,Buy,226111843
2024-07-24 13:07:50,21100.0,1000,Buy,226111844
2024-07-24 13:07:50,21100.0,200,Buy,226111805
2024-07-24 13:07:50,21100.0,500,Buy,226111829
2024-07-24 13:07:50,21100.0,1000,Buy,226111799
2024-07-24 13:07:50,21100.0,5500,Buy,226111830
2024-07-24 13:07:50,21100.0,17000,Buy,226111797
2024-07-24 13:07:50,21100.0,500,Buy,226111798
2024-07-24 13:07:50,21100.0,1000,Buy,226111780
2024-07-24 13:07:50,21100.0,1000,Buy,226111781
2024-07-24 13:07:50,21100.0,1000,Buy,226111782
2024-07-24 13:07:50,21100.0,1000,Buy,226111783
2024-07-24 13:07:50,21100.0,1000,Buy,226111784
2024-07-24 13:07:50,21100.0,500,Buy,226111785
2024-07-24 13:07:50,21100.0,500,Buy,226111786
2024-07-24 13:07:50,21100.0,300,Buy,226111778
2024-07-24 13:07:50,21100.0,1000,Buy,226111779
2024-07-24 13:07:50,21100.0,5000,Buy,226111788
2024-07-24 13:07:50,21100.0,500,Buy,226111789
2024-07-24 13:07:50,21100.0,500,Buy,226111790
2024-07-24 13:07:50,21100.0,500,Buy,226111791
2024-07-24 13:07:50,21100.0,4500,Buy,226111792
2024-07-24 13:07:50,21100.0,500,Buy,226111793
2024-07-24 13:07:50,21100.0,20000,Buy,226111794
2024-07-24 13:07:50,21100.0,1000,Buy,226111795
2024-07-24 13:07:50,21100.0,100,Buy,226111796
2024-07-24 13:07:50,21100.0,9700,Buy,226111787
2024-07-24 13:07:51,21100.0,500,Buy,226111886
2024-07-24 13:07:51,21100.0,1000,Buy,226111885
2024-07-24 13:07:51,21100.0,50000,Buy,226111877
2024-07-24 13:07:51,21100.0,2200,Buy,226111883
2024-07-24 13:07:51,21100.0,700,Buy,226111882
2024-07-24 13:07:51,21100.0,4900,Buy,226111890
2024-07-24 13:07:51,21100.0,1500,Buy,226111884
2024-07-24 13:07:51,21100.0,500,Buy,226111891
2024-07-24 13:07:51,21100.0,1000,Buy,226111896
2024-07-24 13:07:51,21100.0,10000,Buy,226111893
2024-07-24 13:07:51,21100.0,3300,Buy,226111894
2024-07-24 13:07:51,21100.0,6700,Buy,226111895
2024-07-24 13:07:51,21100.0,2400,Buy,226111897
2024-07-24 13:07:51,21100.0,5000,Buy,226111898
2024-07-24 13:07:51,21100.0,300,Buy,226111899
2024-07-24 13:07:51,21100.0,100,Buy,226111876
2024-07-24 13:07:51,21100.0,1100,Buy,226111892
2024-07-24 13:07:51,21100.0,1000,Buy,226111875
2024-07-24 13:07:51,21100.0,10000,Buy,226111870
2024-07-24 13:07:51,21100.0,500,Buy,226111873
2024-07-24 13:07:51,21100.0,1500,Buy,226111846
2024-07-24 13:07:51,21100.0,300,Buy,226111847
2024-07-24 13:07:51,21100.0,5000,Buy,226111848
2024-07-24 13:07:51,21100.0,1000,Buy,226111874
2024-07-24 13:07:51,21100.0,200,Buy,226111852
2024-07-24 13:07:51,21100.0,10000,Buy,226111853
2024-07-24 13:07:51,21100.0,1000,Buy,226111854
2024-07-24 13:07:51,21100.0,45000,Buy,226111855
2024-07-24 13:07:51,21100.0,200,Buy,226111862
2024-07-24 13:07:51,21100.0,500,Buy,226111849
2024-07-24 13:07:51,21100.0,5000,Buy,226111864
2024-07-24 13:07:51,21100.0,1700,Buy,226111865
2024-07-24 13:07:51,21100.0,500,Buy,226111866
2024-07-24 13:07:51,21100.0,2000,Buy,226111867
2024-07-24 13:07:51,21100.0,10000,Buy,226111868
2024-07-24 13:07:51,21100.0,1800,Buy,226111871
2024-07-24 13:07:51,21100.0,1000,Buy,226111872
2024-07-24 13:07:51,21100.0,4000,Buy,226111863
2024-07-24 13:07:52,21100.0,3900,Buy,226111923
2024-07-24 13:07:52,21100.0,3200,Buy,226111924
2024-07-24 13:07:52,21100.0,100,Buy,226111925
2024-07-24 13:07:52,21100.0,100,Buy,226111926
2024-07-24 13:07:52,21100.0,1000,Buy,226111927
2024-07-24 13:07:52,21100.0,500,Buy,226111931
2024-07-24 13:07:52,21100.0,300,Buy,226111929
2024-07-24 13:07:52,21100.0,19700,Buy,226111930
2024-07-24 13:07:52,21100.0,1000,Buy,226111942
2024-07-24 13:07:52,21100.0,2000,Buy,226111945
2024-07-24 13:07:52,21100.0,500,Buy,226111919
2024-07-24 13:07:52,21100.0,5000,Buy,226111928
2024-07-24 13:07:52,21100.0,1300,Buy,226111918
2024-07-24 13:07:52,21100.0,100,Buy,226111900
2024-07-24 13:07:52,21100.0,100,Buy,226111916
2024-07-24 13:07:52,21100.0,500,Buy,226111917
2024-07-24 13:07:52,21100.0,10000,Buy,226111901
2024-07-24 13:07:52,21100.0,3000,Buy,226111903
2024-07-24 13:07:52,21100.0,3000,Buy,226111904
2024-07-24 13:07:52,21100.0,1000,Buy,226111906
2024-07-24 13:07:52,21100.0,2000,Buy,226111905
2024-07-24 13:07:52,21100.0,1400,Buy,226111911
2024-07-24 13:07:52,21100.0,1700,Buy,226111912
2024-07-24 13:07:52,21100.0,1100,Buy,226111913
2024-07-24 13:07:52,21100.0,500,Buy,226111914
2024-07-24 13:07:52,21100.0,500,Buy,226111915
2024-07-24 13:07:52,21100.0,800,Buy,226111910
2024-07-24 13:07:53,21100.0,200,Buy,226111999
2024-07-24 13:07:53,21100.0,500,Buy,226112003
2024-07-24 13:07:53,21100.0,3400,Buy,226112002
2024-07-24 13:07:53,21100.0,500,Buy,226112001
2024-07-24 13:07:53,21100.0,100,Buy,226111998
2024-07-24 13:07:53,21100.0,2000,Buy,226111990
2024-07-24 13:07:53,21100.0,8200,Buy,226111996
2024-07-24 13:07:53,21100.0,200,Buy,226111995
2024-07-24 13:07:53,21100.0,800,Buy,226111994
2024-07-24 13:07:53,21100.0,1200,Buy,226111993
2024-07-24 13:07:53,21100.0,800,Buy,226112004
2024-07-24 13:07:53,21100.0,1000,Buy,226111989
2024-07-24 13:07:53,21100.0,1800,Buy,226111997
2024-07-24 13:07:53,21100.0,100,Buy,226112005
2024-07-24 13:07:53,21100.0,100,Buy,226112012
2024-07-24 13:07:53,21100.0,3000,Buy,226112007
2024-07-24 13:07:53,21100.0,200,Buy,226112008
2024-07-24 13:07:53,21100.0,300,Buy,226112009
2024-07-24 13:07:53,21100.0,700,Buy,226112010
2024-07-24 13:07:53,21100.0,500,Buy,226112011
2024-07-24 13:07:53,21100.0,9400,Buy,226112013
2024-07-24 13:07:53,21100.0,500,Buy,226112014
2024-07-24 13:07:53,21100.0,200,Buy,226112015
2024-07-24 13:07:53,21100.0,3000,Buy,226112016
2024-07-24 13:07:53,21100.0,2500,Buy,226112017
2024-07-24 13:07:53,21100.0,9100,Buy,226112018
2024-07-24 13:07:53,21100.0,2000,Buy,226112019
2024-07-24 13:07:53,21100.0,73300,Buy,226112020
2024-07-24 13:07:53,21100.0,800,Buy,226111988
2024-07-24 13:07:53,21100.0,500,Buy,226112006
2024-07-24 13:07:53,21100.0,2500,Buy,226111986
2024-07-24 13:07:53,21100.0,1000,Buy,226111977
2024-07-24 13:07:53,21100.0,300,Buy,226111984
2024-07-24 13:07:53,21100.0,10000,Buy,226111948
2024-07-24 13:07:53,21100.0,5000,Buy,226111949
2024-07-24 13:07:53,21100.0,500,Buy,226111950
2024-07-24 13:07:53,21100.0,2500,Buy,226111951
2024-07-24 13:07:53,21100.0,200,Buy,226111952
2024-07-24 13:07:53,21100.0,700,Buy,226111985
2024-07-24 13:07:53,21100.0,500,Buy,226111954
2024-07-24 13:07:53,21100.0,500,Buy,226111955
2024-07-24 13:07:53,21100.0,500,Buy,226111956
2024-07-24 13:07:53,21100.0,500,Buy,226111957
2024-07-24 13:07:53,21100.0,700,Buy,226111958
2024-07-24 13:07:53,21100.0,100,Buy,226111959
2024-07-24 13:07:53,21100.0,2000,Buy,226111963
2024-07-24 13:07:53,21100.0,9700,Buy,226111964
2024-07-24 13:07:53,21100.0,300,Buy,226111965
2024-07-24 13:07:53,21100.0,2300,Buy,226111953
2024-07-24 13:07:53,21100.0,17800,Buy,226111967
2024-07-24 13:07:53,21100.0,900,Buy,226111966
2024-07-24 13:07:53,21100.0,700,Buy,226111983
2024-07-24 13:07:53,21100.0,300,Buy,226111982
2024-07-24 13:07:53,21100.0,600,Buy,226111980
2024-07-24 13:07:53,21100.0,3000,Buy,226111979
2024-07-24 13:07:53,21100.0,2000,Buy,226111978
2024-07-24 13:07:53,21100.0,200,Buy,226111981
2024-07-24 13:07:53,21100.0,2300,Buy,226111973
2024-07-24 13:07:53,21100.0,1200,Buy,226111972
2024-07-24 13:07:53,21100.0,3000,Buy,226111971
2024-07-24 13:07:53,21100.0,2000,Buy,226111970
2024-07-24 13:07:53,21100.0,10400,Buy,226111969
2024-07-24 13:07:53,21100.0,1800,Buy,226111968
2024-07-24 13:07:53,21100.0,6000,Buy,226111947
2024-07-24 13:07:54,21100.0,900,Buy,226112064
2024-07-24 13:07:54,21100.0,100,Buy,226112055
2024-07-24 13:07:54,21100.0,4100,Buy,226112056
2024-07-24 13:07:54,21100.0,10000,Buy,226112059
2024-07-24 13:07:54,21100.0,500,Buy,226112060
2024-07-24 13:07:54,21100.0,6000,Buy,226112061
2024-07-24 13:07:54,21100.0,3000,Buy,226112062
2024-07-24 13:07:54,21100.0,1500,Buy,226112063
2024-07-24 13:07:54,21100.0,10000,Buy,226112067
2024-07-24 13:07:54,21100.0,2000,Buy,226112074
2024-07-24 13:07:54,21100.0,3000,Buy,226112069
2024-07-24 13:07:54,21100.0,400,Buy,226112070
2024-07-24 13:07:54,21100.0,500,Buy,226112071
2024-07-24 13:07:54,21100.0,1500,Buy,226112072
2024-07-24 13:07:54,21100.0,200,Buy,226112073
2024-07-24 13:07:54,21100.0,2000,Buy,226112075
2024-07-24 13:07:54,21100.0,200,Buy,226112076
2024-07-24 13:07:54,21100.0,700,Buy,226112077
2024-07-24 13:07:54,21100.0,300,Buy,226112068
2024-07-24 13:07:54,21100.0,500,Buy,226112054
2024-07-24 13:07:54,21100.0,900,Buy,226112052
2024-07-24 13:07:54,21100.0,500,Buy,226112051
2024-07-24 13:07:54,21100.0,600,Buy,226112053
2024-07-24 13:07:54,21100.0,2800,Buy,226112030
2024-07-24 13:07:54,21100.0,2200,Buy,226112031
2024-07-24 13:07:54,21100.0,1000,Buy,226112033
2024-07-24 13:07:54,21100.0,300,Buy,226112034
2024-07-24 13:07:54,21100.0,500,Buy,226112036
2024-07-24 13:07:54,21100.0,1000,Buy,226112037
2024-07-24 13:07:54,21100.0,1000,Buy,226112038
2024-07-24 13:07:54,21100.0,5000,Buy,226112039
2024-07-24 13:07:54,21100.0,100,Buy,226112032
2024-07-24 13:07:54,21100.0,500,Buy,226112041
2024-07-24 13:07:54,21100.0,2000,Buy,226112042
2024-07-24 13:07:54,21100.0,500,Buy,226112043
2024-07-24 13:07:54,21100.0,8800,Buy,226112044
2024-07-24 13:07:54,21100.0,4500,Buy,226112045
2024-07-24 13:07:54,21100.0,10000,Buy,226112046
2024-07-24 13:07:54,21100.0,500,Buy,226112047
2024-07-24 13:07:54,21100.0,1000,Buy,226112040
2024-07-24 13:07:54,21100.0,500,Buy,226112048
2024-07-24 13:07:55,21100.0,1000,Buy,226112125
2024-07-24 13:07:55,21100.0,9200,Buy,226112124
2024-07-24 13:07:55,21100.0,10800,Buy,226112123
2024-07-24 13:07:55,21100.0,10000,Buy,226112122
2024-07-24 13:07:55,21100.0,100,Buy,226112121
2024-07-24 13:07:55,21100.0,200,Buy,226112117
2024-07-24 13:07:55,21100.0,200,Buy,226112119
2024-07-24 13:07:55,21100.0,100,Buy,226112118
2024-07-24 13:07:55,21100.0,1000,Buy,226112115
2024-07-24 13:07:55,21100.0,1000,Buy,226112114
2024-07-24 13:07:55,21100.0,500,Buy,226112136
2024-07-24 13:07:55,21100.0,13000,Buy,226112120
2024-07-24 13:07:55,21100.0,100,Buy,226112137
2024-07-24 13:07:55,21100.0,5900,Buy,226112155
2024-07-24 13:07:55,21100.0,5000,Buy,226112139
2024-07-24 13:07:55,21100.0,10000,Buy,226112140
2024-07-24 13:07:55,21100.0,1000,Buy,226112141
2024-07-24 13:07:55,21100.0,1500,Buy,226112150
2024-07-24 13:07:55,21100.0,1000,Buy,226112151
2024-07-24 13:07:55,21100.0,600,Buy,226112152
2024-07-24 13:07:55,21100.0,500,Buy,226112153
2024-07-24 13:07:55,21100.0,500,Buy,226112154
2024-07-24 13:07:55,21100.0,3400,Buy,226112156
2024-07-24 13:07:55,21100.0,6600,Buy,226112157
2024-07-24 13:07:55,21100.0,5000,Buy,226112158
2024-07-24 13:07:55,21100.0,14000,Buy,226112159
2024-07-24 13:07:55,21100.0,3600,Buy,226112113
2024-07-24 13:07:55,21100.0,500,Buy,226112138
2024-07-24 13:07:55,21100.0,10000,Buy,226112112
2024-07-24 13:07:55,21100.0,200,Buy,226112126
2024-07-24 13:07:55,21100.0,2400,Buy,226112110
2024-07-24 13:07:55,21100.0,5000,Buy,226112111
2024-07-24 13:07:55,21100.0,500,Buy,226112082
2024-07-24 13:07:55,21100.0,400,Buy,226112083
2024-07-24 13:07:55,21100.0,500,Buy,226112084
2024-07-24 13:07:55,21100.0,500,Buy,226112085
2024-07-24 13:07:55,21100.0,800,Buy,226112086
2024-07-24 13:07:55,21100.0,100,Buy,226112087
2024-07-24 13:07:55,21100.0,400,Buy,226112089
2024-07-24 13:07:55,21100.0,600,Buy,226112090
2024-07-24 13:07:55,21100.0,100,Buy,226112091
2024-07-24 13:07:55,21100.0,2000,Buy,226112092
2024-07-24 13:07:55,21100.0,3300,Buy,226112093
2024-07-24 13:07:55,21100.0,1000,Buy,226112094
2024-07-24 13:07:55,21100.0,1000,Buy,226112095
2024-07-24 13:07:55,21100.0,200,Buy,226112088
2024-07-24 13:07:55,21100.0,1300,Buy,226112098
2024-07-24 13:07:55,21100.0,500,Buy,226112097
2024-07-24 13:07:55,21100.0,900,Buy,226112109
2024-07-24 13:07:55,21100.0,100,Buy,226112108
2024-07-24 13:07:55,21100.0,100,Buy,226112107
2024-07-24 13:07:55,21100.0,200,Buy,226112105
2024-07-24 13:07:55,21100.0,1500,Buy,226112104
2024-07-24 13:07:55,21100.0,1800,Buy,226112106
2024-07-24 13:07:55,21100.0,2300,Buy,226112102
2024-07-24 13:07:55,21100.0,2800,Buy,226112101
2024-07-24 13:07:55,21100.0,400,Buy,226112100
2024-07-24 13:07:55,21100.0,300,Buy,226112099
2024-07-24 13:07:55,21100.0,100,Buy,226112081
2024-07-24 13:07:55,21100.0,1100,Buy,226112103
2024-07-24 13:07:56,21100.0,3000,Buy,226112221
2024-07-24 13:07:56,21100.0,1200,Buy,226112215
2024-07-24 13:07:56,21100.0,1000,Buy,226112220
2024-07-24 13:07:56,21100.0,500,Buy,226112219
2024-07-24 13:07:56,21100.0,100,Buy,226112218
2024-07-24 13:07:56,21100.0,1000,Buy,226112217
2024-07-24 13:07:56,21100.0,2500,Buy,226112214
2024-07-24 13:07:56,21100.0,200,Buy,226112207
2024-07-24 13:07:56,21100.0,100,Buy,226112212
2024-07-24 13:07:56,21100.0,600,Buy,226112211
2024-07-24 13:07:56,21100.0,500,Buy,226112210
2024-07-24 13:07:56,21100.0,100,Buy,226112209
2024-07-24 13:07:56,21100.0,2000,Buy,226112208
2024-07-24 13:07:56,21100.0,600,Buy,226112222
2024-07-24 13:07:56,21100.0,1000,Buy,226112213
2024-07-24 13:07:56,21100.0,600,Buy,226112223
2024-07-24 13:07:56,21100.0,200,Buy,226112240
2024-07-24 13:07:56,21100.0,200,Buy,226112227
2024-07-24 13:07:56,21100.0,1000,Buy,226112241
2024-07-24 13:07:56,21100.0,400,Buy,226112206
2024-07-24 13:07:56,21100.0,1000,Buy,226112239
2024-07-24 13:07:56,21100.0,100,Buy,226112238
2024-07-24 13:07:56,21100.0,20000,Buy,226112237
2024-07-24 13:07:56,21100.0,700,Buy,226112236
2024-07-24 13:07:56,21100.0,800,Buy,226112224
2024-07-24 13:07:56,21100.0,1000,Buy,226112235
2024-07-24 13:07:56,21100.0,1500,Buy,226112233
2024-07-24 13:07:56,21100.0,200,Buy,226112232
2024-07-24 13:07:56,21100.0,1000,Buy,226112231
2024-07-24 13:07:56,21100.0,300,Buy,226112230
2024-07-24 13:07:56,21100.0,1900,Buy,226112229
2024-07-24 13:07:56,21100.0,300,Buy,226112228
2024-07-24 13:07:56,21100.0,100,Buy,226112234
2024-07-24 13:07:56,21100.0,1200,Buy,226112205
2024-07-24 13:07:56,21100.0,600,Buy,226112195
2024-07-24 13:07:56,21100.0,100,Buy,226112203
2024-07-24 13:07:56,21100.0,1000,Buy,226112179
2024-07-24 13:07:56,21100.0,1000,Buy,226112178
2024-07-24 13:07:56,21100.0,100,Buy,226112174
2024-07-24 13:07:56,21100.0,2400,Buy,226112173
2024-07-24 13:07:56,21100.0,600,Buy,226112172
2024-07-24 13:07:56,21100.0,400,Buy,226112171
2024-07-24 13:07:56,21100.0,2600,Buy,226112170
2024-07-24 13:07:56,21100.0,100,Buy,226112204
2024-07-24 13:07:56,21100.0,1600,Buy,226112168
2024-07-24 13:07:56,21100.0,5000,Buy,226112167
2024-07-24 13:07:56,21100.0,1900,Buy,226112166
2024-07-24 13:07:56,21100.0,1500,Buy,226112165
2024-07-24 13:07:56,21100.0,1000,Buy,226112164
2024-07-24 13:07:56,21100.0,500,Buy,226112163
2024-07-24 13:07:56,21100.0,500,Buy,226112162
2024-07-24 13:07:56,21100.0,400,Buy,226112180
2024-07-24 13:07:56,21100.0,100,Buy,226112181
2024-07-24 13:07:56,21100.0,400,Buy,226112169
2024-07-24 13:07:56,21100.0,300,Buy,226112183
2024-07-24 13:07:56,21100.0,500,Buy,226112182
2024-07-24 13:07:56,21100.0,8200,Buy,226112202
2024-07-24 13:07:56,21100.0,700,Buy,226112201
2024-07-24 13:07:56,21100.0,500,Buy,226112200
2024-07-24 13:07:56,21100.0,2600,Buy,226112193
2024-07-24 13:07:56,21100.0,100,Buy,226112192
2024-07-24 13:07:56,21100.0,1000,Buy,226112191
2024-07-24 13:07:56,21100.0,3800,Buy,226112194
2024-07-24 13:07:56,21100.0,5800,Buy,226112189
2024-07-24 13:07:56,21100.0,3000,Buy,226112188
2024-07-24 13:07:56,21100.0,3500,Buy,226112187
2024-07-24 13:07:56,21100.0,1100,Buy,226112186
2024-07-24 13:07:56,21100.0,200,Buy,226112185
2024-07-24 13:07:56,21100.0,800,Buy,226112184
2024-07-24 13:07:56,21100.0,200,Buy,226112190
2024-07-24 13:07:57,21100.0,200,Buy,226112288
2024-07-24 13:07:57,21100.0,300,Buy,226112277
2024-07-24 13:07:57,21100.0,3000,Buy,226112279
2024-07-24 13:07:57,21100.0,2000,Buy,226112280
2024-07-24 13:07:57,21100.0,2000,Buy,226112281
2024-07-24 13:07:57,21100.0,1000,Buy,226112282
2024-07-24 13:07:57,21100.0,5000,Buy,226112287
2024-07-24 13:07:57,21100.0,19400,Buy,226112289
2024-07-24 13:07:57,21100.0,500,Buy,226112297
2024-07-24 13:07:57,21100.0,21600,Buy,226112291
2024-07-24 13:07:57,21100.0,3100,Buy,226112292
2024-07-24 13:07:57,21100.0,200,Buy,226112293
2024-07-24 13:07:57,21100.0,1500,Buy,226112294
2024-07-24 13:07:57,21100.0,200,Buy,226112295
2024-07-24 13:07:57,21100.0,500,Buy,226112296
2024-07-24 13:07:57,21100.0,1000,Buy,226112298
2024-07-24 13:07:57,21100.0,8000,Buy,226112299
2024-07-24 13:07:57,21100.0,10000,Buy,226112273
2024-07-24 13:07:57,21100.0,9000,Buy,226112290
2024-07-24 13:07:57,21100.0,200,Buy,226112272
2024-07-24 13:07:57,21100.0,100,Buy,226112278
2024-07-24 13:07:57,21100.0,1100,Buy,226112270
2024-07-24 13:07:57,21100.0,1000,Buy,226112271
2024-07-24 13:07:57,21100.0,2000,Buy,226112246
2024-07-24 13:07:57,21100.0,700,Buy,226112247
2024-07-24 13:07:57,21100.0,300,Buy,226112249
2024-07-24 13:07:57,21100.0,1600,Buy,226112250
2024-07-24 13:07:57,21100.0,1000,Buy,226112251
2024-07-24 13:07:57,21100.0,1000,Buy,226112252
2024-07-24 13:07:57,21100.0,3000,Buy,226112253
2024-07-24 13:07:57,21100.0,2000,Buy,226112256
2024-07-24 13:07:57,21100.0,400,Buy,226112248
2024-07-24 13:07:57,21100.0,10000,Buy,226112258
2024-07-24 13:07:57,21100.0,10000,Buy,226112261
2024-07-24 13:07:57,21100.0,5000,Buy,226112262
2024-07-24 13:07:57,21100.0,500,Buy,226112263
2024-07-24 13:07:57,21100.0,3000,Buy,226112264
2024-07-24 13:07:57,21100.0,200,Buy,226112265
2024-07-24 13:07:57,21100.0,100,Buy,226112267
2024-07-24 13:07:57,21100.0,2000,Buy,226112268
2024-07-24 13:07:57,21100.0,5000,Buy,226112257
2024-07-24 13:07:57,21100.0,5000,Buy,226112269
2024-07-24 13:07:58,21100.0,2000,Buy,226112366
2024-07-24 13:07:58,21100.0,500,Buy,226112365
2024-07-24 13:07:58,21100.0,12800,Buy,226112364
2024-07-24 13:07:58,21100.0,100,Buy,226112363
2024-07-24 13:07:58,21100.0,400,Buy,226112362
2024-07-24 13:07:58,21100.0,1400,Buy,226112361
2024-07-24 13:07:58,21100.0,200,Buy,226112351
2024-07-24 13:07:58,21100.0,10000,Buy,226112358
2024-07-24 13:07:58,21100.0,2400,Buy,226112352
2024-07-24 13:07:58,21100.0,4000,Buy,226112350
2024-07-24 13:07:58,21100.0,300,Buy,226112349
2024-07-24 13:07:58,21100.0,1000,Buy,226112367
2024-07-24 13:07:58,21100.0,700,Buy,226112359
2024-07-24 13:07:58,21100.0,8500,Buy,226112368
2024-07-24 13:07:58,21100.0,300,Buy,226112384
2024-07-24 13:07:58,21100.0,100,Buy,226112370
2024-07-24 13:07:58,21100.0,200,Buy,226112390
2024-07-24 13:07:58,21100.0,1000,Buy,226112389
2024-07-24 13:07:58,21100.0,500,Buy,226112388
2024-07-24 13:07:58,21100.0,2000,Buy,226112387
2024-07-24 13:07:58,21100.0,1500,Buy,226112386
2024-07-24 13:07:58,21100.0,400,Buy,226112385
2024-07-24 13:07:58,21100.0,500,Buy,226112369
2024-07-24 13:07:58,21100.0,3400,Buy,226112348
2024-07-24 13:07:58,21100.0,100,Buy,226112382
2024-07-24 13:07:58,21100.0,1000,Buy,226112381
2024-07-24 13:07:58,21100.0,200,Buy,226112380
2024-07-24 13:07:58,21100.0,200,Buy,226112379
2024-07-24 13:07:58,21100.0,100,Buy,226112378
2024-07-24 13:07:58,21100.0,900,Buy,226112371
2024-07-24 13:07:58,21100.0,200,Buy,226112383
2024-07-24 13:07:58,21100.0,3000,Buy,226112347
2024-07-24 13:07:58,21100.0,200,Buy,226112360
2024-07-24 13:07:58,21100.0,1600,Buy,226112345
2024-07-24 13:07:58,21100.0,1200,Buy,226112317
2024-07-24 13:07:58,21100.0,1000,Buy,226112316
2024-07-24 13:07:58,21100.0,2200,Buy,226112313
2024-07-24 13:07:58,21100.0,400,Buy,226112312
2024-07-24 13:07:58,21100.0,1000,Buy,226112311
2024-07-24 13:07:58,21100.0,100,Buy,226112310
2024-07-24 13:07:58,21100.0,700,Buy,226112318
2024-07-24 13:07:58,21100.0,1000,Buy,226112308
2024-07-24 13:07:58,21100.0,100,Buy,226112306
2024-07-24 13:07:58,21100.0,500,Buy,226112305
2024-07-24 13:07:58,21100.0,1000,Buy,226112304
2024-07-24 13:07:58,21100.0,2000,Buy,226112303
2024-07-24 13:07:58,21100.0,5000,Buy,226112300
2024-07-24 13:07:58,21100.0,100,Buy,226112346
2024-07-24 13:07:58,21100.0,500,Buy,226112307
2024-07-24 13:07:58,21100.0,600,Buy,226112328
2024-07-24 13:07:58,21100.0,1200,Buy,226112309
2024-07-24 13:07:58,21100.0,900,Buy,226112330
2024-07-24 13:07:58,21100.0,500,Buy,226112344
2024-07-24 13:07:58,21100.0,3000,Buy,226112329
2024-07-24 13:07:58,21100.0,700,Buy,226112343
2024-07-24 13:07:58,21100.0,100,Buy,226112342
2024-07-24 13:07:58,21100.0,700,Buy,226112341
2024-07-24 13:07:58,21100.0,100,Buy,226112339
2024-07-24 13:07:58,21100.0,200,Buy,226112338
2024-07-24 13:07:58,21100.0,300,Buy,226112340
2024-07-24 13:07:58,21100.0,100,Buy,226112336
2024-07-24 13:07:58,21100.0,100,Buy,226112335
2024-07-24 13:07:58,21100.0,500,Buy,226112334
2024-07-24 13:07:58,21100.0,200,Buy,226112333
2024-07-24 13:07:58,21100.0,1400,Buy,226112332
2024-07-24 13:07:58,21100.0,600,Buy,226112331
2024-07-24 13:07:58,21100.0,500,Buy,226112337
2024-07-24 13:07:59,21100.0,22500,Buy,226112461
2024-07-24 13:07:59,21100.0,2400,Buy,226112455
2024-07-24 13:07:59,21100.0,2500,Buy,226112460
2024-07-24 13:07:59,21100.0,2000,Buy,226112459
2024-07-24 13:07:59,21100.0,5500,Buy,226112458
2024-07-24 13:07:59,21100.0,100,Buy,226112457
2024-07-24 13:07:59,21100.0,5000,Buy,226112456
2024-07-24 13:07:59,21100.0,4000,Buy,226112454
2024-07-24 13:07:59,21100.0,300,Buy,226112447
2024-07-24 13:07:59,21100.0,100,Buy,226112452
2024-07-24 13:07:59,21100.0,50000,Buy,226112451
2024-07-24 13:07:59,21100.0,3000,Buy,226112450
2024-07-24 13:07:59,21100.0,1000,Buy,226112449
2024-07-24 13:07:59,21100.0,4500,Buy,226112448
2024-07-24 13:07:59,21100.0,100,Buy,226112446
2024-07-24 13:07:59,21100.0,200,Buy,226112462
2024-07-24 13:07:59,21100.0,100,Buy,226112453
2024-07-24 13:07:59,21100.0,10000,Buy,226112445
2024-07-24 13:07:59,21100.0,2000,Buy,226112482
2024-07-24 13:07:59,21100.0,100,Buy,226112464
2024-07-24 13:07:59,21100.0,500,Buy,226112484
2024-07-24 13:07:59,21100.0,100,Buy,226112483
2024-07-24 13:07:59,21100.0,100,Buy,226112481
2024-07-24 13:07:59,21100.0,3500,Buy,226112480
2024-07-24 13:07:59,21100.0,700,Buy,226112479
2024-07-24 13:07:59,21100.0,600,Buy,226112478
2024-07-24 13:07:59,21100.0,500,Buy,226112477
2024-07-24 13:07:59,21100.0,300,Buy,226112463
2024-07-24 13:07:59,21100.0,1500,Buy,226112476
2024-07-24 13:07:59,21100.0,500,Buy,226112474
2024-07-24 13:07:59,21100.0,700,Buy,226112473
2024-07-24 13:07:59,21100.0,200,Buy,226112469
2024-07-24 13:07:59,21100.0,400,Buy,226112468
2024-07-24 13:07:59,21100.0,100,Buy,226112467
2024-07-24 13:07:59,21100.0,900,Buy,226112466
2024-07-24 13:07:59,21100.0,2000,Buy,226112465
2024-07-24 13:07:59,21100.0,2000,Buy,226112475
2024-07-24 13:07:59,21100.0,1000,Buy,226112444
2024-07-24 13:07:59,21100.0,400,Buy,226112418
2024-07-24 13:07:59,21100.0,2500,Buy,226112442
2024-07-24 13:07:59,21100.0,500,Buy,226112414
2024-07-24 13:07:59,21100.0,500,Buy,226112413
2024-07-24 13:07:59,21100.0,100,Buy,226112412
2024-07-24 13:07:59,21100.0,1000,Buy,226112411
2024-07-24 13:07:59,21100.0,1000,Buy,226112410
2024-07-24 13:07:59,21100.0,800,Buy,226112409
2024-07-24 13:07:59,21100.0,200,Buy,226112408
2024-07-24 13:07:59,21100.0,10000,Buy,226112415
2024-07-24 13:07:59,21100.0,300,Buy,226112406
2024-07-24 13:07:59,21100.0,1000,Buy,226112398
2024-07-24 13:07:59,21100.0,600,Buy,226112397
2024-07-24 13:07:59,21100.0,1100,Buy,226112396
2024-07-24 13:07:59,21100.0,800,Buy,226112395
2024-07-24 13:07:59,21100.0,2000,Buy,226112394
2024-07-24 13:07:59,21100.0,2000,Buy,226112393
2024-07-24 13:07:59,21100.0,3900,Buy,226112443
2024-07-24 13:07:59,21100.0,1000,Buy,226112405
2024-07-24 13:07:59,21100.0,6000,Buy,226112416
2024-07-24 13:07:59,21100.0,500,Buy,226112407
2024-07-24 13:07:59,21100.0,300,Buy,226112419
2024-07-24 13:07:59,21100.0,700,Buy,226112417
2024-07-24 13:07:59,21100.0,800,Buy,226112441
2024-07-24 13:07:59,21100.0,200,Buy,226112440
2024-07-24 13:07:59,21100.0,1400,Buy,226112439
2024-07-24 13:07:59,21100.0,11100,Buy,226112438
2024-07-24 13:07:59,21100.0,1000,Buy,226112437
2024-07-24 13:07:59,21100.0,1600,Buy,226112435
2024-07-24 13:07:59,21100.0,500,Buy,226112428
2024-07-24 13:07:59,21100.0,1000,Buy,226112436
2024-07-24 13:07:59,21100.0,4900,Buy,226112426
2024-07-24 13:07:59,21100.0,700,Buy,226112425
2024-07-24 13:07:59,21100.0,100,Buy,226112424
2024-07-24 13:07:59,21100.0,2100,Buy,226112423
2024-07-24 13:07:59,21100.0,2200,Buy,226112422
2024-07-24 13:07:59,21100.0,1000,Buy,226112421
2024-07-24 13:07:59,21100.0,500,Buy,226112420
2024-07-24 13:07:59,21100.0,1000,Buy,226112427
2024-07-24 13:08:00,21100.0,200,Buy,226112618
2024-07-24 13:08:00,21100.0,700,Buy,226112624
2024-07-24 13:08:00,21100.0,500,Buy,226112619
2024-07-24 13:08:00,21100.0,500,Buy,226112620
2024-07-24 13:08:00,21100.0,200,Buy,226112621
2024-07-24 13:08:00,21100.0,200,Buy,226112622
2024-07-24 13:08:00,21100.0,2600,Buy,226112623
2024-07-24 13:08:00,21100.0,300,Buy,226112625
2024-07-24 13:08:00,21100.0,100,Buy,226112635
2024-07-24 13:08:00,21100.0,2500,Buy,226112627
2024-07-24 13:08:00,21100.0,100,Buy,226112628
2024-07-24 13:08:00,21100.0,300,Buy,226112630
2024-07-24 13:08:00,21100.0,3000,Buy,226112631
2024-07-24 13:08:00,21100.0,100,Buy,226112632
2024-07-24 13:08:00,21100.0,1000,Buy,226112633
2024-07-24 13:08:00,21100.0,1000,Buy,226112634
2024-07-24 13:08:00,21100.0,2300,Buy,226112617
2024-07-24 13:08:00,21100.0,2000,Buy,226112626
2024-07-24 13:08:00,21100.0,700,Buy,226112616
2024-07-24 13:08:00,21100.0,2000,Buy,226112596
2024-07-24 13:08:00,21100.0,100,Buy,226112614
2024-07-24 13:08:00,21100.0,100,Buy,226112636
2024-07-24 13:08:00,21100.0,700,Buy,226112597
2024-07-24 13:08:00,21100.0,28000,Buy,226112598
2024-07-24 13:08:00,21100.0,4000,Buy,226112599
2024-07-24 13:08:00,21100.0,5000,Buy,226112600
2024-07-24 13:08:00,21100.0,1000,Buy,226112601
2024-07-24 13:08:00,21100.0,1000,Buy,226112602
2024-07-24 13:08:00,21100.0,1000,Buy,226112603
2024-07-24 13:08:00,21100.0,500,Buy,226112604
2024-07-24 13:08:00,21100.0,1000,Buy,226112605
2024-07-24 13:08:00,21100.0,500,Buy,226112606
2024-07-24 13:08:00,21100.0,100,Buy,226112607
2024-07-24 13:08:00,21100.0,12000,Buy,226112608
2024-07-24 13:08:00,21100.0,600,Buy,226112609
2024-07-24 13:08:00,21100.0,1000,Buy,226112610
2024-07-24 13:08:00,21100.0,400,Buy,226112611
2024-07-24 13:08:00,21100.0,600,Buy,226112613
2024-07-24 13:08:00,21100.0,200,Buy,226112615
2024-07-24 13:08:00,21100.0,100,Buy,226112637
2024-07-24 13:08:00,21100.0,100,Buy,226112666
2024-07-24 13:08:00,21100.0,3000,Buy,226112639
2024-07-24 13:08:00,21100.0,100,Buy,226112674
2024-07-24 13:08:00,21100.0,2700,Buy,226112675
2024-07-24 13:08:00,21100.0,1000,Buy,226112676
2024-07-24 13:08:00,21100.0,2500,Buy,226112677
2024-07-24 13:08:00,21100.0,500,Buy,226112678
2024-07-24 13:08:00,21100.0,1300,Buy,226112679
2024-07-24 13:08:00,21100.0,1000,Buy,226112680
2024-07-24 13:08:00,21100.0,3000,Buy,226112681
2024-07-24 13:08:00,21100.0,100,Buy,226112682
2024-07-24 13:08:00,21100.0,200,Buy,226112683
2024-07-24 13:08:00,21100.0,100,Buy,226112684
2024-07-24 13:08:00,21100.0,100,Buy,226112685
2024-07-24 13:08:00,21100.0,200,Buy,226112686
2024-07-24 13:08:00,21100.0,1800,Buy,226112687
2024-07-24 13:08:00,21100.0,100,Buy,226112688
2024-07-24 13:08:00,21100.0,1900,Buy,226112689
2024-07-24 13:08:00,21100.0,100,Buy,226112690
2024-07-24 13:08:00,21100.0,200,Buy,226112673
2024-07-24 13:08:00,21100.0,400,Buy,226112638
2024-07-24 13:08:00,21100.0,2000,Buy,226112670
2024-07-24 13:08:00,21100.0,5800,Buy,226112667
2024-07-24 13:08:00,21100.0,200,Buy,226112640
2024-07-24 13:08:00,21100.0,500,Buy,226112641
2024-07-24 13:08:00,21100.0,600,Buy,226112642
2024-07-24 13:08:00,21100.0,1500,Buy,226112643
2024-07-24 13:08:00,21100.0,900,Buy,226112644
2024-07-24 13:08:00,21100.0,200,Buy,226112645
2024-07-24 13:08:00,21100.0,700,Buy,226112646
2024-07-24 13:08:00,21100.0,3000,Buy,226112647
2024-07-24 13:08:00,21100.0,100,Buy,226112648
2024-07-24 13:08:00,21100.0,100,Buy,226112649
2024-07-24 13:08:00,21100.0,600,Buy,226112650
2024-07-24 13:08:00,21100.0,100,Buy,226112661
2024-07-24 13:08:00,21100.0,1900,Buy,226112662
2024-07-24 13:08:00,21100.0,1000,Buy,226112663
2024-07-24 13:08:00,21100.0,200,Buy,226112664
2024-07-24 13:08:00,21100.0,5300,Buy,226112665
2024-07-24 13:08:00,21100.0,100,Buy,226112595
2024-07-24 13:08:00,21100.0,10000,Buy,226112669
2024-07-24 13:08:00,21100.0,3000,Buy,226112594
2024-07-24 13:08:00,21100.0,700,Buy,226112612
2024-07-24 13:08:00,21100.0,4100,Buy,226112592
2024-07-24 13:08:00,21100.0,1000,Buy,226112513
2024-07-24 13:08:00,21100.0,100,Buy,226112514
2024-07-24 13:08:00,21100.0,200,Buy,226112515
2024-07-24 13:08:00,21100.0,200,Buy,226112516
2024-07-24 13:08:00,21100.0,1500,Buy,226112530
2024-07-24 13:08:00,21100.0,700,Buy,226112531
2024-07-24 13:08:00,21100.0,40400,Buy,226112532
2024-07-24 13:08:00,21100.0,500,Buy,226112533
2024-07-24 13:08:00,21100.0,1000,Buy,226112535
2024-07-24 13:08:00,21100.0,3000,Buy,226112536
2024-07-24 13:08:00,21100.0,5100,Buy,226112537
2024-07-24 13:08:00,21100.0,3000,Buy,226112538
2024-07-24 13:08:00,21100.0,1100,Buy,226112539
2024-07-24 13:08:00,21100.0,400,Buy,226112540
2024-07-24 13:08:00,21100.0,500,Buy,226112541
2024-07-24 13:08:00,21100.0,200,Buy,226112542
2024-07-24 13:08:00,21100.0,12500,Buy,226112543
2024-07-24 13:08:00,21100.0,5000,Buy,226112512
2024-07-24 13:08:00,21100.0,500,Buy,226112511
2024-07-24 13:08:00,21100.0,400,Buy,226112510
2024-07-24 13:08:00,21100.0,600,Buy,226112508
2024-07-24 13:08:00,21100.0,6800,Buy,226112490
2024-07-24 13:08:00,21100.0,2500,Buy,226112491
2024-07-24 13:08:00,21100.0,700,Buy,226112492
2024-07-24 13:08:00,21100.0,100,Buy,226112493
2024-07-24 13:08:00,21100.0,500,Buy,226112593
2024-07-24 13:08:00,21100.0,1000,Buy,226112495
2024-07-24 13:08:00,21100.0,500,Buy,226112496
2024-07-24 13:08:00,21100.0,200,Buy,226112497
2024-07-24 13:08:00,21100.0,800,Buy,226112544
2024-07-24 13:08:00,21100.0,500,Buy,226112498
2024-07-24 13:08:00,21100.0,2000,Buy,226112500
2024-07-24 13:08:00,21100.0,200,Buy,226112501
2024-07-24 13:08:00,21100.0,5300,Buy,226112502
2024-07-24 13:08:00,21100.0,100,Buy,226112503
2024-07-24 13:08:00,21100.0,500,Buy,226112504
2024-07-24 13:08:00,21100.0,3500,Buy,226112505
2024-07-24 13:08:00,21100.0,600,Buy,226112506
2024-07-24 13:08:00,21100.0,2400,Buy,226112507
2024-07-24 13:08:00,21100.0,11500,Buy,226112499
2024-07-24 13:08:00,21100.0,1000,Buy,226112545
2024-07-24 13:08:00,21100.0,3000,Buy,226112494
2024-07-24 13:08:00,21100.0,200,Buy,226112547
2024-07-24 13:08:00,21100.0,300,Buy,226112569
2024-07-24 13:08:00,21100.0,7000,Buy,226112570
2024-07-24 13:08:00,21100.0,500,Buy,226112571
2024-07-24 13:08:00,21100.0,100,Buy,226112572
2024-07-24 13:08:00,21100.0,100,Buy,226112573
2024-07-24 13:08:00,21100.0,1800,Buy,226112574
2024-07-24 13:08:00,21100.0,900,Buy,226112575
2024-07-24 13:08:00,21100.0,100,Buy,226112576
2024-07-24 13:08:00,21100.0,6000,Buy,226112577
2024-07-24 13:08:00,21100.0,400,Buy,226112578
2024-07-24 13:08:00,21100.0,200,Buy,226112579
2024-07-24 13:08:00,21100.0,1000,Buy,226112580
2024-07-24 13:08:00,21100.0,6000,Buy,226112581
2024-07-24 13:08:00,21100.0,7800,Buy,226112582
2024-07-24 13:08:00,21100.0,400,Buy,226112590
2024-07-24 13:08:00,21100.0,200,Buy,226112591
2024-07-24 13:08:00,21100.0,3000,Buy,226112546
2024-07-24 13:08:00,21100.0,15800,Buy,226112568
2024-07-24 13:08:00,21100.0,3500,Buy,226112567
2024-07-24 13:08:00,21100.0,100,Buy,226112589
2024-07-24 13:08:00,21100.0,500,Buy,226112565
2024-07-24 13:08:00,21100.0,1900,Buy,226112549
2024-07-24 13:08:00,21100.0,100,Buy,226112566
2024-07-24 13:08:00,21100.0,4300,Buy,226112551
2024-07-24 13:08:00,21100.0,1000,Buy,226112552
2024-07-24 13:08:00,21100.0,300,Buy,226112553
2024-07-24 13:08:00,21100.0,24000,Buy,226112554
2024-07-24 13:08:00,21100.0,300,Buy,226112555
2024-07-24 13:08:00,21100.0,100,Buy,226112556
2024-07-24 13:08:00,21100.0,2000,Buy,226112550
2024-07-24 13:08:00,21100.0,500,Buy,226112558
2024-07-24 13:08:00,21100.0,1700,Buy,226112564
2024-07-24 13:08:00,21100.0,100,Buy,226112557
2024-07-24 13:08:00,21100.0,400,Buy,226112563
2024-07-24 13:08:00,21100.0,4000,Buy,226112548
2024-07-24 13:08:00,21100.0,3000,Buy,226112561
2024-07-24 13:08:00,21100.0,100,Buy,226112559
2024-07-24 13:08:00,21100.0,300,Buy,226112560
2024-07-24 13:08:00,21100.0,7600,Buy,226112562
2024-07-24 13:08:01,21100.0,300,Buy,226112800
2024-07-24 13:08:01,21100.0,1500,Buy,226112801
2024-07-24 13:08:01,21100.0,100,Buy,226112802
2024-07-24 13:08:01,21100.0,1700,Buy,226112803
2024-07-24 13:08:01,21100.0,4500,Buy,226112804
2024-07-24 13:08:01,21100.0,500,Buy,226112818
2024-07-24 13:08:01,21100.0,200,Buy,226112805
2024-07-24 13:08:01,21100.0,100,Buy,226112806
2024-07-24 13:08:01,21100.0,2400,Buy,226112808
2024-07-24 13:08:01,21100.0,100,Buy,226112810
2024-07-24 13:08:01,21100.0,100,Buy,226112811
2024-07-24 13:08:01,21100.0,1800,Buy,226112812
2024-07-24 13:08:01,21100.0,100,Buy,226112816
2024-07-24 13:08:01,21100.0,1300,Buy,226112799
2024-07-24 13:08:01,21100.0,300,Buy,226112817
2024-07-24 13:08:01,21100.0,300,Buy,226112807
2024-07-24 13:08:01,21100.0,500,Buy,226112809
2024-07-24 13:08:01,21100.0,3100,Buy,226112789
2024-07-24 13:08:01,21100.0,2700,Buy,226112797
2024-07-24 13:08:01,21100.0,100,Buy,226112779
2024-07-24 13:08:01,21100.0,500,Buy,226112819
2024-07-24 13:08:01,21100.0,300,Buy,226112780
2024-07-24 13:08:01,21100.0,100,Buy,226112781
2024-07-24 13:08:01,21100.0,200,Buy,226112782
2024-07-24 13:08:01,21100.0,1000,Buy,226112783
2024-07-24 13:08:01,21100.0,1000,Buy,226112784
2024-07-24 13:08:01,21100.0,400,Buy,226112785
2024-07-24 13:08:01,21100.0,200,Buy,226112786
2024-07-24 13:08:01,21100.0,1000,Buy,226112787
2024-07-24 13:08:01,21100.0,300,Buy,226112788
2024-07-24 13:08:01,21100.0,5000,Buy,226112793
2024-07-24 13:08:01,21100.0,2000,Buy,226112794
2024-07-24 13:08:01,21100.0,200,Buy,226112795
2024-07-24 13:08:01,21100.0,4700,Buy,226112796
2024-07-24 13:08:01,21100.0,200,Buy,226112798
2024-07-24 13:08:01,21100.0,600,Buy,226112820
2024-07-24 13:08:01,21100.0,100,Buy,226112842
2024-07-24 13:08:01,21100.0,3900,Buy,226112822
2024-07-24 13:08:01,21100.0,3000,Buy,226112845
2024-07-24 13:08:01,21100.0,3000,Buy,226112846
2024-07-24 13:08:01,21100.0,200,Buy,226112847
2024-07-24 13:08:01,21100.0,300,Buy,226112848
2024-07-24 13:08:01,21100.0,500,Buy,226112849
2024-07-24 13:08:01,21100.0,2500,Buy,226112850
2024-07-24 13:08:01,21100.0,4700,Buy,226112851
2024-07-24 13:08:01,21100.0,100,Buy,226112852
2024-07-24 13:08:01,21100.0,300,Buy,226112853
2024-07-24 13:08:01,21100.0,100,Buy,226112854
2024-07-24 13:08:01,21100.0,100,Buy,226112855
2024-07-24 13:08:01,21100.0,4700,Buy,226112856
2024-07-24 13:08:01,21100.0,100,Buy,226112857
2024-07-24 13:08:01,21100.0,3000,Buy,226112858
2024-07-24 13:08:01,21100.0,200,Buy,226112778
2024-07-24 13:08:01,21100.0,500,Buy,226112844
2024-07-24 13:08:01,21100.0,3500,Buy,226112821
2024-07-24 13:08:01,21100.0,100,Buy,226112843
2024-07-24 13:08:01,21100.0,2000,Buy,226112840
2024-07-24 13:08:01,21100.0,500,Buy,226112823
2024-07-24 13:08:01,21100.0,100,Buy,226112824
2024-07-24 13:08:01,21100.0,500,Buy,226112825
2024-07-24 13:08:01,21100.0,1000,Buy,226112828
2024-07-24 13:08:01,21100.0,500,Buy,226112829
2024-07-24 13:08:01,21100.0,1000,Buy,226112830
2024-07-24 13:08:01,21100.0,100,Buy,226112831
2024-07-24 13:08:01,21100.0,100,Buy,226112832
2024-07-24 13:08:01,21100.0,100,Buy,226112833
2024-07-24 13:08:01,21100.0,2000,Buy,226112834
2024-07-24 13:08:01,21100.0,200,Buy,226112835
2024-07-24 13:08:01,21100.0,700,Buy,226112836
2024-07-24 13:08:01,21100.0,500,Buy,226112837
2024-07-24 13:08:01,21100.0,900,Buy,226112838
2024-07-24 13:08:01,21100.0,600,Buy,226112839
2024-07-24 13:08:01,21100.0,300,Buy,226112841
2024-07-24 13:08:01,21100.0,300,Buy,226112777
2024-07-24 13:08:01,21100.0,2500,Buy,226112707
2024-07-24 13:08:01,21100.0,300,Buy,226112775
2024-07-24 13:08:01,21100.0,100,Buy,226112717
2024-07-24 13:08:01,21100.0,2000,Buy,226112718
2024-07-24 13:08:01,21100.0,100,Buy,226112719
2024-07-24 13:08:01,21100.0,8300,Buy,226112720
2024-07-24 13:08:01,21100.0,10000,Buy,226112721
2024-07-24 13:08:01,21100.0,8500,Buy,226112722
2024-07-24 13:08:01,21100.0,1000,Buy,226112723
2024-07-24 13:08:01,21100.0,500,Buy,226112724
2024-07-24 13:08:01,21100.0,100,Buy,226112725
2024-07-24 13:08:01,21100.0,3000,Buy,226112726
2024-07-24 13:08:01,21100.0,1000,Buy,226112727
2024-07-24 13:08:01,21100.0,700,Buy,226112728
2024-07-24 13:08:01,21100.0,1500,Buy,226112729
2024-07-24 13:08:01,21100.0,1500,Buy,226112730
2024-07-24 13:08:01,21100.0,8500,Buy,226112731
2024-07-24 13:08:01,21100.0,400,Buy,226112716
2024-07-24 13:08:01,21100.0,1000,Buy,226112732
2024-07-24 13:08:01,21100.0,200,Buy,226112713
2024-07-24 13:08:01,21100.0,5000,Buy,226112711
2024-07-24 13:08:01,21100.0,1000,Buy,226112776
2024-07-24 13:08:01,21100.0,500,Buy,226112696
2024-07-24 13:08:01,21100.0,100,Buy,226112697
2024-07-24 13:08:01,21100.0,100,Buy,226112698
2024-07-24 13:08:01,21100.0,200,Buy,226112699
2024-07-24 13:08:01,21100.0,100,Buy,226112700
2024-07-24 13:08:01,21100.0,2000,Buy,226112701
2024-07-24 13:08:01,21100.0,100,Buy,226112702
2024-07-24 13:08:01,21100.0,100,Buy,226112703
2024-07-24 13:08:01,21100.0,200,Buy,226112704
2024-07-24 13:08:01,21100.0,500,Buy,226112705
2024-07-24 13:08:01,21100.0,900,Buy,226112706
2024-07-24 13:08:01,21100.0,500,Buy,226112708
2024-07-24 13:08:01,21100.0,100,Buy,226112709
2024-07-24 13:08:01,21100.0,100,Buy,226112710
2024-07-24 13:08:01,21100.0,6600,Buy,226112712
2024-07-24 13:08:01,21100.0,1000,Buy,226112733
2024-07-24 13:08:01,21100.0,1500,Buy,226112714
2024-07-24 13:08:01,21100.0,600,Buy,226112735
2024-07-24 13:08:01,21100.0,2500,Buy,226112758
2024-07-24 13:08:01,21100.0,500,Buy,226112759
2024-07-24 13:08:01,21100.0,800,Buy,226112760
2024-07-24 13:08:01,21100.0,500,Buy,226112763
2024-07-24 13:08:01,21100.0,100,Buy,226112764
2024-07-24 13:08:01,21100.0,300,Buy,226112765
2024-07-24 13:08:01,21100.0,300,Buy,226112766
2024-07-24 13:08:01,21100.0,300,Buy,226112767
2024-07-24 13:08:01,21100.0,3800,Buy,226112768
2024-07-24 13:08:01,21100.0,100,Buy,226112769
2024-07-24 13:08:01,21100.0,1500,Buy,226112770
2024-07-24 13:08:01,21100.0,500,Buy,226112771
2024-07-24 13:08:01,21100.0,300,Buy,226112772
2024-07-24 13:08:01,21100.0,300,Buy,226112773
2024-07-24 13:08:01,21100.0,1200,Buy,226112734
2024-07-24 13:08:01,21100.0,500,Buy,226112757
2024-07-24 13:08:01,21100.0,600,Buy,226112756
2024-07-24 13:08:01,21100.0,1000,Buy,226112774
2024-07-24 13:08:01,21100.0,200,Buy,226112736
2024-07-24 13:08:01,21100.0,1000,Buy,226112737
2024-07-24 13:08:01,21100.0,2000,Buy,226112738
2024-07-24 13:08:01,21100.0,1000,Buy,226112739
2024-07-24 13:08:01,21100.0,400,Buy,226112740
2024-07-24 13:08:01,21100.0,1400,Buy,226112755
2024-07-24 13:08:01,21100.0,200,Buy,226112742
2024-07-24 13:08:01,21100.0,2500,Buy,226112743
2024-07-24 13:08:01,21100.0,300,Buy,226112741
2024-07-24 13:08:01,21100.0,500,Buy,226112745
2024-07-24 13:08:01,21100.0,1000,Buy,226112749
2024-07-24 13:08:01,21100.0,500,Buy,226112750
2024-07-24 13:08:01,21100.0,1500,Buy,226112751
2024-07-24 13:08:01,21100.0,300,Buy,226112752
2024-07-24 13:08:01,21100.0,100,Buy,226112753
2024-07-24 13:08:01,21100.0,600,Buy,226112754
2024-07-24 13:08:01,21100.0,1800,Buy,226112744
2024-07-24 13:08:02,21100.0,300,Buy,226112986
2024-07-24 13:08:02,21100.0,100,Buy,226112987
2024-07-24 13:08:02,21100.0,1100,Buy,226112988
2024-07-24 13:08:02,21100.0,1000,Buy,226112989
2024-07-24 13:08:02,21100.0,200,Buy,226112990
2024-07-24 13:08:02,21100.0,100,Buy,226112991
2024-07-24 13:08:02,21100.0,600,Buy,226112993
2024-07-24 13:08:02,21100.0,1700,Buy,226113002
2024-07-24 13:08:02,21100.0,400,Buy,226112995
2024-07-24 13:08:02,21100.0,500,Buy,226112996
2024-07-24 13:08:02,21100.0,900,Buy,226112997
2024-07-24 13:08:02,21100.0,100,Buy,226112998
2024-07-24 13:08:02,21100.0,900,Buy,226112999
2024-07-24 13:08:02,21100.0,600,Buy,226113000
2024-07-24 13:08:02,21100.0,200,Buy,226112985
2024-07-24 13:08:02,21100.0,100,Buy,226113001
2024-07-24 13:08:02,21100.0,400,Buy,226112994
2024-07-24 13:08:02,21100.0,100,Buy,226112984
2024-07-24 13:08:02,21100.0,100,Buy,226112974
2024-07-24 13:08:02,21100.0,400,Buy,226112951
2024-07-24 13:08:02,21100.0,100,Buy,226112952
2024-07-24 13:08:02,21100.0,500,Buy,226112966
2024-07-24 13:08:02,21100.0,500,Buy,226112967
2024-07-24 13:08:02,21100.0,1000,Buy,226112968
2024-07-24 13:08:02,21100.0,300,Buy,226112969
2024-07-24 13:08:02,21100.0,2000,Buy,226112970
2024-07-24 13:08:02,21100.0,200,Buy,226112971
2024-07-24 13:08:02,21100.0,2300,Buy,226112972
2024-07-24 13:08:02,21100.0,600,Buy,226112973
2024-07-24 13:08:02,21100.0,500,Buy,226112975
2024-07-24 13:08:02,21100.0,100,Buy,226112976
2024-07-24 13:08:02,21100.0,5000,Buy,226112977
2024-07-24 13:08:02,21100.0,500,Buy,226112979
2024-07-24 13:08:02,21100.0,3300,Buy,226112980
2024-07-24 13:08:02,21100.0,1000,Buy,226112981
2024-07-24 13:08:02,21100.0,5000,Buy,226112983
2024-07-24 13:08:02,21100.0,500,Buy,226113003
2024-07-24 13:08:02,21100.0,100,Buy,226113048
2024-07-24 13:08:02,21100.0,100,Buy,226113005
2024-07-24 13:08:02,21100.0,100,Buy,226113034
2024-07-24 13:08:02,21100.0,200,Buy,226113035
2024-07-24 13:08:02,21100.0,3000,Buy,226113036
2024-07-24 13:08:02,21100.0,500,Buy,226113037
2024-07-24 13:08:02,21100.0,100,Buy,226113038
2024-07-24 13:08:02,21100.0,2000,Buy,226113039
2024-07-24 13:08:02,21100.0,100,Buy,226113040
2024-07-24 13:08:02,21100.0,5000,Buy,226113041
2024-07-24 13:08:02,21100.0,4000,Buy,226113042
2024-07-24 13:08:02,21100.0,4000,Buy,226113043
2024-07-24 13:08:02,21100.0,2000,Buy,226113044
2024-07-24 13:08:02,21100.0,500,Buy,226113045
2024-07-24 13:08:02,21100.0,10000,Buy,226113046
2024-07-24 13:08:02,21100.0,5000,Buy,226113047
2024-07-24 13:08:02,21150.0,1000,Buy,226113051
2024-07-24 13:08:02,21100.0,1000,Buy,226113033
2024-07-24 13:08:02,21100.0,1000,Buy,226113032
2024-07-24 13:08:02,21100.0,5000,Buy,226113031
2024-07-24 13:08:02,21100.0,1000,Buy,226113030
2024-07-24 13:08:02,21100.0,3000,Buy,226113006
2024-07-24 13:08:02,21100.0,500,Buy,226113007
2024-07-24 13:08:02,21100.0,1100,Buy,226113008
2024-07-24 13:08:02,21100.0,200,Buy,226113009
2024-07-24 13:08:02,21100.0,1000,Buy,226113010
2024-07-24 13:08:02,21100.0,800,Buy,226113011
2024-07-24 13:08:02,21100.0,200,Buy,226113012
2024-07-24 13:08:02,21100.0,2100,Buy,226113004
2024-07-24 13:08:02,21100.0,300,Buy,226113013
2024-07-24 13:08:02,21100.0,500,Buy,226113015
2024-07-24 13:08:02,21100.0,2000,Buy,226113016
2024-07-24 13:08:02,21100.0,800,Buy,226113017
2024-07-24 13:08:02,21100.0,1000,Buy,226113026
2024-07-24 13:08:02,21100.0,1000,Buy,226113027
2024-07-24 13:08:02,21100.0,1000,Buy,226113028
2024-07-24 13:08:02,21100.0,44100,Buy,226113029
2024-07-24 13:08:02,21100.0,9600,Buy,226113014
2024-07-24 13:08:02,21100.0,600,Buy,226112950
2024-07-24 13:08:02,21100.0,5700,Buy,226112982
2024-07-24 13:08:02,21100.0,100,Buy,226112948
2024-07-24 13:08:02,21100.0,100,Buy,226112878
2024-07-24 13:08:02,21100.0,200,Buy,226112879
2024-07-24 13:08:02,21100.0,100,Buy,226112880
2024-07-24 13:08:02,21100.0,1000,Buy,226112881
2024-07-24 13:08:02,21100.0,18400,Buy,226112882
2024-07-24 13:08:02,21100.0,9900,Buy,226112883
2024-07-24 13:08:02,21100.0,500,Buy,226112884
2024-07-24 13:08:02,21100.0,100,Buy,226112877
2024-07-24 13:08:02,21100.0,200,Buy,226112885
2024-07-24 13:08:02,21100.0,100,Buy,226112887
2024-07-24 13:08:02,21100.0,200,Buy,226112888
2024-07-24 13:08:02,21100.0,100,Buy,226112889
2024-07-24 13:08:02,21100.0,500,Buy,226112890
2024-07-24 13:08:02,21100.0,1100,Buy,226112891
2024-07-24 13:08:02,21100.0,300,Buy,226112892
2024-07-24 13:08:02,21100.0,300,Buy,226112893
2024-07-24 13:08:02,21100.0,400,Buy,226112886
2024-07-24 13:08:02,21100.0,200,Buy,226112895
2024-07-24 13:08:02,21100.0,1000,Buy,226112876
2024-07-24 13:08:02,21100.0,100,Buy,226112874
2024-07-24 13:08:02,21100.0,400,Buy,226112949
2024-07-24 13:08:02,21100.0,300,Buy,226112859
2024-07-24 13:08:02,21100.0,1500,Buy,226112860
2024-07-24 13:08:02,21100.0,6400,Buy,226112861
2024-07-24 13:08:02,21100.0,100,Buy,226112862
2024-07-24 13:08:02,21100.0,2000,Buy,226112863
2024-07-24 13:08:02,21100.0,400,Buy,226112864
2024-07-24 13:08:02,21100.0,2800,Buy,226112875
2024-07-24 13:08:02,21100.0,1100,Buy,226112865
2024-07-24 13:08:02,21100.0,20000,Buy,226112867
2024-07-24 13:08:02,21100.0,100,Buy,226112868
2024-07-24 13:08:02,21100.0,1000,Buy,226112869
2024-07-24 13:08:02,21100.0,100,Buy,226112870
2024-07-24 13:08:02,21100.0,900,Buy,226112871
2024-07-24 13:08:02,21100.0,500,Buy,226112872
2024-07-24 13:08:02,21100.0,600,Buy,226112873
2024-07-24 13:08:02,21100.0,3000,Buy,226112866
2024-07-24 13:08:02,21100.0,100,Buy,226112896
2024-07-24 13:08:02,21100.0,100,Buy,226112978
2024-07-24 13:08:02,21100.0,1100,Buy,226112898
2024-07-24 13:08:02,21100.0,500,Buy,226112932
2024-07-24 13:08:02,21100.0,500,Buy,226112933
2024-07-24 13:08:02,21100.0,100,Buy,226112934
2024-07-24 13:08:02,21100.0,500,Buy,226112897
2024-07-24 13:08:02,21100.0,100,Buy,226112935
2024-07-24 13:08:02,21100.0,500,Buy,226112936
2024-07-24 13:08:02,21100.0,100,Buy,226112937
2024-07-24 13:08:02,21100.0,1000,Buy,226112931
2024-07-24 13:08:02,21100.0,200,Buy,226112938
2024-07-24 13:08:02,21100.0,3000,Buy,226112940
2024-07-24 13:08:02,21100.0,1900,Buy,226112941
2024-07-24 13:08:02,21100.0,3900,Buy,226112942
2024-07-24 13:08:02,21100.0,1100,Buy,226112943
2024-07-24 13:08:02,21100.0,3300,Buy,226112944
2024-07-24 13:08:02,21100.0,100,Buy,226112945
2024-07-24 13:08:02,21100.0,500,Buy,226112946
2024-07-24 13:08:02,21100.0,300,Buy,226112939
2024-07-24 13:08:02,21100.0,700,Buy,226112930
2024-07-24 13:08:02,21100.0,1000,Buy,226112947
2024-07-24 13:08:02,21100.0,200,Buy,226112918
2024-07-24 13:08:02,21100.0,300,Buy,226112899
2024-07-24 13:08:02,21100.0,200,Buy,226112900
2024-07-24 13:08:02,21100.0,1800,Buy,226112901
2024-07-24 13:08:02,21100.0,9000,Buy,226112902
2024-07-24 13:08:02,21100.0,1000,Buy,226112903
2024-07-24 13:08:02,21100.0,100,Buy,226112907
2024-07-24 13:08:02,21100.0,1500,Buy,226112908
2024-07-24 13:08:02,21100.0,100,Buy,226112909
2024-07-24 13:08:02,21100.0,100,Buy,226112919
2024-07-24 13:08:02,21100.0,200,Buy,226112911
2024-07-24 13:08:02,21100.0,1000,Buy,226112912
2024-07-24 13:08:02,21100.0,100,Buy,226112913
2024-07-24 13:08:02,21100.0,100,Buy,226112914
2024-07-24 13:08:02,21100.0,1900,Buy,226112915
2024-07-24 13:08:02,21100.0,800,Buy,226112916
2024-07-24 13:08:02,21100.0,900,Buy,226112917
2024-07-24 13:08:02,21100.0,500,Buy,226112910
2024-07-24 13:08:04,21200.0,1000,Buy,226113106
2024-07-24 13:08:04,21200.0,100,Buy,226113094
2024-07-24 13:08:04,21200.0,200,Buy,226113093
2024-07-24 13:08:04,21200.0,1000,Buy,226113092
2024-07-24 13:08:04,21200.0,200,Buy,226113091
2024-07-24 13:08:04,21200.0,800,Buy,226113089
2024-07-24 13:08:04,21200.0,400,Buy,226113088
2024-07-24 13:08:04,21200.0,500,Buy,226113084
2024-07-24 13:08:04,21150.0,2000,Buy,226113081
2024-07-24 13:08:04,21150.0,100,Buy,226113080
2024-07-24 13:08:04,21200.0,300,Buy,226113090
2024-07-24 13:08:05,21600.0,300,Buy,226113125
2024-07-24 13:08:05,21700.0,7900,Buy,226113136
2024-07-24 13:08:05,21600.0,100,Buy,226113135
2024-07-24 13:08:05,21500.0,2000,Buy,226113134
2024-07-24 13:08:05,21200.0,100,Sell,226113118
2024-07-24 13:08:05,21600.0,2000,Buy,226113114
2024-07-24 13:08:05,21500.0,4000,Buy,226113113
2024-07-24 13:08:05,21500.0,100,Buy,226113110
2024-07-24 13:08:05,21300.0,100,Buy,226113109
2024-07-24 13:08:05,21250.0,200,Buy,226113108
2024-07-24 13:08:05,21600.0,3600,Buy,226113115
2024-07-24 13:08:07,21200.0,1000,Sell,226113205
2024-07-24 13:08:08,22000.0,100,Buy,226113268
2024-07-24 13:08:08,22000.0,2200,Buy,226113269
2024-07-24 13:08:08,22050.0,500,Buy,226113270
2024-07-24 13:08:08,22100.0,500,Buy,226113271
2024-07-24 13:08:08,22100.0,1500,Buy,226113272
2024-07-24 13:08:08,22200.0,200,Buy,226113273
2024-07-24 13:08:08,22200.0,1200,Buy,226113274
2024-07-24 13:08:08,22400.0,1000,Buy,226113291
2024-07-24 13:08:08,22300.0,500,Buy,226113290
2024-07-24 13:08:08,22400.0,8200,Buy,226113292
2024-07-24 13:08:08,22450.0,100,Buy,226113293
2024-07-24 13:08:08,22450.0,8200,Buy,226113294
2024-07-24 13:08:08,22450.0,100,Buy,226113295
2024-07-24 13:08:08,22300.0,1000,Buy,226113275
2024-07-24 13:08:08,22000.0,1000,Buy,226113267
2024-07-24 13:08:08,22000.0,1000,Buy,226113266
2024-07-24 13:08:08,22000.0,5000,Buy,226113265
2024-07-24 13:08:08,21900.0,500,Buy,226113251
2024-07-24 13:08:08,22000.0,2000,Buy,226113252
2024-07-24 13:08:08,22000.0,100,Buy,226113253
2024-07-24 13:08:08,22000.0,500,Buy,226113255
2024-07-24 13:08:08,22000.0,800,Buy,226113256
2024-07-24 13:08:08,22000.0,1200,Buy,226113257
2024-07-24 13:08:08,22000.0,500,Buy,226113254
2024-07-24 13:08:08,22000.0,50000,Buy,226113259
2024-07-24 13:08:08,22000.0,200,Buy,226113260
2024-07-24 13:08:08,22000.0,400,Buy,226113261
2024-07-24 13:08:08,22000.0,500,Buy,226113262
2024-07-24 13:08:08,22000.0,200,Buy,226113263
2024-07-24 13:08:08,22000.0,100,Buy,226113264
2024-07-24 13:08:08,22000.0,10000,Buy,226113258
2024-07-24 13:08:08,21700.0,800,Buy,226113250
2024-07-24 13:08:09,22450.0,400,Buy,226113318
2024-07-24 13:08:09,22500.0,700,Buy,226113319
2024-07-24 13:08:09,22500.0,1000,Buy,226113320
2024-07-24 13:08:09,22500.0,200,Buy,226113321
2024-07-24 13:08:09,22500.0,700,Buy,226113322
2024-07-24 13:08:09,21200.0,1000,Sell,226113323
2024-07-24 13:08:09,21200.0,100,Sell,226113327
2024-07-24 13:08:10,22000.0,200,Sell,226113355
2024-07-24 13:08:11,22500.0,300,Buy,226113374
2024-07-24 13:08:11,22500.0,700,Buy,226113375
2024-07-24 13:08:12,22000.0,200,Sell,226113402
2024-07-24 13:08:13,22500.0,300,Buy,226113470
2024-07-24 13:08:13,22500.0,100,Buy,226113471
2024-07-24 13:08:13,22500.0,500,Buy,226113472
2024-07-24 13:08:13,22500.0,1000,Buy,226113473
2024-07-24 13:08:13,22550.0,4600,Buy,226113474
2024-07-24 13:08:13,22550.0,400,Buy,226113475
2024-07-24 13:08:19,22000.0,600,Sell,226113644
2024-07-24 13:08:20,22000.0,1000,Buy,226113686
2024-07-24 13:08:20,22000.0,14400,Buy,226113684
2024-07-24 13:08:20,22000.0,9600,Buy,226113685
2024-07-24 13:08:23,22000.0,100,Buy,226113798
2024-07-24 13:08:25,22000.0,4300,Buy,226113847
2024-07-24 13:08:25,22500.0,700,Buy,226113848
2024-07-24 13:08:27,22500.0,500,Buy,226113940
2024-07-24 13:08:29,22000.0,3000,Sell,226114005
2024-07-24 13:08:30,22000.0,1100,Sell,226114053
2024-07-24 13:08:30,22000.0,800,Sell,226114054
2024-07-24 13:08:30,22000.0,500,Sell,226114055
2024-07-24 13:08:31,21200.0,1800,Sell,226114069
2024-07-24 13:08:31,21300.0,500,Sell,226114068
2024-07-24 13:08:31,21700.0,100,Sell,226114066
2024-07-24 13:08:31,21500.0,200,Sell,226114067
2024-07-24 13:08:31,21800.0,100,Sell,226114065
2024-07-24 13:08:31,22000.0,500,Buy,226114064
2024-07-24 13:08:33,22000.0,200,Buy,226114179
2024-07-24 13:08:33,22000.0,500,Buy,226114167
2024-07-24 13:08:33,21200.0,4000,Sell,226114166
2024-07-24 13:08:36,22000.0,1000,Buy,226114320
2024-07-24 13:08:37,21200.0,100,Sell,226114359
2024-07-24 13:08:37,21200.0,100,Sell,226114360
2024-07-24 13:08:37,21200.0,10000,Sell,226114361
2024-07-24 13:08:37,21200.0,300,Sell,226114362
2024-07-24 13:08:37,21200.0,100,Sell,226114363
2024-07-24 13:08:37,21200.0,8400,Sell,226114364
2024-07-24 13:08:37,21200.0,1000,Sell,226114358
2024-07-24 13:08:40,22000.0,300,Buy,226114408
2024-07-24 13:08:43,22000.0,100,Buy,226114472
2024-07-24 13:08:43,22000.0,100,Buy,226114471
2024-07-24 13:08:43,22000.0,100,Buy,226114469
2024-07-24 13:08:43,22000.0,1300,Buy,226114467
2024-07-24 13:08:43,22000.0,2000,Buy,226114470
2024-07-24 13:08:43,22000.0,100,Buy,226114468
2024-07-24 13:08:44,22500.0,2300,Buy,226114510
2024-07-24 13:08:44,22200.0,3900,Buy,226114506
2024-07-24 13:08:44,22200.0,100,Buy,226114507
2024-07-24 13:08:44,22450.0,1000,Buy,226114508
2024-07-24 13:08:44,22450.0,100,Buy,226114509
2024-07-24 13:08:45,22000.0,100,Sell,226114546
2024-07-24 13:08:47,22000.0,3000,Sell,226114667
2024-07-24 13:08:47,22000.0,2000,Sell,226114668
2024-07-24 13:08:47,22000.0,1000,Sell,226114669
2024-07-24 13:08:47,22000.0,1500,Sell,226114666
2024-07-24 13:08:48,22000.0,600,Buy,226114737
2024-07-24 13:08:49,22000.0,200,Buy,226114755
2024-07-24 13:08:49,22000.0,1000,Buy,226114762
2024-07-24 13:08:51,22000.0,500,Buy,226114825
2024-07-24 13:08:52,22000.0,100,Buy,226114837
2024-07-24 13:08:52,22000.0,100,Buy,226114852
2024-07-24 13:08:52,22000.0,200,Buy,226114856
2024-07-24 13:08:53,22000.0,1000,Buy,226114878
2024-07-24 13:08:54,22000.0,800,Buy,226114918
2024-07-24 13:08:54,22000.0,200,Buy,226114919
2024-07-24 13:08:55,22000.0,1000,Buy,226114944
2024-07-24 13:08:55,22000.0,100,Buy,226114945
2024-07-24 13:08:56,22000.0,2000,Buy,226115038
2024-07-24 13:08:57,22000.0,1700,Buy,226115066
2024-07-24 13:08:57,22000.0,800,Buy,226115067
2024-07-24 13:08:57,22000.0,1000,Buy,226115075
2024-07-24 13:09:00,21500.0,2000,Buy,226115186
2024-07-24 13:09:02,21500.0,100,Buy,226115250
2024-07-24 13:09:03,21400.0,500,Sell,226115276
2024-07-24 13:09:03,21400.0,5500,Sell,226115277
2024-07-24 13:09:05,21500.0,1000,Buy,226115315
2024-07-24 13:09:05,21500.0,4900,Buy,226115316
2024-07-24 13:09:07,21500.0,2000,Buy,226115431
2024-07-24 13:09:08,21500.0,1000,Buy,226115467
2024-07-24 13:09:09,21400.0,500,Sell,226115493
2024-07-24 13:09:09,21400.0,300,Sell,226115494
2024-07-24 13:09:09,21400.0,500,Sell,226115495
2024-07-24 13:09:09,21400.0,700,Sell,226115496
2024-07-24 13:09:09,21500.0,300,Buy,226115513
2024-07-24 13:09:10,21500.0,100,Buy,226115543
2024-07-24 13:09:12,21500.0,200,Buy,226115588
2024-07-24 13:09:13,21500.0,100,Buy,226115623
2024-07-24 13:09:14,21500.0,1600,Buy,226115671
2024-07-24 13:09:14,21400.0,500,Sell,226115644
2024-07-24 13:09:14,21500.0,100,Buy,226115670
2024-07-24 13:09:16,21500.0,100,Buy,226115742
2024-07-24 13:09:16,21500.0,500,Buy,226115743
2024-07-24 13:09:16,21450.0,200,Sell,226115747
2024-07-24 13:09:16,21400.0,800,Sell,226115748
2024-07-24 13:09:16,21500.0,300,Buy,226115749
2024-07-24 13:09:16,21500.0,200,Buy,226115750
2024-07-24 13:09:16,21500.0,100,Buy,226115751
2024-07-24 13:09:16,21500.0,300,Buy,226115752
2024-07-24 13:09:16,21500.0,600,Buy,226115727
2024-07-24 13:09:18,21500.0,100,Sell,226115782
2024-07-24 13:09:19,21500.0,200,Sell,226115810
2024-07-24 13:09:19,21500.0,100,Sell,226115808
2024-07-24 13:09:19,21500.0,1000,Sell,226115807
2024-07-24 13:09:19,21500.0,200,Sell,226115809
2024-07-24 13:09:20,21500.0,100,Buy,226115837
2024-07-24 13:09:20,21400.0,16000,Sell,226115846
2024-07-24 13:09:20,21400.0,100,Sell,226115848
2024-07-24 13:09:20,21400.0,100,Sell,226115849
2024-07-24 13:09:20,21400.0,200,Sell,226115850
2024-07-24 13:09:20,21400.0,100,Sell,226115851
2024-07-24 13:09:20,21400.0,200,Sell,226115852
2024-07-24 13:09:20,21450.0,100,Sell,226115864
2024-07-24 13:09:21,21450.0,500,Buy,226115906
2024-07-24 13:09:21,21450.0,5000,Buy,226115905
2024-07-24 13:09:21,21450.0,200,Buy,226115896
2024-07-24 13:09:21,21450.0,3000,Buy,226115881
2024-07-24 13:09:21,21450.0,100,Buy,226115895
2024-07-24 13:09:22,21450.0,1000,Buy,226115923
2024-07-24 13:09:22,21450.0,500,Buy,226115927
2024-07-24 13:09:22,21450.0,2000,Buy,226115937
2024-07-24 13:09:22,21450.0,500,Buy,226115952
2024-07-24 13:09:23,21450.0,500,Buy,226115963
2024-07-24 13:09:23,21450.0,3000,Buy,226115974
2024-07-24 13:09:24,21400.0,300,Buy,226115996
2024-07-24 13:09:24,21400.0,200,Sell,226115991
2024-07-24 13:09:24,21400.0,600,Sell,226115990
2024-07-24 13:09:24,21500.0,1300,Buy,226115989
2024-07-24 13:09:24,21400.0,100,Sell,226115981
2024-07-24 13:09:24,21400.0,5000,Sell,226115980
2024-07-24 13:09:24,21500.0,300,Buy,226115986
2024-07-24 13:09:26,21400.0,500,Buy,226116046
2024-07-24 13:09:26,21500.0,100,Buy,226116053
2024-07-24 13:09:27,21500.0,100,Buy,226116057
2024-07-24 13:09:29,21450.0,5000,Buy,226116117
2024-07-24 13:09:30,21450.0,500,Buy,226116127
2024-07-24 13:09:31,21450.0,3000,Buy,226116160
2024-07-24 13:09:31,21450.0,1000,Buy,226116169
2024-07-24 13:09:31,21450.0,5500,Buy,226116170
2024-07-24 13:09:31,21450.0,9400,Buy,226116171
2024-07-24 13:09:31,21500.0,10100,Buy,226116172
2024-07-24 13:09:34,21450.0,500,Buy,226116296
2024-07-24 13:09:34,21450.0,3100,Sell,226116266
2024-07-24 13:09:35,21450.0,3000,Buy,226116302
2024-07-24 13:09:35,21450.0,300,Buy,226116319
2024-07-24 13:09:35,21450.0,2000,Buy,226116331
2024-07-24 13:09:35,21400.0,500,Sell,226116357
2024-07-24 13:09:35,21400.0,500,Sell,226116358
2024-07-24 13:09:35,21350.0,200,Sell,226116359
2024-07-24 13:09:35,21300.0,2200,Sell,226116360
2024-07-24 13:09:35,21300.0,600,Sell,226116361
2024-07-24 13:09:35,21400.0,1000,Buy,226116362
2024-07-24 13:09:36,21400.0,200,Buy,226116433
2024-07-24 13:09:36,21300.0,1700,Sell,226116393
2024-07-24 13:09:36,21300.0,400,Sell,226116392
2024-07-24 13:09:36,21300.0,100,Sell,226116391
2024-07-24 13:09:36,21300.0,100,Sell,226116387
2024-07-24 13:09:36,21300.0,100,Sell,226116389
2024-07-24 13:09:36,21300.0,1000,Sell,226116388
2024-07-24 13:09:36,21400.0,800,Buy,226116385
2024-07-24 13:09:36,21300.0,400,Sell,226116386
2024-07-24 13:09:36,21300.0,200,Sell,226116390
2024-07-24 13:09:37,21400.0,400,Buy,226116470
2024-07-24 13:09:37,21400.0,300,Buy,226116471
2024-07-24 13:09:38,21400.0,100,Buy,226116496
2024-07-24 13:09:41,21400.0,100,Buy,226116632
2024-07-24 13:09:41,21200.0,2100,Sell,226116616
2024-07-24 13:09:41,21250.0,200,Sell,226116615
2024-07-24 13:09:41,21250.0,100,Sell,226116614
2024-07-24 13:09:41,21250.0,500,Sell,226116613
2024-07-24 13:09:41,21250.0,200,Sell,226116612
2024-07-24 13:09:41,21300.0,600,Sell,226116609
2024-07-24 13:09:41,21300.0,500,Sell,226116610
2024-07-24 13:09:41,21300.0,200,Sell,226116608
2024-07-24 13:09:41,21300.0,300,Sell,226116607
2024-07-24 13:09:41,21300.0,1000,Sell,226116606
2024-07-24 13:09:41,21300.0,100,Sell,226116600
2024-07-24 13:09:41,21300.0,200,Sell,226116611
2024-07-24 13:09:42,21400.0,7700,Buy,226116706
2024-07-24 13:09:42,21400.0,500,Buy,226116705
2024-07-24 13:09:42,21400.0,12100,Buy,226116702
2024-07-24 13:09:42,21400.0,100,Buy,226116703
2024-07-24 13:09:42,21400.0,100,Buy,226116704
2024-07-24 13:09:43,21450.0,2700,Buy,226116718
2024-07-24 13:09:43,21450.0,100,Buy,226116719
2024-07-24 13:09:43,21500.0,6200,Buy,226116720
2024-07-24 13:09:44,21400.0,1000,Sell,226116759
2024-07-24 13:09:45,21400.0,2000,Sell,226116765
2024-07-24 13:09:46,21450.0,6000,Buy,226116817
2024-07-24 13:09:46,21500.0,30300,Buy,226116818
2024-07-24 13:09:46,21500.0,700,Buy,226116819
2024-07-24 13:09:47,21400.0,2500,Sell,226116894
2024-07-24 13:09:48,21400.0,1000,Sell,226116921
2024-07-24 13:09:48,21400.0,2200,Buy,226116931
2024-07-24 13:09:48,21400.0,2000,Sell,226116919
2024-07-24 13:09:48,21400.0,100,Sell,226116920
2024-07-24 13:09:49,21400.0,400,Buy,226116949
2024-07-24 13:09:49,21400.0,100,Buy,226117000
2024-07-24 13:09:50,21400.0,500,Buy,226117007
2024-07-24 13:09:50,21350.0,1000,Sell,226117029
2024-07-24 13:09:51,21400.0,400,Buy,226117037
2024-07-24 13:09:51,21400.0,100,Buy,226117073
2024-07-24 13:09:51,21400.0,200,Buy,226117074
2024-07-24 13:09:52,21400.0,1000,Buy,226117082
2024-07-24 13:09:53,21350.0,1200,Sell,226117117
2024-07-24 13:09:54,21300.0,100,Sell,226117139
2024-07-24 13:09:54,21300.0,2000,Sell,226117141
2024-07-24 13:09:54,21300.0,2000,Sell,226117140
2024-07-24 13:09:54,21300.0,3000,Sell,226117138
2024-07-24 13:09:54,21350.0,1000,Buy,226117132
2024-07-24 13:09:54,21300.0,1000,Sell,226117136
2024-07-24 13:09:54,21300.0,100,Sell,226117135
2024-07-24 13:09:54,21350.0,5000,Buy,226117134
2024-07-24 13:09:54,21350.0,100,Buy,226117133
2024-07-24 13:09:54,21300.0,100,Sell,226117137
2024-07-24 13:09:55,21350.0,1000,Buy,226117153
2024-07-24 13:09:55,21300.0,500,Sell,226117154
2024-07-24 13:09:56,21350.0,1500,Buy,226117165
2024-07-24 13:09:56,21350.0,100,Buy,226117176
2024-07-24 13:09:57,21350.0,500,Buy,226117218
2024-07-24 13:09:59,21300.0,100,Sell,226117284
2024-07-24 13:09:59,21350.0,100,Buy,226117283
2024-07-24 13:10:00,21350.0,2500,Buy,226117290
2024-07-24 13:10:00,21350.0,3200,Buy,226117316
2024-07-24 13:10:01,21350.0,33800,Buy,226117338
2024-07-24 13:10:01,21350.0,1500,Buy,226117339
