time,price,volume,match_type,id
2024-08-27 09:14:38,43600.0,13000,ATO/ATC,234885270
2024-08-27 09:14:44,43650.0,100,Buy,234885597
2024-08-27 09:14:44,43650.0,500,Buy,234885589
2024-08-27 09:14:44,43650.0,1700,Buy,234885590
2024-08-27 09:15:12,43650.0,200,Buy,234885959
2024-08-27 09:16:49,43650.0,800,Sell,234887800
2024-08-27 09:16:49,43650.0,200,Sell,234887799
2024-08-27 09:17:00,43650.0,1800,Sell,234888017
2024-08-27 09:17:00,43650.0,1200,Sell,234888016
2024-08-27 09:17:12,43650.0,200,Sell,234888270
2024-08-27 09:17:20,43650.0,2000,Sell,234888417
2024-08-27 09:17:20,43650.0,100,Sell,234888418
2024-08-27 09:17:21,43600.0,100,Sell,234888447
2024-08-27 09:17:21,43600.0,200,Sell,234888448
2024-08-27 09:17:21,43600.0,100,Sell,234888449
2024-08-27 09:17:21,43600.0,1600,Sell,234888450
2024-08-27 09:17:48,43600.0,100,Sell,234889041
2024-08-27 09:17:54,43600.0,400,Sell,234889148
2024-08-27 09:18:05,43600.0,2000,Sell,234889408
2024-08-27 09:18:26,43600.0,2000,Sell,234889911
2024-08-27 09:18:32,43600.0,600,Sell,234890022
2024-08-27 09:18:34,43600.0,100,Sell,234890118
2024-08-27 09:18:41,43600.0,2000,Sell,234890245
2024-08-27 09:18:41,43600.0,100,Sell,234890244
2024-08-27 09:18:41,43600.0,500,Sell,234890243
2024-08-27 09:18:41,43600.0,1000,Sell,234890242
2024-08-27 09:18:41,43600.0,1000,Sell,234890240
2024-08-27 09:18:41,43600.0,400,Sell,234890239
2024-08-27 09:18:41,43600.0,2400,Sell,234890238
2024-08-27 09:18:41,43600.0,100,Sell,234890241
2024-08-27 09:18:59,43600.0,100,Buy,234890589
2024-08-27 09:19:00,43500.0,100,Sell,234890607
2024-08-27 09:19:00,43500.0,500,Sell,234890608
2024-08-27 09:19:16,43600.0,2000,Buy,234890889
2024-08-27 09:19:22,43500.0,100,Sell,234891112
2024-08-27 09:19:22,43500.0,100,Sell,234891113
2024-08-27 09:19:22,43500.0,1000,Sell,234891114
2024-08-27 09:19:22,43500.0,100,Sell,234891115
2024-08-27 09:19:22,43500.0,100,Sell,234891116
2024-08-27 09:19:22,43500.0,600,Sell,234891117
2024-08-27 09:19:32,43500.0,800,Sell,234891376
2024-08-27 09:19:37,43500.0,300,Sell,234891493
2024-08-27 09:19:47,43600.0,10000,Buy,234891694
2024-08-27 09:20:13,43600.0,300,Buy,234892288
2024-08-27 09:20:22,43600.0,200,Buy,234892481
2024-08-27 09:20:22,43600.0,100,Buy,234892480
2024-08-27 09:20:23,43600.0,700,Buy,234892510
2024-08-27 09:20:26,43600.0,100,Buy,234892599
2024-08-27 09:20:41,43600.0,500,Sell,234892863
2024-08-27 09:20:41,43600.0,500,Sell,234892864
2024-08-27 09:20:56,43600.0,1000,Buy,234893179
2024-08-27 09:21:11,43650.0,500,Buy,234893549
2024-08-27 09:21:19,43650.0,300,Buy,234893787
2024-08-27 09:21:19,43650.0,200,Buy,234893788
2024-08-27 09:21:19,43650.0,100,Buy,234893789
2024-08-27 09:21:22,43650.0,300,Sell,234893852
2024-08-27 09:22:09,43700.0,500,Buy,234895040
2024-08-27 09:22:09,43700.0,4000,Buy,234895042
2024-08-27 09:22:09,43700.0,500,Buy,234895041
2024-08-27 09:22:09,43650.0,100,Sell,234895020
2024-08-27 09:22:09,43650.0,100,Sell,234895021
2024-08-27 09:22:10,43700.0,2000,Buy,234895067
2024-08-27 09:22:10,43700.0,700,Buy,234895068
2024-08-27 09:22:12,43700.0,200,Buy,234895114
2024-08-27 09:22:12,43700.0,1000,Buy,234895115
2024-08-27 09:22:12,43700.0,700,Buy,234895112
2024-08-27 09:22:12,43700.0,2300,Buy,234895111
2024-08-27 09:22:12,43700.0,200,Buy,234895113
2024-08-27 09:22:19,43750.0,100,Buy,234895260
2024-08-27 09:22:19,43750.0,1500,Buy,234895263
2024-08-27 09:22:19,43750.0,1000,Buy,234895264
2024-08-27 09:22:19,43750.0,4200,Buy,234895265
2024-08-27 09:22:27,43850.0,100,Buy,234895480
2024-08-27 09:22:33,43750.0,400,Sell,234895650
2024-08-27 09:22:36,43850.0,1900,Buy,234895732
2024-08-27 09:22:47,43900.0,400,Buy,234895941
2024-08-27 09:22:47,43900.0,100,Buy,234895940
2024-08-27 09:22:55,43900.0,400,Buy,234896072
2024-08-27 09:22:55,43900.0,1000,Buy,234896073
2024-08-27 09:23:06,43900.0,200,Sell,234896345
2024-08-27 09:23:17,43950.0,1000,Buy,234896701
2024-08-27 09:23:33,43950.0,800,Buy,234897061
2024-08-27 09:23:39,44000.0,100,Buy,234897252
2024-08-27 09:23:39,44000.0,1000,Buy,234897253
2024-08-27 09:23:39,44000.0,400,Buy,234897254
2024-08-27 09:23:39,44000.0,3500,Buy,234897255
2024-08-27 09:23:43,44000.0,800,Buy,234897348
2024-08-27 09:23:43,44000.0,100,Buy,234897349
2024-08-27 09:23:43,44000.0,1000,Buy,234897350
2024-08-27 09:23:43,44000.0,100,Buy,234897351
2024-08-27 09:23:43,44000.0,500,Buy,234897352
2024-08-27 09:23:43,44000.0,100,Buy,234897353
2024-08-27 09:23:46,44050.0,500,Buy,234897436
2024-08-27 09:23:58,44050.0,100,Buy,234897696
2024-08-27 09:24:01,44050.0,3000,Sell,234897774
2024-08-27 09:24:19,44050.0,100,Sell,234898233
2024-08-27 09:24:26,44050.0,500,Sell,234898393
2024-08-27 09:24:26,44050.0,500,Sell,234898392
2024-08-27 09:24:27,44100.0,100,Buy,234898414
2024-08-27 09:24:27,44100.0,500,Buy,234898415
2024-08-27 09:24:27,44100.0,100,Buy,234898416
2024-08-27 09:24:27,44050.0,100,Sell,234898419
2024-08-27 09:24:29,44050.0,1000,Sell,234898473
2024-08-27 09:24:30,44050.0,900,Sell,234898476
2024-08-27 09:24:34,44050.0,1100,Buy,234898533
2024-08-27 09:24:34,44050.0,2700,Buy,234898534
2024-08-27 09:24:35,44050.0,200,Sell,234898552
2024-08-27 09:24:51,44050.0,300,Buy,234898929
2024-08-27 09:24:51,44050.0,1000,Buy,234898930
2024-08-27 09:24:51,44050.0,400,Buy,234898931
2024-08-27 09:24:51,44050.0,300,Buy,234898932
2024-08-27 09:24:57,44000.0,500,Sell,234899076
2024-08-27 09:25:00,44050.0,200,Buy,234899159
2024-08-27 09:25:00,44050.0,200,Buy,234899158
2024-08-27 09:25:06,44050.0,200,Buy,234899298
2024-08-27 09:25:06,44050.0,100,Buy,234899299
2024-08-27 09:25:06,44050.0,700,Buy,234899297
2024-08-27 09:25:07,44050.0,300,Buy,234899313
2024-08-27 09:25:12,44000.0,1000,Sell,234899389
2024-08-27 09:25:24,44050.0,4600,Buy,234899649
2024-08-27 09:25:24,44050.0,400,Buy,234899650
2024-08-27 09:25:36,44000.0,5000,Sell,234899893
2024-08-27 09:25:38,44000.0,3000,Sell,234899920
2024-08-27 09:25:39,44000.0,2000,Sell,234899941
2024-08-27 09:25:39,44000.0,10000,Sell,234899943
2024-08-27 09:25:41,44050.0,100,Buy,234899977
2024-08-27 09:25:41,44050.0,1000,Buy,234899978
2024-08-27 09:25:41,44050.0,800,Buy,234899979
2024-08-27 09:25:41,44050.0,300,Buy,234899980
2024-08-27 09:25:42,44000.0,900,Sell,234900017
2024-08-27 09:25:53,43900.0,200,Sell,234900222
2024-08-27 09:25:53,43900.0,2000,Sell,234900223
2024-08-27 09:25:53,43900.0,900,Sell,234900221
2024-08-27 09:26:11,43750.0,100,Sell,234900617
2024-08-27 09:26:11,43750.0,2000,Sell,234900618
2024-08-27 09:26:11,43750.0,600,Sell,234900619
2024-08-27 09:26:11,43750.0,1000,Sell,234900620
2024-08-27 09:26:17,43700.0,600,Sell,234900794
2024-08-27 09:26:17,43700.0,1000,Sell,234900795
2024-08-27 09:26:17,43700.0,400,Sell,234900796
2024-08-27 09:26:50,43700.0,100,Sell,234901591
2024-08-27 09:27:10,43700.0,100,Sell,234901973
2024-08-27 09:27:11,43750.0,100,Buy,234901997
2024-08-27 09:27:11,43750.0,100,Buy,234901998
2024-08-27 09:27:11,43800.0,300,Buy,234901999
2024-08-27 09:27:37,43800.0,4700,Buy,234902639
2024-08-27 09:27:37,43800.0,100,Buy,234902640
2024-08-27 09:27:44,43800.0,200,Sell,234902868
2024-08-27 09:27:55,43700.0,200,Sell,234903223
2024-08-27 09:27:58,43800.0,100,Buy,234903294
2024-08-27 09:28:02,43800.0,100,Sell,234903388
2024-08-27 09:28:05,43800.0,1800,Sell,234903444
2024-08-27 09:28:13,43800.0,200,Buy,234903629
2024-08-27 09:28:17,43700.0,1100,Sell,234903698
2024-08-27 09:28:24,43700.0,2000,Sell,234903865
2024-08-27 09:28:51,43750.0,100,Sell,234904886
2024-08-27 09:29:28,43750.0,100,Sell,234906188
2024-08-27 09:29:28,43750.0,400,Sell,234906189
2024-08-27 09:29:40,43700.0,100,Sell,234906497
2024-08-27 09:29:40,43700.0,100,Sell,234906496
2024-08-27 09:29:40,43700.0,300,Sell,234906498
2024-08-27 09:29:40,43700.0,1100,Sell,234906494
2024-08-27 09:29:40,43750.0,100,Sell,234906493
2024-08-27 09:29:40,43700.0,10000,Sell,234906495
2024-08-27 09:29:40,43750.0,200,Sell,234906492
2024-08-27 09:29:48,43800.0,100,Buy,234906778
2024-08-27 09:29:56,43750.0,600,Buy,234907067
2024-08-27 09:29:56,43750.0,100,Buy,234907066
2024-08-27 09:30:15,43700.0,200,Sell,234907744
2024-08-27 09:30:15,43700.0,300,Sell,234907745
2024-08-27 09:30:15,43700.0,100,Sell,234907747
2024-08-27 09:30:15,43700.0,200,Sell,234907748
2024-08-27 09:30:15,43700.0,200,Sell,234907746
2024-08-27 09:30:17,43750.0,100,Buy,234907791
2024-08-27 09:31:00,43750.0,100,Buy,234909484
2024-08-27 09:31:00,43750.0,700,Buy,234909485
2024-08-27 09:31:00,43750.0,4200,Buy,234909486
2024-08-27 09:31:08,43750.0,200,Buy,234909785
2024-08-27 09:31:08,43750.0,300,Buy,234909784
2024-08-27 09:31:38,43750.0,1200,Buy,234910687
2024-08-27 09:31:38,43750.0,800,Buy,234910685
2024-08-27 09:31:38,43750.0,1000,Buy,234910686
2024-08-27 09:31:51,43750.0,800,Buy,234911201
2024-08-27 09:31:51,43750.0,100,Buy,234911202
2024-08-27 09:32:02,43750.0,100,Sell,234911553
2024-08-27 09:32:16,43750.0,700,Sell,234912037
2024-08-27 09:32:20,43750.0,3300,Sell,234912154
2024-08-27 09:32:49,43700.0,100,Sell,234912975
2024-08-27 09:32:49,43700.0,100,Sell,234912976
2024-08-27 09:32:49,43700.0,1000,Sell,234912977
2024-08-27 09:32:49,43700.0,600,Sell,234912978
2024-08-27 09:32:49,43700.0,4200,Sell,234912979
2024-08-27 09:32:57,43700.0,800,Sell,234913179
2024-08-27 09:33:41,43650.0,100,Sell,234914320
2024-08-27 09:34:14,43650.0,100,Sell,234915434
2024-08-27 09:34:18,43650.0,500,Sell,234915551
2024-08-27 09:34:18,43650.0,600,Sell,234915552
2024-08-27 09:34:18,43650.0,200,Sell,234915549
2024-08-27 09:34:18,43650.0,100,Sell,234915550
2024-08-27 09:34:22,43700.0,100,Buy,234915656
2024-08-27 09:34:22,43650.0,400,Sell,234915657
2024-08-27 09:34:25,43650.0,1000,Sell,234915753
2024-08-27 09:34:25,43650.0,100,Sell,234915754
2024-08-27 09:34:39,43650.0,1500,Sell,234916115
2024-08-27 09:34:47,43650.0,100,Sell,234916372
2024-08-27 09:34:49,43650.0,400,Sell,234916417
2024-08-27 09:34:49,43650.0,1000,Sell,234916416
2024-08-27 09:34:49,43650.0,100,Sell,234916413
2024-08-27 09:34:49,43650.0,100,Sell,234916414
2024-08-27 09:34:49,43650.0,300,Sell,234916412
2024-08-27 09:34:49,43650.0,1000,Sell,234916415
2024-08-27 09:34:53,43650.0,1000,Sell,234916485
2024-08-27 09:34:53,43650.0,1000,Sell,234916509
2024-08-27 09:35:09,43650.0,900,Sell,234917150
2024-08-27 09:35:09,43650.0,3000,Sell,234917149
2024-08-27 09:35:09,43650.0,500,Sell,234917148
2024-08-27 09:35:09,43650.0,500,Sell,234917146
2024-08-27 09:35:09,43650.0,100,Sell,234917147
2024-08-27 09:35:33,43650.0,500,Sell,234917775
2024-08-27 09:35:54,43650.0,500,Sell,234918329
2024-08-27 09:35:57,43650.0,200,Sell,234918473
2024-08-27 09:36:00,43650.0,100,Sell,234918545
2024-08-27 09:36:06,43650.0,1000,Sell,234918723
2024-08-27 09:36:08,43650.0,1000,Sell,234918782
2024-08-27 09:36:12,43650.0,2000,Sell,234918865
2024-08-27 09:36:19,43650.0,100,Sell,234919044
2024-08-27 09:36:27,43650.0,100,Sell,234919254
2024-08-27 09:36:28,43650.0,4500,Sell,234919280
2024-08-27 09:36:35,43650.0,500,Sell,234919465
2024-08-27 09:36:35,43650.0,500,Sell,234919466
2024-08-27 09:36:57,43650.0,3000,Sell,234920029
2024-08-27 09:37:37,43650.0,1500,Sell,234921219
2024-08-27 09:37:37,43650.0,2500,Sell,234921220
2024-08-27 09:37:38,43650.0,400,Sell,234921248
2024-08-27 09:37:38,43650.0,100,Sell,234921247
2024-08-27 09:37:38,43650.0,500,Sell,234921246
2024-08-27 09:37:42,43650.0,200,Sell,234921443
2024-08-27 09:37:46,43650.0,600,Sell,234921574
2024-08-27 09:37:47,43700.0,100,Buy,234921589
2024-08-27 09:37:47,43700.0,100,Buy,234921590
2024-08-27 09:37:47,43700.0,300,Buy,234921591
2024-08-27 09:37:53,43700.0,1000,Buy,234921773
2024-08-27 09:38:03,43700.0,500,Buy,234922242
2024-08-27 09:38:14,43700.0,500,Buy,234922585
2024-08-27 09:38:16,43700.0,700,Buy,234922638
2024-08-27 09:38:16,43700.0,300,Buy,234922639
2024-08-27 09:38:19,43700.0,700,Buy,234922796
2024-08-27 09:38:19,43700.0,100,Buy,234922797
2024-08-27 09:38:19,43700.0,1000,Buy,234922798
2024-08-27 09:38:39,43750.0,3000,Buy,234923333
2024-08-27 09:38:41,43750.0,1000,Buy,234923376
2024-08-27 09:38:41,43750.0,2000,Buy,234923373
2024-08-27 09:38:41,43750.0,100,Buy,234923374
2024-08-27 09:38:41,43750.0,1000,Buy,234923375
2024-08-27 09:38:52,43750.0,100,Sell,234923700
2024-08-27 09:38:57,43800.0,200,Buy,234923806
2024-08-27 09:38:57,43800.0,100,Buy,234923805
2024-08-27 09:38:57,43800.0,200,Buy,234923807
2024-08-27 09:38:57,43800.0,200,Buy,234923803
2024-08-27 09:38:57,43800.0,200,Buy,234923802
2024-08-27 09:38:57,43800.0,1200,Buy,234923801
2024-08-27 09:38:57,43800.0,500,Buy,234923804
2024-08-27 09:39:00,43800.0,800,Buy,234923886
2024-08-27 09:39:00,43800.0,1200,Buy,234923887
2024-08-27 09:39:00,43800.0,300,Buy,234923901
2024-08-27 09:39:08,43850.0,100,Buy,234924161
2024-08-27 09:39:14,43850.0,200,Buy,234924325
2024-08-27 09:39:14,43850.0,2000,Buy,234924328
2024-08-27 09:39:16,43900.0,200,Buy,234924382
2024-08-27 09:39:16,43850.0,1000,Buy,234924381
2024-08-27 09:39:16,43850.0,2700,Buy,234924378
2024-08-27 09:39:16,43850.0,100,Buy,234924379
2024-08-27 09:39:16,43850.0,1000,Buy,234924380
2024-08-27 09:39:22,43900.0,300,Buy,234924567
2024-08-27 09:39:26,43900.0,3000,Buy,234924676
2024-08-27 09:39:30,43900.0,1000,Buy,234924791
2024-08-27 09:39:31,43900.0,500,Buy,234924810
2024-08-27 09:39:32,43900.0,600,Buy,234924821
2024-08-27 09:39:33,43900.0,100,Buy,234924840
2024-08-27 09:39:34,43900.0,1000,Buy,234924861
2024-08-27 09:39:36,43950.0,300,Buy,234924909
2024-08-27 09:39:36,43950.0,1000,Buy,234924908
2024-08-27 09:39:36,43950.0,100,Buy,234924907
2024-08-27 09:39:36,43900.0,100,Buy,234924906
2024-08-27 09:39:36,43900.0,100,Buy,234924904
2024-08-27 09:39:36,43900.0,300,Buy,234924903
2024-08-27 09:39:36,43900.0,2300,Buy,234924901
2024-08-27 09:39:36,43900.0,200,Buy,234924905
2024-08-27 09:39:36,43900.0,300,Buy,234924902
2024-08-27 09:39:39,43950.0,600,Sell,234924999
2024-08-27 09:39:46,43900.0,100,Sell,234925140
2024-08-27 09:39:47,43950.0,4400,Buy,234925185
2024-08-27 09:39:50,43950.0,200,Sell,234925272
2024-08-27 09:39:54,43950.0,1000,Sell,234925380
2024-08-27 09:39:59,43950.0,200,Sell,234925536
2024-08-27 09:40:01,44000.0,100,Buy,234925590
2024-08-27 09:40:01,44000.0,900,Buy,234925591
2024-08-27 09:40:03,44000.0,10000,Buy,234925649
2024-08-27 09:40:06,44000.0,4000,Buy,234925759
2024-08-27 09:40:08,44000.0,100,Buy,234925816
2024-08-27 09:40:08,44000.0,600,Buy,234925815
2024-08-27 09:40:08,44000.0,9300,Buy,234925814
2024-08-27 09:40:09,44000.0,500,Buy,234925883
2024-08-27 09:40:09,44000.0,200,Buy,234925882
2024-08-27 09:40:09,44000.0,900,Buy,234925879
2024-08-27 09:40:09,44000.0,2000,Buy,234925878
2024-08-27 09:40:09,44000.0,1000,Buy,234925877
2024-08-27 09:40:09,44000.0,1600,Buy,234925876
2024-08-27 09:40:09,44000.0,100,Buy,234925875
2024-08-27 09:40:09,44000.0,1000,Buy,234925874
2024-08-27 09:40:09,44000.0,500,Buy,234925873
2024-08-27 09:40:09,44000.0,500,Buy,234925881
2024-08-27 09:40:09,44000.0,500,Buy,234925871
2024-08-27 09:40:09,44000.0,100,Buy,234925872
2024-08-27 09:40:09,44000.0,900,Buy,234925861
2024-08-27 09:40:09,44000.0,300,Buy,234925862
2024-08-27 09:40:09,44000.0,2000,Buy,234925863
2024-08-27 09:40:09,44000.0,500,Buy,234925864
2024-08-27 09:40:09,44000.0,100,Buy,234925880
2024-08-27 09:40:09,44000.0,1200,Buy,234925866
2024-08-27 09:40:09,44000.0,100,Buy,234925867
2024-08-27 09:40:09,44000.0,2000,Buy,234925868
2024-08-27 09:40:09,44000.0,300,Buy,234925865
2024-08-27 09:40:09,44000.0,400,Buy,234925869
2024-08-27 09:40:11,44000.0,300,Buy,234925922
2024-08-27 09:40:11,44000.0,1000,Buy,234925917
2024-08-27 09:40:11,44000.0,500,Buy,234925918
2024-08-27 09:40:11,44000.0,600,Buy,234925919
2024-08-27 09:40:11,44000.0,100,Buy,234925920
2024-08-27 09:40:11,44000.0,500,Buy,234925921
2024-08-27 09:40:13,44000.0,1200,Buy,234925950
2024-08-27 09:40:13,44000.0,100,Buy,234925951
2024-08-27 09:40:22,44000.0,1000,Sell,234926189
2024-08-27 09:40:25,44000.0,200,Sell,234926304
2024-08-27 09:40:28,44050.0,1000,Buy,234926385
2024-08-27 09:40:28,44050.0,2300,Buy,234926386
2024-08-27 09:40:28,44050.0,1700,Buy,234926384
2024-08-27 09:40:29,44050.0,500,Buy,234926394
2024-08-27 09:40:29,44000.0,400,Sell,234926392
2024-08-27 09:40:29,44050.0,400,Buy,234926393
2024-08-27 09:40:31,44050.0,400,Buy,234926418
2024-08-27 09:40:32,44050.0,600,Buy,234926438
2024-08-27 09:40:32,44050.0,1000,Buy,234926439
2024-08-27 09:40:32,44050.0,100,Buy,234926440
2024-08-27 09:40:32,44050.0,900,Buy,234926441
2024-08-27 09:40:32,44050.0,400,Buy,234926442
2024-08-27 09:40:34,44050.0,100,Buy,234926510
2024-08-27 09:40:34,44050.0,1300,Buy,234926511
2024-08-27 09:40:34,44050.0,100,Buy,234926512
2024-08-27 09:40:34,44050.0,200,Buy,234926513
2024-08-27 09:40:34,44050.0,500,Buy,234926514
2024-08-27 09:40:34,44050.0,100,Buy,234926515
2024-08-27 09:40:37,44050.0,300,Sell,234926585
2024-08-27 09:40:39,44050.0,200,Sell,234926626
2024-08-27 09:40:40,44050.0,200,Sell,234926665
2024-08-27 09:40:40,44050.0,800,Sell,234926664
2024-08-27 09:40:44,44100.0,1100,Buy,234926768
2024-08-27 09:40:44,44100.0,500,Buy,234926767
2024-08-27 09:40:44,44100.0,400,Buy,234926764
2024-08-27 09:40:44,44100.0,1000,Buy,234926765
2024-08-27 09:40:44,44100.0,2000,Buy,234926766
2024-08-27 09:40:54,44050.0,1000,Sell,234926981
2024-08-27 09:41:01,44050.0,500,Sell,234927259
2024-08-27 09:41:03,44050.0,200,Sell,234927285
2024-08-27 09:41:11,44050.0,1000,Sell,234927498
2024-08-27 09:41:12,44050.0,100,Sell,234927533
2024-08-27 09:41:12,44050.0,500,Sell,234927534
2024-08-27 09:41:12,44050.0,300,Sell,234927535
2024-08-27 09:41:12,44050.0,1000,Sell,234927536
2024-08-27 09:41:12,44050.0,900,Sell,234927537
2024-08-27 09:41:12,44050.0,1000,Sell,234927538
2024-08-27 09:41:12,44050.0,100,Sell,234927539
2024-08-27 09:41:12,44050.0,1100,Sell,234927540
2024-08-27 09:41:15,44050.0,100,Sell,234927587
2024-08-27 09:41:16,44050.0,400,Sell,234927613
2024-08-27 09:41:16,44050.0,100,Sell,234927614
2024-08-27 09:41:30,44000.0,100,Sell,234927996
2024-08-27 09:41:30,44000.0,400,Sell,234927997
2024-08-27 09:41:31,44050.0,1000,Buy,234928014
2024-08-27 09:41:37,44050.0,1000,Buy,234928199
2024-08-27 09:41:37,44050.0,200,Buy,234928200
2024-08-27 09:41:37,44050.0,100,Buy,234928201
2024-08-27 09:41:37,44050.0,500,Buy,234928202
2024-08-27 09:41:37,44050.0,500,Buy,234928203
2024-08-27 09:41:37,44050.0,1500,Buy,234928204
2024-08-27 09:41:44,44050.0,1000,Sell,234928425
2024-08-27 09:41:46,44050.0,200,Sell,234928626
2024-08-27 09:41:48,44050.0,200,Sell,234928672
2024-08-27 09:41:59,44000.0,800,Sell,234929123
2024-08-27 09:42:10,44000.0,200,Buy,234929577
2024-08-27 09:42:13,44000.0,1000,Buy,234929659
2024-08-27 09:42:23,44000.0,500,Buy,234929996
2024-08-27 09:42:27,44000.0,500,Buy,234930126
2024-08-27 09:42:33,44000.0,4400,Buy,234930361
2024-08-27 09:42:34,44000.0,2600,Buy,234930369
2024-08-27 09:42:34,44000.0,2400,Buy,234930370
2024-08-27 09:42:39,44000.0,300,Buy,234930678
2024-08-27 09:42:42,43950.0,500,Sell,234930787
2024-08-27 09:42:44,44000.0,5000,Buy,234930826
2024-08-27 09:42:47,44000.0,500,Buy,234930889
2024-08-27 09:42:47,44000.0,200,Buy,234930888
2024-08-27 09:42:47,44000.0,300,Buy,234930887
2024-08-27 09:42:48,44000.0,500,Buy,234930958
2024-08-27 09:42:52,44000.0,300,Buy,234931097
2024-08-27 09:42:52,44000.0,100,Buy,234931098
2024-08-27 09:42:52,44000.0,500,Buy,234931099
2024-08-27 09:42:56,44000.0,500,Sell,234931275
2024-08-27 09:43:05,44000.0,100,Sell,234931626
2024-08-27 09:43:07,44000.0,1700,Sell,234931816
2024-08-27 09:43:07,44000.0,200,Sell,234931814
2024-08-27 09:43:07,44000.0,100,Sell,234931815
2024-08-27 09:43:11,44000.0,100,Sell,234931964
2024-08-27 09:43:19,44000.0,200,Sell,234932124
2024-08-27 09:43:19,44000.0,800,Sell,234932125
2024-08-27 09:43:25,44000.0,200,Sell,234932272
2024-08-27 09:43:26,44000.0,500,Sell,234932290
2024-08-27 09:43:29,44000.0,2800,Sell,234932347
2024-08-27 09:43:30,44000.0,500,Sell,234932373
2024-08-27 09:43:35,44050.0,500,Buy,234932573
2024-08-27 09:43:42,44050.0,200,Buy,234932735
2024-08-27 09:43:42,44000.0,200,Sell,234932744
2024-08-27 09:44:05,44000.0,100,Sell,234933339
2024-08-27 09:44:18,44050.0,700,Buy,234933672
2024-08-27 09:44:18,44050.0,2000,Buy,234933671
2024-08-27 09:44:18,44050.0,100,Buy,234933670
2024-08-27 09:44:18,44050.0,400,Buy,234933666
2024-08-27 09:44:18,44050.0,1000,Buy,234933668
2024-08-27 09:44:18,44050.0,300,Buy,234933665
2024-08-27 09:44:18,44050.0,100,Buy,234933669
2024-08-27 09:44:18,44050.0,400,Buy,234933667
2024-08-27 09:44:31,44050.0,300,Buy,234933984
2024-08-27 09:44:31,44050.0,100,Buy,234933985
2024-08-27 09:44:31,44050.0,100,Buy,234933986
2024-08-27 09:44:39,44050.0,300,Sell,234934122
2024-08-27 09:44:51,44050.0,300,Sell,234934393
2024-08-27 09:44:54,44050.0,100,Sell,234934462
2024-08-27 09:44:56,44100.0,2000,Buy,234934517
2024-08-27 09:45:02,44100.0,100,Buy,234934632
2024-08-27 09:45:06,44100.0,100,Buy,234934760
2024-08-27 09:45:11,44100.0,300,Buy,234934905
2024-08-27 09:45:11,44100.0,1700,Buy,234934904
2024-08-27 09:45:33,44100.0,200,Buy,234935496
2024-08-27 09:45:33,44100.0,100,Buy,234935495
2024-08-27 09:45:33,44100.0,200,Buy,234935494
2024-08-27 09:45:33,44100.0,1000,Buy,234935493
2024-08-27 09:45:33,44100.0,100,Buy,234935492
2024-08-27 09:45:33,44100.0,1000,Buy,234935491
2024-08-27 09:45:33,44100.0,100,Buy,234935490
2024-08-27 09:45:33,44100.0,5000,Buy,234935489
2024-08-27 09:45:33,44100.0,200,Buy,234935488
2024-08-27 09:45:33,44100.0,800,Buy,234935498
2024-08-27 09:45:33,44100.0,100,Buy,234935486
2024-08-27 09:45:33,44100.0,200,Buy,234935487
2024-08-27 09:45:33,44100.0,200,Buy,234935478
2024-08-27 09:45:33,44100.0,400,Buy,234935479
2024-08-27 09:45:33,44100.0,200,Buy,234935480
2024-08-27 09:45:33,44100.0,100,Buy,234935497
2024-08-27 09:45:33,44100.0,3000,Buy,234935482
2024-08-27 09:45:33,44100.0,1000,Buy,234935483
2024-08-27 09:45:33,44100.0,500,Buy,234935481
2024-08-27 09:45:33,44100.0,500,Buy,234935484
2024-08-27 09:45:33,44100.0,100,Buy,234935485
2024-08-27 09:45:48,44100.0,300,Buy,234935873
2024-08-27 09:45:50,44050.0,100,Sell,234935920
2024-08-27 09:45:56,44100.0,700,Buy,234936088
2024-08-27 09:46:05,44050.0,100,Sell,234936289
2024-08-27 09:46:22,44100.0,1500,Buy,234936602
2024-08-27 09:46:37,44050.0,200,Sell,234936955
2024-08-27 09:46:48,44050.0,100,Sell,234937248
2024-08-27 09:46:59,44000.0,1400,Sell,234937489
2024-08-27 09:46:59,44000.0,200,Sell,234937488
2024-08-27 09:46:59,44000.0,1000,Sell,234937486
2024-08-27 09:46:59,44000.0,1400,Sell,234937485
2024-08-27 09:46:59,44000.0,1000,Sell,234937487
2024-08-27 09:47:22,44000.0,500,Sell,234937958
2024-08-27 09:47:33,44000.0,2000,Sell,234938161
2024-08-27 09:47:44,44000.0,600,Sell,234938370
2024-08-27 09:47:53,44000.0,500,Sell,234938552
2024-08-27 09:47:58,44000.0,100,Sell,234938689
2024-08-27 09:48:15,44000.0,200,Sell,234939101
2024-08-27 09:48:15,44000.0,200,Sell,234939109
2024-08-27 09:48:26,44000.0,100,Sell,234939369
2024-08-27 09:48:26,44000.0,100,Sell,234939358
2024-08-27 09:49:31,43950.0,2000,Sell,234940633
2024-08-27 09:49:32,43950.0,1700,Sell,234940684
2024-08-27 09:49:32,43950.0,1000,Sell,234940686
2024-08-27 09:49:32,43900.0,1200,Sell,234940687
2024-08-27 09:49:32,43950.0,100,Sell,234940685
2024-08-27 09:49:33,44000.0,200,Buy,234940702
2024-08-27 09:49:47,44000.0,200,Buy,234940922
2024-08-27 09:49:47,44000.0,200,Buy,234940923
2024-08-27 09:49:47,44000.0,200,Buy,234940924
2024-08-27 09:49:47,44000.0,300,Buy,234940925
2024-08-27 09:50:25,44000.0,100,Buy,234941628
2024-08-27 09:50:27,44000.0,100,Buy,234941664
2024-08-27 09:50:27,43900.0,100,Sell,234941663
2024-08-27 09:50:27,44000.0,100,Buy,234941665
2024-08-27 09:51:05,43950.0,500,Buy,234942525
2024-08-27 09:51:05,44000.0,100,Buy,234942526
2024-08-27 09:51:29,44000.0,100,Buy,234942964
2024-08-27 09:52:27,44000.0,100,Buy,234944028
2024-08-27 09:52:27,44000.0,100,Buy,234944029
2024-08-27 09:52:27,44000.0,500,Buy,234944030
2024-08-27 09:52:27,44000.0,100,Buy,234944031
2024-08-27 09:52:27,44000.0,200,Buy,234944032
2024-08-27 09:52:27,44000.0,1000,Buy,234944033
2024-08-27 09:52:27,44000.0,600,Buy,234944034
2024-08-27 09:52:27,44000.0,100,Buy,234944035
2024-08-27 09:52:27,44000.0,300,Buy,234944036
2024-08-27 09:53:00,43900.0,300,Sell,234944706
2024-08-27 09:53:00,43900.0,100,Sell,234944705
2024-08-27 09:53:00,43900.0,300,Sell,234944703
2024-08-27 09:53:00,43900.0,300,Sell,234944704
2024-08-27 09:53:22,43900.0,700,Sell,234945287
2024-08-27 09:53:22,43900.0,500,Sell,234945288
2024-08-27 09:53:22,43900.0,100,Sell,234945289
2024-08-27 09:53:22,43900.0,100,Sell,234945290
2024-08-27 09:53:22,43900.0,1600,Sell,234945291
2024-08-27 09:53:28,43900.0,300,Sell,234945370
2024-08-27 09:53:30,43900.0,200,Sell,234945458
2024-08-27 09:53:42,43900.0,500,Sell,234945663
2024-08-27 09:53:54,43900.0,100,Sell,234945879
2024-08-27 09:53:58,43900.0,300,Sell,234945959
2024-08-27 09:54:32,43850.0,100,Sell,234946593
2024-08-27 09:54:47,43850.0,4900,Sell,234946893
2024-08-27 09:54:47,43850.0,100,Sell,234946894
2024-08-27 09:55:00,43900.0,1300,Buy,234947105
2024-08-27 09:55:00,43900.0,100,Buy,234947104
2024-08-27 09:55:00,43900.0,600,Buy,234947103
2024-08-27 09:55:23,43850.0,200,Sell,234947498
2024-08-27 09:56:10,43850.0,200,Sell,234948419
2024-08-27 09:56:10,43850.0,100,Sell,234948420
2024-08-27 09:57:31,43850.0,400,Sell,234950057
2024-08-27 09:57:31,43850.0,100,Sell,234950058
2024-08-27 09:57:49,43900.0,1700,Buy,234950295
2024-08-27 09:57:49,43900.0,100,Buy,234950296
2024-08-27 09:57:59,43900.0,1500,Buy,234950473
2024-08-27 09:58:06,43900.0,1400,Buy,234950549
2024-08-27 09:58:06,43900.0,200,Buy,234950550
2024-08-27 09:58:06,43900.0,500,Buy,234950551
2024-08-27 09:58:06,43900.0,1500,Buy,234950552
2024-08-27 09:58:34,43950.0,100,Buy,234950980
2024-08-27 09:58:38,43950.0,900,Buy,234951024
2024-08-27 09:58:39,43950.0,300,Buy,234951029
2024-08-27 09:58:39,43950.0,1700,Buy,234951027
2024-08-27 09:58:39,43950.0,2000,Buy,234951026
2024-08-27 09:58:39,43950.0,100,Buy,234951028
2024-08-27 09:58:51,43950.0,100,Buy,234951215
2024-08-27 09:58:55,43950.0,300,Sell,234951261
2024-08-27 09:58:55,43950.0,100,Sell,234951262
2024-08-27 09:59:58,43950.0,500,Buy,234952307
2024-08-27 10:00:29,43950.0,500,Sell,234952885
2024-08-27 10:00:51,43950.0,500,Buy,234953190
2024-08-27 10:01:20,43950.0,100,Sell,234953636
2024-08-27 10:01:37,43950.0,200,Sell,234953951
2024-08-27 10:01:48,43950.0,200,Sell,234954097
2024-08-27 10:01:48,43950.0,100,Sell,234954098
2024-08-27 10:02:06,43950.0,1200,Buy,234954445
2024-08-27 10:02:43,43950.0,3500,Buy,234955034
2024-08-27 10:02:43,43950.0,1000,Buy,234955035
2024-08-27 10:03:00,43950.0,2000,Sell,234955298
2024-08-27 10:03:25,44000.0,100,Buy,234955656
2024-08-27 10:03:25,44000.0,1000,Buy,234955655
2024-08-27 10:03:25,44000.0,300,Buy,234955657
2024-08-27 10:03:46,44000.0,200,Buy,234955983
2024-08-27 10:04:23,43950.0,100,Sell,234956625
2024-08-27 10:04:23,43950.0,100,Sell,234956626
2024-08-27 10:04:23,43950.0,4100,Sell,234956627
2024-08-27 10:04:23,43950.0,700,Sell,234956624
2024-08-27 10:04:37,43950.0,1700,Sell,234956868
2024-08-27 10:04:37,43950.0,100,Sell,234956869
2024-08-27 10:04:37,43950.0,700,Sell,234956870
2024-08-27 10:04:55,43950.0,100,Sell,234957113
2024-08-27 10:04:58,44000.0,100,Buy,234957226
2024-08-27 10:05:37,44000.0,2000,Buy,234957794
2024-08-27 10:05:38,43950.0,100,Sell,234957801
2024-08-27 10:05:51,43950.0,600,Sell,234958022
2024-08-27 10:05:51,43950.0,200,Sell,234958023
2024-08-27 10:05:51,43950.0,200,Sell,234958024
2024-08-27 10:05:54,43950.0,100,Sell,234958147
2024-08-27 10:06:02,44000.0,100,Buy,234958300
2024-08-27 10:06:11,43950.0,1100,Sell,234958414
2024-08-27 10:06:11,43950.0,900,Sell,234958412
2024-08-27 10:06:11,43950.0,2000,Sell,234958413
2024-08-27 10:06:40,43950.0,100,Sell,234959049
2024-08-27 10:06:45,43950.0,2000,Sell,234959377
2024-08-27 10:07:04,43950.0,1000,Buy,234959813
2024-08-27 10:07:29,43950.0,100,Buy,234960257
2024-08-27 10:07:37,43950.0,100,Buy,234960395
2024-08-27 10:07:51,43950.0,100,Buy,234960707
2024-08-27 10:08:15,43950.0,3000,Buy,234961205
2024-08-27 10:08:40,43950.0,300,Buy,234961737
2024-08-27 10:08:47,43950.0,2100,Buy,234961865
2024-08-27 10:08:47,43950.0,400,Buy,234961864
2024-08-27 10:09:06,43950.0,200,Buy,234962277
2024-08-27 10:09:18,43950.0,100,Buy,234962458
2024-08-27 10:09:21,43950.0,2600,Buy,234962491
2024-08-27 10:09:21,43950.0,2400,Buy,234962492
2024-08-27 10:09:31,43950.0,200,Buy,234962744
2024-08-27 10:09:52,43950.0,200,Buy,234963350
2024-08-27 10:09:52,43950.0,2200,Buy,234963349
2024-08-27 10:09:52,43950.0,1400,Buy,234963348
2024-08-27 10:10:18,43950.0,300,Sell,234964004
2024-08-27 10:10:34,43950.0,500,Sell,234964333
2024-08-27 10:10:55,44000.0,300,Buy,234964942
2024-08-27 10:10:55,44000.0,100,Buy,234964943
2024-08-27 10:10:55,44000.0,1000,Buy,234964944
2024-08-27 10:10:55,44000.0,100,Buy,234964945
2024-08-27 10:11:35,44000.0,2100,Buy,234966117
2024-08-27 10:11:35,44000.0,1900,Buy,234966115
2024-08-27 10:11:35,44000.0,1000,Buy,234966116
2024-08-27 10:11:51,44000.0,2000,Buy,234966611
2024-08-27 10:12:01,44000.0,1000,Buy,234967002
2024-08-27 10:12:30,44000.0,200,Buy,234967884
2024-08-27 10:12:36,44000.0,100,Buy,234968017
2024-08-27 10:12:48,44000.0,1000,Buy,234968291
2024-08-27 10:14:11,43950.0,2000,Sell,234971061
2024-08-27 10:14:15,44000.0,100,Buy,234971186
2024-08-27 10:14:15,44000.0,100,Buy,234971185
2024-08-27 10:14:15,44000.0,300,Buy,234971184
2024-08-27 10:14:43,43950.0,2000,Sell,234972198
2024-08-27 10:15:08,43950.0,500,Sell,234972891
2024-08-27 10:15:26,43950.0,200,Sell,234973627
2024-08-27 10:15:33,43950.0,1000,Sell,234973926
2024-08-27 10:15:50,43950.0,2000,Sell,234974759
2024-08-27 10:16:07,43950.0,1700,Sell,234975418
2024-08-27 10:16:54,44000.0,400,Buy,234976640
2024-08-27 10:16:54,44000.0,100,Buy,234976641
2024-08-27 10:16:54,44000.0,2500,Buy,234976642
2024-08-27 10:16:54,43950.0,100,Sell,234976646
2024-08-27 10:16:59,43950.0,300,Sell,234976760
2024-08-27 10:17:03,43950.0,2300,Sell,234976876
2024-08-27 10:17:05,43950.0,2900,Sell,234976943
2024-08-27 10:17:05,43950.0,1000,Sell,234976942
2024-08-27 10:17:05,43950.0,2500,Sell,234976938
2024-08-27 10:17:05,43950.0,200,Sell,234976940
2024-08-27 10:17:05,43950.0,3000,Sell,234976941
2024-08-27 10:17:05,43950.0,300,Sell,234976939
2024-08-27 10:17:17,43950.0,100,Sell,234977302
2024-08-27 10:17:17,43950.0,100,Sell,234977303
2024-08-27 10:17:17,43950.0,5000,Sell,234977304
2024-08-27 10:17:17,43950.0,300,Sell,234977305
2024-08-27 10:17:17,43950.0,300,Sell,234977306
2024-08-27 10:17:17,43950.0,1200,Sell,234977307
2024-08-27 10:17:18,43950.0,200,Sell,234977335
2024-08-27 10:17:29,43950.0,800,Sell,234977802
2024-08-27 10:17:33,43950.0,200,Sell,234977899
2024-08-27 10:17:33,43950.0,800,Sell,234977900
2024-08-27 10:17:39,43950.0,200,Sell,234978043
2024-08-27 10:17:56,43950.0,100,Sell,234978704
2024-08-27 10:18:13,43950.0,700,Sell,234979293
2024-08-27 10:18:13,43950.0,100,Sell,234979291
2024-08-27 10:18:13,43950.0,100,Sell,234979292
2024-08-27 10:18:21,43950.0,400,Sell,234979621
2024-08-27 10:18:23,43950.0,600,Sell,234979713
2024-08-27 10:19:00,43950.0,100,Sell,234980691
2024-08-27 10:19:01,43950.0,500,Sell,234980702
2024-08-27 10:19:08,44000.0,2000,Buy,234980935
2024-08-27 10:19:08,44000.0,2000,Buy,234980934
2024-08-27 10:19:08,44000.0,2000,Buy,234980933
2024-08-27 10:19:08,44000.0,2000,Buy,234980928
2024-08-27 10:19:08,44000.0,2000,Buy,234980927
2024-08-27 10:19:08,44000.0,100,Buy,234980926
2024-08-27 10:19:08,44000.0,2000,Buy,234980925
2024-08-27 10:19:08,44000.0,200,Buy,234980924
2024-08-27 10:19:08,44000.0,500,Buy,234980923
2024-08-27 10:19:08,44000.0,500,Buy,234980922
2024-08-27 10:19:08,44000.0,300,Buy,234980920
2024-08-27 10:19:08,44000.0,1500,Buy,234980919
2024-08-27 10:19:08,44000.0,100,Buy,234980918
2024-08-27 10:19:08,44000.0,100,Buy,234980917
2024-08-27 10:19:08,44000.0,500,Buy,234980916
2024-08-27 10:19:08,44000.0,1000,Buy,234980915
2024-08-27 10:19:08,44000.0,200,Buy,234980914
2024-08-27 10:19:08,44000.0,200,Buy,234980913
2024-08-27 10:19:08,44000.0,20300,Buy,234980912
2024-08-27 10:19:08,44000.0,500,Buy,234980921
2024-08-27 10:19:09,44000.0,100,Buy,234980947
2024-08-27 10:19:09,44000.0,400,Buy,234980946
2024-08-27 10:19:09,44000.0,500,Buy,234980945
2024-08-27 10:19:09,44000.0,500,Buy,234980943
2024-08-27 10:19:09,44000.0,500,Buy,234980944
2024-08-27 10:19:09,44000.0,2000,Buy,234980941
2024-08-27 10:19:09,44000.0,2000,Buy,234980940
2024-08-27 10:19:09,44000.0,2000,Buy,234980939
2024-08-27 10:19:09,44000.0,2000,Buy,234980938
2024-08-27 10:19:09,44000.0,2000,Buy,234980942
2024-08-27 10:19:18,44000.0,400,Buy,234981278
2024-08-27 10:19:18,44000.0,200,Buy,234981279
2024-08-27 10:19:18,44000.0,400,Buy,234981280
2024-08-27 10:19:20,44000.0,100,Buy,234981328
2024-08-27 10:19:20,44000.0,600,Buy,234981327
2024-08-27 10:19:57,44000.0,200,Sell,234982398
2024-08-27 10:19:58,44000.0,100,Sell,234982425
2024-08-27 10:20:19,44000.0,200,Sell,234983137
2024-08-27 10:20:38,44050.0,100,Buy,234983747
2024-08-27 10:20:38,44050.0,300,Buy,234983748
2024-08-27 10:20:38,44050.0,600,Buy,234983749
2024-08-27 10:20:45,44050.0,1000,Buy,234983888
2024-08-27 10:20:45,44050.0,1800,Buy,234983890
2024-08-27 10:20:45,44050.0,500,Buy,234983889
2024-08-27 10:20:45,44050.0,1400,Buy,234983886
2024-08-27 10:20:45,44050.0,500,Buy,234983887
2024-08-27 10:20:48,44050.0,200,Buy,234983985
2024-08-27 10:20:49,44050.0,100,Sell,234984007
2024-08-27 10:20:49,44050.0,100,Buy,234984010
2024-08-27 10:21:10,44050.0,900,Sell,234984525
2024-08-27 10:21:20,44050.0,100,Buy,234984764
2024-08-27 10:21:21,44000.0,500,Sell,234984802
2024-08-27 10:21:21,44050.0,1000,Buy,234984824
2024-08-27 10:21:22,44000.0,4700,Sell,234984840
2024-08-27 10:21:22,44000.0,300,Sell,234984839
2024-08-27 10:21:27,44000.0,5000,Sell,234984975
2024-08-27 10:21:30,44000.0,3000,Sell,234985094
2024-08-27 10:21:30,44000.0,2000,Sell,234985095
2024-08-27 10:21:35,44000.0,300,Sell,234985238
2024-08-27 10:21:35,44000.0,500,Sell,234985239
2024-08-27 10:21:35,44000.0,4200,Sell,234985240
2024-08-27 10:21:37,44000.0,800,Sell,234985303
2024-08-27 10:21:37,44000.0,200,Sell,234985304
2024-08-27 10:21:48,43950.0,100,Sell,234985585
2024-08-27 10:21:48,43950.0,7700,Sell,234985582
2024-08-27 10:21:48,43950.0,1000,Sell,234985583
2024-08-27 10:21:48,43950.0,1000,Sell,234985584
2024-08-27 10:21:50,43950.0,100,Buy,234985644
2024-08-27 10:21:52,43950.0,2000,Buy,234985769
2024-08-27 10:21:56,43950.0,100,Buy,234985844
2024-08-27 10:22:11,43950.0,200,Sell,234986211
2024-08-27 10:22:18,43950.0,300,Sell,234986386
2024-08-27 10:22:18,43950.0,100,Sell,234986387
2024-08-27 10:22:44,43950.0,100,Buy,234986930
2024-08-27 10:22:49,43950.0,1900,Sell,234987019
2024-08-27 10:22:49,43950.0,500,Sell,234987020
2024-08-27 10:23:00,43950.0,100,Buy,234987350
2024-08-27 10:23:04,43950.0,1000,Buy,234987474
2024-08-27 10:23:24,43950.0,1000,Buy,234987943
2024-08-27 10:23:29,43900.0,700,Sell,234988079
2024-08-27 10:23:42,43900.0,100,Sell,234988370
2024-08-27 10:23:42,43900.0,500,Sell,234988369
2024-08-27 10:23:42,43900.0,2600,Sell,234988367
2024-08-27 10:23:42,43900.0,100,Sell,234988368
2024-08-27 10:23:42,43900.0,1700,Sell,234988366
2024-08-27 10:23:46,43900.0,300,Sell,234988462
2024-08-27 10:23:46,43900.0,100,Sell,234988463
2024-08-27 10:23:46,43900.0,100,Sell,234988464
2024-08-27 10:23:46,43900.0,1000,Sell,234988465
2024-08-27 10:23:46,43900.0,200,Sell,234988466
2024-08-27 10:23:46,43900.0,1000,Sell,234988467
2024-08-27 10:23:46,43900.0,300,Sell,234988468
2024-08-27 10:23:54,43900.0,1000,Sell,234988731
2024-08-27 10:23:54,43900.0,300,Sell,234988724
2024-08-27 10:23:54,43900.0,200,Sell,234988732
2024-08-27 10:24:48,43850.0,700,Sell,234989844
2024-08-27 10:24:53,43850.0,500,Sell,234989929
2024-08-27 10:25:10,43850.0,1000,Sell,234990297
2024-08-27 10:25:16,43850.0,300,Sell,234990415
2024-08-27 10:25:38,43850.0,200,Sell,234990860
2024-08-27 10:25:38,43850.0,400,Sell,234990863
2024-08-27 10:25:38,43850.0,300,Sell,234990862
2024-08-27 10:25:38,43850.0,500,Sell,234990858
2024-08-27 10:25:38,43850.0,500,Sell,234990859
2024-08-27 10:25:38,43850.0,100,Sell,234990861
2024-08-27 10:25:50,43850.0,100,Sell,234991206
2024-08-27 10:25:50,43850.0,100,Sell,234991207
2024-08-27 10:25:50,43850.0,100,Sell,234991208
2024-08-27 10:25:56,43850.0,200,Buy,234991295
2024-08-27 10:25:56,43850.0,500,Buy,234991296
2024-08-27 10:26:00,43850.0,1800,Sell,234991361
2024-08-27 10:26:00,43800.0,200,Sell,234991362
2024-08-27 10:26:00,43800.0,1000,Sell,234991363
2024-08-27 10:26:19,43800.0,500,Sell,234991746
2024-08-27 10:26:19,43800.0,5000,Sell,234991747
2024-08-27 10:26:19,43800.0,300,Sell,234991745
2024-08-27 10:26:19,43800.0,1000,Sell,234991749
2024-08-27 10:26:19,43800.0,100,Sell,234991748
2024-08-27 10:26:19,43800.0,100,Sell,234991744
2024-08-27 10:26:19,43800.0,300,Sell,234991736
2024-08-27 10:26:19,43800.0,1000,Sell,234991742
2024-08-27 10:26:19,43800.0,1000,Sell,234991741
2024-08-27 10:26:19,43800.0,200,Sell,234991740
2024-08-27 10:26:19,43800.0,500,Sell,234991739
2024-08-27 10:26:19,43800.0,1000,Sell,234991738
2024-08-27 10:26:19,43800.0,500,Sell,234991737
2024-08-27 10:26:19,43800.0,3000,Sell,234991743
2024-08-27 10:26:35,43750.0,400,Sell,234992001
2024-08-27 10:26:51,43700.0,600,Sell,234992271
2024-08-27 10:26:51,43700.0,100,Sell,234992270
2024-08-27 10:26:51,43750.0,100,Sell,234992268
2024-08-27 10:26:51,43750.0,100,Sell,234992267
2024-08-27 10:26:51,43750.0,100,Sell,234992269
2024-08-27 10:27:01,43700.0,1000,Sell,234992524
2024-08-27 10:27:01,43650.0,4200,Sell,234992527
2024-08-27 10:27:01,43650.0,500,Sell,234992526
2024-08-27 10:27:01,43650.0,200,Sell,234992525
2024-08-27 10:27:01,43700.0,100,Sell,234992523
2024-08-27 10:27:01,43700.0,300,Sell,234992518
2024-08-27 10:27:01,43700.0,1500,Sell,234992521
2024-08-27 10:27:01,43700.0,500,Sell,234992520
2024-08-27 10:27:01,43700.0,1000,Sell,234992519
2024-08-27 10:27:01,43700.0,400,Sell,234992517
2024-08-27 10:27:01,43700.0,300,Sell,234992522
2024-08-27 10:27:07,43650.0,3000,Sell,234992656
2024-08-27 10:27:07,43650.0,500,Sell,234992658
2024-08-27 10:27:07,43650.0,5000,Sell,234992655
2024-08-27 10:27:07,43650.0,100,Sell,234992657
2024-08-27 10:27:07,43650.0,100,Sell,234992653
2024-08-27 10:27:07,43650.0,800,Sell,234992652
2024-08-27 10:27:07,43650.0,5000,Sell,234992651
2024-08-27 10:27:07,43650.0,800,Sell,234992650
2024-08-27 10:27:07,43650.0,3000,Sell,234992654
2024-08-27 10:27:09,43650.0,100,Buy,234992676
2024-08-27 10:27:15,43650.0,100,Buy,234992794
2024-08-27 10:27:15,43650.0,5000,Buy,234992810
2024-08-27 10:27:21,43650.0,100,Buy,234992961
2024-08-27 10:27:26,43650.0,2200,Buy,234993064
2024-08-27 10:27:26,43650.0,500,Buy,234993065
2024-08-27 10:27:40,43650.0,600,Sell,234993295
2024-08-27 10:28:00,43650.0,500,Sell,234993776
2024-08-27 10:28:36,43650.0,1000,Sell,234994339
2024-08-27 10:28:37,43750.0,200,Buy,234994341
2024-08-27 10:28:58,43700.0,400,Sell,234994730
2024-08-27 10:29:08,43700.0,100,Sell,234995006
2024-08-27 10:29:08,43700.0,200,Sell,234995005
2024-08-27 10:29:53,43700.0,500,Sell,234995893
2024-08-27 10:30:03,43700.0,400,Sell,234996158
2024-08-27 10:30:03,43700.0,2600,Sell,234996159
2024-08-27 10:30:08,43750.0,500,Buy,234996269
2024-08-27 10:30:16,43700.0,400,Sell,234996434
2024-08-27 10:30:16,43700.0,100,Sell,234996435
2024-08-27 10:30:16,43700.0,500,Sell,234996436
2024-08-27 10:30:23,43700.0,500,Sell,234996631
2024-08-27 10:30:23,43700.0,500,Sell,234996630
2024-08-27 10:30:27,43700.0,1500,Sell,234996697
2024-08-27 10:30:27,43700.0,1000,Sell,234996698
2024-08-27 10:30:38,43700.0,1000,Sell,234996960
2024-08-27 10:30:51,43700.0,1000,Sell,234997247
2024-08-27 10:31:11,43700.0,2000,Buy,234997569
2024-08-27 10:31:13,43700.0,100,Buy,234997579
2024-08-27 10:31:36,43700.0,200,Buy,234997998
2024-08-27 10:31:53,43700.0,200,Buy,234998337
2024-08-27 10:31:53,43700.0,1100,Buy,234998335
2024-08-27 10:31:53,43700.0,1000,Buy,234998336
2024-08-27 10:32:00,43700.0,500,Sell,234998431
2024-08-27 10:32:06,43700.0,1000,Sell,234998507
2024-08-27 10:32:11,43700.0,200,Sell,234998618
2024-08-27 10:32:19,43700.0,900,Sell,234998797
2024-08-27 10:32:38,43750.0,2000,Buy,234999386
2024-08-27 10:34:12,43700.0,1400,Sell,235000909
2024-08-27 10:34:25,43700.0,200,Sell,235001118
2024-08-27 10:34:26,43700.0,3000,Sell,235001138
2024-08-27 10:34:31,43700.0,500,Sell,235001210
2024-08-27 10:34:31,43700.0,1000,Sell,235001211
2024-08-27 10:34:31,43700.0,1000,Sell,235001212
2024-08-27 10:34:31,43700.0,500,Sell,235001213
2024-08-27 10:34:35,43700.0,200,Sell,235001267
2024-08-27 10:34:41,43700.0,1000,Buy,235001422
2024-08-27 10:35:42,43700.0,4000,Buy,235002763
2024-08-27 10:35:42,43700.0,100,Buy,235002764
2024-08-27 10:36:37,43700.0,100,Sell,235003743
2024-08-27 10:36:52,43700.0,300,Sell,235003971
2024-08-27 10:37:15,43700.0,200,Sell,235004329
2024-08-27 10:38:11,43700.0,200,Sell,235005237
2024-08-27 10:38:11,43700.0,300,Sell,235005236
2024-08-27 10:38:44,43700.0,2800,Sell,235005759
2024-08-27 10:38:44,43700.0,200,Sell,235005760
2024-08-27 10:39:36,43700.0,7000,Buy,235006535
2024-08-27 10:39:44,43700.0,500,Sell,235006710
2024-08-27 10:39:47,43700.0,500,Sell,235006751
2024-08-27 10:39:48,43700.0,400,Sell,235006820
2024-08-27 10:40:35,43750.0,2000,Buy,235007604
2024-08-27 10:40:48,43750.0,500,Buy,235007810
2024-08-27 10:40:48,43750.0,500,Buy,235007811
2024-08-27 10:41:03,43750.0,700,Buy,235008287
2024-08-27 10:41:05,43750.0,100,Sell,235008402
2024-08-27 10:41:05,43700.0,2400,Sell,235008403
2024-08-27 10:41:11,43750.0,1000,Sell,235008470
2024-08-27 10:41:11,43700.0,2000,Sell,235008471
2024-08-27 10:41:52,43700.0,600,Sell,235009126
2024-08-27 10:42:01,43700.0,700,Sell,235009266
2024-08-27 10:42:01,43700.0,2000,Sell,235009265
2024-08-27 10:42:01,43700.0,1000,Sell,235009263
2024-08-27 10:42:01,43700.0,1600,Sell,235009262
2024-08-27 10:42:01,43700.0,500,Sell,235009264
2024-08-27 10:42:15,43650.0,100,Sell,235009615
2024-08-27 10:42:32,43700.0,200,Buy,235009882
2024-08-27 10:42:32,43700.0,2800,Buy,235009885
2024-08-27 10:43:49,43700.0,100,Buy,235011721
2024-08-27 10:43:54,43700.0,1000,Buy,235011861
2024-08-27 10:44:04,43650.0,200,Sell,235012245
2024-08-27 10:44:08,43700.0,500,Buy,235012276
2024-08-27 10:44:20,43650.0,200,Sell,235012557
2024-08-27 10:44:28,43650.0,1000,Sell,235012708
2024-08-27 10:44:28,43650.0,200,Sell,235012709
2024-08-27 10:44:28,43650.0,300,Sell,235012710
2024-08-27 10:44:28,43650.0,1000,Sell,235012699
2024-08-27 10:44:37,43650.0,1000,Sell,235013249
2024-08-27 10:44:44,43650.0,400,Sell,235013383
2024-08-27 10:44:44,43650.0,300,Sell,235013382
2024-08-27 10:44:44,43650.0,100,Sell,235013379
2024-08-27 10:44:44,43650.0,100,Sell,235013380
2024-08-27 10:44:44,43650.0,100,Sell,235013381
2024-08-27 10:44:54,43650.0,100,Sell,235013700
2024-08-27 10:44:54,43650.0,900,Sell,235013701
2024-08-27 10:45:03,43650.0,4100,Sell,235014005
2024-08-27 10:45:03,43650.0,1000,Sell,235014006
2024-08-27 10:45:03,43650.0,1100,Sell,235014007
2024-08-27 10:45:04,43650.0,1600,Sell,235014110
2024-08-27 10:45:12,43650.0,4400,Sell,235014415
2024-08-27 10:45:12,43650.0,100,Sell,235014414
2024-08-27 10:45:12,43650.0,200,Sell,235014413
2024-08-27 10:45:12,43650.0,100,Sell,235014412
2024-08-27 10:45:12,43650.0,500,Sell,235014411
2024-08-27 10:45:12,43650.0,200,Sell,235014409
2024-08-27 10:45:12,43650.0,2300,Sell,235014406
2024-08-27 10:45:12,43650.0,100,Sell,235014410
2024-08-27 10:45:12,43650.0,1900,Sell,235014408
2024-08-27 10:45:12,43650.0,200,Sell,235014407
2024-08-27 10:45:14,43650.0,300,Sell,235014477
2024-08-27 10:45:14,43650.0,2000,Sell,235014478
2024-08-27 10:45:14,43650.0,200,Sell,235014479
2024-08-27 10:45:14,43650.0,300,Sell,235014466
2024-08-27 10:45:24,43650.0,300,Sell,235014814
2024-08-27 10:45:44,43650.0,200,Sell,235015248
2024-08-27 10:45:55,43650.0,100,Sell,235015800
2024-08-27 10:45:55,43650.0,400,Sell,235015801
2024-08-27 10:46:02,43650.0,100,Sell,235016004
2024-08-27 10:46:45,43650.0,1500,Sell,235017298
2024-08-27 10:46:45,43650.0,100,Sell,235017299
2024-08-27 10:46:45,43650.0,100,Sell,235017300
2024-08-27 10:46:45,43650.0,2000,Sell,235017301
2024-08-27 10:46:53,43700.0,100,Buy,235017596
2024-08-27 10:46:57,43650.0,200,Sell,235017748
2024-08-27 10:46:58,43650.0,800,Sell,235017766
2024-08-27 10:47:22,43650.0,200,Buy,235018806
2024-08-27 10:47:36,43650.0,400,Sell,235019301
2024-08-27 10:47:47,43650.0,800,Sell,235019713
2024-08-27 10:47:48,43650.0,200,Sell,235019762
2024-08-27 10:47:55,43650.0,400,Sell,235019899
2024-08-27 10:47:55,43650.0,1600,Sell,235019900
2024-08-27 10:47:55,43650.0,500,Sell,235019907
2024-08-27 10:47:55,43650.0,400,Sell,235019914
2024-08-27 10:47:56,43650.0,700,Sell,235019934
2024-08-27 10:47:56,43650.0,300,Sell,235019935
2024-08-27 10:48:05,43650.0,200,Sell,235020160
2024-08-27 10:48:10,43650.0,1000,Sell,235020364
2024-08-27 10:48:11,43650.0,1000,Sell,235020400
2024-08-27 10:48:22,43650.0,200,Sell,235021005
2024-08-27 10:48:23,43650.0,500,Sell,235021033
2024-08-27 10:48:23,43650.0,3000,Sell,235021022
2024-08-27 10:48:32,43650.0,200,Sell,235021279
2024-08-27 10:48:35,43650.0,400,Sell,235021400
2024-08-27 10:49:03,43650.0,2000,Buy,235022262
2024-08-27 10:49:03,43650.0,400,Buy,235022263
2024-08-27 10:49:03,43650.0,1000,Buy,235022264
2024-08-27 10:49:03,43650.0,200,Buy,235022265
2024-08-27 10:49:03,43650.0,400,Buy,235022266
2024-08-27 10:49:16,43650.0,100,Buy,235022713
2024-08-27 10:49:16,43650.0,200,Buy,235022714
2024-08-27 10:49:16,43650.0,200,Buy,235022712
2024-08-27 10:49:25,43650.0,100,Sell,235022979
2024-08-27 10:49:25,43650.0,400,Sell,235022998
2024-08-27 10:49:27,43650.0,200,Sell,235023232
2024-08-27 10:49:54,43650.0,200,Sell,235024024
2024-08-27 10:50:03,43600.0,300,Sell,235024293
2024-08-27 10:50:15,43650.0,300,Buy,235024589
2024-08-27 10:50:15,43650.0,200,Buy,235024590
2024-08-27 10:50:17,43650.0,200,Sell,235024607
2024-08-27 10:50:37,43650.0,100,Sell,235025197
2024-08-27 10:50:37,43650.0,200,Sell,235025212
2024-08-27 10:50:37,43650.0,100,Sell,235025213
2024-08-27 10:50:40,43650.0,100,Buy,235025352
2024-08-27 10:50:45,43650.0,1600,Buy,235025500
2024-08-27 10:50:45,43650.0,100,Buy,235025501
2024-08-27 10:50:45,43700.0,1300,Buy,235025502
2024-08-27 10:50:59,43650.0,1000,Sell,235025880
2024-08-27 10:51:18,43650.0,2000,Buy,235026377
2024-08-27 10:51:18,43650.0,500,Buy,235026378
2024-08-27 10:51:18,43700.0,200,Buy,235026379
2024-08-27 10:51:18,43700.0,300,Buy,235026380
2024-08-27 10:51:30,43700.0,1000,Buy,235026795
2024-08-27 10:52:30,43700.0,300,Buy,235028324
2024-08-27 10:52:38,43700.0,1000,Buy,235028461
2024-08-27 10:53:04,43650.0,200,Sell,235028979
2024-08-27 10:54:05,43650.0,1300,Sell,235030178
2024-08-27 10:54:05,43650.0,400,Sell,235030177
2024-08-27 10:54:16,43700.0,200,Buy,235030365
2024-08-27 10:54:16,43700.0,100,Buy,235030366
2024-08-27 10:54:16,43700.0,3700,Buy,235030364
2024-08-27 10:54:25,43700.0,1000,Buy,235030503
2024-08-27 10:54:25,43700.0,1000,Buy,235030504
2024-08-27 10:54:26,43700.0,100,Buy,235030517
2024-08-27 10:54:29,43700.0,1000,Buy,235030557
2024-08-27 10:54:32,43700.0,1000,Buy,235030642
2024-08-27 10:54:32,43700.0,1000,Buy,235030641
2024-08-27 10:54:32,43700.0,500,Buy,235030640
2024-08-27 10:54:32,43700.0,700,Buy,235030639
2024-08-27 10:54:32,43700.0,500,Buy,235030637
2024-08-27 10:54:32,43700.0,500,Buy,235030638
2024-08-27 10:54:32,43700.0,100,Buy,235030635
2024-08-27 10:54:32,43700.0,500,Buy,235030634
2024-08-27 10:54:32,43700.0,200,Buy,235030633
2024-08-27 10:54:32,43700.0,5000,Buy,235030632
2024-08-27 10:54:32,43700.0,100,Buy,235030631
2024-08-27 10:54:32,43700.0,2900,Buy,235030630
2024-08-27 10:54:32,43700.0,300,Buy,235030636
2024-08-27 10:54:38,43750.0,1000,Buy,235030720
2024-08-27 10:54:38,43700.0,100,Sell,235030718
2024-08-27 10:54:38,43750.0,500,Buy,235030719
2024-08-27 10:55:12,43800.0,500,Buy,235031285
2024-08-27 10:55:15,43800.0,100,Buy,235031335
2024-08-27 10:55:15,43800.0,1000,Buy,235031336
2024-08-27 10:55:15,43800.0,900,Buy,235031337
2024-08-27 10:55:15,43800.0,300,Buy,235031341
2024-08-27 10:55:16,43750.0,1000,Sell,235031350
2024-08-27 10:55:19,43800.0,300,Buy,235031375
2024-08-27 10:55:19,43800.0,100,Buy,235031376
2024-08-27 10:55:19,43800.0,500,Buy,235031374
2024-08-27 10:55:19,43800.0,1100,Buy,235031373
2024-08-27 10:55:29,43850.0,500,Buy,235031559
2024-08-27 10:55:32,43850.0,300,Buy,235031584
2024-08-27 10:55:32,43850.0,500,Buy,235031585
2024-08-27 10:55:32,43850.0,1000,Buy,235031583
2024-08-27 10:55:58,43850.0,400,Sell,235031991
2024-08-27 10:56:25,43850.0,100,Sell,235032379
2024-08-27 10:56:25,43850.0,500,Sell,235032380
2024-08-27 10:56:25,43850.0,1400,Sell,235032381
2024-08-27 10:56:41,43850.0,100,Sell,235032587
2024-08-27 10:57:00,43850.0,100,Buy,235032823
2024-08-27 10:57:11,43800.0,2000,Sell,235033022
2024-08-27 10:57:25,43800.0,200,Sell,235033207
2024-08-27 10:57:26,43800.0,500,Buy,235033217
2024-08-27 10:57:27,43750.0,1000,Sell,235033251
2024-08-27 10:57:28,43750.0,1000,Sell,235033258
2024-08-27 10:57:30,43750.0,500,Sell,235033287
2024-08-27 10:57:30,43750.0,2500,Sell,235033288
2024-08-27 10:57:51,43800.0,500,Buy,235033619
2024-08-27 10:58:01,43800.0,1000,Buy,235033760
2024-08-27 10:58:17,43800.0,300,Buy,235034011
2024-08-27 10:58:17,43800.0,500,Buy,235034012
2024-08-27 10:58:17,43800.0,200,Buy,235034013
2024-08-27 10:59:37,43800.0,300,Buy,235035046
2024-08-27 10:59:37,43800.0,1700,Buy,235035053
2024-08-27 10:59:48,43800.0,1200,Buy,235035200
2024-08-27 11:00:27,43800.0,100,Buy,235035749
2024-08-27 11:01:41,43750.0,100,Sell,235036673
2024-08-27 11:01:54,43750.0,100,Sell,235037009
2024-08-27 11:03:39,43750.0,300,Sell,235038581
2024-08-27 11:03:39,43750.0,700,Sell,235038582
2024-08-27 11:04:21,43750.0,500,Sell,235039165
2024-08-27 11:04:36,43750.0,100,Sell,235039399
2024-08-27 11:05:08,43750.0,200,Sell,235039935
2024-08-27 11:05:58,43750.0,500,Sell,235041026
2024-08-27 11:05:58,43750.0,200,Sell,235041028
2024-08-27 11:05:58,43750.0,300,Sell,235041025
2024-08-27 11:05:58,43750.0,1000,Sell,235041027
2024-08-27 11:06:02,43750.0,100,Sell,235041089
2024-08-27 11:06:02,43750.0,100,Sell,235041090
2024-08-27 11:06:37,43750.0,200,Sell,235041792
2024-08-27 11:06:37,43750.0,1000,Sell,235041793
2024-08-27 11:06:37,43750.0,1000,Sell,235041794
2024-08-27 11:06:53,43750.0,2500,Buy,235042074
2024-08-27 11:08:19,43750.0,100,Sell,235043829
2024-08-27 11:08:40,43800.0,1000,Buy,235044152
2024-08-27 11:08:53,43800.0,500,Buy,235044442
2024-08-27 11:08:55,43800.0,4200,Buy,235044478
2024-08-27 11:08:55,43800.0,500,Buy,235044477
2024-08-27 11:08:55,43800.0,100,Buy,235044476
2024-08-27 11:08:55,43800.0,100,Buy,235044474
2024-08-27 11:08:55,43800.0,500,Buy,235044475
2024-08-27 11:08:55,43800.0,200,Buy,235044472
2024-08-27 11:08:55,43800.0,500,Buy,235044471
2024-08-27 11:08:55,43800.0,100,Buy,235044470
2024-08-27 11:08:55,43800.0,500,Buy,235044469
2024-08-27 11:08:55,43800.0,100,Buy,235044473
2024-08-27 11:09:08,43800.0,300,Buy,235044640
2024-08-27 11:09:34,43800.0,200,Buy,235045128
2024-08-27 11:09:34,43800.0,1000,Buy,235045129
2024-08-27 11:09:34,43800.0,1000,Buy,235045130
2024-08-27 11:09:34,43800.0,500,Buy,235045131
2024-08-27 11:09:46,43800.0,1000,Sell,235045460
2024-08-27 11:09:51,43800.0,6300,Sell,235045512
2024-08-27 11:09:55,43800.0,300,Buy,235045625
2024-08-27 11:10:01,43800.0,1000,Buy,235045753
2024-08-27 11:10:32,43800.0,500,Buy,235046583
2024-08-27 11:10:53,43750.0,500,Sell,235047203
2024-08-27 11:10:53,43750.0,500,Sell,235047202
2024-08-27 11:10:53,43750.0,1000,Sell,235047201
2024-08-27 11:10:59,43750.0,100,Sell,235047348
2024-08-27 11:10:59,43750.0,200,Sell,235047349
2024-08-27 11:11:01,43700.0,1000,Sell,235047550
2024-08-27 11:11:09,43750.0,300,Buy,235047742
2024-08-27 11:11:13,43800.0,300,Buy,235047797
2024-08-27 11:11:13,43800.0,1100,Buy,235047798
2024-08-27 11:11:13,43800.0,1000,Buy,235047799
2024-08-27 11:11:13,43800.0,1000,Buy,235047800
2024-08-27 11:11:13,43800.0,1600,Buy,235047801
2024-08-27 11:11:14,43750.0,100,Sell,235047872
2024-08-27 11:12:10,43750.0,500,Sell,235049232
2024-08-27 11:12:23,43750.0,100,Sell,235049587
2024-08-27 11:12:23,43750.0,100,Sell,235049588
2024-08-27 11:12:23,43750.0,300,Sell,235049589
2024-08-27 11:12:30,43750.0,1000,Buy,235049721
2024-08-27 11:12:36,43700.0,4000,Sell,235049888
2024-08-27 11:12:57,43750.0,400,Buy,235050426
2024-08-27 11:13:13,43700.0,100,Sell,235050749
2024-08-27 11:13:16,43700.0,4000,Sell,235050817
2024-08-27 11:13:19,43700.0,7500,Sell,235050859
2024-08-27 11:13:19,43700.0,500,Sell,235050860
2024-08-27 11:13:19,43700.0,100,Sell,235050861
2024-08-27 11:13:19,43700.0,100,Sell,235050862
2024-08-27 11:13:19,43700.0,100,Sell,235050863
2024-08-27 11:13:19,43700.0,100,Sell,235050864
2024-08-27 11:13:19,43700.0,1000,Sell,235050865
2024-08-27 11:13:48,43650.0,100,Sell,235051590
2024-08-27 11:14:02,43650.0,100,Sell,235051796
2024-08-27 11:14:10,43650.0,500,Sell,235051987
2024-08-27 11:14:10,43650.0,500,Sell,235051988
2024-08-27 11:14:34,43650.0,1500,Sell,235052476
2024-08-27 11:14:34,43650.0,1000,Sell,235052477
2024-08-27 11:14:34,43650.0,1200,Sell,235052478
2024-08-27 11:14:34,43650.0,500,Sell,235052480
2024-08-27 11:14:34,43650.0,4100,Sell,235052492
2024-08-27 11:14:34,43650.0,5000,Sell,235052491
2024-08-27 11:14:34,43650.0,100,Sell,235052490
2024-08-27 11:14:34,43650.0,100,Sell,235052489
2024-08-27 11:14:34,43650.0,2000,Sell,235052488
2024-08-27 11:14:34,43650.0,100,Sell,235052487
2024-08-27 11:14:34,43650.0,2000,Sell,235052479
2024-08-27 11:14:34,43650.0,500,Sell,235052485
2024-08-27 11:14:34,43650.0,700,Sell,235052481
2024-08-27 11:14:34,43650.0,2000,Sell,235052482
2024-08-27 11:14:34,43650.0,2000,Sell,235052486
2024-08-27 11:14:34,43650.0,200,Sell,235052484
2024-08-27 11:14:34,43650.0,100,Sell,235052483
2024-08-27 11:14:41,43650.0,100,Sell,235052596
2024-08-27 11:14:41,43650.0,900,Sell,235052595
2024-08-27 11:14:54,43650.0,500,Sell,235052874
2024-08-27 11:14:54,43650.0,100,Sell,235052876
2024-08-27 11:14:54,43650.0,100,Sell,235052873
2024-08-27 11:14:54,43650.0,300,Sell,235052875
2024-08-27 11:14:57,43650.0,5000,Sell,235052915
2024-08-27 11:14:57,43650.0,1400,Sell,235052916
2024-08-27 11:14:57,43650.0,1000,Sell,235052917
2024-08-27 11:14:57,43650.0,1000,Sell,235052918
2024-08-27 11:14:57,43650.0,1000,Sell,235052919
2024-08-27 11:14:57,43650.0,100,Sell,235052920
2024-08-27 11:14:57,43650.0,200,Sell,235052921
2024-08-27 11:14:57,43650.0,900,Sell,235052922
2024-08-27 11:15:04,43650.0,100,Sell,235053033
2024-08-27 11:15:04,43650.0,1500,Sell,235053034
2024-08-27 11:15:21,43650.0,100,Buy,235053423
2024-08-27 11:15:23,43650.0,700,Buy,235053455
2024-08-27 11:15:23,43650.0,300,Buy,235053454
2024-08-27 11:15:25,43650.0,200,Buy,235053470
2024-08-27 11:15:30,43650.0,100,Buy,235053615
2024-08-27 11:15:59,43650.0,100,Sell,235054249
2024-08-27 11:15:59,43650.0,200,Sell,235054250
2024-08-27 11:16:21,43650.0,100,Sell,235054780
2024-08-27 11:16:37,43650.0,100,Sell,235055189
2024-08-27 11:16:51,43650.0,200,Sell,235055381
2024-08-27 11:17:00,43650.0,1200,Sell,235055513
2024-08-27 11:17:20,43650.0,100,Sell,235055950
2024-08-27 11:18:01,43650.0,100,Sell,235056665
2024-08-27 11:18:01,43650.0,1000,Sell,235056664
2024-08-27 11:18:01,43650.0,100,Sell,235056663
2024-08-27 11:18:01,43650.0,100,Sell,235056662
2024-08-27 11:18:01,43650.0,100,Sell,235056661
2024-08-27 11:18:01,43650.0,200,Sell,235056659
2024-08-27 11:18:01,43650.0,800,Sell,235056658
2024-08-27 11:18:01,43650.0,500,Sell,235056657
2024-08-27 11:18:01,43650.0,100,Sell,235056656
2024-08-27 11:18:01,43650.0,2000,Sell,235056660
2024-08-27 11:18:17,43650.0,100,Sell,235056921
2024-08-27 11:18:17,43650.0,2000,Sell,235056922
2024-08-27 11:18:17,43650.0,1900,Sell,235056919
2024-08-27 11:18:17,43650.0,1000,Sell,235056920
2024-08-27 11:18:19,43700.0,10000,Buy,235056959
2024-08-27 11:18:36,43700.0,100,Buy,235057257
2024-08-27 11:18:41,43700.0,900,Buy,235057338
2024-08-27 11:18:41,43700.0,4000,Buy,235057339
2024-08-27 11:18:41,43700.0,500,Sell,235057343
2024-08-27 11:19:57,43800.0,500,Buy,235058581
2024-08-27 11:19:57,43800.0,600,Buy,235058580
2024-08-27 11:19:57,43800.0,100,Buy,235058579
2024-08-27 11:19:57,43800.0,100,Buy,235058576
2024-08-27 11:19:57,43800.0,200,Buy,235058577
2024-08-27 11:19:57,43800.0,2000,Buy,235058575
2024-08-27 11:19:57,43800.0,2400,Buy,235058574
2024-08-27 11:19:57,43800.0,100,Buy,235058578
2024-08-27 11:20:18,43800.0,500,Buy,235058855
2024-08-27 11:20:18,43800.0,100,Buy,235058856
2024-08-27 11:20:18,43800.0,200,Buy,235058857
2024-08-27 11:20:38,43800.0,200,Sell,235059133
2024-08-27 11:20:38,43800.0,500,Sell,235059134
2024-08-27 11:20:41,43800.0,2000,Buy,235059169
2024-08-27 11:20:59,43800.0,2100,Buy,235059455
2024-08-27 11:21:20,43750.0,500,Sell,235059795
2024-08-27 11:21:44,43750.0,2000,Buy,235060186
2024-08-27 11:22:26,43750.0,400,Buy,235060806
2024-08-27 11:22:49,43750.0,2000,Buy,235061133
2024-08-27 11:23:16,43750.0,1000,Buy,235061420
2024-08-27 11:23:56,43700.0,200,Sell,235061922
2024-08-27 11:24:02,43700.0,100,Sell,235061993
2024-08-27 11:24:47,43700.0,400,Sell,235062575
2024-08-27 11:24:47,43700.0,200,Sell,235062573
2024-08-27 11:24:47,43700.0,200,Sell,235062574
2024-08-27 11:25:10,43750.0,100,Buy,235062874
2024-08-27 11:26:12,43700.0,100,Sell,235063848
2024-08-27 11:26:12,43700.0,400,Sell,235063849
2024-08-27 11:26:16,43750.0,5000,Buy,235063894
2024-08-27 11:26:31,43750.0,1500,Buy,235064091
2024-08-27 11:26:31,43750.0,200,Buy,235064093
2024-08-27 11:26:31,43750.0,100,Buy,235064092
2024-08-27 11:26:34,43750.0,200,Sell,235064135
2024-08-27 11:26:46,43750.0,100,Sell,235064291
2024-08-27 11:27:24,43750.0,100,Sell,235064849
2024-08-27 11:27:50,43750.0,100,Sell,235065301
2024-08-27 11:28:00,43750.0,2400,Sell,235065463
2024-08-27 11:28:58,43750.0,100,Sell,235066650
2024-08-27 11:29:22,43750.0,200,Sell,235066985
2024-08-27 11:29:22,43750.0,300,Sell,235066986
2024-08-27 12:59:38,43750.0,400,Sell,235067622
2024-08-27 12:59:39,43750.0,100,Sell,235068144
2024-08-27 12:59:40,43750.0,400,Sell,235068277
2024-08-27 12:59:42,43750.0,900,Sell,235069365
2024-08-27 12:59:42,43750.0,100,Sell,235069366
2024-08-27 12:59:43,43750.0,100,Sell,235069521
2024-08-27 12:59:46,43800.0,200,Buy,235070246
2024-08-27 12:59:47,43700.0,1900,Sell,235070443
2024-08-27 12:59:48,43750.0,100,Buy,235070586
2024-08-27 13:00:12,43700.0,400,Sell,235072401
2024-08-27 13:00:16,43700.0,400,Sell,235072451
2024-08-27 13:00:30,43750.0,100,Buy,235072776
2024-08-27 13:00:30,43750.0,1000,Buy,235072775
2024-08-27 13:00:30,43750.0,1200,Buy,235072774
2024-08-27 13:00:30,43750.0,400,Buy,235072772
2024-08-27 13:00:30,43750.0,400,Buy,235072771
2024-08-27 13:00:30,43750.0,1200,Buy,235072770
2024-08-27 13:00:30,43750.0,500,Buy,235072773
2024-08-27 13:00:37,43750.0,500,Sell,235072974
2024-08-27 13:00:41,43750.0,700,Sell,235073109
2024-08-27 13:00:50,43700.0,100,Sell,235073295
2024-08-27 13:00:50,43700.0,400,Sell,235073296
2024-08-27 13:01:05,43700.0,100,Sell,235073657
2024-08-27 13:01:05,43700.0,100,Sell,235073658
2024-08-27 13:01:21,43700.0,900,Sell,235074094
2024-08-27 13:01:21,43700.0,1000,Sell,235074108
2024-08-27 13:01:30,43700.0,2000,Sell,235074340
2024-08-27 13:01:41,43700.0,300,Sell,235074602
2024-08-27 13:01:44,43700.0,300,Sell,235074682
2024-08-27 13:01:45,43700.0,400,Sell,235074718
2024-08-27 13:01:50,43700.0,200,Sell,235074816
2024-08-27 13:02:39,43750.0,100,Buy,235076080
2024-08-27 13:02:39,43750.0,600,Buy,235076081
2024-08-27 13:02:39,43750.0,300,Buy,235076079
2024-08-27 13:02:56,43700.0,200,Sell,235076585
2024-08-27 13:03:05,43700.0,300,Sell,235076765
2024-08-27 13:03:20,43700.0,300,Sell,235077298
2024-08-27 13:03:20,43700.0,1000,Sell,235077299
2024-08-27 13:03:20,43700.0,1000,Sell,235077300
2024-08-27 13:03:20,43700.0,2200,Sell,235077301
2024-08-27 13:03:26,43700.0,100,Sell,235077474
2024-08-27 13:03:26,43700.0,400,Sell,235077484
2024-08-27 13:03:37,43700.0,300,Sell,235077740
2024-08-27 13:03:39,43700.0,1100,Sell,235077812
2024-08-27 13:03:49,43700.0,100,Sell,235078018
2024-08-27 13:03:54,43700.0,400,Sell,235078183
2024-08-27 13:03:56,43700.0,400,Sell,235078248
2024-08-27 13:03:56,43700.0,100,Sell,235078249
2024-08-27 13:04:07,43700.0,400,Sell,235078500
2024-08-27 13:04:07,43700.0,2800,Sell,235078501
2024-08-27 13:04:13,43700.0,600,Sell,235078602
2024-08-27 13:04:20,43750.0,100,Buy,235078767
2024-08-27 13:04:20,43750.0,200,Buy,235078768
2024-08-27 13:04:20,43750.0,1000,Buy,235078769
2024-08-27 13:04:20,43750.0,700,Buy,235078770
2024-08-27 13:04:27,43750.0,100,Buy,235078898
2024-08-27 13:04:31,43750.0,500,Buy,235079013
2024-08-27 13:04:31,43750.0,600,Buy,235079024
2024-08-27 13:04:31,43750.0,1000,Buy,235079025
2024-08-27 13:04:31,43750.0,200,Buy,235079026
2024-08-27 13:04:32,43750.0,200,Buy,235079045
2024-08-27 13:04:32,43750.0,300,Buy,235079044
2024-08-27 13:04:33,43750.0,100,Buy,235079051
2024-08-27 13:04:38,43750.0,100,Sell,235079193
2024-08-27 13:04:58,43750.0,1000,Sell,235079727
2024-08-27 13:05:06,43750.0,600,Sell,235079916
2024-08-27 13:05:07,43750.0,200,Sell,235079933
2024-08-27 13:05:07,43750.0,100,Sell,235079934
2024-08-27 13:05:07,43750.0,100,Sell,235079935
2024-08-27 13:05:07,43750.0,100,Sell,235079936
2024-08-27 13:05:19,43750.0,500,Buy,235080257
2024-08-27 13:05:19,43750.0,400,Buy,235080258
2024-08-27 13:05:25,43750.0,1000,Sell,235080438
2024-08-27 13:05:59,43750.0,1000,Sell,235081442
2024-08-27 13:06:11,43750.0,100,Sell,235081756
2024-08-27 13:06:35,43800.0,7200,Buy,235082482
2024-08-27 13:06:38,43750.0,3000,Sell,235082561
2024-08-27 13:06:50,43800.0,1000,Buy,235082856
2024-08-27 13:06:51,43750.0,5000,Sell,235082889
2024-08-27 13:07:18,43750.0,500,Sell,235083533
2024-08-27 13:07:19,43750.0,100,Sell,235083579
2024-08-27 13:07:21,43750.0,200,Sell,235083599
2024-08-27 13:07:25,43750.0,1000,Sell,235083710
2024-08-27 13:07:39,43750.0,200,Sell,235084078
2024-08-27 13:07:39,43750.0,500,Sell,235084079
2024-08-27 13:07:39,43750.0,1000,Sell,235084080
2024-08-27 13:07:39,43750.0,300,Sell,235084081
2024-08-27 13:07:39,43750.0,700,Sell,235084082
2024-08-27 13:07:39,43750.0,100,Sell,235084083
2024-08-27 13:07:39,43750.0,100,Sell,235084084
2024-08-27 13:07:39,43750.0,100,Sell,235084085
2024-08-27 13:07:39,43750.0,200,Sell,235084086
2024-08-27 13:07:59,43750.0,200,Buy,235084839
2024-08-27 13:08:00,43700.0,2500,Sell,235084871
2024-08-27 13:08:01,43750.0,1600,Buy,235084892
2024-08-27 13:08:01,43750.0,1400,Buy,235084893
2024-08-27 13:08:06,43750.0,800,Buy,235085051
2024-08-27 13:08:11,43750.0,200,Buy,235085149
2024-08-27 13:08:11,43750.0,100,Buy,235085157
2024-08-27 13:08:11,43750.0,400,Sell,235085174
2024-08-27 13:08:21,43750.0,100,Buy,235085426
2024-08-27 13:08:23,43750.0,300,Sell,235085493
2024-08-27 13:09:18,43800.0,500,Buy,235087743
2024-08-27 13:09:26,43800.0,500,Buy,235088035
2024-08-27 13:09:33,43800.0,5800,Buy,235088321
2024-08-27 13:09:33,43800.0,14200,Buy,235088322
2024-08-27 13:09:36,43800.0,2000,Buy,235088459
2024-08-27 13:09:36,43800.0,100,Buy,235088460
2024-08-27 13:09:36,43800.0,500,Buy,235088458
2024-08-27 13:09:36,43800.0,300,Buy,235088461
2024-08-27 13:09:36,43800.0,400,Buy,235088456
2024-08-27 13:09:36,43800.0,5800,Buy,235088454
2024-08-27 13:09:36,43800.0,500,Buy,235088457
2024-08-27 13:09:36,43800.0,400,Buy,235088455
2024-08-27 13:09:39,43800.0,800,Buy,235088576
2024-08-27 13:09:39,43800.0,200,Buy,235088577
2024-08-27 13:09:39,43800.0,100,Buy,235088578
2024-08-27 13:09:39,43800.0,1700,Buy,235088579
2024-08-27 13:09:40,43850.0,1000,Buy,235088615
2024-08-27 13:09:49,43850.0,2200,Buy,235088921
2024-08-27 13:09:51,43850.0,1800,Buy,235088987
2024-08-27 13:09:51,43850.0,200,Buy,235088988
2024-08-27 13:09:53,43850.0,1700,Buy,235089075
2024-08-27 13:09:53,43850.0,2000,Buy,235089076
2024-08-27 13:09:53,43850.0,1000,Buy,235089077
2024-08-27 13:09:53,43850.0,300,Buy,235089078
2024-08-27 13:09:54,43850.0,4000,Buy,235089096
2024-08-27 13:09:55,43850.0,200,Buy,235089125
2024-08-27 13:09:55,43850.0,200,Buy,235089124
2024-08-27 13:09:56,43850.0,300,Buy,235089150
2024-08-27 13:09:56,43850.0,300,Buy,235089151
2024-08-27 13:10:02,43900.0,1600,Buy,235089418
2024-08-27 13:10:09,43900.0,400,Buy,235089617
2024-08-27 13:10:09,43900.0,1000,Buy,235089618
2024-08-27 13:10:09,43900.0,100,Buy,235089619
2024-08-27 13:10:09,43900.0,300,Buy,235089620
2024-08-27 13:10:09,43900.0,500,Buy,235089621
2024-08-27 13:10:09,43900.0,100,Buy,235089623
2024-08-27 13:10:09,43900.0,2000,Buy,235089624
2024-08-27 13:10:09,43900.0,2000,Buy,235089625
2024-08-27 13:10:09,43900.0,500,Buy,235089626
2024-08-27 13:10:09,43900.0,3000,Buy,235089627
2024-08-27 13:10:09,43900.0,100,Buy,235089622
2024-08-27 13:10:11,43900.0,1600,Buy,235089769
2024-08-27 13:10:12,43900.0,3000,Buy,235089789
2024-08-27 13:10:12,43900.0,500,Buy,235089788
2024-08-27 13:10:16,43950.0,1000,Buy,235089943
2024-08-27 13:10:30,43950.0,10000,Buy,235090592
2024-08-27 13:10:30,44000.0,2000,Buy,235090614
2024-08-27 13:10:30,44000.0,2000,Buy,235090613
2024-08-27 13:10:30,44000.0,2000,Buy,235090612
2024-08-27 13:10:30,44000.0,2000,Buy,235090611
2024-08-27 13:10:30,44000.0,3000,Buy,235090610
2024-08-27 13:10:30,43950.0,1000,Buy,235090591
2024-08-27 13:10:30,44000.0,500,Buy,235090608
2024-08-27 13:10:30,44000.0,300,Buy,235090607
2024-08-27 13:10:30,44000.0,200,Buy,235090605
2024-08-27 13:10:30,44000.0,5000,Buy,235090604
2024-08-27 13:10:30,44000.0,100,Buy,235090609
2024-08-27 13:10:30,43950.0,2600,Buy,235090602
2024-08-27 13:10:30,43950.0,2000,Buy,235090601
2024-08-27 13:10:30,43950.0,2000,Buy,235090600
2024-08-27 13:10:30,43950.0,2000,Buy,235090599
2024-08-27 13:10:30,43950.0,1100,Buy,235090598
2024-08-27 13:10:30,43950.0,7400,Buy,235090597
2024-08-27 13:10:30,43950.0,600,Buy,235090596
2024-08-27 13:10:30,43950.0,100,Buy,235090595
2024-08-27 13:10:30,43950.0,100,Buy,235090594
2024-08-27 13:10:30,43950.0,1000,Buy,235090593
2024-08-27 13:10:30,44000.0,3000,Buy,235090603
2024-08-27 13:10:40,43950.0,200,Sell,235091097
2024-08-27 13:10:44,44000.0,1000,Buy,235091218
2024-08-27 13:10:44,44000.0,1500,Buy,235091219
2024-08-27 13:10:44,44000.0,500,Buy,235091217
2024-08-27 13:10:46,43950.0,100,Sell,235091254
2024-08-27 13:10:50,43950.0,700,Sell,235091425
2024-08-27 13:10:50,43950.0,300,Sell,235091426
2024-08-27 13:10:53,44000.0,5900,Buy,235091501
2024-08-27 13:10:53,44000.0,500,Buy,235091500
2024-08-27 13:10:53,44000.0,1000,Buy,235091499
2024-08-27 13:10:53,44000.0,100,Buy,235091498
2024-08-27 13:10:53,44000.0,1700,Buy,235091497
2024-08-27 13:10:53,44000.0,2400,Buy,235091495
2024-08-27 13:10:53,44000.0,400,Buy,235091496
2024-08-27 13:10:53,44000.0,1500,Buy,235091491
2024-08-27 13:10:53,44000.0,2000,Buy,235091493
2024-08-27 13:10:53,44000.0,2000,Buy,235091492
2024-08-27 13:10:53,44000.0,2500,Buy,235091494
2024-08-27 13:10:57,44000.0,400,Buy,235091624
2024-08-27 13:10:57,44000.0,100,Buy,235091623
2024-08-27 13:11:02,44000.0,500,Buy,235091843
2024-08-27 13:11:05,43950.0,200,Sell,235091947
2024-08-27 13:11:05,43950.0,4000,Sell,235091948
2024-08-27 13:11:05,43950.0,5000,Sell,235091949
2024-08-27 13:11:05,43950.0,800,Sell,235091950
2024-08-27 13:11:10,44000.0,200,Buy,235092221
2024-08-27 13:11:10,44000.0,1000,Buy,235092207
2024-08-27 13:11:10,44000.0,3000,Buy,235092205
2024-08-27 13:11:10,44000.0,1000,Buy,235092203
2024-08-27 13:11:10,44000.0,300,Buy,235092206
2024-08-27 13:11:10,44000.0,100,Buy,235092204
2024-08-27 13:11:13,43950.0,100,Sell,235092327
2024-08-27 13:11:14,44000.0,2700,Buy,235092376
2024-08-27 13:11:20,43950.0,100,Sell,235092591
2024-08-27 13:11:20,43950.0,1000,Sell,235092592
2024-08-27 13:11:21,43950.0,2100,Buy,235092616
2024-08-27 13:11:30,43950.0,1800,Buy,235092923
2024-08-27 13:11:30,43950.0,500,Buy,235092924
2024-08-27 13:11:31,43950.0,100,Sell,235092971
2024-08-27 13:11:37,44000.0,100,Buy,235093149
2024-08-27 13:11:48,43950.0,3000,Sell,235093550
2024-08-27 13:12:00,44000.0,1000,Buy,235093887
2024-08-27 13:12:07,43950.0,500,Sell,235094101
2024-08-27 13:12:10,43950.0,200,Sell,235094164
2024-08-27 13:12:20,44000.0,100,Buy,235094488
2024-08-27 13:12:20,44000.0,1000,Buy,235094489
2024-08-27 13:12:20,44000.0,100,Buy,235094490
2024-08-27 13:12:20,44000.0,1400,Buy,235094491
2024-08-27 13:12:20,44000.0,500,Buy,235094495
2024-08-27 13:12:20,44000.0,500,Buy,235094493
2024-08-27 13:12:20,44000.0,200,Buy,235094494
2024-08-27 13:12:20,44000.0,3400,Buy,235094496
2024-08-27 13:12:20,44000.0,400,Buy,235094487
2024-08-27 13:12:20,44000.0,100,Buy,235094492
2024-08-27 13:12:20,44000.0,100,Buy,235094486
2024-08-27 13:12:20,44000.0,100,Buy,235094481
2024-08-27 13:12:20,44000.0,1000,Buy,235094484
2024-08-27 13:12:20,44000.0,100,Buy,235094483
2024-08-27 13:12:20,44000.0,300,Buy,235094482
2024-08-27 13:12:20,44000.0,2000,Buy,235094473
2024-08-27 13:12:20,44000.0,100,Buy,235094480
2024-08-27 13:12:20,44000.0,300,Buy,235094479
2024-08-27 13:12:20,44000.0,3000,Buy,235094478
2024-08-27 13:12:20,44000.0,200,Buy,235094477
2024-08-27 13:12:20,44000.0,1500,Buy,235094476
2024-08-27 13:12:20,44000.0,500,Buy,235094475
2024-08-27 13:12:20,44000.0,100,Buy,235094474
2024-08-27 13:12:20,44000.0,2000,Buy,235094485
2024-08-27 13:12:44,43950.0,5000,Sell,235095148
2024-08-27 13:12:44,43950.0,1000,Sell,235095147
2024-08-27 13:12:44,43950.0,5000,Sell,235095146
2024-08-27 13:12:44,43950.0,100,Sell,235095144
2024-08-27 13:12:44,43950.0,3000,Sell,235095143
2024-08-27 13:12:44,43950.0,700,Sell,235095142
2024-08-27 13:12:44,43950.0,500,Sell,235095145
2024-08-27 13:13:17,43900.0,100,Buy,235096021
2024-08-27 13:13:17,43900.0,1000,Buy,235096022
2024-08-27 13:13:17,43950.0,100,Buy,235096023
2024-08-27 13:13:26,43900.0,100,Sell,235096324
2024-08-27 13:13:30,43900.0,100,Buy,235096432
2024-08-27 13:13:43,43900.0,1000,Buy,235096768
2024-08-27 13:14:29,43900.0,100,Buy,235098018
2024-08-27 13:14:41,43850.0,2000,Sell,235098233
2024-08-27 13:14:50,43850.0,400,Sell,235098458
2024-08-27 13:15:07,43850.0,1000,Sell,235098822
2024-08-27 13:15:09,43850.0,2100,Sell,235098903
2024-08-27 13:15:09,43850.0,200,Sell,235098902
2024-08-27 13:15:09,43850.0,1000,Sell,235098899
2024-08-27 13:15:09,43850.0,100,Sell,235098900
2024-08-27 13:15:09,43850.0,100,Sell,235098901
2024-08-27 13:15:24,43850.0,500,Sell,235099317
2024-08-27 13:15:32,43850.0,400,Sell,235099485
2024-08-27 13:15:32,43850.0,100,Sell,235099486
2024-08-27 13:15:49,43850.0,900,Sell,235100013
2024-08-27 13:15:49,43850.0,2800,Sell,235100014
2024-08-27 13:15:49,43850.0,1200,Sell,235100015
2024-08-27 13:15:52,43850.0,2000,Sell,235100108
2024-08-27 13:15:57,43850.0,500,Sell,235100258
2024-08-27 13:16:00,43850.0,100,Sell,235100315
2024-08-27 13:16:06,43850.0,1200,Sell,235100454
2024-08-27 13:16:06,43850.0,800,Sell,235100455
2024-08-27 13:16:48,43900.0,800,Buy,235101539
2024-08-27 13:17:19,43900.0,500,Buy,235102333
2024-08-27 13:17:28,43900.0,100,Buy,235102501
2024-08-27 13:18:07,43850.0,400,Sell,235103489
2024-08-27 13:18:15,43900.0,500,Buy,235103689
2024-08-27 13:18:15,43850.0,200,Sell,235103683
2024-08-27 13:18:26,43900.0,100,Buy,235103971
2024-08-27 13:18:30,43850.0,200,Sell,235104056
2024-08-27 13:18:45,43850.0,600,Sell,235104451
2024-08-27 13:18:45,43850.0,3200,Sell,235104452
2024-08-27 13:18:49,43850.0,700,Sell,235104570
2024-08-27 13:18:51,43850.0,500,Sell,235104604
2024-08-27 13:18:53,43850.0,1000,Sell,235104667
2024-08-27 13:18:57,43850.0,500,Sell,235104797
2024-08-27 13:18:57,43850.0,100,Sell,235104798
2024-08-27 13:18:57,43850.0,500,Sell,235104799
2024-08-27 13:19:00,43850.0,1000,Buy,235104884
2024-08-27 13:19:30,43850.0,1000,Buy,235105593
2024-08-27 13:19:35,43850.0,100,Buy,235105709
2024-08-27 13:19:47,43850.0,3000,Buy,235105973
2024-08-27 13:20:10,43800.0,300,Sell,235106518
2024-08-27 13:20:26,43850.0,600,Buy,235106887
2024-08-27 13:20:41,43850.0,900,Buy,235107479
2024-08-27 13:20:41,43850.0,500,Buy,235107480
2024-08-27 13:20:41,43850.0,2000,Buy,235107481
2024-08-27 13:20:41,43850.0,1000,Buy,235107482
2024-08-27 13:20:41,43850.0,300,Buy,235107483
2024-08-27 13:20:41,43850.0,500,Buy,235107484
2024-08-27 13:20:41,43850.0,200,Buy,235107485
2024-08-27 13:21:14,43850.0,200,Sell,235108485
2024-08-27 13:21:22,43850.0,1200,Sell,235108658
2024-08-27 13:21:22,43850.0,800,Sell,235108656
2024-08-27 13:21:22,43850.0,500,Sell,235108657
2024-08-27 13:21:45,43900.0,100,Buy,235109311
2024-08-27 13:21:51,43850.0,300,Sell,235109451
2024-08-27 13:22:41,43850.0,200,Buy,235110868
2024-08-27 13:23:05,43800.0,1200,Sell,235111593
2024-08-27 13:23:26,43800.0,200,Sell,235112106
2024-08-27 13:23:26,43800.0,1000,Sell,235112105
2024-08-27 13:23:26,43800.0,2100,Sell,235112102
2024-08-27 13:23:26,43800.0,100,Sell,235112103
2024-08-27 13:23:26,43800.0,600,Sell,235112104
2024-08-27 13:23:31,43800.0,300,Sell,235112217
2024-08-27 13:23:40,43800.0,1000,Sell,235112465
2024-08-27 13:23:40,43800.0,200,Sell,235112466
2024-08-27 13:23:40,43800.0,1800,Sell,235112467
2024-08-27 13:23:46,43800.0,100,Sell,235112621
2024-08-27 13:23:51,43800.0,100,Buy,235112914
2024-08-27 13:23:51,43800.0,400,Buy,235112915
2024-08-27 13:23:51,43750.0,100,Sell,235112918
2024-08-27 13:24:00,43800.0,300,Buy,235113148
2024-08-27 13:24:00,43800.0,200,Buy,235113147
2024-08-27 13:24:09,43800.0,700,Buy,235113350
2024-08-27 13:24:10,43800.0,500,Sell,235113393
2024-08-27 13:24:13,43800.0,300,Sell,235113438
2024-08-27 13:24:13,43800.0,200,Sell,235113435
2024-08-27 13:24:13,43800.0,3600,Sell,235113437
2024-08-27 13:24:19,43750.0,800,Sell,235113567
2024-08-27 13:24:19,43750.0,1400,Sell,235113566
2024-08-27 13:24:19,43750.0,200,Sell,235113561
2024-08-27 13:24:19,43750.0,300,Sell,235113564
2024-08-27 13:24:19,43750.0,300,Sell,235113565
2024-08-27 13:24:37,43750.0,200,Sell,235113950
2024-08-27 13:24:56,43750.0,500,Sell,235114438
2024-08-27 13:25:00,43700.0,200,Sell,235114567
2024-08-27 13:25:00,43700.0,2000,Sell,235114566
2024-08-27 13:25:00,43700.0,2700,Sell,235114565
2024-08-27 13:25:00,43700.0,300,Sell,235114568
2024-08-27 13:25:00,43700.0,500,Sell,235114563
2024-08-27 13:25:00,43700.0,200,Sell,235114562
2024-08-27 13:25:00,43700.0,1000,Sell,235114561
2024-08-27 13:25:00,43700.0,500,Sell,235114564
2024-08-27 13:25:00,43700.0,2000,Sell,235114560
2024-08-27 13:25:20,43700.0,400,Buy,235114922
2024-08-27 13:25:31,43700.0,1000,Buy,235115132
2024-08-27 13:25:34,43700.0,1000,Buy,235115213
2024-08-27 13:25:35,43700.0,2200,Buy,235115234
2024-08-27 13:25:38,43700.0,200,Buy,235115276
2024-08-27 13:25:40,43700.0,300,Buy,235115307
2024-08-27 13:25:43,43700.0,100,Buy,235115386
2024-08-27 13:25:47,43700.0,100,Buy,235115474
2024-08-27 13:25:48,43700.0,200,Buy,235115488
2024-08-27 13:26:00,43750.0,100,Buy,235115767
2024-08-27 13:26:01,43700.0,100,Sell,235115789
2024-08-27 13:26:01,43700.0,100,Sell,235115790
2024-08-27 13:26:01,43700.0,300,Sell,235115791
2024-08-27 13:26:02,43750.0,100,Buy,235115805
2024-08-27 13:26:03,43750.0,200,Buy,235115827
2024-08-27 13:26:31,43750.0,200,Buy,235116357
2024-08-27 13:26:31,43750.0,100,Buy,235116356
2024-08-27 13:27:19,43800.0,100,Buy,235117523
2024-08-27 13:27:21,43750.0,100,Sell,235117583
2024-08-27 13:27:25,43800.0,3000,Buy,235117656
2024-08-27 13:27:55,43800.0,1000,Buy,235118314
2024-08-27 13:28:06,43800.0,900,Buy,235118580
2024-08-27 13:28:06,43800.0,1100,Buy,235118581
2024-08-27 13:28:14,43800.0,200,Buy,235118757
2024-08-27 13:28:19,43750.0,800,Sell,235118871
2024-08-27 13:28:27,43750.0,200,Sell,235119085
2024-08-27 13:28:29,43750.0,100,Sell,235119117
2024-08-27 13:28:49,43800.0,500,Buy,235119524
2024-08-27 13:29:09,43800.0,200,Buy,235120050
2024-08-27 13:29:09,43800.0,300,Buy,235120051
2024-08-27 13:29:36,43750.0,100,Sell,235120622
2024-08-27 13:29:36,43750.0,100,Sell,235120623
2024-08-27 13:29:36,43750.0,1700,Sell,235120620
2024-08-27 13:29:36,43750.0,500,Sell,235120619
2024-08-27 13:29:36,43750.0,1500,Sell,235120618
2024-08-27 13:29:36,43750.0,1000,Sell,235120621
2024-08-27 13:29:42,43750.0,100,Sell,235120736
2024-08-27 13:29:49,43800.0,100,Buy,235120860
2024-08-27 13:30:05,43800.0,100,Buy,235121427
2024-08-27 13:30:05,43800.0,500,Buy,235121428
2024-08-27 13:30:05,43800.0,1000,Buy,235121429
2024-08-27 13:30:05,43800.0,700,Buy,235121430
2024-08-27 13:30:05,43800.0,400,Buy,235121431
2024-08-27 13:30:05,43800.0,200,Buy,235121432
2024-08-27 13:30:05,43800.0,700,Buy,235121433
2024-08-27 13:30:05,43800.0,100,Buy,235121434
2024-08-27 13:30:05,43800.0,300,Buy,235121435
2024-08-27 13:30:05,43800.0,1000,Buy,235121436
2024-08-27 13:30:25,43800.0,100,Sell,235122015
2024-08-27 13:30:25,43800.0,9900,Sell,235122020
2024-08-27 13:30:28,43800.0,100,Buy,235122067
2024-08-27 13:30:41,43800.0,300,Sell,235122273
2024-08-27 13:30:41,43800.0,300,Sell,235122274
2024-08-27 13:30:41,43800.0,1400,Sell,235122272
2024-08-27 13:30:59,43800.0,200,Sell,235122709
2024-08-27 13:30:59,43750.0,4000,Sell,235122710
2024-08-27 13:31:14,43750.0,100,Sell,235122981
2024-08-27 13:31:54,43800.0,100,Sell,235123765
2024-08-27 13:32:32,43800.0,600,Sell,235124665
2024-08-27 13:32:51,43850.0,1000,Buy,235125052
2024-08-27 13:32:54,43850.0,200,Buy,235125119
2024-08-27 13:32:54,43850.0,300,Buy,235125120
2024-08-27 13:33:23,43800.0,900,Sell,235125946
2024-08-27 13:34:07,43800.0,400,Sell,235127100
2024-08-27 13:34:07,43800.0,600,Sell,235127101
2024-08-27 13:34:09,43850.0,500,Buy,235127135
2024-08-27 13:34:10,43850.0,200,Buy,235127181
2024-08-27 13:34:11,43850.0,800,Buy,235127183
2024-08-27 13:34:19,43850.0,700,Buy,235127404
2024-08-27 13:34:19,43850.0,300,Buy,235127405
2024-08-27 13:34:20,43850.0,500,Buy,235127419
2024-08-27 13:34:20,43850.0,400,Buy,235127442
2024-08-27 13:34:21,43850.0,1400,Buy,235127532
2024-08-27 13:34:43,43850.0,3700,Buy,235128145
2024-08-27 13:34:49,43850.0,1700,Buy,235128340
2024-08-27 13:34:49,43850.0,1000,Buy,235128341
2024-08-27 13:34:49,43850.0,100,Buy,235128342
2024-08-27 13:35:14,43850.0,100,Sell,235129206
2024-08-27 13:35:24,43850.0,200,Sell,235129503
2024-08-27 13:35:24,43850.0,200,Sell,235129504
2024-08-27 13:35:24,43850.0,600,Sell,235129505
2024-08-27 13:35:25,43850.0,1000,Sell,235129558
2024-08-27 13:35:25,43850.0,400,Sell,235129557
2024-08-27 13:35:28,43850.0,1000,Buy,235129655
2024-08-27 13:35:30,43800.0,1300,Sell,235129735
2024-08-27 13:35:30,43800.0,300,Sell,235129736
2024-08-27 13:35:30,43800.0,100,Sell,235129737
2024-08-27 13:35:30,43800.0,5000,Sell,235129738
2024-08-27 13:35:30,43800.0,1100,Sell,235129739
2024-08-27 13:35:30,43800.0,100,Sell,235129740
2024-08-27 13:35:30,43800.0,3700,Sell,235129741
2024-08-27 13:35:34,43850.0,100,Buy,235129910
2024-08-27 13:35:38,43850.0,2500,Buy,235130035
2024-08-27 13:35:43,43850.0,2200,Sell,235130152
2024-08-27 13:35:43,43850.0,300,Sell,235130153
2024-08-27 13:35:49,43850.0,300,Buy,235130375
2024-08-27 13:36:37,43850.0,800,Buy,235132308
2024-08-27 13:36:42,43850.0,1100,Buy,235132470
2024-08-27 13:36:43,43800.0,300,Sell,235132516
2024-08-27 13:36:43,43800.0,1000,Sell,235132515
2024-08-27 13:36:43,43800.0,200,Sell,235132513
2024-08-27 13:36:43,43800.0,6300,Sell,235132512
2024-08-27 13:36:43,43800.0,100,Sell,235132514
2024-08-27 13:36:44,43800.0,200,Buy,235132533
2024-08-27 13:37:09,43800.0,1000,Buy,235133309
2024-08-27 13:37:31,43800.0,1000,Buy,235134038
2024-08-27 13:37:32,43800.0,1000,Buy,235134064
2024-08-27 13:37:35,43800.0,200,Buy,235134175
2024-08-27 13:38:01,43800.0,5000,Buy,235134957
2024-08-27 13:38:12,43800.0,2000,Buy,235135254
2024-08-27 13:38:19,43800.0,1000,Buy,235135517
2024-08-27 13:38:21,43800.0,1000,Buy,235135548
2024-08-27 13:38:25,43800.0,600,Buy,235135719
2024-08-27 13:38:29,43800.0,1200,Buy,235135897
2024-08-27 13:38:46,43800.0,1000,Buy,235136518
2024-08-27 13:38:47,43800.0,2900,Buy,235136557
2024-08-27 13:38:47,43800.0,2100,Buy,235136558
2024-08-27 13:38:48,43800.0,800,Buy,235136615
2024-08-27 13:38:48,43800.0,3900,Buy,235136613
2024-08-27 13:38:48,43800.0,300,Buy,235136614
2024-08-27 13:38:51,43800.0,200,Buy,235136646
2024-08-27 13:38:51,43800.0,700,Buy,235136647
2024-08-27 13:38:52,43850.0,1000,Buy,235136667
2024-08-27 13:38:52,43750.0,400,Sell,235136663
2024-08-27 13:38:52,43800.0,300,Sell,235136660
2024-08-27 13:38:52,43750.0,800,Sell,235136661
2024-08-27 13:38:52,43750.0,500,Sell,235136662
2024-08-27 13:39:07,43850.0,3300,Buy,235137117
2024-08-27 13:39:07,43850.0,100,Buy,235137118
2024-08-27 13:39:07,43850.0,1600,Buy,235137119
2024-08-27 13:39:22,43850.0,2000,Buy,235137559
2024-08-27 13:39:24,43850.0,1000,Buy,235137649
2024-08-27 13:39:34,43850.0,400,Buy,235137996
2024-08-27 13:39:34,43850.0,300,Buy,235137997
2024-08-27 13:39:52,43850.0,200,Sell,235138543
2024-08-27 13:40:35,43850.0,200,Sell,235139841
2024-08-27 13:40:39,43900.0,300,Buy,235139997
2024-08-27 13:40:42,43850.0,100,Sell,235140096
2024-08-27 13:40:48,43900.0,1500,Buy,235140328
2024-08-27 13:40:48,43900.0,100,Buy,235140327
2024-08-27 13:40:48,43900.0,1500,Buy,235140326
2024-08-27 13:40:48,43900.0,1500,Buy,235140324
2024-08-27 13:40:48,43900.0,400,Buy,235140325
2024-08-27 13:40:48,43900.0,700,Buy,235140323
2024-08-27 13:40:48,43900.0,800,Buy,235140319
2024-08-27 13:40:48,43900.0,100,Buy,235140321
2024-08-27 13:40:48,43900.0,1000,Buy,235140320
2024-08-27 13:40:48,43900.0,500,Buy,235140318
2024-08-27 13:40:48,43900.0,100,Buy,235140316
2024-08-27 13:40:48,43900.0,100,Buy,235140322
2024-08-27 13:40:48,43900.0,500,Buy,235140317
2024-08-27 13:41:14,43850.0,300,Sell,235141158
2024-08-27 13:41:15,43900.0,500,Buy,235141185
2024-08-27 13:41:24,43900.0,200,Buy,235141611
2024-08-27 13:41:42,43900.0,1000,Buy,235142105
2024-08-27 13:41:52,43900.0,300,Buy,235142379
2024-08-27 13:41:57,43900.0,100,Buy,235142519
2024-08-27 13:42:13,43900.0,300,Buy,235142970
2024-08-27 13:42:17,43900.0,100,Buy,235143092
2024-08-27 13:42:23,43900.0,900,Buy,235143263
2024-08-27 13:42:23,43900.0,1000,Buy,235143261
2024-08-27 13:42:23,43900.0,100,Buy,235143262
2024-08-27 13:42:31,43900.0,500,Buy,235143442
2024-08-27 13:42:39,43900.0,600,Buy,235143633
2024-08-27 13:42:39,43900.0,100,Buy,235143634
2024-08-27 13:42:39,43900.0,300,Buy,235143635
2024-08-27 13:42:43,43900.0,100,Buy,235143748
2024-08-27 13:42:56,43900.0,500,Buy,235144095
2024-08-27 13:42:56,43900.0,500,Buy,235144096
2024-08-27 13:42:56,43900.0,1000,Buy,235144097
2024-08-27 13:42:56,43900.0,600,Buy,235144094
2024-08-27 13:43:08,43950.0,500,Buy,235144423
2024-08-27 13:43:15,43900.0,100,Sell,235144638
2024-08-27 13:43:41,43900.0,100,Sell,235145220
2024-08-27 13:43:51,43900.0,200,Sell,235145469
2024-08-27 13:43:51,43900.0,200,Sell,235145468
2024-08-27 13:43:57,43900.0,100,Sell,235145634
2024-08-27 13:43:57,43900.0,900,Sell,235145635
2024-08-27 13:43:58,43900.0,100,Sell,235145673
2024-08-27 13:43:58,43900.0,200,Sell,235145674
2024-08-27 13:44:01,43900.0,700,Buy,235145725
2024-08-27 13:44:01,43900.0,100,Buy,235145726
2024-08-27 13:44:03,43900.0,200,Buy,235145781
2024-08-27 13:44:13,43900.0,200,Buy,235146075
2024-08-27 13:44:30,43900.0,100,Buy,235146549
2024-08-27 13:44:38,43900.0,200,Buy,235146820
2024-08-27 13:45:07,43800.0,400,Sell,235147556
2024-08-27 13:45:07,43800.0,2000,Sell,235147555
2024-08-27 13:45:07,43800.0,100,Sell,235147551
2024-08-27 13:45:07,43800.0,100,Sell,235147554
2024-08-27 13:45:07,43800.0,100,Sell,235147553
2024-08-27 13:45:07,43800.0,100,Sell,235147552
2024-08-27 13:45:07,43850.0,200,Sell,235147550
2024-08-27 13:45:07,43850.0,1000,Sell,235147544
2024-08-27 13:45:07,43850.0,1000,Sell,235147548
2024-08-27 13:45:07,43850.0,1000,Sell,235147549
2024-08-27 13:45:07,43850.0,200,Sell,235147542
2024-08-27 13:45:07,43850.0,200,Sell,235147543
2024-08-27 13:45:07,43850.0,500,Sell,235147545
2024-08-27 13:45:07,43850.0,500,Sell,235147546
2024-08-27 13:45:07,43850.0,200,Sell,235147547
2024-08-27 13:45:19,43800.0,200,Sell,235147894
2024-08-27 13:45:26,43800.0,1000,Sell,235148133
2024-08-27 13:45:47,43800.0,900,Sell,235148722
2024-08-27 13:45:47,43800.0,100,Sell,235148723
2024-08-27 13:46:39,43800.0,400,Sell,235150354
2024-08-27 13:46:39,43800.0,1000,Sell,235150355
2024-08-27 13:46:39,43800.0,2300,Sell,235150356
2024-08-27 13:47:05,43800.0,600,Sell,235151291
2024-08-27 13:47:11,43800.0,1000,Sell,235151434
2024-08-27 13:47:21,43800.0,200,Sell,235151647
2024-08-27 13:47:21,43800.0,200,Sell,235151646
2024-08-27 13:47:21,43800.0,300,Sell,235151644
2024-08-27 13:47:21,43800.0,100,Sell,235151643
2024-08-27 13:47:21,43800.0,100,Sell,235151645
2024-08-27 13:47:32,43800.0,2000,Sell,235151915
2024-08-27 13:48:08,43800.0,1000,Sell,235152761
2024-08-27 13:48:21,43800.0,6800,Sell,235153031
2024-08-27 13:48:21,43800.0,100,Sell,235153032
2024-08-27 13:48:21,43800.0,500,Sell,235153033
2024-08-27 13:48:21,43800.0,100,Sell,235153034
2024-08-27 13:48:21,43800.0,100,Sell,235153035
2024-08-27 13:48:21,43800.0,4000,Sell,235153036
2024-08-27 13:48:21,43800.0,2000,Sell,235153037
2024-08-27 13:48:21,43800.0,400,Sell,235153038
2024-08-27 13:48:33,43800.0,100,Sell,235153282
2024-08-27 13:48:44,43800.0,200,Sell,235153436
2024-08-27 13:48:45,43800.0,200,Sell,235153463
2024-08-27 13:48:47,43800.0,1000,Sell,235153500
2024-08-27 13:49:01,43800.0,100,Sell,235153768
2024-08-27 13:49:06,43800.0,1000,Sell,235153931
2024-08-27 13:49:06,43800.0,200,Sell,235153932
2024-08-27 13:49:06,43800.0,1000,Sell,235153933
2024-08-27 13:49:06,43800.0,100,Sell,235153934
2024-08-27 13:49:11,43850.0,500,Buy,235154041
2024-08-27 13:49:11,43850.0,500,Buy,235154042
2024-08-27 13:49:43,43800.0,200,Sell,235154669
2024-08-27 13:49:50,43800.0,100,Sell,235154893
2024-08-27 13:49:52,43800.0,600,Buy,235154935
2024-08-27 13:50:13,43750.0,500,Sell,235155448
2024-08-27 13:50:25,43750.0,100,Sell,235155712
2024-08-27 13:50:25,43750.0,500,Sell,235155713
2024-08-27 13:50:52,43800.0,200,Buy,235156334
2024-08-27 13:50:52,43800.0,300,Buy,235156332
2024-08-27 13:50:52,43800.0,500,Buy,235156333
2024-08-27 13:51:04,43750.0,1300,Sell,235156545
2024-08-27 13:51:04,43750.0,300,Sell,235156546
2024-08-27 13:51:04,43750.0,2600,Sell,235156547
2024-08-27 13:51:14,43750.0,100,Sell,235156740
2024-08-27 13:51:46,43750.0,300,Sell,235157627
2024-08-27 13:52:13,43750.0,3500,Sell,235158213
2024-08-27 13:52:27,43750.0,1000,Sell,235158476
2024-08-27 13:52:28,43750.0,1400,Sell,235158493
2024-08-27 13:52:28,43750.0,1600,Sell,235158494
2024-08-27 13:52:30,43750.0,300,Sell,235158513
2024-08-27 13:52:30,43750.0,200,Sell,235158512
2024-08-27 13:52:30,43750.0,300,Sell,235158510
2024-08-27 13:52:30,43750.0,300,Sell,235158511
2024-08-27 13:52:30,43750.0,400,Sell,235158509
2024-08-27 13:52:50,43750.0,500,Buy,235158909
2024-08-27 13:53:43,43750.0,300,Sell,235159912
2024-08-27 13:54:37,43750.0,2000,Sell,235161311
2024-08-27 13:54:37,43750.0,2000,Sell,235161310
2024-08-27 13:54:37,43750.0,200,Sell,235161307
2024-08-27 13:54:37,43750.0,1100,Sell,235161308
2024-08-27 13:54:37,43750.0,1000,Sell,235161309
2024-08-27 13:54:51,43750.0,500,Buy,235161613
2024-08-27 13:55:57,43700.0,700,Sell,235162996
2024-08-27 13:55:57,43700.0,100,Sell,235162997
2024-08-27 13:55:57,43700.0,100,Sell,235162998
2024-08-27 13:55:57,43700.0,100,Sell,235162999
2024-08-27 13:55:57,43700.0,100,Sell,235163000
2024-08-27 13:55:57,43700.0,1000,Sell,235163001
2024-08-27 13:55:57,43700.0,2000,Sell,235163002
2024-08-27 13:55:57,43700.0,100,Sell,235163003
2024-08-27 13:55:58,43750.0,300,Buy,235163027
2024-08-27 13:55:58,43750.0,200,Buy,235163028
2024-08-27 13:56:02,43700.0,400,Sell,235163090
2024-08-27 13:56:07,43700.0,100,Sell,235163213
2024-08-27 13:56:07,43700.0,1000,Sell,235163214
2024-08-27 13:56:07,43700.0,200,Sell,235163215
2024-08-27 13:56:07,43700.0,500,Sell,235163211
2024-08-27 13:56:07,43700.0,200,Sell,235163212
2024-08-27 13:56:40,43750.0,200,Buy,235163805
2024-08-27 13:56:47,43750.0,200,Buy,235163941
2024-08-27 13:56:49,43750.0,400,Buy,235163989
2024-08-27 13:56:49,43750.0,600,Buy,235163990
2024-08-27 13:56:51,43750.0,600,Buy,235164014
2024-08-27 13:56:51,43750.0,600,Buy,235164015
2024-08-27 13:57:01,43750.0,100,Buy,235164238
2024-08-27 13:57:06,43750.0,300,Buy,235164332
2024-08-27 13:57:09,43750.0,3800,Buy,235164380
2024-08-27 13:57:09,43750.0,200,Buy,235164379
2024-08-27 13:57:12,43750.0,100,Buy,235164406
2024-08-27 13:57:15,43750.0,100,Buy,235164474
2024-08-27 13:57:17,43750.0,300,Sell,235164501
2024-08-27 13:57:21,43750.0,100,Sell,235164593
2024-08-27 13:57:31,43750.0,900,Buy,235164777
2024-08-27 13:57:37,43750.0,500,Sell,235164933
2024-08-27 13:58:27,43750.0,500,Sell,235165881
2024-08-27 13:58:36,43750.0,1000,Sell,235166124
2024-08-27 13:59:17,43750.0,3000,Sell,235166979
2024-08-27 13:59:47,43800.0,1000,Buy,235167707
2024-08-27 13:59:52,43800.0,400,Buy,235167832
2024-08-27 13:59:58,43800.0,1000,Buy,235167958
2024-08-27 14:00:25,43800.0,300,Buy,235168777
2024-08-27 14:00:25,43800.0,700,Buy,235168778
2024-08-27 14:00:39,43800.0,300,Buy,235169108
2024-08-27 14:00:51,43800.0,1000,Buy,235169513
2024-08-27 14:01:09,43750.0,100,Sell,235170210
2024-08-27 14:01:09,43750.0,100,Sell,235170208
2024-08-27 14:01:09,43750.0,100,Sell,235170209
2024-08-27 14:01:56,43800.0,2300,Buy,235171677
2024-08-27 14:01:56,43800.0,700,Buy,235171678
2024-08-27 14:02:04,43800.0,200,Buy,235171941
2024-08-27 14:02:09,43800.0,100,Buy,235172059
2024-08-27 14:02:17,43800.0,1000,Buy,235172245
2024-08-27 14:02:18,43800.0,1000,Buy,235172283
2024-08-27 14:02:20,43800.0,200,Buy,235172323
2024-08-27 14:02:20,43800.0,800,Buy,235172322
2024-08-27 14:02:22,43800.0,300,Buy,235172358
2024-08-27 14:02:22,43800.0,2200,Buy,235172359
2024-08-27 14:02:23,43800.0,2000,Buy,235172412
2024-08-27 14:02:26,43800.0,300,Buy,235172471
2024-08-27 14:02:31,43800.0,100,Buy,235172605
2024-08-27 14:02:31,43800.0,1000,Buy,235172604
2024-08-27 14:02:31,43800.0,2300,Buy,235172603
2024-08-27 14:02:31,43800.0,500,Buy,235172602
2024-08-27 14:02:31,43800.0,5100,Buy,235172600
2024-08-27 14:02:31,43800.0,1000,Buy,235172601
2024-08-27 14:02:31,43800.0,200,Buy,235172599
2024-08-27 14:02:38,43800.0,200,Buy,235172881
2024-08-27 14:02:38,43800.0,400,Buy,235172882
2024-08-27 14:02:47,43850.0,500,Buy,235173121
2024-08-27 14:02:54,43850.0,400,Buy,235173292
2024-08-27 14:02:56,43850.0,1000,Buy,235173342
2024-08-27 14:02:56,43850.0,2000,Buy,235173353
2024-08-27 14:03:00,43850.0,200,Buy,235173428
2024-08-27 14:03:07,43850.0,100,Buy,235173647
2024-08-27 14:03:07,43850.0,200,Buy,235173648
2024-08-27 14:03:08,43850.0,200,Buy,235173667
2024-08-27 14:03:14,43850.0,500,Buy,235173837
2024-08-27 14:03:15,43850.0,2900,Buy,235173866
2024-08-27 14:03:15,43850.0,100,Buy,235173867
2024-08-27 14:03:18,43850.0,500,Buy,235173950
2024-08-27 14:03:26,43850.0,500,Buy,235174212
2024-08-27 14:03:26,43850.0,400,Buy,235174210
2024-08-27 14:03:26,43850.0,100,Buy,235174211
2024-08-27 14:03:34,43850.0,500,Buy,235174416
2024-08-27 14:04:01,43900.0,300,Buy,235175264
2024-08-27 14:04:16,43900.0,100,Buy,235175759
2024-08-27 14:04:23,43900.0,100,Buy,235176147
2024-08-27 14:04:35,43900.0,1500,Buy,235176666
2024-08-27 14:04:35,43900.0,200,Buy,235176667
2024-08-27 14:04:35,43900.0,100,Buy,235176668
2024-08-27 14:04:35,43900.0,100,Buy,235176669
2024-08-27 14:04:55,43900.0,300,Buy,235177423
2024-08-27 14:04:58,43900.0,2000,Buy,235177509
2024-08-27 14:05:13,43850.0,1000,Sell,235177973
2024-08-27 14:05:53,43900.0,100,Buy,235178919
2024-08-27 14:06:23,43900.0,2300,Buy,235179745
2024-08-27 14:06:39,43850.0,500,Sell,235180254
2024-08-27 14:06:39,43850.0,200,Sell,235180253
2024-08-27 14:06:39,43850.0,100,Sell,235180251
2024-08-27 14:06:39,43850.0,200,Sell,235180252
2024-08-27 14:06:40,43850.0,100,Sell,235180259
2024-08-27 14:06:40,43850.0,400,Sell,235180260
2024-08-27 14:06:40,43850.0,1500,Sell,235180258
2024-08-27 14:06:59,43850.0,200,Sell,235180874
2024-08-27 14:07:33,43850.0,400,Sell,235181728
2024-08-27 14:07:33,43850.0,600,Sell,235181729
2024-08-27 14:07:35,43850.0,1100,Sell,235181821
2024-08-27 14:07:43,43900.0,300,Buy,235182025
2024-08-27 14:07:52,43900.0,4800,Buy,235182402
2024-08-27 14:08:02,43900.0,100,Buy,235182705
2024-08-27 14:08:02,43900.0,400,Buy,235182706
2024-08-27 14:08:02,43900.0,300,Buy,235182707
2024-08-27 14:08:06,43900.0,200,Buy,235182829
2024-08-27 14:08:06,43900.0,300,Buy,235182830
2024-08-27 14:08:07,43900.0,200,Buy,235182903
2024-08-27 14:08:07,43900.0,200,Buy,235182902
2024-08-27 14:08:07,43900.0,100,Buy,235182900
2024-08-27 14:08:07,43900.0,200,Buy,235182901
2024-08-27 14:08:07,43900.0,1400,Buy,235182899
2024-08-27 14:08:17,43900.0,2900,Sell,235183197
2024-08-27 14:08:28,43900.0,300,Buy,235183512
2024-08-27 14:08:31,43900.0,100,Buy,235183589
2024-08-27 14:08:31,43900.0,500,Buy,235183590
2024-08-27 14:08:33,43900.0,100,Sell,235183677
2024-08-27 14:08:40,43900.0,1000,Sell,235183872
2024-08-27 14:08:52,43900.0,2000,Sell,235184165
2024-08-27 14:08:54,43900.0,500,Sell,235184216
2024-08-27 14:09:10,43900.0,800,Sell,235184667
2024-08-27 14:09:10,43900.0,200,Sell,235184668
2024-08-27 14:09:15,43900.0,1000,Sell,235184772
2024-08-27 14:09:26,43900.0,200,Sell,235185054
2024-08-27 14:09:27,43900.0,500,Sell,235185115
2024-08-27 14:09:30,43900.0,1200,Sell,235185182
2024-08-27 14:09:30,43900.0,3100,Sell,235185180
2024-08-27 14:09:30,43900.0,200,Sell,235185181
2024-08-27 14:09:32,43900.0,200,Sell,235185246
2024-08-27 14:09:32,43900.0,500,Sell,235185244
2024-08-27 14:09:32,43900.0,300,Sell,235185245
2024-08-27 14:09:51,43850.0,400,Sell,235185626
2024-08-27 14:09:51,43850.0,500,Sell,235185627
2024-08-27 14:09:51,43850.0,300,Sell,235185628
2024-08-27 14:10:03,43850.0,100,Buy,235185896
2024-08-27 14:10:13,43850.0,1500,Buy,235186210
2024-08-27 14:10:49,43850.0,800,Buy,235187029
2024-08-27 14:10:52,43850.0,1000,Buy,235187084
2024-08-27 14:10:54,43850.0,400,Buy,235187157
2024-08-27 14:10:54,43850.0,100,Buy,235187158
2024-08-27 14:10:54,43850.0,500,Buy,235187159
2024-08-27 14:11:35,43850.0,500,Buy,235188411
2024-08-27 14:12:33,43850.0,200,Buy,235189939
2024-08-27 14:12:54,43800.0,500,Sell,235190652
2024-08-27 14:13:17,43800.0,100,Sell,235191275
2024-08-27 14:13:17,43800.0,100,Sell,235191279
2024-08-27 14:13:31,43800.0,200,Sell,235191673
2024-08-27 14:13:57,43800.0,2000,Sell,235192498
2024-08-27 14:14:07,43800.0,100,Sell,235193050
2024-08-27 14:14:16,43800.0,1000,Sell,235193484
2024-08-27 14:14:19,43800.0,100,Sell,235193676
2024-08-27 14:14:25,43800.0,1000,Sell,235193930
2024-08-27 14:14:46,43800.0,2000,Sell,235194730
2024-08-27 14:14:48,43850.0,2800,Buy,235194769
2024-08-27 14:15:01,43850.0,1000,Buy,235195168
2024-08-27 14:15:03,43800.0,1700,Sell,235195227
2024-08-27 14:15:09,43800.0,600,Sell,235195343
2024-08-27 14:15:36,43800.0,5000,Sell,235196135
2024-08-27 14:15:47,43800.0,100,Sell,235196566
2024-08-27 14:15:48,43800.0,5500,Sell,235196598
2024-08-27 14:15:48,43800.0,900,Sell,235196597
2024-08-27 14:15:48,43800.0,200,Sell,235196594
2024-08-27 14:15:48,43800.0,500,Sell,235196595
2024-08-27 14:15:48,43800.0,2000,Sell,235196596
2024-08-27 14:15:48,43800.0,900,Sell,235196593
2024-08-27 14:15:50,43800.0,100,Sell,235196656
2024-08-27 14:15:50,43800.0,400,Sell,235196657
2024-08-27 14:15:50,43800.0,600,Sell,235196674
2024-08-27 14:15:50,43800.0,100,Sell,235196675
2024-08-27 14:15:50,43800.0,500,Sell,235196676
2024-08-27 14:15:50,43800.0,1000,Sell,235196677
2024-08-27 14:15:50,43800.0,300,Sell,235196678
2024-08-27 14:15:50,43800.0,100,Sell,235196679
2024-08-27 14:15:50,43800.0,2000,Sell,235196680
2024-08-27 14:15:50,43800.0,400,Sell,235196681
2024-08-27 14:15:50,43800.0,200,Sell,235196682
2024-08-27 14:15:50,43800.0,1000,Sell,235196683
2024-08-27 14:15:50,43800.0,4500,Sell,235196655
2024-08-27 14:16:19,43750.0,1000,Sell,235197514
2024-08-27 14:16:33,43750.0,100,Sell,235197933
2024-08-27 14:16:52,43750.0,900,Sell,235198622
2024-08-27 14:16:52,43750.0,100,Sell,235198623
2024-08-27 14:16:52,43750.0,4000,Sell,235198624
2024-08-27 14:16:52,43750.0,300,Sell,235198625
2024-08-27 14:16:52,43750.0,300,Sell,235198626
2024-08-27 14:16:52,43750.0,1400,Sell,235198627
2024-08-27 14:16:55,43750.0,500,Sell,235198687
2024-08-27 14:16:55,43750.0,1000,Sell,235198688
2024-08-27 14:16:56,43750.0,1100,Buy,235198749
2024-08-27 14:16:56,43750.0,3000,Sell,235198720
2024-08-27 14:16:56,43750.0,100,Sell,235198719
2024-08-27 14:16:56,43750.0,200,Sell,235198718
2024-08-27 14:16:56,43750.0,400,Sell,235198717
2024-08-27 14:16:56,43750.0,2000,Sell,235198716
2024-08-27 14:16:56,43750.0,100,Sell,235198714
2024-08-27 14:16:56,43750.0,1100,Sell,235198710
2024-08-27 14:16:56,43750.0,600,Sell,235198711
2024-08-27 14:16:56,43750.0,300,Sell,235198715
2024-08-27 14:16:56,43750.0,200,Sell,235198713
2024-08-27 14:16:56,43750.0,100,Sell,235198712
2024-08-27 14:16:57,43700.0,500,Sell,235198759
2024-08-27 14:16:57,43700.0,1100,Sell,235198760
2024-08-27 14:17:20,43700.0,500,Sell,235199682
2024-08-27 14:18:08,43700.0,400,Sell,235201259
2024-08-27 14:18:08,43700.0,500,Sell,235201260
2024-08-27 14:18:08,43700.0,300,Sell,235201261
2024-08-27 14:18:08,43700.0,200,Sell,235201262
2024-08-27 14:18:08,43700.0,300,Sell,235201263
2024-08-27 14:18:08,43700.0,300,Sell,235201264
2024-08-27 14:19:36,43750.0,200,Buy,235203549
2024-08-27 14:20:11,43750.0,300,Buy,235204515
2024-08-27 14:20:26,43700.0,300,Sell,235204849
2024-08-27 14:20:26,43700.0,7000,Sell,235204848
2024-08-27 14:20:26,43700.0,500,Sell,235204847
2024-08-27 14:20:26,43700.0,500,Sell,235204845
2024-08-27 14:20:26,43700.0,1000,Sell,235204844
2024-08-27 14:20:26,43700.0,100,Sell,235204846
2024-08-27 14:20:26,43700.0,600,Sell,235204843
2024-08-27 14:20:45,43700.0,5000,Sell,235205350
2024-08-27 14:21:04,43700.0,4700,Sell,235206138
2024-08-27 14:21:04,43700.0,500,Sell,235206139
2024-08-27 14:21:04,43700.0,100,Sell,235206140
2024-08-27 14:21:04,43700.0,500,Sell,235206141
2024-08-27 14:21:04,43700.0,200,Sell,235206142
2024-08-27 14:21:12,43700.0,100,Sell,235206420
2024-08-27 14:21:12,43700.0,100,Sell,235206429
2024-08-27 14:21:12,43700.0,100,Sell,235206421
2024-08-27 14:21:12,43700.0,200,Sell,235206419
2024-08-27 14:21:12,43700.0,600,Sell,235206417
2024-08-27 14:21:12,43700.0,300,Sell,235206416
2024-08-27 14:21:12,43700.0,300,Sell,235206415
2024-08-27 14:21:12,43700.0,300,Sell,235206414
2024-08-27 14:21:12,43700.0,100,Sell,235206418
2024-08-27 14:21:20,43750.0,100,Buy,235206688
2024-08-27 14:21:28,43700.0,300,Sell,235206927
2024-08-27 14:21:29,43750.0,400,Buy,235206953
2024-08-27 14:21:29,43750.0,100,Buy,235206954
2024-08-27 14:21:41,43750.0,200,Buy,235207312
2024-08-27 14:21:55,43750.0,2000,Buy,235207730
2024-08-27 14:22:15,43700.0,2500,Sell,235208424
2024-08-27 14:22:15,43700.0,500,Sell,235208425
2024-08-27 14:22:15,43700.0,200,Sell,235208440
2024-08-27 14:22:15,43700.0,1800,Sell,235208441
2024-08-27 14:22:19,43700.0,100,Sell,235208549
2024-08-27 14:22:19,43700.0,500,Sell,235208550
2024-08-27 14:22:19,43700.0,200,Sell,235208547
2024-08-27 14:22:19,43700.0,200,Sell,235208548
2024-08-27 14:22:21,43700.0,500,Sell,235208630
2024-08-27 14:22:21,43700.0,100,Sell,235208631
2024-08-27 14:22:21,43700.0,100,Sell,235208632
2024-08-27 14:22:21,43700.0,12300,Sell,235208633
2024-08-27 14:22:25,43700.0,2000,Sell,235208772
2024-08-27 14:22:27,43700.0,5000,Sell,235208828
2024-08-27 14:22:28,43700.0,200,Sell,235208876
2024-08-27 14:22:34,43700.0,100,Sell,235209093
2024-08-27 14:22:49,43750.0,100,Buy,235209764
2024-08-27 14:22:53,43750.0,500,Buy,235209874
2024-08-27 14:23:07,43750.0,100,Buy,235210419
2024-08-27 14:23:08,43750.0,4000,Buy,235210438
2024-08-27 14:23:08,43750.0,400,Buy,235210439
2024-08-27 14:23:09,43750.0,3600,Buy,235210498
2024-08-27 14:23:09,43750.0,100,Buy,235210497
2024-08-27 14:23:09,43750.0,500,Buy,235210496
2024-08-27 14:23:09,43750.0,100,Buy,235210495
2024-08-27 14:23:09,43750.0,1300,Buy,235210473
2024-08-27 14:23:09,43750.0,1000,Buy,235210472
2024-08-27 14:23:09,43750.0,600,Buy,235210470
2024-08-27 14:23:09,43750.0,8700,Buy,235210494
2024-08-27 14:23:09,43750.0,100,Buy,235210471
2024-08-27 14:23:12,43750.0,500,Buy,235210599
2024-08-27 14:23:12,43750.0,1000,Buy,235210603
2024-08-27 14:23:14,43750.0,6500,Buy,235210746
2024-08-27 14:23:14,43750.0,1000,Buy,235210747
2024-08-27 14:23:18,43750.0,100,Sell,235210927
2024-08-27 14:23:36,43800.0,100,Buy,235211575
2024-08-27 14:23:36,43800.0,800,Buy,235211576
2024-08-27 14:23:36,43750.0,200,Sell,235211577
2024-08-27 14:23:38,43800.0,200,Buy,235211766
2024-08-27 14:23:38,43800.0,100,Buy,235211767
2024-08-27 14:23:38,43800.0,200,Buy,235211768
2024-08-27 14:23:41,43750.0,200,Sell,235211919
2024-08-27 14:23:45,43750.0,1000,Sell,235212023
2024-08-27 14:23:53,43800.0,200,Buy,235212363
2024-08-27 14:23:59,43750.0,300,Sell,235212595
2024-08-27 14:23:59,43750.0,200,Sell,235212596
2024-08-27 14:23:59,43750.0,300,Sell,235212597
2024-08-27 14:23:59,43750.0,300,Sell,235212598
2024-08-27 14:23:59,43750.0,1800,Sell,235212593
2024-08-27 14:23:59,43750.0,100,Sell,235212594
2024-08-27 14:24:02,43800.0,100,Buy,235212714
2024-08-27 14:24:02,43800.0,100,Buy,235212715
2024-08-27 14:24:06,43800.0,400,Buy,235212867
2024-08-27 14:24:09,43800.0,300,Buy,235212962
2024-08-27 14:24:09,43800.0,300,Buy,235212963
2024-08-27 14:24:20,43800.0,200,Buy,235213445
2024-08-27 14:24:20,43800.0,300,Buy,235213446
2024-08-27 14:24:21,43800.0,100,Buy,235213494
