time,price,volume,match_type,id
2024-08-21 09:14:37,43000.0,52800,ATO/ATC,233327136
2024-08-21 09:14:39,42900.0,1200,Sell,233327411
2024-08-21 09:14:39,42950.0,1000,Sell,233327410
2024-08-21 09:14:39,43000.0,1400,Sell,233327407
2024-08-21 09:14:39,43000.0,100,Sell,233327408
2024-08-21 09:14:39,43000.0,5000,Sell,233327409
2024-08-21 09:14:46,42900.0,5000,Buy,233327654
2024-08-21 09:14:48,42900.0,2000,Buy,233327733
2024-08-21 09:14:51,42900.0,100,Buy,233327799
2024-08-21 09:14:58,42900.0,200,Buy,233328029
2024-08-21 09:15:03,42900.0,100,Buy,233328174
2024-08-21 09:15:03,42900.0,400,Buy,233328173
2024-08-21 09:15:13,42900.0,900,Buy,233328421
2024-08-21 09:15:19,42900.0,100,Sell,233328636
2024-08-21 09:15:19,42900.0,100,Sell,233328637
2024-08-21 09:15:21,42900.0,400,Buy,233328691
2024-08-21 09:15:26,42900.0,400,Buy,233328802
2024-08-21 09:15:33,42850.0,200,Sell,233329081
2024-08-21 09:15:33,42850.0,200,Sell,233329082
2024-08-21 09:15:33,42850.0,200,Sell,233329083
2024-08-21 09:15:34,42850.0,500,Sell,233329112
2024-08-21 09:15:34,42900.0,200,Buy,233329120
2024-08-21 09:15:34,42900.0,100,Buy,233329122
2024-08-21 09:15:39,42900.0,100,Buy,233329300
2024-08-21 09:15:41,42850.0,300,Sell,233329350
2024-08-21 09:15:41,42850.0,2500,Sell,233329351
2024-08-21 09:15:41,42850.0,200,Sell,233329352
2024-08-21 09:15:44,42900.0,200,Buy,233329445
2024-08-21 09:15:59,42850.0,100,Sell,233330119
2024-08-21 09:15:59,42850.0,500,Sell,233330120
2024-08-21 09:15:59,42850.0,600,Sell,233330121
2024-08-21 09:16:01,42850.0,100,Buy,233330209
2024-08-21 09:16:03,42850.0,300,Buy,233330288
2024-08-21 09:16:03,42850.0,200,Buy,233330287
2024-08-21 09:16:15,42800.0,3000,Sell,233330770
2024-08-21 09:16:16,42800.0,100,Sell,233330802
2024-08-21 09:16:16,42800.0,200,Sell,233330803
2024-08-21 09:16:16,42800.0,500,Sell,233330804
2024-08-21 09:16:16,42800.0,500,Sell,233330805
2024-08-21 09:16:16,42800.0,2700,Sell,233330806
2024-08-21 09:16:16,42800.0,2000,Sell,233330801
2024-08-21 09:16:18,42800.0,100,Sell,233330884
2024-08-21 09:16:24,42800.0,4800,Sell,233331129
2024-08-21 09:16:24,42800.0,1000,Sell,233331128
2024-08-21 09:16:24,42800.0,100,Sell,233331127
2024-08-21 09:16:24,42800.0,600,Sell,233331124
2024-08-21 09:16:24,42800.0,500,Sell,233331125
2024-08-21 09:16:24,42800.0,200,Sell,233331107
2024-08-21 09:16:24,42800.0,1000,Sell,233331126
2024-08-21 09:16:24,42800.0,1900,Sell,233331108
2024-08-21 09:16:25,42800.0,2500,Sell,233331147
2024-08-21 09:16:28,42800.0,3500,Sell,233331251
2024-08-21 09:16:36,42800.0,2000,Sell,233331532
2024-08-21 09:16:37,42800.0,3000,Sell,233331579
2024-08-21 09:16:40,42800.0,300,Sell,233331672
2024-08-21 09:16:40,42800.0,3800,Sell,233331660
2024-08-21 09:16:40,42800.0,400,Sell,233331671
2024-08-21 09:16:41,42800.0,2700,Sell,233331719
2024-08-21 09:16:41,42800.0,200,Sell,233331720
2024-08-21 09:16:41,42800.0,100,Sell,233331721
2024-08-21 09:16:41,42800.0,500,Sell,233331722
2024-08-21 09:16:41,42800.0,1000,Sell,233331723
2024-08-21 09:16:41,42800.0,500,Sell,233331724
2024-08-21 09:16:46,42850.0,500,Buy,233331896
2024-08-21 09:16:48,42800.0,1000,Sell,233331956
2024-08-21 09:16:49,42800.0,500,Sell,233331975
2024-08-21 09:16:57,42850.0,100,Buy,233332446
2024-08-21 09:16:57,42850.0,100,Buy,233332447
2024-08-21 09:16:57,42850.0,800,Buy,233332448
2024-08-21 09:16:59,42800.0,100,Sell,233332526
2024-08-21 09:16:59,42800.0,5000,Sell,233332525
2024-08-21 09:16:59,42800.0,200,Sell,233332539
2024-08-21 09:16:59,42800.0,200,Sell,233332523
2024-08-21 09:16:59,42800.0,100,Sell,233332524
2024-08-21 09:16:59,42800.0,1600,Sell,233332527
2024-08-21 09:16:59,42800.0,3000,Sell,233332522
2024-08-21 09:17:02,42800.0,700,Sell,233332661
2024-08-21 09:17:03,42800.0,100,Sell,233332795
2024-08-21 09:17:03,42800.0,500,Sell,233332796
2024-08-21 09:17:06,42800.0,100,Buy,233332870
2024-08-21 09:17:06,42850.0,100,Buy,233332887
2024-08-21 09:17:19,42850.0,400,Buy,233333444
2024-08-21 09:17:19,42850.0,100,Buy,233333474
2024-08-21 09:17:31,42850.0,100,Buy,233333899
2024-08-21 09:17:31,42850.0,1000,Buy,233333910
2024-08-21 09:17:37,42800.0,2900,Sell,233334218
2024-08-21 09:17:37,42850.0,100,Buy,233334217
2024-08-21 09:17:40,42800.0,200,Sell,233334376
2024-08-21 09:17:41,42850.0,1000,Buy,233334409
2024-08-21 09:17:49,42800.0,100,Sell,233334770
2024-08-21 09:17:55,42800.0,1000,Sell,233334921
2024-08-21 09:17:59,42800.0,2000,Sell,233335135
2024-08-21 09:18:00,42800.0,400,Sell,233335147
2024-08-21 09:18:05,42800.0,300,Sell,233335300
2024-08-21 09:18:12,42800.0,700,Sell,233335563
2024-08-21 09:18:23,42800.0,300,Sell,233336003
2024-08-21 09:18:24,42800.0,500,Sell,233336035
2024-08-21 09:18:33,42800.0,1000,Sell,233336369
2024-08-21 09:18:38,42800.0,500,Sell,233336611
2024-08-21 09:18:41,42850.0,700,Buy,233336715
2024-08-21 09:18:41,42850.0,1700,Buy,233336714
2024-08-21 09:18:45,42850.0,1000,Buy,233336943
2024-08-21 09:18:46,42850.0,1000,Buy,233336977
2024-08-21 09:18:47,42800.0,100,Sell,233337009
2024-08-21 09:18:48,42850.0,800,Buy,233337066
2024-08-21 09:18:50,42850.0,1500,Buy,233337152
2024-08-21 09:18:50,42850.0,3500,Buy,233337153
2024-08-21 09:18:58,42850.0,800,Buy,233337457
2024-08-21 09:18:58,42800.0,100,Sell,233337493
2024-08-21 09:18:58,42800.0,100,Sell,233337494
2024-08-21 09:18:58,42850.0,200,Buy,233337458
2024-08-21 09:19:04,42800.0,500,Sell,233337708
2024-08-21 09:19:07,42850.0,2000,Buy,233337916
2024-08-21 09:19:09,42850.0,200,Buy,233338032
2024-08-21 09:19:10,42850.0,200,Buy,233338070
2024-08-21 09:19:12,42850.0,1000,Buy,233338159
2024-08-21 09:19:19,42850.0,1000,Buy,233338382
2024-08-21 09:19:20,42850.0,400,Buy,233338422
2024-08-21 09:19:20,42850.0,400,Buy,233338421
2024-08-21 09:19:25,42850.0,200,Buy,233338583
2024-08-21 09:19:27,42850.0,500,Buy,233338684
2024-08-21 09:19:30,42850.0,500,Sell,233338825
2024-08-21 09:19:40,42800.0,100,Sell,233339185
2024-08-21 09:19:40,42800.0,500,Sell,233339184
2024-08-21 09:19:40,42800.0,100,Sell,233339183
2024-08-21 09:19:40,42800.0,100,Sell,233339182
2024-08-21 09:19:40,42800.0,100,Sell,233339181
2024-08-21 09:19:40,42800.0,200,Sell,233339180
2024-08-21 09:19:40,42800.0,100,Sell,233339179
2024-08-21 09:19:40,42850.0,1000,Sell,233339177
2024-08-21 09:19:40,42850.0,2000,Sell,233339176
2024-08-21 09:19:40,42850.0,100,Sell,233339175
2024-08-21 09:19:40,42850.0,100,Sell,233339174
2024-08-21 09:19:40,42850.0,200,Sell,233339173
2024-08-21 09:19:40,42850.0,100,Sell,233339156
2024-08-21 09:19:40,42850.0,300,Sell,233339178
2024-08-21 09:19:51,42850.0,2000,Sell,233339617
2024-08-21 09:19:55,42850.0,300,Sell,233339810
2024-08-21 09:20:02,42850.0,500,Sell,233340072
2024-08-21 09:20:09,42850.0,200,Sell,233340311
2024-08-21 09:20:09,42850.0,100,Sell,233340313
2024-08-21 09:20:09,42850.0,500,Sell,233340310
2024-08-21 09:20:09,42850.0,200,Sell,233340312
2024-08-21 09:20:11,42850.0,500,Sell,233340366
2024-08-21 09:20:12,42850.0,500,Sell,233340425
2024-08-21 09:20:14,42850.0,100,Sell,233340516
2024-08-21 09:20:32,42850.0,900,Sell,233341124
2024-08-21 09:20:32,42850.0,100,Sell,233341125
2024-08-21 09:20:32,42850.0,900,Sell,233341126
2024-08-21 09:20:38,42850.0,200,Sell,233341466
2024-08-21 09:20:49,42900.0,1400,Buy,233341991
2024-08-21 09:20:49,42900.0,2200,Buy,233341993
2024-08-21 09:20:49,42900.0,5000,Buy,233341994
2024-08-21 09:20:49,42900.0,100,Buy,233341992
2024-08-21 09:20:55,42900.0,200,Sell,233342194
2024-08-21 09:21:04,42900.0,100,Sell,233342557
2024-08-21 09:21:07,42900.0,200,Sell,233342763
2024-08-21 09:21:17,42900.0,100,Sell,233343346
2024-08-21 09:21:24,42900.0,3000,Sell,233343660
2024-08-21 09:21:25,42900.0,1000,Sell,233343676
2024-08-21 09:21:26,42900.0,300,Sell,233343732
2024-08-21 09:21:53,42900.0,600,Sell,233344834
2024-08-21 09:21:53,42900.0,2000,Sell,233344809
2024-08-21 09:22:02,42950.0,200,Buy,233345367
2024-08-21 09:22:02,42950.0,300,Buy,233345366
2024-08-21 09:22:03,42900.0,2000,Sell,233345380
2024-08-21 09:22:14,42950.0,100,Buy,233345870
2024-08-21 09:22:15,42900.0,1500,Sell,233345890
2024-08-21 09:22:19,42900.0,300,Sell,233346074
2024-08-21 09:22:26,42900.0,400,Sell,233346359
2024-08-21 09:22:26,42900.0,100,Sell,233346358
2024-08-21 09:22:26,42900.0,100,Sell,233346356
2024-08-21 09:22:26,42900.0,100,Sell,233346355
2024-08-21 09:22:26,42900.0,100,Sell,233346357
2024-08-21 09:22:30,42900.0,100,Sell,233346515
2024-08-21 09:22:34,42900.0,100,Sell,233346614
2024-08-21 09:22:52,42900.0,100,Sell,233347292
2024-08-21 09:22:57,42900.0,100,Sell,233347550
2024-08-21 09:23:13,42900.0,100,Sell,233348234
2024-08-21 09:23:23,42950.0,200,Buy,233348603
2024-08-21 09:23:24,42900.0,300,Sell,233348648
2024-08-21 09:23:29,42900.0,2400,Sell,233348797
2024-08-21 09:23:29,42900.0,800,Sell,233348813
2024-08-21 09:23:29,42900.0,200,Sell,233348812
2024-08-21 09:23:29,42900.0,1800,Sell,233348796
2024-08-21 09:23:29,42900.0,800,Sell,233348798
2024-08-21 09:23:29,42900.0,200,Sell,233348811
2024-08-21 09:23:44,42900.0,200,Sell,233349394
2024-08-21 09:23:55,42900.0,200,Sell,233349857
2024-08-21 09:23:55,42900.0,500,Sell,233349856
2024-08-21 09:23:55,42900.0,100,Sell,233349855
2024-08-21 09:23:55,42900.0,100,Sell,233349854
2024-08-21 09:23:55,42900.0,200,Sell,233349853
2024-08-21 09:23:55,42900.0,300,Sell,233349852
2024-08-21 09:23:55,42900.0,500,Sell,233349851
2024-08-21 09:23:55,42900.0,300,Sell,233349842
2024-08-21 09:23:55,42900.0,500,Sell,233349849
2024-08-21 09:23:55,42900.0,100,Sell,233349848
2024-08-21 09:23:55,42900.0,100,Sell,233349847
2024-08-21 09:23:55,42900.0,500,Sell,233349846
2024-08-21 09:23:55,42900.0,1000,Sell,233349845
2024-08-21 09:23:55,42900.0,1600,Sell,233349844
2024-08-21 09:23:55,42900.0,300,Sell,233349843
2024-08-21 09:23:55,42900.0,200,Sell,233349850
2024-08-21 09:24:02,42950.0,200,Buy,233350215
2024-08-21 09:24:04,42900.0,500,Sell,233350316
2024-08-21 09:24:07,42900.0,500,Sell,233350415
2024-08-21 09:24:07,42900.0,4500,Sell,233350414
2024-08-21 09:24:09,42900.0,200,Sell,233350497
2024-08-21 09:24:15,42900.0,100,Sell,233350713
2024-08-21 09:24:19,42900.0,300,Sell,233350871
2024-08-21 09:24:19,42900.0,500,Sell,233350870
2024-08-21 09:24:19,42900.0,700,Sell,233350869
2024-08-21 09:24:45,42900.0,200,Sell,233352107
2024-08-21 09:24:45,42900.0,2800,Sell,233352108
2024-08-21 09:24:49,42900.0,200,Sell,233352325
2024-08-21 09:24:49,42900.0,100,Sell,233352326
2024-08-21 09:25:00,42900.0,100,Sell,233352829
2024-08-21 09:25:10,42900.0,1400,Sell,233353243
2024-08-21 09:25:10,42900.0,200,Sell,233353244
2024-08-21 09:25:10,42900.0,300,Sell,233353245
2024-08-21 09:25:12,42950.0,100,Buy,233353394
2024-08-21 09:25:13,42900.0,2000,Sell,233353433
2024-08-21 09:25:23,42900.0,1500,Sell,233353796
2024-08-21 09:25:25,42900.0,1200,Sell,233353920
2024-08-21 09:26:00,42900.0,400,Sell,233355514
2024-08-21 09:26:01,42900.0,100,Sell,233355519
2024-08-21 09:26:01,42900.0,100,Sell,233355518
2024-08-21 09:26:22,42950.0,300,Buy,233356381
2024-08-21 09:26:27,42950.0,1000,Buy,233356592
2024-08-21 09:26:28,42900.0,400,Sell,233356614
2024-08-21 09:26:33,42900.0,100,Sell,233356792
2024-08-21 09:26:33,42900.0,500,Sell,233356791
2024-08-21 09:26:49,42900.0,900,Sell,233357523
2024-08-21 09:26:49,42900.0,3000,Sell,233357524
2024-08-21 09:27:06,42900.0,100,Sell,233358141
2024-08-21 09:27:30,42900.0,500,Sell,233359121
2024-08-21 09:27:37,42900.0,1400,Sell,233359445
2024-08-21 09:27:37,42900.0,2000,Sell,233359447
2024-08-21 09:27:37,42900.0,100,Sell,233359448
2024-08-21 09:27:37,42900.0,500,Sell,233359449
2024-08-21 09:27:37,42900.0,900,Sell,233359450
2024-08-21 09:27:37,42900.0,100,Sell,233359446
2024-08-21 09:27:42,42950.0,200,Buy,233359701
2024-08-21 09:27:54,42950.0,700,Buy,233360296
2024-08-21 09:27:55,42950.0,100,Buy,233360414
2024-08-21 09:27:57,42950.0,1000,Buy,233360516
2024-08-21 09:27:59,42950.0,2000,Buy,233360631
2024-08-21 09:27:59,42950.0,200,Buy,233360602
2024-08-21 09:28:00,42950.0,1000,Buy,233360649
2024-08-21 09:28:01,42900.0,100,Sell,233360679
2024-08-21 09:28:01,42900.0,100,Sell,233360680
2024-08-21 09:28:01,42900.0,100,Sell,233360681
2024-08-21 09:28:01,42900.0,300,Sell,233360682
2024-08-21 09:28:01,42900.0,2100,Sell,233360678
2024-08-21 09:28:02,42950.0,100,Buy,233360744
2024-08-21 09:28:05,42950.0,5000,Buy,233360921
2024-08-21 09:28:08,42950.0,1000,Buy,233361028
2024-08-21 09:28:12,42950.0,4300,Buy,233361215
2024-08-21 09:28:17,42950.0,10000,Buy,233361405
2024-08-21 09:28:17,42900.0,600,Sell,233361402
2024-08-21 09:28:19,42950.0,2000,Buy,233361490
2024-08-21 09:28:24,42950.0,2000,Buy,233361654
2024-08-21 09:28:25,42950.0,300,Buy,233361751
2024-08-21 09:28:25,42950.0,700,Buy,233361752
2024-08-21 09:28:29,42950.0,200,Buy,233361930
2024-08-21 09:28:30,42950.0,100,Buy,233361960
2024-08-21 09:28:34,42950.0,1400,Buy,233362191
2024-08-21 09:28:37,42950.0,2000,Buy,233362332
2024-08-21 09:28:38,42950.0,100,Buy,233362364
2024-08-21 09:28:38,42950.0,200,Buy,233362372
2024-08-21 09:28:38,42950.0,800,Buy,233362371
2024-08-21 09:28:38,42950.0,500,Buy,233362342
2024-08-21 09:28:38,42950.0,200,Buy,233362365
2024-08-21 09:28:38,42950.0,200,Buy,233362366
2024-08-21 09:28:41,42950.0,400,Buy,233362471
2024-08-21 09:28:41,42950.0,1000,Buy,233362462
2024-08-21 09:28:42,42950.0,100,Buy,233362478
2024-08-21 09:28:42,42950.0,100,Buy,233362486
2024-08-21 09:28:48,42950.0,1700,Buy,233362765
2024-08-21 09:28:48,42950.0,2700,Buy,233362766
2024-08-21 09:28:48,43000.0,600,Buy,233362767
2024-08-21 09:28:53,42950.0,100,Sell,233363031
2024-08-21 09:28:54,43000.0,100,Buy,233363152
2024-08-21 09:28:54,43000.0,1000,Buy,233363153
2024-08-21 09:28:57,43000.0,200,Buy,233363380
2024-08-21 09:29:05,43000.0,600,Buy,233363660
2024-08-21 09:29:05,43000.0,1000,Buy,233363672
2024-08-21 09:29:06,42950.0,600,Sell,233363739
2024-08-21 09:29:09,43000.0,700,Buy,233363909
2024-08-21 09:29:09,43000.0,100,Buy,233363893
2024-08-21 09:29:12,43000.0,500,Buy,233364023
2024-08-21 09:29:13,43000.0,300,Buy,233364118
2024-08-21 09:29:13,43000.0,200,Buy,233364112
2024-08-21 09:29:14,43000.0,100,Buy,233364168
2024-08-21 09:29:16,43000.0,1600,Buy,233364252
2024-08-21 09:29:16,43000.0,2000,Buy,233364253
2024-08-21 09:29:16,43000.0,500,Buy,233364254
2024-08-21 09:29:18,43000.0,300,Buy,233364381
2024-08-21 09:29:24,43000.0,500,Buy,233364745
2024-08-21 09:29:25,43000.0,100,Buy,233364787
2024-08-21 09:29:25,43000.0,500,Buy,233364786
2024-08-21 09:29:25,43000.0,100,Buy,233364785
2024-08-21 09:29:25,43000.0,200,Buy,233364783
2024-08-21 09:29:25,43000.0,100,Buy,233364784
2024-08-21 09:29:27,43000.0,1900,Buy,233364930
2024-08-21 09:29:27,43000.0,5000,Buy,233364931
2024-08-21 09:29:27,43000.0,5000,Buy,233364932
2024-08-21 09:29:27,43000.0,1000,Buy,233364933
2024-08-21 09:29:27,43000.0,1000,Buy,233364934
2024-08-21 09:29:27,43000.0,500,Buy,233364935
2024-08-21 09:29:35,43050.0,1500,Buy,233365340
2024-08-21 09:29:37,43050.0,1000,Buy,233365419
2024-08-21 09:29:40,43050.0,100,Buy,233365572
2024-08-21 09:29:47,43050.0,2400,Buy,233366004
2024-08-21 09:30:09,43100.0,200,Buy,233367099
2024-08-21 09:30:16,43100.0,100,Buy,233367449
2024-08-21 09:30:19,43100.0,4700,Buy,233367600
2024-08-21 09:30:34,43400.0,2300,Buy,233368422
2024-08-21 09:30:34,43300.0,100,Buy,233368419
2024-08-21 09:30:34,43350.0,1000,Buy,233368421
2024-08-21 09:30:34,43250.0,4000,Buy,233368417
2024-08-21 09:30:34,43200.0,700,Buy,233368416
2024-08-21 09:30:34,43200.0,600,Buy,233368415
2024-08-21 09:30:34,43300.0,300,Buy,233368418
2024-08-21 09:30:34,43300.0,1000,Buy,233368420
2024-08-21 09:30:48,43400.0,700,Buy,233369055
2024-08-21 09:30:48,43400.0,300,Buy,233369056
2024-08-21 09:30:50,43400.0,600,Buy,233369129
2024-08-21 09:30:54,43400.0,800,Buy,233369252
2024-08-21 09:30:59,43200.0,500,Sell,233369460
2024-08-21 09:30:59,43200.0,100,Sell,233369461
2024-08-21 09:31:02,43400.0,300,Buy,233369569
2024-08-21 09:31:02,43400.0,2300,Buy,233369568
2024-08-21 09:31:02,43300.0,300,Buy,233369565
2024-08-21 09:31:02,43400.0,900,Buy,233369567
2024-08-21 09:31:06,43250.0,2500,Sell,233369759
2024-08-21 09:31:07,43400.0,200,Buy,233369831
2024-08-21 09:31:07,43400.0,800,Buy,233369832
2024-08-21 09:31:14,43350.0,1000,Buy,233370236
2024-08-21 09:31:15,43200.0,1000,Sell,233370279
2024-08-21 09:31:17,43250.0,200,Buy,233370485
2024-08-21 09:31:17,43350.0,800,Buy,233370486
2024-08-21 09:31:18,43400.0,600,Buy,233370549
2024-08-21 09:31:18,43400.0,200,Buy,233370548
2024-08-21 09:31:18,43350.0,200,Buy,233370547
2024-08-21 09:31:27,43250.0,1000,Sell,233370980
2024-08-21 09:31:59,43250.0,100,Sell,233372398
2024-08-21 09:32:00,43250.0,200,Sell,233372427
2024-08-21 09:32:00,43250.0,200,Sell,233372428
2024-08-21 09:32:00,43250.0,100,Sell,233372429
2024-08-21 09:32:00,43250.0,200,Sell,233372430
2024-08-21 09:32:00,43250.0,5000,Sell,233372431
2024-08-21 09:32:06,43350.0,500,Buy,233372772
2024-08-21 09:32:16,43300.0,200,Sell,233373337
2024-08-21 09:32:27,43300.0,100,Buy,233373913
2024-08-21 09:32:28,43250.0,100,Sell,233373960
2024-08-21 09:32:29,43300.0,400,Buy,233373986
2024-08-21 09:33:03,43150.0,100,Sell,233375784
2024-08-21 09:33:04,43150.0,5000,Sell,233375823
2024-08-21 09:33:04,43150.0,5000,Sell,233375827
2024-08-21 09:33:04,43150.0,1000,Sell,233375826
2024-08-21 09:33:04,43150.0,400,Sell,233375822
2024-08-21 09:33:04,43150.0,1000,Sell,233375824
2024-08-21 09:33:04,43150.0,2000,Sell,233375825
2024-08-21 09:33:05,43100.0,300,Sell,233375875
2024-08-21 09:33:05,43100.0,100,Sell,233375876
2024-08-21 09:33:05,43100.0,100,Sell,233375877
2024-08-21 09:33:05,43100.0,10000,Sell,233375878
2024-08-21 09:33:05,43100.0,100,Sell,233375879
2024-08-21 09:33:05,43100.0,100,Sell,233375880
2024-08-21 09:33:05,43100.0,10000,Sell,233375881
2024-08-21 09:33:05,43100.0,200,Sell,233375882
2024-08-21 09:33:06,43200.0,1400,Buy,233375896
2024-08-21 09:33:07,43200.0,600,Sell,233375988
2024-08-21 09:33:08,43150.0,1500,Buy,233375997
2024-08-21 09:33:17,43150.0,100,Buy,233376526
2024-08-21 09:33:21,43150.0,100,Buy,233376679
2024-08-21 09:33:21,43150.0,400,Buy,233376680
2024-08-21 09:33:26,43300.0,200,Buy,233376966
2024-08-21 09:33:26,43300.0,4000,Buy,233376965
2024-08-21 09:33:26,43300.0,600,Buy,233376960
2024-08-21 09:33:26,43300.0,3000,Buy,233376959
2024-08-21 09:33:26,43300.0,500,Buy,233376957
2024-08-21 09:33:26,43300.0,2000,Buy,233376958
2024-08-21 09:33:26,43250.0,2300,Buy,233376956
2024-08-21 09:33:26,43200.0,100,Buy,233376952
2024-08-21 09:33:26,43250.0,500,Buy,233376954
2024-08-21 09:33:26,43250.0,1000,Buy,233376953
2024-08-21 09:33:26,43200.0,200,Buy,233376951
2024-08-21 09:33:26,43150.0,4800,Buy,233376949
2024-08-21 09:33:26,43150.0,4600,Buy,233376948
2024-08-21 09:33:26,43250.0,100,Buy,233376955
2024-08-21 09:33:26,43150.0,1700,Buy,233376950
2024-08-21 09:33:27,43300.0,4400,Sell,233376994
2024-08-21 09:33:36,43050.0,2600,Sell,233377507
2024-08-21 09:33:36,43050.0,500,Sell,233377508
2024-08-21 09:33:36,43050.0,100,Sell,233377509
2024-08-21 09:33:36,43050.0,500,Sell,233377510
2024-08-21 09:33:36,43050.0,5000,Sell,233377511
2024-08-21 09:33:38,43050.0,100,Buy,233377587
2024-08-21 09:33:40,43050.0,1200,Buy,233377688
2024-08-21 09:34:02,43100.0,100,Sell,233378366
2024-08-21 09:34:16,43100.0,1000,Sell,233378849
2024-08-21 09:34:16,43100.0,700,Sell,233378847
2024-08-21 09:34:25,43100.0,1000,Sell,233379147
2024-08-21 09:34:26,43100.0,2300,Sell,233379164
2024-08-21 09:34:26,43100.0,2000,Sell,233379165
2024-08-21 09:34:35,43150.0,300,Sell,233379474
2024-08-21 09:34:35,43150.0,1000,Buy,233379469
2024-08-21 09:34:35,43150.0,10000,Buy,233379468
2024-08-21 09:34:35,43150.0,100,Sell,233379473
2024-08-21 09:34:35,43150.0,5000,Buy,233379466
2024-08-21 09:34:35,43100.0,100,Buy,233379465
2024-08-21 09:34:35,43100.0,1500,Buy,233379464
2024-08-21 09:34:35,43150.0,100,Buy,233379467
2024-08-21 09:34:36,43150.0,1900,Sell,233379505
2024-08-21 09:34:55,43050.0,100,Sell,233380163
2024-08-21 09:35:07,43050.0,500,Sell,233380639
2024-08-21 09:35:11,43100.0,1000,Buy,233380846
2024-08-21 09:35:11,43100.0,200,Buy,233380847
2024-08-21 09:35:20,43150.0,2200,Buy,233381169
2024-08-21 09:35:33,43050.0,100,Sell,233381710
2024-08-21 09:35:33,43050.0,9600,Sell,233381712
2024-08-21 09:35:33,43050.0,100,Sell,233381711
2024-08-21 09:35:33,43150.0,200,Buy,233381669
2024-08-21 09:35:33,43050.0,200,Sell,233381709
2024-08-21 09:35:44,43050.0,100,Sell,233382050
2024-08-21 09:35:44,43050.0,2000,Sell,233382086
2024-08-21 09:35:47,43050.0,300,Sell,233382167
2024-08-21 09:35:47,43050.0,100,Sell,233382168
2024-08-21 09:35:47,43050.0,100,Sell,233382169
2024-08-21 09:36:15,43000.0,400,Sell,233383165
2024-08-21 09:36:19,43000.0,2500,Sell,233383339
2024-08-21 09:36:22,43050.0,2000,Buy,233383446
2024-08-21 09:36:22,43000.0,100,Sell,233383427
2024-08-21 09:36:26,43050.0,500,Sell,233383642
2024-08-21 09:36:34,43050.0,500,Buy,233383808
2024-08-21 09:36:52,43000.0,500,Sell,233384287
2024-08-21 09:37:00,43000.0,1000,Sell,233384520
2024-08-21 09:37:10,43000.0,100,Sell,233384794
2024-08-21 09:37:17,43000.0,1300,Sell,233385035
2024-08-21 09:37:17,43000.0,500,Sell,233385036
2024-08-21 09:37:17,43000.0,1200,Sell,233385037
2024-08-21 09:37:21,43000.0,800,Sell,233385144
2024-08-21 09:37:25,43000.0,1000,Sell,233385237
2024-08-21 09:37:30,43000.0,2000,Sell,233385440
2024-08-21 09:37:30,43000.0,900,Sell,233385441
2024-08-21 09:37:35,43000.0,200,Sell,233385551
2024-08-21 09:37:37,43000.0,100,Sell,233385612
2024-08-21 09:37:40,43000.0,3000,Sell,233385719
2024-08-21 09:37:45,43000.0,900,Sell,233386023
2024-08-21 09:37:45,43000.0,200,Sell,233386024
2024-08-21 09:37:45,43000.0,100,Sell,233386025
2024-08-21 09:37:45,43000.0,100,Sell,233386026
2024-08-21 09:37:45,43000.0,100,Sell,233386027
2024-08-21 09:37:45,43000.0,100,Sell,233386028
2024-08-21 09:37:45,43000.0,1000,Sell,233386029
2024-08-21 09:37:47,43000.0,3000,Sell,233386053
2024-08-21 09:37:49,43000.0,100,Sell,233386112
2024-08-21 09:37:49,43000.0,200,Sell,233386111
2024-08-21 09:37:49,43000.0,7000,Sell,233386109
2024-08-21 09:37:49,43000.0,500,Sell,233386110
2024-08-21 09:37:50,43000.0,100,Sell,233386137
2024-08-21 09:37:50,43000.0,1000,Sell,233386138
2024-08-21 09:37:50,43000.0,100,Sell,233386139
2024-08-21 09:37:50,43000.0,100,Sell,233386140
2024-08-21 09:37:50,43000.0,5000,Sell,233386141
2024-08-21 09:37:50,43000.0,800,Sell,233386142
2024-08-21 09:37:50,43000.0,200,Sell,233386143
2024-08-21 09:38:02,42950.0,500,Sell,233386581
2024-08-21 09:38:02,42950.0,2000,Sell,233386582
2024-08-21 09:38:02,42950.0,500,Sell,233386583
2024-08-21 09:38:26,42950.0,500,Sell,233387329
2024-08-21 09:38:32,43000.0,1000,Buy,233387473
2024-08-21 09:38:36,42950.0,1000,Sell,233387567
2024-08-21 09:38:47,42950.0,800,Sell,233387836
2024-08-21 09:38:52,42950.0,200,Sell,233387945
2024-08-21 09:38:53,42950.0,1400,Sell,233387967
2024-08-21 09:38:54,42950.0,5600,Sell,233387985
2024-08-21 09:38:54,42950.0,500,Sell,233387986
2024-08-21 09:38:54,42950.0,200,Sell,233387987
2024-08-21 09:38:54,42950.0,100,Sell,233387988
2024-08-21 09:39:01,42900.0,100,Sell,233388126
2024-08-21 09:39:36,42900.0,300,Sell,233389053
2024-08-21 09:39:36,42900.0,1000,Sell,233389052
2024-08-21 09:39:36,42900.0,200,Sell,233389051
2024-08-21 09:39:36,42900.0,100,Sell,233389049
2024-08-21 09:39:36,42900.0,200,Sell,233389048
2024-08-21 09:39:36,42900.0,800,Sell,233389050
2024-08-21 09:39:41,42900.0,100,Sell,233389198
2024-08-21 09:39:41,42900.0,2000,Sell,233389191
2024-08-21 09:39:41,42900.0,500,Sell,233389197
2024-08-21 09:39:41,42900.0,100,Sell,233389196
2024-08-21 09:39:41,42900.0,500,Sell,233389195
2024-08-21 09:39:41,42900.0,200,Sell,233389194
2024-08-21 09:39:41,42900.0,500,Sell,233389193
2024-08-21 09:39:41,42900.0,1100,Sell,233389192
2024-08-21 09:39:41,42900.0,300,Sell,233389190
2024-08-21 09:39:41,42900.0,100,Sell,233389181
2024-08-21 09:39:41,42900.0,100,Sell,233389188
2024-08-21 09:39:41,42900.0,700,Sell,233389180
2024-08-21 09:39:41,42900.0,500,Sell,233389182
2024-08-21 09:39:41,42900.0,2000,Sell,233389183
2024-08-21 09:39:41,42900.0,300,Sell,233389189
2024-08-21 09:39:41,42900.0,100,Sell,233389185
2024-08-21 09:39:41,42900.0,1000,Sell,233389186
2024-08-21 09:39:41,42900.0,1000,Sell,233389187
2024-08-21 09:39:41,42900.0,200,Sell,233389184
2024-08-21 09:39:50,42900.0,100,Buy,233389412
2024-08-21 09:39:56,42900.0,400,Buy,233389596
2024-08-21 09:40:01,42900.0,100,Buy,233389805
2024-08-21 09:40:04,42900.0,500,Buy,233389900
2024-08-21 09:40:11,42900.0,1100,Buy,233390043
2024-08-21 09:40:23,42850.0,900,Sell,233390333
2024-08-21 09:40:23,42850.0,100,Sell,233390330
2024-08-21 09:40:23,42850.0,1000,Sell,233390331
2024-08-21 09:40:23,42850.0,200,Sell,233390332
2024-08-21 09:40:29,42850.0,1100,Sell,233390457
2024-08-21 09:40:29,42850.0,1900,Sell,233390458
2024-08-21 09:40:30,42850.0,100,Sell,233390506
2024-08-21 09:40:30,42850.0,400,Sell,233390507
2024-08-21 09:40:30,42900.0,500,Buy,233390508
2024-08-21 09:40:44,42850.0,100,Sell,233390911
2024-08-21 09:40:44,42850.0,300,Sell,233390912
2024-08-21 09:40:44,42850.0,600,Sell,233390913
2024-08-21 09:40:48,42900.0,200,Buy,233391014
2024-08-21 09:41:13,42900.0,200,Buy,233391602
2024-08-21 09:41:49,42850.0,1400,Sell,233392597
2024-08-21 09:41:49,42850.0,1700,Sell,233392598
2024-08-21 09:41:53,42850.0,500,Sell,233392691
2024-08-21 09:41:53,42850.0,3000,Sell,233392688
2024-08-21 09:41:53,42850.0,500,Sell,233392690
2024-08-21 09:41:53,42850.0,1000,Sell,233392689
2024-08-21 09:41:53,42850.0,500,Sell,233392687
2024-08-21 09:41:53,42850.0,200,Sell,233392681
2024-08-21 09:41:53,42850.0,200,Sell,233392685
2024-08-21 09:41:53,42850.0,100,Sell,233392686
2024-08-21 09:41:53,42850.0,500,Sell,233392682
2024-08-21 09:41:53,42850.0,2300,Sell,233392680
2024-08-21 09:41:53,42850.0,8000,Sell,233392684
2024-08-21 09:41:53,42850.0,1000,Sell,233392683
2024-08-21 09:42:00,42850.0,1400,Buy,233392900
2024-08-21 09:42:00,42850.0,400,Sell,233392903
2024-08-21 09:42:00,42850.0,200,Buy,233392881
2024-08-21 09:42:00,42850.0,100,Buy,233392901
2024-08-21 09:42:00,42850.0,100,Buy,233392902
2024-08-21 09:42:03,42850.0,300,Buy,233392996
2024-08-21 09:42:15,42850.0,100,Buy,233393249
2024-08-21 09:42:17,42800.0,100,Sell,233393302
2024-08-21 09:42:17,42800.0,400,Sell,233393303
2024-08-21 09:42:19,42800.0,100,Sell,233393377
2024-08-21 09:42:19,42800.0,500,Sell,233393383
2024-08-21 09:42:19,42800.0,100,Sell,233393382
2024-08-21 09:42:19,42800.0,400,Sell,233393381
2024-08-21 09:42:19,42800.0,100,Sell,233393380
2024-08-21 09:42:19,42800.0,1000,Sell,233393379
2024-08-21 09:42:19,42800.0,5000,Sell,233393378
2024-08-21 09:42:19,42800.0,300,Sell,233393384
2024-08-21 09:42:19,42800.0,2000,Sell,233393376
2024-08-21 09:42:19,42800.0,1500,Sell,233393374
2024-08-21 09:42:19,42800.0,100,Sell,233393366
2024-08-21 09:42:19,42800.0,100,Sell,233393367
2024-08-21 09:42:19,42800.0,200,Sell,233393368
2024-08-21 09:42:19,42800.0,500,Sell,233393369
2024-08-21 09:42:19,42800.0,100,Sell,233393375
2024-08-21 09:42:19,42800.0,200,Sell,233393371
2024-08-21 09:42:19,42800.0,1400,Sell,233393372
2024-08-21 09:42:19,42800.0,400,Sell,233393373
2024-08-21 09:42:19,42800.0,1000,Sell,233393370
2024-08-21 09:42:27,42850.0,1000,Buy,233393548
2024-08-21 09:42:27,42850.0,900,Buy,233393547
2024-08-21 09:42:28,42800.0,700,Sell,233393594
2024-08-21 09:42:28,42800.0,800,Sell,233393601
2024-08-21 09:42:28,42800.0,1000,Sell,233393600
2024-08-21 09:42:28,42800.0,1000,Sell,233393599
2024-08-21 09:42:28,42800.0,5000,Sell,233393598
2024-08-21 09:42:28,42800.0,500,Sell,233393597
2024-08-21 09:42:28,42800.0,2200,Sell,233393596
2024-08-21 09:42:28,42800.0,500,Sell,233393595
2024-08-21 09:42:28,42800.0,1500,Sell,233393593
2024-08-21 09:42:28,42800.0,100,Sell,233393591
2024-08-21 09:42:28,42850.0,1100,Sell,233393583
2024-08-21 09:42:28,42800.0,4700,Sell,233393584
2024-08-21 09:42:28,42800.0,300,Sell,233393585
2024-08-21 09:42:28,42800.0,2000,Sell,233393586
2024-08-21 09:42:28,42800.0,500,Sell,233393592
2024-08-21 09:42:28,42800.0,1000,Sell,233393588
2024-08-21 09:42:28,42800.0,100,Sell,233393589
2024-08-21 09:42:28,42800.0,1000,Sell,233393590
2024-08-21 09:42:28,42800.0,1000,Sell,233393587
2024-08-21 09:42:36,42800.0,100,Sell,233393879
2024-08-21 09:42:36,42800.0,500,Sell,233393880
2024-08-21 09:42:36,42800.0,100,Sell,233393881
2024-08-21 09:42:36,42800.0,1000,Sell,233393882
2024-08-21 09:42:36,42800.0,200,Sell,233393883
2024-08-21 09:42:36,42800.0,1000,Sell,233393884
2024-08-21 09:42:36,42800.0,100,Sell,233393885
2024-08-21 09:42:36,42800.0,200,Sell,233393878
2024-08-21 09:42:40,42800.0,700,Sell,233394010
2024-08-21 09:42:42,42800.0,500,Sell,233394052
2024-08-21 09:42:55,42800.0,100,Sell,233394338
2024-08-21 09:43:08,42800.0,500,Sell,233394657
2024-08-21 09:43:21,42800.0,200,Sell,233395041
2024-08-21 09:43:21,42800.0,100,Sell,233395042
2024-08-21 09:43:21,42800.0,300,Sell,233395043
2024-08-21 09:43:21,42800.0,100,Sell,233395044
2024-08-21 09:43:21,42800.0,100,Sell,233395045
2024-08-21 09:43:21,42800.0,500,Sell,233395046
2024-08-21 09:43:21,42800.0,100,Sell,233395047
2024-08-21 09:43:21,42800.0,100,Sell,233395048
2024-08-21 09:43:31,42800.0,100,Sell,233395386
2024-08-21 09:44:23,42800.0,100,Sell,233396817
2024-08-21 09:44:23,42800.0,100,Sell,233396818
2024-08-21 09:44:23,42800.0,500,Sell,233396819
2024-08-21 09:44:23,42800.0,600,Sell,233396820
2024-08-21 09:44:23,42800.0,2000,Sell,233396821
2024-08-21 09:44:23,42800.0,1900,Sell,233396822
2024-08-21 09:44:23,42800.0,400,Sell,233396813
2024-08-21 09:44:39,42800.0,100,Sell,233397249
2024-08-21 09:44:39,42800.0,100,Sell,233397243
2024-08-21 09:44:39,42800.0,5000,Sell,233397248
2024-08-21 09:44:39,42800.0,500,Sell,233397250
2024-08-21 09:44:39,42800.0,500,Sell,233397247
2024-08-21 09:44:39,42800.0,200,Sell,233397241
2024-08-21 09:44:39,42800.0,100,Sell,233397245
2024-08-21 09:44:39,42800.0,100,Sell,233397240
2024-08-21 09:44:39,42800.0,200,Sell,233397246
2024-08-21 09:44:39,42800.0,100,Sell,233397244
2024-08-21 09:44:39,42800.0,100,Sell,233397242
2024-08-21 09:44:41,42800.0,500,Sell,233397314
2024-08-21 09:44:41,42800.0,500,Sell,233397313
2024-08-21 09:44:48,42800.0,1700,Sell,233397511
2024-08-21 09:44:48,42800.0,500,Sell,233397512
2024-08-21 09:44:48,42800.0,500,Sell,233397513
2024-08-21 09:44:50,42800.0,100,Buy,233397624
2024-08-21 09:44:57,42800.0,200,Buy,233397750
2024-08-21 09:45:10,42800.0,200,Sell,233398078
2024-08-21 09:45:10,42800.0,300,Sell,233398079
2024-08-21 09:45:10,42800.0,300,Sell,233398077
2024-08-21 09:45:13,42800.0,4200,Buy,233398164
2024-08-21 09:45:14,42800.0,800,Sell,233398181
2024-08-21 09:45:15,42800.0,2000,Buy,233398189
2024-08-21 09:45:22,42750.0,100,Sell,233398385
2024-08-21 09:45:24,42800.0,2000,Buy,233398416
2024-08-21 09:45:25,42800.0,100,Buy,233398477
2024-08-21 09:45:28,42800.0,100,Buy,233398573
2024-08-21 09:45:29,42800.0,400,Sell,233398585
2024-08-21 09:45:29,42800.0,3000,Buy,233398589
2024-08-21 09:45:31,42800.0,1200,Buy,233398646
2024-08-21 09:45:37,42800.0,400,Buy,233398799
2024-08-21 09:45:51,42850.0,2000,Buy,233399112
2024-08-21 09:46:21,42850.0,1000,Buy,233399952
2024-08-21 09:46:21,42850.0,4000,Buy,233399953
2024-08-21 09:46:25,42850.0,100,Buy,233400079
2024-08-21 09:46:29,42850.0,100,Buy,233400250
2024-08-21 09:46:33,42850.0,1000,Buy,233400305
2024-08-21 09:46:41,42850.0,100,Buy,233400549
2024-08-21 09:46:49,42850.0,100,Buy,233400731
2024-08-21 09:46:55,42850.0,100,Buy,233400934
2024-08-21 09:46:56,42850.0,100,Buy,233400980
2024-08-21 09:46:58,42850.0,100,Buy,233401021
2024-08-21 09:47:07,42850.0,2000,Buy,233401277
2024-08-21 09:47:14,42850.0,1000,Buy,233401398
2024-08-21 09:47:15,42850.0,100,Buy,233401421
2024-08-21 09:47:21,42850.0,1000,Buy,233401581
2024-08-21 09:47:29,42850.0,100,Buy,233401719
2024-08-21 09:47:30,42800.0,300,Sell,233401735
2024-08-21 09:47:40,42800.0,300,Sell,233401983
2024-08-21 09:47:42,42850.0,2300,Buy,233402008
2024-08-21 09:48:02,42850.0,100,Buy,233402497
2024-08-21 09:48:07,42850.0,2000,Buy,233402654
2024-08-21 09:48:13,42850.0,100,Buy,233402872
2024-08-21 09:48:19,42800.0,200,Sell,233402991
2024-08-21 09:48:19,42800.0,100,Sell,233402990
2024-08-21 09:48:19,42800.0,1000,Sell,233402989
2024-08-21 09:48:19,42800.0,1000,Sell,233402988
2024-08-21 09:48:19,42800.0,500,Sell,233402987
2024-08-21 09:48:19,42800.0,200,Sell,233402986
2024-08-21 09:48:19,42800.0,2000,Sell,233402985
2024-08-21 09:48:19,42850.0,1000,Buy,233402972
2024-08-21 09:48:20,42850.0,1000,Buy,233402994
2024-08-21 09:48:26,42800.0,300,Sell,233403145
2024-08-21 09:48:32,42850.0,3000,Buy,233403297
2024-08-21 09:48:35,42850.0,100,Buy,233403450
2024-08-21 09:48:40,42850.0,2000,Buy,233403541
2024-08-21 09:48:40,42850.0,500,Buy,233403540
2024-08-21 09:48:40,42850.0,500,Buy,233403537
2024-08-21 09:48:40,42850.0,500,Buy,233403538
2024-08-21 09:48:40,42850.0,100,Buy,233403539
2024-08-21 09:48:44,42850.0,500,Buy,233403669
2024-08-21 09:48:48,42850.0,100,Buy,233403756
2024-08-21 09:48:51,42850.0,1000,Buy,233403799
2024-08-21 09:48:55,42850.0,100,Buy,233403917
2024-08-21 09:48:56,42850.0,700,Buy,233403956
2024-08-21 09:48:57,42800.0,1000,Sell,233403962
2024-08-21 09:49:07,42850.0,500,Buy,233404178
2024-08-21 09:49:09,42850.0,100,Buy,233404267
2024-08-21 09:49:45,42900.0,400,Buy,233405005
2024-08-21 09:49:53,42900.0,1600,Buy,233405176
2024-08-21 09:49:53,42900.0,1000,Buy,233405177
2024-08-21 09:49:53,42900.0,2000,Buy,233405178
2024-08-21 09:49:53,42900.0,100,Buy,233405179
2024-08-21 09:49:53,42900.0,300,Buy,233405180
2024-08-21 09:49:59,42900.0,2900,Buy,233405307
2024-08-21 09:50:15,42900.0,600,Buy,233405699
2024-08-21 09:50:15,42900.0,1800,Buy,233405698
2024-08-21 09:50:16,42900.0,600,Sell,233405746
2024-08-21 09:50:20,42900.0,100,Buy,233405836
2024-08-21 09:50:28,42900.0,1700,Buy,233406069
2024-08-21 09:50:50,42950.0,500,Buy,233406541
2024-08-21 09:50:52,42950.0,300,Buy,233406596
2024-08-21 09:50:52,42950.0,5000,Buy,233406597
2024-08-21 09:50:52,42950.0,8100,Buy,233406595
2024-08-21 09:50:57,43000.0,100,Buy,233406736
2024-08-21 09:50:57,43000.0,900,Buy,233406737
2024-08-21 09:51:02,43000.0,100,Buy,233406883
2024-08-21 09:51:02,43000.0,100,Buy,233406885
2024-08-21 09:51:02,43000.0,100,Buy,233406881
2024-08-21 09:51:02,43000.0,500,Buy,233406882
2024-08-21 09:51:02,43000.0,1000,Buy,233406884
2024-08-21 09:51:22,43000.0,500,Buy,233407342
2024-08-21 09:51:26,42950.0,1000,Sell,233407457
2024-08-21 09:51:26,42950.0,100,Sell,233407458
2024-08-21 09:51:51,42950.0,300,Buy,233408007
2024-08-21 09:51:56,42950.0,200,Buy,233408135
2024-08-21 09:51:56,42950.0,300,Buy,233408136
2024-08-21 09:52:00,42950.0,500,Buy,233408223
2024-08-21 09:52:04,42950.0,1000,Buy,233408338
2024-08-21 09:52:07,42900.0,100,Sell,233408398
2024-08-21 09:52:13,42950.0,200,Buy,233408522
2024-08-21 09:52:13,42950.0,900,Buy,233408524
2024-08-21 09:52:54,42950.0,900,Sell,233409734
2024-08-21 09:52:54,42950.0,7000,Sell,233409735
2024-08-21 09:52:54,42900.0,1200,Sell,233409736
2024-08-21 09:52:54,42900.0,100,Sell,233409737
2024-08-21 09:52:54,42900.0,2000,Sell,233409738
2024-08-21 09:52:54,42900.0,100,Sell,233409739
2024-08-21 09:53:32,42900.0,500,Buy,233410621
2024-08-21 09:53:44,42900.0,200,Buy,233410957
2024-08-21 09:53:57,42900.0,100,Sell,233411257
2024-08-21 09:54:02,42900.0,400,Sell,233411378
2024-08-21 09:54:03,42900.0,100,Sell,233411394
2024-08-21 09:54:11,42900.0,1000,Sell,233411572
2024-08-21 09:55:14,43000.0,1500,Buy,233412985
2024-08-21 09:55:14,43000.0,1100,Buy,233412983
2024-08-21 09:55:14,43000.0,100,Buy,233412982
2024-08-21 09:55:14,43000.0,600,Buy,233412984
2024-08-21 09:55:14,43000.0,5000,Buy,233412980
2024-08-21 09:55:14,43000.0,100,Buy,233412979
2024-08-21 09:55:14,43000.0,700,Buy,233412978
2024-08-21 09:55:14,43000.0,400,Buy,233412977
2024-08-21 09:55:14,43000.0,500,Buy,233412981
2024-08-21 09:55:16,42900.0,200,Sell,233413048
2024-08-21 09:55:16,42900.0,1000,Sell,233413049
2024-08-21 09:55:16,42900.0,100,Sell,233413050
2024-08-21 09:55:16,42900.0,100,Sell,233413051
2024-08-21 09:55:16,42900.0,1100,Sell,233413052
2024-08-21 09:56:18,42900.0,100,Sell,233414730
2024-08-21 09:56:29,42950.0,200,Buy,233414991
2024-08-21 09:57:01,42950.0,1700,Buy,233415809
2024-08-21 09:57:01,42950.0,1300,Buy,233415808
2024-08-21 09:57:18,42950.0,100,Buy,233416267
2024-08-21 09:57:20,42950.0,200,Buy,233416313
2024-08-21 09:57:24,42950.0,3000,Buy,233416531
2024-08-21 09:57:24,42950.0,300,Buy,233416532
2024-08-21 09:58:20,42950.0,300,Sell,233418308
2024-08-21 09:58:52,42950.0,200,Sell,233419128
2024-08-21 09:59:15,43000.0,600,Buy,233419738
2024-08-21 09:59:27,43000.0,5000,Buy,233420305
2024-08-21 09:59:45,43000.0,3000,Buy,233420896
2024-08-21 09:59:45,43000.0,200,Buy,233420895
2024-08-21 09:59:45,43000.0,5000,Buy,233420894
2024-08-21 09:59:45,43000.0,12900,Buy,233420885
2024-08-21 09:59:45,43000.0,1000,Buy,233420892
2024-08-21 09:59:45,43000.0,300,Buy,233420887
2024-08-21 09:59:45,43000.0,1000,Buy,233420886
2024-08-21 09:59:45,43000.0,500,Buy,233420893
2024-08-21 09:59:49,43000.0,300,Sell,233421025
2024-08-21 09:59:50,43000.0,500,Sell,233421059
2024-08-21 09:59:53,43050.0,5000,Buy,233421122
2024-08-21 09:59:53,43050.0,500,Buy,233421121
2024-08-21 09:59:53,43050.0,1500,Buy,233421120
2024-08-21 09:59:53,43050.0,1000,Buy,233421118
2024-08-21 09:59:53,43050.0,1000,Buy,233421117
2024-08-21 09:59:53,43050.0,1000,Buy,233421119
2024-08-21 10:00:16,43000.0,1000,Sell,233421795
2024-08-21 10:00:26,43000.0,500,Sell,233422086
2024-08-21 10:00:40,43050.0,200,Sell,233422393
2024-08-21 10:00:40,43050.0,1300,Sell,233422394
2024-08-21 10:01:05,43100.0,500,Buy,233423078
2024-08-21 10:01:13,43100.0,400,Buy,233423208
2024-08-21 10:01:13,43100.0,5000,Buy,233423210
2024-08-21 10:01:13,43100.0,200,Buy,233423209
2024-08-21 10:01:13,43100.0,100,Buy,233423207
2024-08-21 10:01:13,43100.0,500,Buy,233423206
2024-08-21 10:01:41,43100.0,300,Sell,233424201
2024-08-21 10:01:41,43100.0,200,Sell,233424202
2024-08-21 10:01:42,43150.0,600,Buy,233424214
2024-08-21 10:01:42,43150.0,1000,Buy,233424215
2024-08-21 10:01:42,43150.0,1600,Buy,233424216
2024-08-21 10:01:44,43150.0,1000,Buy,233424329
2024-08-21 10:01:46,43100.0,300,Sell,233424378
2024-08-21 10:01:46,43100.0,2000,Sell,233424379
2024-08-21 10:01:46,43100.0,100,Sell,233424380
2024-08-21 10:01:46,43100.0,600,Sell,233424381
2024-08-21 10:01:56,43100.0,100,Sell,233424650
2024-08-21 10:01:56,43150.0,2400,Buy,233424640
2024-08-21 10:01:56,43150.0,100,Buy,233424641
2024-08-21 10:01:56,43100.0,400,Sell,233424649
2024-08-21 10:01:57,43100.0,200,Sell,233424689
2024-08-21 10:02:16,43150.0,200,Sell,233425160
2024-08-21 10:02:34,43200.0,200,Buy,233425663
2024-08-21 10:02:36,43150.0,200,Sell,233425692
2024-08-21 10:02:41,43200.0,600,Buy,233425790
2024-08-21 10:02:41,43200.0,200,Buy,233425789
2024-08-21 10:02:41,43200.0,5000,Buy,233425788
2024-08-21 10:02:41,43200.0,100,Buy,233425786
2024-08-21 10:02:41,43200.0,2000,Buy,233425785
2024-08-21 10:02:41,43200.0,100,Buy,233425784
2024-08-21 10:02:41,43200.0,2000,Buy,233425787
2024-08-21 10:02:45,43200.0,400,Buy,233425972
2024-08-21 10:02:47,43150.0,100,Sell,233426019
2024-08-21 10:02:47,43150.0,500,Sell,233426020
2024-08-21 10:02:47,43150.0,500,Sell,233426021
2024-08-21 10:02:47,43150.0,900,Sell,233426022
2024-08-21 10:02:47,43150.0,600,Sell,233426023
2024-08-21 10:02:47,43150.0,400,Sell,233426024
2024-08-21 10:02:54,43250.0,1000,Buy,233426257
2024-08-21 10:02:58,43250.0,2500,Buy,233426404
2024-08-21 10:03:01,43200.0,100,Sell,233426484
2024-08-21 10:03:15,43250.0,1500,Buy,233426841
2024-08-21 10:03:15,43250.0,100,Buy,233426842
2024-08-21 10:03:17,43300.0,100,Buy,233426910
2024-08-21 10:03:32,43300.0,100,Buy,233427420
2024-08-21 10:03:33,43300.0,700,Buy,233427444
2024-08-21 10:03:33,43300.0,1000,Buy,233427443
2024-08-21 10:03:33,43300.0,3500,Buy,233427442
2024-08-21 10:03:33,43300.0,800,Buy,233427440
2024-08-21 10:03:33,43300.0,1000,Buy,233427441
2024-08-21 10:03:35,43300.0,100,Buy,233427513
2024-08-21 10:03:36,43300.0,1200,Buy,233427538
2024-08-21 10:03:36,43300.0,4900,Buy,233427539
2024-08-21 10:03:36,43300.0,100,Buy,233427540
2024-08-21 10:03:36,43300.0,200,Buy,233427541
2024-08-21 10:03:36,43300.0,2200,Buy,233427542
2024-08-21 10:03:36,43300.0,400,Buy,233427543
2024-08-21 10:03:37,43300.0,2500,Buy,233427550
2024-08-21 10:03:38,43300.0,100,Buy,233427573
2024-08-21 10:03:38,43300.0,100,Buy,233427572
2024-08-21 10:03:38,43300.0,200,Buy,233427570
2024-08-21 10:03:38,43300.0,500,Buy,233427571
2024-08-21 10:03:38,43300.0,2100,Buy,233427569
2024-08-21 10:03:39,43300.0,1500,Sell,233427594
2024-08-21 10:03:40,43300.0,200,Sell,233427634
2024-08-21 10:03:59,43350.0,200,Buy,233428256
2024-08-21 10:04:01,43300.0,500,Sell,233428300
2024-08-21 10:04:01,43300.0,100,Sell,233428299
2024-08-21 10:04:01,43300.0,200,Sell,233428297
2024-08-21 10:04:01,43300.0,100,Sell,233428287
2024-08-21 10:04:01,43300.0,10000,Sell,233428298
2024-08-21 10:04:02,43300.0,2000,Buy,233428307
2024-08-21 10:04:02,43350.0,300,Buy,233428308
2024-08-21 10:04:02,43350.0,200,Buy,233428309
2024-08-21 10:04:02,43350.0,5000,Buy,233428310
2024-08-21 10:04:02,43350.0,100,Buy,233428311
2024-08-21 10:04:04,43350.0,300,Buy,233428361
2024-08-21 10:04:04,43350.0,10000,Buy,233428362
2024-08-21 10:04:04,43300.0,200,Buy,233428359
2024-08-21 10:04:04,43350.0,4900,Buy,233428360
2024-08-21 10:04:05,43350.0,4600,Sell,233428375
2024-08-21 10:04:20,43350.0,500,Buy,233428901
2024-08-21 10:04:20,43350.0,2500,Buy,233428902
2024-08-21 10:04:21,43300.0,1700,Sell,233428944
2024-08-21 10:04:22,43300.0,1000,Sell,233428968
2024-08-21 10:04:30,43350.0,1500,Buy,233429183
2024-08-21 10:04:30,43350.0,3000,Buy,233429184
2024-08-21 10:04:32,43350.0,3000,Sell,233429252
2024-08-21 10:04:32,43350.0,1000,Sell,233429253
2024-08-21 10:04:33,43350.0,11500,Sell,233429266
2024-08-21 10:04:38,43350.0,1600,Sell,233429498
2024-08-21 10:04:38,43350.0,500,Sell,233429497
2024-08-21 10:04:39,43350.0,400,Sell,233429527
2024-08-21 10:04:45,43350.0,200,Buy,233429717
2024-08-21 10:04:45,43350.0,200,Buy,233429710
2024-08-21 10:04:46,43300.0,100,Sell,233429752
2024-08-21 10:04:46,43300.0,100,Sell,233429751
2024-08-21 10:04:51,43400.0,100,Buy,233429950
2024-08-21 10:04:51,43400.0,1000,Buy,233429961
2024-08-21 10:04:51,43400.0,10000,Buy,233429960
2024-08-21 10:04:51,43400.0,500,Buy,233429958
2024-08-21 10:04:51,43400.0,4500,Buy,233429957
2024-08-21 10:04:51,43400.0,500,Buy,233429956
2024-08-21 10:04:51,43400.0,100,Buy,233429959
2024-08-21 10:04:51,43400.0,100,Buy,233429954
2024-08-21 10:04:51,43400.0,100,Buy,233429953
2024-08-21 10:04:51,43400.0,1000,Buy,233429952
2024-08-21 10:04:51,43400.0,500,Buy,233429951
2024-08-21 10:04:51,43400.0,2000,Buy,233429955
2024-08-21 10:04:51,43350.0,600,Buy,233429949
2024-08-21 10:05:11,43250.0,1400,Sell,233430811
2024-08-21 10:05:11,43250.0,200,Sell,233430812
2024-08-21 10:05:11,43250.0,500,Sell,233430813
2024-08-21 10:05:17,43100.0,10000,Sell,233431023
2024-08-21 10:05:17,43000.0,3700,Sell,233431025
2024-08-21 10:05:17,43100.0,100,Sell,233431024
2024-08-21 10:05:17,43100.0,800,Sell,233431022
2024-08-21 10:05:17,43200.0,500,Sell,233431020
2024-08-21 10:05:17,43250.0,300,Sell,233431017
2024-08-21 10:05:17,43150.0,100,Sell,233431021
2024-08-21 10:05:17,43200.0,4400,Sell,233431019
2024-08-21 10:05:17,43200.0,100,Sell,233431018
2024-08-21 10:05:22,43350.0,1700,Buy,233431183
2024-08-21 10:05:43,43300.0,200,Buy,233432069
2024-08-21 10:05:49,43300.0,100,Buy,233432358
2024-08-21 10:05:49,43300.0,100,Buy,233432364
2024-08-21 10:05:50,43000.0,2700,Sell,233432414
2024-08-21 10:05:50,43050.0,1000,Sell,233432413
2024-08-21 10:05:50,43050.0,200,Sell,233432411
2024-08-21 10:05:50,43050.0,1000,Sell,233432410
2024-08-21 10:05:50,43050.0,100,Sell,233432412
2024-08-21 10:06:03,43050.0,500,Sell,233432981
2024-08-21 10:06:03,43000.0,2400,Sell,233432982
2024-08-21 10:06:03,43000.0,100,Sell,233432983
2024-08-21 10:06:03,43000.0,100,Sell,233432984
2024-08-21 10:06:03,43000.0,100,Sell,233432985
2024-08-21 10:06:03,43000.0,1800,Sell,233432986
2024-08-21 10:06:12,43300.0,100,Buy,233433336
2024-08-21 10:06:12,43300.0,200,Buy,233433335
2024-08-21 10:06:12,43250.0,200,Buy,233433334
2024-08-21 10:06:41,43200.0,200,Buy,233434479
2024-08-21 10:06:42,43300.0,900,Buy,233434528
2024-08-21 10:06:42,43300.0,100,Buy,233434531
2024-08-21 10:06:42,43200.0,800,Buy,233434527
2024-08-21 10:06:42,43300.0,100,Buy,233434529
2024-08-21 10:06:42,43300.0,100,Buy,233434530
2024-08-21 10:06:52,43100.0,100,Sell,233434890
2024-08-21 10:06:57,43300.0,400,Buy,233435105
2024-08-21 10:06:57,43300.0,3000,Buy,233435106
2024-08-21 10:06:57,43300.0,200,Buy,233435107
2024-08-21 10:06:57,43300.0,500,Buy,233435109
2024-08-21 10:06:57,43300.0,600,Sell,233435136
2024-08-21 10:06:57,43300.0,300,Buy,233435108
2024-08-21 10:06:58,43200.0,400,Sell,233435143
2024-08-21 10:06:58,43100.0,100,Sell,233435144
2024-08-21 10:07:10,43100.0,300,Sell,233435529
2024-08-21 10:07:10,43100.0,900,Sell,233435530
2024-08-21 10:07:13,43000.0,400,Sell,233435620
2024-08-21 10:07:13,43050.0,7000,Sell,233435619
2024-08-21 10:07:13,43050.0,10000,Sell,233435618
2024-08-21 10:07:13,43100.0,100,Sell,233435616
2024-08-21 10:07:13,43100.0,1100,Sell,233435615
2024-08-21 10:07:13,43100.0,1400,Sell,233435617
2024-08-21 10:07:48,43300.0,100,Buy,233436794
2024-08-21 10:07:48,43300.0,100,Buy,233436795
2024-08-21 10:07:51,43050.0,500,Sell,233436860
2024-08-21 10:08:06,43300.0,100,Buy,233437274
2024-08-21 10:08:18,43300.0,300,Buy,233437721
2024-08-21 10:08:28,43300.0,100,Buy,233438199
2024-08-21 10:08:28,43300.0,200,Buy,233438200
2024-08-21 10:08:42,43300.0,4200,Buy,233438574
2024-08-21 10:08:42,43300.0,2800,Buy,233438572
2024-08-21 10:08:42,43300.0,3000,Buy,233438573
2024-08-21 10:09:13,43100.0,1200,Sell,233439756
2024-08-21 10:09:16,43100.0,100,Buy,233439833
2024-08-21 10:09:21,43100.0,1400,Buy,233439959
2024-08-21 10:09:24,43100.0,100,Buy,233440074
2024-08-21 10:09:27,43050.0,100,Sell,233440181
2024-08-21 10:09:27,43050.0,100,Sell,233440180
2024-08-21 10:09:27,43050.0,1000,Sell,233440179
2024-08-21 10:09:27,43050.0,5000,Sell,233440178
2024-08-21 10:09:27,43050.0,100,Sell,233440176
2024-08-21 10:09:27,43050.0,1000,Sell,233440177
2024-08-21 10:09:27,43050.0,500,Sell,233440175
2024-08-21 10:09:31,43050.0,2800,Buy,233440307
2024-08-21 10:09:31,43050.0,7000,Buy,233440308
2024-08-21 10:09:36,43050.0,100,Sell,233440489
2024-08-21 10:10:09,43100.0,100,Buy,233441516
2024-08-21 10:10:15,43050.0,100,Sell,233441703
2024-08-21 10:10:15,43050.0,100,Sell,233441704
2024-08-21 10:10:15,43050.0,100,Sell,233441705
2024-08-21 10:10:37,43050.0,1000,Buy,233442374
2024-08-21 10:11:09,43050.0,500,Buy,233443298
2024-08-21 10:11:16,43000.0,3700,Sell,233443716
2024-08-21 10:11:16,43000.0,100,Sell,233443715
2024-08-21 10:11:16,43000.0,2000,Sell,233443711
2024-08-21 10:11:16,43000.0,100,Sell,233443712
2024-08-21 10:11:16,43000.0,200,Sell,233443710
2024-08-21 10:11:16,43000.0,6000,Sell,233443713
2024-08-21 10:11:52,43050.0,500,Buy,233445063
2024-08-21 10:11:52,43050.0,1000,Buy,233445064
2024-08-21 10:12:10,43100.0,1200,Buy,233445585
2024-08-21 10:12:10,43050.0,100,Sell,233445590
2024-08-21 10:12:10,43050.0,600,Sell,233445589
2024-08-21 10:12:10,43100.0,100,Buy,233445583
2024-08-21 10:12:10,43100.0,100,Buy,233445584
2024-08-21 10:12:31,43050.0,100,Buy,233446053
2024-08-21 10:12:40,43050.0,2500,Buy,233446225
2024-08-21 10:13:03,43050.0,300,Sell,233446930
2024-08-21 10:13:22,43050.0,500,Sell,233447452
2024-08-21 10:13:45,43100.0,800,Buy,233447928
2024-08-21 10:13:45,43100.0,200,Buy,233447929
2024-08-21 10:13:59,43100.0,1500,Buy,233448189
2024-08-21 10:13:59,43100.0,100,Buy,233448187
2024-08-21 10:13:59,43100.0,500,Buy,233448188
2024-08-21 10:14:01,43100.0,500,Buy,233448216
2024-08-21 10:14:14,43250.0,100,Buy,233448560
2024-08-21 10:14:14,43250.0,400,Buy,233448561
2024-08-21 10:16:50,43050.0,200,Sell,233452608
2024-08-21 10:17:01,43050.0,100,Sell,233452878
2024-08-21 10:17:01,43100.0,1900,Buy,233452879
2024-08-21 10:17:21,43100.0,400,Buy,233453528
2024-08-21 10:17:40,43100.0,200,Buy,233454047
2024-08-21 10:18:00,43050.0,500,Sell,233454475
2024-08-21 10:18:10,43100.0,300,Buy,233454698
2024-08-21 10:18:10,43100.0,100,Buy,233454697
2024-08-21 10:18:10,43100.0,500,Buy,233454696
2024-08-21 10:18:56,43050.0,200,Sell,233456025
2024-08-21 10:18:56,43050.0,900,Sell,233456023
2024-08-21 10:18:56,43050.0,100,Sell,233456024
2024-08-21 10:19:05,43050.0,300,Sell,233456255
2024-08-21 10:19:05,43000.0,700,Sell,233456282
2024-08-21 10:19:05,43000.0,200,Sell,233456281
2024-08-21 10:19:05,43000.0,300,Sell,233456280
2024-08-21 10:19:05,43000.0,100,Sell,233456279
2024-08-21 10:19:05,43000.0,100,Sell,233456278
2024-08-21 10:19:05,43000.0,2000,Sell,233456277
2024-08-21 10:19:05,43000.0,100,Sell,233456276
2024-08-21 10:19:05,43000.0,1000,Sell,233456274
2024-08-21 10:19:05,43000.0,200,Sell,233456272
2024-08-21 10:19:05,43000.0,2000,Sell,233456271
2024-08-21 10:19:05,43000.0,100,Sell,233456268
2024-08-21 10:19:05,43000.0,1000,Sell,233456275
2024-08-21 10:19:05,43000.0,100,Sell,233456266
2024-08-21 10:19:05,43000.0,1000,Sell,233456267
2024-08-21 10:19:05,43050.0,100,Sell,233456257
2024-08-21 10:19:05,43000.0,1300,Sell,233456258
2024-08-21 10:19:05,43000.0,200,Sell,233456259
2024-08-21 10:19:05,43000.0,500,Sell,233456260
2024-08-21 10:19:05,43050.0,100,Sell,233456256
2024-08-21 10:19:05,43000.0,2000,Sell,233456262
2024-08-21 10:19:05,43000.0,1000,Sell,233456263
2024-08-21 10:19:05,43000.0,100,Sell,233456264
2024-08-21 10:19:05,43000.0,600,Sell,233456265
2024-08-21 10:19:05,43000.0,200,Sell,233456261
2024-08-21 10:19:05,43000.0,2000,Sell,233456273
2024-08-21 10:19:14,43000.0,1300,Sell,233456557
2024-08-21 10:19:14,43000.0,100,Sell,233456558
2024-08-21 10:19:14,43000.0,100,Sell,233456559
2024-08-21 10:19:14,43000.0,100,Sell,233456560
2024-08-21 10:19:14,43000.0,3000,Sell,233456561
2024-08-21 10:19:14,43000.0,300,Sell,233456562
2024-08-21 10:19:14,43000.0,100,Sell,233456563
2024-08-21 10:19:34,43000.0,1000,Sell,233457086
2024-08-21 10:19:34,43000.0,600,Sell,233457088
2024-08-21 10:19:34,43000.0,2000,Sell,233457087
2024-08-21 10:19:34,43000.0,100,Sell,233457084
2024-08-21 10:19:34,43000.0,100,Sell,233457083
2024-08-21 10:19:34,43000.0,800,Sell,233457081
2024-08-21 10:19:34,43000.0,200,Sell,233457085
2024-08-21 10:19:34,43000.0,200,Sell,233457082
2024-08-21 10:19:45,43100.0,300,Buy,233457396
2024-08-21 10:19:45,43100.0,300,Buy,233457397
2024-08-21 10:19:45,43100.0,400,Buy,233457398
2024-08-21 10:19:53,43000.0,100,Sell,233457555
2024-08-21 10:19:53,43000.0,200,Sell,233457556
2024-08-21 10:20:47,43000.0,100,Sell,233459004
2024-08-21 10:20:47,43000.0,100,Sell,233459006
2024-08-21 10:20:47,43000.0,200,Sell,233459005
2024-08-21 10:21:17,43000.0,400,Sell,233459769
2024-08-21 10:21:17,43000.0,800,Sell,233459770
2024-08-21 10:21:17,43000.0,500,Sell,233459771
2024-08-21 10:21:17,43000.0,100,Sell,233459772
2024-08-21 10:21:17,43000.0,100,Sell,233459773
2024-08-21 10:22:08,43000.0,500,Sell,233461085
2024-08-21 10:22:10,43000.0,400,Sell,233461126
2024-08-21 10:22:10,43000.0,500,Sell,233461125
2024-08-21 10:22:10,43000.0,100,Sell,233461124
2024-08-21 10:22:39,43000.0,100,Sell,233461764
2024-08-21 10:22:39,43000.0,100,Sell,233461765
2024-08-21 10:23:22,43000.0,900,Sell,233462719
2024-08-21 10:23:22,43000.0,300,Sell,233462720
2024-08-21 10:23:22,43000.0,100,Sell,233462721
2024-08-21 10:23:22,43000.0,500,Sell,233462722
2024-08-21 10:23:31,43000.0,200,Buy,233462930
2024-08-21 10:23:47,42950.0,300,Sell,233463329
2024-08-21 10:23:47,43000.0,1100,Sell,233463328
2024-08-21 10:23:57,43000.0,200,Sell,233463532
2024-08-21 10:24:21,43050.0,400,Sell,233464202
2024-08-21 10:24:30,43050.0,100,Sell,233464370
2024-08-21 10:24:33,43050.0,3000,Sell,233464472
2024-08-21 10:24:35,43050.0,100,Sell,233464537
2024-08-21 10:24:35,43050.0,1400,Sell,233464539
2024-08-21 10:24:35,43050.0,500,Sell,233464540
2024-08-21 10:24:59,43000.0,500,Sell,233465143
2024-08-21 10:24:59,43000.0,3500,Sell,233465144
2024-08-21 10:24:59,43000.0,800,Sell,233465141
2024-08-21 10:24:59,43000.0,200,Sell,233465142
2024-08-21 10:25:57,43000.0,500,Sell,233466790
2024-08-21 10:25:57,43000.0,1500,Sell,233466783
2024-08-21 10:26:09,43000.0,500,Sell,233467079
2024-08-21 10:26:10,43000.0,4000,Sell,233467154
2024-08-21 10:26:10,43000.0,5000,Sell,233467155
2024-08-21 10:26:20,43000.0,1000,Sell,233467473
2024-08-21 10:26:20,43000.0,1100,Sell,233467474
2024-08-21 10:26:20,43000.0,500,Sell,233467476
2024-08-21 10:26:20,43000.0,300,Sell,233467475
2024-08-21 10:26:30,43000.0,5000,Buy,233467840
2024-08-21 10:27:06,42950.0,400,Sell,233468896
2024-08-21 10:27:06,42950.0,500,Sell,233468901
2024-08-21 10:27:06,42950.0,100,Sell,233468900
2024-08-21 10:27:06,42950.0,300,Sell,233468899
2024-08-21 10:27:06,42950.0,100,Sell,233468898
2024-08-21 10:27:06,42950.0,2000,Sell,233468897
2024-08-21 10:27:06,42950.0,100,Sell,233468895
2024-08-21 10:27:06,42950.0,2000,Sell,233468894
2024-08-21 10:27:06,42950.0,100,Sell,233468892
2024-08-21 10:27:06,42950.0,1000,Sell,233468891
2024-08-21 10:27:06,42950.0,1500,Sell,233468888
2024-08-21 10:27:06,42950.0,1600,Sell,233468887
2024-08-21 10:27:06,42950.0,500,Sell,233468886
2024-08-21 10:27:06,42950.0,100,Sell,233468885
2024-08-21 10:27:06,42950.0,200,Sell,233468884
2024-08-21 10:27:06,42950.0,800,Sell,233468893
2024-08-21 10:27:13,42950.0,100,Buy,233469129
2024-08-21 10:27:14,42950.0,1000,Buy,233469150
2024-08-21 10:27:30,42900.0,200,Sell,233469782
2024-08-21 10:27:43,42950.0,1000,Buy,233470099
2024-08-21 10:28:23,42950.0,500,Buy,233470931
2024-08-21 10:28:36,42950.0,200,Buy,233471429
2024-08-21 10:28:37,42900.0,600,Sell,233471437
2024-08-21 10:28:37,42900.0,300,Sell,233471438
2024-08-21 10:28:52,42900.0,200,Sell,233472031
2024-08-21 10:28:52,42900.0,300,Sell,233472035
2024-08-21 10:28:56,42900.0,100,Sell,233472254
2024-08-21 10:28:58,42900.0,300,Sell,233472329
2024-08-21 10:28:58,42900.0,1000,Sell,233472328
2024-08-21 10:28:58,42900.0,1000,Sell,233472327
2024-08-21 10:28:58,42900.0,100,Sell,233472323
2024-08-21 10:28:58,42900.0,300,Sell,233472325
2024-08-21 10:28:58,42900.0,500,Sell,233472324
2024-08-21 10:28:58,42900.0,100,Sell,233472326
2024-08-21 10:29:09,42950.0,100,Buy,233472809
2024-08-21 10:29:22,42900.0,200,Sell,233473124
2024-08-21 10:29:22,42900.0,100,Sell,233473125
2024-08-21 10:29:22,42900.0,200,Sell,233473126
2024-08-21 10:29:55,42950.0,100,Buy,233474252
2024-08-21 10:30:41,42900.0,500,Sell,233475789
2024-08-21 10:30:43,42900.0,100,Sell,233475864
2024-08-21 10:30:43,42900.0,200,Sell,233475865
2024-08-21 10:30:43,42900.0,18400,Sell,233475866
2024-08-21 10:30:43,42900.0,1300,Sell,233475863
2024-08-21 10:30:52,42900.0,300,Sell,233476225
2024-08-21 10:30:52,42900.0,800,Sell,233476226
2024-08-21 10:30:52,42900.0,200,Sell,233476224
2024-08-21 10:30:52,42900.0,500,Sell,233476223
2024-08-21 10:30:52,42900.0,300,Sell,233476221
2024-08-21 10:30:52,42900.0,100,Sell,233476220
2024-08-21 10:30:52,42900.0,400,Sell,233476219
2024-08-21 10:30:52,42900.0,100,Sell,233476222
2024-08-21 10:30:52,42900.0,1600,Sell,233476218
2024-08-21 10:30:53,42900.0,100,Sell,233476355
2024-08-21 10:30:53,42900.0,200,Sell,233476350
2024-08-21 10:30:53,42900.0,200,Sell,233476351
2024-08-21 10:30:53,42900.0,1000,Sell,233476352
2024-08-21 10:30:53,42900.0,300,Sell,233476353
2024-08-21 10:30:53,42900.0,100,Sell,233476354
2024-08-21 10:31:33,42900.0,100,Buy,233478053
2024-08-21 10:31:35,42900.0,4100,Buy,233478153
2024-08-21 10:31:35,42900.0,200,Buy,233478154
2024-08-21 10:31:35,42900.0,1700,Buy,233478155
2024-08-21 10:31:37,42900.0,300,Buy,233478189
2024-08-21 10:31:38,42850.0,500,Sell,233478234
2024-08-21 10:31:38,42850.0,300,Sell,233478235
2024-08-21 10:31:38,42850.0,500,Sell,233478233
2024-08-21 10:31:38,42850.0,100,Sell,233478231
2024-08-21 10:31:38,42850.0,1000,Sell,233478230
2024-08-21 10:31:38,42850.0,100,Sell,233478229
2024-08-21 10:31:38,42850.0,200,Sell,233478232
2024-08-21 10:31:40,42850.0,100,Sell,233478273
2024-08-21 10:31:55,42850.0,100,Sell,233478920
2024-08-21 10:31:55,42850.0,300,Sell,233478921
2024-08-21 10:31:55,42850.0,100,Sell,233478919
2024-08-21 10:31:55,42850.0,100,Sell,233478918
2024-08-21 10:31:55,42850.0,1000,Sell,233478917
2024-08-21 10:31:55,42850.0,500,Sell,233478916
2024-08-21 10:31:55,42850.0,500,Sell,233478915
2024-08-21 10:31:55,42850.0,100,Sell,233478907
2024-08-21 10:31:55,42850.0,500,Sell,233478913
2024-08-21 10:31:55,42850.0,500,Sell,233478912
2024-08-21 10:31:55,42850.0,200,Sell,233478911
2024-08-21 10:31:55,42850.0,1000,Sell,233478910
2024-08-21 10:31:55,42850.0,3000,Sell,233478909
2024-08-21 10:31:55,42850.0,500,Sell,233478908
2024-08-21 10:31:55,42850.0,100,Sell,233478914
2024-08-21 10:32:00,42850.0,200,Sell,233479126
2024-08-21 10:32:00,42800.0,500,Sell,233479127
2024-08-21 10:32:00,42800.0,100,Sell,233479128
2024-08-21 10:32:00,42800.0,200,Sell,233479129
2024-08-21 10:32:19,42800.0,2900,Sell,233479894
2024-08-21 10:32:19,42800.0,800,Sell,233479892
2024-08-21 10:32:19,42800.0,1000,Sell,233479893
2024-08-21 10:32:50,42800.0,1000,Sell,233481383
2024-08-21 10:32:50,42800.0,500,Sell,233481384
2024-08-21 10:32:50,42800.0,200,Sell,233481385
2024-08-21 10:32:50,42800.0,300,Sell,233481386
2024-08-21 10:32:50,42800.0,200,Sell,233481387
2024-08-21 10:32:50,42800.0,200,Sell,233481388
2024-08-21 10:32:50,42800.0,200,Sell,233481389
2024-08-21 10:32:50,42800.0,5000,Sell,233481390
2024-08-21 10:32:50,42800.0,2000,Sell,233481382
2024-08-21 10:32:50,42800.0,500,Sell,233481393
2024-08-21 10:32:50,42800.0,1000,Sell,233481394
2024-08-21 10:32:50,42800.0,1000,Sell,233481395
2024-08-21 10:32:50,42800.0,1000,Sell,233481396
2024-08-21 10:32:50,42800.0,800,Sell,233481397
2024-08-21 10:32:50,42800.0,100,Sell,233481398
2024-08-21 10:32:50,42800.0,2000,Sell,233481399
2024-08-21 10:32:50,42800.0,500,Sell,233481400
2024-08-21 10:32:50,42800.0,100,Sell,233481392
2024-08-21 10:32:50,42800.0,500,Sell,233481381
2024-08-21 10:32:50,42800.0,200,Sell,233481391
2024-08-21 10:32:50,42800.0,300,Sell,233481379
2024-08-21 10:32:50,42800.0,100,Sell,233481361
2024-08-21 10:32:50,42800.0,200,Sell,233481362
2024-08-21 10:32:50,42800.0,400,Sell,233481363
2024-08-21 10:32:50,42800.0,300,Sell,233481364
2024-08-21 10:32:50,42800.0,500,Sell,233481365
2024-08-21 10:32:50,42800.0,500,Sell,233481366
2024-08-21 10:32:50,42800.0,1000,Sell,233481367
2024-08-21 10:32:50,42800.0,10000,Sell,233481368
2024-08-21 10:32:50,42800.0,300,Sell,233481369
2024-08-21 10:32:50,42800.0,2000,Sell,233481380
2024-08-21 10:32:50,42800.0,100,Sell,233481371
2024-08-21 10:32:50,42800.0,1500,Sell,233481372
2024-08-21 10:32:50,42800.0,200,Sell,233481373
2024-08-21 10:32:50,42800.0,1000,Sell,233481374
2024-08-21 10:32:50,42800.0,1000,Sell,233481375
2024-08-21 10:32:50,42800.0,200,Sell,233481376
2024-08-21 10:32:50,42800.0,500,Sell,233481377
2024-08-21 10:32:50,42800.0,100,Sell,233481378
2024-08-21 10:32:50,42800.0,500,Sell,233481370
2024-08-21 10:32:59,42800.0,1000,Sell,233481845
2024-08-21 10:32:59,42800.0,1000,Sell,233481847
2024-08-21 10:32:59,42800.0,200,Sell,233481851
2024-08-21 10:32:59,42800.0,200,Sell,233481849
2024-08-21 10:32:59,42800.0,200,Sell,233481850
2024-08-21 10:32:59,42800.0,400,Sell,233481844
2024-08-21 10:32:59,42800.0,200,Sell,233481848
2024-08-21 10:32:59,42800.0,200,Sell,233481843
2024-08-21 10:32:59,42800.0,100,Sell,233481846
2024-08-21 10:32:59,42800.0,2000,Sell,233481841
2024-08-21 10:32:59,42800.0,500,Sell,233481840
2024-08-21 10:32:59,42800.0,200,Sell,233481839
2024-08-21 10:32:59,42800.0,1000,Sell,233481838
2024-08-21 10:32:59,42800.0,200,Sell,233481837
2024-08-21 10:32:59,42800.0,1000,Sell,233481836
2024-08-21 10:32:59,42800.0,1000,Sell,233481835
2024-08-21 10:32:59,42800.0,4500,Sell,233481834
2024-08-21 10:32:59,42800.0,2000,Sell,233481842
2024-08-21 10:33:10,42800.0,1400,Buy,233482330
2024-08-21 10:33:11,42750.0,2500,Sell,233482365
2024-08-21 10:33:11,42750.0,100,Sell,233482364
2024-08-21 10:33:11,42750.0,2200,Sell,233482363
2024-08-21 10:33:11,42750.0,500,Sell,233482361
2024-08-21 10:33:11,42750.0,1000,Sell,233482360
2024-08-21 10:33:11,42750.0,100,Sell,233482359
2024-08-21 10:33:11,42750.0,300,Sell,233482362
2024-08-21 10:33:17,42750.0,1900,Sell,233482616
2024-08-21 10:33:17,42750.0,100,Sell,233482615
2024-08-21 10:33:17,42750.0,300,Sell,233482614
2024-08-21 10:33:17,42750.0,2000,Sell,233482613
2024-08-21 10:33:17,42750.0,500,Sell,233482612
2024-08-21 10:33:17,42750.0,300,Sell,233482611
2024-08-21 10:33:17,42750.0,500,Sell,233482610
2024-08-21 10:33:17,42750.0,3300,Sell,233482608
2024-08-21 10:33:17,42750.0,2000,Sell,233482607
2024-08-21 10:33:17,42750.0,500,Sell,233482609
2024-08-21 10:33:17,42750.0,500,Sell,233482602
2024-08-21 10:33:17,42750.0,500,Sell,233482603
2024-08-21 10:33:17,42750.0,500,Sell,233482605
2024-08-21 10:33:17,42750.0,1000,Sell,233482604
2024-08-21 10:33:17,42750.0,100,Sell,233482606
2024-08-21 10:33:22,42750.0,500,Sell,233482836
2024-08-21 10:33:31,42750.0,1200,Sell,233483124
2024-08-21 10:33:31,42750.0,500,Sell,233483148
2024-08-21 10:33:33,42750.0,100,Sell,233483209
2024-08-21 10:33:34,42750.0,100,Sell,233483261
2024-08-21 10:33:43,42750.0,500,Sell,233483657
2024-08-21 10:33:56,42750.0,400,Sell,233484257
2024-08-21 10:33:58,42750.0,100,Sell,233484381
2024-08-21 10:33:58,42750.0,700,Sell,233484385
2024-08-21 10:33:58,42750.0,100,Sell,233484384
2024-08-21 10:33:58,42750.0,200,Sell,233484383
2024-08-21 10:33:58,42750.0,900,Sell,233484382
2024-08-21 10:33:58,42750.0,100,Sell,233484380
2024-08-21 10:33:58,42750.0,100,Sell,233484379
2024-08-21 10:33:58,42750.0,500,Sell,233484377
2024-08-21 10:33:58,42750.0,100,Sell,233484376
2024-08-21 10:33:58,42750.0,100,Sell,233484375
2024-08-21 10:33:58,42750.0,200,Sell,233484374
2024-08-21 10:33:58,42750.0,800,Sell,233484373
2024-08-21 10:33:58,42750.0,100,Sell,233484378
2024-08-21 10:34:02,42750.0,1000,Sell,233484602
2024-08-21 10:34:06,42750.0,200,Sell,233484792
2024-08-21 10:34:06,42750.0,3500,Sell,233484756
2024-08-21 10:34:06,42750.0,200,Sell,233484755
2024-08-21 10:34:06,42750.0,200,Sell,233484753
2024-08-21 10:34:06,42750.0,100,Sell,233484754
2024-08-21 10:34:09,42750.0,1000,Sell,233484875
2024-08-21 10:34:29,42750.0,300,Sell,233485842
2024-08-21 10:34:29,42750.0,200,Sell,233485843
2024-08-21 10:34:29,42750.0,100,Sell,233485844
2024-08-21 10:34:29,42750.0,200,Sell,233485845
2024-08-21 10:34:31,42750.0,100,Sell,233485974
2024-08-21 10:34:31,42750.0,100,Sell,233485973
2024-08-21 10:34:31,42750.0,200,Sell,233485972
2024-08-21 10:34:33,42750.0,1000,Sell,233486054
2024-08-21 10:34:39,42750.0,1000,Sell,233486325
2024-08-21 10:34:39,42750.0,1700,Sell,233486315
2024-08-21 10:34:48,42750.0,500,Sell,233486759
2024-08-21 10:34:49,42750.0,700,Sell,233486832
2024-08-21 10:34:49,42750.0,500,Sell,233486833
2024-08-21 10:34:49,42750.0,200,Sell,233486834
2024-08-21 10:34:49,42750.0,1000,Sell,233486835
2024-08-21 10:34:49,42750.0,100,Sell,233486836
2024-08-21 10:34:50,42700.0,100,Sell,233486847
2024-08-21 10:34:51,42700.0,100,Sell,233486891
2024-08-21 10:34:51,42700.0,300,Sell,233486892
2024-08-21 10:34:57,42750.0,900,Buy,233487255
2024-08-21 10:34:57,42750.0,100,Buy,233487254
2024-08-21 10:34:57,42750.0,2000,Buy,233487245
2024-08-21 10:34:58,42700.0,200,Sell,233487257
2024-08-21 10:35:01,42700.0,500,Sell,233487451
2024-08-21 10:35:01,42700.0,100,Sell,233487452
2024-08-21 10:35:01,42700.0,400,Sell,233487453
2024-08-21 10:35:04,42700.0,300,Sell,233487580
2024-08-21 10:35:10,42700.0,2000,Sell,233487790
2024-08-21 10:35:14,42700.0,500,Sell,233487948
2024-08-21 10:35:22,42700.0,400,Sell,233488455
2024-08-21 10:35:22,42700.0,200,Sell,233488454
2024-08-21 10:35:22,42700.0,100,Sell,233488453
2024-08-21 10:35:22,42700.0,500,Sell,233488450
2024-08-21 10:35:22,42700.0,1000,Sell,233488451
2024-08-21 10:35:22,42700.0,100,Sell,233488452
2024-08-21 10:35:22,42700.0,100,Sell,233488449
2024-08-21 10:35:25,42750.0,100,Buy,233488615
2024-08-21 10:35:48,42750.0,100,Sell,233489541
2024-08-21 10:35:51,42750.0,100,Sell,233489688
2024-08-21 10:36:08,42750.0,100,Sell,233490481
2024-08-21 10:36:15,42750.0,200,Sell,233490720
2024-08-21 10:36:20,42800.0,1000,Buy,233490999
2024-08-21 10:36:20,42750.0,1400,Sell,233491001
2024-08-21 10:36:20,42750.0,500,Sell,233491002
2024-08-21 10:36:20,42750.0,100,Sell,233491003
2024-08-21 10:36:20,42800.0,1200,Buy,233491000
2024-08-21 10:36:23,42750.0,100,Buy,233491088
2024-08-21 10:36:27,42750.0,500,Sell,233491228
2024-08-21 10:36:32,42750.0,700,Sell,233491456
2024-08-21 10:36:32,42750.0,1400,Sell,233491454
2024-08-21 10:36:32,42750.0,500,Sell,233491455
2024-08-21 10:36:37,42750.0,200,Sell,233491694
2024-08-21 10:36:37,42750.0,300,Sell,233491693
2024-08-21 10:36:38,42750.0,100,Buy,233491715
2024-08-21 10:36:50,42750.0,100,Buy,233492180
2024-08-21 10:36:51,42750.0,1200,Buy,233492194
2024-08-21 10:36:52,42750.0,300,Sell,233492204
2024-08-21 10:37:00,42750.0,400,Sell,233492510
2024-08-21 10:37:28,42750.0,3100,Sell,233493711
2024-08-21 10:37:28,42750.0,2900,Sell,233493712
2024-08-21 10:37:50,42800.0,100,Buy,233494464
2024-08-21 10:37:59,42800.0,100,Buy,233494879
2024-08-21 10:38:10,42750.0,100,Sell,233495238
2024-08-21 10:38:10,42750.0,100,Sell,233495239
2024-08-21 10:38:27,42800.0,2000,Buy,233495700
2024-08-21 10:38:30,42750.0,300,Sell,233495779
2024-08-21 10:38:39,42750.0,300,Sell,233496104
2024-08-21 10:38:45,42750.0,500,Sell,233496321
2024-08-21 10:38:59,42800.0,200,Buy,233496705
2024-08-21 10:39:12,42800.0,4600,Buy,233497194
2024-08-21 10:39:12,42800.0,900,Buy,233497192
2024-08-21 10:39:12,42800.0,1100,Buy,233497191
2024-08-21 10:39:12,42800.0,1000,Buy,233497193
2024-08-21 10:39:12,42800.0,1000,Buy,233497189
2024-08-21 10:39:12,42800.0,8000,Buy,233497188
2024-08-21 10:39:12,42800.0,2600,Buy,233497187
2024-08-21 10:39:12,42800.0,800,Buy,233497190
2024-08-21 10:39:13,42800.0,2400,Buy,233497217
2024-08-21 10:39:13,42800.0,200,Buy,233497218
2024-08-21 10:39:13,42800.0,1900,Buy,233497219
2024-08-21 10:39:14,42800.0,1000,Sell,233497235
2024-08-21 10:39:53,42850.0,3900,Sell,233498453
2024-08-21 10:39:53,42850.0,100,Sell,233498451
2024-08-21 10:39:53,42850.0,500,Sell,233498452
2024-08-21 10:39:53,42850.0,100,Sell,233498449
2024-08-21 10:39:53,42850.0,1000,Sell,233498448
2024-08-21 10:39:53,42850.0,300,Sell,233498450
2024-08-21 10:39:55,42850.0,600,Sell,233498556
2024-08-21 10:40:13,42900.0,300,Buy,233498969
2024-08-21 10:40:13,42900.0,2000,Buy,233498970
2024-08-21 10:40:13,42900.0,5000,Buy,233498971
2024-08-21 10:40:13,42900.0,200,Buy,233498972
2024-08-21 10:40:13,42900.0,100,Buy,233498973
2024-08-21 10:40:13,42900.0,1000,Sell,233498982
2024-08-21 10:40:16,42900.0,200,Sell,233499076
2024-08-21 10:40:27,42950.0,700,Buy,233499314
2024-08-21 10:40:27,42950.0,700,Buy,233499315
2024-08-21 10:40:27,42950.0,400,Buy,233499316
2024-08-21 10:40:27,42950.0,100,Buy,233499320
2024-08-21 10:40:27,42950.0,100,Buy,233499317
2024-08-21 10:40:46,42950.0,600,Buy,233499847
2024-08-21 10:41:06,42900.0,100,Sell,233500321
2024-08-21 10:41:06,42900.0,1200,Sell,233500319
2024-08-21 10:41:06,42900.0,300,Sell,233500320
2024-08-21 10:41:33,42850.0,400,Sell,233500905
2024-08-21 10:41:50,42900.0,500,Buy,233501278
2024-08-21 10:42:07,42900.0,700,Buy,233501642
2024-08-21 10:43:03,42950.0,300,Buy,233503113
2024-08-21 10:43:03,42950.0,500,Buy,233503114
2024-08-21 10:43:03,42950.0,200,Buy,233503115
2024-08-21 10:43:03,42950.0,200,Buy,233503116
2024-08-21 10:43:03,42950.0,200,Buy,233503117
2024-08-21 10:43:03,42950.0,1800,Buy,233503119
2024-08-21 10:43:03,42950.0,100,Buy,233503118
2024-08-21 10:43:11,42950.0,300,Sell,233503347
2024-08-21 10:43:20,42950.0,200,Sell,233503594
2024-08-21 10:43:39,42900.0,3000,Sell,233503963
2024-08-21 10:43:39,42950.0,200,Sell,233503959
2024-08-21 10:43:39,42950.0,100,Sell,233503960
2024-08-21 10:43:39,42900.0,100,Sell,233503961
2024-08-21 10:43:39,42900.0,100,Sell,233503962
2024-08-21 10:44:05,42900.0,1000,Sell,233504474
2024-08-21 10:44:11,42950.0,500,Buy,233504613
2024-08-21 10:44:11,43000.0,900,Buy,233504614
2024-08-21 10:44:11,42950.0,200,Buy,233504612
2024-08-21 10:44:30,43000.0,1200,Buy,233504986
2024-08-21 10:44:30,43000.0,1000,Buy,233504985
2024-08-21 10:44:30,43000.0,1000,Buy,233504984
2024-08-21 10:44:30,43000.0,400,Buy,233504983
2024-08-21 10:44:30,43000.0,500,Buy,233504982
2024-08-21 10:44:30,43000.0,300,Buy,233504981
2024-08-21 10:44:30,43000.0,300,Buy,233504979
2024-08-21 10:44:30,43000.0,600,Buy,233504978
2024-08-21 10:44:30,43000.0,500,Buy,233504977
2024-08-21 10:44:30,43000.0,5000,Buy,233504976
2024-08-21 10:44:30,43000.0,2500,Buy,233504975
2024-08-21 10:44:30,43000.0,1200,Buy,233504974
2024-08-21 10:44:30,43000.0,500,Buy,233504980
2024-08-21 10:44:33,43000.0,800,Buy,233505024
2024-08-21 10:45:07,43000.0,200,Sell,233505561
2024-08-21 10:45:09,43000.0,1000,Sell,233505594
2024-08-21 10:45:21,43000.0,100,Sell,233505777
2024-08-21 10:46:11,43000.0,200,Sell,233506577
2024-08-21 10:46:14,43050.0,3400,Buy,233506615
2024-08-21 10:46:14,43050.0,100,Buy,233506614
2024-08-21 10:46:15,43000.0,100,Sell,233506640
2024-08-21 10:46:32,43050.0,100,Buy,233506998
2024-08-21 10:46:34,43000.0,200,Sell,233507027
2024-08-21 10:46:51,43050.0,1000,Buy,233507278
2024-08-21 10:47:12,43100.0,1800,Buy,233507652
2024-08-21 10:47:12,43100.0,500,Buy,233507651
2024-08-21 10:47:12,43100.0,400,Buy,233507650
2024-08-21 10:47:12,43100.0,100,Buy,233507649
2024-08-21 10:47:12,43100.0,300,Buy,233507647
2024-08-21 10:47:12,43100.0,600,Buy,233507646
2024-08-21 10:47:12,43100.0,200,Buy,233507645
2024-08-21 10:47:12,43050.0,500,Buy,233507644
2024-08-21 10:47:12,43100.0,500,Buy,233507648
2024-08-21 10:47:28,43100.0,200,Buy,233507918
2024-08-21 10:47:35,43100.0,100,Buy,233508035
2024-08-21 10:47:37,43100.0,100,Buy,233508053
2024-08-21 10:47:37,43100.0,400,Sell,233508067
2024-08-21 10:47:57,43100.0,1000,Sell,233508483
2024-08-21 10:47:57,43100.0,400,Sell,233508481
2024-08-21 10:47:57,43100.0,100,Sell,233508482
2024-08-21 10:48:09,43100.0,200,Buy,233508707
2024-08-21 10:48:11,43100.0,2100,Buy,233508740
2024-08-21 10:48:34,43150.0,1000,Buy,233509120
2024-08-21 10:48:34,43150.0,800,Buy,233509121
2024-08-21 10:48:46,43100.0,16300,Sell,233509316
2024-08-21 10:48:50,43150.0,100,Buy,233509363
2024-08-21 10:50:46,43000.0,1000,Sell,233511227
2024-08-21 10:50:56,43000.0,1000,Sell,233511368
2024-08-21 10:51:02,43000.0,500,Sell,233511479
2024-08-21 10:51:08,43000.0,1300,Sell,233511580
2024-08-21 10:51:08,43000.0,500,Sell,233511578
2024-08-21 10:51:08,43000.0,1200,Sell,233511579
2024-08-21 10:51:11,43000.0,200,Sell,233511657
2024-08-21 10:51:11,43050.0,600,Buy,233511664
2024-08-21 10:52:06,43000.0,100,Buy,233512476
2024-08-21 10:52:06,43000.0,900,Buy,233512481
2024-08-21 10:52:14,42900.0,400,Sell,233512604
2024-08-21 10:52:14,42900.0,100,Sell,233512602
2024-08-21 10:52:14,42900.0,100,Sell,233512601
2024-08-21 10:52:14,42900.0,800,Sell,233512603
2024-08-21 10:52:14,42900.0,200,Sell,233512599
2024-08-21 10:52:14,43000.0,4200,Sell,233512597
2024-08-21 10:52:14,42900.0,200,Sell,233512600
2024-08-21 10:52:14,42900.0,1000,Sell,233512598
2024-08-21 10:52:37,42900.0,600,Sell,233512965
2024-08-21 10:52:37,42900.0,400,Sell,233512966
2024-08-21 10:53:15,42900.0,1000,Sell,233513593
2024-08-21 10:53:16,42900.0,400,Sell,233513605
2024-08-21 10:53:30,42900.0,600,Sell,233513835
2024-08-21 10:53:30,42900.0,400,Sell,233513836
2024-08-21 10:54:11,42900.0,100,Sell,233514579
2024-08-21 10:54:26,42900.0,1000,Sell,233514918
2024-08-21 10:54:46,42900.0,3000,Sell,233515282
2024-08-21 10:55:23,42900.0,1000,Sell,233515923
2024-08-21 10:55:23,42900.0,100,Sell,233515924
2024-08-21 10:55:23,42900.0,100,Sell,233515925
2024-08-21 10:55:23,42900.0,1000,Sell,233515926
2024-08-21 10:55:23,42900.0,800,Sell,233515927
2024-08-21 10:55:24,42900.0,300,Sell,233515939
2024-08-21 10:55:57,42950.0,2000,Buy,233516478
2024-08-21 10:56:53,42900.0,1000,Sell,233517379
2024-08-21 10:57:45,42900.0,300,Sell,233518171
2024-08-21 10:58:19,42950.0,100,Buy,233518637
2024-08-21 10:59:07,42950.0,100,Buy,233519410
2024-08-21 11:00:16,42950.0,1000,Buy,233520619
2024-08-21 11:00:39,42950.0,600,Buy,233521057
2024-08-21 11:00:39,42950.0,1000,Buy,233521058
2024-08-21 11:00:39,42950.0,100,Buy,233521059
2024-08-21 11:00:39,42950.0,300,Buy,233521060
2024-08-21 11:00:48,42950.0,200,Buy,233521211
2024-08-21 11:00:48,42950.0,100,Buy,233521212
2024-08-21 11:01:08,42950.0,600,Buy,233521573
2024-08-21 11:01:08,42950.0,400,Buy,233521572
2024-08-21 11:02:10,42900.0,600,Sell,233522724
2024-08-21 11:02:10,42900.0,100,Sell,233522725
2024-08-21 11:02:10,42900.0,1000,Sell,233522726
2024-08-21 11:02:10,42900.0,300,Sell,233522727
2024-08-21 11:02:24,42900.0,5000,Sell,233522950
2024-08-21 11:02:24,42900.0,1900,Sell,233522951
2024-08-21 11:02:24,42900.0,3100,Sell,233522952
2024-08-21 11:02:27,42900.0,100,Sell,233522997
2024-08-21 11:02:57,42900.0,100,Sell,233523543
2024-08-21 11:02:57,42900.0,300,Sell,233523544
2024-08-21 11:02:57,42900.0,6800,Sell,233523541
2024-08-21 11:02:57,42900.0,100,Sell,233523542
2024-08-21 11:03:00,42950.0,600,Buy,233523585
2024-08-21 11:03:00,42950.0,200,Buy,233523586
2024-08-21 11:03:00,42950.0,500,Buy,233523587
2024-08-21 11:03:00,42950.0,2000,Buy,233523588
2024-08-21 11:03:00,42950.0,100,Buy,233523589
2024-08-21 11:03:00,42950.0,100,Buy,233523590
2024-08-21 11:03:00,42950.0,200,Buy,233523591
2024-08-21 11:03:00,42950.0,1000,Buy,233523592
2024-08-21 11:03:00,42950.0,300,Buy,233523593
2024-08-21 11:04:24,42900.0,100,Buy,233525476
2024-08-21 11:04:27,42900.0,400,Buy,233525532
2024-08-21 11:04:27,42900.0,400,Buy,233525533
2024-08-21 11:05:11,42900.0,600,Buy,233526275
2024-08-21 11:05:11,42900.0,1000,Buy,233526276
2024-08-21 11:05:11,42900.0,400,Buy,233526277
2024-08-21 11:05:33,42900.0,100,Buy,233526783
2024-08-21 11:06:27,42900.0,100,Buy,233527749
2024-08-21 11:06:33,42850.0,100,Sell,233527853
2024-08-21 11:06:33,42850.0,500,Sell,233527854
2024-08-21 11:06:34,42850.0,200,Sell,233527859
2024-08-21 11:06:34,42850.0,700,Sell,233527860
2024-08-21 11:06:35,42850.0,4600,Sell,233527891
2024-08-21 11:06:35,42850.0,300,Sell,233527889
2024-08-21 11:06:35,42850.0,100,Sell,233527890
2024-08-21 11:06:41,42900.0,400,Buy,233528002
2024-08-21 11:06:41,42900.0,200,Buy,233528003
2024-08-21 11:07:04,42900.0,1000,Buy,233528387
2024-08-21 11:07:09,42900.0,800,Buy,233528454
2024-08-21 11:07:09,42900.0,1000,Buy,233528455
2024-08-21 11:07:09,42900.0,100,Buy,233528456
2024-08-21 11:07:09,42900.0,700,Buy,233528457
2024-08-21 11:07:09,42900.0,200,Buy,233528458
2024-08-21 11:07:32,42900.0,700,Sell,233528876
2024-08-21 11:07:50,42900.0,500,Sell,233529134
2024-08-21 11:07:59,42900.0,800,Sell,233529278
2024-08-21 11:08:11,42900.0,2200,Sell,233529460
2024-08-21 11:08:11,42900.0,2400,Sell,233529461
2024-08-21 11:09:43,42850.0,1000,Sell,233531246
2024-08-21 11:09:45,42850.0,300,Sell,233531339
2024-08-21 11:09:49,42850.0,1000,Sell,233531421
2024-08-21 11:11:22,42850.0,300,Sell,233533188
2024-08-21 11:11:39,42850.0,700,Sell,233533544
2024-08-21 11:12:23,42850.0,100,Sell,233534387
2024-08-21 11:12:23,42850.0,1400,Sell,233534389
2024-08-21 11:12:23,42850.0,2000,Sell,233534388
2024-08-21 11:12:23,42850.0,100,Sell,233534386
2024-08-21 11:12:23,42850.0,1400,Sell,233534385
2024-08-21 11:12:30,42900.0,1000,Buy,233534513
2024-08-21 11:12:41,42850.0,5000,Sell,233534750
2024-08-21 11:12:56,42900.0,100,Buy,233535156
2024-08-21 11:13:51,42900.0,500,Buy,233536012
2024-08-21 11:13:51,42900.0,500,Buy,233536009
2024-08-21 11:13:51,42900.0,200,Buy,233536008
2024-08-21 11:13:51,42900.0,300,Buy,233536011
2024-08-21 11:13:51,42900.0,500,Buy,233536006
2024-08-21 11:13:51,42900.0,500,Buy,233536005
2024-08-21 11:13:51,42900.0,5000,Buy,233536004
2024-08-21 11:13:51,42900.0,3700,Buy,233536001
2024-08-21 11:13:51,42900.0,500,Buy,233536007
2024-08-21 11:13:51,42900.0,200,Buy,233536010
2024-08-21 11:16:00,42950.0,500,Buy,233538032
2024-08-21 11:16:51,42950.0,200,Buy,233538828
2024-08-21 11:16:51,42950.0,1000,Buy,233538829
2024-08-21 11:16:56,42950.0,500,Buy,233538981
2024-08-21 11:16:56,42950.0,1000,Buy,233538982
2024-08-21 11:16:56,42950.0,3500,Buy,233538983
2024-08-21 11:16:58,42950.0,500,Buy,233539006
2024-08-21 11:17:09,42950.0,100,Buy,233539300
2024-08-21 11:17:09,42950.0,100,Buy,233539286
2024-08-21 11:17:09,42950.0,900,Buy,233539299
2024-08-21 11:17:45,42950.0,500,Sell,233539908
2024-08-21 11:17:47,42950.0,200,Sell,233539954
2024-08-21 11:17:57,43000.0,500,Buy,233540189
2024-08-21 11:17:57,43000.0,500,Buy,233540190
2024-08-21 11:17:57,43000.0,1000,Buy,233540191
2024-08-21 11:17:57,43000.0,100,Buy,233540192
2024-08-21 11:17:57,43000.0,500,Buy,233540193
2024-08-21 11:17:57,43000.0,300,Buy,233540194
2024-08-21 11:17:57,43000.0,400,Buy,233540195
2024-08-21 11:18:10,43000.0,500,Buy,233540437
2024-08-21 11:18:12,43000.0,300,Buy,233540462
2024-08-21 11:18:35,43000.0,2000,Buy,233540922
2024-08-21 11:18:37,43000.0,200,Buy,233541001
2024-08-21 11:18:40,43000.0,4100,Buy,233541064
2024-08-21 11:18:40,43000.0,12200,Buy,233541065
2024-08-21 11:18:40,43000.0,300,Buy,233541066
2024-08-21 11:18:46,43000.0,100,Buy,233541192
2024-08-21 11:18:46,43000.0,500,Buy,233541193
2024-08-21 11:18:46,43000.0,400,Buy,233541194
2024-08-21 11:19:04,43050.0,100,Buy,233541579
2024-08-21 11:19:04,43050.0,2000,Buy,233541578
2024-08-21 11:19:04,43000.0,500,Buy,233541575
2024-08-21 11:19:04,43000.0,300,Buy,233541576
2024-08-21 11:19:04,43000.0,2000,Buy,233541577
2024-08-21 11:19:04,43000.0,100,Buy,233541574
2024-08-21 11:20:13,43050.0,100,Buy,233542877
2024-08-21 11:22:17,43050.0,800,Buy,233544750
2024-08-21 11:22:17,43050.0,200,Buy,233544751
2024-08-21 11:22:42,43050.0,100,Buy,233545103
2024-08-21 11:22:48,43050.0,500,Buy,233545170
2024-08-21 11:23:49,43050.0,100,Buy,233545849
2024-08-21 11:24:20,43050.0,100,Buy,233546241
2024-08-21 11:24:44,43050.0,200,Buy,233546594
2024-08-21 11:24:47,43050.0,100,Buy,233546618
2024-08-21 11:26:47,43000.0,200,Sell,233548170
2024-08-21 11:26:47,43000.0,100,Sell,233548169
2024-08-21 11:27:29,43000.0,300,Sell,233548767
2024-08-21 11:27:29,43000.0,1700,Sell,233548768
2024-08-21 11:27:45,43000.0,100,Sell,233548997
2024-08-21 11:27:47,43000.0,500,Sell,233549010
2024-08-21 11:28:48,43000.0,300,Sell,233549922
2024-08-21 11:28:51,43000.0,100,Sell,233549958
2024-08-21 12:59:36,43000.0,700,Sell,233550593
2024-08-21 12:59:38,43000.0,100,Sell,233551562
2024-08-21 12:59:40,43000.0,200,Sell,233552222
2024-08-21 12:59:44,43000.0,500,Sell,233552803
2024-08-21 12:59:49,43050.0,1000,Buy,233553370
2024-08-21 12:59:49,43050.0,200,Buy,233553371
2024-08-21 12:59:49,43050.0,500,Buy,233553372
2024-08-21 12:59:49,43050.0,100,Buy,233553373
2024-08-21 12:59:49,43050.0,200,Buy,233553369
2024-08-21 12:59:56,43000.0,200,Sell,233553937
2024-08-21 13:00:04,43000.0,100,Sell,233554348
2024-08-21 13:00:10,43000.0,100,Sell,233554502
2024-08-21 13:00:29,43050.0,300,Buy,233554889
2024-08-21 13:00:30,43000.0,200,Sell,233554904
2024-08-21 13:00:55,43000.0,200,Sell,233555457
2024-08-21 13:00:55,43000.0,100,Sell,233555458
2024-08-21 13:00:55,43000.0,100,Sell,233555459
2024-08-21 13:00:55,43000.0,100,Sell,233555460
2024-08-21 13:01:00,43000.0,400,Sell,233555532
2024-08-21 13:01:00,43000.0,17600,Sell,233555533
2024-08-21 13:01:45,43000.0,1000,Sell,233556635
2024-08-21 13:01:54,43000.0,300,Sell,233556785
2024-08-21 13:02:09,43000.0,100,Sell,233557202
2024-08-21 13:02:10,43000.0,10000,Sell,233557213
2024-08-21 13:02:25,43000.0,1000,Sell,233557572
2024-08-21 13:02:25,43000.0,500,Sell,233557573
2024-08-21 13:02:25,43000.0,500,Sell,233557574
2024-08-21 13:02:39,43000.0,14800,Sell,233557891
2024-08-21 13:02:39,43000.0,100,Sell,233557892
2024-08-21 13:02:39,43000.0,1000,Sell,233557893
2024-08-21 13:02:39,43000.0,2000,Sell,233557894
2024-08-21 13:02:39,43000.0,100,Sell,233557895
2024-08-21 13:03:12,43000.0,1000,Sell,233558652
2024-08-21 13:03:13,43000.0,2900,Sell,233558674
2024-08-21 13:03:13,43000.0,2100,Sell,233558675
2024-08-21 13:03:24,43000.0,100,Sell,233558926
2024-08-21 13:03:24,43000.0,900,Sell,233558927
2024-08-21 13:03:33,43000.0,400,Sell,233559123
2024-08-21 13:03:36,43000.0,200,Sell,233559204
2024-08-21 13:03:48,42950.0,3300,Sell,233559558
2024-08-21 13:03:48,42950.0,800,Sell,233559559
2024-08-21 13:03:48,42950.0,900,Sell,233559560
2024-08-21 13:03:55,43000.0,100,Buy,233559736
2024-08-21 13:04:05,43000.0,400,Buy,233559994
2024-08-21 13:04:05,43000.0,200,Buy,233559995
2024-08-21 13:04:05,43000.0,200,Buy,233559992
2024-08-21 13:04:05,43000.0,700,Buy,233559991
2024-08-21 13:04:05,43000.0,1000,Buy,233559993
2024-08-21 13:04:11,43000.0,800,Sell,233560199
2024-08-21 13:04:11,43050.0,2000,Buy,233560202
2024-08-21 13:04:13,43000.0,1700,Sell,233560250
2024-08-21 13:04:43,43000.0,100,Buy,233561058
2024-08-21 13:05:06,43000.0,100,Buy,233561683
2024-08-21 13:05:25,43000.0,100,Buy,233562186
2024-08-21 13:05:35,42950.0,100,Sell,233562517
2024-08-21 13:05:35,42950.0,1000,Sell,233562516
2024-08-21 13:05:35,42950.0,1000,Sell,233562515
2024-08-21 13:05:35,42950.0,100,Sell,233562514
2024-08-21 13:05:35,42950.0,5000,Sell,233562513
2024-08-21 13:05:35,42950.0,100,Sell,233562511
2024-08-21 13:05:35,42950.0,5000,Sell,233562510
2024-08-21 13:05:35,42950.0,100,Sell,233562509
2024-08-21 13:05:35,42950.0,600,Sell,233562508
2024-08-21 13:05:35,42950.0,100,Sell,233562507
2024-08-21 13:05:35,42950.0,200,Sell,233562512
2024-08-21 13:05:47,42900.0,200,Sell,233562924
2024-08-21 13:05:47,42900.0,2000,Sell,233562920
2024-08-21 13:05:47,42900.0,1000,Sell,233562923
2024-08-21 13:05:47,42900.0,1000,Sell,233562922
2024-08-21 13:05:47,42900.0,400,Sell,233562921
2024-08-21 13:05:47,42900.0,100,Sell,233562919
2024-08-21 13:05:47,42900.0,5000,Sell,233562913
2024-08-21 13:05:47,42900.0,100,Sell,233562917
2024-08-21 13:05:47,42900.0,5000,Sell,233562912
2024-08-21 13:05:47,42900.0,200,Sell,233562914
2024-08-21 13:05:47,42900.0,200,Sell,233562918
2024-08-21 13:05:47,42900.0,1000,Sell,233562916
2024-08-21 13:05:47,42900.0,100,Sell,233562915
2024-08-21 13:05:51,42850.0,2000,Sell,233563005
2024-08-21 13:06:33,42900.0,10000,Buy,233564109
2024-08-21 13:06:38,42900.0,100,Buy,233564225
2024-08-21 13:06:42,42900.0,300,Buy,233564305
2024-08-21 13:06:42,42900.0,200,Buy,233564307
2024-08-21 13:06:42,42900.0,100,Buy,233564306
2024-08-21 13:06:51,42900.0,200,Sell,233564651
2024-08-21 13:06:53,43000.0,500,Buy,233564730
2024-08-21 13:06:53,42950.0,2000,Buy,233564725
2024-08-21 13:06:53,42950.0,500,Buy,233564726
2024-08-21 13:06:53,43000.0,300,Buy,233564727
2024-08-21 13:06:53,43000.0,700,Buy,233564728
2024-08-21 13:06:53,43000.0,1000,Buy,233564729
2024-08-21 13:07:03,42900.0,300,Sell,233565100
2024-08-21 13:07:13,42950.0,100,Buy,233565442
2024-08-21 13:07:16,42900.0,300,Sell,233565594
2024-08-21 13:07:17,42950.0,900,Buy,233565618
2024-08-21 13:07:19,42950.0,100,Sell,233565702
2024-08-21 13:07:20,42950.0,100,Sell,233565725
2024-08-21 13:07:26,42950.0,1000,Sell,233565870
2024-08-21 13:07:34,42950.0,500,Sell,233566046
2024-08-21 13:07:42,42950.0,100,Sell,233566282
2024-08-21 13:08:31,42950.0,100,Sell,233568004
2024-08-21 13:08:31,43000.0,500,Buy,233568003
2024-08-21 13:08:31,43000.0,500,Buy,233568002
2024-08-21 13:08:32,43000.0,1500,Buy,233568014
2024-08-21 13:08:32,43000.0,500,Buy,233568015
2024-08-21 13:08:36,42950.0,500,Sell,233568086
2024-08-21 13:08:59,43000.0,1000,Buy,233568657
2024-08-21 13:09:11,43000.0,1000,Buy,233569008
2024-08-21 13:09:15,43000.0,300,Buy,233569136
2024-08-21 13:09:16,43000.0,100,Buy,233569171
2024-08-21 13:09:26,43000.0,2100,Buy,233569449
2024-08-21 13:09:26,43000.0,1600,Buy,233569447
2024-08-21 13:09:26,43000.0,300,Buy,233569448
2024-08-21 13:09:36,43000.0,200,Sell,233569761
2024-08-21 13:09:39,43000.0,100,Buy,233569861
2024-08-21 13:09:42,43000.0,1000,Buy,233569957
2024-08-21 13:09:47,43000.0,1000,Buy,233570086
2024-08-21 13:09:50,43000.0,1000,Buy,233570211
2024-08-21 13:09:50,43000.0,200,Buy,233570210
2024-08-21 13:10:02,43000.0,300,Sell,233570466
2024-08-21 13:10:04,43050.0,200,Buy,233570496
2024-08-21 13:10:17,43000.0,100,Sell,233570790
2024-08-21 13:10:17,43000.0,1000,Sell,233570791
2024-08-21 13:10:24,43000.0,1000,Buy,233570966
2024-08-21 13:10:39,43000.0,900,Buy,233571383
2024-08-21 13:11:06,43000.0,100,Sell,233571980
2024-08-21 13:11:06,43000.0,100,Sell,233571981
2024-08-21 13:11:13,43000.0,400,Sell,233572200
2024-08-21 13:11:13,43000.0,100,Sell,233572201
2024-08-21 13:11:15,43050.0,2300,Buy,233572259
2024-08-21 13:11:15,43050.0,200,Buy,233572260
2024-08-21 13:11:15,43050.0,500,Buy,233572261
2024-08-21 13:11:25,43050.0,2000,Buy,233572490
2024-08-21 13:12:00,43100.0,100,Buy,233573412
2024-08-21 13:12:00,43050.0,500,Buy,233573410
2024-08-21 13:12:00,43050.0,1000,Buy,233573411
2024-08-21 13:12:27,43100.0,400,Buy,233574093
2024-08-21 13:12:27,43100.0,100,Buy,233574094
2024-08-21 13:12:27,43100.0,200,Buy,233574095
2024-08-21 13:12:27,43100.0,200,Buy,233574096
2024-08-21 13:12:27,43100.0,100,Buy,233574097
2024-08-21 13:12:50,43100.0,500,Buy,233574600
2024-08-21 13:12:55,43100.0,500,Buy,233574678
2024-08-21 13:13:07,43150.0,2400,Buy,233575023
2024-08-21 13:13:07,43150.0,1200,Buy,233575022
2024-08-21 13:13:07,43150.0,100,Buy,233575021
2024-08-21 13:13:07,43150.0,2000,Buy,233575020
2024-08-21 13:13:07,43100.0,1000,Buy,233575016
2024-08-21 13:13:07,43150.0,100,Buy,233575018
2024-08-21 13:13:07,43100.0,400,Buy,233575017
2024-08-21 13:13:07,43100.0,100,Buy,233575015
2024-08-21 13:13:07,43100.0,200,Buy,233575014
2024-08-21 13:13:07,43150.0,100,Buy,233575019
2024-08-21 13:13:34,43100.0,200,Buy,233575690
2024-08-21 13:13:41,43100.0,100,Buy,233575892
2024-08-21 13:13:52,43100.0,400,Buy,233576262
2024-08-21 13:13:57,43100.0,700,Buy,233576347
2024-08-21 13:13:57,43100.0,300,Buy,233576346
2024-08-21 13:14:04,43150.0,1000,Buy,233576495
2024-08-21 13:14:20,43150.0,1000,Buy,233577019
2024-08-21 13:14:24,43150.0,1800,Buy,233577113
2024-08-21 13:14:24,43150.0,300,Buy,233577114
2024-08-21 13:14:24,43150.0,2300,Buy,233577115
2024-08-21 13:14:34,43150.0,700,Buy,233577440
2024-08-21 13:14:34,43150.0,200,Buy,233577441
2024-08-21 13:14:34,43150.0,900,Buy,233577442
2024-08-21 13:14:35,43150.0,1000,Buy,233577461
2024-08-21 13:14:38,43150.0,1000,Buy,233577528
2024-08-21 13:14:38,43150.0,100,Buy,233577527
2024-08-21 13:14:50,43150.0,100,Sell,233577879
2024-08-21 13:14:50,43150.0,900,Sell,233577878
2024-08-21 13:15:05,43150.0,300,Buy,233578362
2024-08-21 13:15:05,43150.0,1000,Buy,233578363
2024-08-21 13:15:05,43150.0,1000,Buy,233578364
2024-08-21 13:15:14,43200.0,400,Buy,233578694
2024-08-21 13:15:21,43150.0,1000,Sell,233578853
2024-08-21 13:15:29,43150.0,100,Sell,233579130
2024-08-21 13:15:45,43150.0,100,Sell,233579617
2024-08-21 13:15:47,43150.0,300,Sell,233579646
2024-08-21 13:15:57,43150.0,500,Sell,233579917
2024-08-21 13:15:57,43150.0,1200,Sell,233579918
2024-08-21 13:16:06,43150.0,300,Buy,233580180
2024-08-21 13:16:06,43150.0,100,Buy,233580181
2024-08-21 13:16:16,43150.0,100,Sell,233580513
2024-08-21 13:16:18,43150.0,200,Sell,233580611
2024-08-21 13:16:24,43150.0,1000,Sell,233580738
2024-08-21 13:16:27,43150.0,300,Sell,233580822
2024-08-21 13:16:27,43150.0,100,Sell,233580823
2024-08-21 13:16:42,43150.0,100,Sell,233581367
2024-08-21 13:16:49,43200.0,2800,Buy,233581697
2024-08-21 13:16:49,43200.0,200,Buy,233581696
2024-08-21 13:16:49,43200.0,1000,Buy,233581695
2024-08-21 13:16:49,43200.0,1000,Buy,233581694
2024-08-21 13:16:49,43200.0,100,Buy,233581691
2024-08-21 13:16:49,43200.0,2000,Buy,233581692
2024-08-21 13:16:49,43200.0,600,Buy,233581690
2024-08-21 13:16:49,43150.0,100,Buy,233581689
2024-08-21 13:16:49,43200.0,100,Buy,233581693
2024-08-21 13:16:59,43200.0,500,Buy,233582107
2024-08-21 13:16:59,43200.0,500,Buy,233582106
2024-08-21 13:16:59,43200.0,1000,Buy,233582105
2024-08-21 13:16:59,43200.0,100,Buy,233582103
2024-08-21 13:16:59,43200.0,200,Buy,233582102
2024-08-21 13:16:59,43200.0,500,Buy,233582104
2024-08-21 13:16:59,43200.0,2200,Buy,233582101
2024-08-21 13:17:20,43200.0,100,Buy,233582700
2024-08-21 13:17:39,43150.0,500,Sell,233583306
2024-08-21 13:17:51,43150.0,500,Buy,233583590
2024-08-21 13:17:57,43150.0,700,Sell,233583739
2024-08-21 13:17:57,43150.0,300,Buy,233583754
2024-08-21 13:18:05,43150.0,200,Sell,233583944
2024-08-21 13:18:40,43150.0,100,Sell,233585261
2024-08-21 13:18:46,43200.0,300,Buy,233585433
2024-08-21 13:18:49,43150.0,500,Sell,233585510
2024-08-21 13:18:54,43150.0,300,Sell,233585673
2024-08-21 13:19:11,43200.0,1300,Buy,233586178
2024-08-21 13:19:11,43200.0,900,Buy,233586179
2024-08-21 13:19:19,43150.0,200,Sell,233586418
2024-08-21 13:19:19,43150.0,1300,Sell,233586419
2024-08-21 13:19:19,43150.0,500,Sell,233586420
2024-08-21 13:19:34,43150.0,100,Sell,233586849
2024-08-21 13:19:37,43150.0,200,Sell,233586922
2024-08-21 13:19:40,43200.0,100,Buy,233587005
2024-08-21 13:19:43,43200.0,200,Buy,233587122
2024-08-21 13:19:43,43200.0,500,Buy,233587121
2024-08-21 13:19:43,43200.0,200,Buy,233587120
2024-08-21 13:19:43,43200.0,200,Buy,233587116
2024-08-21 13:19:43,43200.0,500,Buy,233587118
2024-08-21 13:19:43,43200.0,100,Buy,233587119
2024-08-21 13:19:43,43200.0,1000,Buy,233587115
2024-08-21 13:19:43,43200.0,200,Buy,233587117
2024-08-21 13:19:52,43200.0,1000,Sell,233587513
2024-08-21 13:20:28,43200.0,500,Sell,233588657
2024-08-21 13:20:37,43200.0,600,Sell,233588935
2024-08-21 13:20:37,43200.0,1700,Sell,233588936
2024-08-21 13:20:37,43200.0,3500,Sell,233588937
2024-08-21 13:20:37,43200.0,1100,Sell,233588939
2024-08-21 13:20:37,43200.0,100,Sell,233588938
2024-08-21 13:20:39,43200.0,100,Sell,233589004
2024-08-21 13:20:41,43200.0,500,Sell,233589070
2024-08-21 13:20:45,43200.0,300,Sell,233589164
2024-08-21 13:20:45,43200.0,200,Sell,233589165
2024-08-21 13:20:51,43200.0,400,Buy,233589356
2024-08-21 13:20:52,43200.0,2100,Buy,233589381
2024-08-21 13:20:55,43200.0,100,Sell,233589444
2024-08-21 13:21:09,43200.0,100,Sell,233589937
2024-08-21 13:21:22,43200.0,2700,Sell,233590317
2024-08-21 13:21:22,43200.0,200,Sell,233590318
2024-08-21 13:21:26,43200.0,100,Buy,233590438
2024-08-21 13:21:26,43200.0,500,Buy,233590439
2024-08-21 13:21:27,43200.0,100,Sell,233590447
2024-08-21 13:21:58,43200.0,500,Sell,233591353
2024-08-21 13:22:00,43250.0,100,Buy,233591417
2024-08-21 13:22:01,43200.0,100,Sell,233591443
2024-08-21 13:22:11,43200.0,400,Sell,233591738
2024-08-21 13:22:14,43200.0,100,Sell,233591788
2024-08-21 13:22:18,43250.0,100,Buy,233591880
2024-08-21 13:22:19,43200.0,200,Sell,233591914
2024-08-21 13:22:24,43200.0,100,Sell,233592022
2024-08-21 13:22:27,43200.0,100,Sell,233592102
2024-08-21 13:22:29,43200.0,500,Sell,233592159
2024-08-21 13:22:40,43200.0,100,Sell,233592466
2024-08-21 13:22:49,43200.0,500,Sell,233592761
2024-08-21 13:22:49,43200.0,1000,Sell,233592788
2024-08-21 13:22:52,43200.0,100,Sell,233592865
2024-08-21 13:23:06,43200.0,400,Sell,233593432
2024-08-21 13:23:06,43200.0,400,Sell,233593430
2024-08-21 13:23:06,43200.0,600,Sell,233593429
2024-08-21 13:23:06,43200.0,100,Sell,233593431
2024-08-21 13:23:20,43200.0,400,Sell,233593821
2024-08-21 13:23:20,43200.0,100,Sell,233593822
2024-08-21 13:23:20,43200.0,100,Sell,233593823
2024-08-21 13:24:12,43150.0,500,Sell,233595627
2024-08-21 13:24:21,43200.0,100,Buy,233595878
2024-08-21 13:24:37,43200.0,500,Buy,233596382
2024-08-21 13:24:37,43200.0,200,Buy,233596381
2024-08-21 13:24:37,43200.0,2000,Buy,233596380
2024-08-21 13:24:37,43200.0,1000,Buy,233596379
2024-08-21 13:24:37,43200.0,200,Buy,233596378
2024-08-21 13:24:37,43200.0,500,Buy,233596375
2024-08-21 13:24:37,43200.0,300,Buy,233596376
2024-08-21 13:24:37,43200.0,400,Buy,233596374
2024-08-21 13:24:37,43200.0,500,Buy,233596373
2024-08-21 13:24:37,43200.0,300,Buy,233596372
2024-08-21 13:24:37,43200.0,2000,Buy,233596377
2024-08-21 13:24:38,43200.0,900,Sell,233596402
2024-08-21 13:24:51,43200.0,500,Buy,233596824
2024-08-21 13:24:53,43200.0,100,Buy,233596884
2024-08-21 13:24:53,43200.0,1600,Buy,233596883
2024-08-21 13:25:29,43200.0,100,Buy,233597771
2024-08-21 13:25:33,43150.0,300,Sell,233597856
2024-08-21 13:25:53,43150.0,2000,Sell,233598441
2024-08-21 13:26:01,43200.0,200,Buy,233598614
2024-08-21 13:26:35,43150.0,500,Sell,233599470
2024-08-21 13:26:41,43200.0,100,Buy,233599648
2024-08-21 13:27:38,43150.0,100,Sell,233601229
2024-08-21 13:27:39,43200.0,200,Buy,233601253
2024-08-21 13:27:39,43200.0,300,Buy,233601254
2024-08-21 13:27:41,43200.0,500,Buy,233601323
2024-08-21 13:27:41,43200.0,800,Buy,233601322
2024-08-21 13:27:41,43200.0,500,Buy,233601321
2024-08-21 13:27:41,43200.0,3000,Buy,233601320
2024-08-21 13:27:41,43200.0,100,Buy,233601319
2024-08-21 13:27:41,43200.0,1000,Buy,233601318
2024-08-21 13:27:41,43200.0,200,Buy,233601324
2024-08-21 13:27:41,43200.0,100,Buy,233601316
2024-08-21 13:27:41,43200.0,2000,Buy,233601315
2024-08-21 13:27:41,43200.0,300,Buy,233601314
2024-08-21 13:27:41,43200.0,100,Buy,233601313
2024-08-21 13:27:41,43200.0,100,Buy,233601312
2024-08-21 13:27:41,43200.0,100,Buy,233601311
2024-08-21 13:27:41,43200.0,1000,Buy,233601317
2024-08-21 13:27:41,43200.0,200,Buy,233601310
2024-08-21 13:27:43,43150.0,100,Sell,233601360
2024-08-21 13:27:44,43200.0,100,Buy,233601376
2024-08-21 13:27:51,43200.0,200,Buy,233601558
2024-08-21 13:27:55,43150.0,700,Sell,233601690
2024-08-21 13:27:55,43150.0,2300,Sell,233601691
2024-08-21 13:28:21,43150.0,200,Sell,233602359
2024-08-21 13:28:27,43150.0,100,Sell,233602600
2024-08-21 13:28:29,43150.0,500,Sell,233602672
2024-08-21 13:28:35,43150.0,1900,Sell,233602868
2024-08-21 13:28:35,43150.0,100,Sell,233602869
2024-08-21 13:28:35,43150.0,100,Sell,233602871
2024-08-21 13:28:35,43150.0,1400,Sell,233602872
2024-08-21 13:28:35,43150.0,500,Sell,233602870
2024-08-21 13:28:38,43150.0,100,Sell,233602958
2024-08-21 13:28:42,43150.0,500,Sell,233603094
2024-08-21 13:28:58,43150.0,200,Sell,233603424
2024-08-21 13:29:00,43150.0,300,Sell,233603460
2024-08-21 13:29:02,43200.0,100,Buy,233603502
2024-08-21 13:29:20,43100.0,300,Sell,233603956
2024-08-21 13:30:21,43100.0,100,Sell,233605355
2024-08-21 13:30:21,43100.0,700,Sell,233605354
2024-08-21 13:30:21,43100.0,100,Sell,233605356
2024-08-21 13:30:22,43100.0,200,Sell,233605362
2024-08-21 13:30:22,43100.0,2000,Sell,233605363
2024-08-21 13:30:22,43100.0,200,Sell,233605364
2024-08-21 13:30:46,43100.0,3000,Buy,233605967
2024-08-21 13:30:51,43100.0,5000,Buy,233606129
2024-08-21 13:31:09,43050.0,500,Sell,233606638
2024-08-21 13:31:09,43050.0,500,Sell,233606639
2024-08-21 13:31:22,43100.0,100,Buy,233607025
2024-08-21 13:31:51,43050.0,100,Sell,233608103
2024-08-21 13:31:57,43000.0,100,Sell,233608348
2024-08-21 13:31:57,43000.0,500,Sell,233608349
2024-08-21 13:31:57,43000.0,700,Sell,233608350
2024-08-21 13:31:57,43000.0,10000,Sell,233608351
2024-08-21 13:31:57,43000.0,200,Sell,233608355
2024-08-21 13:31:57,43000.0,100,Sell,233608353
2024-08-21 13:31:57,43000.0,500,Sell,233608354
2024-08-21 13:31:57,43000.0,400,Sell,233608347
2024-08-21 13:31:57,43000.0,700,Sell,233608356
2024-08-21 13:31:57,43000.0,500,Sell,233608352
2024-08-21 13:31:57,43000.0,100,Sell,233608346
2024-08-21 13:31:57,43000.0,500,Sell,233608343
2024-08-21 13:31:57,43000.0,100,Sell,233608344
2024-08-21 13:31:57,43000.0,5000,Sell,233608341
2024-08-21 13:31:57,43000.0,3000,Sell,233608340
2024-08-21 13:31:57,43000.0,100,Sell,233608339
2024-08-21 13:31:57,43000.0,1500,Sell,233608338
2024-08-21 13:31:57,43050.0,400,Sell,233608337
2024-08-21 13:31:57,43050.0,400,Sell,233608336
2024-08-21 13:31:57,43050.0,1500,Sell,233608335
2024-08-21 13:31:57,43050.0,400,Sell,233608334
2024-08-21 13:31:57,43000.0,2000,Sell,233608345
2024-08-21 13:31:57,43000.0,100,Sell,233608342
2024-08-21 13:32:13,43000.0,1000,Buy,233608851
2024-08-21 13:32:22,43000.0,200,Buy,233609200
2024-08-21 13:32:44,43050.0,200,Buy,233610110
2024-08-21 13:33:17,43000.0,300,Sell,233611066
2024-08-21 13:33:17,43000.0,100,Sell,233611067
2024-08-21 13:33:17,43000.0,500,Sell,233611065
2024-08-21 13:33:17,43000.0,500,Sell,233611064
2024-08-21 13:33:17,43000.0,300,Sell,233611060
2024-08-21 13:33:17,43000.0,100,Sell,233611063
2024-08-21 13:33:17,43000.0,200,Sell,233611062
2024-08-21 13:33:17,43000.0,1000,Sell,233611061
2024-08-21 13:33:20,43050.0,300,Buy,233611202
2024-08-21 13:33:42,43000.0,100,Sell,233611816
2024-08-21 13:33:42,43000.0,100,Sell,233611817
2024-08-21 13:33:42,43000.0,200,Sell,233611818
2024-08-21 13:33:43,43000.0,100,Buy,233611847
2024-08-21 13:33:51,43000.0,500,Buy,233612079
2024-08-21 13:33:51,43000.0,500,Buy,233612080
2024-08-21 13:33:52,43000.0,1000,Buy,233612099
2024-08-21 13:34:00,43000.0,1000,Buy,233612410
2024-08-21 13:34:01,43000.0,500,Buy,233612447
2024-08-21 13:34:11,43000.0,100,Buy,233612722
2024-08-21 13:34:21,43000.0,500,Buy,233613064
2024-08-21 13:34:25,43000.0,3000,Buy,233613156
2024-08-21 13:34:31,43000.0,400,Buy,233613329
2024-08-21 13:34:34,43000.0,100,Sell,233613411
2024-08-21 13:34:34,43000.0,900,Sell,233613412
2024-08-21 13:34:57,43000.0,4700,Sell,233614047
2024-08-21 13:34:57,43000.0,200,Sell,233614046
2024-08-21 13:34:57,43000.0,100,Sell,233614045
2024-08-21 13:35:04,43000.0,100,Sell,233614316
2024-08-21 13:35:14,43000.0,100,Sell,233614643
2024-08-21 13:35:14,43000.0,200,Sell,233614642
2024-08-21 13:35:19,43000.0,1000,Sell,233614804
2024-08-21 13:35:22,43000.0,100,Sell,233614886
2024-08-21 13:35:38,43050.0,1000,Buy,233615341
2024-08-21 13:35:49,43050.0,1100,Buy,233615634
2024-08-21 13:35:49,43050.0,500,Buy,233615635
2024-08-21 13:36:01,43000.0,1000,Sell,233615996
2024-08-21 13:36:01,43000.0,300,Sell,233615995
2024-08-21 13:36:01,43000.0,100,Sell,233615994
2024-08-21 13:36:01,43000.0,200,Sell,233615992
2024-08-21 13:36:01,43000.0,2300,Sell,233615990
2024-08-21 13:36:01,43050.0,400,Sell,233615989
2024-08-21 13:36:01,43000.0,200,Sell,233615993
2024-08-21 13:36:01,43000.0,500,Sell,233615991
2024-08-21 13:36:04,43100.0,100,Buy,233616046
2024-08-21 13:36:06,43050.0,200,Sell,233616114
2024-08-21 13:36:06,43000.0,700,Sell,233616115
2024-08-21 13:36:08,43000.0,500,Buy,233616182
2024-08-21 13:36:09,43000.0,500,Buy,233616212
2024-08-21 13:36:11,43000.0,1000,Buy,233616255
2024-08-21 13:36:17,43000.0,400,Buy,233616454
2024-08-21 13:36:24,43000.0,400,Buy,233616654
2024-08-21 13:36:37,43000.0,100,Buy,233617181
2024-08-21 13:36:40,43000.0,2500,Buy,233617373
2024-08-21 13:37:01,43000.0,500,Buy,233618167
2024-08-21 13:37:01,43000.0,100,Buy,233618169
2024-08-21 13:37:17,43000.0,1000,Buy,233618729
2024-08-21 13:37:25,43000.0,100,Buy,233618992
2024-08-21 13:37:27,42950.0,100,Sell,233619078
2024-08-21 13:37:28,43000.0,2000,Buy,233619094
2024-08-21 13:37:37,43000.0,10000,Buy,233619346
2024-08-21 13:37:40,43000.0,500,Buy,233619449
2024-08-21 13:37:41,43000.0,100,Buy,233619472
2024-08-21 13:37:42,43000.0,200,Buy,233619485
2024-08-21 13:37:46,43000.0,100,Buy,233619640
2024-08-21 13:37:48,43000.0,5000,Buy,233619717
2024-08-21 13:37:48,43000.0,500,Buy,233619718
2024-08-21 13:37:54,43000.0,200,Buy,233619957
2024-08-21 13:37:58,43000.0,700,Buy,233620172
2024-08-21 13:37:58,43000.0,2000,Buy,233620173
2024-08-21 13:38:25,43050.0,100,Buy,233621226
2024-08-21 13:38:50,43000.0,100,Sell,233622001
2024-08-21 13:38:57,43000.0,500,Sell,233622399
2024-08-21 13:39:24,43000.0,1000,Sell,233623496
2024-08-21 13:39:58,43000.0,9700,Sell,233625185
2024-08-21 13:39:58,43000.0,500,Sell,233625183
2024-08-21 13:39:58,43000.0,2000,Sell,233625182
2024-08-21 13:39:58,43000.0,200,Sell,233625184
2024-08-21 13:39:58,43000.0,100,Sell,233625180
2024-08-21 13:39:58,43000.0,100,Sell,233625179
2024-08-21 13:39:58,43000.0,700,Sell,233625178
2024-08-21 13:39:58,43000.0,700,Sell,233625177
2024-08-21 13:39:58,43000.0,1000,Sell,233625181
2024-08-21 13:40:00,43000.0,1000,Sell,233625267
2024-08-21 13:40:02,43000.0,200,Sell,233625461
2024-08-21 13:40:16,43000.0,1500,Sell,233625865
2024-08-21 13:40:17,42950.0,200,Sell,233625928
2024-08-21 13:40:17,42950.0,1000,Sell,233625929
2024-08-21 13:40:17,42950.0,1000,Sell,233625930
2024-08-21 13:40:17,42950.0,2500,Sell,233625931
2024-08-21 13:40:17,42950.0,100,Sell,233625932
2024-08-21 13:40:17,42950.0,100,Sell,233625927
2024-08-21 13:40:17,42950.0,1000,Sell,233625934
2024-08-21 13:40:17,42950.0,1000,Sell,233625935
2024-08-21 13:40:17,42950.0,100,Sell,233625936
2024-08-21 13:40:17,42950.0,700,Sell,233625937
2024-08-21 13:40:17,42950.0,200,Sell,233625933
2024-08-21 13:40:17,42950.0,100,Sell,233625926
2024-08-21 13:40:17,43000.0,200,Sell,233625918
2024-08-21 13:40:17,42950.0,1000,Sell,233625924
2024-08-21 13:40:17,43000.0,600,Sell,233625898
2024-08-21 13:40:17,43000.0,200,Sell,233625899
2024-08-21 13:40:17,43000.0,200,Sell,233625900
2024-08-21 13:40:17,43000.0,200,Sell,233625916
2024-08-21 13:40:17,43000.0,100,Sell,233625917
2024-08-21 13:40:17,42950.0,200,Sell,233625925
2024-08-21 13:40:17,43000.0,700,Sell,233625920
2024-08-21 13:40:17,42950.0,100,Sell,233625923
2024-08-21 13:40:17,43000.0,100,Sell,233625919
2024-08-21 13:40:17,43000.0,700,Sell,233625921
