time,price,volume,match_type
2024-08-12 09:15:01,40800.0,20900,ATO/ATC
2024-08-12 09:15:02,41000.0,500,Buy
2024-08-12 09:15:02,41000.0,500,Buy
2024-08-12 09:15:02,41000.0,200,Buy
2024-08-12 09:15:02,41000.0,2300,Buy
2024-08-12 09:15:02,40800.0,500,Sell
2024-08-12 09:15:11,40800.0,700,Sell
2024-08-12 09:15:22,40950.0,100,Buy
2024-08-12 09:15:27,40800.0,1000,Sell
2024-08-12 09:15:33,40800.0,300,Buy
2024-08-12 09:15:35,40800.0,2700,Buy
2024-08-12 09:15:37,40850.0,500,Sell
2024-08-12 09:15:39,40850.0,400,Sell
2024-08-12 09:15:44,40850.0,100,Sell
2024-08-12 09:15:48,40850.0,800,Sell
2024-08-12 09:15:50,40850.0,500,Sell
2024-08-12 09:15:50,40850.0,1200,Sell
2024-08-12 09:15:50,40850.0,1500,Sell
2024-08-12 09:15:54,40900.0,300,Buy
2024-08-12 09:15:55,40850.0,300,Sell
2024-08-12 09:15:57,40900.0,100,Buy
2024-08-12 09:16:04,40900.0,400,Sell
2024-08-12 09:16:09,40900.0,100,Buy
2024-08-12 09:16:30,40850.0,200,Sell
2024-08-12 09:16:30,40850.0,500,Sell
2024-08-12 09:16:40,40850.0,7300,Buy
2024-08-12 09:16:50,40750.0,2000,Sell
2024-08-12 09:17:32,40750.0,2000,Sell
2024-08-12 09:17:32,40750.0,300,Sell
2024-08-12 09:17:32,40750.0,100,Sell
2024-08-12 09:17:32,40750.0,100,Sell
2024-08-12 09:17:32,40750.0,300,Sell
2024-08-12 09:17:32,40750.0,100,Sell
2024-08-12 09:17:32,40750.0,100,Sell
2024-08-12 09:17:49,40750.0,200,Sell
2024-08-12 09:17:49,40750.0,300,Sell
2024-08-12 09:17:59,40750.0,200,Sell
2024-08-12 09:17:59,40750.0,300,Sell
2024-08-12 09:18:02,40750.0,200,Buy
2024-08-12 09:18:10,40750.0,100,Buy
2024-08-12 09:18:18,40750.0,500,Sell
2024-08-12 09:18:24,40750.0,1000,Sell
2024-08-12 09:18:26,40750.0,1100,Sell
2024-08-12 09:18:31,40700.0,5000,Sell
2024-08-12 09:18:31,40700.0,800,Sell
2024-08-12 09:18:31,40750.0,300,Sell
2024-08-12 09:18:31,40700.0,3000,Sell
2024-08-12 09:18:31,40750.0,1000,Sell
2024-08-12 09:18:31,40750.0,100,Sell
2024-08-12 09:18:31,40750.0,500,Sell
2024-08-12 09:18:31,40750.0,300,Sell
2024-08-12 09:18:31,40750.0,500,Sell
2024-08-12 09:18:41,40700.0,300,Sell
2024-08-12 09:18:42,40750.0,1000,Buy
2024-08-12 09:18:42,40800.0,800,Buy
2024-08-12 09:18:48,40750.0,1000,Sell
2024-08-12 09:18:48,40700.0,1600,Sell
2024-08-12 09:19:09,40700.0,200,Sell
2024-08-12 09:19:09,40700.0,300,Sell
2024-08-12 09:19:09,40750.0,100,Sell
2024-08-12 09:19:11,40700.0,100,Sell
2024-08-12 09:19:14,40800.0,200,Buy
2024-08-12 09:19:14,40800.0,500,Buy
2024-08-12 09:19:14,40800.0,200,Buy
2024-08-12 09:19:14,40800.0,700,Buy
2024-08-12 09:19:33,40800.0,200,Buy
2024-08-12 09:19:35,40750.0,5000,Sell
2024-08-12 09:19:55,40750.0,100,Sell
2024-08-12 09:20:05,40750.0,600,Sell
2024-08-12 09:20:06,40750.0,300,Sell
2024-08-12 09:20:06,40750.0,100,Sell
2024-08-12 09:20:08,40750.0,2000,Sell
2024-08-12 09:20:19,40750.0,200,Sell
2024-08-12 09:20:25,40800.0,100,Buy
2024-08-12 09:20:25,40800.0,500,Buy
2024-08-12 09:20:44,40750.0,1000,Sell
2024-08-12 09:20:44,40750.0,100,Sell
2024-08-12 09:20:44,40750.0,800,Sell
2024-08-12 09:20:44,40750.0,2000,Sell
2024-08-12 09:20:44,40750.0,800,Sell
2024-08-12 09:20:44,40750.0,5000,Sell
2024-08-12 09:20:55,40750.0,300,Buy
2024-08-12 09:20:55,40700.0,100,Sell
2024-08-12 09:20:55,40700.0,300,Sell
2024-08-12 09:20:55,40700.0,500,Sell
2024-08-12 09:20:55,40700.0,100,Sell
2024-08-12 09:21:04,40700.0,400,Sell
2024-08-12 09:21:04,40700.0,100,Sell
2024-08-12 09:21:04,40700.0,2000,Sell
2024-08-12 09:21:04,40700.0,100,Sell
2024-08-12 09:21:04,40700.0,500,Sell
2024-08-12 09:21:04,40700.0,5000,Sell
2024-08-12 09:21:04,40700.0,500,Sell
2024-08-12 09:21:04,40700.0,300,Sell
2024-08-12 09:21:04,40700.0,100,Sell
2024-08-12 09:21:06,40700.0,200,Sell
2024-08-12 09:21:07,40750.0,800,Buy
2024-08-12 09:21:07,40750.0,200,Buy
2024-08-12 09:21:07,40750.0,2700,Buy
2024-08-12 09:21:19,40750.0,500,Sell
2024-08-12 09:21:23,40750.0,3000,Sell
2024-08-12 09:21:24,40750.0,100,Sell
2024-08-12 09:21:36,40800.0,3000,Buy
2024-08-12 09:21:36,40800.0,500,Buy
2024-08-12 09:21:36,40800.0,200,Buy
2024-08-12 09:21:36,40800.0,100,Buy
2024-08-12 09:21:36,40800.0,200,Buy
2024-08-12 09:21:36,40800.0,1000,Buy
2024-08-12 09:21:38,40800.0,1800,Buy
2024-08-12 09:21:38,40800.0,1200,Buy
2024-08-12 09:21:47,40800.0,100,Buy
2024-08-12 09:21:49,40800.0,100,Buy
2024-08-12 09:21:49,40800.0,1000,Buy
2024-08-12 09:21:57,40850.0,4000,Buy
2024-08-12 09:21:57,40850.0,100,Buy
2024-08-12 09:22:18,40900.0,1000,Buy
2024-08-12 09:22:18,40900.0,2200,Buy
2024-08-12 09:22:18,40850.0,1300,Buy
2024-08-12 09:22:18,40900.0,500,Buy
2024-08-12 09:22:27,40900.0,800,Buy
2024-08-12 09:22:27,40900.0,200,Buy
2024-08-12 09:22:27,40900.0,400,Sell
2024-08-12 09:22:40,40900.0,500,Sell
2024-08-12 09:22:54,40900.0,500,Sell
2024-08-12 09:23:07,40950.0,1000,Buy
2024-08-12 09:23:08,40950.0,2400,Buy
2024-08-12 09:23:10,40950.0,2800,Buy
2024-08-12 09:23:10,40950.0,200,Buy
2024-08-12 09:23:10,40950.0,1500,Buy
2024-08-12 09:23:10,40950.0,100,Buy
2024-08-12 09:23:24,41000.0,200,Buy
2024-08-12 09:23:32,41000.0,1000,Buy
2024-08-12 09:23:33,41000.0,100,Sell
2024-08-12 09:23:33,41000.0,300,Sell
2024-08-12 09:23:33,41000.0,1000,Sell
2024-08-12 09:23:33,41000.0,100,Sell
2024-08-12 09:23:33,41000.0,1000,Sell
2024-08-12 09:23:33,41000.0,1000,Sell
2024-08-12 09:23:33,41000.0,1000,Sell
2024-08-12 09:23:33,41000.0,100,Sell
2024-08-12 09:23:33,41000.0,300,Sell
2024-08-12 09:23:33,41000.0,4300,Buy
2024-08-12 09:23:33,41000.0,500,Sell
2024-08-12 09:23:33,41000.0,1000,Sell
2024-08-12 09:23:48,41000.0,400,Sell
2024-08-12 09:23:54,41050.0,1500,Sell
2024-08-12 09:23:54,41050.0,100,Sell
2024-08-12 09:24:06,41050.0,2500,Sell
2024-08-12 09:24:06,41050.0,5400,Sell
2024-08-12 09:24:07,41100.0,100,Buy
2024-08-12 09:24:07,41100.0,500,Buy
2024-08-12 09:24:12,41100.0,2000,Buy
2024-08-12 09:24:15,41100.0,200,Buy
2024-08-12 09:24:21,41100.0,100,Buy
2024-08-12 09:24:21,41100.0,4000,Buy
2024-08-12 09:24:21,41100.0,200,Buy
2024-08-12 09:24:21,41100.0,1700,Buy
2024-08-12 09:24:21,41100.0,3000,Buy
2024-08-12 09:24:21,41100.0,300,Buy
2024-08-12 09:24:21,41100.0,1500,Buy
2024-08-12 09:24:25,41150.0,3000,Buy
2024-08-12 09:24:49,41300.0,5000,Buy
2024-08-12 09:24:53,41250.0,500,Sell
2024-08-12 09:24:53,41250.0,500,Sell
2024-08-12 09:25:24,41300.0,500,Sell
2024-08-12 09:25:24,41400.0,100,Buy
2024-08-12 09:25:36,41400.0,500,Buy
2024-08-12 09:25:36,41400.0,900,Buy
2024-08-12 09:25:36,41400.0,100,Buy
2024-08-12 09:25:36,41400.0,100,Buy
2024-08-12 09:25:36,41400.0,200,Buy
2024-08-12 09:25:36,41400.0,100,Buy
2024-08-12 09:25:37,41400.0,100,Sell
2024-08-12 09:25:39,41450.0,2000,Buy
2024-08-12 09:25:39,41450.0,500,Buy
2024-08-12 09:25:39,41450.0,1000,Buy
2024-08-12 09:25:39,41450.0,600,Buy
2024-08-12 09:25:43,41400.0,900,Sell
2024-08-12 09:25:43,41400.0,2100,Sell
2024-08-12 09:25:47,41500.0,100,Buy
2024-08-12 09:25:47,41500.0,100,Buy
2024-08-12 09:25:47,41500.0,100,Buy
2024-08-12 09:25:47,41500.0,500,Buy
2024-08-12 09:25:47,41500.0,100,Buy
2024-08-12 09:25:47,41500.0,300,Buy
2024-08-12 09:25:48,41500.0,900,Buy
2024-08-12 09:25:48,41500.0,300,Buy
2024-08-12 09:25:48,41500.0,300,Buy
2024-08-12 09:25:49,41500.0,100,Buy
2024-08-12 09:25:50,41500.0,400,Buy
2024-08-12 09:25:50,41500.0,200,Buy
2024-08-12 09:25:50,41500.0,500,Buy
2024-08-12 09:25:50,41500.0,2000,Buy
2024-08-12 09:25:50,41500.0,1800,Buy
2024-08-12 09:25:50,41500.0,100,Buy
2024-08-12 09:25:50,41500.0,100,Buy
2024-08-12 09:25:56,41500.0,100,Buy
2024-08-12 09:25:56,41500.0,300,Buy
2024-08-12 09:26:14,41550.0,100,Sell
2024-08-12 09:26:14,41550.0,100,Sell
2024-08-12 09:26:14,41550.0,200,Sell
2024-08-12 09:26:14,41550.0,500,Sell
2024-08-12 09:26:14,41550.0,100,Sell
2024-08-12 09:26:17,41600.0,200,Buy
2024-08-12 09:26:17,41600.0,100,Buy
2024-08-12 09:26:17,41600.0,700,Buy
2024-08-12 09:26:18,41600.0,1000,Buy
2024-08-12 09:26:21,41600.0,1700,Buy
2024-08-12 09:26:21,41600.0,500,Buy
2024-08-12 09:26:21,41600.0,700,Buy
2024-08-12 09:26:21,41600.0,100,Buy
2024-08-12 09:26:21,41600.0,800,Buy
2024-08-12 09:26:21,41600.0,500,Buy
2024-08-12 09:26:21,41600.0,200,Buy
2024-08-12 09:26:22,41600.0,600,Buy
2024-08-12 09:26:24,41600.0,1000,Sell
2024-08-12 09:26:25,41600.0,100,Sell
2024-08-12 09:26:25,41600.0,800,Sell
2024-08-12 09:26:25,41550.0,100,Sell
2024-08-12 09:26:26,41600.0,1900,Sell
2024-08-12 09:26:32,41600.0,800,Sell
2024-08-12 09:26:42,41650.0,200,Buy
2024-08-12 09:26:42,41650.0,200,Buy
2024-08-12 09:26:42,41650.0,100,Buy
2024-08-12 09:26:42,41650.0,500,Buy
2024-08-12 09:26:42,41650.0,200,Buy
2024-08-12 09:26:44,41650.0,100,Buy
2024-08-12 09:26:46,41600.0,200,Sell
2024-08-12 09:26:47,41650.0,400,Buy
2024-08-12 09:26:49,41650.0,700,Buy
2024-08-12 09:26:52,41600.0,100,Sell
2024-08-12 09:27:05,41650.0,1000,Buy
2024-08-12 09:27:10,41650.0,500,Buy
2024-08-12 09:27:15,41650.0,100,Buy
2024-08-12 09:27:15,41650.0,2200,Buy
2024-08-12 09:27:15,41650.0,100,Buy
2024-08-12 09:27:15,41650.0,1000,Buy
2024-08-12 09:27:15,41650.0,200,Buy
2024-08-12 09:27:16,41700.0,200,Buy
2024-08-12 09:27:16,41700.0,600,Buy
2024-08-12 09:27:16,41700.0,800,Buy
2024-08-12 09:27:16,41700.0,1000,Buy
2024-08-12 09:27:16,41700.0,2400,Buy
2024-08-12 09:27:20,41700.0,9400,Buy
2024-08-12 09:27:20,41700.0,5000,Buy
2024-08-12 09:27:20,41700.0,5000,Buy
2024-08-12 09:27:20,41700.0,500,Buy
2024-08-12 09:27:20,41700.0,100,Buy
2024-08-12 09:27:20,41650.0,300,Buy
2024-08-12 09:27:20,41650.0,200,Buy
2024-08-12 09:27:20,41650.0,700,Buy
2024-08-12 09:27:25,41650.0,100,Buy
2024-08-12 09:27:28,41650.0,100,Buy
2024-08-12 09:27:29,41700.0,200,Buy
2024-08-12 09:27:29,41700.0,100,Buy
2024-08-12 09:27:29,41650.0,600,Buy
2024-08-12 09:27:29,41650.0,500,Buy
2024-08-12 09:27:29,41700.0,900,Buy
2024-08-12 09:27:31,41650.0,600,Buy
2024-08-12 09:27:36,41650.0,500,Buy
2024-08-12 09:27:37,41650.0,4000,Buy
2024-08-12 09:27:40,41650.0,600,Buy
2024-08-12 09:27:41,41650.0,1000,Buy
2024-08-12 09:27:41,41650.0,200,Buy
2024-08-12 09:27:43,41650.0,3100,Sell
2024-08-12 09:27:51,41650.0,200,Sell
2024-08-12 09:28:03,41650.0,1400,Sell
2024-08-12 09:28:03,41650.0,100,Sell
2024-08-12 09:28:06,41700.0,300,Buy
2024-08-12 09:28:06,41700.0,200,Buy
2024-08-12 09:28:14,41700.0,1000,Buy
2024-08-12 09:28:14,41700.0,1000,Buy
2024-08-12 09:28:16,41700.0,2000,Buy
2024-08-12 09:28:16,41700.0,100,Buy
2024-08-12 09:28:16,41700.0,400,Buy
2024-08-12 09:28:16,41700.0,2000,Buy
2024-08-12 09:28:16,41700.0,300,Buy
2024-08-12 09:28:16,41700.0,200,Buy
2024-08-12 09:28:19,41650.0,100,Sell
2024-08-12 09:28:20,41650.0,200,Sell
2024-08-12 09:28:20,41650.0,500,Sell
2024-08-12 09:28:20,41650.0,1300,Sell
2024-08-12 09:28:24,41650.0,400,Sell
2024-08-12 09:28:46,41650.0,400,Sell
2024-08-12 09:28:46,41650.0,100,Sell
2024-08-12 09:28:51,41650.0,400,Sell
2024-08-12 09:28:51,41650.0,600,Sell
2024-08-12 09:28:55,41650.0,1000,Sell
2024-08-12 09:28:57,41650.0,300,Sell
2024-08-12 09:29:00,41650.0,1300,Sell
2024-08-12 09:29:00,41650.0,700,Sell
2024-08-12 09:29:01,41650.0,1000,Sell
2024-08-12 09:29:01,41650.0,2000,Sell
2024-08-12 09:29:01,41650.0,300,Sell
2024-08-12 09:29:02,41650.0,2000,Buy
2024-08-12 09:29:07,41650.0,300,Buy
2024-08-12 09:29:07,41650.0,100,Buy
2024-08-12 09:29:07,41650.0,700,Buy
2024-08-12 09:29:09,41650.0,100,Buy
2024-08-12 09:29:11,41650.0,800,Buy
2024-08-12 09:29:12,41650.0,900,Buy
2024-08-12 09:29:16,41600.0,900,Sell
2024-08-12 09:29:16,41600.0,3000,Sell
2024-08-12 09:29:16,41600.0,400,Sell
2024-08-12 09:29:16,41600.0,300,Sell
2024-08-12 09:29:16,41600.0,200,Sell
2024-08-12 09:29:16,41600.0,100,Sell
2024-08-12 09:29:16,41600.0,1000,Sell
2024-08-12 09:29:16,41600.0,100,Sell
2024-08-12 09:29:24,41600.0,500,Sell
2024-08-12 09:29:25,41600.0,100,Sell
2024-08-12 09:29:25,41600.0,500,Sell
2024-08-12 09:29:25,41600.0,400,Sell
2024-08-12 09:29:45,41550.0,300,Sell
2024-08-12 09:29:48,41600.0,100,Buy
2024-08-12 09:29:51,41550.0,200,Sell
2024-08-12 09:29:51,41550.0,2800,Sell
2024-08-12 09:29:53,41550.0,500,Sell
2024-08-12 09:29:53,41500.0,100,Sell
2024-08-12 09:29:55,41550.0,2000,Sell
2024-08-12 09:29:57,41550.0,200,Sell
2024-08-12 09:30:03,41550.0,1800,Sell
2024-08-12 09:30:06,41550.0,1000,Sell
2024-08-12 09:30:07,41550.0,300,Buy
2024-08-12 09:30:08,41550.0,1000,Buy
2024-08-12 09:30:15,41500.0,100,Sell
2024-08-12 09:30:15,41500.0,200,Sell
2024-08-12 09:30:15,41500.0,100,Sell
2024-08-12 09:30:15,41500.0,100,Sell
2024-08-12 09:30:23,41500.0,2600,Sell
2024-08-12 09:30:27,41500.0,5000,Sell
2024-08-12 09:30:29,41500.0,700,Sell
2024-08-12 09:30:31,41500.0,100,Sell
2024-08-12 09:30:35,41500.0,4400,Sell
2024-08-12 09:30:35,41500.0,4000,Sell
2024-08-12 09:30:35,41500.0,5000,Sell
2024-08-12 09:30:36,41550.0,800,Buy
2024-08-12 09:30:36,41550.0,200,Buy
2024-08-12 09:30:38,41500.0,100,Sell
2024-08-12 09:30:42,41500.0,100,Sell
2024-08-12 09:30:42,41500.0,200,Sell
2024-08-12 09:30:43,41500.0,500,Sell
2024-08-12 09:30:47,41550.0,2000,Buy
2024-08-12 09:30:48,41500.0,400,Sell
2024-08-12 09:30:49,41500.0,6900,Sell
2024-08-12 09:30:49,41500.0,400,Sell
2024-08-12 09:30:50,41500.0,500,Buy
2024-08-12 09:30:50,41500.0,200,Buy
2024-08-12 09:30:50,41500.0,2000,Buy
2024-08-12 09:30:52,41500.0,500,Buy
2024-08-12 09:31:03,41450.0,200,Sell
2024-08-12 09:31:13,41450.0,100,Sell
2024-08-12 09:31:14,41450.0,200,Sell
2024-08-12 09:31:18,41450.0,100,Buy
2024-08-12 09:31:31,41400.0,100,Sell
2024-08-12 09:31:44,41300.0,500,Sell
2024-08-12 09:31:44,41300.0,500,Sell
2024-08-12 09:31:44,41300.0,500,Sell
2024-08-12 09:31:44,41300.0,200,Sell
2024-08-12 09:31:50,41300.0,100,Buy
2024-08-12 09:31:53,41300.0,100,Buy
2024-08-12 09:31:58,41300.0,100,Buy
2024-08-12 09:32:13,41300.0,100,Buy
2024-08-12 09:32:14,41250.0,100,Sell
2024-08-12 09:32:26,41250.0,500,Sell
2024-08-12 09:32:28,41250.0,100,Buy
2024-08-12 09:32:45,41200.0,100,Sell
2024-08-12 09:32:49,41200.0,100,Sell
2024-08-12 09:32:50,41200.0,800,Sell
2024-08-12 09:32:52,41250.0,200,Buy
2024-08-12 09:32:52,41250.0,800,Buy
2024-08-12 09:32:54,41200.0,200,Buy
2024-08-12 09:32:54,41200.0,100,Sell
2024-08-12 09:32:54,41200.0,100,Buy
2024-08-12 09:32:54,41200.0,2500,Sell
2024-08-12 09:32:54,41200.0,100,Sell
2024-08-12 09:32:54,41200.0,500,Sell
2024-08-12 09:32:54,41200.0,1500,Sell
2024-08-12 09:33:33,41200.0,200,Sell
2024-08-12 09:33:34,41250.0,2800,Buy
2024-08-12 09:33:34,41250.0,200,Buy
2024-08-12 09:33:38,41200.0,100,Sell
2024-08-12 09:33:38,41200.0,800,Sell
2024-08-12 09:34:01,41200.0,100,Buy
2024-08-12 09:34:06,41200.0,100,Buy
2024-08-12 09:34:28,41100.0,2200,Sell
2024-08-12 09:34:28,41100.0,800,Sell
2024-08-12 09:34:32,41200.0,500,Buy
2024-08-12 09:34:37,41100.0,900,Sell
2024-08-12 09:34:45,41200.0,100,Buy
2024-08-12 09:34:51,41200.0,4300,Sell
2024-08-12 09:34:51,41200.0,100,Sell
2024-08-12 09:34:51,41200.0,100,Sell
2024-08-12 09:34:56,41200.0,500,Sell
2024-08-12 09:34:56,41200.0,500,Sell
2024-08-12 09:35:03,41200.0,200,Sell
2024-08-12 09:35:04,41200.0,100,Sell
2024-08-12 09:35:24,41250.0,300,Buy
2024-08-12 09:35:26,41250.0,300,Buy
2024-08-12 09:35:37,41250.0,1000,Buy
2024-08-12 09:35:38,41250.0,500,Buy
2024-08-12 09:36:00,41250.0,300,Buy
2024-08-12 09:36:00,41200.0,300,Sell
2024-08-12 09:36:05,41200.0,200,Sell
2024-08-12 09:36:19,41250.0,100,Buy
2024-08-12 09:36:22,41200.0,500,Sell
2024-08-12 09:36:31,41200.0,100,Sell
2024-08-12 09:37:08,41250.0,1000,Buy
2024-08-12 09:37:14,41250.0,300,Buy
2024-08-12 09:37:14,41250.0,1700,Buy
2024-08-12 09:37:17,41250.0,100,Buy
2024-08-12 09:37:34,41250.0,300,Buy
2024-08-12 09:37:36,41250.0,100,Buy
2024-08-12 09:37:36,41250.0,100,Buy
2024-08-12 09:37:36,41250.0,900,Buy
2024-08-12 09:37:37,41250.0,100,Buy
2024-08-12 09:37:49,41250.0,1700,Buy
2024-08-12 09:37:53,41250.0,200,Buy
2024-08-12 09:38:02,41250.0,100,Buy
2024-08-12 09:38:06,41200.0,400,Sell
2024-08-12 09:38:24,41250.0,500,Buy
2024-08-12 09:38:28,41200.0,300,Sell
2024-08-12 09:38:37,41250.0,500,Buy
2024-08-12 09:38:42,41250.0,1000,Buy
2024-08-12 09:39:04,41250.0,1000,Buy
2024-08-12 09:39:47,41200.0,300,Sell
2024-08-12 09:39:51,41250.0,200,Sell
2024-08-12 09:39:51,41200.0,800,Sell
2024-08-12 09:39:58,41300.0,200,Buy
2024-08-12 09:40:03,41200.0,200,Sell
2024-08-12 09:40:10,41300.0,300,Buy
2024-08-12 09:40:10,41300.0,100,Buy
2024-08-12 09:40:14,41300.0,200,Buy
2024-08-12 09:40:33,41300.0,200,Buy
2024-08-12 09:40:34,41200.0,100,Sell
2024-08-12 09:40:34,41200.0,500,Sell
2024-08-12 09:40:34,41200.0,4100,Sell
2024-08-12 09:40:34,41200.0,300,Sell
2024-08-12 09:40:44,41300.0,200,Buy
2024-08-12 09:40:50,41200.0,900,Sell
2024-08-12 09:40:50,41200.0,200,Sell
2024-08-12 09:40:50,41200.0,1000,Sell
2024-08-12 09:40:50,41200.0,200,Sell
2024-08-12 09:40:50,41250.0,800,Buy
2024-08-12 09:40:50,41300.0,500,Buy
2024-08-12 09:40:50,41300.0,100,Buy
2024-08-12 09:40:50,41300.0,300,Buy
2024-08-12 09:40:50,41200.0,900,Sell
2024-08-12 09:40:55,41200.0,300,Sell
2024-08-12 09:41:33,41200.0,800,Sell
2024-08-12 09:41:33,41200.0,100,Sell
2024-08-12 09:41:52,41200.0,500,Sell
2024-08-12 09:42:13,41200.0,800,Sell
2024-08-12 09:42:27,41200.0,500,Sell
2024-08-12 09:42:27,41200.0,100,Sell
2024-08-12 09:42:27,41200.0,700,Sell
2024-08-12 09:42:27,41200.0,300,Sell
2024-08-12 09:42:27,41200.0,300,Sell
2024-08-12 09:42:27,41200.0,100,Sell
2024-08-12 09:42:34,41200.0,1000,Sell
2024-08-12 09:42:37,41200.0,200,Sell
2024-08-12 09:42:42,41200.0,100,Sell
2024-08-12 09:43:24,41200.0,2000,Sell
2024-08-12 09:43:33,41200.0,500,Sell
2024-08-12 09:43:33,41200.0,200,Sell
2024-08-12 09:43:34,41200.0,200,Buy
2024-08-12 09:43:44,41200.0,100,Buy
2024-08-12 09:44:21,41200.0,100,Sell
2024-08-12 09:44:21,41200.0,100,Sell
2024-08-12 09:44:26,41200.0,500,Sell
2024-08-12 09:44:36,41200.0,200,Sell
2024-08-12 09:44:36,41200.0,3000,Sell
2024-08-12 09:44:36,41200.0,200,Sell
2024-08-12 09:45:10,41150.0,1000,Sell
2024-08-12 09:45:10,41150.0,500,Sell
2024-08-12 09:46:18,41150.0,1000,Sell
2024-08-12 09:46:38,41150.0,1000,Sell
2024-08-12 09:46:38,41150.0,100,Sell
2024-08-12 09:46:38,41150.0,500,Sell
2024-08-12 09:46:38,41150.0,400,Sell
2024-08-12 09:46:42,41150.0,100,Sell
2024-08-12 09:46:42,41150.0,500,Sell
2024-08-12 09:46:42,41150.0,200,Sell
2024-08-12 09:47:05,41150.0,700,Buy
2024-08-12 09:47:05,41150.0,300,Buy
2024-08-12 09:47:20,41150.0,200,Buy
2024-08-12 09:47:20,41150.0,100,Buy
2024-08-12 09:47:20,41150.0,100,Buy
2024-08-12 09:47:20,41150.0,100,Buy
2024-08-12 09:47:42,41150.0,400,Buy
2024-08-12 09:47:42,41150.0,100,Buy
2024-08-12 09:47:46,41100.0,500,Sell
2024-08-12 09:47:48,41150.0,400,Buy
2024-08-12 09:47:48,41150.0,100,Buy
2024-08-12 09:47:51,41150.0,400,Buy
2024-08-12 09:47:51,41150.0,100,Buy
2024-08-12 09:48:21,41100.0,5000,Sell
2024-08-12 09:48:30,41100.0,500,Sell
2024-08-12 09:48:46,41100.0,2400,Sell
2024-08-12 09:48:46,41100.0,100,Sell
2024-08-12 09:48:46,41100.0,500,Sell
2024-08-12 09:48:46,41100.0,500,Sell
2024-08-12 09:48:46,41100.0,100,Sell
2024-08-12 09:48:46,41100.0,100,Sell
2024-08-12 09:48:46,41100.0,100,Sell
2024-08-12 09:48:46,41100.0,300,Sell
2024-08-12 09:48:46,41100.0,500,Sell
2024-08-12 09:48:46,41100.0,200,Sell
2024-08-12 09:48:46,41100.0,100,Sell
2024-08-12 09:48:46,41100.0,100,Sell
2024-08-12 09:48:47,41100.0,500,Sell
2024-08-12 09:49:27,41100.0,1700,Sell
2024-08-12 09:49:28,41100.0,900,Sell
2024-08-12 09:49:39,41100.0,3000,Sell
2024-08-12 09:49:45,41100.0,1000,Sell
2024-08-12 09:49:59,41100.0,100,Sell
2024-08-12 09:50:01,41100.0,400,Sell
2024-08-12 09:50:02,41150.0,400,Buy
2024-08-12 09:50:02,41150.0,200,Buy
2024-08-12 09:50:02,41150.0,500,Buy
2024-08-12 09:50:02,41150.0,400,Buy
2024-08-12 09:50:02,41150.0,100,Buy
2024-08-12 09:50:02,41150.0,400,Buy
2024-08-12 09:50:04,41100.0,100,Sell
2024-08-12 09:50:04,41100.0,100,Sell
2024-08-12 09:50:04,41100.0,1000,Sell
2024-08-12 09:50:41,41100.0,200,Buy
2024-08-12 09:51:10,41050.0,500,Sell
2024-08-12 09:51:10,41050.0,100,Sell
2024-08-12 09:51:21,41050.0,900,Sell
2024-08-12 09:51:21,41050.0,1000,Sell
2024-08-12 09:51:21,41050.0,100,Sell
2024-08-12 09:51:24,41050.0,100,Sell
2024-08-12 09:51:34,41050.0,100,Sell
2024-08-12 09:51:42,41050.0,100,Sell
2024-08-12 09:51:42,41050.0,500,Sell
2024-08-12 09:51:42,41050.0,100,Sell
2024-08-12 09:51:42,41050.0,500,Sell
2024-08-12 09:51:42,41050.0,300,Sell
2024-08-12 09:51:42,41050.0,4700,Sell
2024-08-12 09:51:42,41050.0,300,Sell
2024-08-12 09:51:53,41050.0,400,Sell
2024-08-12 09:51:54,41050.0,5000,Sell
2024-08-12 09:51:58,41050.0,100,Sell
2024-08-12 09:52:02,41050.0,100,Sell
2024-08-12 09:52:02,41050.0,1800,Sell
2024-08-12 09:52:02,41050.0,2400,Sell
2024-08-12 09:52:02,41050.0,100,Sell
2024-08-12 09:52:34,41100.0,600,Buy
2024-08-12 09:52:34,41100.0,700,Buy
2024-08-12 09:52:37,41050.0,1000,Sell
2024-08-12 09:53:22,41050.0,500,Sell
2024-08-12 09:53:37,41100.0,100,Buy
2024-08-12 09:53:52,41050.0,200,Sell
2024-08-12 09:53:56,41100.0,300,Buy
2024-08-12 09:53:56,41100.0,100,Buy
2024-08-12 09:53:56,41100.0,200,Buy
2024-08-12 09:53:56,41100.0,100,Buy
2024-08-12 09:54:08,41100.0,100,Buy
2024-08-12 09:54:08,41100.0,100,Buy
2024-08-12 09:54:08,41100.0,100,Buy
2024-08-12 09:54:19,41100.0,200,Buy
2024-08-12 09:54:27,41050.0,1500,Sell
2024-08-12 09:54:27,41050.0,1000,Sell
2024-08-12 09:54:27,41050.0,1000,Sell
2024-08-12 09:54:47,41100.0,100,Sell
2024-08-12 09:54:47,41100.0,1000,Sell
2024-08-12 09:54:47,41100.0,500,Sell
2024-08-12 09:54:47,41050.0,1000,Sell
2024-08-12 09:54:47,41050.0,600,Sell
2024-08-12 09:54:47,41050.0,100,Sell
2024-08-12 09:54:47,41100.0,1700,Sell
2024-08-12 09:54:47,41050.0,300,Sell
2024-08-12 09:54:57,41100.0,1000,Sell
2024-08-12 09:55:03,41100.0,100,Buy
2024-08-12 09:55:03,41100.0,300,Buy
2024-08-12 09:55:10,41100.0,100,Buy
2024-08-12 09:55:12,41050.0,100,Sell
2024-08-12 09:55:28,41100.0,100,Buy
2024-08-12 09:55:29,41050.0,2200,Sell
2024-08-12 09:55:53,41050.0,1800,Sell
2024-08-12 09:55:53,41050.0,200,Sell
2024-08-12 09:56:44,41000.0,100,Sell
2024-08-12 09:56:44,41000.0,500,Sell
2024-08-12 09:56:44,41000.0,400,Sell
2024-08-12 09:56:45,41050.0,100,Buy
2024-08-12 09:56:50,41000.0,200,Sell
2024-08-12 09:56:50,41000.0,600,Sell
2024-08-12 09:56:50,41000.0,1200,Sell
2024-08-12 09:57:04,41000.0,400,Sell
2024-08-12 09:57:06,41000.0,3400,Sell
2024-08-12 09:57:06,41000.0,100,Sell
2024-08-12 09:57:06,41000.0,500,Sell
2024-08-12 09:57:06,41000.0,600,Sell
2024-08-12 09:57:06,41000.0,800,Sell
2024-08-12 09:57:18,41000.0,1000,Sell
2024-08-12 09:57:27,41000.0,100,Sell
2024-08-12 09:57:35,41000.0,100,Sell
2024-08-12 09:57:35,41000.0,500,Sell
2024-08-12 09:57:35,41000.0,100,Sell
2024-08-12 09:57:35,41000.0,1100,Sell
2024-08-12 09:57:35,41000.0,200,Sell
2024-08-12 09:58:02,41000.0,100,Sell
2024-08-12 09:58:02,41000.0,100,Sell
2024-08-12 09:58:02,41000.0,100,Sell
2024-08-12 09:58:02,41000.0,200,Sell
2024-08-12 09:58:02,41000.0,1000,Sell
2024-08-12 09:58:02,41000.0,1000,Sell
2024-08-12 09:58:02,41000.0,100,Sell
2024-08-12 09:58:02,41000.0,100,Sell
2024-08-12 09:58:02,41000.0,100,Sell
2024-08-12 09:58:02,41000.0,200,Sell
2024-08-12 09:58:02,41000.0,400,Sell
2024-08-12 09:58:02,41000.0,100,Sell
2024-08-12 09:58:02,41000.0,200,Sell
2024-08-12 09:58:09,40950.0,1400,Sell
2024-08-12 09:58:30,40950.0,600,Sell
2024-08-12 09:58:30,40950.0,500,Sell
2024-08-12 09:58:30,40950.0,200,Sell
2024-08-12 09:58:30,40950.0,100,Sell
2024-08-12 09:58:30,40950.0,100,Sell
2024-08-12 09:58:30,40950.0,1500,Sell
2024-08-12 09:58:40,40950.0,500,Sell
2024-08-12 09:58:40,40950.0,500,Sell
2024-08-12 09:59:15,41000.0,100,Buy
2024-08-12 09:59:15,41000.0,2700,Buy
2024-08-12 09:59:15,41000.0,300,Buy
2024-08-12 09:59:31,41000.0,100,Sell
2024-08-12 09:59:32,41000.0,1000,Sell
2024-08-12 09:59:39,41000.0,800,Sell
2024-08-12 09:59:39,41000.0,200,Sell
2024-08-12 09:59:41,41000.0,300,Buy
2024-08-12 09:59:43,41000.0,700,Buy
2024-08-12 09:59:43,41000.0,1200,Buy
2024-08-12 09:59:44,41000.0,300,Sell
2024-08-12 10:00:15,41000.0,100,Sell
2024-08-12 10:00:32,41000.0,600,Sell
2024-08-12 10:00:36,41000.0,500,Sell
2024-08-12 10:00:39,41000.0,100,Sell
2024-08-12 10:00:41,41000.0,900,Sell
2024-08-12 10:01:11,41050.0,300,Buy
2024-08-12 10:01:24,41050.0,6500,Buy
2024-08-12 10:01:51,41050.0,400,Buy
2024-08-12 10:01:53,41000.0,1000,Sell
2024-08-12 10:02:02,41000.0,200,Sell
2024-08-12 10:02:02,41000.0,300,Sell
2024-08-12 10:02:02,41000.0,200,Sell
2024-08-12 10:02:03,41000.0,1100,Sell
2024-08-12 10:02:03,41000.0,300,Sell
2024-08-12 10:02:03,41000.0,2900,Sell
2024-08-12 10:02:07,41000.0,100,Buy
2024-08-12 10:02:07,41000.0,1000,Buy
2024-08-12 10:02:07,41000.0,1000,Buy
2024-08-12 10:02:07,41000.0,1000,Buy
2024-08-12 10:02:07,41000.0,300,Buy
2024-08-12 10:02:16,40950.0,100,Sell
2024-08-12 10:02:35,40950.0,1000,Sell
2024-08-12 10:02:40,40950.0,1000,Sell
2024-08-12 10:02:40,40950.0,500,Sell
2024-08-12 10:02:40,40950.0,1000,Sell
2024-08-12 10:02:47,40950.0,100,Sell
2024-08-12 10:03:10,40950.0,400,Sell
2024-08-12 10:03:10,40950.0,2000,Sell
2024-08-12 10:03:10,40950.0,500,Sell
2024-08-12 10:03:10,40950.0,100,Sell
2024-08-12 10:03:36,40950.0,100,Sell
2024-08-12 10:03:43,40950.0,100,Sell
2024-08-12 10:03:43,40950.0,1700,Sell
2024-08-12 10:03:43,40950.0,100,Sell
2024-08-12 10:03:43,40950.0,100,Sell
2024-08-12 10:04:03,40950.0,100,Sell
2024-08-12 10:04:03,40950.0,200,Sell
2024-08-12 10:04:03,40950.0,300,Sell
2024-08-12 10:04:03,40950.0,1000,Sell
2024-08-12 10:04:03,40950.0,5000,Sell
2024-08-12 10:04:20,40950.0,100,Buy
2024-08-12 10:04:20,40950.0,400,Buy
2024-08-12 10:04:40,40950.0,200,Buy
2024-08-12 10:04:47,40950.0,100,Buy
2024-08-12 10:05:10,40950.0,200,Buy
2024-08-12 10:05:14,40950.0,100,Buy
2024-08-12 10:05:40,40950.0,300,Buy
2024-08-12 10:05:40,40950.0,100,Buy
2024-08-12 10:05:40,40950.0,100,Buy
2024-08-12 10:05:40,40950.0,300,Sell
2024-08-12 10:05:40,41000.0,2600,Sell
2024-08-12 10:05:40,41000.0,100,Sell
2024-08-12 10:05:40,41000.0,100,Sell
2024-08-12 10:05:40,41000.0,100,Sell
2024-08-12 10:05:40,41000.0,300,Sell
2024-08-12 10:05:40,41000.0,500,Sell
2024-08-12 10:06:11,41000.0,300,Sell
2024-08-12 10:06:51,41000.0,100,Sell
2024-08-12 10:06:56,41000.0,100,Buy
2024-08-12 10:07:31,41000.0,100,Buy
2024-08-12 10:07:39,41000.0,100,Buy
2024-08-12 10:07:39,41000.0,100,Buy
2024-08-12 10:07:44,41000.0,100,Buy
2024-08-12 10:08:20,41000.0,300,Sell
2024-08-12 10:08:20,41000.0,300,Sell
2024-08-12 10:08:20,41000.0,400,Sell
2024-08-12 10:08:20,41000.0,800,Sell
2024-08-12 10:08:20,41000.0,1200,Sell
2024-08-12 10:08:20,41000.0,100,Sell
2024-08-12 10:08:20,41000.0,100,Sell
2024-08-12 10:08:28,41000.0,100,Sell
2024-08-12 10:08:33,41000.0,300,Sell
2024-08-12 10:08:39,41000.0,100,Sell
2024-08-12 10:09:56,41000.0,200,Sell
2024-08-12 10:10:59,41050.0,4500,Buy
2024-08-12 10:11:13,41000.0,200,Sell
2024-08-12 10:11:21,41050.0,5000,Buy
2024-08-12 10:11:29,41050.0,5000,Buy
2024-08-12 10:11:34,41050.0,5000,Buy
2024-08-12 10:11:39,41050.0,900,Buy
2024-08-12 10:11:42,41050.0,100,Buy
2024-08-12 10:11:46,41050.0,500,Buy
2024-08-12 10:11:55,41050.0,200,Buy
2024-08-12 10:12:01,41050.0,1000,Buy
2024-08-12 10:12:02,41050.0,1100,Buy
2024-08-12 10:12:02,41050.0,100,Buy
2024-08-12 10:12:03,41050.0,200,Buy
2024-08-12 10:12:03,41050.0,500,Buy
2024-08-12 10:12:03,41050.0,500,Buy
2024-08-12 10:12:03,41050.0,100,Buy
2024-08-12 10:12:48,41100.0,200,Buy
2024-08-12 10:12:48,41100.0,700,Buy
2024-08-12 10:12:48,41100.0,100,Buy
2024-08-12 10:12:54,41100.0,100,Buy
2024-08-12 10:12:57,41100.0,1000,Buy
2024-08-12 10:13:01,41100.0,1000,Buy
2024-08-12 10:13:01,41100.0,300,Buy
2024-08-12 10:13:01,41100.0,700,Buy
2024-08-12 10:13:01,41100.0,300,Buy
2024-08-12 10:13:10,41150.0,4500,Buy
2024-08-12 10:13:10,41150.0,500,Buy
2024-08-12 10:13:15,41150.0,100,Buy
2024-08-12 10:13:17,41100.0,1000,Sell
2024-08-12 10:14:19,41150.0,400,Buy
2024-08-12 10:14:19,41150.0,300,Buy
2024-08-12 10:15:04,41200.0,200,Buy
2024-08-12 10:15:04,41200.0,1000,Buy
2024-08-12 10:15:04,41200.0,100,Buy
2024-08-12 10:15:04,41200.0,1600,Buy
2024-08-12 10:15:04,41200.0,1000,Buy
2024-08-12 10:15:04,41200.0,200,Buy
2024-08-12 10:15:04,41200.0,100,Buy
2024-08-12 10:15:11,41200.0,500,Sell
2024-08-12 10:15:20,41250.0,200,Buy
2024-08-12 10:15:20,41250.0,300,Buy
2024-08-12 10:15:24,41250.0,200,Buy
2024-08-12 10:15:31,41250.0,100,Buy
2024-08-12 10:15:33,41250.0,500,Buy
2024-08-12 10:15:37,41250.0,2000,Buy
2024-08-12 10:15:39,41250.0,700,Sell
2024-08-12 10:16:06,41400.0,100,Buy
2024-08-12 10:16:06,41400.0,100,Buy
2024-08-12 10:16:06,41400.0,1000,Buy
2024-08-12 10:16:06,41300.0,100,Buy
2024-08-12 10:16:06,41300.0,100,Buy
2024-08-12 10:16:06,41300.0,1000,Buy
2024-08-12 10:16:06,41300.0,500,Buy
2024-08-12 10:16:06,41350.0,100,Buy
2024-08-12 10:16:12,41400.0,100,Sell
2024-08-12 10:16:12,41400.0,100,Sell
2024-08-12 10:16:12,41400.0,500,Sell
2024-08-12 10:16:22,41450.0,500,Buy
2024-08-12 10:16:25,41450.0,500,Buy
2024-08-12 10:16:25,41500.0,500,Buy
2024-08-12 10:16:25,41450.0,2000,Buy
2024-08-12 10:16:42,41500.0,100,Buy
2024-08-12 10:16:42,41500.0,100,Buy
2024-08-12 10:16:42,41500.0,100,Buy
2024-08-12 10:16:42,41500.0,100,Buy
2024-08-12 10:16:42,41500.0,100,Buy
2024-08-12 10:16:42,41500.0,100,Buy
2024-08-12 10:16:58,41450.0,500,Sell
2024-08-12 10:17:01,41500.0,2100,Buy
2024-08-12 10:17:01,41500.0,500,Buy
2024-08-12 10:17:01,41500.0,100,Buy
2024-08-12 10:17:01,41500.0,1200,Buy
2024-08-12 10:17:01,41500.0,200,Buy
2024-08-12 10:17:01,41500.0,100,Buy
2024-08-12 10:17:01,41500.0,200,Buy
2024-08-12 10:17:01,41500.0,500,Buy
2024-08-12 10:17:01,41500.0,5000,Buy
2024-08-12 10:17:10,41500.0,5000,Buy
2024-08-12 10:17:16,41450.0,300,Sell
2024-08-12 10:17:18,41500.0,300,Buy
2024-08-12 10:17:40,41450.0,200,Sell
2024-08-12 10:17:40,41450.0,300,Sell
2024-08-12 10:17:45,41450.0,100,Buy
2024-08-12 10:18:13,41450.0,100,Buy
2024-08-12 10:18:29,41450.0,100,Buy
2024-08-12 10:18:29,41450.0,700,Buy
2024-08-12 10:18:29,41450.0,100,Buy
2024-08-12 10:18:29,41450.0,200,Buy
2024-08-12 10:18:29,41450.0,300,Buy
2024-08-12 10:18:29,41450.0,500,Buy
2024-08-12 10:18:29,41450.0,500,Buy
2024-08-12 10:18:29,41450.0,500,Buy
2024-08-12 10:18:29,41450.0,100,Buy
2024-08-12 10:18:54,41350.0,100,Sell
2024-08-12 10:19:04,41350.0,100,Buy
2024-08-12 10:19:04,41450.0,1800,Buy
2024-08-12 10:19:04,41350.0,100,Buy
2024-08-12 10:19:11,41300.0,400,Sell
2024-08-12 10:20:23,41300.0,100,Sell
2024-08-12 10:20:23,41300.0,100,Sell
2024-08-12 10:21:29,41400.0,200,Buy
2024-08-12 10:21:44,41400.0,300,Buy
2024-08-12 10:22:13,41400.0,100,Buy
2024-08-12 10:22:13,41400.0,100,Buy
2024-08-12 10:24:16,41400.0,100,Buy
2024-08-12 10:25:29,41400.0,200,Buy
2024-08-12 10:25:29,41400.0,500,Buy
2024-08-12 10:25:29,41400.0,100,Buy
2024-08-12 10:25:29,41400.0,1200,Buy
2024-08-12 10:25:29,41350.0,200,Buy
2024-08-12 10:25:31,41300.0,100,Sell
2024-08-12 10:25:31,41300.0,100,Sell
2024-08-12 10:25:36,41400.0,500,Buy
2024-08-12 10:25:43,41400.0,100,Buy
2024-08-12 10:25:52,41400.0,300,Buy
2024-08-12 10:26:07,41400.0,100,Buy
2024-08-12 10:26:07,41400.0,1000,Buy
2024-08-12 10:26:07,41400.0,1200,Buy
2024-08-12 10:26:07,41400.0,100,Buy
2024-08-12 10:26:07,41400.0,1000,Buy
2024-08-12 10:26:07,41400.0,200,Buy
2024-08-12 10:26:07,41400.0,400,Buy
2024-08-12 10:26:29,41400.0,200,Buy
2024-08-12 10:26:30,41400.0,500,Buy
2024-08-12 10:26:30,41400.0,300,Buy
2024-08-12 10:26:43,41450.0,5500,Buy
2024-08-12 10:26:43,41400.0,1000,Sell
2024-08-12 10:26:43,41450.0,2500,Buy
2024-08-12 10:26:43,41450.0,2000,Buy
2024-08-12 10:26:48,41450.0,100,Buy
2024-08-12 10:27:01,41400.0,100,Sell
2024-08-12 10:27:23,41400.0,800,Sell
2024-08-12 10:27:35,41450.0,400,Buy
2024-08-12 10:27:35,41450.0,100,Buy
2024-08-12 10:27:35,41450.0,100,Buy
2024-08-12 10:27:35,41450.0,1000,Buy
2024-08-12 10:27:35,41450.0,100,Buy
2024-08-12 10:27:50,41450.0,100,Sell
2024-08-12 10:27:53,41450.0,100,Sell
2024-08-12 10:28:27,41450.0,1100,Buy
2024-08-12 10:28:37,41400.0,3000,Sell
2024-08-12 10:28:46,41400.0,300,Sell
2024-08-12 10:28:51,41400.0,500,Sell
2024-08-12 10:28:57,41400.0,400,Sell
2024-08-12 10:28:59,41400.0,1000,Sell
2024-08-12 10:29:07,41400.0,1000,Sell
2024-08-12 10:29:10,41400.0,300,Buy
2024-08-12 10:29:10,41400.0,1100,Buy
2024-08-12 10:29:10,41400.0,1000,Buy
2024-08-12 10:29:16,41400.0,600,Sell
2024-08-12 10:29:16,41400.0,100,Sell
2024-08-12 10:29:36,41450.0,3900,Sell
2024-08-12 10:29:36,41450.0,500,Sell
2024-08-12 10:29:36,41450.0,100,Sell
2024-08-12 10:29:40,41450.0,100,Sell
2024-08-12 10:30:11,41450.0,100,Sell
2024-08-12 10:30:18,41450.0,1000,Sell
2024-08-12 10:30:31,41450.0,500,Sell
2024-08-12 10:30:31,41450.0,4300,Sell
2024-08-12 10:30:31,41450.0,200,Sell
2024-08-12 10:30:49,41450.0,500,Buy
2024-08-12 10:30:49,41450.0,100,Buy
2024-08-12 10:31:01,41450.0,9000,Buy
2024-08-12 10:31:49,41450.0,400,Buy
2024-08-12 10:31:49,41450.0,200,Buy
2024-08-12 10:32:14,41450.0,1800,Buy
2024-08-12 10:32:14,41450.0,1200,Buy
2024-08-12 10:32:31,41400.0,500,Sell
2024-08-12 10:32:59,41400.0,200,Buy
2024-08-12 10:32:59,41400.0,300,Buy
2024-08-12 10:33:04,41400.0,200,Buy
2024-08-12 10:33:26,41400.0,300,Buy
2024-08-12 10:33:42,41350.0,200,Buy
2024-08-12 10:34:34,41350.0,300,Buy
2024-08-12 10:34:51,41350.0,100,Buy
2024-08-12 10:35:07,41350.0,400,Sell
2024-08-12 10:35:07,41350.0,100,Sell
2024-08-12 10:35:07,41350.0,300,Sell
2024-08-12 10:35:07,41350.0,1100,Sell
2024-08-12 10:35:07,41350.0,800,Sell
2024-08-12 10:35:09,41350.0,2000,Sell
2024-08-12 10:36:00,41350.0,3000,Sell
2024-08-12 10:36:04,41350.0,1300,Sell
2024-08-12 10:36:17,41350.0,900,Sell
2024-08-12 10:36:31,41350.0,100,Buy
2024-08-12 10:36:31,41350.0,100,Buy
2024-08-12 10:36:45,41350.0,100,Buy
2024-08-12 10:37:06,41350.0,500,Buy
2024-08-12 10:37:08,41350.0,300,Buy
2024-08-12 10:37:13,41350.0,100,Sell
2024-08-12 10:38:38,41350.0,100,Sell
2024-08-12 10:39:30,41350.0,1000,Sell
2024-08-12 10:39:44,41350.0,100,Sell
2024-08-12 10:39:44,41350.0,1900,Sell
2024-08-12 10:40:01,41350.0,500,Sell
2024-08-12 10:40:10,41350.0,500,Sell
2024-08-12 10:40:18,41350.0,1000,Sell
2024-08-12 10:40:22,41350.0,200,Sell
2024-08-12 10:40:23,41350.0,100,Sell
2024-08-12 10:40:29,41350.0,1000,Sell
2024-08-12 10:40:54,41400.0,300,Buy
2024-08-12 10:41:08,41400.0,500,Buy
2024-08-12 10:41:17,41350.0,3800,Sell
2024-08-12 10:41:21,41400.0,4600,Buy
2024-08-12 10:41:21,41400.0,1400,Buy
2024-08-12 10:41:21,41400.0,100,Buy
2024-08-12 10:43:04,41400.0,400,Buy
2024-08-12 10:43:04,41400.0,100,Buy
2024-08-12 10:43:35,41400.0,100,Buy
2024-08-12 10:44:18,41350.0,1000,Sell
2024-08-12 10:44:56,41350.0,900,Sell
2024-08-12 10:44:56,41350.0,2500,Sell
2024-08-12 10:44:56,41350.0,1000,Sell
2024-08-12 10:44:56,41350.0,100,Sell
2024-08-12 10:44:59,41350.0,500,Sell
2024-08-12 10:46:08,41350.0,300,Sell
2024-08-12 10:46:49,41350.0,100,Sell
2024-08-12 10:46:54,41350.0,3200,Sell
2024-08-12 10:46:54,41350.0,200,Sell
2024-08-12 10:46:54,41350.0,100,Sell
2024-08-12 10:46:54,41350.0,900,Sell
2024-08-12 10:46:54,41350.0,100,Sell
2024-08-12 10:47:27,41350.0,1100,Sell
2024-08-12 10:47:27,41350.0,500,Sell
2024-08-12 10:47:27,41300.0,400,Sell
2024-08-12 10:48:59,41350.0,100,Sell
2024-08-12 10:49:00,41350.0,500,Sell
2024-08-12 10:49:08,41350.0,600,Sell
2024-08-12 10:49:10,41350.0,1000,Sell
2024-08-12 10:49:36,41350.0,1000,Sell
2024-08-12 10:50:16,41350.0,500,Sell
2024-08-12 10:50:20,41350.0,100,Sell
2024-08-12 10:50:24,41400.0,100,Buy
2024-08-12 10:50:25,41350.0,1000,Sell
2024-08-12 10:50:33,41350.0,600,Sell
2024-08-12 10:50:33,41350.0,1600,Sell
2024-08-12 10:50:39,41350.0,200,Sell
2024-08-12 10:50:40,41350.0,100,Sell
2024-08-12 10:50:49,41350.0,100,Buy
2024-08-12 10:50:54,41300.0,1000,Sell
2024-08-12 10:50:54,41300.0,1000,Sell
2024-08-12 10:50:54,41300.0,1000,Sell
2024-08-12 10:50:54,41300.0,10000,Sell
2024-08-12 10:50:54,41300.0,20000,Sell
2024-08-12 10:50:54,41300.0,1000,Sell
2024-08-12 10:50:54,41300.0,100,Sell
2024-08-12 10:50:54,41300.0,500,Sell
2024-08-12 10:50:54,41300.0,400,Sell
2024-08-12 10:51:28,41300.0,400,Sell
2024-08-12 10:51:28,41300.0,100,Sell
2024-08-12 10:53:45,41300.0,100,Buy
2024-08-12 10:54:26,41250.0,100,Sell
2024-08-12 10:54:33,41300.0,700,Buy
2024-08-12 10:54:33,41300.0,300,Buy
2024-08-12 10:55:11,41300.0,100,Buy
2024-08-12 10:55:30,41250.0,100,Sell
2024-08-12 10:55:52,41250.0,800,Sell
2024-08-12 10:55:52,41250.0,100,Sell
2024-08-12 10:55:52,41250.0,100,Sell
2024-08-12 10:55:52,41250.0,1000,Sell
2024-08-12 10:56:20,41250.0,900,Buy
2024-08-12 10:57:04,41250.0,100,Buy
2024-08-12 10:58:07,41150.0,100,Sell
2024-08-12 10:58:07,41200.0,200,Buy
2024-08-12 10:58:07,41150.0,1200,Sell
2024-08-12 10:59:06,41150.0,500,Sell
2024-08-12 10:59:50,41150.0,100,Sell
2024-08-12 11:00:21,41150.0,100,Sell
2024-08-12 11:00:21,41150.0,1200,Sell
2024-08-12 11:00:21,41150.0,500,Sell
2024-08-12 11:01:17,41100.0,300,Sell
2024-08-12 11:01:20,41100.0,1600,Buy
2024-08-12 11:01:55,41050.0,200,Sell
2024-08-12 11:01:55,41050.0,100,Sell
2024-08-12 11:01:55,41050.0,1000,Sell
2024-08-12 11:01:55,41050.0,7000,Sell
2024-08-12 11:01:55,41050.0,4100,Sell
2024-08-12 11:01:55,41050.0,4100,Sell
2024-08-12 11:02:05,41050.0,1000,Sell
2024-08-12 11:03:26,41050.0,500,Sell
2024-08-12 11:03:26,41050.0,200,Sell
2024-08-12 11:03:26,41050.0,100,Sell
2024-08-12 11:03:26,41050.0,100,Sell
2024-08-12 11:03:26,41050.0,100,Sell
2024-08-12 11:03:26,41050.0,2900,Sell
2024-08-12 11:03:55,41050.0,200,Buy
2024-08-12 11:03:55,41050.0,500,Buy
2024-08-12 11:04:44,41050.0,1000,Buy
2024-08-12 11:04:44,41050.0,1000,Buy
2024-08-12 11:04:44,41050.0,1300,Buy
2024-08-12 11:04:44,41050.0,1600,Buy
2024-08-12 11:04:57,41050.0,400,Sell
2024-08-12 11:04:57,41050.0,100,Sell
2024-08-12 11:05:26,41050.0,100,Sell
2024-08-12 11:05:26,41050.0,100,Sell
2024-08-12 11:05:26,41050.0,100,Sell
2024-08-12 11:05:34,41050.0,300,Buy
2024-08-12 11:05:39,41050.0,1000,Buy
2024-08-12 11:05:47,41050.0,1000,Buy
2024-08-12 11:05:48,41050.0,800,Buy
2024-08-12 11:07:02,41050.0,1000,Buy
2024-08-12 11:07:31,41050.0,700,Buy
2024-08-12 11:07:31,41050.0,800,Buy
2024-08-12 11:07:48,41050.0,300,Buy
2024-08-12 11:09:10,41050.0,5000,Sell
2024-08-12 11:09:10,41050.0,1000,Sell
2024-08-12 11:09:10,41050.0,1400,Sell
2024-08-12 11:09:29,41050.0,1100,Sell
2024-08-12 11:09:42,41050.0,1500,Sell
2024-08-12 11:09:42,41050.0,500,Sell
2024-08-12 11:09:42,41050.0,1000,Sell
2024-08-12 11:09:42,41050.0,1200,Sell
2024-08-12 11:09:48,41000.0,2900,Sell
2024-08-12 11:09:48,41000.0,100,Sell
2024-08-12 11:09:48,41000.0,100,Sell
2024-08-12 11:09:48,41000.0,500,Sell
2024-08-12 11:09:48,41000.0,100,Sell
2024-08-12 11:09:50,41000.0,500,Sell
2024-08-12 11:09:53,41000.0,2000,Sell
2024-08-12 11:09:53,41050.0,800,Buy
2024-08-12 11:10:02,41050.0,200,Buy
2024-08-12 11:10:04,41000.0,3100,Sell
2024-08-12 11:10:13,41000.0,100,Sell
2024-08-12 11:10:27,41000.0,400,Sell
2024-08-12 11:11:21,41000.0,200,Sell
2024-08-12 11:11:26,41050.0,1000,Sell
2024-08-12 11:11:26,41050.0,5000,Sell
2024-08-12 11:11:41,41050.0,500,Sell
2024-08-12 11:12:24,41050.0,100,Sell
2024-08-12 11:12:37,41050.0,100,Sell
2024-08-12 11:13:25,41100.0,1000,Buy
2024-08-12 11:13:25,41100.0,100,Buy
2024-08-12 11:13:25,41100.0,1100,Buy
2024-08-12 11:13:25,41100.0,1500,Buy
2024-08-12 11:13:25,41100.0,1600,Buy
2024-08-12 11:13:48,41100.0,4000,Sell
2024-08-12 11:13:49,41150.0,100,Buy
2024-08-12 11:13:49,41150.0,300,Buy
2024-08-12 11:13:49,41150.0,8000,Buy
2024-08-12 11:13:51,41150.0,1600,Buy
2024-08-12 11:13:59,41150.0,1600,Buy
2024-08-12 11:14:23,41200.0,100,Buy
2024-08-12 11:14:24,41150.0,4200,Sell
2024-08-12 11:14:53,41150.0,1300,Sell
2024-08-12 11:14:53,41150.0,200,Sell
2024-08-12 11:14:54,41150.0,200,Sell
2024-08-12 11:15:22,41100.0,500,Sell
2024-08-12 11:16:04,41100.0,200,Sell
2024-08-12 11:16:04,41100.0,600,Sell
2024-08-12 11:16:47,41100.0,100,Buy
2024-08-12 11:17:04,41050.0,500,Sell
2024-08-12 11:18:25,41050.0,100,Sell
2024-08-12 11:19:47,41100.0,200,Buy
2024-08-12 11:20:03,41100.0,200,Buy
2024-08-12 11:20:04,41100.0,100,Buy
2024-08-12 11:20:40,41100.0,200,Buy
2024-08-12 11:21:26,41100.0,2400,Buy
2024-08-12 11:21:32,41100.0,100,Buy
2024-08-12 11:23:40,41050.0,500,Sell
2024-08-12 11:24:07,41050.0,100,Sell
2024-08-12 11:25:10,41100.0,300,Buy
2024-08-12 11:26:00,41050.0,200,Sell
2024-08-12 11:26:00,41050.0,100,Sell
2024-08-12 11:26:00,41050.0,200,Sell
2024-08-12 11:26:00,41050.0,500,Sell
2024-08-12 11:26:00,41050.0,100,Sell
2024-08-12 11:26:00,41050.0,500,Sell
2024-08-12 11:26:00,41050.0,1000,Sell
2024-08-12 11:26:00,41050.0,2100,Sell
2024-08-12 11:26:00,41050.0,100,Sell
2024-08-12 11:26:00,41050.0,200,Sell
2024-08-12 11:26:41,41050.0,500,Sell
2024-08-12 11:26:41,41050.0,100,Sell
2024-08-12 11:26:41,41050.0,100,Sell
2024-08-12 11:26:41,41050.0,2400,Sell
2024-08-12 11:26:41,41050.0,500,Sell
2024-08-12 11:26:55,41050.0,2000,Buy
2024-08-12 11:27:23,41050.0,500,Buy
2024-08-12 11:28:04,41050.0,100,Buy
2024-08-12 11:28:05,41050.0,100,Buy
2024-08-12 11:28:05,41050.0,100,Buy
2024-08-12 11:28:07,41050.0,100,Buy
2024-08-12 11:28:09,41050.0,100,Buy
2024-08-12 11:28:40,41050.0,200,Buy
2024-08-12 11:28:47,41050.0,400,Buy
2024-08-12 11:28:50,41050.0,400,Buy
2024-08-12 11:28:50,41050.0,1600,Buy
2024-08-12 11:28:54,41050.0,100,Sell
2024-08-12 11:29:05,41050.0,200,Buy
2024-08-12 11:29:05,41000.0,400,Sell
2024-08-12 13:00:00,41000.0,200,Sell
2024-08-12 13:00:00,41000.0,200,Sell
2024-08-12 13:00:00,41000.0,100,Sell
2024-08-12 13:00:00,41000.0,100,Sell
2024-08-12 13:00:00,41000.0,100,Sell
2024-08-12 13:00:00,41000.0,100,Sell
2024-08-12 13:00:00,41000.0,100,Sell
2024-08-12 13:00:00,41000.0,100,Sell
2024-08-12 13:00:00,41000.0,500,Sell
2024-08-12 13:00:00,41000.0,200,Sell
2024-08-12 13:00:00,41000.0,300,Sell
2024-08-12 13:00:00,41000.0,1000,Sell
2024-08-12 13:00:00,41000.0,1500,Sell
2024-08-12 13:00:00,41000.0,400,Sell
2024-08-12 13:00:00,41000.0,300,Sell
2024-08-12 13:00:00,41000.0,100,Sell
2024-08-12 13:00:00,41000.0,1000,Sell
2024-08-12 13:00:00,41000.0,100,Sell
2024-08-12 13:00:00,41050.0,500,Sell
2024-08-12 13:00:00,41050.0,100,Sell
2024-08-12 13:00:00,41050.0,2000,Sell
2024-08-12 13:00:00,41050.0,100,Sell
2024-08-12 13:00:00,41000.0,100,Sell
2024-08-12 13:00:00,41000.0,200,Sell
2024-08-12 13:00:00,41000.0,600,Sell
2024-08-12 13:00:00,41000.0,100,Sell
2024-08-12 13:00:00,41000.0,2000,Sell
2024-08-12 13:00:00,41000.0,200,Sell
2024-08-12 13:00:00,41000.0,300,Sell
2024-08-12 13:00:00,41000.0,100,Sell
2024-08-12 13:00:00,41000.0,600,Sell
2024-08-12 13:00:00,41000.0,100,Sell
2024-08-12 13:00:00,41000.0,200,Sell
2024-08-12 13:00:00,41000.0,100,Sell
2024-08-12 13:00:01,41000.0,2500,Sell
2024-08-12 13:00:03,41000.0,100,Sell
2024-08-12 13:00:03,41000.0,400,Sell
2024-08-12 13:00:03,41000.0,600,Sell
2024-08-12 13:00:03,41000.0,100,Sell
2024-08-12 13:00:04,41000.0,300,Sell
2024-08-12 13:00:04,41000.0,1000,Sell
2024-08-12 13:00:04,41000.0,500,Sell
2024-08-12 13:00:04,41000.0,200,Sell
2024-08-12 13:00:05,41000.0,200,Sell
2024-08-12 13:00:06,41000.0,100,Sell
2024-08-12 13:00:08,41000.0,1000,Sell
2024-08-12 13:00:08,41000.0,3000,Sell
2024-08-12 13:00:09,41000.0,1300,Buy
2024-08-12 13:00:09,41000.0,200,Buy
2024-08-12 13:00:10,41000.0,500,Buy
2024-08-12 13:00:10,41000.0,1000,Buy
2024-08-12 13:00:11,41050.0,200,Buy
2024-08-12 13:00:11,41050.0,100,Buy
2024-08-12 13:00:11,41050.0,500,Buy
2024-08-12 13:00:11,41050.0,200,Buy
2024-08-12 13:00:11,41050.0,100,Buy
2024-08-12 13:00:11,41000.0,1000,Buy
2024-08-12 13:00:11,41050.0,400,Buy
2024-08-12 13:00:15,41000.0,100,Buy
2024-08-12 13:00:18,41000.0,2400,Buy
2024-08-12 13:00:19,40950.0,200,Sell
2024-08-12 13:00:22,41000.0,500,Buy
2024-08-12 13:00:22,41000.0,100,Buy
2024-08-12 13:00:22,41000.0,400,Buy
2024-08-12 13:00:29,41000.0,200,Buy
2024-08-12 13:00:31,40950.0,1200,Sell
2024-08-12 13:00:52,40950.0,600,Sell
2024-08-12 13:00:53,40950.0,400,Sell
2024-08-12 13:00:53,40950.0,500,Sell
2024-08-12 13:00:53,40950.0,500,Sell
2024-08-12 13:01:06,40950.0,300,Sell
2024-08-12 13:01:06,40950.0,100,Sell
2024-08-12 13:01:06,40950.0,500,Sell
2024-08-12 13:01:11,40950.0,200,Sell
2024-08-12 13:01:11,40950.0,200,Sell
2024-08-12 13:01:11,40950.0,100,Sell
2024-08-12 13:01:11,40950.0,800,Sell
2024-08-12 13:01:15,40950.0,100,Sell
2024-08-12 13:01:21,40950.0,300,Sell
2024-08-12 13:01:21,40950.0,500,Sell
2024-08-12 13:01:21,40950.0,200,Sell
2024-08-12 13:01:21,40950.0,1000,Sell
2024-08-12 13:01:21,40950.0,1000,Sell
2024-08-12 13:01:21,40950.0,500,Sell
2024-08-12 13:01:21,40950.0,500,Sell
2024-08-12 13:01:21,40950.0,400,Sell
2024-08-12 13:01:21,40950.0,200,Sell
2024-08-12 13:01:21,40950.0,400,Sell
2024-08-12 13:01:22,41000.0,2300,Buy
2024-08-12 13:01:31,40950.0,500,Sell
2024-08-12 13:01:31,40950.0,400,Sell
2024-08-12 13:01:33,40950.0,300,Sell
2024-08-12 13:01:41,40950.0,1000,Sell
2024-08-12 13:01:47,40950.0,100,Sell
2024-08-12 13:01:50,40950.0,800,Sell
2024-08-12 13:02:09,40950.0,100,Sell
2024-08-12 13:02:15,40950.0,200,Sell
2024-08-12 13:02:15,40950.0,800,Sell
2024-08-12 13:02:20,40950.0,500,Sell
2024-08-12 13:02:23,40950.0,200,Sell
2024-08-12 13:02:29,40950.0,300,Sell
2024-08-12 13:02:40,40950.0,500,Sell
2024-08-12 13:02:42,40950.0,200,Sell
2024-08-12 13:02:55,40950.0,300,Sell
2024-08-12 13:02:56,40950.0,1000,Sell
2024-08-12 13:03:02,40950.0,1200,Sell
2024-08-12 13:03:02,40950.0,800,Sell
2024-08-12 13:03:04,40950.0,1000,Sell
2024-08-12 13:03:16,40950.0,2600,Sell
2024-08-12 13:03:16,40950.0,100,Sell
2024-08-12 13:03:16,40950.0,800,Sell
2024-08-12 13:03:16,40950.0,200,Sell
2024-08-12 13:03:16,40950.0,100,Sell
2024-08-12 13:03:16,40950.0,200,Sell
2024-08-12 13:03:25,40950.0,1700,Sell
2024-08-12 13:03:27,40950.0,200,Sell
2024-08-12 13:03:28,40950.0,500,Buy
2024-08-12 13:03:35,40950.0,300,Sell
2024-08-12 13:03:42,40950.0,500,Sell
2024-08-12 13:03:56,40950.0,100,Sell
2024-08-12 13:03:58,40950.0,100,Sell
2024-08-12 13:03:59,40950.0,200,Sell
2024-08-12 13:04:04,40950.0,700,Sell
2024-08-12 13:04:10,40950.0,100,Sell
2024-08-12 13:04:15,40950.0,300,Sell
2024-08-12 13:04:30,40900.0,200,Sell
2024-08-12 13:04:30,40900.0,300,Sell
2024-08-12 13:04:30,40900.0,200,Sell
2024-08-12 13:04:30,40900.0,300,Sell
2024-08-12 13:04:30,40900.0,100,Sell
2024-08-12 13:04:30,40900.0,300,Sell
2024-08-12 13:04:30,40900.0,2900,Sell
2024-08-12 13:04:30,40900.0,200,Sell
2024-08-12 13:04:30,40900.0,100,Sell
2024-08-12 13:04:30,40900.0,300,Sell
2024-08-12 13:04:30,40950.0,200,Sell
2024-08-12 13:04:30,40950.0,100,Sell
2024-08-12 13:04:30,40950.0,2000,Sell
2024-08-12 13:04:30,40950.0,100,Sell
2024-08-12 13:04:30,40950.0,2100,Sell
2024-08-12 13:04:30,40900.0,100,Sell
2024-08-12 13:04:30,40900.0,500,Sell
2024-08-12 13:04:32,40950.0,200,Buy
2024-08-12 13:04:42,40950.0,100,Buy
2024-08-12 13:04:50,40950.0,200,Sell
2024-08-12 13:04:50,40950.0,100,Sell
2024-08-12 13:04:50,40950.0,200,Sell
2024-08-12 13:04:50,40950.0,500,Sell
2024-08-12 13:04:52,40950.0,100,Sell
2024-08-12 13:05:03,40950.0,500,Sell
2024-08-12 13:05:17,40950.0,100,Sell
2024-08-12 13:05:17,40950.0,100,Sell
2024-08-12 13:05:25,40950.0,200,Sell
2024-08-12 13:05:26,40950.0,200,Sell
2024-08-12 13:05:29,40950.0,1200,Sell
2024-08-12 13:05:35,40950.0,1600,Buy
2024-08-12 13:05:35,40950.0,5000,Buy
2024-08-12 13:05:35,40950.0,900,Buy
2024-08-12 13:05:52,40950.0,1000,Buy
2024-08-12 13:05:54,40950.0,100,Buy
2024-08-12 13:05:57,40950.0,500,Buy
2024-08-12 13:06:02,40900.0,1300,Sell
2024-08-12 13:06:02,40900.0,100,Sell
2024-08-12 13:06:02,40900.0,100,Sell
2024-08-12 13:06:12,40900.0,100,Sell
2024-08-12 13:06:12,40900.0,900,Sell
2024-08-12 13:06:13,40900.0,100,Sell
2024-08-12 13:06:13,40900.0,200,Sell
2024-08-12 13:06:13,40900.0,100,Sell
2024-08-12 13:06:13,40900.0,100,Sell
2024-08-12 13:06:13,40900.0,500,Sell
2024-08-12 13:06:14,40950.0,3000,Buy
2024-08-12 13:06:20,40900.0,500,Sell
2024-08-12 13:06:20,40900.0,4500,Sell
2024-08-12 13:06:26,40900.0,100,Sell
2024-08-12 13:06:39,40900.0,400,Sell
2024-08-12 13:06:39,40900.0,200,Sell
2024-08-12 13:06:39,40900.0,200,Sell
2024-08-12 13:06:39,40900.0,800,Sell
2024-08-12 13:06:39,40900.0,200,Sell
2024-08-12 13:06:39,40900.0,200,Sell
2024-08-12 13:06:39,40900.0,500,Sell
2024-08-12 13:06:39,40900.0,100,Sell
2024-08-12 13:06:45,40900.0,300,Sell
2024-08-12 13:06:45,40900.0,200,Sell
2024-08-12 13:06:47,40900.0,100,Sell
2024-08-12 13:07:11,40900.0,100,Sell
2024-08-12 13:07:20,40900.0,200,Sell
2024-08-12 13:07:21,40900.0,100,Sell
2024-08-12 13:07:22,40950.0,500,Buy
2024-08-12 13:07:22,40950.0,500,Buy
2024-08-12 13:07:22,40950.0,500,Buy
2024-08-12 13:07:22,40950.0,100,Buy
2024-08-12 13:07:22,40950.0,500,Buy
2024-08-12 13:07:22,40950.0,7900,Buy
2024-08-12 13:07:25,40900.0,1000,Sell
2024-08-12 13:07:37,40900.0,1400,Sell
2024-08-12 13:07:40,40900.0,100,Sell
2024-08-12 13:07:51,40900.0,600,Sell
2024-08-12 13:07:51,40900.0,3500,Sell
2024-08-12 13:07:51,40900.0,900,Sell
2024-08-12 13:07:52,40950.0,100,Buy
2024-08-12 13:07:53,40900.0,100,Sell
2024-08-12 13:07:56,40950.0,4900,Buy
2024-08-12 13:08:12,40950.0,100,Sell
2024-08-12 13:08:16,40950.0,1000,Buy
2024-08-12 13:08:31,40950.0,100,Buy
2024-08-12 13:09:09,40900.0,200,Sell
2024-08-12 13:09:09,40900.0,500,Sell
2024-08-12 13:09:09,40900.0,5000,Sell
2024-08-12 13:09:09,40900.0,500,Sell
2024-08-12 13:09:09,40900.0,100,Sell
2024-08-12 13:09:09,40900.0,100,Sell
2024-08-12 13:09:09,40900.0,300,Sell
2024-08-12 13:09:09,40900.0,100,Sell
2024-08-12 13:09:09,40900.0,1000,Sell
2024-08-12 13:09:09,40900.0,200,Sell
2024-08-12 13:09:14,40900.0,200,Sell
2024-08-12 13:09:14,40900.0,800,Sell
2024-08-12 13:09:19,40900.0,100,Sell
2024-08-12 13:09:20,40900.0,1100,Sell
2024-08-12 13:09:20,40900.0,900,Sell
2024-08-12 13:09:24,40900.0,100,Sell
2024-08-12 13:09:24,40900.0,100,Sell
2024-08-12 13:09:24,40900.0,1100,Sell
2024-08-12 13:09:24,40900.0,800,Sell
2024-08-12 13:09:24,40900.0,7200,Sell
2024-08-12 13:09:32,40900.0,1400,Buy
2024-08-12 13:09:32,40900.0,600,Buy
2024-08-12 13:09:43,40900.0,200,Buy
2024-08-12 13:09:59,40850.0,1000,Sell
2024-08-12 13:10:04,40900.0,200,Buy
2024-08-12 13:10:04,40900.0,300,Buy
2024-08-12 13:10:07,40850.0,200,Sell
2024-08-12 13:10:17,40850.0,500,Sell
2024-08-12 13:10:18,40850.0,100,Sell
2024-08-12 13:10:21,40850.0,700,Sell
2024-08-12 13:10:21,40850.0,100,Sell
2024-08-12 13:10:21,40850.0,100,Sell
2024-08-12 13:10:21,40850.0,300,Sell
2024-08-12 13:10:21,40850.0,2200,Sell
2024-08-12 13:10:21,40850.0,100,Sell
2024-08-12 13:10:21,40850.0,100,Sell
2024-08-12 13:10:21,40850.0,300,Sell
2024-08-12 13:10:21,40850.0,100,Sell
2024-08-12 13:10:24,40850.0,100,Sell
2024-08-12 13:10:24,40850.0,300,Sell
2024-08-12 13:10:24,40850.0,4000,Sell
2024-08-12 13:10:28,40850.0,400,Sell
2024-08-12 13:10:34,40850.0,600,Sell
2024-08-12 13:10:34,40850.0,100,Sell
2024-08-12 13:10:34,40850.0,100,Sell
2024-08-12 13:10:34,40850.0,400,Sell
2024-08-12 13:10:35,40850.0,600,Sell
2024-08-12 13:10:35,40850.0,400,Sell
2024-08-12 13:10:35,40850.0,100,Sell
2024-08-12 13:10:35,40850.0,500,Sell
2024-08-12 13:10:37,40850.0,200,Sell
2024-08-12 13:10:48,40850.0,100,Sell
2024-08-12 13:10:52,40850.0,100,Sell
2024-08-12 13:10:54,40850.0,1000,Sell
2024-08-12 13:10:57,40850.0,1200,Sell
2024-08-12 13:11:09,40850.0,500,Sell
2024-08-12 13:11:15,40850.0,500,Sell
2024-08-12 13:11:19,40850.0,200,Sell
2024-08-12 13:11:22,40850.0,100,Sell
2024-08-12 13:11:26,40850.0,600,Sell
2024-08-12 13:11:26,40850.0,300,Sell
2024-08-12 13:11:26,40850.0,100,Sell
2024-08-12 13:11:45,40850.0,400,Sell
2024-08-12 13:11:45,40850.0,600,Sell
2024-08-12 13:11:54,40900.0,100,Sell
2024-08-12 13:11:54,40900.0,200,Sell
2024-08-12 13:11:54,40900.0,1000,Sell
2024-08-12 13:11:54,40900.0,600,Sell
2024-08-12 13:11:54,40900.0,300,Sell
2024-08-12 13:11:54,40900.0,1000,Sell
2024-08-12 13:11:54,40900.0,4400,Buy
2024-08-12 13:11:54,40900.0,1000,Buy
2024-08-12 13:11:54,40900.0,2000,Sell
2024-08-12 13:11:54,40900.0,200,Buy
2024-08-12 13:11:58,40900.0,100,Sell
2024-08-12 13:12:26,40900.0,500,Sell
2024-08-12 13:12:33,40900.0,100,Sell
2024-08-12 13:12:40,40950.0,100,Buy
2024-08-12 13:12:45,40950.0,500,Buy
2024-08-12 13:12:50,40950.0,200,Buy
2024-08-12 13:12:53,40950.0,300,Buy
2024-08-12 13:12:53,40950.0,200,Buy
2024-08-12 13:12:57,40950.0,800,Buy
2024-08-12 13:12:57,40950.0,200,Buy
2024-08-12 13:13:01,41000.0,100,Buy
2024-08-12 13:13:01,41000.0,100,Buy
2024-08-12 13:13:01,41000.0,1000,Buy
2024-08-12 13:13:01,41000.0,1000,Buy
2024-08-12 13:13:01,41000.0,2000,Buy
2024-08-12 13:13:01,41000.0,200,Buy
2024-08-12 13:13:01,41000.0,200,Buy
2024-08-12 13:13:01,41000.0,200,Buy
2024-08-12 13:13:01,41000.0,500,Buy
2024-08-12 13:13:01,41000.0,300,Buy
2024-08-12 13:13:01,41000.0,1000,Buy
2024-08-12 13:13:01,41000.0,2500,Buy
2024-08-12 13:13:01,41000.0,100,Buy
2024-08-12 13:13:01,41000.0,200,Buy
2024-08-12 13:13:01,41000.0,300,Buy
2024-08-12 13:13:01,41000.0,5000,Buy
2024-08-12 13:13:01,40950.0,2000,Buy
2024-08-12 13:13:01,40950.0,100,Buy
2024-08-12 13:13:01,40950.0,100,Buy
2024-08-12 13:13:01,40950.0,100,Buy
2024-08-12 13:13:01,40950.0,100,Buy
2024-08-12 13:13:01,40950.0,800,Buy
2024-08-12 13:13:01,41000.0,100,Buy
2024-08-12 13:13:01,40950.0,2000,Buy
2024-08-12 13:13:12,41000.0,100,Buy
2024-08-12 13:13:12,41000.0,700,Buy
2024-08-12 13:13:14,41000.0,100,Sell
2024-08-12 13:13:17,41000.0,200,Sell
2024-08-12 13:13:20,41000.0,300,Sell
2024-08-12 13:13:26,41000.0,100,Sell
2024-08-12 13:13:37,41000.0,1000,Sell
2024-08-12 13:13:46,41000.0,200,Sell
2024-08-12 13:14:06,41000.0,200,Sell
2024-08-12 13:14:29,41000.0,1000,Sell
2024-08-12 13:14:36,41000.0,3000,Sell
2024-08-12 13:14:54,41000.0,1000,Sell
2024-08-12 13:14:54,41000.0,2000,Sell
2024-08-12 13:14:54,41000.0,100,Sell
2024-08-12 13:14:54,41000.0,2000,Sell
2024-08-12 13:14:54,41000.0,100,Sell
2024-08-12 13:15:19,41000.0,1800,Buy
2024-08-12 13:15:19,41000.0,3000,Buy
2024-08-12 13:15:19,41000.0,200,Buy
2024-08-12 13:15:22,41000.0,500,Buy
2024-08-12 13:15:23,40950.0,400,Sell
2024-08-12 13:15:56,41000.0,1400,Buy
2024-08-12 13:15:56,41000.0,1500,Buy
2024-08-12 13:15:56,41000.0,100,Buy
2024-08-12 13:16:08,41000.0,1000,Buy
2024-08-12 13:16:21,40950.0,300,Sell
2024-08-12 13:16:21,40950.0,100,Sell
2024-08-12 13:16:21,40950.0,100,Sell
2024-08-12 13:16:21,40950.0,500,Sell
2024-08-12 13:16:25,41000.0,100,Buy
2024-08-12 13:16:25,41000.0,200,Buy
2024-08-12 13:16:25,41000.0,700,Buy
2024-08-12 13:16:26,41000.0,300,Sell
2024-08-12 13:16:28,41000.0,500,Sell
2024-08-12 13:17:06,41050.0,500,Buy
2024-08-12 13:17:06,41050.0,500,Buy
2024-08-12 13:17:06,41050.0,2000,Buy
2024-08-12 13:17:06,41050.0,1000,Buy
2024-08-12 13:17:06,41050.0,3000,Buy
2024-08-12 13:17:06,41050.0,800,Buy
2024-08-12 13:17:06,41050.0,200,Buy
2024-08-12 13:17:12,41050.0,200,Buy
2024-08-12 13:17:19,41050.0,100,Buy
2024-08-12 13:17:22,41050.0,400,Sell
2024-08-12 13:17:40,41100.0,5000,Buy
2024-08-12 13:17:56,41100.0,500,Buy
2024-08-12 13:17:57,41100.0,100,Buy
2024-08-12 13:18:03,41100.0,1700,Buy
2024-08-12 13:18:09,41100.0,200,Buy
2024-08-12 13:18:13,41100.0,300,Buy
2024-08-12 13:18:13,41100.0,1000,Buy
2024-08-12 13:18:13,41100.0,100,Buy
2024-08-12 13:18:13,41100.0,1000,Buy
2024-08-12 13:18:13,41100.0,500,Buy
2024-08-12 13:18:13,41100.0,100,Buy
2024-08-12 13:18:13,41100.0,400,Buy
2024-08-12 13:18:13,41100.0,300,Buy
2024-08-12 13:18:13,41100.0,100,Buy
2024-08-12 13:18:13,41100.0,100,Buy
2024-08-12 13:18:13,41100.0,1000,Buy
2024-08-12 13:18:13,41100.0,2500,Buy
2024-08-12 13:18:13,41100.0,200,Buy
2024-08-12 13:18:20,41100.0,300,Buy
2024-08-12 13:18:21,41050.0,300,Sell
2024-08-12 13:18:41,41050.0,100,Sell
2024-08-12 13:18:49,41050.0,900,Sell
2024-08-12 13:18:49,41050.0,100,Sell
2024-08-12 13:18:53,41050.0,400,Sell
2024-08-12 13:18:53,41050.0,200,Sell
2024-08-12 13:18:53,41050.0,100,Sell
2024-08-12 13:18:53,41050.0,300,Sell
2024-08-12 13:18:59,41050.0,1700,Sell
2024-08-12 13:18:59,41050.0,300,Sell
2024-08-12 13:19:04,41050.0,200,Sell
2024-08-12 13:19:19,41050.0,300,Sell
2024-08-12 13:19:19,41050.0,1100,Sell
2024-08-12 13:19:19,41050.0,600,Sell
2024-08-12 13:19:26,41050.0,200,Sell
2024-08-12 13:19:29,41050.0,100,Sell
2024-08-12 13:19:31,41050.0,200,Sell
2024-08-12 13:19:33,41050.0,300,Sell
2024-08-12 13:19:35,41050.0,500,Sell
2024-08-12 13:19:35,41050.0,100,Sell
2024-08-12 13:19:44,41050.0,200,Sell
2024-08-12 13:19:48,41050.0,1200,Sell
2024-08-12 13:19:53,41050.0,200,Sell
2024-08-12 13:20:09,41050.0,100,Sell
2024-08-12 13:20:19,41050.0,500,Sell
2024-08-12 13:20:19,41050.0,500,Sell
2024-08-12 13:20:24,41050.0,500,Sell
2024-08-12 13:20:33,41050.0,500,Sell
2024-08-12 13:20:38,41050.0,100,Sell
2024-08-12 13:20:39,41050.0,600,Sell
2024-08-12 13:20:52,41050.0,1500,Sell
2024-08-12 13:21:02,41050.0,500,Sell
2024-08-12 13:21:17,41050.0,2000,Sell
2024-08-12 13:21:19,41050.0,200,Sell
2024-08-12 13:21:20,41050.0,200,Sell
2024-08-12 13:21:21,41050.0,1000,Sell
2024-08-12 13:21:23,41050.0,200,Sell
2024-08-12 13:21:23,41050.0,1800,Sell
2024-08-12 13:21:27,41050.0,100,Sell
2024-08-12 13:21:36,41050.0,100,Buy
2024-08-12 13:22:24,41050.0,4000,Buy
2024-08-12 13:22:32,41050.0,500,Buy
2024-08-12 13:22:32,41050.0,200,Buy
2024-08-12 13:22:32,41050.0,1000,Buy
2024-08-12 13:22:32,41050.0,1000,Buy
2024-08-12 13:23:42,41050.0,1000,Sell
2024-08-12 13:24:12,41050.0,1300,Sell
2024-08-12 13:24:12,41050.0,100,Sell
2024-08-12 13:24:12,41050.0,1000,Sell
2024-08-12 13:24:12,41050.0,3500,Sell
2024-08-12 13:24:22,41050.0,100,Sell
2024-08-12 13:24:23,41050.0,100,Sell
2024-08-12 13:24:24,41050.0,100,Sell
2024-08-12 13:24:45,41050.0,100,Buy
2024-08-12 13:25:11,41000.0,1000,Sell
2024-08-12 13:25:11,41000.0,100,Sell
2024-08-12 13:25:11,41000.0,900,Sell
2024-08-12 13:25:15,41050.0,100,Buy
2024-08-12 13:25:24,41050.0,100,Buy
2024-08-12 13:25:37,41050.0,200,Buy
2024-08-12 13:25:37,41050.0,300,Buy
2024-08-12 13:25:38,41050.0,200,Buy
2024-08-12 13:25:38,41050.0,100,Buy
2024-08-12 13:25:38,41050.0,300,Buy
2024-08-12 13:25:38,41050.0,100,Buy
2024-08-12 13:25:38,41050.0,700,Buy
2024-08-12 13:25:50,41050.0,800,Buy
2024-08-12 13:25:50,41050.0,100,Buy
2024-08-12 13:25:50,41050.0,200,Buy
2024-08-12 13:25:50,41050.0,100,Buy
2024-08-12 13:25:50,41050.0,500,Buy
2024-08-12 13:25:50,41050.0,3000,Buy
2024-08-12 13:25:50,41050.0,100,Buy
2024-08-12 13:25:50,41050.0,900,Buy
2024-08-12 13:25:54,41050.0,1000,Sell
2024-08-12 13:25:59,41050.0,100,Sell
2024-08-12 13:26:10,41050.0,3900,Sell
2024-08-12 13:26:10,41050.0,2000,Sell
2024-08-12 13:26:36,41050.0,500,Buy
2024-08-12 13:27:03,41000.0,2000,Sell
2024-08-12 13:27:12,41000.0,1100,Sell
2024-08-12 13:27:12,41000.0,900,Sell
2024-08-12 13:27:24,41000.0,700,Sell
2024-08-12 13:27:24,41000.0,100,Sell
2024-08-12 13:27:24,41000.0,100,Sell
2024-08-12 13:27:30,41000.0,200,Sell
2024-08-12 13:27:45,41050.0,1000,Buy
2024-08-12 13:28:12,41000.0,100,Sell
2024-08-12 13:28:31,41000.0,1200,Sell
2024-08-12 13:28:32,41000.0,1000,Sell
2024-08-12 13:28:34,41000.0,1000,Sell
2024-08-12 13:28:37,41000.0,800,Sell
2024-08-12 13:28:37,41000.0,700,Sell
2024-08-12 13:28:40,41000.0,400,Sell
2024-08-12 13:28:40,41000.0,900,Sell
2024-08-12 13:28:40,41000.0,500,Sell
2024-08-12 13:28:40,41000.0,600,Sell
2024-08-12 13:28:41,41000.0,100,Sell
2024-08-12 13:28:49,41000.0,100,Sell
2024-08-12 13:28:49,41000.0,2200,Sell
2024-08-12 13:28:49,41000.0,100,Sell
2024-08-12 13:28:49,41000.0,100,Sell
2024-08-12 13:28:49,41000.0,1000,Sell
2024-08-12 13:28:49,41000.0,100,Sell
2024-08-12 13:28:49,41000.0,3900,Sell
2024-08-12 13:28:49,41000.0,100,Sell
2024-08-12 13:28:49,41000.0,1000,Sell
2024-08-12 13:29:04,40950.0,100,Sell
2024-08-12 13:29:11,40950.0,1000,Sell
2024-08-12 13:29:27,40950.0,300,Sell
2024-08-12 13:29:30,40950.0,100,Sell
2024-08-12 13:29:30,40950.0,200,Sell
2024-08-12 13:29:32,40950.0,500,Sell
2024-08-12 13:29:43,41000.0,200,Buy
2024-08-12 13:30:20,40950.0,300,Sell
2024-08-12 13:30:20,40950.0,900,Sell
2024-08-12 13:30:22,40950.0,900,Sell
2024-08-12 13:30:22,40950.0,100,Sell
2024-08-12 13:30:36,40950.0,900,Sell
2024-08-12 13:30:37,40950.0,100,Sell
2024-08-12 13:30:53,40950.0,100,Sell
2024-08-12 13:30:53,40950.0,100,Sell
2024-08-12 13:31:03,40950.0,100,Sell
2024-08-12 13:31:38,40950.0,100,Sell
2024-08-12 13:31:39,40950.0,1500,Sell
2024-08-12 13:31:39,40950.0,100,Sell
2024-08-12 13:31:39,40950.0,400,Sell
2024-08-12 13:31:49,40950.0,1000,Sell
2024-08-12 13:32:11,40950.0,2000,Sell
2024-08-12 13:32:14,40950.0,100,Sell
2024-08-12 13:32:17,40950.0,100,Sell
2024-08-12 13:32:26,40950.0,2300,Sell
2024-08-12 13:32:26,40950.0,100,Sell
2024-08-12 13:32:26,40950.0,100,Sell
2024-08-12 13:32:26,40950.0,500,Sell
2024-08-12 13:32:29,40950.0,200,Sell
2024-08-12 13:32:29,40950.0,500,Sell
2024-08-12 13:32:29,40950.0,500,Sell
2024-08-12 13:32:31,40950.0,800,Sell
2024-08-12 13:32:31,40950.0,200,Sell
2024-08-12 13:32:43,40950.0,100,Sell
2024-08-12 13:32:43,40950.0,100,Sell
2024-08-12 13:32:58,40950.0,100,Sell
2024-08-12 13:33:07,40950.0,300,Buy
2024-08-12 13:33:07,40950.0,100,Buy
2024-08-12 13:33:07,40950.0,800,Sell
2024-08-12 13:33:07,40950.0,100,Sell
2024-08-12 13:33:16,40950.0,300,Buy
2024-08-12 13:33:17,40950.0,200,Sell
2024-08-12 13:33:29,40950.0,3000,Sell
2024-08-12 13:33:47,40950.0,1000,Sell
2024-08-12 13:34:04,40950.0,500,Sell
2024-08-12 13:34:04,40950.0,200,Sell
2024-08-12 13:34:04,40950.0,500,Sell
2024-08-12 13:34:04,40950.0,800,Sell
2024-08-12 13:34:22,40950.0,500,Sell
2024-08-12 13:34:30,40950.0,1000,Sell
2024-08-12 13:34:40,40950.0,4700,Sell
2024-08-12 13:34:40,40950.0,100,Sell
2024-08-12 13:34:40,40950.0,200,Sell
2024-08-12 13:34:47,41000.0,100,Buy
2024-08-12 13:34:48,40950.0,800,Sell
2024-08-12 13:34:48,40950.0,2000,Sell
2024-08-12 13:34:48,40950.0,200,Sell
2024-08-12 13:35:07,40900.0,100,Sell
2024-08-12 13:35:09,40900.0,400,Sell
2024-08-12 13:35:12,40900.0,100,Sell
2024-08-12 13:35:12,40900.0,4600,Sell
2024-08-12 13:35:12,40900.0,300,Sell
2024-08-12 13:35:17,40900.0,700,Sell
2024-08-12 13:35:17,40900.0,200,Sell
2024-08-12 13:35:17,40900.0,200,Sell
2024-08-12 13:35:17,40900.0,500,Sell
2024-08-12 13:35:17,40900.0,100,Sell
2024-08-12 13:35:17,40900.0,300,Sell
2024-08-12 13:35:17,40900.0,3000,Sell
2024-08-12 13:35:23,40900.0,100,Sell
2024-08-12 13:35:28,40900.0,1000,Sell
2024-08-12 13:35:28,40900.0,100,Sell
2024-08-12 13:35:28,40900.0,1900,Sell
2024-08-12 13:35:32,40900.0,3400,Sell
2024-08-12 13:36:01,40900.0,1000,Sell
2024-08-12 13:36:17,40900.0,100,Sell
2024-08-12 13:36:19,40900.0,400,Sell
2024-08-12 13:36:19,40900.0,100,Sell
2024-08-12 13:36:35,40900.0,100,Sell
2024-08-12 13:36:35,40900.0,100,Sell
2024-08-12 13:36:35,40900.0,100,Sell
2024-08-12 13:36:42,40900.0,100,Sell
2024-08-12 13:36:42,40900.0,100,Sell
2024-08-12 13:36:42,40900.0,100,Sell
2024-08-12 13:36:48,40900.0,200,Sell
2024-08-12 13:36:58,40900.0,700,Sell
2024-08-12 13:36:58,40900.0,1000,Sell
2024-08-12 13:36:58,40900.0,1000,Sell
2024-08-12 13:36:58,40900.0,500,Sell
2024-08-12 13:36:58,40900.0,500,Sell
2024-08-12 13:36:58,40900.0,500,Sell
2024-08-12 13:36:58,40900.0,1000,Sell
2024-08-12 13:36:58,40900.0,800,Sell
2024-08-12 13:37:01,40900.0,200,Buy
2024-08-12 13:37:01,40900.0,100,Buy
2024-08-12 13:38:03,40850.0,100,Sell
2024-08-12 13:38:06,40850.0,100,Sell
2024-08-12 13:38:16,40850.0,2000,Sell
2024-08-12 13:38:18,40850.0,1700,Sell
2024-08-12 13:38:18,40850.0,200,Sell
2024-08-12 13:38:18,40850.0,10000,Sell
2024-08-12 13:38:22,40850.0,500,Sell
2024-08-12 13:38:25,40850.0,900,Sell
2024-08-12 13:38:26,40850.0,100,Sell
2024-08-12 13:38:31,40850.0,1800,Sell
2024-08-12 13:38:31,40850.0,200,Sell
2024-08-12 13:38:32,40850.0,200,Sell
2024-08-12 13:38:32,40850.0,200,Sell
2024-08-12 13:38:32,40850.0,300,Sell
2024-08-12 13:38:32,40850.0,100,Sell
2024-08-12 13:38:32,40850.0,400,Sell
2024-08-12 13:38:32,40850.0,100,Sell
2024-08-12 13:38:32,40850.0,800,Sell
2024-08-12 13:38:32,40850.0,100,Sell
2024-08-12 13:38:32,40850.0,200,Sell
2024-08-12 13:38:32,40850.0,1000,Sell
2024-08-12 13:38:32,40850.0,500,Sell
2024-08-12 13:38:32,40850.0,800,Sell
2024-08-12 13:38:32,40850.0,200,Sell
2024-08-12 13:38:32,40850.0,100,Sell
2024-08-12 13:38:34,40850.0,200,Sell
2024-08-12 13:38:34,40850.0,300,Sell
2024-08-12 13:38:35,40850.0,700,Buy
2024-08-12 13:38:39,40800.0,300,Sell
2024-08-12 13:38:48,40850.0,700,Buy
2024-08-12 13:38:56,40800.0,1000,Sell
2024-08-12 13:39:04,40800.0,1000,Sell
2024-08-12 13:39:15,40800.0,100,Sell
2024-08-12 13:39:15,40800.0,500,Sell
2024-08-12 13:39:15,40800.0,200,Sell
2024-08-12 13:39:15,40800.0,100,Sell
2024-08-12 13:39:15,40800.0,200,Sell
2024-08-12 13:39:15,40800.0,700,Sell
2024-08-12 13:39:15,40800.0,100,Sell
2024-08-12 13:39:15,40800.0,100,Sell
2024-08-12 13:39:16,40800.0,500,Sell
2024-08-12 13:39:16,40800.0,100,Sell
2024-08-12 13:39:16,40800.0,900,Sell
2024-08-12 13:39:16,40800.0,1000,Sell
2024-08-12 13:39:16,40800.0,200,Sell
2024-08-12 13:39:19,40800.0,500,Sell
2024-08-12 13:39:22,40800.0,300,Sell
2024-08-12 13:39:22,40800.0,200,Sell
2024-08-12 13:39:32,40800.0,300,Sell
2024-08-12 13:39:32,40800.0,200,Sell
2024-08-12 13:39:40,40800.0,500,Sell
2024-08-12 13:39:40,40800.0,500,Sell
2024-08-12 13:39:43,40800.0,700,Sell
2024-08-12 13:39:43,40800.0,3000,Sell
2024-08-12 13:39:43,40800.0,100,Sell
2024-08-12 13:39:43,40800.0,100,Sell
2024-08-12 13:39:43,40800.0,100,Sell
2024-08-12 13:39:43,40800.0,100,Sell
2024-08-12 13:39:43,40800.0,1000,Sell
2024-08-12 13:39:43,40800.0,300,Sell
2024-08-12 13:39:43,40800.0,4500,Sell
2024-08-12 13:39:43,40800.0,100,Sell
2024-08-12 13:39:44,40800.0,100,Buy
2024-08-12 13:39:44,40800.0,2000,Sell
2024-08-12 13:39:44,40800.0,100,Sell
2024-08-12 13:39:44,40800.0,100,Buy
2024-08-12 13:39:44,40800.0,2000,Sell
2024-08-12 13:39:44,40800.0,1000,Sell
2024-08-12 13:39:44,40800.0,500,Sell
2024-08-12 13:39:44,40800.0,100,Sell
2024-08-12 13:39:49,40800.0,300,Buy
2024-08-12 13:39:58,40800.0,1000,Buy
2024-08-12 13:39:59,40800.0,2000,Buy
2024-08-12 13:40:07,40750.0,100,Sell
2024-08-12 13:40:07,40750.0,100,Sell
2024-08-12 13:40:07,40750.0,500,Sell
2024-08-12 13:40:07,40750.0,1000,Sell
2024-08-12 13:40:07,40750.0,100,Sell
2024-08-12 13:40:07,40750.0,200,Sell
2024-08-12 13:40:07,40750.0,500,Sell
2024-08-12 13:40:07,40750.0,1000,Sell
2024-08-12 13:40:07,40750.0,1000,Sell
2024-08-12 13:40:07,40750.0,500,Sell
2024-08-12 13:40:08,40800.0,800,Buy
2024-08-12 13:40:08,40800.0,200,Buy
2024-08-12 13:40:28,40800.0,300,Buy
2024-08-12 13:40:28,40800.0,700,Buy
2024-08-12 13:40:29,40800.0,100,Buy
2024-08-12 13:40:35,40800.0,500,Buy
2024-08-12 13:40:40,40750.0,100,Sell
2024-08-12 13:40:40,40750.0,3000,Sell
2024-08-12 13:40:40,40750.0,1200,Sell
2024-08-12 13:40:40,40750.0,400,Sell
2024-08-12 13:40:40,40750.0,100,Sell
2024-08-12 13:40:40,40750.0,200,Sell
2024-08-12 13:40:48,40750.0,800,Sell
2024-08-12 13:40:48,40750.0,100,Sell
2024-08-12 13:40:48,40750.0,3000,Sell
2024-08-12 13:40:48,40750.0,500,Sell
2024-08-12 13:40:48,40750.0,4700,Sell
2024-08-12 13:40:48,40750.0,100,Sell
2024-08-12 13:40:54,40750.0,300,Sell
2024-08-12 13:40:54,40750.0,500,Sell
2024-08-12 13:40:55,40750.0,1200,Sell
2024-08-12 13:40:59,40750.0,1000,Sell
2024-08-12 13:41:03,40750.0,300,Sell
2024-08-12 13:41:04,40750.0,200,Sell
2024-08-12 13:41:04,40750.0,1400,Sell
2024-08-12 13:41:07,40750.0,500,Sell
2024-08-12 13:41:07,40750.0,2000,Sell
2024-08-12 13:41:07,40750.0,3600,Sell
2024-08-12 13:41:07,40750.0,500,Sell
2024-08-12 13:41:16,40750.0,1000,Buy
2024-08-12 13:41:16,40750.0,100,Buy
2024-08-12 13:41:21,40750.0,100,Buy
2024-08-12 13:41:24,40750.0,100,Buy
2024-08-12 13:41:26,40700.0,500,Sell
2024-08-12 13:41:26,40700.0,100,Sell
2024-08-12 13:41:26,40700.0,3000,Sell
2024-08-12 13:41:26,40700.0,1400,Sell
2024-08-12 13:41:27,40700.0,100,Sell
2024-08-12 13:41:29,40750.0,2000,Buy
2024-08-12 13:41:31,40750.0,400,Buy
2024-08-12 13:41:31,40750.0,300,Buy
2024-08-12 13:41:31,40750.0,200,Buy
2024-08-12 13:41:31,40750.0,100,Buy
2024-08-12 13:41:42,40750.0,100,Buy
2024-08-12 13:41:45,40750.0,200,Buy
2024-08-12 13:41:51,40750.0,100,Buy
2024-08-12 13:41:51,40750.0,900,Buy
2024-08-12 13:41:51,40750.0,100,Buy
2024-08-12 13:42:08,40750.0,300,Buy
2024-08-12 13:42:08,40750.0,200,Buy
2024-08-12 13:42:08,40750.0,300,Buy
2024-08-12 13:42:08,40750.0,200,Buy
2024-08-12 13:42:11,40700.0,3500,Sell
2024-08-12 13:42:11,40700.0,500,Sell
2024-08-12 13:42:25,40700.0,500,Sell
2024-08-12 13:42:25,40700.0,100,Sell
2024-08-12 13:42:26,40700.0,200,Sell
2024-08-12 13:42:26,40700.0,200,Sell
2024-08-12 13:42:30,40700.0,400,Sell
2024-08-12 13:42:30,40700.0,200,Sell
2024-08-12 13:42:30,40700.0,2200,Sell
2024-08-12 13:42:30,40700.0,200,Sell
2024-08-12 13:42:30,40700.0,2000,Sell
2024-08-12 13:42:30,40700.0,4800,Sell
2024-08-12 13:42:30,40700.0,200,Sell
2024-08-12 13:42:32,40700.0,200,Sell
2024-08-12 13:42:32,40700.0,3200,Sell
2024-08-12 13:42:32,40700.0,100,Sell
2024-08-12 13:42:32,40700.0,200,Sell
2024-08-12 13:42:32,40700.0,500,Sell
2024-08-12 13:42:32,40700.0,100,Sell
2024-08-12 13:42:32,40700.0,100,Sell
2024-08-12 13:42:32,40700.0,1000,Sell
2024-08-12 13:42:32,40700.0,2000,Sell
2024-08-12 13:42:33,40700.0,1000,Sell
2024-08-12 13:42:36,40700.0,100,Sell
2024-08-12 13:42:36,40700.0,1000,Sell
2024-08-12 13:42:36,40700.0,100,Sell
2024-08-12 13:42:36,40700.0,200,Sell
2024-08-12 13:42:36,40700.0,1800,Sell
2024-08-12 13:42:36,40700.0,1800,Sell
2024-08-12 13:42:38,40700.0,500,Buy
2024-08-12 13:42:38,40700.0,2000,Buy
2024-08-12 13:42:38,40700.0,500,Buy
2024-08-12 13:42:38,40700.0,500,Buy
2024-08-12 13:42:38,40700.0,200,Buy
2024-08-12 13:42:38,40700.0,2000,Buy
2024-08-12 13:42:38,40700.0,500,Buy
2024-08-12 13:42:38,40700.0,500,Buy
2024-08-12 13:42:38,40700.0,300,Buy
2024-08-12 13:42:38,40700.0,6600,Buy
2024-08-12 13:42:38,40700.0,1900,Buy
2024-08-12 13:42:38,40700.0,1200,Buy
2024-08-12 13:42:38,40700.0,100,Buy
2024-08-12 13:42:38,40700.0,100,Buy
2024-08-12 13:42:38,40700.0,100,Buy
2024-08-12 13:42:44,40650.0,500,Sell
2024-08-12 13:42:44,40650.0,100,Sell
2024-08-12 13:42:44,40650.0,300,Sell
2024-08-12 13:42:44,40650.0,100,Sell
2024-08-12 13:42:45,40650.0,100,Sell
2024-08-12 13:42:45,40700.0,100,Buy
2024-08-12 13:42:45,40700.0,100,Buy
2024-08-12 13:42:50,40650.0,3100,Sell
2024-08-12 13:42:50,40650.0,500,Sell
2024-08-12 13:42:50,40650.0,1000,Sell
2024-08-12 13:42:50,40650.0,100,Sell
2024-08-12 13:42:55,40650.0,2000,Buy
2024-08-12 13:42:55,40650.0,400,Buy
2024-08-12 13:42:55,40650.0,100,Buy
2024-08-12 13:43:01,40650.0,100,Buy
2024-08-12 13:43:02,40650.0,2000,Buy
2024-08-12 13:43:08,40650.0,600,Buy
2024-08-12 13:43:08,40650.0,2400,Buy
2024-08-12 13:43:10,40650.0,400,Buy
2024-08-12 13:43:10,40650.0,100,Buy
2024-08-12 13:43:10,40600.0,300,Sell
2024-08-12 13:43:10,40600.0,100,Sell
2024-08-12 13:43:10,40600.0,500,Sell
2024-08-12 13:43:11,40600.0,500,Sell
2024-08-12 13:43:11,40600.0,2000,Sell
2024-08-12 13:43:11,40600.0,500,Sell
2024-08-12 13:43:11,40600.0,1300,Sell
2024-08-12 13:43:11,40600.0,400,Sell
2024-08-12 13:43:11,40600.0,100,Sell
2024-08-12 13:43:11,40600.0,100,Sell
2024-08-12 13:43:11,40600.0,1000,Sell
2024-08-12 13:43:11,40600.0,200,Sell
2024-08-12 13:43:11,40600.0,600,Sell
2024-08-12 13:43:11,40600.0,100,Sell
2024-08-12 13:43:11,40600.0,100,Sell
2024-08-12 13:43:11,40600.0,100,Sell
2024-08-12 13:43:11,40600.0,300,Sell
2024-08-12 13:43:11,40600.0,700,Sell
2024-08-12 13:43:11,40600.0,100,Sell
2024-08-12 13:43:15,40600.0,100,Buy
2024-08-12 13:43:16,40600.0,100,Buy
2024-08-12 13:43:18,40600.0,2000,Buy
2024-08-12 13:43:19,40600.0,2000,Buy
2024-08-12 13:43:22,40600.0,300,Buy
2024-08-12 13:43:22,40600.0,400,Buy
2024-08-12 13:43:22,40600.0,1300,Buy
2024-08-12 13:43:24,40550.0,100,Sell
2024-08-12 13:43:24,40550.0,300,Sell
2024-08-12 13:43:24,40550.0,100,Sell
2024-08-12 13:43:24,40550.0,1500,Sell
2024-08-12 13:43:24,40550.0,3500,Sell
2024-08-12 13:43:24,40550.0,100,Sell
2024-08-12 13:43:24,40550.0,100,Sell
2024-08-12 13:43:24,40550.0,1000,Sell
2024-08-12 13:43:24,40550.0,5000,Sell
2024-08-12 13:43:24,40550.0,300,Sell
2024-08-12 13:43:28,40600.0,2000,Buy
2024-08-12 13:43:28,40550.0,500,Sell
2024-08-12 13:43:29,40600.0,1000,Buy
2024-08-12 13:43:30,40550.0,100,Sell
2024-08-12 13:43:30,40550.0,2200,Sell
2024-08-12 13:43:30,40550.0,1200,Sell
2024-08-12 13:43:31,40500.0,500,Sell
2024-08-12 13:43:32,40500.0,1000,Sell
2024-08-12 13:43:33,40550.0,100,Buy
2024-08-12 13:43:33,40500.0,3100,Sell
2024-08-12 13:43:33,40500.0,900,Sell
2024-08-12 13:43:38,40500.0,1200,Sell
2024-08-12 13:43:38,40500.0,1500,Sell
2024-08-12 13:43:38,40500.0,4600,Sell
2024-08-12 13:43:38,40500.0,1000,Sell
2024-08-12 13:43:38,40550.0,300,Buy
2024-08-12 13:43:40,40550.0,100,Buy
2024-08-12 13:43:40,40550.0,100,Buy
2024-08-12 13:43:41,40600.0,1000,Buy
2024-08-12 13:43:41,40600.0,1500,Buy
2024-08-12 13:43:41,40550.0,500,Buy
2024-08-12 13:43:41,40550.0,200,Buy
2024-08-12 13:43:41,40550.0,1300,Buy
2024-08-12 13:43:44,40500.0,300,Sell
2024-08-12 13:43:44,40500.0,5000,Sell
2024-08-12 13:43:44,40550.0,100,Sell
2024-08-12 13:43:44,40500.0,4400,Sell
2024-08-12 13:43:44,40500.0,200,Sell
2024-08-12 13:43:47,40550.0,500,Buy
2024-08-12 13:43:47,40550.0,500,Buy
2024-08-12 13:43:50,40500.0,1000,Sell
2024-08-12 13:43:54,40550.0,100,Buy
2024-08-12 13:44:02,40550.0,200,Buy
2024-08-12 13:44:03,40550.0,700,Buy
2024-08-12 13:44:03,40550.0,100,Buy
2024-08-12 13:44:03,40550.0,5000,Buy
2024-08-12 13:44:04,40550.0,2500,Buy
2024-08-12 13:44:04,40550.0,500,Buy
2024-08-12 13:44:05,40550.0,3900,Buy
2024-08-12 13:44:05,40550.0,500,Buy
2024-08-12 13:44:05,40550.0,3100,Buy
2024-08-12 13:44:06,40550.0,200,Buy
2024-08-12 13:44:07,40550.0,100,Buy
2024-08-12 13:44:08,40550.0,100,Buy
2024-08-12 13:44:09,40550.0,100,Sell
2024-08-12 13:44:09,40550.0,10500,Buy
2024-08-12 13:44:09,40550.0,100,Buy
2024-08-12 13:44:11,40550.0,100,Sell
2024-08-12 13:44:13,40550.0,800,Sell
2024-08-12 13:44:13,40550.0,1000,Sell
2024-08-12 13:44:13,40550.0,3000,Sell
2024-08-12 13:44:28,40600.0,1800,Buy
2024-08-12 13:44:28,40600.0,200,Buy
2024-08-12 13:44:28,40600.0,1000,Buy
2024-08-12 13:44:31,40550.0,100,Sell
2024-08-12 13:44:31,40550.0,400,Sell
2024-08-12 13:44:37,40600.0,400,Buy
2024-08-12 13:44:37,40600.0,200,Buy
2024-08-12 13:44:39,40600.0,500,Buy
2024-08-12 13:44:41,40600.0,100,Buy
2024-08-12 13:44:41,40600.0,1000,Buy
2024-08-12 13:44:42,40600.0,100,Buy
2024-08-12 13:44:42,40600.0,100,Buy
2024-08-12 13:44:43,40600.0,900,Buy
2024-08-12 13:44:51,40650.0,200,Buy
2024-08-12 13:44:51,40600.0,300,Sell
2024-08-12 13:44:52,40650.0,200,Buy
2024-08-12 13:44:58,40650.0,100,Buy
2024-08-12 13:44:58,40650.0,500,Buy
2024-08-12 13:45:00,40650.0,500,Buy
2024-08-12 13:45:01,40650.0,100,Buy
2024-08-12 13:45:04,40650.0,100,Sell
2024-08-12 13:45:15,40700.0,100,Buy
2024-08-12 13:45:15,40700.0,200,Buy
2024-08-12 13:45:15,40700.0,300,Buy
2024-08-12 13:45:15,40700.0,1900,Buy
2024-08-12 13:45:46,40700.0,100,Sell
2024-08-12 13:45:53,40700.0,400,Sell
2024-08-12 13:45:53,40700.0,200,Sell
2024-08-12 13:45:53,40700.0,100,Sell
2024-08-12 13:45:53,40700.0,100,Sell
2024-08-12 13:45:53,40700.0,400,Sell
2024-08-12 13:45:56,40800.0,200,Buy
2024-08-12 13:46:03,40800.0,300,Buy
2024-08-12 13:46:04,40800.0,100,Buy
2024-08-12 13:46:06,40800.0,100,Buy
2024-08-12 13:46:08,40800.0,100,Buy
2024-08-12 13:46:12,40800.0,200,Buy
2024-08-12 13:46:12,40800.0,100,Buy
2024-08-12 13:46:13,40800.0,900,Buy
2024-08-12 13:46:15,40800.0,1000,Buy
2024-08-12 13:46:29,40800.0,400,Buy
2024-08-12 13:46:29,40800.0,300,Buy
2024-08-12 13:46:29,40850.0,600,Buy
2024-08-12 13:46:29,40850.0,9700,Buy
2024-08-12 13:46:29,40800.0,3900,Buy
2024-08-12 13:46:32,40850.0,300,Buy
2024-08-12 13:46:32,40850.0,100,Buy
2024-08-12 13:46:32,40950.0,100,Buy
2024-08-12 13:46:38,40950.0,200,Buy
2024-08-12 13:46:38,41000.0,400,Buy
2024-08-12 13:46:38,41000.0,100,Buy
2024-08-12 13:46:38,41000.0,600,Buy
2024-08-12 13:46:43,41000.0,100,Buy
2024-08-12 13:46:49,41000.0,100,Buy
2024-08-12 13:46:53,41000.0,200,Buy
2024-08-12 13:46:55,40950.0,2000,Buy
2024-08-12 13:47:14,40950.0,200,Buy
2024-08-12 13:47:23,40950.0,1000,Buy
2024-08-12 13:47:28,40950.0,800,Buy
2024-08-12 13:47:31,40950.0,500,Buy
2024-08-12 13:47:31,40950.0,500,Buy
2024-08-12 13:48:00,40950.0,100,Buy
2024-08-12 13:48:28,40850.0,100,Buy
2024-08-12 13:49:16,40850.0,100,Sell
2024-08-12 13:49:28,40850.0,500,Sell
2024-08-12 13:50:20,40850.0,100,Sell
2024-08-12 13:50:25,40900.0,300,Buy
2024-08-12 13:50:25,40900.0,100,Buy
2024-08-12 13:50:55,40950.0,500,Buy
2024-08-12 13:50:55,40950.0,2000,Buy
2024-08-12 13:50:55,40950.0,500,Buy
2024-08-12 13:50:55,40950.0,2000,Buy
2024-08-12 13:50:55,40950.0,1300,Buy
2024-08-12 13:51:13,40950.0,200,Sell
2024-08-12 13:51:53,40950.0,300,Sell
2024-08-12 13:51:53,40950.0,1000,Sell
2024-08-12 13:51:53,40950.0,400,Sell
2024-08-12 13:51:53,40950.0,300,Sell
2024-08-12 13:52:08,41000.0,100,Buy
2024-08-12 13:52:17,41000.0,300,Buy
2024-08-12 13:52:22,41000.0,5000,Buy
2024-08-12 13:52:22,41000.0,300,Buy
2024-08-12 13:52:22,41000.0,200,Buy
2024-08-12 13:52:22,41000.0,1500,Buy
2024-08-12 13:52:22,41000.0,1300,Buy
2024-08-12 13:52:22,41000.0,1100,Buy
2024-08-12 13:52:22,41000.0,500,Buy
2024-08-12 13:52:22,41000.0,100,Buy
2024-08-12 13:52:23,41000.0,100,Buy
2024-08-12 13:52:23,41000.0,100,Buy
2024-08-12 13:52:23,41000.0,500,Buy
2024-08-12 13:52:23,41000.0,200,Buy
2024-08-12 13:52:23,41000.0,300,Buy
2024-08-12 13:52:23,41000.0,300,Buy
2024-08-12 13:52:25,41000.0,1000,Buy
2024-08-12 13:52:25,41000.0,200,Buy
2024-08-12 13:52:25,41000.0,200,Buy
2024-08-12 13:52:25,41000.0,1000,Buy
2024-08-12 13:52:25,41000.0,1000,Buy
2024-08-12 13:53:23,41000.0,100,Sell
2024-08-12 13:53:27,41050.0,200,Buy
2024-08-12 13:53:35,41050.0,100,Buy
2024-08-12 13:53:35,41050.0,100,Buy
2024-08-12 13:53:53,41000.0,100,Sell
2024-08-12 13:54:06,41000.0,1000,Sell
2024-08-12 13:54:15,41000.0,100,Sell
2024-08-12 13:54:30,41000.0,900,Sell
2024-08-12 13:54:30,41000.0,1000,Sell
2024-08-12 13:54:34,41000.0,100,Sell
2024-08-12 13:54:37,41000.0,1300,Sell
2024-08-12 13:54:39,41000.0,200,Sell
2024-08-12 13:54:43,41000.0,500,Sell
2024-08-12 13:55:08,41000.0,500,Sell
2024-08-12 13:55:09,41000.0,100,Sell
2024-08-12 13:55:35,41050.0,100,Buy
2024-08-12 13:56:17,41050.0,100,Buy
2024-08-12 13:56:30,41050.0,100,Buy
2024-08-12 13:56:34,41050.0,800,Buy
2024-08-12 13:56:36,41000.0,4000,Sell
2024-08-12 13:56:36,41000.0,100,Sell
2024-08-12 13:56:36,41000.0,400,Sell
2024-08-12 13:56:36,41000.0,1000,Sell
2024-08-12 13:56:36,41000.0,500,Sell
2024-08-12 13:56:37,41050.0,300,Buy
2024-08-12 13:56:39,41050.0,2000,Buy
2024-08-12 13:56:48,41050.0,1000,Buy
2024-08-12 13:56:51,41050.0,1000,Buy
2024-08-12 13:56:51,41050.0,200,Buy
2024-08-12 13:56:51,41050.0,1000,Buy
2024-08-12 13:56:51,41050.0,300,Buy
2024-08-12 13:56:51,41050.0,500,Buy
2024-08-12 13:56:57,41050.0,1200,Buy
2024-08-12 13:56:57,41050.0,500,Buy
2024-08-12 13:56:57,41050.0,300,Buy
2024-08-12 13:56:58,41000.0,200,Sell
2024-08-12 13:57:01,41050.0,1000,Buy
2024-08-12 13:57:01,41050.0,1000,Buy
2024-08-12 13:57:03,41050.0,200,Buy
2024-08-12 13:57:08,41050.0,100,Buy
2024-08-12 13:57:13,41050.0,200,Buy
2024-08-12 13:57:17,41050.0,100,Sell
2024-08-12 13:57:33,41050.0,100,Sell
2024-08-12 13:57:47,41050.0,500,Sell
2024-08-12 13:58:06,41100.0,100,Buy
2024-08-12 13:58:06,41100.0,200,Buy
2024-08-12 13:58:06,41100.0,300,Buy
2024-08-12 13:58:08,41050.0,100,Sell
2024-08-12 13:58:08,41050.0,500,Sell
2024-08-12 13:58:08,41050.0,100,Sell
2024-08-12 13:58:08,41050.0,300,Sell
2024-08-12 13:58:14,41100.0,300,Buy
2024-08-12 13:58:15,41050.0,500,Sell
2024-08-12 13:58:15,41100.0,500,Buy
2024-08-12 13:58:21,41050.0,200,Sell
2024-08-12 13:58:21,41050.0,100,Sell
2024-08-12 13:58:21,41050.0,100,Sell
2024-08-12 13:58:21,41050.0,600,Sell
2024-08-12 13:58:37,41050.0,500,Sell
2024-08-12 13:58:55,41100.0,1000,Buy
2024-08-12 13:59:06,41100.0,500,Buy
2024-08-12 13:59:06,41100.0,500,Buy
2024-08-12 13:59:06,41100.0,500,Buy
2024-08-12 13:59:06,41100.0,200,Buy
2024-08-12 13:59:06,41100.0,100,Buy
2024-08-12 13:59:06,41100.0,100,Buy
2024-08-12 13:59:09,41100.0,100,Buy
2024-08-12 13:59:49,41100.0,300,Buy
2024-08-12 13:59:51,41100.0,100,Buy
2024-08-12 13:59:51,41100.0,200,Buy
2024-08-12 13:59:54,41100.0,500,Buy
2024-08-12 13:59:54,41100.0,3700,Buy
2024-08-12 13:59:54,41100.0,800,Buy
2024-08-12 13:59:56,41100.0,100,Buy
2024-08-12 14:00:00,41100.0,500,Buy
2024-08-12 14:00:00,41100.0,300,Buy
2024-08-12 14:00:00,41100.0,500,Buy
2024-08-12 14:00:00,41100.0,400,Buy
2024-08-12 14:00:03,41100.0,100,Buy
2024-08-12 14:00:04,41100.0,100,Buy
2024-08-12 14:00:06,41100.0,300,Buy
2024-08-12 14:00:08,41100.0,1000,Buy
2024-08-12 14:00:15,41100.0,200,Buy
2024-08-12 14:00:19,41100.0,300,Buy
2024-08-12 14:00:19,41100.0,500,Buy
2024-08-12 14:00:19,41100.0,1200,Buy
2024-08-12 14:00:20,41100.0,500,Buy
2024-08-12 14:00:30,41100.0,100,Buy
2024-08-12 14:00:30,41100.0,200,Buy
2024-08-12 14:00:37,41100.0,2000,Sell
2024-08-12 14:00:37,41100.0,100,Sell
2024-08-12 14:00:37,41100.0,1000,Sell
2024-08-12 14:00:37,41100.0,2000,Sell
2024-08-12 14:00:41,41100.0,2000,Sell
2024-08-12 14:01:07,41100.0,1000,Sell
2024-08-12 14:01:22,41100.0,200,Sell
2024-08-12 14:01:27,41100.0,1700,Sell
2024-08-12 14:01:27,41100.0,200,Sell
2024-08-12 14:01:27,41100.0,100,Sell
2024-08-12 14:01:29,41100.0,900,Sell
2024-08-12 14:01:44,41100.0,100,Buy
2024-08-12 14:01:44,41100.0,1600,Buy
2024-08-12 14:01:44,41100.0,500,Buy
2024-08-12 14:01:49,41100.0,1000,Sell
2024-08-12 14:01:56,41100.0,1000,Buy
2024-08-12 14:01:56,41100.0,200,Buy
2024-08-12 14:01:56,41100.0,2600,Buy
2024-08-12 14:02:32,41050.0,10000,Sell
2024-08-12 14:02:38,41050.0,100,Sell
2024-08-12 14:02:46,41050.0,1000,Sell
2024-08-12 14:02:49,41050.0,1000,Sell
2024-08-12 14:02:51,41050.0,1000,Sell
2024-08-12 14:02:51,41050.0,5000,Sell
2024-08-12 14:03:04,41050.0,1000,Sell
2024-08-12 14:03:05,41050.0,200,Sell
2024-08-12 14:03:06,41050.0,1000,Sell
2024-08-12 14:03:07,41050.0,3000,Sell
2024-08-12 14:03:07,41050.0,15000,Sell
2024-08-12 14:03:08,41050.0,700,Sell
2024-08-12 14:03:08,41050.0,100,Sell
2024-08-12 14:03:08,41050.0,100,Sell
2024-08-12 14:03:08,41050.0,200,Sell
2024-08-12 14:03:08,41050.0,400,Sell
2024-08-12 14:03:08,41050.0,600,Sell
2024-08-12 14:03:11,41050.0,100,Buy
2024-08-12 14:03:16,41000.0,1000,Sell
2024-08-12 14:03:31,41000.0,500,Sell
2024-08-12 14:03:32,41050.0,300,Buy
2024-08-12 14:03:59,41000.0,100,Sell
2024-08-12 14:04:02,41000.0,200,Sell
2024-08-12 14:04:02,41000.0,100,Sell
2024-08-12 14:04:02,41000.0,100,Sell
2024-08-12 14:04:02,41000.0,400,Sell
2024-08-12 14:04:02,41000.0,200,Sell
2024-08-12 14:04:05,41000.0,500,Sell
2024-08-12 14:04:09,41000.0,400,Sell
2024-08-12 14:04:11,41000.0,100,Sell
2024-08-12 14:04:13,41000.0,200,Sell
2024-08-12 14:04:21,41000.0,400,Sell
2024-08-12 14:04:35,41000.0,500,Sell
2024-08-12 14:04:36,41000.0,1000,Sell
2024-08-12 14:04:40,41000.0,1700,Sell
2024-08-12 14:05:35,40950.0,100,Sell
2024-08-12 14:05:40,41000.0,500,Buy
2024-08-12 14:06:00,40950.0,1000,Sell
2024-08-12 14:06:13,40950.0,900,Sell
2024-08-12 14:06:13,40950.0,100,Sell
2024-08-12 14:06:13,40950.0,300,Sell
2024-08-12 14:06:13,40950.0,200,Sell
2024-08-12 14:06:14,40950.0,100,Sell
2024-08-12 14:06:30,40950.0,800,Sell
2024-08-12 14:06:31,40950.0,200,Sell
2024-08-12 14:06:31,40950.0,1000,Sell
2024-08-12 14:06:39,40950.0,100,Buy
2024-08-12 14:06:54,40950.0,700,Buy
2024-08-12 14:07:38,41000.0,500,Buy
2024-08-12 14:07:38,41000.0,500,Buy
2024-08-12 14:07:38,41000.0,500,Buy
2024-08-12 14:07:38,41000.0,1000,Buy
2024-08-12 14:07:38,41000.0,100,Buy
2024-08-12 14:07:38,41000.0,200,Buy
2024-08-12 14:07:38,41000.0,200,Buy
2024-08-12 14:07:38,41000.0,500,Buy
2024-08-12 14:07:38,41000.0,200,Buy
2024-08-12 14:07:38,41000.0,3200,Buy
2024-08-12 14:07:42,41000.0,500,Sell
2024-08-12 14:07:59,41000.0,500,Sell
2024-08-12 14:08:02,41050.0,500,Buy
2024-08-12 14:08:02,41050.0,100,Buy
2024-08-12 14:08:08,41000.0,600,Sell
2024-08-12 14:08:33,41050.0,100,Buy
2024-08-12 14:08:33,41050.0,900,Buy
2024-08-12 14:09:07,41050.0,100,Buy
2024-08-12 14:09:07,41050.0,9200,Buy
2024-08-12 14:09:12,41050.0,1500,Buy
2024-08-12 14:09:14,41050.0,2300,Buy
2024-08-12 14:09:15,41050.0,100,Sell
2024-08-12 14:09:24,41050.0,500,Sell
2024-08-12 14:09:31,41050.0,100,Sell
2024-08-12 14:09:48,41050.0,900,Sell
2024-08-12 14:09:48,41050.0,100,Sell
2024-08-12 14:09:48,41050.0,1500,Sell
2024-08-12 14:09:48,41050.0,2500,Sell
2024-08-12 14:09:56,41050.0,1200,Sell
2024-08-12 14:10:08,41100.0,400,Buy
2024-08-12 14:10:33,41050.0,700,Sell
2024-08-12 14:10:39,41100.0,800,Buy
2024-08-12 14:10:45,41100.0,100,Buy
2024-08-12 14:10:48,41100.0,600,Buy
2024-08-12 14:10:56,41050.0,1500,Sell
2024-08-12 14:10:56,41050.0,100,Sell
2024-08-12 14:10:56,41050.0,100,Sell
2024-08-12 14:10:56,41050.0,2900,Sell
2024-08-12 14:10:56,41050.0,200,Sell
2024-08-12 14:10:58,41050.0,200,Buy
2024-08-12 14:10:58,41100.0,100,Buy
2024-08-12 14:11:03,41100.0,1000,Buy
2024-08-12 14:11:14,41100.0,500,Buy
2024-08-12 14:11:33,41050.0,10000,Buy
2024-08-12 14:11:47,41050.0,100,Buy
2024-08-12 14:11:49,41050.0,4900,Buy
2024-08-12 14:12:01,41050.0,100,Sell
2024-08-12 14:12:01,41050.0,200,Sell
2024-08-12 14:12:05,41050.0,100,Buy
2024-08-12 14:12:15,41100.0,1000,Buy
2024-08-12 14:12:15,41100.0,200,Buy
2024-08-12 14:12:15,41100.0,2300,Buy
2024-08-12 14:12:15,41100.0,100,Buy
2024-08-12 14:12:15,41100.0,200,Buy
2024-08-12 14:12:15,41100.0,500,Buy
2024-08-12 14:12:15,41100.0,100,Buy
2024-08-12 14:12:15,41100.0,3000,Buy
2024-08-12 14:12:15,41100.0,100,Buy
2024-08-12 14:12:15,41100.0,200,Buy
2024-08-12 14:12:15,41100.0,500,Buy
2024-08-12 14:12:15,41100.0,4900,Buy
2024-08-12 14:12:15,41100.0,200,Buy
2024-08-12 14:12:15,41100.0,4900,Buy
2024-08-12 14:12:15,41100.0,700,Buy
2024-08-12 14:12:15,41100.0,1500,Buy
2024-08-12 14:12:15,41100.0,500,Buy
2024-08-12 14:12:15,41100.0,500,Buy
2024-08-12 14:12:15,41100.0,12700,Buy
2024-08-12 14:12:15,41100.0,400,Buy
2024-08-12 14:12:34,41100.0,100,Sell
2024-08-12 14:12:34,41100.0,100,Sell
2024-08-12 14:12:46,41100.0,100,Sell
2024-08-12 14:13:00,41150.0,500,Buy
2024-08-12 14:13:13,41100.0,300,Sell
2024-08-12 14:13:33,41150.0,2900,Buy
2024-08-12 14:13:35,41150.0,2000,Buy
2024-08-12 14:13:40,41150.0,100,Buy
2024-08-12 14:13:56,41150.0,2000,Buy
2024-08-12 14:13:56,41150.0,600,Buy
2024-08-12 14:13:56,41150.0,500,Buy
2024-08-12 14:13:56,41150.0,100,Buy
2024-08-12 14:13:56,41150.0,2000,Buy
2024-08-12 14:13:56,41150.0,500,Buy
2024-08-12 14:13:56,41150.0,100,Buy
2024-08-12 14:13:56,41150.0,100,Buy
2024-08-12 14:13:56,41150.0,100,Buy
2024-08-12 14:13:56,41150.0,7200,Buy
2024-08-12 14:13:56,41150.0,1300,Buy
2024-08-12 14:13:56,41150.0,200,Buy
2024-08-12 14:14:01,41150.0,1400,Sell
2024-08-12 14:14:18,41200.0,100,Buy
2024-08-12 14:14:18,41200.0,2000,Buy
2024-08-12 14:14:18,41200.0,600,Buy
2024-08-12 14:14:39,41200.0,200,Buy
2024-08-12 14:14:39,41200.0,100,Buy
2024-08-12 14:14:39,41200.0,200,Buy
2024-08-12 14:14:39,41200.0,4400,Buy
2024-08-12 14:14:39,41200.0,100,Buy
2024-08-12 14:14:42,41200.0,100,Buy
2024-08-12 14:14:44,41200.0,200,Buy
2024-08-12 14:14:46,41200.0,700,Buy
2024-08-12 14:14:46,41200.0,300,Buy
2024-08-12 14:14:50,41200.0,1000,Buy
2024-08-12 14:14:59,41200.0,100,Buy
2024-08-12 14:14:59,41200.0,600,Buy
2024-08-12 14:14:59,41200.0,500,Buy
2024-08-12 14:14:59,41200.0,300,Buy
2024-08-12 14:15:01,41200.0,100,Buy
2024-08-12 14:15:01,41200.0,100,Buy
2024-08-12 14:15:06,41200.0,700,Buy
2024-08-12 14:15:06,41200.0,100,Buy
2024-08-12 14:15:08,41200.0,200,Buy
2024-08-12 14:15:09,41200.0,100,Buy
2024-08-12 14:15:13,41150.0,300,Sell
2024-08-12 14:15:16,41200.0,200,Buy
2024-08-12 14:15:16,41200.0,800,Buy
2024-08-12 14:15:16,41200.0,1000,Buy
2024-08-12 14:15:16,41200.0,100,Buy
2024-08-12 14:15:19,41200.0,500,Buy
2024-08-12 14:15:21,41200.0,900,Buy
2024-08-12 14:15:21,41200.0,100,Buy
2024-08-12 14:15:29,41200.0,100,Buy
2024-08-12 14:15:29,41200.0,500,Buy
2024-08-12 14:15:29,41200.0,400,Buy
2024-08-12 14:15:33,41200.0,100,Buy
2024-08-12 14:15:53,41200.0,500,Buy
2024-08-12 14:15:53,41200.0,100,Buy
2024-08-12 14:15:53,41200.0,400,Buy
2024-08-12 14:15:57,41200.0,600,Buy
2024-08-12 14:15:57,41200.0,500,Buy
2024-08-12 14:16:09,41200.0,200,Buy
2024-08-12 14:16:15,41150.0,1300,Sell
2024-08-12 14:16:21,41200.0,300,Buy
2024-08-12 14:16:27,41200.0,300,Sell
2024-08-12 14:16:27,41200.0,100,Sell
2024-08-12 14:16:37,41250.0,1700,Buy
2024-08-12 14:16:44,41250.0,200,Buy
2024-08-12 14:16:45,41250.0,100,Buy
2024-08-12 14:16:47,41250.0,100,Buy
2024-08-12 14:16:47,41250.0,500,Buy
2024-08-12 14:17:09,41200.0,1300,Sell
2024-08-12 14:17:10,41250.0,1000,Buy
2024-08-12 14:17:11,41200.0,1000,Sell
2024-08-12 14:17:11,41250.0,1000,Buy
2024-08-12 14:17:11,41250.0,500,Buy
2024-08-12 14:17:11,41250.0,400,Buy
2024-08-12 14:17:11,41250.0,100,Buy
2024-08-12 14:17:20,41250.0,200,Buy
2024-08-12 14:17:26,41250.0,800,Buy
2024-08-12 14:17:26,41250.0,200,Buy
2024-08-12 14:17:30,41250.0,100,Buy
2024-08-12 14:17:30,41250.0,100,Buy
2024-08-12 14:17:30,41250.0,1800,Buy
2024-08-12 14:17:34,41250.0,100,Buy
2024-08-12 14:17:43,41250.0,500,Sell
2024-08-12 14:17:43,41250.0,100,Sell
2024-08-12 14:17:43,41250.0,100,Sell
2024-08-12 14:18:05,41250.0,300,Sell
2024-08-12 14:18:06,41250.0,800,Sell
2024-08-12 14:18:06,41250.0,200,Sell
2024-08-12 14:18:06,41250.0,700,Sell
2024-08-12 14:18:06,41250.0,100,Sell
2024-08-12 14:18:06,41250.0,1900,Sell
2024-08-12 14:18:07,41250.0,100,Buy
2024-08-12 14:18:10,41250.0,4100,Buy
2024-08-12 14:18:10,41300.0,300,Buy
2024-08-12 14:18:10,41300.0,100,Buy
2024-08-12 14:18:10,41300.0,100,Buy
2024-08-12 14:18:10,41300.0,500,Buy
2024-08-12 14:18:10,41300.0,400,Buy
2024-08-12 14:18:10,41300.0,100,Buy
2024-08-12 14:18:10,41300.0,1000,Buy
2024-08-12 14:18:10,41300.0,200,Buy
2024-08-12 14:18:10,41300.0,300,Buy
2024-08-12 14:18:36,41250.0,500,Buy
2024-08-12 14:18:39,41250.0,100,Sell
2024-08-12 14:18:42,41300.0,200,Buy
2024-08-12 14:18:42,41300.0,700,Buy
2024-08-12 14:18:48,41250.0,2000,Sell
2024-08-12 14:18:51,41300.0,400,Buy
2024-08-12 14:18:52,41250.0,100,Sell
2024-08-12 14:18:54,41250.0,900,Sell
2024-08-12 14:18:55,41250.0,1300,Sell
2024-08-12 14:18:55,41250.0,100,Sell
2024-08-12 14:18:55,41250.0,100,Sell
2024-08-12 14:18:55,41250.0,1000,Sell
2024-08-12 14:19:00,41250.0,100,Sell
2024-08-12 14:19:02,41250.0,100,Buy
2024-08-12 14:19:04,41250.0,400,Buy
2024-08-12 14:19:06,41250.0,1500,Sell
2024-08-12 14:19:07,41250.0,300,Sell
2024-08-12 14:19:08,41250.0,1800,Sell
2024-08-12 14:19:36,41200.0,1000,Sell
2024-08-12 14:19:45,41250.0,1000,Buy
2024-08-12 14:19:46,41200.0,1000,Sell
2024-08-12 14:19:47,41250.0,800,Buy
2024-08-12 14:19:47,41250.0,200,Buy
2024-08-12 14:19:47,41250.0,500,Buy
2024-08-12 14:19:47,41250.0,500,Buy
2024-08-12 14:19:55,41200.0,400,Sell
2024-08-12 14:20:08,41200.0,1000,Sell
2024-08-12 14:20:17,41200.0,300,Sell
2024-08-12 14:20:18,41200.0,3600,Sell
2024-08-12 14:20:18,41200.0,100,Sell
2024-08-12 14:20:18,41200.0,1000,Sell
2024-08-12 14:20:18,41200.0,100,Sell
2024-08-12 14:20:18,41200.0,10000,Sell
2024-08-12 14:20:18,41200.0,500,Sell
2024-08-12 14:20:18,41200.0,2000,Sell
2024-08-12 14:20:18,41200.0,700,Sell
2024-08-12 14:20:22,41200.0,100,Sell
2024-08-12 14:20:25,41200.0,100,Sell
2024-08-12 14:20:25,41250.0,300,Buy
2024-08-12 14:20:25,41200.0,400,Sell
2024-08-12 14:20:25,41250.0,1700,Buy
2024-08-12 14:20:25,41250.0,500,Buy
2024-08-12 14:20:25,41200.0,100,Sell
2024-08-12 14:20:26,41200.0,100,Sell
2024-08-12 14:20:31,41200.0,100,Sell
2024-08-12 14:20:32,41250.0,200,Buy
2024-08-12 14:20:32,41250.0,800,Buy
2024-08-12 14:20:35,41200.0,200,Sell
2024-08-12 14:20:46,41200.0,7500,Sell
2024-08-12 14:20:50,41200.0,900,Sell
2024-08-12 14:20:51,41200.0,400,Sell
2024-08-12 14:20:52,41200.0,100,Sell
2024-08-12 14:20:55,41200.0,300,Buy
2024-08-12 14:20:56,41200.0,2700,Buy
2024-08-12 14:20:58,41250.0,200,Buy
2024-08-12 14:20:58,41250.0,500,Buy
2024-08-12 14:20:58,41250.0,200,Buy
2024-08-12 14:21:01,41200.0,2000,Sell
2024-08-12 14:21:08,41200.0,500,Sell
2024-08-12 14:21:16,41200.0,100,Buy
2024-08-12 14:21:20,41150.0,3600,Sell
2024-08-12 14:21:20,41150.0,100,Sell
2024-08-12 14:21:27,41150.0,400,Sell
2024-08-12 14:21:27,41150.0,700,Sell
2024-08-12 14:21:28,41150.0,500,Sell
2024-08-12 14:21:28,41150.0,300,Sell
2024-08-12 14:21:28,41150.0,3100,Sell
2024-08-12 14:21:35,41200.0,400,Buy
2024-08-12 14:21:35,41200.0,200,Buy
2024-08-12 14:21:39,41150.0,6900,Sell
2024-08-12 14:21:39,41150.0,100,Sell
2024-08-12 14:21:43,41150.0,100,Buy
2024-08-12 14:21:59,41100.0,1500,Sell
2024-08-12 14:22:23,41100.0,300,Sell
2024-08-12 14:22:23,41100.0,2500,Sell
2024-08-12 14:22:28,41100.0,700,Sell
2024-08-12 14:22:36,41100.0,4000,Sell
2024-08-12 14:22:36,41100.0,100,Sell
2024-08-12 14:22:36,41050.0,1900,Sell
2024-08-12 14:22:36,41050.0,3500,Sell
2024-08-12 14:22:50,41100.0,1000,Sell
2024-08-12 14:23:01,41100.0,200,Sell
2024-08-12 14:23:07,41100.0,100,Sell
2024-08-12 14:23:07,41100.0,300,Sell
2024-08-12 14:23:26,41100.0,600,Buy
2024-08-12 14:23:26,41100.0,900,Buy
2024-08-12 14:23:33,41100.0,300,Buy
2024-08-12 14:23:40,41100.0,100,Buy
2024-08-12 14:23:41,41100.0,100,Buy
2024-08-12 14:23:44,41100.0,300,Sell
2024-08-12 14:23:47,41100.0,200,Buy
2024-08-12 14:24:07,41100.0,500,Sell
2024-08-12 14:24:07,41150.0,500,Buy
2024-08-12 14:24:07,41150.0,300,Buy
2024-08-12 14:24:07,41150.0,200,Buy
2024-08-12 14:24:08,41100.0,300,Sell
2024-08-12 14:24:28,41100.0,800,Sell
2024-08-12 14:24:38,41150.0,100,Buy
2024-08-12 14:24:38,41150.0,400,Buy
2024-08-12 14:24:41,41100.0,200,Sell
2024-08-12 14:24:47,41100.0,200,Sell
2024-08-12 14:24:51,41150.0,200,Buy
2024-08-12 14:25:00,41100.0,800,Sell
2024-08-12 14:25:00,41100.0,200,Sell
2024-08-12 14:25:22,41150.0,200,Buy
2024-08-12 14:25:23,41150.0,200,Buy
2024-08-12 14:25:23,41150.0,600,Buy
2024-08-12 14:25:23,41150.0,500,Buy
2024-08-12 14:25:23,41150.0,300,Buy
2024-08-12 14:25:27,41100.0,800,Sell
2024-08-12 14:25:27,41100.0,3600,Sell
2024-08-12 14:25:27,41100.0,600,Sell
2024-08-12 14:25:49,41100.0,500,Sell
2024-08-12 14:25:52,41400.0,2000,Buy
2024-08-12 14:25:52,41400.0,100,Buy
2024-08-12 14:25:52,41300.0,100,Buy
2024-08-12 14:25:52,41300.0,100,Buy
2024-08-12 14:25:52,41450.0,200,Buy
2024-08-12 14:25:52,41350.0,100,Buy
2024-08-12 14:25:52,41300.0,100,Buy
2024-08-12 14:25:52,41450.0,2100,Buy
2024-08-12 14:25:52,41300.0,500,Buy
2024-08-12 14:25:52,41300.0,100,Buy
2024-08-12 14:25:52,41300.0,20000,Buy
2024-08-12 14:25:52,41300.0,300,Buy
2024-08-12 14:25:52,41450.0,700,Buy
2024-08-12 14:25:52,41300.0,1000,Buy
2024-08-12 14:25:52,41300.0,1000,Buy
2024-08-12 14:25:52,41450.0,500,Buy
2024-08-12 14:25:52,41450.0,1000,Buy
2024-08-12 14:25:52,41300.0,100,Buy
2024-08-12 14:25:52,41350.0,100,Buy
2024-08-12 14:25:52,41400.0,500,Buy
2024-08-12 14:25:52,41400.0,100,Buy
2024-08-12 14:25:52,41300.0,10000,Buy
2024-08-12 14:25:52,41400.0,100,Buy
2024-08-12 14:25:52,41300.0,300,Buy
2024-08-12 14:25:52,41350.0,200,Buy
2024-08-12 14:25:52,41350.0,3900,Buy
2024-08-12 14:25:52,41450.0,200,Buy
2024-08-12 14:25:52,41400.0,500,Buy
2024-08-12 14:25:52,41300.0,100,Buy
2024-08-12 14:25:52,41350.0,4000,Buy
2024-08-12 14:25:52,41400.0,200,Buy
2024-08-12 14:25:52,41400.0,1000,Buy
2024-08-12 14:25:52,41350.0,500,Buy
2024-08-12 14:25:52,41300.0,500,Buy
2024-08-12 14:25:52,41400.0,2800,Buy
2024-08-12 14:25:52,41400.0,500,Buy
2024-08-12 14:25:52,41400.0,200,Buy
2024-08-12 14:25:52,41300.0,1100,Buy
2024-08-12 14:25:52,41450.0,100,Buy
2024-08-12 14:25:52,41450.0,100,Buy
2024-08-12 14:25:52,41300.0,1900,Buy
2024-08-12 14:25:52,41300.0,500,Buy
2024-08-12 14:25:52,41450.0,100,Buy
2024-08-12 14:25:52,41400.0,300,Buy
2024-08-12 14:25:52,41250.0,500,Buy
2024-08-12 14:25:52,41250.0,200,Buy
2024-08-12 14:25:52,41250.0,1300,Buy
2024-08-12 14:25:52,41200.0,100,Buy
2024-08-12 14:25:52,41250.0,700,Buy
2024-08-12 14:25:52,41250.0,200,Buy
2024-08-12 14:25:52,41200.0,6000,Buy
2024-08-12 14:25:52,41200.0,2000,Buy
2024-08-12 14:25:52,41250.0,4200,Buy
2024-08-12 14:25:52,41200.0,300,Buy
2024-08-12 14:25:52,41200.0,100,Buy
2024-08-12 14:25:52,41200.0,100,Buy
2024-08-12 14:25:52,41200.0,200,Buy
2024-08-12 14:25:52,41200.0,800,Buy
2024-08-12 14:25:52,41150.0,400,Buy
2024-08-12 14:25:52,41150.0,200,Buy
2024-08-12 14:25:52,41150.0,6700,Buy
2024-08-12 14:25:52,41100.0,200,Sell
2024-08-12 14:25:52,41200.0,2000,Buy
2024-08-12 14:25:52,41250.0,500,Buy
2024-08-12 14:25:52,41250.0,400,Buy
2024-08-12 14:25:52,41250.0,1000,Buy
2024-08-12 14:25:52,41400.0,1100,Buy
2024-08-12 14:25:52,41250.0,100,Buy
2024-08-12 14:25:52,41400.0,500,Buy
2024-08-12 14:25:52,41400.0,100,Buy
2024-08-12 14:25:52,41200.0,100,Buy
2024-08-12 14:25:52,41300.0,500,Buy
2024-08-12 14:25:52,41400.0,1000,Buy
2024-08-12 14:25:52,41300.0,1300,Buy
2024-08-12 14:25:52,41350.0,100,Buy
2024-08-12 14:25:52,41400.0,100,Buy
2024-08-12 14:25:52,41350.0,200,Buy
2024-08-12 14:25:52,41250.0,100,Buy
2024-08-12 14:25:52,41250.0,4000,Buy
2024-08-12 14:25:52,41250.0,1000,Buy
2024-08-12 14:25:52,41200.0,200,Buy
2024-08-12 14:25:52,41250.0,500,Buy
2024-08-12 14:25:52,41450.0,100,Buy
2024-08-12 14:25:52,41300.0,200,Buy
2024-08-12 14:25:52,41300.0,500,Buy
2024-08-12 14:25:52,41300.0,100,Buy
2024-08-12 14:25:52,41250.0,500,Buy
2024-08-12 14:26:13,41450.0,2900,Buy
2024-08-12 14:26:13,41450.0,4000,Buy
2024-08-12 14:26:13,41450.0,200,Buy
2024-08-12 14:26:13,41450.0,500,Buy
2024-08-12 14:26:13,41450.0,600,Buy
2024-08-12 14:26:15,41450.0,100,Sell
2024-08-12 14:26:18,41450.0,500,Sell
2024-08-12 14:26:19,41450.0,200,Sell
2024-08-12 14:26:20,41450.0,5000,Buy
2024-08-12 14:26:26,41450.0,15000,Buy
2024-08-12 14:26:28,41450.0,1000,Buy
2024-08-12 14:26:29,41450.0,1000,Buy
2024-08-12 14:26:42,41200.0,300,Sell
2024-08-12 14:26:58,41200.0,300,Sell
2024-08-12 14:27:03,41400.0,1400,Buy
2024-08-12 14:27:04,41200.0,200,Sell
2024-08-12 14:27:13,41200.0,800,Sell
2024-08-12 14:27:13,41200.0,200,Sell
2024-08-12 14:27:32,41400.0,300,Buy
2024-08-12 14:27:48,41350.0,1300,Buy
2024-08-12 14:28:02,41350.0,700,Buy
2024-08-12 14:28:02,41350.0,3000,Buy
2024-08-12 14:28:02,41350.0,400,Buy
2024-08-12 14:28:02,41350.0,100,Buy
2024-08-12 14:28:06,41400.0,100,Buy
2024-08-12 14:28:07,41400.0,600,Buy
2024-08-12 14:28:07,41400.0,200,Buy
2024-08-12 14:28:07,41400.0,100,Buy
2024-08-12 14:28:07,41400.0,100,Buy
2024-08-12 14:28:12,41350.0,800,Sell
2024-08-12 14:28:12,41350.0,200,Sell
2024-08-12 14:28:26,41350.0,200,Sell
2024-08-12 14:28:27,41350.0,1000,Sell
2024-08-12 14:28:31,41350.0,100,Sell
2024-08-12 14:28:32,41350.0,1100,Sell
2024-08-12 14:28:32,41350.0,100,Sell
2024-08-12 14:28:32,41350.0,2000,Sell
2024-08-12 14:28:32,41350.0,100,Sell
2024-08-12 14:28:32,41350.0,400,Sell
2024-08-12 14:28:41,41350.0,300,Buy
2024-08-12 14:28:42,41350.0,700,Buy
2024-08-12 14:28:42,41350.0,3400,Buy
2024-08-12 14:28:50,41300.0,100,Sell
2024-08-12 14:28:55,41300.0,400,Buy
2024-08-12 14:28:55,41350.0,100,Buy
2024-08-12 14:28:55,41350.0,1000,Buy
2024-08-12 14:28:55,41350.0,11500,Buy
2024-08-12 14:29:00,41300.0,1900,Sell
2024-08-12 14:29:00,41300.0,100,Sell
2024-08-12 14:29:04,41300.0,100,Sell
2024-08-12 14:29:07,41350.0,200,Buy
2024-08-12 14:29:08,41350.0,400,Buy
2024-08-12 14:29:09,41350.0,2200,Buy
2024-08-12 14:29:12,41300.0,1000,Sell
2024-08-12 14:29:15,41350.0,200,Buy
2024-08-12 14:29:21,41350.0,100,Buy
2024-08-12 14:29:21,41350.0,100,Buy
2024-08-12 14:29:25,41300.0,900,Sell
2024-08-12 14:29:25,41300.0,1100,Sell
2024-08-12 14:29:25,41350.0,200,Buy
2024-08-12 14:29:27,41350.0,100,Buy
2024-08-12 14:29:29,41350.0,100,Buy
2024-08-12 14:29:36,41300.0,500,Sell
2024-08-12 14:29:39,41300.0,3400,Sell
2024-08-12 14:29:54,41300.0,100,Buy
2024-08-12 14:29:56,41300.0,100,Buy
2024-08-12 14:30:00,41300.0,500,ATO/ATC
2024-08-12 14:45:01,41400.0,89400,ATO/ATC
