time,price,volume,match_type,id
2024-07-23 09:14:40,38500.0,10100,ATO/ATC,225457682
2024-07-23 09:14:42,38450.0,200,Sell,225457926
2024-07-23 09:15:13,38500.0,1200,Buy,225458340
2024-07-23 09:15:13,38500.0,700,Buy,225458339
2024-07-23 09:15:13,38500.0,100,Buy,225458341
2024-07-23 09:15:42,38450.0,100,Buy,225458745
2024-07-23 09:15:42,38500.0,200,Buy,225458746
2024-07-23 09:15:51,38500.0,100,Buy,225458899
2024-07-23 09:16:02,38500.0,100,Buy,225459116
2024-07-23 09:16:13,38500.0,300,Buy,225459301
2024-07-23 09:16:23,38550.0,100,Buy,225459467
2024-07-23 09:16:48,38600.0,500,Buy,225459927
2024-07-23 09:16:48,38600.0,2000,Buy,225459928
2024-07-23 09:16:49,38600.0,200,Buy,225459949
2024-07-23 09:17:06,38650.0,100,Buy,225460309
2024-07-23 09:17:08,38650.0,900,Sell,225460352
2024-07-23 09:17:08,38650.0,500,Sell,225460353
2024-07-23 09:17:08,38650.0,600,Sell,225460354
2024-07-23 09:17:29,38650.0,100,Sell,225460774
2024-07-23 09:18:00,38750.0,100,Buy,225461361
2024-07-23 09:18:37,38800.0,1000,Buy,225462164
2024-07-23 09:18:41,38800.0,100,Buy,225462242
2024-07-23 09:18:42,38800.0,500,Sell,225462271
2024-07-23 09:18:51,38850.0,100,Buy,225462447
2024-07-23 09:19:49,38900.0,100,Buy,225463806
2024-07-23 09:19:58,38900.0,500,Buy,225464028
2024-07-23 09:20:07,38900.0,100,Buy,225464235
2024-07-23 09:20:15,38900.0,500,Buy,225464441
2024-07-23 09:20:28,38900.0,800,Buy,225464771
2024-07-23 09:20:28,38900.0,100,Buy,225464772
2024-07-23 09:20:28,38900.0,100,Buy,225464773
2024-07-23 09:20:28,38900.0,100,Buy,225464776
2024-07-23 09:20:28,38900.0,1000,Buy,225464777
2024-07-23 09:20:28,38900.0,400,Buy,225464778
2024-07-23 09:20:28,38900.0,500,Buy,225464779
2024-07-23 09:20:44,38900.0,500,Buy,225465108
2024-07-23 09:21:05,38900.0,100,Buy,225465716
2024-07-23 09:21:05,38900.0,100,Buy,225465717
2024-07-23 09:21:09,38900.0,100,Buy,225465810
2024-07-23 09:21:09,38900.0,100,Buy,225465811
2024-07-23 09:21:13,38900.0,100,Sell,225465888
2024-07-23 09:21:13,38900.0,100,Buy,225465886
2024-07-23 09:21:13,38900.0,100,Buy,225465885
2024-07-23 09:21:13,38900.0,300,Buy,225465882
2024-07-23 09:21:13,38900.0,100,Buy,225465884
2024-07-23 09:21:13,38900.0,100,Buy,225465883
2024-07-23 09:21:17,38900.0,500,Sell,225465944
2024-07-23 09:21:20,38950.0,100,Buy,225466041
2024-07-23 09:21:20,38950.0,100,Buy,225466042
2024-07-23 09:21:20,38950.0,1100,Buy,225466043
2024-07-23 09:21:23,38900.0,500,Sell,225466133
2024-07-23 09:21:26,38900.0,500,Sell,225466199
2024-07-23 09:21:38,38900.0,100,Sell,225466413
2024-07-23 09:21:38,38950.0,100,Buy,225466421
2024-07-23 09:22:03,38900.0,1000,Sell,225466937
2024-07-23 09:22:04,38950.0,3800,Buy,225466956
2024-07-23 09:22:04,38950.0,500,Buy,225466957
2024-07-23 09:22:04,38950.0,200,Buy,225466958
2024-07-23 09:22:04,38950.0,500,Buy,225466959
2024-07-23 09:22:16,38900.0,1000,Sell,225467312
2024-07-23 09:22:22,38900.0,3000,Sell,225467469
2024-07-23 09:22:24,38950.0,100,Buy,225467509
2024-07-23 09:22:45,38900.0,1000,Sell,225468127
2024-07-23 09:22:46,38900.0,1600,Sell,225468148
2024-07-23 09:22:46,38900.0,100,Sell,225468149
2024-07-23 09:22:55,38900.0,100,Buy,225468345
2024-07-23 09:23:06,38800.0,100,Sell,225468617
2024-07-23 09:23:06,38800.0,100,Sell,225468618
2024-07-23 09:23:06,38800.0,400,Sell,225468619
2024-07-23 09:23:14,38800.0,4700,Sell,225468794
2024-07-23 09:23:14,38800.0,100,Sell,225468795
2024-07-23 09:23:14,38800.0,200,Sell,225468796
2024-07-23 09:23:14,38800.0,100,Sell,225468797
2024-07-23 09:23:30,38800.0,300,Buy,225469150
2024-07-23 09:23:30,38800.0,1000,Buy,225469158
2024-07-23 09:23:34,38750.0,100,Sell,225469315
2024-07-23 09:24:13,38700.0,1000,Sell,225470258
2024-07-23 09:24:23,38700.0,500,Sell,225470496
2024-07-23 09:24:24,38700.0,300,Sell,225470499
2024-07-23 09:24:27,38700.0,500,Sell,225470593
2024-07-23 09:24:27,38700.0,100,Sell,225470594
2024-07-23 09:24:39,38700.0,100,Buy,225470808
2024-07-23 09:24:42,38700.0,100,Buy,225470865
2024-07-23 09:24:48,38700.0,100,Buy,225470939
2024-07-23 09:25:04,38650.0,100,Sell,225471279
2024-07-23 09:25:18,38650.0,500,Sell,225471673
2024-07-23 09:25:25,38650.0,400,Sell,225471804
2024-07-23 09:25:29,38650.0,1000,Sell,225471868
2024-07-23 09:25:34,38650.0,5000,Sell,225472016
2024-07-23 09:25:40,38650.0,2800,Sell,225472130
2024-07-23 09:25:40,38650.0,100,Sell,225472131
2024-07-23 09:26:09,38500.0,100,Sell,225472806
2024-07-23 09:26:09,38500.0,100,Sell,225472803
2024-07-23 09:26:09,38500.0,100,Sell,225472802
2024-07-23 09:26:09,38500.0,100,Sell,225472805
2024-07-23 09:26:09,38550.0,100,Sell,225472800
2024-07-23 09:26:09,38500.0,1000,Sell,225472801
2024-07-23 09:26:09,38600.0,100,Sell,225472798
2024-07-23 09:26:09,38500.0,100,Sell,225472804
2024-07-23 09:26:09,38550.0,300,Sell,225472799
2024-07-23 09:26:34,38550.0,200,Buy,225473234
2024-07-23 09:26:34,38500.0,200,Sell,225473235
2024-07-23 09:26:39,38500.0,2000,Sell,225473295
2024-07-23 09:26:42,38500.0,700,Sell,225473371
2024-07-23 09:26:42,38500.0,100,Sell,225473373
2024-07-23 09:26:42,38500.0,200,Sell,225473372
2024-07-23 09:26:49,38500.0,900,Sell,225473530
2024-07-23 09:26:49,38500.0,100,Sell,225473531
2024-07-23 09:26:54,38500.0,200,Sell,225473640
2024-07-23 09:26:54,38500.0,800,Sell,225473641
2024-07-23 09:27:09,38500.0,500,Sell,225473889
2024-07-23 09:27:09,38500.0,100,Sell,225473887
2024-07-23 09:27:09,38500.0,300,Sell,225473888
2024-07-23 09:28:30,38500.0,300,Sell,225475352
2024-07-23 09:28:30,38500.0,200,Sell,225475351
2024-07-23 09:29:02,38400.0,1100,Sell,225475991
2024-07-23 09:29:02,38400.0,300,Sell,225475988
2024-07-23 09:29:02,38400.0,500,Sell,225475989
2024-07-23 09:29:02,38400.0,100,Sell,225475990
2024-07-23 09:29:05,38550.0,200,Buy,225476060
2024-07-23 09:29:05,38550.0,1000,Buy,225476061
2024-07-23 09:29:05,38550.0,200,Buy,225476062
2024-07-23 09:29:06,38550.0,2800,Buy,225476151
2024-07-23 09:29:48,38600.0,500,Buy,225477123
2024-07-23 09:29:54,38600.0,100,Buy,225477215
2024-07-23 09:30:43,38600.0,1000,Buy,225478237
2024-07-23 09:30:43,38600.0,1000,Buy,225478238
2024-07-23 09:30:43,38600.0,500,Buy,225478239
2024-07-23 09:31:08,38500.0,300,Sell,225478733
2024-07-23 09:31:08,38500.0,300,Sell,225478734
2024-07-23 09:31:14,38600.0,100,Buy,225478868
2024-07-23 09:31:23,38500.0,100,Buy,225479084
2024-07-23 09:31:30,38450.0,100,Sell,225479247
2024-07-23 09:31:30,38450.0,1700,Sell,225479248
2024-07-23 09:31:30,38450.0,2100,Sell,225479249
2024-07-23 09:31:30,38450.0,1100,Sell,225479246
2024-07-23 09:31:34,38450.0,200,Sell,225479394
2024-07-23 09:31:40,38450.0,800,Buy,225479522
2024-07-23 09:32:01,38500.0,4900,Buy,225479852
2024-07-23 09:32:12,38500.0,3000,Sell,225480076
2024-07-23 09:32:17,38500.0,1000,Sell,225480238
2024-07-23 09:32:18,38500.0,300,Sell,225480239
2024-07-23 09:32:18,38500.0,1600,Buy,225480261
2024-07-23 09:32:18,38500.0,3000,Buy,225480262
2024-07-23 09:32:20,38500.0,4900,Buy,225480283
2024-07-23 09:32:56,38500.0,1000,Sell,225480992
2024-07-23 09:33:19,38500.0,200,Buy,225481471
2024-07-23 09:33:31,38450.0,4800,Sell,225481744
2024-07-23 09:33:31,38450.0,200,Sell,225481743
2024-07-23 09:33:45,38450.0,1000,Sell,225481986
2024-07-23 09:34:06,38450.0,100,Sell,225482394
2024-07-23 09:34:22,38450.0,1000,Sell,225482717
2024-07-23 09:34:24,38450.0,1000,Sell,225482764
2024-07-23 09:34:27,38500.0,1000,Buy,225482843
2024-07-23 09:34:33,38450.0,1000,Sell,225482968
2024-07-23 09:34:47,38450.0,100,Sell,225483308
2024-07-23 09:34:55,38450.0,1500,Sell,225483533
2024-07-23 09:34:56,38450.0,100,Sell,225483541
2024-07-23 09:35:17,38450.0,1000,Sell,225483925
2024-07-23 09:35:23,38450.0,500,Sell,225484036
2024-07-23 09:35:28,38500.0,200,Buy,225484186
2024-07-23 09:35:34,38500.0,100,Buy,225484299
2024-07-23 09:35:45,38500.0,2500,Buy,225484512
2024-07-23 09:35:45,38500.0,200,Buy,225484513
2024-07-23 09:35:45,38500.0,300,Buy,225484514
2024-07-23 09:35:47,38450.0,200,Sell,225484549
2024-07-23 09:36:01,38450.0,800,Sell,225484744
2024-07-23 09:36:18,38500.0,100,Buy,225485075
2024-07-23 09:36:18,38450.0,10000,Sell,225485074
2024-07-23 09:36:22,38450.0,2000,Sell,225485122
2024-07-23 09:36:24,38450.0,9000,Sell,225485154
2024-07-23 09:36:36,38450.0,6000,Sell,225485356
2024-07-23 09:36:39,38450.0,7200,Sell,225485408
2024-07-23 09:36:39,38450.0,400,Sell,225485409
2024-07-23 09:36:39,38450.0,2000,Sell,225485410
2024-07-23 09:36:39,38450.0,100,Sell,225485411
2024-07-23 09:36:39,38450.0,200,Sell,225485412
2024-07-23 09:36:39,38450.0,400,Sell,225485413
2024-07-23 09:36:39,38450.0,1200,Sell,225485414
2024-07-23 09:36:39,38450.0,100,Sell,225485415
2024-07-23 09:36:39,38450.0,2000,Sell,225485416
2024-07-23 09:36:39,38450.0,2000,Sell,225485417
2024-07-23 09:36:39,38450.0,1300,Sell,225485418
2024-07-23 09:36:39,38450.0,1000,Sell,225485419
2024-07-23 09:38:01,38400.0,3100,Sell,225487176
2024-07-23 09:38:01,38400.0,500,Sell,225487175
2024-07-23 09:38:09,38400.0,100,Sell,225487327
2024-07-23 09:38:09,38400.0,1800,Sell,225487325
2024-07-23 09:38:09,38400.0,100,Sell,225487326
2024-07-23 09:38:14,38400.0,1400,Buy,225487407
2024-07-23 09:38:42,38400.0,100,Buy,225488013
2024-07-23 09:38:58,38400.0,100,Buy,225488379
2024-07-23 09:38:59,38400.0,100,Buy,225488401
2024-07-23 09:39:10,38400.0,200,Buy,225488574
2024-07-23 09:39:23,38400.0,200,Buy,225488938
2024-07-23 09:39:28,38350.0,300,Sell,225489015
2024-07-23 09:39:28,38350.0,400,Sell,225489016
2024-07-23 09:39:29,38400.0,900,Buy,225489036
2024-07-23 09:39:29,38400.0,100,Buy,225489037
2024-07-23 09:39:40,38350.0,600,Sell,225489227
2024-07-23 09:39:59,38350.0,100,Sell,225489695
2024-07-23 09:39:59,38350.0,700,Sell,225489696
2024-07-23 09:39:59,38350.0,100,Sell,225489693
2024-07-23 09:39:59,38350.0,100,Sell,225489694
2024-07-23 09:39:59,38350.0,600,Sell,225489692
2024-07-23 09:40:20,38350.0,4300,Sell,225490120
2024-07-23 09:40:20,38350.0,700,Sell,225490121
2024-07-23 09:40:20,38350.0,2900,Sell,225490122
2024-07-23 09:40:34,38350.0,400,Sell,225490424
2024-07-23 09:40:40,38350.0,1000,Sell,225490567
2024-07-23 09:40:48,38400.0,200,Buy,225490720
2024-07-23 09:40:50,38350.0,4800,Sell,225490755
2024-07-23 09:41:02,38350.0,100,Sell,225490999
2024-07-23 09:41:03,38350.0,1000,Sell,225491007
2024-07-23 09:41:30,38350.0,100,Sell,225491560
2024-07-23 09:41:31,38350.0,1200,Sell,225491561
2024-07-23 09:41:33,38350.0,400,Sell,225491598
2024-07-23 09:41:33,38350.0,1800,Sell,225491596
2024-07-23 09:41:33,38350.0,100,Sell,225491597
2024-07-23 09:41:40,38350.0,500,Sell,225491708
2024-07-23 09:41:55,38350.0,2000,Sell,225492098
2024-07-23 09:41:55,38350.0,200,Sell,225492101
2024-07-23 09:41:55,38350.0,600,Sell,225492097
2024-07-23 09:41:55,38350.0,200,Sell,225492099
2024-07-23 09:41:55,38350.0,100,Sell,225492100
2024-07-23 09:42:02,38350.0,800,Sell,225492325
2024-07-23 09:42:02,38350.0,100,Sell,225492326
2024-07-23 09:42:02,38350.0,500,Sell,225492327
2024-07-23 09:42:02,38350.0,600,Sell,225492328
2024-07-23 09:42:22,38350.0,400,Sell,225492837
2024-07-23 09:42:22,38350.0,800,Sell,225492838
2024-07-23 09:42:26,38350.0,200,Sell,225492909
2024-07-23 09:42:26,38350.0,100,Sell,225492910
2024-07-23 09:42:26,38350.0,100,Sell,225492911
2024-07-23 09:42:30,38350.0,200,Buy,225493077
2024-07-23 09:42:40,38350.0,100,Buy,225493268
2024-07-23 09:42:47,38350.0,200,Buy,225493469
2024-07-23 09:43:11,38350.0,300,Buy,225493977
2024-07-23 09:43:11,38350.0,100,Buy,225493976
2024-07-23 09:43:11,38350.0,100,Buy,225493975
2024-07-23 09:43:17,38300.0,100,Sell,225494084
2024-07-23 09:43:17,38300.0,100,Sell,225494085
2024-07-23 09:43:17,38300.0,200,Sell,225494086
2024-07-23 09:43:17,38300.0,300,Sell,225494087
2024-07-23 09:43:17,38300.0,500,Sell,225494088
2024-07-23 09:43:29,38300.0,500,Sell,225494353
2024-07-23 09:43:29,38300.0,200,Sell,225494354
2024-07-23 09:43:31,38350.0,1000,Buy,225494394
2024-07-23 09:44:22,38350.0,1400,Buy,225495512
2024-07-23 09:44:23,38350.0,1600,Buy,225495550
2024-07-23 09:44:23,38350.0,1000,Buy,225495551
2024-07-23 09:44:23,38350.0,200,Buy,225495552
2024-07-23 09:44:50,38400.0,100,Buy,225496100
2024-07-23 09:44:50,38400.0,200,Buy,225496099
2024-07-23 09:44:50,38400.0,100,Buy,225496098
2024-07-23 09:44:50,38400.0,600,Buy,225496097
2024-07-23 09:44:50,38400.0,300,Buy,225496096
2024-07-23 09:44:53,38450.0,1000,Buy,225496171
2024-07-23 09:44:53,38450.0,5000,Buy,225496168
2024-07-23 09:44:53,38450.0,1000,Buy,225496169
2024-07-23 09:44:53,38450.0,200,Buy,225496170
2024-07-23 09:45:19,38450.0,100,Sell,225496724
2024-07-23 09:45:23,38450.0,2000,Sell,225496814
2024-07-23 09:46:29,38450.0,2000,Sell,225498221
2024-07-23 09:46:42,38500.0,500,Buy,225498425
2024-07-23 09:46:43,38500.0,700,Buy,225498438
2024-07-23 09:46:43,38500.0,100,Buy,225498439
2024-07-23 09:46:43,38500.0,100,Buy,225498440
2024-07-23 09:46:43,38500.0,100,Buy,225498441
2024-07-23 09:46:43,38500.0,100,Buy,225498442
2024-07-23 09:47:03,38500.0,400,Sell,225498830
2024-07-23 09:47:03,38500.0,100,Sell,225498829
2024-07-23 09:47:08,38450.0,500,Sell,225498933
2024-07-23 09:47:31,38500.0,100,Buy,225499388
2024-07-23 09:48:00,38500.0,200,Buy,225499906
2024-07-23 09:48:02,38500.0,100,Buy,225499966
2024-07-23 09:48:18,38500.0,100,Buy,225500254
2024-07-23 09:48:18,38500.0,200,Buy,225500255
2024-07-23 09:48:19,38500.0,100,Buy,225500272
2024-07-23 09:48:20,38500.0,700,Buy,225500291
2024-07-23 09:49:28,38550.0,100,Buy,225501530
2024-07-23 09:49:28,38550.0,100,Buy,225501531
2024-07-23 09:49:35,38550.0,400,Sell,225501622
2024-07-23 09:49:35,38500.0,100,Sell,225501623
2024-07-23 09:49:45,38600.0,500,Buy,225501784
2024-07-23 09:49:45,38600.0,100,Buy,225501785
2024-07-23 09:49:45,38600.0,1200,Buy,225501786
2024-07-23 09:49:47,38600.0,1200,Buy,225501825
2024-07-23 09:49:52,38600.0,800,Buy,225501907
2024-07-23 09:49:53,38600.0,1300,Buy,225501933
2024-07-23 09:50:00,38600.0,1000,Buy,225502104
2024-07-23 09:50:15,38600.0,100,Sell,225502331
2024-07-23 09:50:19,38600.0,1000,Buy,225502392
2024-07-23 09:50:28,38600.0,300,Buy,225502539
2024-07-23 09:51:43,38550.0,400,Buy,225504135
2024-07-23 09:52:03,38550.0,100,Sell,225504465
2024-07-23 09:52:03,38550.0,400,Sell,225504466
2024-07-23 09:52:03,38550.0,500,Sell,225504464
2024-07-23 09:55:24,38550.0,100,Sell,225508263
2024-07-23 09:55:50,38550.0,500,Sell,225508648
2024-07-23 09:55:50,38550.0,1000,Sell,225508649
2024-07-23 09:55:50,38550.0,100,Sell,225508650
2024-07-23 09:55:50,38550.0,400,Sell,225508651
2024-07-23 09:55:50,38550.0,200,Sell,225508652
2024-07-23 09:55:53,38550.0,500,Sell,225508682
2024-07-23 09:56:00,38550.0,300,Sell,225508811
2024-07-23 09:56:00,38550.0,1700,Sell,225508812
2024-07-23 09:56:16,38550.0,100,Sell,225509010
2024-07-23 09:56:31,38550.0,200,Sell,225509266
2024-07-23 09:56:38,38550.0,100,Sell,225509414
2024-07-23 09:56:38,38550.0,200,Sell,225509413
2024-07-23 09:56:38,38550.0,100,Sell,225509411
2024-07-23 09:56:38,38550.0,100,Sell,225509412
2024-07-23 09:56:38,38550.0,500,Sell,225509410
2024-07-23 09:56:41,38550.0,400,Sell,225509464
2024-07-23 09:56:41,38550.0,500,Sell,225509465
2024-07-23 09:56:41,38550.0,200,Sell,225509466
2024-07-23 09:56:41,38550.0,800,Sell,225509467
2024-07-23 09:56:51,38550.0,2000,Buy,225509643
2024-07-23 09:57:35,38500.0,500,Sell,225510256
2024-07-23 09:57:35,38500.0,300,Sell,225510258
2024-07-23 09:57:35,38500.0,200,Sell,225510257
2024-07-23 09:57:43,38500.0,2000,Sell,225510393
2024-07-23 09:57:44,38550.0,100,Buy,225510404
2024-07-23 09:58:49,38550.0,2000,Buy,225511501
2024-07-23 09:58:53,38550.0,100,Buy,225511567
2024-07-23 09:59:03,38500.0,800,Sell,225511763
2024-07-23 09:59:03,38500.0,1000,Sell,225511768
2024-07-23 09:59:04,38500.0,300,Sell,225511778
2024-07-23 09:59:04,38500.0,800,Sell,225511777
2024-07-23 09:59:04,38500.0,900,Sell,225511775
2024-07-23 09:59:04,38500.0,2500,Sell,225511776
2024-07-23 09:59:18,38500.0,1000,Buy,225512026
2024-07-23 09:59:28,38500.0,1700,Buy,225512167
2024-07-23 09:59:28,38500.0,1000,Buy,225512168
2024-07-23 09:59:28,38500.0,2300,Buy,225512169
2024-07-23 09:59:30,38500.0,3700,Buy,225512191
2024-07-23 09:59:30,38450.0,800,Sell,225512199
2024-07-23 09:59:45,38450.0,2800,Sell,225512499
2024-07-23 10:00:25,38450.0,100,Sell,225513395
2024-07-23 10:00:25,38450.0,900,Sell,225513394
2024-07-23 10:00:57,38450.0,100,Sell,225514095
2024-07-23 10:00:57,38450.0,200,Sell,225514096
2024-07-23 10:01:04,38450.0,100,Sell,225514239
2024-07-23 10:01:29,38450.0,500,Sell,225514693
2024-07-23 10:01:47,38450.0,200,Sell,225515020
2024-07-23 10:01:58,38450.0,100,Sell,225515140
2024-07-23 10:02:14,38400.0,400,Sell,225515373
2024-07-23 10:02:14,38450.0,300,Sell,225515371
2024-07-23 10:02:14,38450.0,1200,Sell,225515370
2024-07-23 10:02:14,38450.0,100,Sell,225515372
2024-07-23 10:02:58,38400.0,2500,Sell,225516177
2024-07-23 10:02:59,38450.0,1000,Buy,225516192
2024-07-23 10:03:01,38450.0,400,Sell,225516222
2024-07-23 10:03:15,38450.0,600,Sell,225516456
2024-07-23 10:03:15,38400.0,400,Sell,225516457
2024-07-23 10:04:02,38450.0,1000,Buy,225517137
2024-07-23 10:04:24,38450.0,500,Buy,225517642
2024-07-23 10:05:02,38450.0,100,Buy,225518312
2024-07-23 10:05:22,38450.0,100,Buy,225518653
2024-07-23 10:05:22,38450.0,1000,Buy,225518654
2024-07-23 10:05:22,38450.0,500,Buy,225518652
2024-07-23 10:05:51,38500.0,100,Buy,225519321
2024-07-23 10:06:00,38500.0,100,Buy,225519459
2024-07-23 10:06:16,38450.0,100,Sell,225519746
2024-07-23 10:06:16,38500.0,100,Sell,225519745
2024-07-23 10:06:16,38550.0,200,Buy,225519734
2024-07-23 10:06:16,38550.0,100,Buy,225519733
2024-07-23 10:06:16,38500.0,100,Sell,225519744
2024-07-23 10:07:14,38500.0,100,Sell,225520850
2024-07-23 10:07:18,38500.0,200,Sell,225520936
2024-07-23 10:07:50,38500.0,100,Sell,225521596
2024-07-23 10:07:53,38500.0,100,Sell,225521676
2024-07-23 10:07:53,38500.0,500,Sell,225521677
2024-07-23 10:07:53,38500.0,500,Sell,225521678
2024-07-23 10:07:53,38500.0,1900,Sell,225521679
2024-07-23 10:07:53,38500.0,100,Sell,225521680
2024-07-23 10:08:37,38450.0,200,Sell,225522543
2024-07-23 10:08:37,38450.0,400,Sell,225522544
2024-07-23 10:08:37,38450.0,300,Sell,225522541
2024-07-23 10:08:37,38450.0,100,Sell,225522542
2024-07-23 10:08:45,38450.0,600,Sell,225522711
2024-07-23 10:08:45,38450.0,100,Sell,225522712
2024-07-23 10:08:45,38450.0,200,Sell,225522713
2024-07-23 10:08:45,38450.0,100,Sell,225522714
2024-07-23 10:09:00,38400.0,1000,Sell,225523067
2024-07-23 10:09:00,38350.0,100,Sell,225523074
2024-07-23 10:09:00,38350.0,500,Sell,225523072
2024-07-23 10:09:00,38400.0,2500,Sell,225523071
2024-07-23 10:09:00,38400.0,200,Sell,225523070
2024-07-23 10:09:00,38400.0,100,Sell,225523069
2024-07-23 10:09:00,38400.0,500,Sell,225523068
2024-07-23 10:09:00,38400.0,300,Sell,225523066
2024-07-23 10:09:00,38350.0,5000,Sell,225523073
2024-07-23 10:09:00,38400.0,1400,Sell,225523064
2024-07-23 10:09:00,38450.0,1000,Sell,225523056
2024-07-23 10:09:00,38450.0,100,Sell,225523057
2024-07-23 10:09:00,38400.0,4900,Sell,225523058
2024-07-23 10:09:00,38400.0,1000,Sell,225523059
2024-07-23 10:09:00,38400.0,100,Sell,225523065
2024-07-23 10:09:00,38400.0,100,Sell,225523061
2024-07-23 10:09:00,38400.0,100,Sell,225523062
2024-07-23 10:09:00,38400.0,100,Sell,225523063
2024-07-23 10:09:00,38400.0,1000,Sell,225523060
2024-07-23 10:09:22,38500.0,700,Buy,225523428
2024-07-23 10:09:37,38450.0,600,Buy,225523703
2024-07-23 10:09:38,38450.0,2000,Buy,225523742
2024-07-23 10:09:56,38450.0,100,Buy,225523984
2024-07-23 10:10:09,38450.0,500,Buy,225524199
2024-07-23 10:10:49,38400.0,100,Sell,225524882
2024-07-23 10:10:49,38400.0,300,Sell,225524883
2024-07-23 10:10:49,38400.0,600,Sell,225524884
2024-07-23 10:10:53,38450.0,100,Buy,225524950
2024-07-23 10:11:02,38400.0,400,Sell,225525103
2024-07-23 10:11:18,38400.0,600,Buy,225525317
2024-07-23 10:11:37,38400.0,1700,Sell,225525548
2024-07-23 10:11:37,38400.0,400,Sell,225525547
2024-07-23 10:11:37,38400.0,400,Sell,225525546
2024-07-23 10:11:48,38400.0,100,Sell,225525730
2024-07-23 10:11:55,38400.0,300,Sell,225525828
2024-07-23 10:12:59,38400.0,200,Buy,225526785
2024-07-23 10:12:59,38400.0,100,Buy,225526786
2024-07-23 10:12:59,38400.0,100,Buy,225526787
2024-07-23 10:12:59,38400.0,300,Buy,225526788
2024-07-23 10:14:00,38400.0,100,Buy,225528047
2024-07-23 10:14:00,38400.0,1700,Buy,225528048
2024-07-23 10:14:00,38400.0,200,Buy,225528049
2024-07-23 10:14:22,38400.0,200,Buy,225528453
2024-07-23 10:15:21,38400.0,2500,Buy,225529614
2024-07-23 10:16:06,38400.0,1000,Buy,225530540
2024-07-23 10:17:22,38350.0,100,Sell,225532340
2024-07-23 10:17:22,38350.0,100,Sell,225532341
2024-07-23 10:17:41,38350.0,100,Sell,225532830
2024-07-23 10:17:48,38350.0,1000,Sell,225533166
2024-07-23 10:17:55,38350.0,100,Sell,225533335
2024-07-23 10:18:08,38350.0,100,Sell,225533639
2024-07-23 10:18:08,38350.0,500,Sell,225533638
2024-07-23 10:18:08,38350.0,300,Sell,225533636
2024-07-23 10:18:08,38350.0,1000,Sell,225533635
2024-07-23 10:18:08,38350.0,100,Sell,225533637
2024-07-23 10:18:33,38350.0,200,Sell,225534140
2024-07-23 10:18:33,38350.0,1200,Sell,225534141
2024-07-23 10:18:36,38350.0,800,Sell,225534203
2024-07-23 10:18:36,38350.0,200,Sell,225534204
2024-07-23 10:19:38,38350.0,700,Sell,225535441
2024-07-23 10:19:42,38350.0,100,Sell,225535506
2024-07-23 10:19:48,38350.0,400,Sell,225535580
2024-07-23 10:19:55,38400.0,100,Buy,225535781
2024-07-23 10:20:04,38350.0,200,Sell,225535956
2024-07-23 10:20:06,38400.0,400,Buy,225535974
2024-07-23 10:20:06,38400.0,600,Buy,225535975
2024-07-23 10:20:20,38350.0,500,Sell,225536245
2024-07-23 10:20:33,38350.0,100,Sell,225536493
2024-07-23 10:20:33,38350.0,1000,Sell,225536492
2024-07-23 10:20:33,38350.0,1900,Sell,225536491
2024-07-23 10:20:49,38400.0,100,Buy,225536781
2024-07-23 10:21:07,38350.0,100,Sell,225537123
2024-07-23 10:21:07,38350.0,100,Sell,225537124
2024-07-23 10:21:07,38350.0,100,Sell,225537125
2024-07-23 10:21:07,38350.0,200,Sell,225537126
2024-07-23 10:21:07,38350.0,500,Sell,225537127
2024-07-23 10:21:13,38350.0,500,Sell,225537196
2024-07-23 10:21:13,38350.0,500,Sell,225537197
2024-07-23 10:21:13,38350.0,200,Sell,225537198
2024-07-23 10:23:15,38350.0,700,Sell,225539352
2024-07-23 10:23:15,38350.0,400,Sell,225539351
2024-07-23 10:23:15,38350.0,200,Sell,225539349
2024-07-23 10:23:15,38350.0,100,Sell,225539348
2024-07-23 10:23:15,38350.0,1000,Sell,225539350
2024-07-23 10:23:15,38350.0,100,Sell,225539346
2024-07-23 10:23:15,38400.0,1500,Buy,225539341
2024-07-23 10:23:15,38400.0,300,Buy,225539338
2024-07-23 10:23:15,38400.0,1000,Buy,225539340
2024-07-23 10:23:15,38400.0,200,Buy,225539339
2024-07-23 10:23:15,38350.0,500,Sell,225539347
2024-07-23 10:24:04,38350.0,100,Sell,225539954
2024-07-23 10:24:07,38350.0,100,Sell,225540007
2024-07-23 10:24:36,38400.0,300,Buy,225540410
2024-07-23 10:24:37,38350.0,100,Sell,225540422
2024-07-23 10:24:37,38350.0,500,Sell,225540423
2024-07-23 10:24:37,38350.0,400,Sell,225540424
2024-07-23 10:25:10,38350.0,1700,Sell,225540825
2024-07-23 10:25:10,38350.0,500,Sell,225540826
2024-07-23 10:25:10,38350.0,200,Sell,225540827
2024-07-23 10:25:36,38350.0,200,Sell,225541200
2024-07-23 10:25:36,38350.0,300,Sell,225541201
2024-07-23 10:25:36,38350.0,400,Sell,225541198
2024-07-23 10:25:36,38350.0,100,Sell,225541199
2024-07-23 10:26:44,38350.0,100,Sell,225542346
2024-07-23 10:26:44,38350.0,100,Sell,225542347
2024-07-23 10:26:44,38350.0,100,Sell,225542348
2024-07-23 10:26:44,38350.0,100,Sell,225542349
2024-07-23 10:27:19,38350.0,100,Buy,225542782
2024-07-23 10:28:07,38350.0,100,Buy,225543460
2024-07-23 10:28:11,38350.0,100,Buy,225543527
2024-07-23 10:28:18,38350.0,600,Buy,225543619
2024-07-23 10:29:02,38350.0,500,Buy,225544311
2024-07-23 10:29:02,38350.0,100,Buy,225544309
2024-07-23 10:29:02,38350.0,200,Buy,225544310
2024-07-23 10:29:59,38350.0,1000,Buy,225545050
2024-07-23 10:30:10,38300.0,200,Sell,225545189
2024-07-23 10:30:10,38300.0,100,Sell,225545190
2024-07-23 10:31:02,38300.0,400,Sell,225545994
2024-07-23 10:31:02,38300.0,100,Sell,225545992
2024-07-23 10:31:02,38300.0,200,Sell,225545991
2024-07-23 10:31:02,38300.0,1000,Sell,225545993
2024-07-23 10:31:02,38300.0,300,Sell,225545989
2024-07-23 10:31:02,38300.0,300,Sell,225545987
2024-07-23 10:31:02,38300.0,500,Sell,225545990
2024-07-23 10:31:02,38300.0,200,Sell,225545988
2024-07-23 10:31:27,38300.0,1400,Sell,225546411
2024-07-23 10:31:28,38300.0,1000,Sell,225546430
2024-07-23 10:31:41,38350.0,200,Buy,225546699
2024-07-23 10:33:15,38350.0,300,Buy,225548210
2024-07-23 10:33:15,38350.0,4700,Buy,225548211
2024-07-23 10:33:19,38350.0,100,Buy,225548270
2024-07-23 10:33:19,38350.0,100,Buy,225548271
2024-07-23 10:33:28,38350.0,300,Sell,225548412
2024-07-23 10:33:29,38350.0,500,Buy,225548427
2024-07-23 10:33:53,38350.0,100,Buy,225548866
2024-07-23 10:33:54,38350.0,100,Buy,225548894
2024-07-23 10:33:59,38350.0,100,Buy,225548953
2024-07-23 10:34:31,38350.0,900,Buy,225549487
2024-07-23 10:35:32,38350.0,200,Sell,225550670
2024-07-23 10:36:06,38350.0,700,Sell,225551205
2024-07-23 10:36:06,38350.0,300,Sell,225551206
2024-07-23 10:36:36,38350.0,200,Sell,225551768
2024-07-23 10:37:13,38350.0,100,Sell,225552654
2024-07-23 10:37:25,38350.0,400,Sell,225552840
2024-07-23 10:37:25,38350.0,200,Sell,225552841
2024-07-23 10:37:25,38350.0,400,Sell,225552842
2024-07-23 10:37:46,38400.0,1400,Buy,225553423
2024-07-23 10:37:58,38350.0,100,Sell,225553696
2024-07-23 10:38:17,38350.0,500,Sell,225554105
2024-07-23 10:38:17,38350.0,500,Sell,225554104
2024-07-23 10:38:45,38350.0,100,Sell,225554777
2024-07-23 10:38:55,38350.0,1700,Buy,225555025
2024-07-23 10:38:56,38350.0,300,Sell,225555061
2024-07-23 10:39:08,38350.0,500,Buy,225555308
2024-07-23 10:42:01,38350.0,100,Buy,225560020
2024-07-23 10:42:13,38350.0,100,Buy,225560267
2024-07-23 10:44:03,38350.0,200,Buy,225562043
2024-07-23 10:44:05,38350.0,400,Buy,225562078
2024-07-23 10:44:18,38350.0,200,Buy,225562274
2024-07-23 10:44:43,38350.0,100,Buy,225562653
2024-07-23 10:44:46,38350.0,100,Buy,225562700
2024-07-23 10:45:06,38350.0,1000,Buy,225563029
2024-07-23 10:45:09,38350.0,300,Buy,225563090
2024-07-23 10:45:19,38350.0,4600,Buy,225563299
2024-07-23 10:45:19,38350.0,100,Buy,225563300
2024-07-23 10:45:19,38350.0,1000,Buy,225563301
2024-07-23 10:45:19,38350.0,1000,Buy,225563302
2024-07-23 10:45:19,38350.0,1000,Buy,225563304
2024-07-23 10:45:19,38350.0,200,Buy,225563305
2024-07-23 10:45:19,38350.0,200,Buy,225563303
2024-07-23 10:45:38,38350.0,1000,Sell,225563501
2024-07-23 10:46:40,38400.0,500,Buy,225564320
2024-07-23 10:48:19,38400.0,100,Buy,225565663
2024-07-23 10:48:43,38400.0,200,Buy,225565948
2024-07-23 10:48:58,38400.0,400,Buy,225566149
2024-07-23 10:49:11,38350.0,500,Sell,225566302
2024-07-23 10:49:48,38350.0,1000,Sell,225566804
2024-07-23 10:50:48,38350.0,100,Sell,225567562
2024-07-23 10:51:14,38350.0,1000,Sell,225567831
2024-07-23 10:52:13,38400.0,1300,Buy,225568584
2024-07-23 10:52:24,38400.0,1300,Buy,225568699
2024-07-23 10:52:24,38400.0,2400,Buy,225568700
2024-07-23 10:52:39,38400.0,100,Buy,225568841
2024-07-23 10:52:45,38400.0,600,Buy,225568924
2024-07-23 10:52:46,38400.0,200,Buy,225568935
2024-07-23 10:53:02,38350.0,1000,Sell,225569115
2024-07-23 10:53:13,38350.0,500,Sell,225569277
2024-07-23 10:53:46,38400.0,1000,Buy,225569788
2024-07-23 10:53:52,38400.0,300,Buy,225569844
2024-07-23 10:53:56,38400.0,500,Buy,225569887
2024-07-23 10:54:04,38400.0,1000,Buy,225570024
2024-07-23 10:54:18,38400.0,500,Buy,225570229
2024-07-23 10:54:30,38400.0,800,Buy,225570401
2024-07-23 10:54:32,38400.0,200,Buy,225570429
2024-07-23 10:56:09,38350.0,400,Sell,225571531
2024-07-23 10:56:21,38400.0,200,Buy,225571705
2024-07-23 10:56:31,38350.0,3600,Sell,225571844
2024-07-23 10:56:31,38350.0,6400,Sell,225571843
2024-07-23 10:56:50,38400.0,100,Buy,225572035
2024-07-23 10:56:50,38400.0,200,Buy,225572037
2024-07-23 10:56:50,38400.0,200,Buy,225572034
2024-07-23 10:56:50,38400.0,500,Buy,225572036
2024-07-23 10:57:10,38350.0,100,Sell,225572265
2024-07-23 10:57:10,38350.0,1400,Sell,225572263
2024-07-23 10:57:10,38350.0,500,Sell,225572264
2024-07-23 10:57:38,38350.0,100,Sell,225572612
2024-07-23 10:57:42,38400.0,200,Buy,225572667
2024-07-23 10:59:16,38400.0,100,Buy,225573910
2024-07-23 11:00:01,38350.0,300,Sell,225574388
2024-07-23 11:00:01,38350.0,700,Sell,225574389
2024-07-23 11:00:35,38400.0,100,Buy,225574798
2024-07-23 11:03:00,38400.0,100,Buy,225576569
2024-07-23 11:03:18,38400.0,400,Buy,225576808
2024-07-23 11:03:54,38350.0,100,Sell,225577251
2024-07-23 11:03:54,38350.0,300,Sell,225577250
2024-07-23 11:10:51,38350.0,400,Sell,225582420
2024-07-23 11:10:51,38350.0,100,Sell,225582421
2024-07-23 11:10:51,38350.0,200,Sell,225582422
2024-07-23 11:11:25,38400.0,200,Buy,225582926
2024-07-23 11:11:38,38400.0,200,Buy,225583090
2024-07-23 11:12:25,38400.0,100,Buy,225583599
2024-07-23 11:14:08,38400.0,500,Buy,225584981
2024-07-23 11:14:46,38350.0,1000,Sell,225585481
2024-07-23 11:14:46,38350.0,1000,Sell,225585482
2024-07-23 11:14:46,38350.0,300,Sell,225585483
2024-07-23 11:14:46,38350.0,200,Sell,225585484
2024-07-23 11:14:46,38350.0,500,Sell,225585480
2024-07-23 11:15:21,38400.0,200,Buy,225585975
2024-07-23 11:15:30,38350.0,300,Sell,225586066
2024-07-23 11:15:30,38350.0,1000,Sell,225586067
2024-07-23 11:15:30,38350.0,1000,Sell,225586068
2024-07-23 11:15:30,38350.0,900,Sell,225586069
2024-07-23 11:15:30,38350.0,200,Sell,225586070
2024-07-23 11:15:30,38350.0,600,Sell,225586071
2024-07-23 11:15:44,38400.0,2400,Buy,225586241
2024-07-23 11:15:44,38400.0,500,Buy,225586240
2024-07-23 11:15:44,38400.0,100,Buy,225586239
2024-07-23 11:15:44,38400.0,500,Buy,225586237
2024-07-23 11:15:44,38400.0,1000,Buy,225586236
2024-07-23 11:15:44,38400.0,1100,Buy,225586235
2024-07-23 11:15:44,38400.0,100,Buy,225586238
2024-07-23 11:16:02,38350.0,1000,Sell,225586477
2024-07-23 11:16:47,38350.0,400,Sell,225587009
2024-07-23 11:17:18,38350.0,1000,Sell,225587386
2024-07-23 11:18:04,38350.0,300,Sell,225587845
2024-07-23 11:19:09,38350.0,500,Sell,225588649
2024-07-23 11:19:09,38350.0,500,Sell,225588650
2024-07-23 11:19:34,38350.0,100,Sell,225588949
2024-07-23 11:21:18,38400.0,600,Buy,225590297
2024-07-23 11:21:18,38400.0,100,Buy,225590298
2024-07-23 11:21:18,38400.0,2300,Buy,225590299
2024-07-23 11:21:59,38400.0,100,Buy,225590898
2024-07-23 11:22:04,38350.0,1000,Sell,225590954
2024-07-23 11:22:11,38350.0,100,Sell,225591031
2024-07-23 11:22:12,38350.0,600,Sell,225591041
2024-07-23 11:22:12,38350.0,400,Sell,225591040
2024-07-23 11:25:13,38350.0,100,Sell,225593469
2024-07-23 11:26:34,38400.0,200,Buy,225594722
2024-07-23 11:27:15,38400.0,100,Buy,225595176
2024-07-23 11:27:35,38400.0,200,Buy,225595620
2024-07-23 11:27:46,38400.0,100,Buy,225595796
2024-07-23 11:27:48,38400.0,100,Buy,225595827
2024-07-23 11:28:00,38400.0,100,Buy,225596009
2024-07-23 11:28:04,38400.0,1000,Buy,225596070
2024-07-23 11:28:19,38400.0,100,Buy,225596312
2024-07-23 11:28:26,38350.0,300,Sell,225596437
2024-07-23 11:28:26,38350.0,1000,Sell,225596438
2024-07-23 11:28:26,38350.0,700,Sell,225596439
2024-07-23 11:28:48,38400.0,100,Buy,225596725
2024-07-23 11:28:48,38400.0,100,Buy,225596721
2024-07-23 11:29:11,38350.0,2500,Sell,225597107
2024-07-23 12:59:39,38350.0,300,Sell,225597717
2024-07-23 12:59:40,38350.0,1000,Sell,225598207
2024-07-23 12:59:40,38400.0,1000,Buy,225598214
2024-07-23 12:59:40,38400.0,100,Buy,225598213
2024-07-23 12:59:40,38400.0,700,Buy,225598212
2024-07-23 12:59:40,38350.0,300,Sell,225598206
2024-07-23 12:59:40,38400.0,100,Buy,225598210
2024-07-23 12:59:40,38350.0,600,Sell,225598209
2024-07-23 12:59:40,38350.0,100,Sell,225598208
2024-07-23 12:59:40,38400.0,100,Buy,225598211
2024-07-23 12:59:42,38400.0,100,Buy,225598851
2024-07-23 12:59:42,38400.0,200,Buy,225598852
2024-07-23 12:59:45,38400.0,2000,Buy,225599490
2024-07-23 12:59:46,38350.0,100,Sell,225599872
2024-07-23 12:59:55,38400.0,2500,Buy,225600998
2024-07-23 12:59:57,38400.0,1000,Buy,225601211
2024-07-23 13:00:17,38400.0,500,Buy,225601938
2024-07-23 13:00:35,38400.0,400,Buy,225602237
2024-07-23 13:00:35,38400.0,100,Buy,225602236
2024-07-23 13:01:26,38350.0,500,Sell,225603544
2024-07-23 13:01:43,38350.0,1000,Sell,225603991
2024-07-23 13:01:45,38400.0,200,Buy,225604024
2024-07-23 13:01:57,38350.0,300,Sell,225604253
2024-07-23 13:04:15,38400.0,400,Buy,225607372
2024-07-23 13:04:15,38400.0,100,Buy,225607373
2024-07-23 13:04:15,38400.0,500,Buy,225607374
2024-07-23 13:04:15,38450.0,300,Buy,225607375
2024-07-23 13:04:15,38450.0,600,Buy,225607376
2024-07-23 13:04:15,38450.0,3000,Buy,225607377
2024-07-23 13:04:15,38450.0,500,Buy,225607378
2024-07-23 13:04:15,38500.0,5400,Buy,225607379
2024-07-23 13:04:27,38350.0,1500,Sell,225607634
2024-07-23 13:04:27,38350.0,400,Sell,225607635
2024-07-23 13:04:52,38350.0,500,Sell,225608124
2024-07-23 13:06:21,38500.0,200,Buy,225610171
2024-07-23 13:06:27,38400.0,100,Sell,225610309
2024-07-23 13:07:09,38450.0,200,Sell,225611122
2024-07-23 13:07:27,38500.0,100,Buy,225611515
2024-07-23 13:07:43,38500.0,400,Buy,225611970
2024-07-23 13:07:57,38450.0,100,Sell,225612315
2024-07-23 13:08:21,38500.0,100,Buy,225612949
2024-07-23 13:08:23,38450.0,100,Sell,225612995
2024-07-23 13:08:35,38450.0,400,Sell,225613295
2024-07-23 13:08:35,38450.0,100,Sell,225613296
2024-07-23 13:08:43,38500.0,500,Buy,225613460
2024-07-23 13:08:57,38450.0,200,Sell,225613763
2024-07-23 13:08:59,38450.0,500,Sell,225613788
2024-07-23 13:09:07,38500.0,100,Buy,225614167
2024-07-23 13:09:16,38500.0,5000,Buy,225614365
2024-07-23 13:09:16,38500.0,900,Buy,225614366
2024-07-23 13:09:16,38500.0,200,Buy,225614363
2024-07-23 13:09:16,38500.0,200,Buy,225614364
2024-07-23 13:09:16,38500.0,700,Buy,225614362
2024-07-23 13:09:20,38500.0,600,Buy,225614435
2024-07-23 13:09:20,38500.0,600,Buy,225614432
2024-07-23 13:09:20,38500.0,300,Buy,225614433
2024-07-23 13:09:20,38500.0,1000,Buy,225614434
2024-07-23 13:09:25,38500.0,400,Buy,225614540
2024-07-23 13:09:25,38500.0,100,Buy,225614541
2024-07-23 13:09:25,38500.0,200,Buy,225614542
2024-07-23 13:09:25,38500.0,200,Buy,225614544
2024-07-23 13:09:25,38500.0,300,Buy,225614545
2024-07-23 13:09:25,38500.0,300,Buy,225614546
2024-07-23 13:09:25,38500.0,500,Buy,225614547
2024-07-23 13:09:25,38500.0,1000,Buy,225614543
2024-07-23 13:09:27,38500.0,2000,Sell,225614559
2024-07-23 13:09:33,38500.0,100,Buy,225614629
2024-07-23 13:09:56,38500.0,200,Buy,225615061
2024-07-23 13:10:20,38500.0,300,Sell,225615594
2024-07-23 13:10:27,38500.0,100,Sell,225615768
2024-07-23 13:10:41,38500.0,300,Sell,225616032
2024-07-23 13:10:41,38500.0,1400,Sell,225616031
2024-07-23 13:10:57,38450.0,300,Sell,225616419
2024-07-23 13:10:57,38500.0,500,Buy,225616407
2024-07-23 13:11:16,38450.0,2000,Sell,225616987
2024-07-23 13:11:16,38450.0,500,Sell,225616988
2024-07-23 13:11:16,38450.0,1500,Sell,225616989
2024-07-23 13:11:16,38450.0,1000,Sell,225616990
2024-07-23 13:11:16,38450.0,2000,Sell,225616991
2024-07-23 13:11:16,38450.0,300,Sell,225616992
2024-07-23 13:11:16,38450.0,1900,Sell,225616986
2024-07-23 13:11:27,38400.0,1700,Sell,225617205
2024-07-23 13:11:36,38400.0,3300,Sell,225617405
2024-07-23 13:11:36,38400.0,2100,Sell,225617406
2024-07-23 13:11:46,38400.0,500,Sell,225617623
2024-07-23 13:11:57,38400.0,300,Sell,225617810
2024-07-23 13:11:57,38400.0,700,Sell,225617811
2024-07-23 13:12:07,38400.0,1400,Sell,225618037
2024-07-23 13:12:27,38400.0,300,Sell,225618543
2024-07-23 13:13:10,38400.0,100,Sell,225619459
2024-07-23 13:13:15,38350.0,900,Sell,225619584
2024-07-23 13:13:15,38350.0,200,Sell,225619583
2024-07-23 13:13:15,38350.0,700,Sell,225619582
2024-07-23 13:13:15,38350.0,100,Sell,225619581
2024-07-23 13:13:15,38350.0,500,Sell,225619574
2024-07-23 13:13:15,38350.0,100,Sell,225619578
2024-07-23 13:13:15,38350.0,100,Sell,225619577
2024-07-23 13:13:15,38350.0,800,Sell,225619576
2024-07-23 13:13:15,38350.0,100,Sell,225619575
2024-07-23 13:13:15,38350.0,200,Sell,225619573
2024-07-23 13:13:15,38350.0,200,Sell,225619580
2024-07-23 13:13:15,38350.0,300,Sell,225619571
2024-07-23 13:13:15,38350.0,500,Sell,225619572
2024-07-23 13:13:15,38400.0,200,Sell,225619562
2024-07-23 13:13:15,38400.0,100,Sell,225619563
2024-07-23 13:13:15,38400.0,1000,Sell,225619564
2024-07-23 13:13:15,38350.0,1100,Sell,225619565
2024-07-23 13:13:15,38350.0,1000,Sell,225619579
2024-07-23 13:13:15,38350.0,100,Sell,225619566
2024-07-23 13:13:15,38350.0,2000,Sell,225619567
2024-07-23 13:13:15,38350.0,300,Sell,225619568
2024-07-23 13:13:15,38350.0,200,Sell,225619569
2024-07-23 13:13:15,38350.0,100,Sell,225619570
2024-07-23 13:13:27,38350.0,1100,Sell,225619830
2024-07-23 13:13:27,38350.0,100,Sell,225619831
2024-07-23 13:13:27,38350.0,300,Sell,225619832
2024-07-23 13:13:27,38350.0,400,Sell,225619833
2024-07-23 13:13:53,38350.0,100,Sell,225620607
2024-07-23 13:13:53,38350.0,700,Sell,225620608
2024-07-23 13:13:57,38350.0,100,Sell,225620675
2024-07-23 13:14:02,38350.0,200,Sell,225620801
2024-07-23 13:14:02,38350.0,100,Sell,225620803
2024-07-23 13:14:02,38350.0,200,Sell,225620804
2024-07-23 13:14:02,38350.0,400,Sell,225620802
2024-07-23 13:14:15,38350.0,200,Buy,225621203
2024-07-23 13:14:27,38300.0,200,Sell,225621473
2024-07-23 13:14:49,38350.0,200,Buy,225622190
2024-07-23 13:14:57,38300.0,100,Sell,225622385
2024-07-23 13:15:02,38300.0,100,Sell,225622497
2024-07-23 13:15:05,38350.0,700,Buy,225622617
2024-07-23 13:15:05,38350.0,1500,Buy,225622618
2024-07-23 13:15:27,38350.0,400,Sell,225623127
2024-07-23 13:15:55,38350.0,700,Sell,225623589
2024-07-23 13:15:58,38350.0,100,Sell,225623640
2024-07-23 13:16:35,38350.0,100,Sell,225624491
2024-07-23 13:16:55,38350.0,1500,Sell,225625003
2024-07-23 13:16:55,38350.0,500,Sell,225625004
2024-07-23 13:16:58,38350.0,400,Sell,225625040
2024-07-23 13:17:21,38350.0,200,Sell,225625548
2024-07-23 13:17:21,38350.0,100,Sell,225625549
2024-07-23 13:17:38,38350.0,500,Buy,225626013
2024-07-23 13:17:58,38350.0,300,Buy,225626443
2024-07-23 13:17:58,38300.0,100,Sell,225626436
2024-07-23 13:18:21,38350.0,900,Buy,225627052
2024-07-23 13:18:28,38350.0,100,Sell,225627156
2024-07-23 13:18:30,38350.0,100,Buy,225627206
2024-07-23 13:18:54,38350.0,1500,Sell,225627898
2024-07-23 13:18:58,38350.0,300,Sell,225628013
2024-07-23 13:19:13,38350.0,200,Sell,225628380
2024-07-23 13:19:13,38350.0,500,Sell,225628381
2024-07-23 13:19:13,38350.0,200,Sell,225628382
2024-07-23 13:19:17,38350.0,500,Buy,225628492
2024-07-23 13:19:21,38350.0,1000,Buy,225628549
2024-07-23 13:19:28,38300.0,400,Sell,225628703
2024-07-23 13:19:30,38350.0,500,Buy,225628791
2024-07-23 13:19:31,38350.0,100,Buy,225628795
2024-07-23 13:19:50,38350.0,100,Sell,225629270
2024-07-23 13:19:57,38350.0,100,Sell,225629436
2024-07-23 13:20:00,38350.0,200,Sell,225629480
2024-07-23 13:20:00,38350.0,300,Sell,225629481
2024-07-23 13:20:16,38350.0,1500,Sell,225629857
2024-07-23 13:20:16,38350.0,300,Sell,225629856
2024-07-23 13:20:16,38400.0,500,Sell,225629854
2024-07-23 13:20:16,38350.0,700,Sell,225629855
2024-07-23 13:20:27,38350.0,100,Sell,225630044
2024-07-23 13:20:28,38350.0,100,Sell,225630050
2024-07-23 13:20:28,38350.0,600,Sell,225630051
2024-07-23 13:20:35,38350.0,400,Sell,225630217
2024-07-23 13:20:50,38300.0,300,Sell,225630550
2024-07-23 13:20:50,38300.0,200,Sell,225630551
2024-07-23 13:20:56,38350.0,1000,Buy,225630709
2024-07-23 13:20:58,38300.0,300,Sell,225630766
2024-07-23 13:20:59,38350.0,100,Buy,225630797
2024-07-23 13:21:58,38400.0,300,Sell,225632198
2024-07-23 13:21:58,38400.0,300,Sell,225632199
2024-07-23 13:21:58,38350.0,200,Sell,225632200
2024-07-23 13:22:28,38350.0,200,Sell,225632772
2024-07-23 13:22:44,38400.0,100,Buy,225633046
2024-07-23 13:22:50,38400.0,100,Buy,225633152
2024-07-23 13:22:50,38400.0,400,Buy,225633151
2024-07-23 13:22:51,38350.0,100,Sell,225633190
2024-07-23 13:22:58,38350.0,100,Sell,225633316
2024-07-23 13:22:58,38350.0,100,Sell,225633324
2024-07-23 13:24:30,38400.0,100,Sell,225635098
2024-07-23 13:24:30,38400.0,800,Sell,225635099
2024-07-23 13:24:49,38400.0,200,Sell,225635533
2024-07-23 13:24:49,38400.0,800,Sell,225635534
2024-07-23 13:24:54,38400.0,200,Sell,225635712
2024-07-23 13:24:58,38400.0,3200,Sell,225635813
2024-07-23 13:24:58,38400.0,400,Sell,225635839
2024-07-23 13:25:10,38450.0,700,Buy,225636142
2024-07-23 13:25:14,38450.0,300,Buy,225636255
2024-07-23 13:25:18,38450.0,100,Sell,225636414
2024-07-23 13:25:28,38450.0,300,Sell,225636569
2024-07-23 13:25:28,38450.0,100,Sell,225636567
2024-07-23 13:25:28,38450.0,300,Sell,225636568
2024-07-23 13:25:37,38450.0,500,Sell,225636804
2024-07-23 13:25:40,38450.0,1000,Sell,225636857
2024-07-23 13:25:42,38450.0,500,Sell,225636904
2024-07-23 13:25:58,38450.0,400,Sell,225637381
2024-07-23 13:26:18,38450.0,100,Sell,225638021
2024-07-23 13:26:33,38450.0,1400,Sell,225638297
2024-07-23 13:26:33,38450.0,700,Sell,225638296
2024-07-23 13:26:33,38450.0,2700,Sell,225638294
2024-07-23 13:26:33,38450.0,200,Sell,225638295
2024-07-23 13:26:34,38450.0,100,Sell,225638315
2024-07-23 13:26:42,38450.0,500,Sell,225638511
2024-07-23 13:26:50,38500.0,1500,Buy,225638666
2024-07-23 13:26:50,38500.0,500,Buy,225638667
2024-07-23 13:27:06,38450.0,600,Sell,225639083
2024-07-23 13:27:11,38450.0,300,Sell,225639217
2024-07-23 13:27:28,38450.0,3000,Sell,225639528
2024-07-23 13:27:30,38450.0,1000,Sell,225639572
2024-07-23 13:27:32,38450.0,1000,Sell,225639594
2024-07-23 13:27:32,38450.0,800,Sell,225639596
2024-07-23 13:27:32,38450.0,100,Sell,225639593
2024-07-23 13:27:32,38450.0,100,Sell,225639595
2024-07-23 13:27:57,38450.0,1000,Sell,225640091
2024-07-23 13:27:58,38500.0,100,Buy,225640094
2024-07-23 13:28:21,38500.0,1800,Buy,225640706
2024-07-23 13:28:24,38450.0,100,Sell,225640758
2024-07-23 13:28:24,38450.0,200,Sell,225640757
2024-07-23 13:28:38,38450.0,100,Sell,225641070
2024-07-23 13:28:38,38450.0,500,Sell,225641071
2024-07-23 13:28:38,38450.0,400,Sell,225641069
2024-07-23 13:28:47,38450.0,200,Sell,225641209
2024-07-23 13:28:58,38450.0,300,Sell,225641411
2024-07-23 13:28:58,38450.0,700,Sell,225641412
2024-07-23 13:29:27,38450.0,1000,Sell,225642088
2024-07-23 13:30:01,38500.0,300,Buy,225642888
2024-07-23 13:30:04,38450.0,1000,Sell,225642980
2024-07-23 13:30:18,38450.0,100,Sell,225643282
2024-07-23 13:30:20,38450.0,1000,Sell,225643362
2024-07-23 13:30:20,38450.0,100,Sell,225643363
2024-07-23 13:30:20,38450.0,3000,Sell,225643364
2024-07-23 13:30:34,38450.0,100,Buy,225643708
2024-07-23 13:30:34,38450.0,700,Buy,225643707
2024-07-23 13:30:46,38450.0,1900,Buy,225644082
2024-07-23 13:30:46,38450.0,1100,Sell,225644072
2024-07-23 13:30:48,38450.0,1000,Sell,225644124
2024-07-23 13:30:57,38450.0,100,Sell,225644375
2024-07-23 13:31:06,38450.0,500,Sell,225644530
2024-07-23 13:31:09,38450.0,500,Sell,225644621
2024-07-23 13:31:09,38450.0,200,Sell,225644622
2024-07-23 13:31:28,38400.0,500,Sell,225645224
2024-07-23 13:31:28,38400.0,400,Sell,225645225
2024-07-23 13:31:28,38400.0,2000,Sell,225645226
2024-07-23 13:31:28,38400.0,100,Sell,225645227
2024-07-23 13:31:28,38400.0,1000,Sell,225645228
2024-07-23 13:31:28,38400.0,300,Sell,225645229
2024-07-23 13:31:28,38400.0,700,Sell,225645230
2024-07-23 13:32:10,38400.0,1000,Sell,225646967
2024-07-23 13:32:31,38400.0,700,Sell,225647926
2024-07-23 13:32:31,38400.0,300,Sell,225647925
2024-07-23 13:32:42,38400.0,100,Sell,225648280
2024-07-23 13:32:42,38400.0,300,Sell,225648277
2024-07-23 13:32:42,38400.0,100,Sell,225648278
2024-07-23 13:32:42,38400.0,200,Sell,225648279
2024-07-23 13:32:49,38400.0,900,Sell,225648608
2024-07-23 13:32:49,38400.0,100,Sell,225648609
2024-07-23 13:33:00,38400.0,400,Buy,225648905
2024-07-23 13:33:00,38400.0,300,Buy,225648906
2024-07-23 13:33:24,38400.0,100,Buy,225650586
2024-07-23 13:33:39,38400.0,600,Buy,225651513
2024-07-23 13:33:39,38400.0,100,Buy,225651514
2024-07-23 13:33:39,38400.0,1900,Buy,225651515
2024-07-23 13:34:31,38350.0,700,Sell,225655339
2024-07-23 13:34:31,38350.0,1200,Sell,225655338
2024-07-23 13:34:31,38350.0,1000,Sell,225655337
2024-07-23 13:34:31,38350.0,500,Sell,225655336
2024-07-23 13:34:31,38350.0,100,Sell,225655335
2024-07-23 13:34:31,38350.0,1200,Sell,225655332
2024-07-23 13:34:31,38350.0,1000,Sell,225655331
2024-07-23 13:34:31,38350.0,2000,Sell,225655330
2024-07-23 13:34:31,38350.0,1200,Sell,225655329
2024-07-23 13:34:31,38350.0,1000,Sell,225655334
2024-07-23 13:34:31,38350.0,100,Sell,225655333
2024-07-23 13:34:35,38350.0,100,Sell,225655639
2024-07-23 13:34:37,38350.0,100,Sell,225655860
2024-07-23 13:34:39,38350.0,800,Sell,225655989
2024-07-23 13:34:43,38350.0,1000,Sell,225656216
2024-07-23 13:34:48,38350.0,100,Sell,225656598
2024-07-23 13:34:48,38350.0,200,Sell,225656593
2024-07-23 13:34:48,38350.0,500,Sell,225656594
2024-07-23 13:34:48,38350.0,500,Sell,225656595
2024-07-23 13:34:48,38350.0,1000,Sell,225656596
2024-07-23 13:34:48,38350.0,700,Sell,225656597
2024-07-23 13:34:49,38350.0,200,Sell,225656686
2024-07-23 13:34:59,38350.0,100,Sell,225657281
2024-07-23 13:34:59,38350.0,200,Sell,225657280
2024-07-23 13:34:59,38350.0,100,Sell,225657282
2024-07-23 13:35:04,38350.0,100,Buy,225657546
2024-07-23 13:35:04,38400.0,100,Buy,225657547
2024-07-23 13:35:21,38350.0,200,Sell,225658915
2024-07-23 13:35:29,38350.0,300,Buy,225659360
2024-07-23 13:35:29,38350.0,100,Buy,225659361
2024-07-23 13:35:29,38350.0,100,Buy,225659362
2024-07-23 13:35:34,38300.0,100,Sell,225659683
2024-07-23 13:35:41,38300.0,600,Sell,225660132
2024-07-23 13:35:41,38300.0,100,Sell,225660129
2024-07-23 13:35:41,38300.0,300,Sell,225660128
2024-07-23 13:35:41,38300.0,1000,Sell,225660127
2024-07-23 13:35:41,38300.0,200,Sell,225660131
2024-07-23 13:35:41,38300.0,500,Sell,225660125
2024-07-23 13:35:41,38300.0,100,Sell,225660126
2024-07-23 13:35:41,38300.0,400,Sell,225660121
2024-07-23 13:35:41,38300.0,500,Sell,225660122
2024-07-23 13:35:41,38300.0,100,Sell,225660130
2024-07-23 13:35:41,38300.0,100,Sell,225660123
2024-07-23 13:35:41,38300.0,100,Sell,225660124
2024-07-23 13:35:44,38300.0,1400,Sell,225660246
2024-07-23 13:35:44,38300.0,1000,Sell,225660247
2024-07-23 13:35:44,38300.0,100,Sell,225660248
2024-07-23 13:35:44,38300.0,2000,Sell,225660249
2024-07-23 13:35:44,38300.0,100,Sell,225660251
2024-07-23 13:35:44,38300.0,800,Sell,225660252
2024-07-23 13:35:44,38300.0,100,Sell,225660253
2024-07-23 13:35:44,38300.0,100,Sell,225660254
2024-07-23 13:35:44,38300.0,100,Sell,225660255
2024-07-23 13:35:44,38300.0,100,Sell,225660256
2024-07-23 13:35:44,38300.0,100,Sell,225660257
2024-07-23 13:35:44,38300.0,1800,Sell,225660258
2024-07-23 13:35:44,38300.0,300,Sell,225660250
2024-07-23 13:35:48,38300.0,100,Sell,225660496
2024-07-23 13:35:48,38300.0,200,Sell,225660495
2024-07-23 13:35:48,38300.0,200,Sell,225660494
2024-07-23 13:36:01,38300.0,100,Sell,225661296
2024-07-23 13:36:01,38300.0,1000,Sell,225661295
2024-07-23 13:36:01,38300.0,100,Sell,225661292
2024-07-23 13:36:01,38300.0,500,Sell,225661293
2024-07-23 13:36:01,38300.0,300,Sell,225661294
2024-07-23 13:36:12,38300.0,900,Sell,225662213
2024-07-23 13:36:12,38300.0,100,Sell,225662214
2024-07-23 13:36:21,38300.0,100,Buy,225662573
2024-07-23 13:36:26,38250.0,500,Sell,225662847
2024-07-23 13:36:26,38250.0,100,Sell,225662845
2024-07-23 13:36:26,38250.0,100,Sell,225662844
2024-07-23 13:36:26,38250.0,3500,Sell,225662848
2024-07-23 13:36:26,38250.0,100,Sell,225662842
2024-07-23 13:36:26,38250.0,100,Sell,225662843
2024-07-23 13:36:26,38250.0,100,Sell,225662839
2024-07-23 13:36:26,38250.0,300,Sell,225662846
2024-07-23 13:36:26,38250.0,100,Sell,225662841
2024-07-23 13:36:26,38250.0,100,Sell,225662840
2024-07-23 13:36:31,38250.0,1500,Sell,225663076
2024-07-23 13:36:31,38250.0,500,Sell,225663077
2024-07-23 13:36:31,38250.0,1600,Sell,225663078
2024-07-23 13:36:33,38250.0,400,Sell,225663180
2024-07-23 13:36:33,38250.0,100,Sell,225663182
2024-07-23 13:36:33,38250.0,400,Sell,225663183
2024-07-23 13:36:33,38250.0,100,Sell,225663181
2024-07-23 13:36:43,38250.0,600,Sell,225663801
2024-07-23 13:36:43,38250.0,1400,Sell,225663802
2024-07-23 13:37:09,38250.0,300,Sell,225664946
2024-07-23 13:37:09,38250.0,500,Sell,225664947
2024-07-23 13:37:19,38250.0,1000,Buy,225665327
2024-07-23 13:37:30,38250.0,1000,Buy,225665844
2024-07-23 13:37:34,38250.0,100,Buy,225666058
2024-07-23 13:37:34,38250.0,200,Buy,225666054
2024-07-23 13:37:37,38250.0,200,Sell,225666138
2024-07-23 13:37:37,38200.0,100,Sell,225666139
2024-07-23 13:38:03,38250.0,300,Sell,225667292
2024-07-23 13:38:03,38250.0,500,Sell,225667293
2024-07-23 13:38:06,38250.0,200,Buy,225667430
2024-07-23 13:38:36,38250.0,300,Sell,225668519
2024-07-23 13:38:36,38250.0,700,Sell,225668520
2024-07-23 13:38:36,38250.0,1000,Sell,225668518
2024-07-23 13:38:40,38300.0,200,Buy,225668676
2024-07-23 13:38:41,38250.0,800,Sell,225668710
2024-07-23 13:38:41,38250.0,200,Sell,225668711
2024-07-23 13:39:32,38250.0,300,Sell,225670343
2024-07-23 13:39:32,38250.0,100,Sell,225670341
2024-07-23 13:39:32,38250.0,100,Sell,225670342
2024-07-23 13:39:53,38250.0,800,Sell,225670998
2024-07-23 13:39:53,38250.0,200,Sell,225670997
2024-07-23 13:39:54,38250.0,100,Sell,225671020
2024-07-23 13:39:54,38250.0,1300,Sell,225671015
2024-07-23 13:39:54,38250.0,100,Sell,225671016
2024-07-23 13:39:54,38250.0,100,Sell,225671017
2024-07-23 13:39:54,38250.0,300,Sell,225671018
2024-07-23 13:39:54,38250.0,200,Sell,225671019
2024-07-23 13:39:58,38250.0,100,Buy,225671132
2024-07-23 13:40:06,38250.0,100,Buy,225671483
2024-07-23 13:40:23,38200.0,200,Sell,225671862
2024-07-23 13:40:23,38200.0,500,Sell,225671863
2024-07-23 13:40:23,38200.0,300,Sell,225671864
2024-07-23 13:40:23,38250.0,3500,Buy,225671870
2024-07-23 13:40:26,38250.0,600,Sell,225671977
2024-07-23 13:40:37,38250.0,400,Sell,225672209
2024-07-23 13:40:37,38250.0,500,Sell,225672210
2024-07-23 13:40:37,38250.0,1000,Sell,225672211
2024-07-23 13:40:46,38250.0,900,Buy,225672448
2024-07-23 13:40:48,38250.0,200,Buy,225672514
2024-07-23 13:40:57,38200.0,100,Sell,225672768
2024-07-23 13:40:57,38200.0,100,Sell,225672767
2024-07-23 13:40:57,38200.0,200,Sell,225672766
2024-07-23 13:40:57,38200.0,200,Sell,225672764
2024-07-23 13:40:57,38200.0,100,Sell,225672765
2024-07-23 13:40:57,38200.0,100,Sell,225672763
2024-07-23 13:40:57,38200.0,200,Sell,225672758
2024-07-23 13:40:57,38200.0,100,Sell,225672761
2024-07-23 13:40:57,38200.0,200,Sell,225672762
2024-07-23 13:40:57,38250.0,300,Sell,225672755
2024-07-23 13:40:57,38200.0,200,Sell,225672756
2024-07-23 13:40:57,38200.0,1000,Sell,225672757
2024-07-23 13:40:57,38200.0,100,Sell,225672759
2024-07-23 13:40:57,38200.0,100,Sell,225672760
2024-07-23 13:41:27,38250.0,1400,Sell,225673674
2024-07-23 13:41:27,38250.0,100,Sell,225673675
2024-07-23 13:41:27,38250.0,400,Sell,225673676
2024-07-23 13:41:27,38250.0,100,Sell,225673677
2024-07-23 13:41:27,38200.0,900,Sell,225673678
2024-07-23 13:41:27,38200.0,100,Sell,225673679
2024-07-23 13:41:29,38300.0,1000,Buy,225673722
2024-07-23 13:41:54,38300.0,500,Buy,225674424
2024-07-23 13:41:57,38300.0,500,Sell,225674466
2024-07-23 13:42:11,38300.0,300,Sell,225674765
2024-07-23 13:42:19,38300.0,700,Sell,225674965
2024-07-23 13:42:43,38300.0,2000,Buy,225675565
2024-07-23 13:42:44,38250.0,200,Sell,225675568
2024-07-23 13:42:48,38300.0,200,Buy,225675679
2024-07-23 13:42:51,38300.0,2300,Buy,225675742
2024-07-23 13:42:51,38300.0,500,Buy,225675743
2024-07-23 13:43:01,38300.0,400,Sell,225676086
2024-07-23 13:43:03,38300.0,1300,Sell,225676144
2024-07-23 13:43:03,38300.0,2000,Sell,225676145
2024-07-23 13:43:15,38250.0,200,Sell,225676436
2024-07-23 13:43:15,38250.0,300,Sell,225676434
2024-07-23 13:43:15,38250.0,100,Sell,225676435
2024-07-23 13:43:24,38300.0,1700,Buy,225676757
2024-07-23 13:43:40,38300.0,1000,Sell,225677095
2024-07-23 13:43:45,38250.0,600,Sell,225677187
2024-07-23 13:44:00,38250.0,1800,Sell,225677776
2024-07-23 13:44:00,38250.0,200,Sell,225677775
2024-07-23 13:44:05,38250.0,1200,Sell,225677932
2024-07-23 13:44:05,38250.0,200,Sell,225677933
2024-07-23 13:44:05,38250.0,200,Sell,225677934
2024-07-23 13:44:05,38250.0,1900,Sell,225677935
2024-07-23 13:44:18,38200.0,100,Sell,225678377
2024-07-23 13:44:18,38200.0,100,Sell,225678378
2024-07-23 13:44:18,38200.0,300,Sell,225678379
2024-07-23 13:44:18,38200.0,100,Sell,225678380
2024-07-23 13:44:46,38200.0,600,Sell,225679402
2024-07-23 13:44:46,38200.0,200,Sell,225679456
2024-07-23 13:44:50,38200.0,600,Sell,225679608
2024-07-23 13:45:03,38200.0,300,Sell,225680310
2024-07-23 13:45:07,38200.0,200,Sell,225680383
2024-07-23 13:45:07,38200.0,300,Sell,225680384
2024-07-23 13:45:09,38250.0,100,Buy,225680475
2024-07-23 13:45:22,38200.0,600,Sell,225681231
2024-07-23 13:45:25,38250.0,200,Buy,225681360
2024-07-23 13:45:25,38250.0,1400,Buy,225681358
2024-07-23 13:45:25,38250.0,1200,Buy,225681359
2024-07-23 13:45:52,38250.0,1000,Buy,225682681
2024-07-23 13:45:54,38200.0,100,Sell,225682843
2024-07-23 13:45:54,38200.0,500,Sell,225682844
2024-07-23 13:45:56,38250.0,1000,Buy,225682936
2024-07-23 13:45:59,38250.0,1000,Buy,225683071
2024-07-23 13:46:02,38250.0,1000,Buy,225683225
2024-07-23 13:46:05,38250.0,1000,Buy,225683344
2024-07-23 13:46:27,38200.0,500,Sell,225684727
2024-07-23 13:46:27,38200.0,100,Sell,225684728
2024-07-23 13:46:39,38250.0,500,Buy,225685761
2024-07-23 13:46:52,38250.0,100,Buy,225687054
2024-07-23 13:46:55,38200.0,600,Sell,225687302
2024-07-23 13:46:55,38200.0,200,Sell,225687301
2024-07-23 13:46:55,38200.0,100,Sell,225687300
2024-07-23 13:46:55,38200.0,2000,Sell,225687299
2024-07-23 13:46:55,38200.0,100,Sell,225687296
2024-07-23 13:46:55,38200.0,1200,Sell,225687297
2024-07-23 13:46:55,38200.0,1000,Sell,225687298
2024-07-23 13:46:55,38200.0,100,Sell,225687295
2024-07-23 13:46:55,38200.0,400,Sell,225687294
2024-07-23 13:46:59,38200.0,600,Sell,225687724
2024-07-23 13:46:59,38100.0,400,Sell,225687751
2024-07-23 13:46:59,38100.0,200,Sell,225687750
2024-07-23 13:46:59,38100.0,500,Sell,225687747
2024-07-23 13:46:59,38100.0,500,Sell,225687746
2024-07-23 13:46:59,38150.0,300,Sell,225687745
2024-07-23 13:46:59,38150.0,500,Sell,225687744
2024-07-23 13:46:59,38100.0,200,Sell,225687749
2024-07-23 13:46:59,38150.0,100,Sell,225687742
2024-07-23 13:46:59,38150.0,200,Sell,225687743
2024-07-23 13:46:59,38200.0,5800,Sell,225687737
2024-07-23 13:46:59,38200.0,5000,Sell,225687738
2024-07-23 13:46:59,38100.0,100,Sell,225687748
2024-07-23 13:46:59,38200.0,100,Sell,225687740
2024-07-23 13:46:59,38150.0,100,Sell,225687741
2024-07-23 13:46:59,38200.0,30000,Sell,225687739
2024-07-23 13:47:05,38200.0,100,Sell,225688078
2024-07-23 13:47:18,38100.0,600,Sell,225688754
2024-07-23 13:47:18,38100.0,100,Sell,225688756
2024-07-23 13:47:18,38100.0,200,Sell,225688757
2024-07-23 13:47:18,38100.0,100,Sell,225688755
2024-07-23 13:47:30,38100.0,100,Sell,225689447
2024-07-23 13:47:30,38100.0,100,Sell,225689448
2024-07-23 13:47:30,38100.0,400,Sell,225689449
2024-07-23 13:47:34,38100.0,100,Sell,225689703
2024-07-23 13:47:38,38100.0,1000,Sell,225689959
2024-07-23 13:47:39,38100.0,500,Sell,225690011
2024-07-23 13:47:39,38100.0,1500,Sell,225690012
2024-07-23 13:47:46,38100.0,500,Sell,225690254
2024-07-23 13:47:46,38100.0,100,Sell,225690258
2024-07-23 13:47:46,38100.0,500,Sell,225690257
2024-07-23 13:47:46,38100.0,100,Sell,225690253
2024-07-23 13:47:46,38100.0,100,Sell,225690255
2024-07-23 13:47:46,38100.0,200,Sell,225690256
2024-07-23 13:47:47,38100.0,100,Sell,225690293
2024-07-23 13:47:48,38100.0,1900,Buy,225690380
2024-07-23 13:47:49,38100.0,1000,Sell,225690417
2024-07-23 13:48:00,38100.0,1000,Sell,225691211
2024-07-23 13:48:00,38100.0,600,Sell,225691217
2024-07-23 13:48:04,38100.0,1400,Sell,225691516
2024-07-23 13:48:07,38100.0,200,Sell,225691637
2024-07-23 13:48:07,38100.0,100,Sell,225691638
2024-07-23 13:48:27,38050.0,300,Sell,225692732
2024-07-23 13:48:27,38050.0,600,Sell,225692731
2024-07-23 13:48:27,38050.0,1000,Sell,225692728
2024-07-23 13:48:27,38050.0,500,Sell,225692727
2024-07-23 13:48:27,38050.0,100,Sell,225692726
2024-07-23 13:48:27,38050.0,2500,Sell,225692725
2024-07-23 13:48:27,38050.0,100,Sell,225692730
2024-07-23 13:48:27,38050.0,2900,Sell,225692723
2024-07-23 13:48:27,38050.0,200,Sell,225692724
2024-07-23 13:48:27,38050.0,100,Sell,225692718
2024-07-23 13:48:27,38050.0,1000,Sell,225692719
2024-07-23 13:48:27,38050.0,100,Sell,225692729
2024-07-23 13:48:27,38050.0,100,Sell,225692721
2024-07-23 13:48:27,38050.0,100,Sell,225692722
2024-07-23 13:48:27,38050.0,400,Sell,225692720
2024-07-23 13:48:32,38050.0,600,Sell,225692951
2024-07-23 13:48:33,38050.0,100,Sell,225692980
2024-07-23 13:48:44,38050.0,500,Buy,225693709
2024-07-23 13:48:48,38050.0,200,Buy,225693872
2024-07-23 13:48:48,38000.0,200,Sell,225693895
2024-07-23 13:48:53,38050.0,500,Buy,225694092
2024-07-23 13:48:59,38050.0,100,Buy,225694389
2024-07-23 13:49:01,38000.0,100,Sell,225694445
2024-07-23 13:49:01,38000.0,500,Sell,225694446
2024-07-23 13:49:01,38000.0,500,Sell,225694447
2024-07-23 13:49:01,38000.0,900,Sell,225694448
2024-07-23 13:49:03,38000.0,100,Sell,225694584
2024-07-23 13:49:03,38000.0,100,Sell,225694582
2024-07-23 13:49:03,38000.0,300,Sell,225694581
2024-07-23 13:49:03,38000.0,100,Sell,225694583
2024-07-23 13:49:04,38000.0,400,Sell,225694619
2024-07-23 13:49:06,38050.0,800,Buy,225694696
2024-07-23 13:49:11,38050.0,100,Buy,225694891
2024-07-23 13:49:12,38050.0,300,Buy,225694937
2024-07-23 13:49:12,38050.0,200,Buy,225694938
2024-07-23 13:49:19,38050.0,100,Buy,225695261
2024-07-23 13:49:25,38000.0,1000,Sell,225695507
2024-07-23 13:49:29,38050.0,500,Buy,225695657
2024-07-23 13:49:30,38050.0,100,Buy,225695722
2024-07-23 13:49:30,38050.0,200,Buy,225695723
2024-07-23 13:49:30,38050.0,100,Buy,225695724
2024-07-23 13:49:34,38050.0,600,Sell,225695865
2024-07-23 13:49:40,38050.0,200,Sell,225696154
2024-07-23 13:49:40,38050.0,100,Sell,225696155
2024-07-23 13:49:44,38100.0,100,Buy,225696354
2024-07-23 13:49:53,38100.0,500,Buy,225696692
2024-07-23 13:49:53,38100.0,600,Buy,225696691
2024-07-23 13:49:57,38100.0,100,Buy,225696827
2024-07-23 13:49:57,38100.0,100,Buy,225696828
2024-07-23 13:50:04,38100.0,2000,Sell,225697093
2024-07-23 13:50:04,38100.0,500,Sell,225697094
2024-07-23 13:50:07,38050.0,100,Sell,225697170
2024-07-23 13:50:07,38050.0,500,Sell,225697171
2024-07-23 13:50:10,38100.0,300,Buy,225697254
2024-07-23 13:50:18,38100.0,1000,Buy,225697520
2024-07-23 13:50:25,38100.0,1200,Buy,225697738
2024-07-23 13:50:37,38050.0,500,Sell,225698082
2024-07-23 13:50:37,38050.0,100,Sell,225698083
2024-07-23 13:50:40,38100.0,100,Buy,225698171
2024-07-23 13:50:42,38100.0,1000,Buy,225698214
2024-07-23 13:50:46,38100.0,700,Buy,225698349
2024-07-23 13:50:46,38100.0,10200,Buy,225698348
2024-07-23 13:51:09,38100.0,100,Sell,225699093
2024-07-23 13:51:09,38100.0,500,Sell,225699094
2024-07-23 13:51:23,38100.0,500,Sell,225699480
2024-07-23 13:51:23,38100.0,500,Sell,225699481
2024-07-23 13:51:29,38100.0,500,Sell,225699664
2024-07-23 13:51:29,38100.0,500,Sell,225699665
2024-07-23 13:51:35,38100.0,200,Sell,225699819
2024-07-23 13:51:41,38100.0,600,Sell,225699954
2024-07-23 13:52:12,38150.0,100,Sell,225700952
2024-07-23 13:52:13,38150.0,500,Buy,225700966
2024-07-23 13:52:38,38200.0,1200,Buy,225701773
2024-07-23 13:52:38,38200.0,500,Buy,225701774
2024-07-23 13:52:38,38200.0,600,Buy,225701775
2024-07-23 13:52:38,38200.0,2000,Buy,225701776
2024-07-23 13:52:38,38200.0,500,Buy,225701777
2024-07-23 13:52:38,38200.0,200,Buy,225701778
2024-07-23 13:52:43,38150.0,400,Sell,225701903
2024-07-23 13:52:43,38150.0,100,Sell,225701902
2024-07-23 13:52:45,38150.0,600,Sell,225701954
2024-07-23 13:52:48,38200.0,500,Buy,225702054
2024-07-23 13:53:15,38150.0,600,Sell,225703082
2024-07-23 13:53:19,38150.0,400,Sell,225703225
2024-07-23 13:53:19,38150.0,100,Sell,225703226
2024-07-23 13:53:19,38150.0,500,Sell,225703227
2024-07-23 13:53:30,38150.0,1400,Sell,225703861
2024-07-23 13:53:30,38150.0,400,Sell,225703862
2024-07-23 13:53:47,38150.0,600,Sell,225704385
2024-07-23 13:54:17,38150.0,500,Sell,225705432
2024-07-23 13:54:19,38150.0,500,Sell,225705470
2024-07-23 13:54:51,38100.0,600,Sell,225706736
2024-07-23 13:54:51,38100.0,100,Sell,225706737
2024-07-23 13:55:15,38100.0,400,Sell,225707513
2024-07-23 13:55:18,38100.0,600,Sell,225707659
2024-07-23 13:55:35,38100.0,200,Sell,225708328
2024-07-23 13:55:35,38100.0,600,Sell,225708327
2024-07-23 13:55:42,38100.0,1000,Sell,225708533
2024-07-23 13:55:48,38100.0,200,Sell,225708756
2024-07-23 13:55:48,38100.0,300,Sell,225708754
2024-07-23 13:55:49,38100.0,600,Sell,225708790
2024-07-23 13:56:10,38100.0,2700,Sell,225709620
2024-07-23 13:56:10,38100.0,100,Sell,225709621
2024-07-23 13:56:10,38100.0,100,Sell,225709622
2024-07-23 13:56:10,38100.0,200,Sell,225709623
2024-07-23 13:56:10,38100.0,200,Sell,225709624
2024-07-23 13:56:10,38100.0,500,Sell,225709625
2024-07-23 13:56:10,38100.0,500,Sell,225709626
2024-07-23 13:56:10,38100.0,700,Sell,225709627
2024-07-23 13:56:13,38100.0,500,Sell,225709732
2024-07-23 13:56:13,38100.0,300,Sell,225709733
2024-07-23 13:56:20,38050.0,100,Sell,225709975
2024-07-23 13:56:20,38050.0,500,Sell,225709976
2024-07-23 13:56:29,38050.0,2000,Sell,225710271
2024-07-23 13:56:29,38050.0,1000,Sell,225710270
2024-07-23 13:56:29,38050.0,2000,Sell,225710269
2024-07-23 13:56:31,38050.0,300,Sell,225710334
2024-07-23 13:56:31,38050.0,200,Sell,225710335
2024-07-23 13:56:31,38050.0,800,Sell,225710336
2024-07-23 13:56:31,38050.0,100,Sell,225710337
2024-07-23 13:56:31,38050.0,100,Sell,225710338
2024-07-23 13:56:31,38050.0,200,Sell,225710339
2024-07-23 13:56:31,38050.0,100,Sell,225710340
2024-07-23 13:56:31,38050.0,100,Sell,225710341
2024-07-23 13:56:31,38000.0,500,Sell,225710342
2024-07-23 13:56:31,38000.0,500,Sell,225710343
2024-07-23 13:56:31,38000.0,300,Sell,225710344
2024-07-23 13:56:31,38000.0,1000,Sell,225710345
2024-07-23 13:56:31,38000.0,800,Sell,225710346
2024-07-23 13:56:47,38000.0,100,Sell,225710822
2024-07-23 13:56:47,38000.0,500,Sell,225710821
2024-07-23 13:56:47,38050.0,100,Sell,225710819
2024-07-23 13:56:47,38000.0,200,Sell,225710820
2024-07-23 13:56:51,38000.0,100,Sell,225711040
2024-07-23 13:56:51,38000.0,100,Sell,225711041
2024-07-23 13:56:51,38000.0,100,Sell,225711042
2024-07-23 13:56:51,38000.0,200,Sell,225711043
2024-07-23 13:56:51,38000.0,100,Sell,225711039
2024-07-23 13:56:53,38000.0,300,Sell,225711101
2024-07-23 13:56:53,38000.0,500,Sell,225711102
2024-07-23 13:56:54,38000.0,2000,Sell,225711156
2024-07-23 13:56:54,38000.0,100,Sell,225711155
2024-07-23 13:56:54,38000.0,200,Sell,225711154
2024-07-23 13:56:54,38000.0,1000,Sell,225711153
2024-07-23 13:56:54,38000.0,500,Sell,225711150
2024-07-23 13:56:54,38000.0,100,Sell,225711151
2024-07-23 13:56:54,38000.0,1000,Sell,225711157
2024-07-23 13:56:54,38000.0,300,Sell,225711149
2024-07-23 13:56:54,38000.0,500,Sell,225711148
2024-07-23 13:56:54,38000.0,1000,Sell,225711152
2024-07-23 13:56:54,38000.0,5000,Sell,225711158
2024-07-23 13:56:54,38000.0,1000,Sell,225711162
2024-07-23 13:56:54,38000.0,100,Sell,225711160
2024-07-23 13:56:54,38000.0,1000,Sell,225711161
2024-07-23 13:56:54,38000.0,100,Sell,225711147
2024-07-23 13:56:54,38000.0,2000,Sell,225711164
2024-07-23 13:56:54,38000.0,100,Sell,225711165
2024-07-23 13:56:54,38000.0,100,Sell,225711166
2024-07-23 13:56:54,38000.0,1000,Sell,225711167
2024-07-23 13:56:54,38000.0,2000,Sell,225711168
2024-07-23 13:56:54,38000.0,200,Sell,225711169
2024-07-23 13:56:54,38000.0,100,Sell,225711170
2024-07-23 13:56:54,38000.0,800,Sell,225711171
2024-07-23 13:56:54,38000.0,1000,Sell,225711159
2024-07-23 13:56:54,38000.0,500,Sell,225711163
2024-07-23 13:56:54,38000.0,100,Sell,225711146
2024-07-23 13:56:54,38000.0,100,Sell,225711144
2024-07-23 13:56:54,38000.0,300,Sell,225711120
2024-07-23 13:56:54,38000.0,100,Sell,225711121
2024-07-23 13:56:54,38000.0,200,Sell,225711122
2024-07-23 13:56:54,38000.0,200,Sell,225711123
2024-07-23 13:56:54,38000.0,200,Sell,225711124
2024-07-23 13:56:54,38000.0,200,Sell,225711125
2024-07-23 13:56:54,38000.0,500,Sell,225711126
2024-07-23 13:56:54,38000.0,400,Sell,225711127
2024-07-23 13:56:54,38000.0,100,Sell,225711145
2024-07-23 13:56:54,38000.0,200,Sell,225711129
2024-07-23 13:56:54,38000.0,100,Sell,225711130
2024-07-23 13:56:54,38000.0,200,Sell,225711131
2024-07-23 13:56:54,38000.0,100,Sell,225711128
2024-07-23 13:56:54,38000.0,100,Sell,225711133
2024-07-23 13:56:54,38000.0,1000,Sell,225711143
2024-07-23 13:56:54,38000.0,500,Sell,225711132
2024-07-23 13:56:54,38000.0,600,Sell,225711141
2024-07-23 13:56:54,38000.0,500,Sell,225711140
2024-07-23 13:56:54,38000.0,300,Sell,225711139
2024-07-23 13:56:54,38000.0,100,Sell,225711142
2024-07-23 13:56:54,38000.0,100,Sell,225711137
2024-07-23 13:56:54,38000.0,100,Sell,225711136
2024-07-23 13:56:54,38000.0,500,Sell,225711135
2024-07-23 13:56:54,38000.0,500,Sell,225711134
2024-07-23 13:56:54,38000.0,1000,Sell,225711138
2024-07-23 13:57:03,38000.0,200,Sell,225711510
2024-07-23 13:57:03,38000.0,200,Sell,225711511
2024-07-23 13:57:03,38000.0,200,Sell,225711512
2024-07-23 13:57:03,38000.0,100,Sell,225711513
2024-07-23 13:57:03,38000.0,600,Sell,225711514
2024-07-23 13:57:07,38000.0,400,Sell,225711692
2024-07-23 13:57:07,38000.0,500,Sell,225711691
2024-07-23 13:57:07,38000.0,100,Sell,225711689
2024-07-23 13:57:07,38000.0,500,Sell,225711690
2024-07-23 13:57:07,38000.0,100,Sell,225711687
2024-07-23 13:57:07,38000.0,400,Sell,225711685
2024-07-23 13:57:07,38000.0,500,Sell,225711688
2024-07-23 13:57:07,38000.0,500,Sell,225711686
2024-07-23 13:57:13,38000.0,100,Sell,225712002
2024-07-23 13:57:16,38000.0,1000,Buy,225712365
2024-07-23 13:57:20,37950.0,100,Sell,225712623
2024-07-23 13:57:20,37950.0,400,Sell,225712624
2024-07-23 13:57:21,38000.0,100,Buy,225712658
2024-07-23 13:57:24,37950.0,600,Sell,225712909
2024-07-23 13:57:37,37950.0,200,Sell,225713530
2024-07-23 13:57:57,37950.0,600,Sell,225714282
2024-07-23 13:57:59,37950.0,4000,Sell,225714392
2024-07-23 13:58:21,38000.0,100,Buy,225715527
2024-07-23 13:58:28,37950.0,600,Sell,225716121
2024-07-23 13:58:32,37950.0,300,Sell,225716280
2024-07-23 13:58:36,38000.0,500,Buy,225716413
2024-07-23 13:58:36,37950.0,1700,Sell,225716409
2024-07-23 13:58:36,38000.0,500,Buy,225716412
2024-07-23 13:58:58,37950.0,500,Sell,225717510
2024-07-23 13:58:58,37950.0,100,Sell,225717509
2024-07-23 13:59:08,37950.0,100,Sell,225718097
2024-07-23 13:59:08,37950.0,100,Sell,225718098
2024-07-23 13:59:08,37950.0,100,Sell,225718099
2024-07-23 13:59:08,37950.0,100,Sell,225718100
2024-07-23 13:59:17,37950.0,100,Buy,225718571
2024-07-23 13:59:21,37950.0,100,Buy,225718792
2024-07-23 13:59:30,37900.0,1000,Sell,225719181
2024-07-23 13:59:30,37900.0,300,Sell,225719154
2024-07-23 13:59:30,37900.0,100,Sell,225719151
2024-07-23 13:59:30,37900.0,100,Sell,225719152
2024-07-23 13:59:30,37900.0,100,Sell,225719153
2024-07-23 13:59:31,37900.0,100,Sell,225719214
2024-07-23 13:59:31,37900.0,600,Sell,225719213
2024-07-23 13:59:31,37900.0,100,Sell,225719212
2024-07-23 13:59:31,37900.0,100,Sell,225719211
2024-07-23 13:59:31,37900.0,200,Sell,225719210
2024-07-23 13:59:31,37900.0,1000,Sell,225719208
2024-07-23 13:59:31,37900.0,700,Sell,225719206
2024-07-23 13:59:31,37900.0,100,Sell,225719209
2024-07-23 13:59:31,37900.0,200,Sell,225719207
2024-07-23 13:59:40,37850.0,100,Sell,225719562
2024-07-23 13:59:40,37850.0,100,Sell,225719563
2024-07-23 13:59:40,37850.0,200,Sell,225719564
2024-07-23 13:59:58,37850.0,800,Sell,225720605
2024-07-23 13:59:58,37850.0,200,Sell,225720606
2024-07-23 13:59:58,37850.0,500,Sell,225720607
2024-07-23 13:59:59,37850.0,100,Sell,225720633
2024-07-23 14:00:00,37850.0,100,Sell,225720685
2024-07-23 14:00:00,37850.0,2000,Sell,225720686
2024-07-23 14:00:02,37850.0,600,Sell,225720726
2024-07-23 14:00:09,37900.0,100,Buy,225721253
2024-07-23 14:00:24,37900.0,100,Buy,225721914
2024-07-23 14:00:25,37850.0,500,Sell,225721919
2024-07-23 14:00:25,37850.0,100,Sell,225721918
2024-07-23 14:00:25,37850.0,1400,Sell,225721917
2024-07-23 14:00:32,37850.0,500,Sell,225722292
2024-07-23 14:00:32,37850.0,100,Sell,225722293
2024-07-23 14:00:51,37800.0,100,Sell,225723079
2024-07-23 14:00:51,37800.0,200,Sell,225723080
2024-07-23 14:00:51,37800.0,100,Sell,225723081
2024-07-23 14:00:51,37800.0,500,Sell,225723082
2024-07-23 14:00:51,37800.0,100,Sell,225723083
2024-07-23 14:00:51,37800.0,600,Sell,225723102
2024-07-23 14:00:51,37800.0,100,Sell,225723103
2024-07-23 14:00:51,37800.0,100,Sell,225723104
2024-07-23 14:00:51,37800.0,100,Sell,225723105
2024-07-23 14:00:51,37800.0,200,Sell,225723106
2024-07-23 14:00:51,37800.0,500,Sell,225723107
2024-07-23 14:00:52,37850.0,500,Buy,225723135
2024-07-23 14:01:00,37850.0,400,Sell,225723479
2024-07-23 14:01:04,37850.0,100,Buy,225723607
2024-07-23 14:01:04,37800.0,600,Sell,225723637
2024-07-23 14:01:13,37800.0,300,Sell,225723934
2024-07-23 14:01:32,37800.0,400,Sell,225724725
2024-07-23 14:01:35,37800.0,200,Sell,225724856
2024-07-23 14:01:35,37800.0,400,Sell,225724857
2024-07-23 14:01:37,37850.0,200,Buy,225724965
2024-07-23 14:01:41,37850.0,800,Buy,225725076
2024-07-23 14:01:41,37850.0,2800,Buy,225725075
2024-07-23 14:01:42,37850.0,300,Buy,225725097
2024-07-23 14:01:44,37850.0,100,Buy,225725179
2024-07-23 14:01:45,37850.0,1000,Buy,225725212
2024-07-23 14:01:52,37850.0,500,Buy,225725394
2024-07-23 14:01:52,37850.0,700,Buy,225725410
2024-07-23 14:01:52,37850.0,100,Buy,225725411
2024-07-23 14:02:00,37900.0,300,Buy,225725632
2024-07-23 14:02:03,37900.0,1500,Buy,225725769
2024-07-23 14:02:03,37900.0,500,Buy,225725770
2024-07-23 14:02:05,37900.0,100,Buy,225725865
2024-07-23 14:02:06,37900.0,11800,Buy,225725902
2024-07-23 14:02:08,37850.0,100,Sell,225725991
2024-07-23 14:02:08,37850.0,100,Sell,225725990
2024-07-23 14:02:08,37850.0,200,Sell,225725988
2024-07-23 14:02:08,37850.0,200,Sell,225725989
2024-07-23 14:02:10,37900.0,400,Buy,225726039
2024-07-23 14:02:13,37900.0,100,Buy,225726137
2024-07-23 14:02:16,37900.0,100,Buy,225726218
2024-07-23 14:02:18,37900.0,100,Buy,225726279
2024-07-23 14:02:21,37900.0,100,Buy,225726377
2024-07-23 14:02:24,37900.0,5000,Buy,225726464
2024-07-23 14:02:24,37900.0,1000,Buy,225726465
2024-07-23 14:02:25,37850.0,900,Sell,225726487
2024-07-23 14:02:25,37850.0,300,Sell,225726488
2024-07-23 14:02:26,37900.0,300,Buy,225726524
2024-07-23 14:02:28,37900.0,500,Buy,225726585
2024-07-23 14:02:28,37900.0,400,Buy,225726594
2024-07-23 14:02:30,37900.0,500,Buy,225726625
2024-07-23 14:02:32,37900.0,500,Buy,225726698
2024-07-23 14:02:34,37900.0,100,Buy,225726752
2024-07-23 14:02:35,37900.0,500,Buy,225726763
2024-07-23 14:02:35,37900.0,700,Buy,225726760
2024-07-23 14:02:35,37900.0,500,Buy,225726761
2024-07-23 14:02:35,37900.0,800,Buy,225726762
2024-07-23 14:02:39,37900.0,600,Sell,225726876
2024-07-23 14:02:42,37950.0,100,Buy,225726965
2024-07-23 14:02:48,37950.0,100,Buy,225727143
2024-07-23 14:02:55,37950.0,200,Buy,225727375
2024-07-23 14:02:55,37950.0,100,Buy,225727376
2024-07-23 14:03:11,37950.0,500,Sell,225727862
2024-07-23 14:03:11,37900.0,100,Sell,225727863
2024-07-23 14:03:24,37950.0,500,Sell,225728262
2024-07-23 14:03:33,37950.0,100,Sell,225728493
2024-07-23 14:03:33,38000.0,200,Buy,225728502
2024-07-23 14:03:40,38000.0,300,Buy,225728713
2024-07-23 14:03:40,38000.0,200,Buy,225728714
2024-07-23 14:03:43,37950.0,100,Sell,225728782
2024-07-23 14:03:43,37950.0,400,Sell,225728781
2024-07-23 14:04:04,37950.0,100,Buy,225729238
2024-07-23 14:04:13,37900.0,100,Sell,225729439
2024-07-23 14:04:13,37900.0,200,Sell,225729440
2024-07-23 14:04:13,37900.0,200,Sell,225729441
2024-07-23 14:04:13,37900.0,100,Sell,225729442
2024-07-23 14:04:13,38000.0,100,Buy,225729443
2024-07-23 14:04:18,38000.0,100,Buy,225729567
2024-07-23 14:04:26,38000.0,100,Buy,225729811
2024-07-23 14:04:32,38000.0,100,Buy,225729992
2024-07-23 14:04:37,38000.0,100,Buy,225730120
2024-07-23 14:04:45,37950.0,500,Sell,225730284
2024-07-23 14:05:15,37950.0,500,Sell,225731116
2024-07-23 14:05:15,37950.0,100,Sell,225731117
2024-07-23 14:05:28,38000.0,100,Buy,225731407
2024-07-23 14:05:35,37950.0,200,Sell,225731580
2024-07-23 14:05:35,37950.0,400,Sell,225731579
2024-07-23 14:05:39,38000.0,100,Buy,225731668
2024-07-23 14:05:45,38000.0,200,Buy,225731825
2024-07-23 14:05:46,38000.0,200,Buy,225731839
2024-07-23 14:05:46,37950.0,600,Sell,225731858
2024-07-23 14:05:47,38000.0,500,Buy,225731864
2024-07-23 14:05:51,38000.0,1200,Buy,225731987
2024-07-23 14:05:51,38000.0,500,Buy,225731988
2024-07-23 14:05:51,38000.0,100,Buy,225731989
2024-07-23 14:05:51,38000.0,100,Buy,225731990
2024-07-23 14:05:51,38000.0,100,Buy,225731991
2024-07-23 14:05:52,38000.0,200,Buy,225732016
2024-07-23 14:05:53,38000.0,100,Buy,225732024
2024-07-23 14:05:58,38000.0,400,Buy,225732133
2024-07-23 14:05:58,38000.0,300,Buy,225732134
2024-07-23 14:05:58,38000.0,100,Sell,225732145
2024-07-23 14:06:02,38000.0,2000,Sell,225732285
2024-07-23 14:06:18,38000.0,400,Sell,225732746
2024-07-23 14:06:18,38000.0,200,Sell,225732745
2024-07-23 14:06:34,38000.0,100,Sell,225733150
2024-07-23 14:06:50,38000.0,500,Sell,225733607
2024-07-23 14:06:50,38000.0,100,Sell,225733608
2024-07-23 14:07:23,38000.0,600,Sell,225734397
2024-07-23 14:07:29,38000.0,200,Sell,225734564
2024-07-23 14:07:29,38000.0,600,Sell,225734565
2024-07-23 14:07:50,38100.0,1500,Buy,225735118
2024-07-23 14:07:50,38100.0,100,Buy,225735119
2024-07-23 14:07:55,38100.0,500,Sell,225735261
2024-07-23 14:07:56,38100.0,400,Sell,225735281
2024-07-23 14:08:25,38000.0,600,Sell,225736301
2024-07-23 14:08:26,38100.0,100,Buy,225736316
2024-07-23 14:08:40,38100.0,100,Buy,225736802
2024-07-23 14:08:57,38050.0,200,Sell,225737312
2024-07-23 14:08:58,38050.0,100,Buy,225737371
2024-07-23 14:09:00,38100.0,200,Buy,225737408
2024-07-23 14:09:00,38050.0,300,Buy,225737407
2024-07-23 14:09:11,38000.0,200,Sell,225737781
2024-07-23 14:09:28,38000.0,600,Sell,225738183
2024-07-23 14:10:00,38050.0,100,Sell,225739314
2024-07-23 14:10:07,38050.0,100,Buy,225739573
2024-07-23 14:10:08,38050.0,400,Buy,225739591
2024-07-23 14:10:28,38050.0,100,Sell,225740178
2024-07-23 14:10:28,38050.0,600,Sell,225740179
2024-07-23 14:10:33,38050.0,400,Sell,225740363
2024-07-23 14:10:33,38050.0,100,Sell,225740364
2024-07-23 14:10:33,38050.0,100,Sell,225740365
2024-07-23 14:10:53,38100.0,400,Buy,225740899
2024-07-23 14:10:58,38100.0,100,Buy,225741026
2024-07-23 14:11:03,38050.0,600,Sell,225741275
2024-07-23 14:11:04,38100.0,100,Buy,225741290
2024-07-23 14:11:10,38100.0,200,Buy,225741444
2024-07-23 14:11:18,38150.0,100,Buy,225741671
2024-07-23 14:11:29,38150.0,200,Buy,225741938
2024-07-23 14:11:29,38150.0,100,Buy,225741937
2024-07-23 14:11:34,38150.0,500,Sell,225742161
2024-07-23 14:11:49,38150.0,1300,Sell,225742546
2024-07-23 14:11:49,38150.0,900,Sell,225742545
2024-07-23 14:12:04,38150.0,600,Sell,225742963
2024-07-23 14:12:12,38200.0,1000,Buy,225743204
2024-07-23 14:12:36,38150.0,600,Sell,225743813
2024-07-23 14:12:49,38150.0,1000,Sell,225744257
2024-07-23 14:12:49,38150.0,100,Sell,225744258
2024-07-23 14:12:49,38150.0,100,Sell,225744260
2024-07-23 14:12:49,38100.0,1000,Sell,225744261
2024-07-23 14:12:49,38100.0,2000,Sell,225744262
2024-07-23 14:12:49,38100.0,700,Sell,225744263
2024-07-23 14:12:49,38100.0,300,Sell,225744264
2024-07-23 14:12:49,38150.0,200,Sell,225744259
2024-07-23 14:13:08,38050.0,500,Sell,225744742
2024-07-23 14:13:38,38050.0,600,Sell,225745686
2024-07-23 14:13:58,38050.0,500,Sell,225746191
2024-07-23 14:13:58,38050.0,300,Sell,225746189
2024-07-23 14:13:58,38050.0,100,Sell,225746190
2024-07-23 14:14:09,38050.0,500,Sell,225746495
2024-07-23 14:14:09,38050.0,100,Sell,225746496
2024-07-23 14:14:10,38050.0,600,Sell,225746561
2024-07-23 14:14:17,38100.0,100,Buy,225746777
2024-07-23 14:14:21,38050.0,100,Sell,225746893
2024-07-23 14:14:29,38050.0,1200,Sell,225747084
2024-07-23 14:14:29,38050.0,200,Sell,225747085
2024-07-23 14:14:29,38050.0,1400,Sell,225747086
2024-07-23 14:14:29,38050.0,100,Sell,225747087
2024-07-23 14:14:29,38050.0,200,Sell,225747088
2024-07-23 14:14:29,38050.0,100,Sell,225747089
2024-07-23 14:14:39,38050.0,1500,Buy,225747382
2024-07-23 14:14:42,38000.0,200,Sell,225747432
2024-07-23 14:14:42,38000.0,300,Sell,225747430
2024-07-23 14:14:42,38000.0,100,Sell,225747431
2024-07-23 14:14:55,38000.0,100,Sell,225747841
2024-07-23 14:14:55,38000.0,100,Sell,225747862
2024-07-23 14:14:56,38000.0,100,Sell,225747897
2024-07-23 14:14:58,38000.0,1000,Sell,225747966
2024-07-23 14:14:58,38000.0,3000,Sell,225747959
2024-07-23 14:14:58,38000.0,500,Sell,225747964
2024-07-23 14:14:58,38000.0,1000,Sell,225747963
2024-07-23 14:14:58,38000.0,300,Sell,225747962
2024-07-23 14:14:58,38000.0,100,Sell,225747961
2024-07-23 14:14:58,38000.0,100,Sell,225747960
2024-07-23 14:14:58,38000.0,100,Sell,225747958
2024-07-23 14:14:58,38000.0,5000,Sell,225747965
2024-07-23 14:14:58,38000.0,600,Sell,225747956
2024-07-23 14:14:58,38000.0,100,Sell,225747955
2024-07-23 14:14:58,38000.0,1000,Sell,225747954
2024-07-23 14:14:58,38000.0,2000,Sell,225747953
2024-07-23 14:14:58,38000.0,1000,Sell,225747952
2024-07-23 14:14:58,38000.0,100,Sell,225747951
2024-07-23 14:14:58,38000.0,1000,Sell,225747950
2024-07-23 14:14:58,38000.0,100,Sell,225747949
2024-07-23 14:14:58,38000.0,700,Sell,225747948
2024-07-23 14:14:58,38000.0,200,Sell,225747957
2024-07-23 14:15:05,38000.0,100,Buy,225748229
2024-07-23 14:15:09,38000.0,100,Buy,225748477
2024-07-23 14:15:14,37950.0,600,Sell,225748680
2024-07-23 14:15:27,37950.0,8000,Sell,225749271
2024-07-23 14:15:37,37950.0,600,Sell,225749839
2024-07-23 14:15:41,38000.0,1900,Buy,225749926
2024-07-23 14:15:41,38000.0,4000,Buy,225749927
2024-07-23 14:15:41,38000.0,5300,Buy,225749928
2024-07-23 14:15:41,38000.0,1000,Buy,225749929
2024-07-23 14:15:45,38000.0,600,Sell,225750081
2024-07-23 14:16:00,38000.0,3300,Sell,225751030
2024-07-23 14:16:00,38000.0,100,Sell,225751031
2024-07-23 14:16:05,37950.0,1000,Sell,225751275
2024-07-23 14:16:05,37950.0,200,Sell,225751276
2024-07-23 14:16:05,37950.0,100,Sell,225751274
2024-07-23 14:16:05,37950.0,200,Sell,225751270
2024-07-23 14:16:05,37950.0,100,Sell,225751272
2024-07-23 14:16:05,37950.0,400,Sell,225751271
2024-07-23 14:16:05,37950.0,1300,Sell,225751273
2024-07-23 14:16:13,37900.0,1200,Sell,225751763
2024-07-23 14:16:13,37900.0,600,Sell,225751761
2024-07-23 14:16:13,37900.0,1000,Sell,225751760
2024-07-23 14:16:13,37900.0,500,Sell,225751762
2024-07-23 14:16:13,37900.0,100,Sell,225751758
2024-07-23 14:16:13,37900.0,500,Sell,225751757
2024-07-23 14:16:13,37900.0,100,Sell,225751756
2024-07-23 14:16:13,37900.0,500,Sell,225751759
2024-07-23 14:16:16,37950.0,100,Buy,225752026
2024-07-23 14:16:17,37950.0,2900,Sell,225752045
2024-07-23 14:16:18,37900.0,600,Sell,225752115
2024-07-23 14:16:32,37850.0,600,Sell,225753037
2024-07-23 14:16:32,37850.0,100,Sell,225753036
2024-07-23 14:16:32,37850.0,700,Sell,225753035
2024-07-23 14:16:32,37900.0,100,Sell,225753034
2024-07-23 14:16:32,37900.0,300,Sell,225753032
2024-07-23 14:16:32,37900.0,100,Sell,225753031
2024-07-23 14:16:32,37900.0,500,Sell,225753030
2024-07-23 14:16:32,37900.0,200,Sell,225753029
2024-07-23 14:16:32,37900.0,1000,Sell,225753033
2024-07-23 14:16:48,37850.0,100,Sell,225754901
2024-07-23 14:16:50,37850.0,300,Sell,225755046
2024-07-23 14:16:50,37850.0,100,Sell,225755047
2024-07-23 14:16:50,37850.0,200,Sell,225755048
2024-07-23 14:16:52,37800.0,200,Sell,225755223
2024-07-23 14:16:52,37800.0,500,Sell,225755224
2024-07-23 14:16:52,37800.0,500,Sell,225755225
2024-07-23 14:16:52,37800.0,5000,Sell,225755226
2024-07-23 14:16:52,37800.0,100,Sell,225755227
2024-07-23 14:16:52,37800.0,100,Sell,225755228
2024-07-23 14:16:52,37800.0,100,Sell,225755229
2024-07-23 14:16:52,37800.0,500,Sell,225755233
2024-07-23 14:16:52,37800.0,100,Sell,225755232
2024-07-23 14:16:52,37800.0,500,Sell,225755222
2024-07-23 14:16:52,37800.0,5000,Sell,225755234
2024-07-23 14:16:52,37800.0,100,Sell,225755235
2024-07-23 14:16:52,37800.0,300,Sell,225755236
2024-07-23 14:16:52,37800.0,3000,Sell,225755237
2024-07-23 14:16:52,37800.0,500,Sell,225755230
2024-07-23 14:16:52,37800.0,500,Sell,225755221
2024-07-23 14:16:52,37800.0,100,Sell,225755231
2024-07-23 14:16:52,37800.0,200,Sell,225755219
2024-07-23 14:16:52,37850.0,300,Sell,225755204
2024-07-23 14:16:52,37850.0,100,Sell,225755205
2024-07-23 14:16:52,37850.0,500,Sell,225755206
2024-07-23 14:16:52,37850.0,300,Sell,225755207
2024-07-23 14:16:52,37850.0,100,Sell,225755208
2024-07-23 14:16:52,37850.0,1000,Sell,225755210
2024-07-23 14:16:52,37850.0,100,Sell,225755211
2024-07-23 14:16:52,37850.0,500,Sell,225755209
2024-07-23 14:16:52,37850.0,500,Sell,225755213
2024-07-23 14:16:52,37850.0,200,Sell,225755214
2024-07-23 14:16:52,37850.0,200,Sell,225755215
2024-07-23 14:16:52,37800.0,100,Sell,225755216
2024-07-23 14:16:52,37800.0,100,Sell,225755217
2024-07-23 14:16:52,37800.0,500,Sell,225755218
2024-07-23 14:16:52,37850.0,100,Sell,225755212
2024-07-23 14:16:52,37800.0,500,Sell,225755220
2024-07-23 14:16:56,37800.0,500,Buy,225755720
2024-07-23 14:16:58,37800.0,100,Buy,225755853
2024-07-23 14:17:01,37800.0,700,Buy,225756222
2024-07-23 14:17:07,37750.0,100,Sell,225757115
2024-07-23 14:17:07,37750.0,100,Sell,225757114
2024-07-23 14:17:07,37750.0,100,Sell,225757112
2024-07-23 14:17:07,37750.0,500,Sell,225757113
2024-07-23 14:17:13,37750.0,100,Sell,225757667
2024-07-23 14:17:21,37700.0,100,Sell,225759182
2024-07-23 14:17:21,37700.0,100,Sell,225759183
2024-07-23 14:17:21,37700.0,300,Sell,225759184
2024-07-23 14:17:21,37700.0,500,Sell,225759307
2024-07-23 14:17:25,37700.0,200,Sell,225760172
2024-07-23 14:17:25,37700.0,100,Sell,225760173
2024-07-23 14:17:25,37700.0,400,Sell,225760174
2024-07-23 14:17:28,37650.0,500,Sell,225761158
2024-07-23 14:17:28,37650.0,200,Sell,225761159
2024-07-23 14:17:28,37600.0,100,Sell,225761160
2024-07-23 14:17:28,37650.0,100,Sell,225761157
2024-07-23 14:17:28,37600.0,100,Sell,225761162
2024-07-23 14:17:28,37550.0,100,Sell,225761167
2024-07-23 14:17:28,37600.0,600,Sell,225761164
2024-07-23 14:17:28,37600.0,200,Sell,225761165
2024-07-23 14:17:28,37600.0,100,Sell,225761166
2024-07-23 14:17:28,37550.0,400,Sell,225761168
2024-07-23 14:17:28,37600.0,600,Sell,225761163
2024-07-23 14:17:28,37700.0,1500,Sell,225761156
2024-07-23 14:17:28,37600.0,100,Sell,225761161
2024-07-23 14:17:28,37700.0,300,Sell,225761154
2024-07-23 14:17:28,37700.0,300,Sell,225760995
2024-07-23 14:17:28,37700.0,1300,Sell,225761144
2024-07-23 14:17:28,37700.0,500,Sell,225761145
2024-07-23 14:17:28,37700.0,100,Sell,225761146
2024-07-23 14:17:28,37700.0,100,Sell,225761147
2024-07-23 14:17:28,37700.0,500,Sell,225761155
2024-07-23 14:17:28,37700.0,400,Sell,225761149
2024-07-23 14:17:28,37700.0,500,Sell,225761150
2024-07-23 14:17:28,37700.0,100,Sell,225761151
2024-07-23 14:17:28,37700.0,200,Sell,225761152
2024-07-23 14:17:28,37700.0,1000,Sell,225761153
2024-07-23 14:17:28,37700.0,400,Sell,225761148
2024-07-23 14:17:29,37550.0,200,Sell,225761303
2024-07-23 14:17:29,37550.0,300,Sell,225761304
2024-07-23 14:17:30,37800.0,500,Buy,225761587
2024-07-23 14:17:32,37550.0,400,Sell,225761978
2024-07-23 14:17:33,37550.0,500,Sell,225762181
2024-07-23 14:17:40,37500.0,100,Sell,225763927
2024-07-23 14:17:40,37500.0,3000,Sell,225763926
2024-07-23 14:17:40,37500.0,1000,Sell,225763925
2024-07-23 14:17:40,37500.0,1000,Sell,225763924
2024-07-23 14:17:40,37500.0,100,Sell,225763923
2024-07-23 14:17:40,37500.0,500,Sell,225763921
2024-07-23 14:17:40,37500.0,100,Sell,225763922
2024-07-23 14:17:40,37500.0,100,Sell,225763928
2024-07-23 14:17:40,37500.0,100,Sell,225763920
2024-07-23 14:17:40,37500.0,100,Sell,225763915
2024-07-23 14:17:40,37500.0,100,Sell,225763918
2024-07-23 14:17:40,37500.0,500,Sell,225763917
2024-07-23 14:17:40,37500.0,100,Sell,225763916
2024-07-23 14:17:40,37500.0,100,Sell,225763914
2024-07-23 14:17:40,37500.0,100,Sell,225763913
2024-07-23 14:17:40,37550.0,100,Sell,225763912
2024-07-23 14:17:40,37550.0,2700,Sell,225763911
2024-07-23 14:17:40,37550.0,100,Sell,225763910
2024-07-23 14:17:40,37600.0,300,Sell,225763909
2024-07-23 14:17:40,37500.0,1000,Sell,225763919
2024-07-23 14:17:41,37500.0,300,Sell,225764143
2024-07-23 14:17:41,37500.0,900,Sell,225764142
2024-07-23 14:17:41,37500.0,1300,Sell,225764141
2024-07-23 14:17:41,37500.0,600,Sell,225764034
2024-07-23 14:17:41,37500.0,300,Sell,225764035
2024-07-23 14:17:41,37500.0,100,Sell,225764033
2024-07-23 14:17:41,37500.0,200,Sell,225764032
2024-07-23 14:17:41,37500.0,2800,Sell,225764036
2024-07-23 14:17:46,37550.0,100,Sell,225764817
2024-07-23 14:17:46,37550.0,100,Sell,225764818
2024-07-23 14:17:48,37500.0,1700,Sell,225765314
2024-07-23 14:17:48,37500.0,800,Sell,225765315
2024-07-23 14:17:48,37500.0,2500,Sell,225765316
2024-07-23 14:17:50,37500.0,400,Sell,225765618
2024-07-23 14:17:52,37500.0,500,Sell,225766108
2024-07-23 14:17:53,37500.0,500,Sell,225766176
2024-07-23 14:17:54,37500.0,200,Buy,225766609
2024-07-23 14:18:00,37500.0,300,Buy,225767542
2024-07-23 14:18:00,37500.0,1000,Buy,225767543
2024-07-23 14:18:02,37500.0,100,Buy,225767967
2024-07-23 14:18:04,37450.0,200,Sell,225768429
2024-07-23 14:18:04,37450.0,200,Sell,225768430
2024-07-23 14:18:04,37450.0,100,Sell,225768428
2024-07-23 14:18:06,37500.0,500,Buy,225768656
2024-07-23 14:18:07,37500.0,15000,Buy,225768832
2024-07-23 14:18:09,37500.0,500,Buy,225769078
2024-07-23 14:18:13,37500.0,3000,Buy,225769880
2024-07-23 14:18:13,37500.0,100,Buy,225769937
2024-07-23 14:18:19,37500.0,1200,Buy,225770895
2024-07-23 14:18:22,37500.0,100,Buy,225771814
2024-07-23 14:18:22,37450.0,300,Sell,225771856
2024-07-23 14:18:22,37450.0,300,Sell,225771857
2024-07-23 14:18:29,37450.0,600,Sell,225773523
2024-07-23 14:18:31,37450.0,400,Sell,225773945
2024-07-23 14:18:31,37450.0,400,Sell,225773943
2024-07-23 14:18:31,37450.0,1000,Sell,225773944
2024-07-23 14:18:34,37450.0,600,Sell,225774683
2024-07-23 14:18:35,37400.0,2500,Sell,225774820
2024-07-23 14:18:37,37450.0,700,Buy,225775262
2024-07-23 14:18:39,37400.0,300,Buy,225775998
2024-07-23 14:18:39,37400.0,1000,Sell,225775897
2024-07-23 14:18:39,37400.0,500,Sell,225775893
2024-07-23 14:18:39,37400.0,300,Sell,225775895
2024-07-23 14:18:39,37400.0,100,Sell,225775894
2024-07-23 14:18:39,37400.0,200,Sell,225775896
2024-07-23 14:18:43,37400.0,100,Buy,225776850
2024-07-23 14:18:46,37350.0,100,Sell,225777645
2024-07-23 14:18:46,37350.0,100,Sell,225777646
2024-07-23 14:18:47,37350.0,200,Sell,225777715
2024-07-23 14:18:47,37400.0,100,Buy,225777875
2024-07-23 14:18:48,37350.0,200,Sell,225777944
2024-07-23 14:18:49,37400.0,100,Buy,225778083
2024-07-23 14:18:49,37400.0,1000,Buy,225778183
2024-07-23 14:18:53,37400.0,100,Buy,225778988
2024-07-23 14:18:53,37400.0,200,Buy,225779073
2024-07-23 14:18:55,37350.0,300,Sell,225779225
2024-07-23 14:18:55,37350.0,300,Sell,225779224
2024-07-23 14:19:00,37350.0,200,Sell,225780086
2024-07-23 14:19:03,37300.0,100,Sell,225781084
2024-07-23 14:19:03,37300.0,100,Sell,225781085
2024-07-23 14:19:03,37300.0,100,Sell,225781086
2024-07-23 14:19:03,37300.0,1000,Sell,225781087
2024-07-23 14:19:03,37250.0,100,Sell,225781088
2024-07-23 14:19:03,37200.0,1400,Sell,225781089
2024-07-23 14:19:04,37200.0,300,Sell,225781264
2024-07-23 14:19:05,37350.0,200,Buy,225781317
2024-07-23 14:19:08,37300.0,200,Buy,225781955
2024-07-23 14:19:11,37300.0,100,Buy,225782745
2024-07-23 14:19:15,37200.0,800,Sell,225783322
2024-07-23 14:19:15,37200.0,1700,Sell,225783321
2024-07-23 14:19:15,37200.0,3300,Sell,225783320
2024-07-23 14:19:17,37200.0,100,Sell,225783746
2024-07-23 14:19:17,37200.0,1600,Sell,225783745
2024-07-23 14:19:17,37200.0,100,Sell,225783742
2024-07-23 14:19:17,37200.0,100,Sell,225783743
2024-07-23 14:19:17,37200.0,100,Sell,225783744
2024-07-23 14:19:21,37200.0,500,Buy,225784544
2024-07-23 14:19:24,37150.0,100,Sell,225785027
2024-07-23 14:19:24,37150.0,800,Sell,225785028
2024-07-23 14:19:26,37150.0,200,Sell,225785311
2024-07-23 14:19:26,37150.0,100,Sell,225785312
2024-07-23 14:19:26,37150.0,2000,Sell,225785313
2024-07-23 14:19:32,37150.0,100,Buy,225786701
2024-07-23 14:19:33,37150.0,100,Buy,225786956
2024-07-23 14:19:35,37100.0,700,Sell,225787340
2024-07-23 14:19:35,37150.0,1000,Buy,225787343
2024-07-23 14:19:39,37150.0,100,Buy,225788021
2024-07-23 14:19:40,37100.0,200,Sell,225788129
2024-07-23 14:19:46,37150.0,100,Buy,225788943
2024-07-23 14:19:46,37150.0,500,Buy,225789349
2024-07-23 14:19:46,37100.0,1900,Sell,225789350
2024-07-23 14:19:46,37100.0,800,Sell,225789351
2024-07-23 14:19:46,37100.0,400,Sell,225789352
2024-07-23 14:19:46,37100.0,500,Sell,225789353
2024-07-23 14:19:46,37100.0,300,Sell,225789354
2024-07-23 14:19:46,37050.0,100,Sell,225789364
2024-07-23 14:19:46,37050.0,100,Sell,225789365
2024-07-23 14:19:46,37050.0,1200,Sell,225789366
2024-07-23 14:19:46,37050.0,600,Sell,225789367
2024-07-23 14:19:46,37100.0,100,Sell,225788942
2024-07-23 14:19:47,37100.0,100,Buy,225789715
2024-07-23 14:19:47,37100.0,1700,Buy,225789716
2024-07-23 14:19:47,37100.0,600,Sell,225789718
2024-07-23 14:19:49,37100.0,300,Sell,225790137
2024-07-23 14:19:54,37100.0,200,Sell,225790863
2024-07-23 14:19:56,37100.0,100,Sell,225791356
2024-07-23 14:19:56,37100.0,200,Sell,225791355
2024-07-23 14:20:01,37050.0,500,Sell,225792285
2024-07-23 14:20:01,37050.0,1000,Sell,225792284
2024-07-23 14:20:01,37050.0,100,Sell,225792283
2024-07-23 14:20:01,37050.0,100,Sell,225792282
2024-07-23 14:20:01,37050.0,100,Buy,225792286
2024-07-23 14:20:01,37050.0,5000,Sell,225792280
2024-07-23 14:20:01,37050.0,1000,Sell,225792279
2024-07-23 14:20:01,37050.0,500,Sell,225792278
2024-07-23 14:20:01,37050.0,3400,Sell,225792277
2024-07-23 14:20:01,37100.0,200,Buy,225792276
2024-07-23 14:20:01,37050.0,100,Sell,225792281
2024-07-23 14:20:03,37050.0,5000,Buy,225792592
2024-07-23 14:20:03,37050.0,500,Buy,225792593
2024-07-23 14:20:09,37050.0,500,Sell,225793759
2024-07-23 14:20:09,37050.0,1200,Sell,225793760
2024-07-23 14:20:10,37050.0,200,Sell,225794003
2024-07-23 14:20:12,37050.0,600,Sell,225794262
2024-07-23 14:20:12,37050.0,100,Buy,225794263
2024-07-23 14:20:15,37050.0,300,Sell,225794714
2024-07-23 14:20:19,37050.0,100,Sell,225795532
2024-07-23 14:20:19,37050.0,300,Sell,225795531
2024-07-23 14:20:19,37050.0,100,Sell,225795528
2024-07-23 14:20:19,37050.0,100,Sell,225795529
2024-07-23 14:20:19,37050.0,100,Sell,225795527
2024-07-23 14:20:19,37050.0,500,Sell,225795530
2024-07-23 14:20:21,37050.0,5000,Buy,225796005
2024-07-23 14:20:22,37050.0,1000,Buy,225796116
2024-07-23 14:20:23,37000.0,500,Sell,225796250
2024-07-23 14:20:23,37000.0,800,Sell,225796251
2024-07-23 14:20:23,37000.0,200,Sell,225796252
2024-07-23 14:20:23,37000.0,200,Sell,225796253
2024-07-23 14:20:23,37000.0,300,Sell,225796254
2024-07-23 14:20:23,37000.0,200,Sell,225796255
2024-07-23 14:20:23,37000.0,100,Sell,225796257
2024-07-23 14:20:23,37000.0,100,Sell,225796258
2024-07-23 14:20:23,37000.0,100,Sell,225796259
2024-07-23 14:20:23,37000.0,1000,Sell,225796260
2024-07-23 14:20:23,37000.0,100,Sell,225796261
2024-07-23 14:20:23,37000.0,100,Sell,225796249
2024-07-23 14:20:23,37000.0,500,Sell,225796256
2024-07-23 14:20:23,37000.0,200,Sell,225796248
2024-07-23 14:20:23,37000.0,500,Sell,225796241
2024-07-23 14:20:23,37000.0,100,Sell,225796246
2024-07-23 14:20:23,37000.0,100,Sell,225796245
2024-07-23 14:20:23,37000.0,100,Sell,225796244
2024-07-23 14:20:23,37000.0,2000,Sell,225796243
2024-07-23 14:20:23,37000.0,300,Sell,225796242
2024-07-23 14:20:23,37000.0,1000,Sell,225796233
2024-07-23 14:20:23,37000.0,200,Sell,225796240
2024-07-23 14:20:23,37000.0,4000,Sell,225796239
2024-07-23 14:20:23,37000.0,100,Sell,225796238
2024-07-23 14:20:23,37000.0,600,Sell,225796237
2024-07-23 14:20:23,37000.0,100,Sell,225796236
2024-07-23 14:20:23,37000.0,100,Sell,225796235
2024-07-23 14:20:23,37000.0,300,Sell,225796234
2024-07-23 14:20:23,37000.0,100,Sell,225796247
2024-07-23 14:20:24,37000.0,400,Sell,225796492
2024-07-23 14:20:24,37050.0,200,Sell,225796491
2024-07-23 14:20:24,37050.0,2800,Buy,225796450
2024-07-23 14:20:25,37000.0,100,Sell,225796598
2024-07-23 14:20:25,37000.0,500,Sell,225796599
2024-07-23 14:20:26,37050.0,400,Buy,225796677
2024-07-23 14:20:31,37050.0,20000,Sell,225797543
2024-07-23 14:20:31,37050.0,800,Sell,225797544
2024-07-23 14:20:33,37050.0,500,Sell,225797726
2024-07-23 14:20:33,37050.0,4000,Sell,225797766
2024-07-23 14:20:37,37000.0,300,Sell,225798257
2024-07-23 14:20:37,37000.0,100,Sell,225798256
2024-07-23 14:20:37,37000.0,100,Sell,225798255
2024-07-23 14:20:37,37000.0,100,Sell,225798253
2024-07-23 14:20:37,37000.0,1000,Sell,225798254
2024-07-23 14:20:37,37000.0,500,Sell,225798252
2024-07-23 14:20:37,37050.0,300,Sell,225798247
2024-07-23 14:20:37,37000.0,300,Sell,225798250
2024-07-23 14:20:37,37000.0,100,Sell,225798249
2024-07-23 14:20:37,37000.0,7400,Sell,225798248
2024-07-23 14:20:37,37050.0,200,Sell,225798246
2024-07-23 14:20:37,37050.0,100,Sell,225798245
2024-07-23 14:20:37,37050.0,4300,Sell,225798244
2024-07-23 14:20:37,37000.0,200,Sell,225798251
2024-07-23 14:20:38,37050.0,200,Buy,225798420
2024-07-23 14:20:42,37050.0,1000,Buy,225798834
2024-07-23 14:20:43,37050.0,1000,Buy,225798899
2024-07-23 14:20:43,37050.0,2800,Buy,225798900
2024-07-23 14:20:45,37050.0,500,Buy,225799181
2024-07-23 14:20:45,37050.0,4500,Buy,225799231
2024-07-23 14:20:48,37000.0,100,Sell,225799572
2024-07-23 14:20:48,37050.0,4100,Buy,225799573
2024-07-23 14:20:50,37050.0,100,Buy,225799908
2024-07-23 14:20:50,37050.0,200,Buy,225799909
2024-07-23 14:20:50,37000.0,500,Sell,225799907
2024-07-23 14:20:50,37050.0,100,Sell,225799906
2024-07-23 14:20:50,37050.0,500,Buy,225799855
2024-07-23 14:20:50,37050.0,300,Buy,225799854
2024-07-23 14:20:50,37050.0,100,Buy,225799853
2024-07-23 14:20:52,37100.0,1000,Buy,225800090
2024-07-23 14:20:52,37100.0,200,Buy,225800091
2024-07-23 14:20:52,37100.0,600,Buy,225800092
2024-07-23 14:20:52,37100.0,1000,Buy,225800093
2024-07-23 14:20:52,37100.0,500,Buy,225800094
2024-07-23 14:20:52,37100.0,900,Buy,225800095
2024-07-23 14:20:52,37100.0,400,Buy,225800096
2024-07-23 14:20:53,37150.0,100,Buy,225800251
2024-07-23 14:21:01,37000.0,100,Sell,225801361
2024-07-23 14:21:01,37000.0,100,Sell,225801360
2024-07-23 14:21:01,37000.0,500,Sell,225801359
2024-07-23 14:21:01,37000.0,200,Sell,225801358
2024-07-23 14:21:01,37000.0,100,Sell,225801357
2024-07-23 14:21:01,37050.0,200,Sell,225801353
2024-07-23 14:21:01,37050.0,200,Sell,225801355
2024-07-23 14:21:01,37050.0,800,Sell,225801354
2024-07-23 14:21:01,37050.0,100,Sell,225801352
2024-07-23 14:21:01,37050.0,500,Sell,225801351
2024-07-23 14:21:01,37050.0,300,Sell,225801350
2024-07-23 14:21:01,37050.0,1000,Sell,225801356
2024-07-23 14:21:04,37150.0,2700,Buy,225801627
2024-07-23 14:21:04,37150.0,5000,Buy,225801628
2024-07-23 14:21:05,37150.0,500,Buy,225801903
2024-07-23 14:21:06,37100.0,200,Sell,225801971
2024-07-23 14:21:06,37050.0,1000,Sell,225801972
2024-07-23 14:21:06,37000.0,300,Sell,225801973
2024-07-23 14:21:14,37100.0,900,Sell,225802967
2024-07-23 14:21:14,37100.0,800,Sell,225802968
2024-07-23 14:21:15,37150.0,3000,Buy,225803027
2024-07-23 14:21:18,37150.0,1400,Buy,225803396
2024-07-23 14:21:19,37150.0,100,Buy,225803526
2024-07-23 14:21:20,37000.0,100,Sell,225803608
2024-07-23 14:21:20,37000.0,3000,Sell,225803607
2024-07-23 14:21:20,37000.0,200,Sell,225803606
2024-07-23 14:21:20,37000.0,6700,Sell,225803605
2024-07-23 14:21:20,37000.0,100,Sell,225803604
2024-07-23 14:21:20,37000.0,500,Sell,225803603
2024-07-23 14:21:20,37000.0,100,Sell,225803602
2024-07-23 14:21:20,37000.0,200,Sell,225803596
2024-07-23 14:21:20,37000.0,100,Sell,225803600
2024-07-23 14:21:20,37000.0,500,Sell,225803599
2024-07-23 14:21:20,37000.0,100,Sell,225803598
2024-07-23 14:21:20,37000.0,500,Sell,225803597
2024-07-23 14:21:20,37000.0,1400,Sell,225803595
2024-07-23 14:21:20,37000.0,500,Sell,225803601
2024-07-23 14:21:20,37000.0,200,Sell,225803593
2024-07-23 14:21:20,37150.0,200,Buy,225803580
2024-07-23 14:21:20,37100.0,200,Sell,225803581
2024-07-23 14:21:20,37100.0,900,Sell,225803582
2024-07-23 14:21:20,37050.0,200,Sell,225803583
2024-07-23 14:21:20,37000.0,800,Sell,225803584
2024-07-23 14:21:20,37000.0,200,Sell,225803585
2024-07-23 14:21:20,37000.0,100,Sell,225803594
2024-07-23 14:21:20,37000.0,300,Sell,225803587
2024-07-23 14:21:20,37000.0,100,Sell,225803588
2024-07-23 14:21:20,37000.0,100,Sell,225803589
2024-07-23 14:21:20,37000.0,100,Sell,225803590
2024-07-23 14:21:20,37000.0,100,Sell,225803591
2024-07-23 14:21:20,37000.0,1000,Sell,225803592
2024-07-23 14:21:20,37000.0,1000,Sell,225803586
2024-07-23 14:21:21,37000.0,4000,Buy,225803807
2024-07-23 14:21:21,37150.0,1800,Buy,225803808
2024-07-23 14:21:24,37100.0,2600,Buy,225804340
2024-07-23 14:21:25,37100.0,2400,Buy,225804415
2024-07-23 14:21:26,37050.0,500,Sell,225804475
2024-07-23 14:21:27,37150.0,3000,Buy,225804627
2024-07-23 14:21:27,37150.0,1000,Buy,225804628
2024-07-23 14:21:32,37150.0,100,Buy,225805205
2024-07-23 14:21:32,37050.0,2400,Sell,225805134
2024-07-23 14:21:32,37050.0,100,Sell,225805133
2024-07-23 14:21:32,37100.0,200,Sell,225805131
2024-07-23 14:21:32,37100.0,2600,Sell,225805130
2024-07-23 14:21:32,37050.0,100,Sell,225805132
2024-07-23 14:21:36,37150.0,100,Buy,225805679
2024-07-23 14:21:36,37150.0,100,Buy,225805773
2024-07-23 14:21:36,37150.0,1000,Buy,225805830
2024-07-23 14:21:37,37150.0,1700,Buy,225805873
2024-07-23 14:21:37,37150.0,900,Buy,225805874
2024-07-23 14:21:39,37150.0,2600,Buy,225806215
2024-07-23 14:21:40,37150.0,3400,Buy,225806298
2024-07-23 14:21:40,37100.0,300,Sell,225806439
2024-07-23 14:21:40,37100.0,500,Sell,225806440
2024-07-23 14:21:42,37100.0,700,Sell,225806599
2024-07-23 14:21:42,37100.0,200,Buy,225806657
2024-07-23 14:21:43,37050.0,300,Sell,225806817
2024-07-23 14:21:45,37100.0,100,Buy,225807007
2024-07-23 14:21:45,37100.0,100,Buy,225807005
2024-07-23 14:21:45,37100.0,500,Buy,225807006
2024-07-23 14:21:47,37100.0,200,Buy,225807191
2024-07-23 14:21:47,37100.0,700,Buy,225807228
2024-07-23 14:21:49,37100.0,700,Buy,225807350
2024-07-23 14:21:52,37100.0,2100,Buy,225807632
2024-07-23 14:21:52,37100.0,900,Sell,225807693
2024-07-23 14:21:52,37050.0,2300,Sell,225807694
2024-07-23 14:21:52,37050.0,100,Sell,225807695
2024-07-23 14:21:52,37050.0,100,Sell,225807696
2024-07-23 14:21:52,37050.0,900,Sell,225807697
2024-07-23 14:21:52,37050.0,700,Sell,225807698
2024-07-23 14:21:54,37150.0,200,Buy,225807903
2024-07-23 14:21:55,37150.0,2000,Buy,225807954
2024-07-23 14:22:00,37100.0,300,Sell,225808413
2024-07-23 14:22:00,37100.0,100,Sell,225808414
2024-07-23 14:22:03,37100.0,1000,Sell,225808712
2024-07-23 14:22:10,37100.0,100,Sell,225809393
2024-07-23 14:22:13,37100.0,1900,Sell,225809699
2024-07-23 14:22:13,37100.0,6900,Sell,225809700
2024-07-23 14:22:13,37100.0,300,Sell,225809701
2024-07-23 14:22:13,37100.0,500,Sell,225809702
2024-07-23 14:22:13,37100.0,100,Sell,225809703
2024-07-23 14:22:13,37100.0,300,Sell,225809704
2024-07-23 14:22:14,37100.0,300,Sell,225809819
2024-07-23 14:22:15,37100.0,1000,Sell,225809920
2024-07-23 14:22:15,37150.0,200,Buy,225809921
2024-07-23 14:22:16,37150.0,100,Buy,225810023
2024-07-23 14:22:16,37150.0,1600,Buy,225810088
2024-07-23 14:22:16,37150.0,600,Buy,225810089
2024-07-23 14:22:17,37100.0,4300,Sell,225810116
2024-07-23 14:22:17,37100.0,1100,Sell,225810117
2024-07-23 14:22:17,37100.0,3400,Sell,225810115
2024-07-23 14:22:17,37150.0,1200,Sell,225810114
2024-07-23 14:22:20,37150.0,100,Sell,225810507
2024-07-23 14:22:20,37100.0,1400,Sell,225810508
2024-07-23 14:22:20,37150.0,900,Sell,225810505
2024-07-23 14:22:20,37150.0,100,Sell,225810506
2024-07-23 14:22:27,37200.0,100,Buy,225811223
2024-07-23 14:22:31,37150.0,200,Sell,225811573
2024-07-23 14:22:34,37200.0,900,Buy,225811829
2024-07-23 14:22:34,37200.0,100,Buy,225811830
2024-07-23 14:22:35,37200.0,100,Buy,225811953
2024-07-23 14:22:38,37200.0,100,Buy,225812133
2024-07-23 14:22:39,37200.0,500,Buy,225812243
2024-07-23 14:22:40,37200.0,2000,Buy,225812350
2024-07-23 14:22:42,37200.0,1000,Buy,225812519
2024-07-23 14:22:42,37200.0,1000,Buy,225812520
2024-07-23 14:22:43,37200.0,100,Buy,225812565
2024-07-23 14:22:50,37250.0,300,Sell,225813348
2024-07-23 14:22:50,37200.0,100,Sell,225813349
2024-07-23 14:22:55,37300.0,500,Buy,225813795
2024-07-23 14:22:55,37300.0,300,Buy,225813796
2024-07-23 14:23:09,37400.0,500,Buy,225814938
2024-07-23 14:23:16,37500.0,9000,Buy,225815433
2024-07-23 14:23:16,37500.0,300,Buy,225815434
2024-07-23 14:23:16,37500.0,200,Buy,225815435
2024-07-23 14:23:16,37500.0,5000,Buy,225815436
2024-07-23 14:23:16,37500.0,10000,Buy,225815437
2024-07-23 14:23:16,37500.0,500,Buy,225815438
2024-07-23 14:23:23,37500.0,1000,Sell,225816160
2024-07-23 14:23:24,37800.0,300,Buy,225816228
2024-07-23 14:23:27,37500.0,300,Sell,225816420
2024-07-23 14:23:27,37500.0,5000,Sell,225816421
2024-07-23 14:23:27,37500.0,100,Sell,225816422
2024-07-23 14:23:27,37500.0,100,Sell,225816423
2024-07-23 14:23:27,37500.0,500,Sell,225816424
2024-07-23 14:23:27,37500.0,1000,Sell,225816419
2024-07-23 14:23:33,37800.0,200,Buy,225816988
2024-07-23 14:23:52,37800.0,1000,Buy,225818288
2024-07-23 14:23:52,37800.0,400,Buy,225818286
2024-07-23 14:23:52,37750.0,1000,Buy,225818285
2024-07-23 14:23:52,37800.0,200,Buy,225818287
2024-07-23 14:24:00,37800.0,10000,Sell,225818847
