time,price,volume,match_type,id
2024-08-28 09:15:00,43800.0,6500,ATO/ATC,235229880
2024-08-28 09:15:14,43800.0,300,Buy,235230214
2024-08-28 09:15:28,43750.0,100,Sell,235230465
2024-08-28 09:15:28,43750.0,7500,Sell,235230467
2024-08-28 09:15:28,43800.0,200,Sell,235230464
2024-08-28 09:15:28,43750.0,200,Sell,235230466
2024-08-28 09:16:17,43700.0,1000,Sell,235231615
2024-08-28 09:16:17,43700.0,900,Sell,235231614
2024-08-28 09:16:17,43700.0,400,Sell,235231613
2024-08-28 09:16:17,43700.0,500,Sell,235231612
2024-08-28 09:16:17,43700.0,200,Sell,235231611
2024-08-28 09:16:17,43700.0,2000,Sell,235231610
2024-08-28 09:16:17,43750.0,500,Sell,235231603
2024-08-28 09:16:17,43700.0,100,Sell,235231608
2024-08-28 09:16:17,43750.0,200,Sell,235231604
2024-08-28 09:16:17,43750.0,200,Sell,235231605
2024-08-28 09:16:17,43700.0,2000,Sell,235231609
2024-08-28 09:16:17,43750.0,500,Sell,235231607
2024-08-28 09:16:17,43750.0,500,Sell,235231606
2024-08-28 09:16:38,43650.0,2000,Sell,235232147
2024-08-28 09:16:38,43650.0,4800,Sell,235232158
2024-08-28 09:16:38,43650.0,200,Sell,235232157
2024-08-28 09:16:38,43650.0,100,Sell,235232156
2024-08-28 09:16:38,43650.0,100,Sell,235232146
2024-08-28 09:16:38,43650.0,100,Sell,235232153
2024-08-28 09:16:38,43650.0,5000,Sell,235232155
2024-08-28 09:16:38,43650.0,200,Sell,235232151
2024-08-28 09:16:38,43650.0,2000,Sell,235232150
2024-08-28 09:16:38,43650.0,2000,Sell,235232149
2024-08-28 09:16:38,43650.0,2900,Sell,235232148
2024-08-28 09:16:38,43650.0,5600,Sell,235232152
2024-08-28 09:16:38,43650.0,2000,Sell,235232154
2024-08-28 09:16:53,43650.0,200,Sell,235232485
2024-08-28 09:16:53,43650.0,500,Sell,235232486
2024-08-28 09:16:56,43650.0,500,Buy,235232552
2024-08-28 09:16:58,43650.0,200,Buy,235232593
2024-08-28 09:17:00,43650.0,100,Buy,235232632
2024-08-28 09:17:33,43650.0,200,Buy,235233409
2024-08-28 09:17:33,43650.0,300,Buy,235233410
2024-08-28 09:17:44,43650.0,100,Sell,235233727
2024-08-28 09:17:44,43650.0,1000,Sell,235233728
2024-08-28 09:17:44,43650.0,200,Sell,235233729
2024-08-28 09:17:44,43600.0,1000,Sell,235233730
2024-08-28 09:18:23,43650.0,100,Sell,235234883
2024-08-28 09:18:37,43650.0,100,Sell,235235168
2024-08-28 09:18:37,43650.0,1000,Sell,235235169
2024-08-28 09:18:37,43650.0,100,Sell,235235170
2024-08-28 09:18:37,43650.0,100,Sell,235235171
2024-08-28 09:18:37,43650.0,400,Sell,235235172
2024-08-28 09:18:49,43650.0,500,Sell,235235429
2024-08-28 09:18:53,43650.0,500,Sell,235235508
2024-08-28 09:19:03,43650.0,2000,Sell,235235763
2024-08-28 09:19:03,43650.0,500,Sell,235235764
2024-08-28 09:19:03,43650.0,200,Sell,235235765
2024-08-28 09:19:03,43650.0,1400,Sell,235235766
2024-08-28 09:19:03,43650.0,200,Sell,235235767
2024-08-28 09:19:03,43650.0,600,Sell,235235762
2024-08-28 09:19:15,43650.0,100,Sell,235236042
2024-08-28 09:19:19,43650.0,700,Sell,235236181
2024-08-28 09:19:21,43650.0,100,Sell,235236216
2024-08-28 09:19:21,43650.0,700,Sell,235236217
2024-08-28 09:19:33,43700.0,1000,Buy,235236510
2024-08-28 09:19:33,43700.0,300,Buy,235236509
2024-08-28 09:19:33,43700.0,100,Buy,235236508
2024-08-28 09:20:14,43800.0,500,Buy,235237391
2024-08-28 09:20:14,43800.0,300,Buy,235237390
2024-08-28 09:20:14,43800.0,500,Buy,235237388
2024-08-28 09:20:14,43800.0,100,Buy,235237387
2024-08-28 09:20:14,43800.0,4600,Buy,235237389
2024-08-28 09:20:42,43850.0,500,Buy,235237937
2024-08-28 09:20:42,43850.0,300,Buy,235237938
2024-08-28 09:20:42,43850.0,200,Buy,235237939
2024-08-28 09:20:43,43800.0,6300,Sell,235237953
2024-08-28 09:20:48,43850.0,100,Buy,235238102
2024-08-28 09:20:50,43850.0,1400,Buy,235238123
2024-08-28 09:20:50,43850.0,3400,Buy,235238124
2024-08-28 09:20:50,43850.0,200,Buy,235238121
2024-08-28 09:20:50,43850.0,1000,Buy,235238122
2024-08-28 09:21:42,43850.0,2500,Sell,235238995
2024-08-28 09:21:43,43850.0,400,Sell,235239008
2024-08-28 09:21:43,43850.0,1500,Sell,235239007
2024-08-28 09:22:03,43850.0,100,Buy,235239402
2024-08-28 09:22:03,43850.0,400,Buy,235239403
2024-08-28 09:22:05,43850.0,100,Buy,235239456
2024-08-28 09:22:31,43850.0,100,Sell,235240141
2024-08-28 09:22:31,43850.0,100,Sell,235240142
2024-08-28 09:22:34,43850.0,800,Buy,235240248
2024-08-28 09:22:34,43850.0,1200,Buy,235240249
2024-08-28 09:23:13,43850.0,500,Sell,235241111
2024-08-28 09:23:13,43850.0,1000,Sell,235241112
2024-08-28 09:23:13,43850.0,100,Sell,235241113
2024-08-28 09:23:40,43850.0,1400,Buy,235241639
2024-08-28 09:23:51,43850.0,600,Sell,235241833
2024-08-28 09:24:20,43850.0,300,Buy,235242371
2024-08-28 09:24:20,43850.0,200,Buy,235242368
2024-08-28 09:24:34,43800.0,2900,Sell,235242687
2024-08-28 09:24:39,43800.0,800,Sell,235242791
2024-08-28 09:24:39,43800.0,400,Sell,235242792
2024-08-28 09:24:39,43800.0,4600,Sell,235242809
2024-08-28 09:24:46,43750.0,500,Sell,235242922
2024-08-28 09:24:46,43750.0,100,Sell,235242923
2024-08-28 09:24:46,43750.0,5000,Sell,235242924
2024-08-28 09:25:28,43750.0,100,Buy,235243785
2024-08-28 09:25:30,43750.0,200,Buy,235243839
2024-08-28 09:25:40,43750.0,1000,Buy,235244028
2024-08-28 09:26:19,43750.0,700,Buy,235244736
2024-08-28 09:26:58,43750.0,400,Sell,235245478
2024-08-28 09:27:26,43700.0,500,Sell,235246032
2024-08-28 09:27:37,43750.0,200,Buy,235246228
2024-08-28 09:27:44,43700.0,5000,Sell,235246393
2024-08-28 09:27:46,43750.0,4400,Buy,235246446
2024-08-28 09:27:46,43750.0,200,Buy,235246447
2024-08-28 09:27:46,43800.0,12000,Buy,235246448
2024-08-28 09:27:46,43800.0,300,Buy,235246449
2024-08-28 09:27:46,43800.0,200,Buy,235246450
2024-08-28 09:27:46,43800.0,300,Buy,235246451
2024-08-28 09:27:46,43800.0,500,Buy,235246452
2024-08-28 09:27:46,43850.0,900,Buy,235246453
2024-08-28 09:27:46,43850.0,2000,Buy,235246454
2024-08-28 09:27:46,43850.0,100,Buy,235246455
2024-08-28 09:27:46,43850.0,1100,Buy,235246456
2024-08-28 09:27:56,43750.0,1900,Buy,235246777
2024-08-28 09:27:56,43750.0,500,Buy,235246752
2024-08-28 09:27:56,43750.0,100,Buy,235246776
2024-08-28 09:28:06,43750.0,1000,Sell,235246947
2024-08-28 09:28:31,43750.0,300,Sell,235247499
2024-08-28 09:28:44,43850.0,3600,Buy,235247783
2024-08-28 09:28:46,43850.0,1300,Buy,235247823
2024-08-28 09:28:46,43850.0,300,Buy,235247824
2024-08-28 09:28:50,43850.0,700,Buy,235247897
2024-08-28 09:28:50,43850.0,300,Buy,235247898
2024-08-28 09:29:05,43850.0,300,Buy,235248314
2024-08-28 09:29:14,43850.0,200,Buy,235248519
2024-08-28 09:29:18,43850.0,2000,Buy,235248643
2024-08-28 09:29:23,43850.0,2000,Buy,235248788
2024-08-28 09:29:47,43850.0,200,Buy,235249266
2024-08-28 09:29:47,43850.0,500,Buy,235249267
2024-08-28 09:29:59,43850.0,2300,Sell,235249546
2024-08-28 09:30:06,43850.0,300,Buy,235249736
2024-08-28 09:30:18,43850.0,500,Buy,235250003
2024-08-28 09:30:18,43900.0,200,Buy,235250004
2024-08-28 09:30:18,43900.0,400,Buy,235250005
2024-08-28 09:30:18,43900.0,300,Buy,235250006
2024-08-28 09:30:18,43850.0,1600,Buy,235250002
2024-08-28 09:30:22,43900.0,1700,Buy,235250059
2024-08-28 09:30:22,43900.0,100,Buy,235250060
2024-08-28 09:30:22,43900.0,10000,Buy,235250061
2024-08-28 09:30:22,43900.0,4000,Buy,235250062
2024-08-28 09:30:22,43900.0,1000,Buy,235250063
2024-08-28 09:30:22,43900.0,2000,Buy,235250064
2024-08-28 09:30:53,43900.0,100,Sell,235250794
2024-08-28 09:31:14,43900.0,500,Sell,235251298
2024-08-28 09:31:42,43900.0,1500,Sell,235252045
2024-08-28 09:31:42,43900.0,600,Sell,235252044
2024-08-28 09:31:52,43900.0,200,Sell,235252247
2024-08-28 09:31:53,43900.0,3300,Sell,235252260
2024-08-28 09:31:53,43900.0,4000,Sell,235252261
2024-08-28 09:31:53,43900.0,300,Sell,235252262
2024-08-28 09:31:53,43900.0,100,Sell,235252263
2024-08-28 09:31:53,43900.0,200,Buy,235252266
2024-08-28 09:31:55,43900.0,1000,Sell,235252296
2024-08-28 09:31:55,43900.0,200,Sell,235252297
2024-08-28 09:31:58,43900.0,100,Sell,235252395
2024-08-28 09:32:02,43900.0,200,Sell,235252450
2024-08-28 09:32:02,43900.0,100,Sell,235252451
2024-08-28 09:32:22,43850.0,2000,Sell,235252864
2024-08-28 09:32:40,43850.0,500,Sell,235253352
2024-08-28 09:32:55,43800.0,500,Sell,235253754
2024-08-28 09:33:06,43850.0,1000,Buy,235254159
2024-08-28 09:33:37,43800.0,200,Sell,235254758
2024-08-28 09:35:17,43800.0,800,Sell,235256959
2024-08-28 09:35:17,43800.0,100,Sell,235256960
2024-08-28 09:35:17,43800.0,100,Sell,235256961
2024-08-28 09:35:17,43800.0,100,Sell,235256962
2024-08-28 09:35:17,43800.0,1000,Sell,235256963
2024-08-28 09:35:17,43800.0,1000,Sell,235256964
2024-08-28 09:35:17,43800.0,300,Sell,235256965
2024-08-28 09:35:17,43800.0,100,Sell,235256966
2024-08-28 09:35:27,43800.0,400,Buy,235257161
2024-08-28 09:35:46,43800.0,200,Buy,235257646
2024-08-28 09:35:53,43800.0,100,Buy,235257864
2024-08-28 09:35:53,43800.0,900,Buy,235257863
2024-08-28 09:36:10,43750.0,1800,Sell,235258128
2024-08-28 09:36:10,43750.0,100,Sell,235258127
2024-08-28 09:36:10,43750.0,100,Sell,235258123
2024-08-28 09:36:10,43750.0,100,Sell,235258125
2024-08-28 09:36:10,43750.0,2100,Sell,235258124
2024-08-28 09:36:10,43750.0,2000,Sell,235258126
2024-08-28 09:36:54,43750.0,100,Sell,235258971
2024-08-28 09:37:02,43750.0,100,Sell,235259135
2024-08-28 09:37:02,43750.0,100,Sell,235259136
2024-08-28 09:38:03,43700.0,100,Sell,235260462
2024-08-28 09:38:26,43700.0,500,Sell,235260843
2024-08-28 09:38:48,43700.0,2000,Sell,235261181
2024-08-28 09:38:54,43700.0,300,Sell,235261332
2024-08-28 09:38:54,43700.0,100,Sell,235261331
2024-08-28 09:38:54,43700.0,100,Sell,235261330
2024-08-28 09:38:54,43700.0,100,Sell,235261329
2024-08-28 09:38:54,43700.0,100,Sell,235261328
2024-08-28 09:38:54,43700.0,100,Sell,235261327
2024-08-28 09:38:54,43700.0,100,Sell,235261324
2024-08-28 09:38:54,43700.0,100,Sell,235261325
2024-08-28 09:38:54,43700.0,100,Sell,235261323
2024-08-28 09:38:54,43700.0,300,Sell,235261321
2024-08-28 09:38:54,43700.0,500,Sell,235261320
2024-08-28 09:38:54,43700.0,100,Sell,235261326
2024-08-28 09:38:54,43700.0,1000,Sell,235261322
2024-08-28 09:38:58,43700.0,500,Sell,235261403
2024-08-28 09:39:44,43700.0,200,Sell,235262322
2024-08-28 09:39:53,43700.0,300,Sell,235262466
2024-08-28 09:39:53,43700.0,700,Sell,235262465
2024-08-28 09:40:09,43750.0,100,Buy,235262723
2024-08-28 09:40:15,43700.0,100,Sell,235262837
2024-08-28 09:40:42,43750.0,200,Buy,235263352
2024-08-28 09:40:56,43750.0,300,Buy,235263554
2024-08-28 09:41:39,43750.0,900,Buy,235264230
2024-08-28 09:41:44,43750.0,1100,Buy,235264332
2024-08-28 09:41:44,43750.0,200,Buy,235264333
2024-08-28 09:41:44,43750.0,200,Buy,235264334
2024-08-28 09:41:44,43750.0,500,Buy,235264335
2024-08-28 09:41:51,43750.0,500,Sell,235264475
2024-08-28 09:41:51,43750.0,100,Sell,235264476
2024-08-28 09:42:58,43800.0,1300,Buy,235265733
2024-08-28 09:42:58,43800.0,500,Buy,235265732
2024-08-28 09:42:58,43800.0,100,Buy,235265731
2024-08-28 09:42:58,43800.0,500,Buy,235265730
2024-08-28 09:42:58,43800.0,100,Buy,235265728
2024-08-28 09:42:58,43800.0,400,Buy,235265727
2024-08-28 09:42:58,43800.0,500,Buy,235265726
2024-08-28 09:42:58,43800.0,500,Buy,235265729
2024-08-28 09:43:36,43750.0,400,Buy,235266411
2024-08-28 09:43:57,43750.0,100,Buy,235266814
2024-08-28 09:44:37,43800.0,400,Buy,235267455
2024-08-28 09:44:37,43750.0,200,Sell,235267465
2024-08-28 09:44:37,43750.0,100,Sell,235267466
2024-08-28 09:44:37,43700.0,800,Sell,235267467
2024-08-28 09:45:43,43750.0,400,Sell,235268913
2024-08-28 09:45:48,43750.0,1600,Sell,235269077
2024-08-28 09:45:52,43700.0,1000,Sell,235269181
2024-08-28 09:46:26,43700.0,1000,Sell,235269904
2024-08-28 09:46:45,43700.0,100,Sell,235270314
2024-08-28 09:46:45,43700.0,3200,Sell,235270319
2024-08-28 09:47:57,43700.0,100,Sell,235271956
2024-08-28 09:48:55,43750.0,100,Buy,235273249
2024-08-28 09:49:27,43750.0,1000,Buy,235273939
2024-08-28 09:49:40,43700.0,500,Sell,235274257
2024-08-28 09:49:40,43700.0,300,Sell,235274256
2024-08-28 09:49:40,43700.0,200,Sell,235274255
2024-08-28 09:49:40,43700.0,500,Sell,235274254
2024-08-28 09:49:40,43700.0,100,Sell,235274253
2024-08-28 09:49:40,43700.0,2000,Sell,235274252
2024-08-28 09:49:40,43700.0,400,Sell,235274248
2024-08-28 09:49:40,43700.0,2000,Sell,235274249
2024-08-28 09:49:40,43700.0,500,Sell,235274246
2024-08-28 09:49:40,43700.0,2200,Sell,235274245
2024-08-28 09:49:40,43700.0,200,Sell,235274244
2024-08-28 09:49:40,43700.0,3000,Sell,235274243
2024-08-28 09:49:40,43700.0,100,Sell,235274242
2024-08-28 09:49:40,43700.0,200,Sell,235274241
2024-08-28 09:49:40,43700.0,100,Sell,235274240
2024-08-28 09:49:40,43700.0,3400,Sell,235274239
2024-08-28 09:49:40,43700.0,200,Sell,235274247
2024-08-28 09:49:48,43700.0,500,Buy,235274391
2024-08-28 09:49:49,43700.0,3000,Buy,235274396
2024-08-28 09:49:52,43700.0,100,Buy,235274466
2024-08-28 09:49:59,43700.0,100,Buy,235274544
2024-08-28 09:50:01,43650.0,1400,Sell,235274612
2024-08-28 09:50:01,43650.0,800,Sell,235274611
2024-08-28 09:50:01,43650.0,300,Sell,235274608
2024-08-28 09:50:01,43650.0,1500,Sell,235274609
2024-08-28 09:50:01,43650.0,300,Sell,235274610
2024-08-28 09:50:11,43650.0,1000,Sell,235274789
2024-08-28 09:50:11,43650.0,100,Sell,235274790
2024-08-28 09:50:11,43650.0,300,Sell,235274791
2024-08-28 09:50:11,43650.0,100,Sell,235274792
2024-08-28 09:50:11,43650.0,1600,Sell,235274793
2024-08-28 09:50:11,43650.0,400,Sell,235274794
2024-08-28 09:50:41,43650.0,500,Sell,235275450
2024-08-28 09:50:43,43650.0,1900,Sell,235275476
2024-08-28 09:50:43,43650.0,2000,Sell,235275475
2024-08-28 09:50:43,43650.0,500,Sell,235275474
2024-08-28 09:50:43,43650.0,300,Sell,235275472
2024-08-28 09:50:43,43650.0,100,Sell,235275471
2024-08-28 09:50:43,43650.0,100,Sell,235275470
2024-08-28 09:50:43,43650.0,1000,Sell,235275473
2024-08-28 09:51:02,43650.0,200,Sell,235275852
2024-08-28 09:51:02,43650.0,1000,Sell,235275857
2024-08-28 09:51:02,43650.0,500,Sell,235275855
2024-08-28 09:51:02,43650.0,200,Sell,235275854
2024-08-28 09:51:02,43650.0,500,Sell,235275853
2024-08-28 09:51:02,43650.0,100,Sell,235275851
2024-08-28 09:51:02,43650.0,100,Sell,235275856
2024-08-28 09:51:02,43650.0,10000,Sell,235275849
2024-08-28 09:51:02,43650.0,200,Sell,235275844
2024-08-28 09:51:02,43650.0,100,Sell,235275843
2024-08-28 09:51:02,43650.0,2000,Sell,235275845
2024-08-28 09:51:02,43650.0,1100,Sell,235275850
2024-08-28 09:51:02,43650.0,1000,Sell,235275847
2024-08-28 09:51:02,43650.0,500,Sell,235275848
2024-08-28 09:51:02,43650.0,2000,Sell,235275846
2024-08-28 09:51:09,43600.0,100,Sell,235276008
2024-08-28 09:51:10,43650.0,400,Buy,235276049
2024-08-28 09:51:15,43650.0,200,Buy,235276183
2024-08-28 09:51:20,43650.0,100,Buy,235276301
2024-08-28 09:51:21,43650.0,100,Buy,235276338
2024-08-28 09:51:29,43600.0,900,Sell,235276470
2024-08-28 09:51:29,43600.0,100,Sell,235276471
2024-08-28 09:51:34,43600.0,900,Sell,235276550
2024-08-28 09:51:43,43650.0,4700,Buy,235276745
2024-08-28 09:51:43,43650.0,300,Buy,235276746
2024-08-28 09:52:00,43650.0,100,Buy,235277217
2024-08-28 09:52:05,43650.0,100,Buy,235277319
2024-08-28 09:52:20,43650.0,300,Buy,235277569
2024-08-28 09:52:25,43650.0,200,Buy,235277669
2024-08-28 09:52:25,43650.0,100,Buy,235277671
2024-08-28 09:52:30,43650.0,100,Buy,235277782
2024-08-28 09:52:39,43600.0,300,Sell,235277967
2024-08-28 09:52:43,43650.0,200,Buy,235278020
2024-08-28 09:52:55,43650.0,500,Buy,235278248
2024-08-28 09:52:55,43650.0,100,Buy,235278252
2024-08-28 09:52:55,43650.0,800,Buy,235278253
2024-08-28 09:53:00,43650.0,900,Buy,235278331
2024-08-28 09:53:00,43650.0,100,Buy,235278332
2024-08-28 09:53:01,43650.0,1000,Sell,235278352
2024-08-28 09:53:11,43650.0,400,Sell,235278596
2024-08-28 09:53:11,43650.0,100,Sell,235278597
2024-08-28 09:53:20,43650.0,200,Buy,235278749
2024-08-28 09:53:28,43650.0,500,Buy,235278956
2024-08-28 09:53:33,43650.0,100,Buy,235279049
2024-08-28 09:53:39,43650.0,1400,Sell,235279152
2024-08-28 09:53:42,43650.0,300,Buy,235279197
2024-08-28 09:54:06,43650.0,700,Buy,235279894
2024-08-28 09:54:12,43650.0,100,Buy,235280017
2024-08-28 09:54:17,43650.0,1000,Buy,235280082
2024-08-28 09:54:25,43650.0,2000,Buy,235280243
2024-08-28 09:54:25,43650.0,300,Buy,235280249
2024-08-28 09:54:27,43650.0,100,Buy,235280292
2024-08-28 09:54:41,43650.0,2000,Buy,235280720
2024-08-28 09:54:48,43650.0,100,Buy,235280822
2024-08-28 09:54:48,43650.0,100,Buy,235280820
2024-08-28 09:54:48,43650.0,300,Buy,235280821
2024-08-28 09:54:51,43650.0,500,Buy,235280905
2024-08-28 09:54:53,43600.0,700,Sell,235280924
2024-08-28 09:54:53,43600.0,300,Sell,235280925
2024-08-28 09:55:06,43600.0,1700,Sell,235281148
2024-08-28 09:55:06,43600.0,900,Sell,235281149
2024-08-28 09:55:06,43600.0,400,Sell,235281150
2024-08-28 09:55:13,43600.0,100,Sell,235281347
2024-08-28 09:55:13,43650.0,100,Buy,235281348
2024-08-28 09:55:17,43650.0,1000,Sell,235281416
2024-08-28 09:55:58,43650.0,2000,Sell,235282272
2024-08-28 09:55:58,43650.0,300,Sell,235282273
2024-08-28 09:56:22,43650.0,200,Sell,235282938
2024-08-28 09:56:27,43600.0,200,Sell,235283044
2024-08-28 09:56:27,43600.0,200,Sell,235283043
2024-08-28 09:56:27,43600.0,800,Sell,235283045
2024-08-28 09:56:27,43650.0,500,Sell,235283041
2024-08-28 09:56:27,43650.0,1500,Sell,235283040
2024-08-28 09:56:27,43650.0,100,Sell,235283039
2024-08-28 09:56:27,43600.0,100,Sell,235283042
2024-08-28 09:56:40,43650.0,100,Sell,235283368
2024-08-28 09:56:44,43650.0,2000,Sell,235283478
2024-08-28 09:56:44,43650.0,500,Sell,235283479
2024-08-28 09:56:46,43650.0,1500,Sell,235283524
2024-08-28 09:56:49,43650.0,2300,Buy,235283572
2024-08-28 09:57:03,43650.0,400,Buy,235283832
2024-08-28 09:57:35,43650.0,200,Buy,235284422
2024-08-28 09:57:35,43650.0,1800,Buy,235284423
2024-08-28 09:57:35,43650.0,100,Buy,235284426
2024-08-28 09:57:56,43650.0,800,Buy,235284779
2024-08-28 09:58:16,43650.0,2000,Buy,235285151
2024-08-28 09:59:01,43650.0,400,Buy,235285950
2024-08-28 09:59:02,43650.0,1000,Buy,235285959
2024-08-28 09:59:04,43650.0,100,Buy,235286054
2024-08-28 09:59:06,43650.0,1000,Buy,235286076
2024-08-28 09:59:06,43650.0,500,Buy,235286083
2024-08-28 09:59:13,43650.0,300,Buy,235286274
2024-08-28 09:59:25,43650.0,1000,Buy,235286483
2024-08-28 09:59:26,43600.0,400,Sell,235286495
2024-08-28 09:59:49,43600.0,300,Sell,235287072
2024-08-28 10:00:19,43650.0,1000,Buy,235287590
2024-08-28 10:00:19,43650.0,500,Buy,235287591
2024-08-28 10:00:25,43650.0,500,Buy,235287700
2024-08-28 10:00:25,43650.0,2100,Buy,235287701
2024-08-28 10:00:25,43650.0,400,Buy,235287702
2024-08-28 10:00:34,43650.0,100,Buy,235287855
2024-08-28 10:00:34,43650.0,600,Buy,235287853
2024-08-28 10:00:34,43650.0,100,Buy,235287854
2024-08-28 10:01:05,43700.0,300,Buy,235288527
2024-08-28 10:01:16,43650.0,1000,Sell,235288783
2024-08-28 10:01:16,43650.0,3000,Sell,235288784
2024-08-28 10:01:23,43650.0,2000,Buy,235288899
2024-08-28 10:01:30,43650.0,2000,Buy,235288973
2024-08-28 10:01:55,43650.0,200,Sell,235289383
2024-08-28 10:02:46,43650.0,200,Sell,235290661
2024-08-28 10:04:30,43650.0,400,Sell,235292584
2024-08-28 10:04:49,43600.0,1000,Sell,235292870
2024-08-28 10:04:49,43600.0,500,Sell,235292869
2024-08-28 10:04:49,43600.0,100,Sell,235292872
2024-08-28 10:04:49,43600.0,200,Sell,235292873
2024-08-28 10:04:49,43600.0,100,Sell,235292874
2024-08-28 10:04:49,43600.0,500,Sell,235292875
2024-08-28 10:04:49,43600.0,200,Sell,235292876
2024-08-28 10:04:49,43600.0,200,Sell,235292881
2024-08-28 10:04:49,43600.0,2000,Sell,235292878
2024-08-28 10:04:49,43600.0,100,Sell,235292879
2024-08-28 10:04:49,43600.0,3000,Sell,235292880
2024-08-28 10:04:49,43600.0,3000,Sell,235292882
2024-08-28 10:04:49,43600.0,100,Sell,235292883
2024-08-28 10:04:49,43600.0,300,Sell,235292884
2024-08-28 10:04:49,43600.0,1300,Sell,235292885
2024-08-28 10:04:49,43600.0,200,Sell,235292877
2024-08-28 10:04:49,43600.0,500,Sell,235292868
2024-08-28 10:04:49,43600.0,2200,Sell,235292871
2024-08-28 10:04:49,43600.0,2000,Sell,235292866
2024-08-28 10:04:49,43650.0,300,Sell,235292851
2024-08-28 10:04:49,43650.0,1000,Sell,235292852
2024-08-28 10:04:49,43650.0,5000,Sell,235292853
2024-08-28 10:04:49,43650.0,100,Sell,235292854
2024-08-28 10:04:49,43650.0,100,Sell,235292855
2024-08-28 10:04:49,43650.0,100,Sell,235292856
2024-08-28 10:04:49,43650.0,100,Sell,235292857
2024-08-28 10:04:49,43650.0,500,Sell,235292858
2024-08-28 10:04:49,43600.0,3500,Sell,235292859
2024-08-28 10:04:49,43600.0,100,Sell,235292860
2024-08-28 10:04:49,43600.0,500,Sell,235292861
2024-08-28 10:04:49,43600.0,500,Sell,235292862
2024-08-28 10:04:49,43600.0,100,Sell,235292863
2024-08-28 10:04:49,43600.0,200,Sell,235292864
2024-08-28 10:04:49,43600.0,200,Sell,235292865
2024-08-28 10:04:49,43650.0,2100,Sell,235292850
2024-08-28 10:04:49,43600.0,1100,Sell,235292867
2024-08-28 10:05:31,43650.0,1800,Buy,235293574
2024-08-28 10:06:31,43650.0,1000,Buy,235294654
2024-08-28 10:06:31,43650.0,4400,Buy,235294655
2024-08-28 10:06:31,43650.0,1000,Buy,235294656
2024-08-28 10:06:31,43650.0,300,Buy,235294657
2024-08-28 10:06:31,43650.0,3200,Buy,235294653
2024-08-28 10:07:00,43650.0,100,Sell,235295122
2024-08-28 10:07:11,43650.0,3000,Buy,235295267
2024-08-28 10:07:28,43650.0,100,Buy,235295594
2024-08-28 10:07:44,43600.0,900,Sell,235295882
2024-08-28 10:09:01,43600.0,300,Sell,235297523
2024-08-28 10:09:01,43600.0,100,Sell,235297524
2024-08-28 10:09:01,43600.0,1000,Sell,235297522
2024-08-28 10:09:01,43600.0,900,Sell,235297528
2024-08-28 10:09:01,43600.0,100,Sell,235297526
2024-08-28 10:09:01,43600.0,1000,Sell,235297527
2024-08-28 10:09:01,43600.0,2000,Sell,235297525
2024-08-28 10:09:01,43600.0,500,Sell,235297521
2024-08-28 10:09:01,43600.0,500,Sell,235297515
2024-08-28 10:09:01,43600.0,1000,Sell,235297519
2024-08-28 10:09:01,43600.0,6000,Sell,235297518
2024-08-28 10:09:01,43600.0,100,Sell,235297517
2024-08-28 10:09:01,43600.0,500,Sell,235297516
2024-08-28 10:09:01,43600.0,600,Sell,235297514
2024-08-28 10:09:01,43600.0,2000,Sell,235297513
2024-08-28 10:09:01,43600.0,200,Sell,235297512
2024-08-28 10:09:01,43600.0,1000,Sell,235297511
2024-08-28 10:09:01,43600.0,2200,Sell,235297520
2024-08-28 10:09:11,43600.0,500,Sell,235297705
2024-08-28 10:09:11,43600.0,200,Sell,235297704
2024-08-28 10:09:11,43600.0,500,Sell,235297703
2024-08-28 10:09:11,43600.0,500,Sell,235297702
2024-08-28 10:09:11,43600.0,1000,Sell,235297700
2024-08-28 10:09:11,43600.0,200,Sell,235297699
2024-08-28 10:09:11,43600.0,500,Sell,235297698
2024-08-28 10:09:11,43600.0,500,Sell,235297697
2024-08-28 10:09:11,43600.0,100,Sell,235297696
2024-08-28 10:09:11,43600.0,100,Sell,235297701
2024-08-28 10:09:51,43600.0,500,Buy,235298541
2024-08-28 10:10:16,43550.0,2200,Sell,235299039
2024-08-28 10:10:16,43550.0,100,Sell,235299038
2024-08-28 10:10:16,43550.0,3300,Sell,235299034
2024-08-28 10:10:16,43550.0,10000,Sell,235299036
2024-08-28 10:10:16,43550.0,100,Sell,235299035
2024-08-28 10:10:16,43550.0,100,Sell,235299033
2024-08-28 10:10:16,43550.0,200,Sell,235299037
2024-08-28 10:10:16,43550.0,200,Sell,235299031
2024-08-28 10:10:16,43550.0,100,Sell,235299026
2024-08-28 10:10:16,43550.0,100,Sell,235299027
2024-08-28 10:10:16,43550.0,100,Sell,235299032
2024-08-28 10:10:16,43550.0,2000,Sell,235299029
2024-08-28 10:10:16,43550.0,2000,Sell,235299028
2024-08-28 10:10:16,43550.0,1100,Sell,235299030
2024-08-28 10:10:17,43550.0,1000,Sell,235299060
2024-08-28 10:10:20,43550.0,3300,Sell,235299149
2024-08-28 10:10:20,43550.0,100,Sell,235299148
2024-08-28 10:10:20,43500.0,1000,Sell,235299179
2024-08-28 10:10:20,43500.0,200,Sell,235299180
2024-08-28 10:10:20,43500.0,100,Sell,235299181
2024-08-28 10:10:20,43500.0,500,Sell,235299182
2024-08-28 10:10:20,43500.0,200,Sell,235299183
2024-08-28 10:10:20,43500.0,200,Sell,235299184
2024-08-28 10:10:20,43500.0,5000,Sell,235299185
2024-08-28 10:10:20,43500.0,2000,Sell,235299186
2024-08-28 10:10:20,43500.0,100,Sell,235299187
2024-08-28 10:10:20,43500.0,1000,Sell,235299188
2024-08-28 10:10:20,43500.0,5000,Sell,235299189
2024-08-28 10:10:20,43500.0,200,Sell,235299190
2024-08-28 10:10:20,43500.0,500,Sell,235299191
2024-08-28 10:10:20,43500.0,2000,Sell,235299192
2024-08-28 10:10:20,43500.0,300,Sell,235299193
2024-08-28 10:10:20,43500.0,100,Sell,235299194
2024-08-28 10:10:20,43500.0,1200,Sell,235299195
2024-08-28 10:10:20,43500.0,500,Sell,235299196
2024-08-28 10:10:20,43500.0,100,Sell,235299173
2024-08-28 10:10:20,43500.0,5000,Sell,235299172
2024-08-28 10:10:20,43500.0,29000,Sell,235299175
2024-08-28 10:10:20,43500.0,500,Sell,235299170
2024-08-28 10:10:20,43550.0,100,Sell,235299150
2024-08-28 10:10:20,43550.0,1000,Sell,235299151
2024-08-28 10:10:20,43550.0,500,Sell,235299152
2024-08-28 10:10:20,43550.0,800,Sell,235299153
2024-08-28 10:10:20,43500.0,2000,Sell,235299154
2024-08-28 10:10:20,43500.0,2000,Sell,235299155
2024-08-28 10:10:20,43500.0,100,Sell,235299171
2024-08-28 10:10:20,43500.0,2000,Sell,235299157
2024-08-28 10:10:20,43500.0,100,Sell,235299158
2024-08-28 10:10:20,43500.0,100,Sell,235299159
2024-08-28 10:10:20,43500.0,600,Sell,235299156
2024-08-28 10:10:20,43500.0,1000,Sell,235299161
2024-08-28 10:10:20,43500.0,100,Sell,235299160
2024-08-28 10:10:20,43500.0,800,Sell,235299168
2024-08-28 10:10:20,43500.0,100,Sell,235299167
2024-08-28 10:10:20,43500.0,100,Sell,235299166
2024-08-28 10:10:20,43500.0,3000,Sell,235299169
2024-08-28 10:10:20,43500.0,100,Sell,235299164
2024-08-28 10:10:20,43500.0,1000,Sell,235299163
2024-08-28 10:10:20,43500.0,500,Sell,235299162
2024-08-28 10:10:20,43500.0,2000,Sell,235299165
2024-08-28 10:10:20,43500.0,100,Sell,235299174
2024-08-28 10:10:22,43450.0,500,Sell,235299213
2024-08-28 10:10:23,43450.0,500,Sell,235299237
2024-08-28 10:10:23,43450.0,1000,Sell,235299245
2024-08-28 10:10:23,43450.0,900,Sell,235299246
2024-08-28 10:10:32,43450.0,1000,Sell,235299404
2024-08-28 10:10:36,43450.0,100,Sell,235299468
2024-08-28 10:10:36,43450.0,100,Sell,235299466
2024-08-28 10:10:36,43450.0,200,Sell,235299467
2024-08-28 10:10:38,43450.0,100,Sell,235299500
2024-08-28 10:10:38,43450.0,200,Sell,235299499
2024-08-28 10:10:38,43450.0,300,Sell,235299498
2024-08-28 10:10:38,43450.0,900,Sell,235299497
2024-08-28 10:10:43,43450.0,200,Sell,235299607
2024-08-28 10:10:46,43450.0,700,Sell,235299662
2024-08-28 10:10:46,43450.0,300,Sell,235299663
2024-08-28 10:10:50,43400.0,100,Sell,235299742
2024-08-28 10:10:51,43400.0,500,Sell,235299755
2024-08-28 10:10:51,43400.0,1400,Sell,235299756
2024-08-28 10:10:51,43400.0,100,Sell,235299757
2024-08-28 10:10:53,43400.0,1100,Sell,235299793
2024-08-28 10:10:53,43400.0,100,Sell,235299790
2024-08-28 10:10:53,43400.0,100,Sell,235299792
2024-08-28 10:10:53,43400.0,100,Sell,235299788
2024-08-28 10:10:53,43400.0,200,Sell,235299789
2024-08-28 10:10:53,43400.0,1900,Sell,235299786
2024-08-28 10:10:53,43400.0,300,Sell,235299791
2024-08-28 10:10:53,43400.0,200,Sell,235299787
2024-08-28 10:10:59,43400.0,400,Sell,235299872
2024-08-28 10:11:04,43450.0,300,Buy,235299972
2024-08-28 10:11:12,43450.0,4700,Buy,235300112
2024-08-28 10:11:12,43450.0,100,Buy,235300113
2024-08-28 10:11:26,43400.0,100,Sell,235300363
2024-08-28 10:11:26,43450.0,200,Sell,235300362
2024-08-28 10:11:30,43450.0,200,Buy,235300423
2024-08-28 10:11:33,43400.0,300,Sell,235300515
2024-08-28 10:11:33,43400.0,400,Sell,235300511
2024-08-28 10:11:33,43400.0,100,Sell,235300512
2024-08-28 10:11:33,43400.0,200,Sell,235300513
2024-08-28 10:11:33,43400.0,500,Sell,235300514
2024-08-28 10:11:36,43450.0,100,Buy,235300585
2024-08-28 10:11:49,43400.0,500,Sell,235300893
2024-08-28 10:11:49,43400.0,2000,Sell,235300894
2024-08-28 10:11:49,43400.0,1000,Sell,235300895
2024-08-28 10:11:49,43400.0,100,Sell,235300896
2024-08-28 10:11:49,43400.0,100,Sell,235300897
2024-08-28 10:11:49,43400.0,100,Sell,235300898
2024-08-28 10:11:49,43400.0,1700,Sell,235300892
2024-08-28 10:11:53,43350.0,2000,Sell,235300973
2024-08-28 10:11:53,43350.0,2000,Sell,235300974
2024-08-28 10:11:55,43350.0,100,Sell,235300989
2024-08-28 10:11:55,43350.0,200,Sell,235300988
2024-08-28 10:11:55,43400.0,100,Buy,235301029
2024-08-28 10:11:55,43350.0,100,Sell,235300986
2024-08-28 10:11:55,43350.0,100,Sell,235300985
2024-08-28 10:11:55,43350.0,300,Sell,235300984
2024-08-28 10:11:55,43350.0,200,Sell,235300987
2024-08-28 10:12:00,43350.0,1000,Sell,235301155
2024-08-28 10:12:03,43400.0,1000,Buy,235301173
2024-08-28 10:12:08,43400.0,100,Buy,235301283
2024-08-28 10:12:10,43400.0,200,Buy,235301332
2024-08-28 10:12:10,43400.0,100,Buy,235301367
2024-08-28 10:12:22,43400.0,3000,Buy,235301607
2024-08-28 10:12:26,43300.0,14200,Sell,235301673
2024-08-28 10:12:26,43300.0,300,Sell,235301672
2024-08-28 10:12:26,43300.0,2000,Sell,235301671
2024-08-28 10:12:26,43300.0,2000,Sell,235301670
2024-08-28 10:12:26,43350.0,100,Sell,235301669
2024-08-28 10:12:26,43300.0,300,Sell,235301677
2024-08-28 10:12:26,43350.0,1000,Sell,235301668
2024-08-28 10:12:26,43350.0,500,Sell,235301667
2024-08-28 10:12:26,43350.0,1000,Sell,235301665
2024-08-28 10:12:26,43350.0,4000,Sell,235301660
2024-08-28 10:12:26,43350.0,2000,Sell,235301661
2024-08-28 10:12:26,43350.0,2000,Sell,235301666
2024-08-28 10:12:26,43350.0,100,Sell,235301663
2024-08-28 10:12:26,43350.0,700,Sell,235301662
2024-08-28 10:12:26,43350.0,100,Sell,235301664
2024-08-28 10:12:33,43350.0,200,Sell,235301780
2024-08-28 10:12:33,43300.0,300,Sell,235301791
2024-08-28 10:12:33,43300.0,1000,Sell,235301788
2024-08-28 10:12:33,43300.0,200,Sell,235301787
2024-08-28 10:12:33,43300.0,100,Sell,235301786
2024-08-28 10:12:33,43300.0,5000,Sell,235301790
2024-08-28 10:12:33,43300.0,400,Sell,235301784
2024-08-28 10:12:33,43300.0,2500,Sell,235301783
2024-08-28 10:12:33,43350.0,2000,Sell,235301782
2024-08-28 10:12:33,43350.0,2000,Sell,235301781
2024-08-28 10:12:33,43300.0,200,Sell,235301785
2024-08-28 10:12:33,43300.0,100,Sell,235301789
2024-08-28 10:12:34,43300.0,3300,Buy,235301812
2024-08-28 10:12:41,43300.0,300,Buy,235302036
2024-08-28 10:12:44,43300.0,100,Buy,235302061
2024-08-28 10:12:44,43300.0,2500,Buy,235302065
2024-08-28 10:12:49,43300.0,600,Buy,235302206
2024-08-28 10:12:49,43300.0,200,Buy,235302208
2024-08-28 10:12:52,43300.0,500,Buy,235302250
2024-08-28 10:12:55,43300.0,100,Buy,235302381
2024-08-28 10:12:56,43300.0,1000,Buy,235302416
2024-08-28 10:12:57,43300.0,800,Buy,235302421
2024-08-28 10:12:57,43300.0,1200,Buy,235302420
2024-08-28 10:13:00,43300.0,100,Buy,235302508
2024-08-28 10:13:00,43300.0,100,Buy,235302510
2024-08-28 10:13:05,43300.0,500,Sell,235302556
2024-08-28 10:13:05,43300.0,500,Sell,235302559
2024-08-28 10:13:05,43300.0,700,Sell,235302560
2024-08-28 10:13:05,43300.0,100,Sell,235302555
2024-08-28 10:13:12,43300.0,1900,Sell,235302715
2024-08-28 10:13:19,43300.0,900,Sell,235302905
2024-08-28 10:13:25,43300.0,600,Sell,235303004
2024-08-28 10:13:34,43300.0,600,Sell,235303216
2024-08-28 10:13:37,43400.0,3000,Buy,235303268
2024-08-28 10:13:39,43400.0,100,Buy,235303302
2024-08-28 10:13:45,43400.0,100,Buy,235303492
2024-08-28 10:14:16,43350.0,300,Sell,235304169
2024-08-28 10:14:16,43350.0,200,Sell,235304168
2024-08-28 10:14:29,43350.0,300,Sell,235304485
2024-08-28 10:14:38,43350.0,100,Sell,235304643
2024-08-28 10:14:42,43350.0,1200,Sell,235304680
2024-08-28 10:14:42,43350.0,100,Sell,235304681
2024-08-28 10:14:45,43350.0,1000,Sell,235304715
2024-08-28 10:14:45,43350.0,100,Sell,235304716
2024-08-28 10:14:45,43350.0,300,Sell,235304717
2024-08-28 10:14:45,43300.0,1600,Sell,235304718
2024-08-28 10:14:55,43400.0,100,Buy,235304898
2024-08-28 10:15:14,43400.0,2000,Buy,235305283
2024-08-28 10:15:30,43400.0,500,Buy,235305562
2024-08-28 10:15:30,43400.0,700,Buy,235305563
2024-08-28 10:15:39,43400.0,200,Buy,235305714
2024-08-28 10:15:43,43350.0,100,Sell,235305834
2024-08-28 10:15:43,43350.0,100,Sell,235305833
2024-08-28 10:15:44,43400.0,1000,Buy,235305861
2024-08-28 10:15:52,43400.0,400,Buy,235305964
2024-08-28 10:15:52,43400.0,100,Buy,235305963
2024-08-28 10:16:04,43400.0,100,Buy,235306206
2024-08-28 10:16:04,43400.0,100,Buy,235306208
2024-08-28 10:16:05,43400.0,100,Buy,235306215
2024-08-28 10:16:05,43400.0,500,Buy,235306216
2024-08-28 10:16:20,43400.0,2000,Sell,235306613
2024-08-28 10:16:27,43400.0,300,Sell,235306773
2024-08-28 10:16:40,43400.0,1000,Sell,235307036
2024-08-28 10:16:40,43400.0,100,Sell,235307037
2024-08-28 10:17:15,43400.0,100,Buy,235307631
2024-08-28 10:17:48,43400.0,200,Buy,235308286
2024-08-28 10:17:48,43400.0,800,Buy,235308284
2024-08-28 10:17:48,43400.0,100,Buy,235308285
2024-08-28 10:17:56,43400.0,100,Sell,235308409
2024-08-28 10:17:56,43400.0,900,Sell,235308408
2024-08-28 10:18:29,43400.0,500,Buy,235308971
2024-08-28 10:18:39,43400.0,600,Buy,235309126
2024-08-28 10:18:40,43400.0,1000,Buy,235309174
2024-08-28 10:18:48,43400.0,500,Buy,235309314
2024-08-28 10:18:50,43350.0,1000,Sell,235309333
2024-08-28 10:18:50,43350.0,1000,Sell,235309334
2024-08-28 10:19:32,43400.0,100,Buy,235310091
2024-08-28 10:19:37,43400.0,100,Buy,235310136
2024-08-28 10:19:43,43400.0,1000,Buy,235310274
2024-08-28 10:19:47,43400.0,800,Buy,235310315
2024-08-28 10:19:47,43400.0,200,Buy,235310313
2024-08-28 10:19:47,43400.0,100,Buy,235310314
2024-08-28 10:19:59,43400.0,1100,Buy,235310516
2024-08-28 10:20:01,43400.0,900,Buy,235310570
2024-08-28 10:20:01,43400.0,100,Buy,235310569
2024-08-28 10:20:05,43400.0,100,Buy,235310603
2024-08-28 10:20:09,43400.0,800,Buy,235310641
2024-08-28 10:20:09,43400.0,400,Buy,235310642
2024-08-28 10:20:09,43400.0,100,Buy,235310643
2024-08-28 10:20:11,43400.0,4000,Sell,235310667
2024-08-28 10:20:12,43400.0,200,Sell,235310687
2024-08-28 10:20:12,43400.0,100,Sell,235310690
2024-08-28 10:21:28,43400.0,200,Sell,235311759
2024-08-28 10:21:28,43400.0,100,Sell,235311758
2024-08-28 10:21:28,43400.0,500,Sell,235311757
2024-08-28 10:21:28,43400.0,200,Sell,235311756
2024-08-28 10:21:28,43400.0,300,Sell,235311755
2024-08-28 10:21:28,43400.0,1000,Sell,235311753
2024-08-28 10:21:28,43400.0,100,Sell,235311752
2024-08-28 10:21:28,43400.0,100,Sell,235311751
2024-08-28 10:21:28,43400.0,4400,Sell,235311750
2024-08-28 10:21:28,43400.0,300,Sell,235311754
2024-08-28 10:21:29,43400.0,300,Buy,235311772
2024-08-28 10:21:31,43400.0,3000,Buy,235311788
2024-08-28 10:21:32,43400.0,200,Buy,235311795
2024-08-28 10:21:38,43400.0,200,Buy,235311868
2024-08-28 10:21:43,43400.0,500,Buy,235312040
2024-08-28 10:21:43,43400.0,2000,Buy,235312043
2024-08-28 10:21:47,43400.0,100,Buy,235312117
2024-08-28 10:21:52,43400.0,200,Buy,235312248
2024-08-28 10:21:52,43400.0,400,Buy,235312249
2024-08-28 10:22:10,43400.0,500,Sell,235312550
2024-08-28 10:23:26,43400.0,500,Sell,235313734
2024-08-28 10:23:26,43400.0,100,Sell,235313736
2024-08-28 10:23:26,43400.0,2900,Sell,235313733
2024-08-28 10:23:26,43400.0,500,Sell,235313735
2024-08-28 10:23:27,43400.0,100,Sell,235313752
2024-08-28 10:24:00,43400.0,400,Sell,235314298
2024-08-28 10:24:12,43400.0,1600,Sell,235314454
2024-08-28 10:24:12,43400.0,400,Sell,235314455
2024-08-28 10:24:49,43400.0,3100,Sell,235315063
2024-08-28 10:25:54,43400.0,200,Sell,235316504
2024-08-28 10:26:12,43400.0,1300,Sell,235316855
2024-08-28 10:26:12,43400.0,100,Sell,235316856
2024-08-28 10:26:12,43400.0,600,Sell,235316857
2024-08-28 10:26:30,43400.0,400,Sell,235317178
2024-08-28 10:26:30,43400.0,100,Sell,235317179
2024-08-28 10:27:44,43400.0,100,Sell,235318324
2024-08-28 10:27:44,43400.0,200,Sell,235318323
2024-08-28 10:28:51,43400.0,100,Sell,235319396
2024-08-28 10:28:51,43400.0,100,Sell,235319397
2024-08-28 10:28:51,43400.0,100,Sell,235319398
2024-08-28 10:28:53,43400.0,400,Sell,235319431
2024-08-28 10:28:53,43400.0,200,Sell,235319432
2024-08-28 10:29:02,43400.0,500,Sell,235319574
2024-08-28 10:29:02,43400.0,100,Sell,235319573
2024-08-28 10:29:02,43400.0,200,Sell,235319572
2024-08-28 10:29:02,43400.0,100,Sell,235319571
2024-08-28 10:29:02,43400.0,200,Sell,235319576
2024-08-28 10:29:02,43400.0,200,Sell,235319569
2024-08-28 10:29:02,43400.0,100,Sell,235319570
2024-08-28 10:29:02,43400.0,800,Sell,235319565
2024-08-28 10:29:02,43400.0,100,Sell,235319575
2024-08-28 10:29:02,43400.0,2000,Sell,235319567
2024-08-28 10:29:02,43400.0,100,Sell,235319566
2024-08-28 10:29:02,43400.0,1000,Sell,235319568
2024-08-28 10:29:13,43400.0,300,Buy,235319681
2024-08-28 10:29:23,43400.0,200,Buy,235319842
2024-08-28 10:29:27,43400.0,5000,Buy,235319892
2024-08-28 10:29:47,43400.0,400,Buy,235320205
2024-08-28 10:31:05,43400.0,400,Buy,235321404
2024-08-28 10:31:36,43400.0,200,Buy,235321928
2024-08-28 10:31:38,43350.0,100,Sell,235321953
2024-08-28 10:31:38,43350.0,100,Sell,235321960
2024-08-28 10:31:38,43350.0,1000,Sell,235321961
2024-08-28 10:31:38,43350.0,500,Sell,235321965
2024-08-28 10:31:38,43350.0,100,Sell,235321963
2024-08-28 10:31:38,43350.0,1000,Sell,235321964
2024-08-28 10:31:38,43350.0,100,Sell,235321959
2024-08-28 10:31:38,43350.0,100,Sell,235321962
2024-08-28 10:31:38,43350.0,500,Sell,235321958
2024-08-28 10:31:38,43350.0,1000,Sell,235321951
2024-08-28 10:31:38,43350.0,2200,Sell,235321956
2024-08-28 10:31:38,43350.0,100,Sell,235321955
2024-08-28 10:31:38,43350.0,500,Sell,235321954
2024-08-28 10:31:38,43350.0,300,Sell,235321952
2024-08-28 10:31:38,43350.0,5000,Sell,235321950
2024-08-28 10:31:38,43350.0,100,Sell,235321949
2024-08-28 10:31:38,43350.0,2200,Sell,235321948
2024-08-28 10:31:38,43350.0,5000,Sell,235321947
2024-08-28 10:31:38,43350.0,100,Sell,235321957
2024-08-28 10:31:49,43350.0,2000,Sell,235322102
2024-08-28 10:32:14,43350.0,500,Sell,235322414
2024-08-28 10:32:14,43350.0,3500,Sell,235322413
2024-08-28 10:32:17,43350.0,300,Sell,235322453
2024-08-28 10:32:17,43350.0,100,Sell,235322452
2024-08-28 10:32:17,43350.0,100,Sell,235322451
2024-08-28 10:32:17,43350.0,200,Sell,235322450
2024-08-28 10:32:17,43350.0,100,Sell,235322449
2024-08-28 10:32:17,43350.0,500,Sell,235322442
2024-08-28 10:32:17,43350.0,500,Sell,235322447
2024-08-28 10:32:17,43350.0,300,Sell,235322446
2024-08-28 10:32:17,43350.0,300,Sell,235322445
2024-08-28 10:32:17,43350.0,100,Sell,235322444
2024-08-28 10:32:17,43350.0,1000,Sell,235322443
2024-08-28 10:32:17,43350.0,1200,Sell,235322448
2024-08-28 10:32:21,43350.0,200,Sell,235322522
2024-08-28 10:32:37,43350.0,800,Buy,235322772
2024-08-28 10:32:37,43350.0,100,Buy,235322773
2024-08-28 10:32:38,43350.0,100,Sell,235322798
2024-08-28 10:32:38,43300.0,100,Sell,235322799
2024-08-28 10:32:47,43350.0,2000,Sell,235322962
2024-08-28 10:32:47,43350.0,1000,Sell,235322961
2024-08-28 10:33:21,43350.0,500,Buy,235323361
2024-08-28 10:33:26,43350.0,200,Buy,235323428
2024-08-28 10:33:29,43350.0,200,Buy,235323483
2024-08-28 10:33:35,43350.0,800,Buy,235323589
2024-08-28 10:33:36,43350.0,100,Buy,235323600
2024-08-28 10:33:54,43350.0,5200,Buy,235323817
2024-08-28 10:33:54,43350.0,4800,Buy,235323818
2024-08-28 10:34:04,43350.0,1400,Buy,235323997
2024-08-28 10:34:07,43350.0,300,Buy,235324033
2024-08-28 10:34:09,43300.0,100,Sell,235324054
2024-08-28 10:34:11,43350.0,1600,Buy,235324101
2024-08-28 10:34:11,43350.0,3200,Buy,235324099
2024-08-28 10:34:11,43350.0,200,Buy,235324100
2024-08-28 10:34:29,43350.0,200,Sell,235324365
2024-08-28 10:34:29,43350.0,100,Sell,235324366
2024-08-28 10:36:13,43350.0,1100,Sell,235326233
2024-08-28 10:36:13,43350.0,900,Sell,235326232
2024-08-28 10:36:51,43350.0,300,Sell,235327324
2024-08-28 10:37:54,43350.0,300,Sell,235328475
2024-08-28 10:38:13,43400.0,1400,Buy,235328966
2024-08-28 10:38:43,43400.0,100,Buy,235329445
2024-08-28 10:38:55,43400.0,100,Buy,235329590
2024-08-28 10:39:05,43400.0,500,Buy,235329767
2024-08-28 10:39:25,43350.0,1000,Sell,235330106
2024-08-28 10:39:27,43350.0,1100,Sell,235330146
2024-08-28 10:41:46,43350.0,1000,Sell,235332611
2024-08-28 10:41:58,43400.0,2000,Buy,235332737
2024-08-28 10:42:20,43400.0,100,Buy,235332989
2024-08-28 10:42:35,43400.0,300,Buy,235333151
2024-08-28 10:42:37,43400.0,500,Buy,235333192
2024-08-28 10:42:39,43400.0,300,Buy,235333234
2024-08-28 10:42:48,43400.0,10400,Buy,235333398
2024-08-28 10:42:58,43400.0,100,Buy,235333566
2024-08-28 10:43:02,43400.0,1000,Buy,235333632
2024-08-28 10:43:18,43400.0,1000,Buy,235333926
2024-08-28 10:43:19,43400.0,100,Buy,235333985
2024-08-28 10:43:22,43400.0,3000,Buy,235334030
2024-08-28 10:43:27,43400.0,400,Buy,235334100
2024-08-28 10:43:27,43400.0,700,Buy,235334101
2024-08-28 10:43:31,43400.0,500,Buy,235334167
2024-08-28 10:43:36,43400.0,2000,Buy,235334243
2024-08-28 10:43:40,43400.0,300,Buy,235334284
2024-08-28 10:43:43,43400.0,200,Buy,235334339
2024-08-28 10:43:43,43400.0,300,Buy,235334338
2024-08-28 10:43:43,43400.0,200,Buy,235334335
2024-08-28 10:43:43,43400.0,1800,Buy,235334336
2024-08-28 10:43:43,43400.0,1000,Buy,235334337
2024-08-28 10:44:21,43450.0,100,Buy,235334933
2024-08-28 10:44:21,43450.0,900,Buy,235334934
2024-08-28 10:44:21,43450.0,200,Buy,235334935
2024-08-28 10:44:21,43450.0,100,Buy,235334936
2024-08-28 10:47:14,43450.0,700,Sell,235337233
2024-08-28 10:47:14,43450.0,100,Sell,235337234
2024-08-28 10:47:14,43450.0,500,Sell,235337235
2024-08-28 10:47:14,43450.0,100,Sell,235337236
2024-08-28 10:47:14,43450.0,1000,Sell,235337237
2024-08-28 10:47:21,43450.0,100,Buy,235337338
2024-08-28 10:47:28,43450.0,100,Buy,235337438
2024-08-28 10:47:48,43450.0,3000,Buy,235337656
2024-08-28 10:48:03,43450.0,100,Buy,235337846
2024-08-28 10:48:54,43450.0,1000,Buy,235338544
2024-08-28 10:49:10,43400.0,2200,Sell,235338853
2024-08-28 10:49:10,43400.0,1700,Sell,235338845
2024-08-28 10:49:10,43400.0,500,Sell,235338846
2024-08-28 10:49:10,43400.0,2000,Sell,235338847
2024-08-28 10:49:10,43400.0,1000,Sell,235338848
2024-08-28 10:49:10,43400.0,2000,Sell,235338849
2024-08-28 10:49:10,43400.0,300,Sell,235338850
2024-08-28 10:49:10,43400.0,200,Sell,235338851
2024-08-28 10:49:10,43400.0,100,Sell,235338852
2024-08-28 10:49:23,43400.0,100,Sell,235339043
2024-08-28 10:50:28,43400.0,500,Sell,235339789
2024-08-28 10:51:12,43400.0,100,Sell,235340384
2024-08-28 10:51:30,43400.0,500,Sell,235340712
2024-08-28 10:51:34,43450.0,1000,Buy,235340769
2024-08-28 10:52:20,43400.0,100,Sell,235341599
2024-08-28 10:52:37,43400.0,200,Sell,235341919
2024-08-28 10:52:37,43400.0,200,Sell,235341918
2024-08-28 10:52:37,43400.0,200,Sell,235341917
2024-08-28 10:52:37,43400.0,100,Sell,235341916
2024-08-28 10:52:37,43400.0,500,Sell,235341914
2024-08-28 10:52:37,43400.0,1000,Sell,235341913
2024-08-28 10:52:37,43400.0,2000,Sell,235341915
2024-08-28 10:52:37,43400.0,100,Sell,235341911
2024-08-28 10:52:37,43400.0,100,Sell,235341910
2024-08-28 10:52:37,43400.0,200,Sell,235341909
2024-08-28 10:52:37,43400.0,500,Sell,235341908
2024-08-28 10:52:37,43400.0,100,Sell,235341907
2024-08-28 10:52:37,43400.0,200,Sell,235341906
2024-08-28 10:52:37,43400.0,600,Sell,235341912
2024-08-28 10:53:17,43450.0,2300,Buy,235342530
2024-08-28 10:53:17,43450.0,900,Buy,235342531
2024-08-28 10:54:48,43500.0,100,Buy,235343989
2024-08-28 10:55:34,43500.0,100,Buy,235344718
2024-08-28 10:55:34,43500.0,100,Buy,235344719
2024-08-28 10:55:34,43500.0,800,Buy,235344720
2024-08-28 10:56:00,43500.0,200,Buy,235345246
2024-08-28 10:56:01,43500.0,600,Buy,235345255
2024-08-28 10:56:01,43500.0,100,Buy,235345256
2024-08-28 10:56:01,43500.0,100,Buy,235345253
2024-08-28 10:56:01,43500.0,100,Buy,235345254
2024-08-28 10:56:01,43500.0,500,Buy,235345252
2024-08-28 10:56:04,43500.0,100,Buy,235345347
2024-08-28 10:56:13,43500.0,100,Buy,235345520
2024-08-28 10:56:35,43500.0,200,Buy,235345833
2024-08-28 10:56:49,43500.0,100,Buy,235346055
2024-08-28 10:58:18,43500.0,100,Sell,235347820
2024-08-28 10:58:18,43500.0,400,Sell,235347821
2024-08-28 10:58:27,43500.0,100,Sell,235347964
2024-08-28 10:58:55,43500.0,900,Buy,235348860
2024-08-28 10:59:40,43500.0,100,Sell,235349850
2024-08-28 10:59:40,43500.0,100,Sell,235349851
2024-08-28 10:59:40,43500.0,2800,Sell,235349852
2024-08-28 11:00:11,43550.0,10000,Buy,235350605
2024-08-28 11:00:14,43550.0,1500,Buy,235350660
2024-08-28 11:00:16,43550.0,500,Buy,235350688
2024-08-28 11:00:17,43550.0,2000,Buy,235350718
2024-08-28 11:00:18,43550.0,700,Buy,235350746
2024-08-28 11:00:18,43550.0,300,Buy,235350747
2024-08-28 11:00:20,43550.0,4700,Buy,235350778
2024-08-28 11:00:20,43550.0,400,Buy,235350779
2024-08-28 11:00:33,43600.0,400,Buy,235351082
2024-08-28 11:00:33,43600.0,2200,Buy,235351083
2024-08-28 11:00:33,43600.0,300,Buy,235351084
2024-08-28 11:00:33,43600.0,1800,Buy,235351085
2024-08-28 11:00:33,43600.0,3200,Buy,235351094
2024-08-28 11:02:31,43600.0,100,Sell,235355211
2024-08-28 11:02:35,43600.0,200,Sell,235355351
2024-08-28 11:02:47,43600.0,100,Sell,235356016
2024-08-28 11:02:56,43600.0,1000,Sell,235356676
2024-08-28 11:03:01,43600.0,100,Sell,235356899
2024-08-28 11:03:04,43600.0,500,Sell,235356987
2024-08-28 11:03:04,43600.0,500,Sell,235356988
2024-08-28 11:03:04,43600.0,100,Sell,235356989
2024-08-28 11:03:04,43600.0,100,Sell,235356990
2024-08-28 11:03:04,43600.0,100,Sell,235356991
2024-08-28 11:03:04,43600.0,300,Sell,235356992
2024-08-28 11:03:04,43600.0,300,Sell,235356986
2024-08-28 11:03:09,43600.0,7500,Buy,235357289
2024-08-28 11:03:09,43650.0,2500,Buy,235357290
2024-08-28 11:03:59,43550.0,200,Sell,235360339
2024-08-28 11:04:02,43550.0,5000,Sell,235360590
2024-08-28 11:04:02,43550.0,100,Sell,235360591
2024-08-28 11:04:02,43550.0,9700,Sell,235360589
2024-08-28 11:04:04,43500.0,200,Sell,235360644
2024-08-28 11:04:08,43500.0,200,Sell,235360803
2024-08-28 11:04:08,43500.0,500,Sell,235360801
2024-08-28 11:04:08,43500.0,100,Sell,235360802
2024-08-28 11:04:08,43500.0,3500,Sell,235360800
2024-08-28 11:04:08,43500.0,1000,Sell,235360795
2024-08-28 11:04:08,43500.0,100,Sell,235360798
2024-08-28 11:04:08,43500.0,500,Sell,235360797
2024-08-28 11:04:08,43500.0,3800,Sell,235360796
2024-08-28 11:04:08,43500.0,800,Sell,235360794
2024-08-28 11:04:08,43500.0,500,Sell,235360799
2024-08-28 11:04:16,43500.0,100,Buy,235361195
2024-08-28 11:04:17,43450.0,500,Sell,235361245
2024-08-28 11:04:32,43450.0,1000,Sell,235362157
2024-08-28 11:04:42,43450.0,1000,Sell,235362640
2024-08-28 11:04:42,43450.0,200,Sell,235362637
2024-08-28 11:04:42,43450.0,1000,Sell,235362639
2024-08-28 11:04:42,43450.0,100,Sell,235362635
2024-08-28 11:04:42,43450.0,200,Sell,235362636
2024-08-28 11:04:42,43450.0,300,Sell,235362633
2024-08-28 11:04:42,43450.0,100,Sell,235362638
2024-08-28 11:04:42,43450.0,500,Sell,235362634
2024-08-28 11:05:04,43400.0,700,Sell,235363668
2024-08-28 11:05:08,43450.0,600,Buy,235363873
2024-08-28 11:05:10,43400.0,2500,Sell,235363960
2024-08-28 11:05:11,43400.0,100,Sell,235363977
2024-08-28 11:05:11,43400.0,100,Sell,235363978
2024-08-28 11:05:11,43400.0,200,Sell,235363979
2024-08-28 11:05:11,43400.0,1600,Sell,235363976
2024-08-28 11:05:15,43400.0,800,Sell,235364179
2024-08-28 11:05:15,43400.0,200,Sell,235364180
2024-08-28 11:05:16,43400.0,300,Sell,235364289
2024-08-28 11:05:16,43400.0,500,Sell,235364290
2024-08-28 11:05:16,43400.0,200,Sell,235364291
2024-08-28 11:05:17,43400.0,300,Sell,235364350
2024-08-28 11:05:17,43400.0,1000,Sell,235364351
2024-08-28 11:05:17,43400.0,100,Sell,235364352
2024-08-28 11:05:17,43400.0,500,Sell,235364353
2024-08-28 11:05:23,43400.0,100,Buy,235364677
2024-08-28 11:05:36,43350.0,1000,Sell,235365469
2024-08-28 11:05:36,43350.0,100,Sell,235365468
2024-08-28 11:05:36,43350.0,200,Sell,235365467
2024-08-28 11:05:36,43350.0,500,Sell,235365466
2024-08-28 11:05:36,43350.0,100,Sell,235365465
2024-08-28 11:05:36,43350.0,10000,Sell,235365464
2024-08-28 11:05:36,43350.0,100,Sell,235365463
2024-08-28 11:05:36,43350.0,3000,Sell,235365462
2024-08-28 11:05:36,43350.0,500,Sell,235365461
2024-08-28 11:05:36,43350.0,10000,Sell,235365460
2024-08-28 11:05:36,43350.0,500,Sell,235365459
2024-08-28 11:05:36,43350.0,500,Sell,235365458
2024-08-28 11:05:36,43350.0,500,Sell,235365445
2024-08-28 11:05:36,43350.0,500,Sell,235365457
2024-08-28 11:05:36,43350.0,200,Sell,235365443
2024-08-28 11:05:36,43350.0,2000,Sell,235365444
2024-08-28 11:05:36,43350.0,400,Sell,235365446
2024-08-28 11:05:36,43350.0,1000,Sell,235365447
2024-08-28 11:05:36,43350.0,5200,Sell,235365442
2024-08-28 11:05:36,43350.0,200,Sell,235365449
2024-08-28 11:05:36,43350.0,1000,Sell,235365450
2024-08-28 11:05:36,43350.0,100,Sell,235365451
2024-08-28 11:05:36,43350.0,100,Sell,235365452
2024-08-28 11:05:36,43350.0,200,Sell,235365453
2024-08-28 11:05:36,43350.0,100,Sell,235365448
2024-08-28 11:05:50,43350.0,500,Buy,235366349
2024-08-28 11:05:52,43350.0,500,Sell,235366459
2024-08-28 11:06:07,43300.0,3000,Sell,235367404
2024-08-28 11:06:16,43300.0,500,Sell,235367935
2024-08-28 11:06:16,43300.0,100,Sell,235367932
2024-08-28 11:06:16,43300.0,2900,Sell,235367933
2024-08-28 11:06:16,43300.0,400,Sell,235367934
2024-08-28 11:06:16,43300.0,100,Sell,235367931
2024-08-28 11:06:16,43300.0,100,Sell,235367945
2024-08-28 11:06:16,43300.0,1000,Sell,235367946
2024-08-28 11:06:16,43300.0,500,Sell,235367947
2024-08-28 11:06:16,43300.0,800,Sell,235367948
2024-08-28 11:06:16,43300.0,100,Sell,235367942
2024-08-28 11:06:16,43300.0,100,Sell,235367930
2024-08-28 11:06:16,43300.0,100,Sell,235367944
2024-08-28 11:06:16,43300.0,3300,Sell,235367928
2024-08-28 11:06:16,43300.0,1000,Sell,235367929
2024-08-28 11:06:16,43300.0,500,Sell,235367918
2024-08-28 11:06:16,43300.0,100,Sell,235367919
2024-08-28 11:06:16,43300.0,2000,Sell,235367920
2024-08-28 11:06:16,43300.0,2200,Sell,235367921
2024-08-28 11:06:16,43300.0,100,Sell,235367922
2024-08-28 11:06:16,43300.0,500,Sell,235367943
2024-08-28 11:06:16,43300.0,100,Sell,235367923
2024-08-28 11:06:16,43300.0,100,Sell,235367926
2024-08-28 11:06:16,43300.0,100,Sell,235367927
2024-08-28 11:06:16,43300.0,100,Sell,235367924
2024-08-28 11:06:16,43300.0,200,Sell,235367925
2024-08-28 11:06:19,43300.0,500,Sell,235368074
2024-08-28 11:06:19,43300.0,1000,Sell,235368075
2024-08-28 11:06:22,43300.0,2700,Sell,235368238
2024-08-28 11:06:22,43300.0,500,Sell,235368239
2024-08-28 11:06:22,43300.0,200,Sell,235368240
2024-08-28 11:06:22,43300.0,1600,Sell,235368241
2024-08-28 11:06:23,43300.0,700,Sell,235368272
2024-08-28 11:06:23,43300.0,500,Sell,235368271
2024-08-28 11:06:23,43300.0,200,Sell,235368269
2024-08-28 11:06:23,43300.0,400,Sell,235368268
2024-08-28 11:06:23,43300.0,200,Sell,235368270
2024-08-28 11:06:26,43350.0,500,Buy,235368517
2024-08-28 11:06:27,43300.0,500,Sell,235368563
2024-08-28 11:06:27,43300.0,100,Sell,235368562
2024-08-28 11:06:27,43300.0,100,Sell,235368561
2024-08-28 11:06:27,43300.0,500,Sell,235368560
2024-08-28 11:06:27,43300.0,100,Sell,235368559
2024-08-28 11:06:27,43300.0,200,Sell,235368557
2024-08-28 11:06:27,43300.0,1000,Sell,235368556
2024-08-28 11:06:27,43300.0,5000,Sell,235368555
2024-08-28 11:06:27,43300.0,1000,Sell,235368558
2024-08-28 11:06:27,43300.0,500,Sell,235368552
2024-08-28 11:06:27,43300.0,2000,Sell,235368553
2024-08-28 11:06:27,43300.0,300,Sell,235368544
2024-08-28 11:06:27,43300.0,2500,Sell,235368545
2024-08-28 11:06:27,43300.0,100,Sell,235368546
2024-08-28 11:06:27,43300.0,100,Sell,235368547
2024-08-28 11:06:27,43300.0,2000,Sell,235368554
2024-08-28 11:06:27,43300.0,2000,Sell,235368549
2024-08-28 11:06:27,43300.0,1000,Sell,235368550
2024-08-28 11:06:27,43300.0,300,Sell,235368548
2024-08-28 11:06:27,43300.0,100,Sell,235368551
2024-08-28 11:06:48,43300.0,600,Buy,235370209
2024-08-28 11:06:48,43300.0,400,Buy,235370210
2024-08-28 11:06:50,43300.0,300,Buy,235370309
2024-08-28 11:06:55,43300.0,100,Buy,235370667
2024-08-28 11:06:55,43300.0,800,Buy,235370693
2024-08-28 11:07:02,43250.0,100,Sell,235371322
2024-08-28 11:07:02,43250.0,1000,Sell,235371327
2024-08-28 11:07:02,43250.0,400,Sell,235371328
2024-08-28 11:07:02,43250.0,200,Sell,235371334
2024-08-28 11:07:02,43250.0,5000,Sell,235371333
2024-08-28 11:07:02,43250.0,100,Sell,235371326
2024-08-28 11:07:02,43250.0,2000,Sell,235371332
2024-08-28 11:07:02,43250.0,5000,Sell,235371325
2024-08-28 11:07:02,43250.0,100,Sell,235371318
2024-08-28 11:07:02,43250.0,3300,Sell,235371323
2024-08-28 11:07:02,43250.0,1000,Sell,235371321
2024-08-28 11:07:02,43250.0,100,Sell,235371320
2024-08-28 11:07:02,43250.0,600,Sell,235371319
2024-08-28 11:07:02,43250.0,100,Sell,235371317
2024-08-28 11:07:02,43250.0,6000,Sell,235371316
2024-08-28 11:07:02,43250.0,1000,Sell,235371324
2024-08-28 11:07:09,43250.0,2900,Sell,235371921
2024-08-28 11:07:09,43250.0,1000,Sell,235371922
2024-08-28 11:07:13,43250.0,100,Sell,235372224
2024-08-28 11:07:15,43250.0,3000,Sell,235372389
2024-08-28 11:07:19,43250.0,100,Sell,235372598
2024-08-28 11:07:21,43250.0,300,Sell,235372748
2024-08-28 11:07:21,43250.0,1200,Sell,235372753
2024-08-28 11:07:21,43250.0,100,Sell,235372752
2024-08-28 11:07:21,43250.0,700,Sell,235372747
2024-08-28 11:07:21,43250.0,500,Sell,235372750
2024-08-28 11:07:21,43250.0,200,Sell,235372749
2024-08-28 11:07:21,43250.0,2000,Sell,235372751
2024-08-28 11:07:23,43250.0,2000,Sell,235373051
2024-08-28 11:07:24,43250.0,6800,Sell,235373094
2024-08-28 11:07:25,43200.0,300,Sell,235373116
2024-08-28 11:07:25,43200.0,1000,Sell,235373117
2024-08-28 11:07:25,43200.0,200,Sell,235373118
2024-08-28 11:07:25,43200.0,200,Sell,235373120
2024-08-28 11:07:25,43200.0,500,Sell,235373122
2024-08-28 11:07:25,43200.0,500,Sell,235373123
2024-08-28 11:07:25,43200.0,100,Sell,235373125
2024-08-28 11:07:25,43200.0,100,Sell,235373115
2024-08-28 11:07:25,43200.0,1000,Sell,235373126
2024-08-28 11:07:25,43200.0,500,Sell,235373127
2024-08-28 11:07:25,43200.0,1100,Sell,235373128
2024-08-28 11:07:25,43200.0,1500,Sell,235373129
2024-08-28 11:07:25,43200.0,500,Sell,235373130
2024-08-28 11:07:25,43200.0,300,Sell,235373131
2024-08-28 11:07:25,43200.0,300,Sell,235373124
2024-08-28 11:07:25,43200.0,4000,Sell,235373114
2024-08-28 11:07:25,43200.0,200,Sell,235373121
2024-08-28 11:07:25,43200.0,1000,Sell,235373112
2024-08-28 11:07:25,43200.0,7500,Sell,235373113
2024-08-28 11:07:25,43200.0,1000,Sell,235373097
2024-08-28 11:07:25,43200.0,600,Sell,235373098
2024-08-28 11:07:25,43200.0,17000,Sell,235373099
2024-08-28 11:07:25,43200.0,100,Sell,235373100
2024-08-28 11:07:25,43200.0,100,Sell,235373101
2024-08-28 11:07:25,43200.0,100,Sell,235373102
2024-08-28 11:07:25,43200.0,2000,Sell,235373103
2024-08-28 11:07:25,43200.0,600,Sell,235373119
2024-08-28 11:07:25,43200.0,5000,Sell,235373105
2024-08-28 11:07:25,43200.0,100,Sell,235373106
2024-08-28 11:07:25,43200.0,100,Sell,235373107
2024-08-28 11:07:25,43200.0,1000,Sell,235373108
2024-08-28 11:07:25,43200.0,500,Sell,235373104
2024-08-28 11:07:25,43200.0,200,Sell,235373109
2024-08-28 11:07:25,43200.0,7500,Sell,235373110
2024-08-28 11:07:25,43200.0,1000,Sell,235373111
2024-08-28 11:07:32,43200.0,300,Buy,235373646
2024-08-28 11:07:33,43150.0,100,Sell,235373752
2024-08-28 11:07:33,43150.0,100,Sell,235373751
2024-08-28 11:07:33,43100.0,3500,Sell,235373783
2024-08-28 11:07:33,43100.0,500,Sell,235373758
2024-08-28 11:07:33,43150.0,100,Sell,235373757
2024-08-28 11:07:33,43150.0,100,Sell,235373755
2024-08-28 11:07:33,43150.0,400,Sell,235373754
2024-08-28 11:07:33,43150.0,100,Sell,235373753
2024-08-28 11:07:33,43150.0,100,Sell,235373756
2024-08-28 11:07:34,43100.0,1000,Sell,235373953
2024-08-28 11:07:35,43200.0,1000,Buy,235373997
2024-08-28 11:07:43,43200.0,100,Buy,235374656
2024-08-28 11:07:55,43100.0,100,Sell,235375619
2024-08-28 11:07:55,43100.0,2100,Sell,235375623
2024-08-28 11:07:55,43100.0,500,Sell,235375622
2024-08-28 11:07:55,43100.0,100,Sell,235375621
2024-08-28 11:07:55,43100.0,300,Sell,235375620
2024-08-28 11:07:55,43100.0,200,Sell,235375618
2024-08-28 11:07:55,43100.0,2000,Sell,235375616
2024-08-28 11:07:55,43100.0,300,Sell,235375615
2024-08-28 11:07:55,43100.0,12400,Sell,235375614
2024-08-28 11:07:55,43100.0,100,Sell,235375539
2024-08-28 11:07:55,43100.0,2000,Sell,235375617
2024-08-28 11:07:56,43100.0,300,Sell,235375817
2024-08-28 11:07:58,43100.0,1600,Sell,235376028
2024-08-28 11:07:58,43100.0,100,Sell,235376040
2024-08-28 11:07:58,43100.0,300,Sell,235376041
2024-08-28 11:07:59,43100.0,200,Sell,235376060
2024-08-28 11:07:59,43100.0,100,Sell,235376061
2024-08-28 11:08:06,43050.0,2000,Sell,235376554
2024-08-28 11:08:06,43050.0,300,Sell,235376555
2024-08-28 11:08:06,43050.0,100,Sell,235376556
2024-08-28 11:08:06,43050.0,2300,Sell,235376557
2024-08-28 11:08:06,43050.0,300,Sell,235376558
2024-08-28 11:08:09,43050.0,20000,Sell,235376863
2024-08-28 11:08:09,43050.0,100,Sell,235376862
2024-08-28 11:08:09,43050.0,100,Sell,235376864
2024-08-28 11:08:09,43050.0,300,Sell,235376860
2024-08-28 11:08:09,43050.0,100,Sell,235376859
2024-08-28 11:08:09,43050.0,1000,Sell,235376861
2024-08-28 11:08:09,43050.0,4700,Sell,235376858
2024-08-28 11:08:10,43050.0,100,Buy,235376934
2024-08-28 11:08:14,43050.0,1000,Buy,235377258
2024-08-28 11:08:15,43000.0,900,Sell,235377564
2024-08-28 11:08:16,43000.0,2100,Sell,235377683
2024-08-28 11:08:16,43000.0,200,Sell,235377656
2024-08-28 11:08:16,43000.0,400,Sell,235377592
2024-08-28 11:08:16,43000.0,1400,Sell,235377591
2024-08-28 11:08:17,43000.0,100,Sell,235377781
2024-08-28 11:08:17,43000.0,1000,Sell,235377792
2024-08-28 11:08:17,43000.0,500,Sell,235377791
2024-08-28 11:08:17,43000.0,200,Sell,235377790
2024-08-28 11:08:17,43000.0,3000,Sell,235377789
2024-08-28 11:08:17,43000.0,5000,Sell,235377788
2024-08-28 11:08:17,43000.0,100,Sell,235377783
2024-08-28 11:08:17,43000.0,10000,Sell,235377786
2024-08-28 11:08:17,43000.0,10000,Sell,235377785
2024-08-28 11:08:17,43000.0,100,Sell,235377784
2024-08-28 11:08:17,43000.0,500,Sell,235377782
2024-08-28 11:08:17,43000.0,500,Sell,235377793
2024-08-28 11:08:17,43000.0,4000,Sell,235377787
2024-08-28 11:08:17,43000.0,200,Sell,235377794
2024-08-28 11:08:17,43000.0,100,Sell,235377809
2024-08-28 11:08:17,43000.0,3000,Sell,235377796
2024-08-28 11:08:17,43000.0,1000,Sell,235377797
2024-08-28 11:08:17,43000.0,5000,Sell,235377798
2024-08-28 11:08:17,43000.0,500,Sell,235377799
2024-08-28 11:08:17,43000.0,2000,Sell,235377800
2024-08-28 11:08:17,43000.0,1000,Sell,235377801
2024-08-28 11:08:17,43000.0,100,Sell,235377802
2024-08-28 11:08:17,43000.0,300,Sell,235377803
2024-08-28 11:08:17,43000.0,100,Sell,235377804
2024-08-28 11:08:17,43000.0,2000,Sell,235377805
2024-08-28 11:08:17,43000.0,500,Sell,235377806
2024-08-28 11:08:17,43000.0,1000,Sell,235377807
2024-08-28 11:08:17,43000.0,500,Sell,235377808
2024-08-28 11:08:17,43000.0,5000,Sell,235377810
2024-08-28 11:08:17,43000.0,300,Sell,235377795
2024-08-28 11:08:17,43000.0,300,Sell,235377780
2024-08-28 11:08:17,43000.0,3400,Sell,235377766
2024-08-28 11:08:17,43000.0,2400,Sell,235377778
2024-08-28 11:08:17,43000.0,200,Sell,235377779
2024-08-28 11:08:17,43000.0,5000,Sell,235377746
2024-08-28 11:08:17,43000.0,100,Sell,235377747
2024-08-28 11:08:17,43000.0,100,Sell,235377748
2024-08-28 11:08:17,43000.0,200,Sell,235377749
2024-08-28 11:08:17,43000.0,1000,Sell,235377750
2024-08-28 11:08:17,43000.0,1000,Sell,235377751
2024-08-28 11:08:17,43000.0,100,Sell,235377752
2024-08-28 11:08:17,43000.0,17000,Sell,235377753
2024-08-28 11:08:17,43000.0,1000,Sell,235377754
2024-08-28 11:08:17,43000.0,100,Sell,235377755
2024-08-28 11:08:17,43000.0,500,Sell,235377756
2024-08-28 11:08:17,43000.0,15000,Sell,235377757
2024-08-28 11:08:17,43000.0,1200,Sell,235377759
2024-08-28 11:08:17,43000.0,500,Sell,235377760
2024-08-28 11:08:17,43000.0,300,Sell,235377765
2024-08-28 11:08:17,43000.0,500,Sell,235377762
2024-08-28 11:08:17,43000.0,100,Sell,235377776
2024-08-28 11:08:17,43000.0,500,Sell,235377775
2024-08-28 11:08:17,43000.0,500,Sell,235377774
2024-08-28 11:08:17,43000.0,200,Sell,235377773
2024-08-28 11:08:17,43000.0,100,Sell,235377772
2024-08-28 11:08:17,43000.0,100,Sell,235377771
2024-08-28 11:08:17,43000.0,100,Sell,235377777
2024-08-28 11:08:17,43000.0,200,Sell,235377769
2024-08-28 11:08:17,43000.0,2000,Sell,235377763
2024-08-28 11:08:17,43000.0,100,Sell,235377764
2024-08-28 11:08:17,43000.0,100,Sell,235377770
2024-08-28 11:08:17,43000.0,2000,Sell,235377767
2024-08-28 11:08:17,43000.0,100,Sell,235377768
2024-08-28 11:08:17,43000.0,100,Sell,235377761
2024-08-28 11:08:18,43000.0,1000,Buy,235377966
2024-08-28 11:08:19,43000.0,5000,Buy,235378064
2024-08-28 11:08:22,43000.0,500,Buy,235378457
2024-08-28 11:08:26,42950.0,100,Sell,235378747
2024-08-28 11:08:31,42900.0,200,Sell,235379222
2024-08-28 11:08:31,42900.0,6400,Sell,235379223
2024-08-28 11:08:32,42900.0,200,Sell,235379262
2024-08-28 11:08:34,42950.0,100,Buy,235379482
2024-08-28 11:08:39,42900.0,1000,Sell,235379937
2024-08-28 11:08:39,42900.0,1000,Sell,235379939
2024-08-28 11:08:40,42950.0,500,Buy,235380103
2024-08-28 11:08:41,42900.0,3000,Sell,235380138
2024-08-28 11:08:42,42900.0,600,Sell,235380344
2024-08-28 11:08:42,42950.0,1000,Buy,235380345
2024-08-28 11:08:42,42950.0,400,Buy,235380346
2024-08-28 11:08:42,42950.0,100,Buy,235380347
2024-08-28 11:08:42,42900.0,100,Sell,235380343
2024-08-28 11:08:43,42950.0,500,Sell,235380375
2024-08-28 11:08:44,42950.0,500,Sell,235380501
2024-08-28 11:08:48,42950.0,300,Sell,235380931
2024-08-28 11:08:51,42900.0,300,Sell,235381193
2024-08-28 11:08:51,42950.0,100,Sell,235381151
2024-08-28 11:08:51,42950.0,200,Sell,235381150
2024-08-28 11:08:57,42900.0,100,Sell,235381752
2024-08-28 11:08:57,42900.0,4300,Sell,235381793
2024-08-28 11:08:57,42900.0,300,Sell,235381794
2024-08-28 11:08:57,42900.0,400,Sell,235381795
2024-08-28 11:08:58,42900.0,100,Sell,235381868
2024-08-28 11:08:58,42900.0,300,Sell,235381867
2024-08-28 11:08:58,42900.0,200,Sell,235381869
2024-08-28 11:08:58,42900.0,100,Sell,235381865
2024-08-28 11:08:58,42900.0,1000,Sell,235381864
2024-08-28 11:08:58,42900.0,300,Sell,235381866
2024-08-28 11:08:58,42900.0,100,Sell,235381863
2024-08-28 11:08:59,42900.0,100,Sell,235381988
2024-08-28 11:08:59,42900.0,1000,Sell,235381953
2024-08-28 11:08:59,42900.0,2200,Sell,235381952
2024-08-28 11:08:59,42900.0,100,Sell,235381950
2024-08-28 11:08:59,42900.0,100,Sell,235381949
2024-08-28 11:08:59,42900.0,200,Sell,235381948
2024-08-28 11:08:59,42900.0,800,Sell,235381947
2024-08-28 11:08:59,42900.0,100,Sell,235381951
2024-08-28 11:09:04,42900.0,700,Sell,235382468
2024-08-28 11:09:05,42900.0,1000,Sell,235382494
2024-08-28 11:09:06,42900.0,8300,Sell,235382577
2024-08-28 11:09:06,42900.0,4300,Buy,235382592
2024-08-28 11:09:06,42900.0,5700,Sell,235382612
2024-08-28 11:09:11,42900.0,100,Buy,235383070
2024-08-28 11:09:13,42900.0,1000,Buy,235383263
2024-08-28 11:09:13,42850.0,300,Sell,235383359
2024-08-28 11:09:13,42850.0,9700,Sell,235383360
2024-08-28 11:09:13,42900.0,1000,Buy,235383239
2024-08-28 11:09:14,42900.0,2000,Buy,235383419
2024-08-28 11:09:14,42850.0,300,Sell,235383420
2024-08-28 11:09:14,42900.0,500,Buy,235383453
2024-08-28 11:09:16,42850.0,100,Sell,235383609
2024-08-28 11:09:16,42850.0,3300,Sell,235383608
2024-08-28 11:09:16,42850.0,200,Sell,235383607
2024-08-28 11:09:22,42800.0,2000,Sell,235384369
2024-08-28 11:09:22,42750.0,300,Sell,235384388
2024-08-28 11:09:22,42800.0,1000,Sell,235384387
2024-08-28 11:09:22,42800.0,2200,Sell,235384386
2024-08-28 11:09:22,42800.0,100,Sell,235384385
2024-08-28 11:09:22,42800.0,100,Sell,235384384
2024-08-28 11:09:22,42800.0,100,Sell,235384383
2024-08-28 11:09:22,42800.0,1000,Sell,235384381
2024-08-28 11:09:22,42800.0,100,Sell,235384382
2024-08-28 11:09:22,42800.0,200,Sell,235384377
2024-08-28 11:09:22,42800.0,1000,Sell,235384376
2024-08-28 11:09:22,42800.0,100,Sell,235384375
2024-08-28 11:09:22,42800.0,300,Sell,235384374
2024-08-28 11:09:22,42800.0,200,Sell,235384373
2024-08-28 11:09:22,42800.0,200,Sell,235384372
2024-08-28 11:09:22,42800.0,100,Sell,235384370
2024-08-28 11:09:22,42800.0,100,Sell,235384380
2024-08-28 11:09:22,42800.0,900,Sell,235384371
2024-08-28 11:09:24,42800.0,300,Sell,235384624
2024-08-28 11:09:29,42800.0,700,Buy,235385146
2024-08-28 11:09:29,42800.0,500,Buy,235385147
2024-08-28 11:09:29,42850.0,1300,Buy,235385148
2024-08-28 11:09:37,42800.0,1000,Sell,235385821
2024-08-28 11:09:40,42800.0,1000,Buy,235386293
2024-08-28 11:09:40,42800.0,1000,Sell,235386308
2024-08-28 11:09:43,42800.0,100,Sell,235386580
2024-08-28 11:09:44,42800.0,400,Sell,235386683
2024-08-28 11:09:44,42750.0,400,Sell,235386787
2024-08-28 11:09:48,42750.0,100,Sell,235386931
2024-08-28 11:09:48,42750.0,1000,Sell,235386932
2024-08-28 11:09:48,42750.0,100,Sell,235386930
2024-08-28 11:09:48,42750.0,1600,Sell,235386929
2024-08-28 11:09:53,42700.0,2000,Sell,235387312
2024-08-28 11:09:55,42700.0,200,Sell,235387523
2024-08-28 11:09:55,42750.0,100,Buy,235387591
2024-08-28 11:09:57,42700.0,2000,Sell,235387803
2024-08-28 11:10:01,42750.0,5700,Buy,235388425
2024-08-28 11:10:01,42700.0,2300,Buy,235388424
2024-08-28 11:10:01,42700.0,400,Sell,235388321
2024-08-28 11:10:01,42700.0,100,Sell,235388320
2024-08-28 11:10:01,42700.0,200,Sell,235388322
2024-08-28 11:10:01,42700.0,300,Sell,235388318
2024-08-28 11:10:01,42700.0,500,Sell,235388317
2024-08-28 11:10:01,42700.0,1000,Sell,235388316
2024-08-28 11:10:01,42700.0,800,Sell,235388315
2024-08-28 11:10:01,42700.0,500,Sell,235388319
2024-08-28 11:10:02,42700.0,200,Sell,235388511
2024-08-28 11:10:02,42700.0,800,Buy,235388560
2024-08-28 11:10:02,42750.0,1400,Buy,235388561
2024-08-28 11:10:02,42750.0,800,Buy,235388562
2024-08-28 11:10:06,42700.0,100,Sell,235388821
2024-08-28 11:10:09,42650.0,500,Sell,235389431
2024-08-28 11:10:10,42650.0,600,Sell,235389482
2024-08-28 11:10:11,42700.0,100,Buy,235389592
2024-08-28 11:10:11,42600.0,600,Sell,235389577
2024-08-28 11:10:11,42600.0,500,Sell,235389576
2024-08-28 11:10:11,42600.0,400,Sell,235389575
2024-08-28 11:10:11,42650.0,200,Sell,235389574
2024-08-28 11:10:11,42650.0,400,Sell,235389573
2024-08-28 11:10:12,42600.0,700,Sell,235389628
2024-08-28 11:10:12,42600.0,700,Sell,235389629
2024-08-28 11:10:12,42600.0,1000,Sell,235389630
2024-08-28 11:10:12,42600.0,3300,Sell,235389631
2024-08-28 11:10:12,42650.0,300,Sell,235389661
2024-08-28 11:10:12,42600.0,1200,Sell,235389662
2024-08-28 11:10:14,42700.0,200,Buy,235389758
2024-08-28 11:10:15,42600.0,500,Sell,235389873
2024-08-28 11:10:15,42600.0,1000,Sell,235389874
2024-08-28 11:10:15,42600.0,500,Sell,235389875
2024-08-28 11:10:23,42600.0,200,Sell,235390488
2024-08-28 11:10:23,42650.0,100,Sell,235390486
2024-08-28 11:10:23,42650.0,1000,Sell,235390487
2024-08-28 11:10:26,42600.0,800,Sell,235390957
2024-08-28 11:10:26,42600.0,100,Sell,235390958
2024-08-28 11:10:26,42600.0,100,Sell,235390959
2024-08-28 11:10:26,42600.0,1000,Sell,235390960
2024-08-28 11:10:26,42600.0,400,Sell,235390961
2024-08-28 11:10:26,42600.0,100,Sell,235390962
2024-08-28 11:10:30,42500.0,700,Sell,235391358
2024-08-28 11:10:30,42550.0,200,Sell,235391357
2024-08-28 11:10:30,42550.0,100,Sell,235391356
2024-08-28 11:10:30,42600.0,100,Sell,235391355
2024-08-28 11:10:30,42600.0,100,Sell,235391352
2024-08-28 11:10:30,42600.0,100,Sell,235391353
2024-08-28 11:10:30,42600.0,100,Sell,235391351
2024-08-28 11:10:30,42600.0,500,Sell,235391350
2024-08-28 11:10:30,42600.0,100,Sell,235391354
2024-08-28 11:10:31,42650.0,200,Buy,235391460
2024-08-28 11:10:31,42500.0,300,Sell,235391514
2024-08-28 11:10:31,42500.0,1000,Sell,235391515
2024-08-28 11:10:31,42500.0,1300,Sell,235391516
2024-08-28 11:10:31,42500.0,200,Sell,235391539
2024-08-28 11:10:34,42600.0,3000,Buy,235391727
2024-08-28 11:10:37,42600.0,600,Sell,235392026
2024-08-28 11:10:37,42600.0,4500,Sell,235392043
2024-08-28 11:10:39,42550.0,1900,Sell,235392224
2024-08-28 11:10:39,42550.0,200,Sell,235392223
2024-08-28 11:10:39,42550.0,700,Sell,235392222
2024-08-28 11:10:39,42600.0,1900,Sell,235392220
2024-08-28 11:10:39,42600.0,300,Sell,235392221
2024-08-28 11:10:40,42550.0,100,Sell,235392307
2024-08-28 11:10:47,42550.0,1300,Sell,235393080
2024-08-28 11:10:50,42600.0,100,Buy,235393383
2024-08-28 11:10:51,42600.0,100,Buy,235393477
2024-08-28 11:10:52,42550.0,100,Sell,235393618
2024-08-28 11:10:52,42550.0,100,Sell,235393610
2024-08-28 11:10:52,42550.0,800,Sell,235393609
2024-08-28 11:10:52,42550.0,100,Sell,235393608
2024-08-28 11:10:52,42550.0,100,Sell,235393607
2024-08-28 11:10:52,42550.0,100,Sell,235393606
2024-08-28 11:10:52,42550.0,1000,Sell,235393604
2024-08-28 11:10:52,42550.0,3000,Sell,235393603
2024-08-28 11:10:52,42550.0,100,Sell,235393602
2024-08-28 11:10:52,42550.0,6700,Sell,235393601
2024-08-28 11:10:52,42600.0,200,Sell,235393600
2024-08-28 11:10:52,42600.0,500,Sell,235393599
2024-08-28 11:10:52,42550.0,1300,Sell,235393605
2024-08-28 11:10:56,42600.0,200,Sell,235393927
2024-08-28 11:11:00,42600.0,100,Sell,235394417
2024-08-28 11:11:02,42650.0,100,Sell,235394590
2024-08-28 11:11:02,42650.0,200,Buy,235394579
2024-08-28 11:11:04,42650.0,700,Sell,235394678
2024-08-28 11:11:04,42650.0,1300,Sell,235394679
2024-08-28 11:11:08,42600.0,7400,Sell,235394976
2024-08-28 11:11:08,42600.0,100,Sell,235394975
2024-08-28 11:11:08,42600.0,500,Sell,235394974
2024-08-28 11:11:08,42600.0,1000,Sell,235394973
2024-08-28 11:11:08,42600.0,200,Sell,235394972
2024-08-28 11:11:08,42600.0,400,Sell,235394966
2024-08-28 11:11:08,42600.0,5000,Sell,235394970
2024-08-28 11:11:08,42600.0,500,Sell,235394969
2024-08-28 11:11:08,42600.0,200,Sell,235394968
2024-08-28 11:11:08,42600.0,2000,Sell,235394967
2024-08-28 11:11:08,42600.0,9900,Sell,235394971
2024-08-28 11:11:08,42600.0,1000,Sell,235394977
2024-08-28 11:11:09,42600.0,1000,Buy,235395060
2024-08-28 11:11:13,42600.0,200,Buy,235395370
2024-08-28 11:11:13,42600.0,800,Buy,235395369
2024-08-28 11:11:15,42600.0,300,Buy,235395519
2024-08-28 11:11:16,42600.0,200,Sell,235395669
2024-08-28 11:11:16,42600.0,800,Sell,235395670
2024-08-28 11:11:20,42600.0,200,Sell,235395941
2024-08-28 11:11:20,42600.0,1000,Sell,235395942
2024-08-28 11:11:20,42600.0,3800,Sell,235396021
2024-08-28 11:11:24,42600.0,100,Sell,235396257
2024-08-28 11:11:24,42600.0,200,Sell,235396258
2024-08-28 11:11:24,42600.0,900,Sell,235396318
2024-08-28 11:11:24,42600.0,100,Sell,235396319
2024-08-28 11:11:24,42600.0,200,Sell,235396320
2024-08-28 11:11:24,42600.0,300,Sell,235396321
2024-08-28 11:11:30,42600.0,1000,Sell,235396709
2024-08-28 11:11:31,42600.0,100,Sell,235396830
2024-08-28 11:11:32,42600.0,100,Sell,235396931
2024-08-28 11:11:32,42600.0,300,Sell,235396932
2024-08-28 11:11:32,42600.0,500,Sell,235396933
2024-08-28 11:11:32,42600.0,200,Sell,235396930
2024-08-28 11:11:37,42650.0,200,Buy,235397405
2024-08-28 11:11:37,42700.0,300,Buy,235397406
2024-08-28 11:11:37,42600.0,500,Sell,235397409
2024-08-28 11:11:38,42600.0,500,Sell,235397485
2024-08-28 11:11:38,42600.0,500,Sell,235397488
2024-08-28 11:11:38,42600.0,300,Sell,235397487
2024-08-28 11:11:38,42600.0,1000,Sell,235397486
2024-08-28 11:11:38,42600.0,1400,Sell,235397484
2024-08-28 11:11:38,42600.0,200,Sell,235397483
2024-08-28 11:11:38,42600.0,100,Sell,235397482
2024-08-28 11:11:38,42600.0,200,Sell,235397481
2024-08-28 11:11:38,42600.0,400,Sell,235397480
2024-08-28 11:11:38,42600.0,200,Sell,235397479
2024-08-28 11:11:38,42600.0,200,Sell,235397478
2024-08-28 11:11:41,42650.0,100,Buy,235397634
2024-08-28 11:11:42,42650.0,100,Buy,235397748
2024-08-28 11:11:46,42650.0,3000,Buy,235398100
2024-08-28 11:11:46,42600.0,500,Sell,235398117
2024-08-28 11:11:47,42650.0,3000,Buy,235398159
2024-08-28 11:11:48,42650.0,800,Buy,235398274
2024-08-28 11:11:48,42650.0,100,Buy,235398275
2024-08-28 11:11:48,42650.0,1000,Buy,235398276
2024-08-28 11:11:49,42650.0,1000,Sell,235398398
2024-08-28 11:11:51,42650.0,2200,Sell,235398549
2024-08-28 11:11:53,42650.0,2000,Sell,235398625
2024-08-28 11:12:03,42700.0,1000,Buy,235399206
2024-08-28 11:12:07,42700.0,1000,Buy,235399402
2024-08-28 11:12:07,42700.0,2000,Buy,235399403
2024-08-28 11:12:07,42700.0,500,Buy,235399404
2024-08-28 11:12:16,42750.0,100,Buy,235400030
2024-08-28 11:12:19,42700.0,1000,Sell,235400160
2024-08-28 11:12:19,42700.0,100,Sell,235400156
2024-08-28 11:12:19,42700.0,2400,Sell,235400157
2024-08-28 11:12:19,42700.0,1000,Sell,235400155
2024-08-28 11:12:19,42700.0,100,Sell,235400159
2024-08-28 11:12:19,42700.0,100,Sell,235400151
2024-08-28 11:12:19,42700.0,500,Sell,235400154
2024-08-28 11:12:19,42750.0,200,Sell,235400147
2024-08-28 11:12:19,42750.0,500,Sell,235400148
2024-08-28 11:12:19,42700.0,1000,Sell,235400158
2024-08-28 11:12:19,42700.0,1500,Sell,235400149
2024-08-28 11:12:19,42700.0,800,Sell,235400150
2024-08-28 11:12:20,42700.0,700,Buy,235400270
2024-08-28 11:12:21,42650.0,100,Sell,235400327
2024-08-28 11:12:22,42700.0,1000,Buy,235400370
2024-08-28 11:12:27,42700.0,4000,Buy,235400695
2024-08-28 11:12:27,42700.0,100,Buy,235400792
2024-08-28 11:12:35,42700.0,200,Sell,235401247
2024-08-28 11:12:35,42700.0,100,Sell,235401244
2024-08-28 11:12:35,42700.0,100,Sell,235401243
2024-08-28 11:12:35,42700.0,200,Sell,235401246
2024-08-28 11:12:35,42700.0,300,Sell,235401241
2024-08-28 11:12:35,42700.0,200,Sell,235401240
2024-08-28 11:12:35,42750.0,2000,Sell,235401239
2024-08-28 11:12:35,42700.0,500,Sell,235401242
2024-08-28 11:12:35,42700.0,400,Sell,235401245
2024-08-28 11:12:46,42800.0,1000,Buy,235401851
2024-08-28 11:12:48,42800.0,5200,Sell,235401951
2024-08-28 11:12:55,42850.0,100,Buy,235402331
2024-08-28 11:12:57,42850.0,1000,Buy,235402442
2024-08-28 11:12:58,42800.0,1500,Sell,235402482
2024-08-28 11:12:59,42850.0,2000,Buy,235402527
2024-08-28 11:13:05,42850.0,1000,Buy,235402880
2024-08-28 11:13:06,42850.0,1200,Buy,235403007
2024-08-28 11:13:06,42850.0,3200,Buy,235403005
2024-08-28 11:13:06,42850.0,1800,Buy,235403006
2024-08-28 11:13:08,42850.0,3000,Sell,235403133
2024-08-28 11:13:10,42850.0,200,Sell,235403222
2024-08-28 11:13:12,42900.0,900,Buy,235403296
2024-08-28 11:13:14,42900.0,500,Buy,235403414
2024-08-28 11:13:14,42900.0,900,Buy,235403412
2024-08-28 11:13:14,42900.0,3000,Buy,235403413
2024-08-28 11:13:17,42950.0,100,Buy,235403500
2024-08-28 11:13:17,43000.0,900,Buy,235403501
2024-08-28 11:13:20,42900.0,100,Sell,235403674
2024-08-28 11:13:24,43000.0,400,Buy,235403852
2024-08-28 11:13:24,43000.0,100,Buy,235403853
2024-08-28 11:13:24,43000.0,300,Buy,235403854
2024-08-28 11:13:24,43000.0,3300,Buy,235403855
2024-08-28 11:13:24,43000.0,1000,Sell,235403865
2024-08-28 11:13:32,43000.0,4000,Sell,235404243
2024-08-28 11:13:40,43150.0,100,Buy,235404578
2024-08-28 11:13:40,43200.0,9300,Buy,235404579
2024-08-28 11:13:40,43100.0,100,Buy,235404576
2024-08-28 11:13:40,43150.0,500,Buy,235404577
2024-08-28 11:13:42,43150.0,500,Sell,235404657
2024-08-28 11:13:46,43100.0,100,Buy,235404845
2024-08-28 11:13:46,43050.0,100,Sell,235404846
2024-08-28 11:13:46,43000.0,900,Sell,235404847
2024-08-28 11:13:46,43000.0,500,Sell,235404848
2024-08-28 11:13:46,43000.0,200,Sell,235404849
2024-08-28 11:13:46,43000.0,1000,Sell,235404850
2024-08-28 11:13:46,43000.0,500,Sell,235404851
2024-08-28 11:13:47,43000.0,100,Buy,235404875
2024-08-28 11:13:50,43000.0,1000,Buy,235404996
2024-08-28 11:13:53,43000.0,100,Buy,235405084
2024-08-28 11:13:56,43000.0,2000,Buy,235405250
2024-08-28 11:13:57,43000.0,100,Buy,235405258
2024-08-28 11:13:57,43000.0,600,Buy,235405256
2024-08-28 11:14:05,43000.0,300,Sell,235405701
2024-08-28 11:14:13,43000.0,100,Buy,235405998
2024-08-28 11:14:13,43000.0,100,Buy,235405973
2024-08-28 11:14:22,43000.0,400,Sell,235406403
2024-08-28 11:14:22,43000.0,500,Sell,235406404
2024-08-28 11:14:22,43000.0,100,Sell,235406405
2024-08-28 11:14:22,43000.0,1000,Buy,235406429
2024-08-28 11:14:29,43000.0,100,Sell,235406697
2024-08-28 11:14:30,43100.0,400,Buy,235406755
2024-08-28 11:14:30,43100.0,100,Buy,235406756
2024-08-28 11:14:36,43100.0,200,Buy,235406962
2024-08-28 11:14:43,43100.0,5000,Buy,235407226
2024-08-28 11:14:46,43100.0,200,Buy,235407313
2024-08-28 11:14:46,43100.0,4700,Buy,235407311
2024-08-28 11:14:46,43100.0,100,Buy,235407312
2024-08-28 11:14:48,43050.0,1000,Sell,235407420
2024-08-28 11:14:48,43000.0,1200,Sell,235407421
2024-08-28 11:14:48,43100.0,300,Sell,235407419
2024-08-28 11:14:58,43100.0,1000,Sell,235407749
2024-08-28 11:15:12,43100.0,600,Sell,235408206
2024-08-28 11:15:12,43200.0,5000,Buy,235408217
2024-08-28 11:15:13,43100.0,800,Sell,235408286
2024-08-28 11:15:18,43100.0,1300,Sell,235408434
2024-08-28 11:15:23,43100.0,300,Sell,235408596
2024-08-28 11:15:25,43200.0,2000,Buy,235408621
2024-08-28 11:15:36,43150.0,100,Buy,235409004
2024-08-28 11:15:36,43200.0,4900,Buy,235409005
2024-08-28 11:15:37,43100.0,300,Sell,235409027
2024-08-28 11:15:37,43100.0,500,Sell,235409026
2024-08-28 11:15:37,43100.0,200,Sell,235409025
2024-08-28 11:15:38,43200.0,200,Buy,235409055
2024-08-28 11:15:47,43200.0,100,Buy,235409357
2024-08-28 11:15:50,43100.0,1000,Sell,235409458
2024-08-28 11:15:50,43100.0,300,Sell,235409459
2024-08-28 11:15:50,43100.0,500,Sell,235409460
2024-08-28 11:15:50,43100.0,1000,Sell,235409461
2024-08-28 11:15:50,43100.0,600,Sell,235409462
2024-08-28 11:15:50,43100.0,100,Sell,235409463
2024-08-28 11:15:50,43100.0,6500,Sell,235409464
2024-08-28 11:15:52,43200.0,100,Buy,235409505
2024-08-28 11:15:52,43200.0,200,Buy,235409506
2024-08-28 11:15:52,43200.0,200,Buy,235409507
2024-08-28 11:15:52,43100.0,300,Sell,235409568
2024-08-28 11:15:58,43200.0,100,Buy,235409771
2024-08-28 11:16:06,43200.0,400,Buy,235410111
2024-08-28 11:16:06,43200.0,100,Buy,235410112
2024-08-28 11:16:06,43200.0,1000,Buy,235410113
2024-08-28 11:16:06,43200.0,500,Buy,235410114
2024-08-28 11:16:06,43200.0,500,Buy,235410091
2024-08-28 11:16:09,43200.0,200,Sell,235410215
2024-08-28 11:16:11,43200.0,300,Buy,235410295
2024-08-28 11:16:21,43200.0,500,Buy,235410649
2024-08-28 11:16:21,43200.0,3200,Buy,235410650
2024-08-28 11:16:22,43200.0,5000,Sell,235410701
2024-08-28 11:16:27,43200.0,300,Sell,235410794
2024-08-28 11:16:41,43150.0,500,Sell,235411211
2024-08-28 11:16:41,43200.0,200,Sell,235411210
2024-08-28 11:16:41,43200.0,1000,Sell,235411207
2024-08-28 11:16:41,43200.0,500,Sell,235411208
2024-08-28 11:16:41,43200.0,200,Sell,235411209
2024-08-28 11:16:42,43150.0,300,Buy,235411241
2024-08-28 11:16:49,43150.0,100,Buy,235411466
2024-08-28 11:16:52,43150.0,200,Buy,235411581
2024-08-28 11:16:56,43150.0,300,Buy,235411722
2024-08-28 11:16:59,43150.0,300,Buy,235411814
2024-08-28 11:17:03,43100.0,3200,Sell,235411933
2024-08-28 11:17:03,43100.0,1000,Sell,235411934
2024-08-28 11:17:03,43100.0,200,Sell,235411935
2024-08-28 11:17:03,43100.0,500,Sell,235411936
2024-08-28 11:17:03,43100.0,100,Sell,235411937
2024-08-28 11:17:04,43000.0,1400,Sell,235411981
2024-08-28 11:17:04,43000.0,500,Sell,235411980
2024-08-28 11:17:04,43000.0,2700,Sell,235411979
2024-08-28 11:17:04,43100.0,100,Sell,235411975
2024-08-28 11:17:04,43050.0,5000,Sell,235411977
2024-08-28 11:17:04,43050.0,500,Sell,235411976
2024-08-28 11:17:04,43050.0,100,Sell,235411978
2024-08-28 11:17:05,43150.0,100,Buy,235412011
2024-08-28 11:17:08,43000.0,4000,Sell,235412113
2024-08-28 11:17:08,43000.0,200,Sell,235412109
2024-08-28 11:17:08,43000.0,300,Sell,235412110
2024-08-28 11:17:08,43000.0,100,Sell,235412108
2024-08-28 11:17:08,43000.0,500,Sell,235412112
2024-08-28 11:17:08,43000.0,100,Sell,235412106
2024-08-28 11:17:08,43000.0,100,Sell,235412107
2024-08-28 11:17:08,43000.0,3600,Sell,235412103
2024-08-28 11:17:08,43000.0,300,Sell,235412111
2024-08-28 11:17:08,43000.0,1000,Sell,235412105
2024-08-28 11:17:08,43000.0,300,Sell,235412104
2024-08-28 11:17:09,43000.0,700,Buy,235412157
2024-08-28 11:17:11,43000.0,300,Buy,235412251
2024-08-28 11:17:20,43000.0,100,Buy,235412538
2024-08-28 11:17:20,42900.0,500,Sell,235412539
2024-08-28 11:17:20,42900.0,200,Sell,235412540
2024-08-28 11:17:20,42900.0,100,Sell,235412541
2024-08-28 11:17:20,42900.0,500,Sell,235412542
2024-08-28 11:17:20,42900.0,3700,Sell,235412543
2024-08-28 11:17:24,43000.0,500,Buy,235412726
2024-08-28 11:17:29,42900.0,200,Sell,235412835
2024-08-28 11:17:29,43000.0,500,Buy,235412832
2024-08-28 11:17:39,42900.0,100,Sell,235413024
2024-08-28 11:17:39,42900.0,100,Sell,235413023
2024-08-28 11:17:39,42900.0,100,Sell,235413020
2024-08-28 11:17:39,42900.0,100,Sell,235413021
2024-08-28 11:17:39,42900.0,100,Sell,235413019
2024-08-28 11:17:39,42900.0,100,Sell,235413022
2024-08-28 11:17:42,42900.0,500,Sell,235413149
2024-08-28 11:17:47,42900.0,100,Sell,235413241
2024-08-28 11:18:02,42900.0,300,Sell,235413796
2024-08-28 11:18:02,42900.0,100,Sell,235413797
2024-08-28 11:18:02,42900.0,100,Sell,235413798
2024-08-28 11:18:02,42900.0,500,Sell,235413799
2024-08-28 11:18:11,42900.0,1800,Sell,235414079
2024-08-28 11:18:16,42900.0,400,Sell,235414261
2024-08-28 11:18:16,42900.0,100,Sell,235414260
2024-08-28 11:18:16,42900.0,500,Sell,235414263
2024-08-28 11:18:16,42900.0,1000,Sell,235414259
2024-08-28 11:18:16,42900.0,200,Sell,235414262
2024-08-28 11:18:16,42900.0,500,Sell,235414257
2024-08-28 11:18:16,42900.0,200,Sell,235414253
2024-08-28 11:18:16,42900.0,1000,Sell,235414254
2024-08-28 11:18:16,42900.0,200,Sell,235414258
2024-08-28 11:18:16,42900.0,5000,Sell,235414256
2024-08-28 11:18:16,42900.0,300,Sell,235414255
2024-08-28 11:18:17,42900.0,300,Buy,235414276
2024-08-28 11:18:19,42900.0,300,Buy,235414387
2024-08-28 11:18:21,42900.0,700,Sell,235414450
2024-08-28 11:18:32,42900.0,100,Buy,235414769
2024-08-28 11:18:34,42850.0,200,Sell,235414913
2024-08-28 11:18:45,42900.0,1000,Buy,235415261
2024-08-28 11:18:47,42900.0,300,Buy,235415303
2024-08-28 11:18:51,42850.0,100,Sell,235415471
2024-08-28 11:18:51,42850.0,5000,Sell,235415470
2024-08-28 11:18:51,42850.0,1000,Sell,235415473
2024-08-28 11:18:51,42850.0,1800,Sell,235415468
2024-08-28 11:18:51,42850.0,1800,Sell,235415467
2024-08-28 11:18:51,42850.0,300,Sell,235415469
2024-08-28 11:18:51,42850.0,100,Sell,235415472
2024-08-28 11:18:56,42850.0,100,Buy,235415604
2024-08-28 11:18:59,42800.0,500,Sell,235415677
2024-08-28 11:18:59,42800.0,100,Sell,235415678
2024-08-28 11:18:59,42800.0,300,Sell,235415679
2024-08-28 11:18:59,42800.0,200,Sell,235415680
2024-08-28 11:18:59,42800.0,500,Sell,235415681
2024-08-28 11:18:59,42800.0,3000,Sell,235415682
2024-08-28 11:18:59,42800.0,200,Sell,235415683
2024-08-28 11:18:59,42800.0,200,Sell,235415684
2024-08-28 11:19:00,42800.0,500,Sell,235415694
2024-08-28 11:19:03,42800.0,100,Sell,235415774
2024-08-28 11:19:03,42800.0,500,Sell,235415773
2024-08-28 11:19:03,42800.0,300,Sell,235415771
2024-08-28 11:19:03,42800.0,100,Sell,235415772
2024-08-28 11:19:04,42800.0,100,Sell,235415842
2024-08-28 11:19:07,42850.0,100,Buy,235415953
2024-08-28 11:19:10,42800.0,1300,Sell,235416055
2024-08-28 11:19:10,42800.0,100,Sell,235416056
2024-08-28 11:19:10,42800.0,200,Sell,235416057
2024-08-28 11:19:10,42800.0,1000,Sell,235416058
2024-08-28 11:19:10,42800.0,100,Sell,235416059
2024-08-28 11:19:10,42800.0,100,Buy,235416065
2024-08-28 11:19:11,42750.0,100,Sell,235416078
2024-08-28 11:19:11,42750.0,100,Sell,235416079
2024-08-28 11:19:12,42800.0,100,Buy,235416114
2024-08-28 11:19:12,42800.0,5000,Buy,235416116
2024-08-28 11:19:15,42750.0,600,Sell,235416178
2024-08-28 11:19:15,42750.0,5000,Sell,235416175
2024-08-28 11:19:15,42750.0,1200,Sell,235416176
2024-08-28 11:19:15,42750.0,300,Sell,235416177
2024-08-28 11:19:23,42800.0,100,Buy,235416491
2024-08-28 11:19:24,42750.0,400,Sell,235416527
2024-08-28 11:19:24,42750.0,100,Sell,235416528
2024-08-28 11:19:27,42800.0,100,Buy,235416584
2024-08-28 11:19:34,42800.0,1000,Buy,235416734
2024-08-28 11:19:34,42750.0,9900,Sell,235416750
2024-08-28 11:19:34,42750.0,100,Sell,235416751
2024-08-28 11:19:38,42750.0,100,Sell,235416923
2024-08-28 11:19:38,42750.0,100,Sell,235416922
2024-08-28 11:19:38,42750.0,500,Sell,235416920
2024-08-28 11:19:38,42750.0,500,Sell,235416921
2024-08-28 11:19:38,42750.0,100,Sell,235416919
2024-08-28 11:19:38,42800.0,900,Buy,235416914
2024-08-28 11:19:38,42800.0,1000,Buy,235416915
2024-08-28 11:19:38,42750.0,100,Sell,235416918
2024-08-28 11:19:38,42750.0,100,Sell,235416917
2024-08-28 11:19:38,42800.0,600,Buy,235416916
2024-08-28 11:19:39,42750.0,200,Sell,235416940
2024-08-28 11:19:39,42750.0,800,Sell,235416941
2024-08-28 11:19:39,42750.0,1000,Sell,235416961
2024-08-28 11:19:46,42800.0,300,Buy,235417168
2024-08-28 11:19:49,42800.0,100,Sell,235417278
2024-08-28 11:19:57,42800.0,300,Sell,235417596
2024-08-28 11:19:58,42850.0,5000,Buy,235417642
2024-08-28 11:20:04,42800.0,500,Sell,235417794
2024-08-28 11:20:04,42800.0,1300,Sell,235417792
2024-08-28 11:20:04,42800.0,300,Sell,235417793
2024-08-28 11:20:05,42800.0,100,Buy,235417809
2024-08-28 11:20:11,42800.0,500,Buy,235417921
2024-08-28 11:20:13,42800.0,2000,Buy,235417957
2024-08-28 11:20:13,42750.0,200,Sell,235417979
2024-08-28 11:20:15,42800.0,4600,Buy,235418032
2024-08-28 11:20:17,42800.0,1000,Buy,235418114
2024-08-28 11:20:21,42800.0,1000,Buy,235418261
2024-08-28 11:20:22,42800.0,2000,Buy,235418287
2024-08-28 11:20:25,42800.0,200,Buy,235418344
2024-08-28 11:20:31,42800.0,500,Buy,235418482
2024-08-28 11:20:35,42800.0,100,Buy,235418587
2024-08-28 11:20:35,42800.0,1000,Buy,235418588
2024-08-28 11:20:36,42800.0,500,Buy,235418602
2024-08-28 11:20:39,42750.0,700,Sell,235418704
2024-08-28 11:20:41,42800.0,100,Buy,235418778
2024-08-28 11:20:41,42800.0,100,Buy,235418769
2024-08-28 11:20:45,42800.0,400,Buy,235418856
2024-08-28 11:20:47,42800.0,1000,Buy,235418918
2024-08-28 11:20:50,42800.0,1000,Buy,235418981
2024-08-28 11:20:51,42800.0,1000,Buy,235419009
2024-08-28 11:20:54,42800.0,100,Buy,235419069
2024-08-28 11:20:56,42800.0,100,Buy,235419105
2024-08-28 11:20:57,42800.0,500,Buy,235419171
2024-08-28 11:20:59,42800.0,100,Buy,235419198
2024-08-28 11:20:59,42800.0,400,Buy,235419199
2024-08-28 11:20:59,42800.0,100,Buy,235419200
2024-08-28 11:21:00,42750.0,2000,Sell,235419272
2024-08-28 11:21:08,42800.0,900,Buy,235419457
2024-08-28 11:21:08,42800.0,100,Buy,235419458
2024-08-28 11:21:16,42800.0,4000,Buy,235419714
2024-08-28 11:21:16,42800.0,500,Buy,235419706
2024-08-28 11:21:16,42800.0,200,Buy,235419697
2024-08-28 11:21:16,42750.0,100,Sell,235419698
2024-08-28 11:21:20,42800.0,100,Buy,235419908
2024-08-28 11:21:21,42800.0,100,Buy,235419953
2024-08-28 11:21:21,42800.0,100,Buy,235419954
2024-08-28 11:21:22,42800.0,100,Buy,235419999
2024-08-28 11:21:26,42800.0,100,Buy,235420243
2024-08-28 11:21:27,42800.0,200,Buy,235420275
2024-08-28 11:21:30,42800.0,500,Buy,235420411
2024-08-28 11:21:30,42800.0,500,Buy,235420422
2024-08-28 11:21:32,42800.0,100,Buy,235420451
2024-08-28 11:21:39,42800.0,100,Buy,235420626
2024-08-28 11:21:48,42800.0,200,Buy,235420922
2024-08-28 11:21:55,42800.0,1000,Buy,235421069
2024-08-28 11:21:55,42800.0,1000,Buy,235421080
2024-08-28 11:21:57,42800.0,500,Buy,235421152
2024-08-28 11:22:00,42800.0,200,Buy,235421246
2024-08-28 11:22:00,42800.0,600,Buy,235421245
2024-08-28 11:22:01,42800.0,100,Buy,235421266
2024-08-28 11:22:09,42800.0,500,Buy,235421440
2024-08-28 11:22:11,42750.0,100,Sell,235421515
2024-08-28 11:22:11,42750.0,100,Sell,235421514
2024-08-28 11:22:11,42750.0,500,Sell,235421513
2024-08-28 11:22:11,42750.0,200,Sell,235421516
2024-08-28 11:22:11,42750.0,100,Sell,235421511
2024-08-28 11:22:11,42750.0,200,Sell,235421510
2024-08-28 11:22:11,42750.0,2200,Sell,235421509
2024-08-28 11:22:11,42750.0,300,Sell,235421512
2024-08-28 11:22:16,42800.0,100,Buy,235421662
2024-08-28 11:22:17,42800.0,100,Buy,235421673
2024-08-28 11:22:18,42800.0,2000,Buy,235421695
2024-08-28 11:22:20,42800.0,100,Buy,235421741
2024-08-28 11:22:30,42800.0,100,Buy,235422015
2024-08-28 11:22:31,42800.0,400,Buy,235422046
2024-08-28 11:22:32,42800.0,100,Buy,235422069
2024-08-28 11:22:32,42800.0,1400,Buy,235422067
2024-08-28 11:22:32,42800.0,2100,Buy,235422068
2024-08-28 11:22:36,42750.0,1800,Sell,235422140
2024-08-28 11:22:36,42750.0,200,Sell,235422141
2024-08-28 11:22:37,42800.0,200,Buy,235422151
2024-08-28 11:22:37,42800.0,800,Buy,235422152
2024-08-28 11:22:43,42800.0,2000,Buy,235422298
2024-08-28 11:22:45,42800.0,100,Buy,235422347
2024-08-28 11:22:46,42800.0,100,Buy,235422367
2024-08-28 11:22:48,42750.0,300,Sell,235422469
2024-08-28 11:22:48,42750.0,200,Sell,235422468
2024-08-28 11:22:48,42750.0,500,Sell,235422467
2024-08-28 11:22:48,42750.0,500,Sell,235422466
2024-08-28 11:22:48,42750.0,1000,Sell,235422465
2024-08-28 11:22:48,42750.0,300,Sell,235422462
2024-08-28 11:22:48,42750.0,200,Sell,235422463
2024-08-28 11:22:48,42750.0,100,Sell,235422464
2024-08-28 11:22:48,42750.0,9800,Sell,235422458
2024-08-28 11:22:48,42750.0,300,Sell,235422461
2024-08-28 11:22:48,42750.0,200,Sell,235422460
2024-08-28 11:22:48,42750.0,500,Sell,235422459
2024-08-28 11:23:01,42750.0,700,Sell,235422756
2024-08-28 11:23:01,42750.0,500,Sell,235422757
2024-08-28 11:23:01,42750.0,500,Sell,235422758
2024-08-28 11:23:01,42750.0,1000,Sell,235422759
2024-08-28 11:23:01,42750.0,100,Sell,235422760
2024-08-28 11:23:01,42750.0,100,Sell,235422761
2024-08-28 11:23:11,42750.0,100,Buy,235423033
2024-08-28 11:23:12,42700.0,100,Sell,235423048
2024-08-28 11:23:12,42750.0,100,Buy,235423039
2024-08-28 11:23:29,42750.0,1900,Buy,235423404
2024-08-28 11:23:33,42750.0,1700,Sell,235423481
2024-08-28 11:23:41,42800.0,100,Buy,235423659
2024-08-28 11:24:01,42750.0,1400,Sell,235424339
2024-08-28 11:24:01,42750.0,300,Sell,235424340
2024-08-28 11:24:01,42750.0,3300,Sell,235424341
2024-08-28 11:24:01,42750.0,200,Sell,235424342
2024-08-28 11:24:01,42750.0,100,Sell,235424343
2024-08-28 11:24:01,42750.0,1000,Sell,235424344
2024-08-28 11:24:01,42750.0,5000,Sell,235424345
2024-08-28 11:24:01,42750.0,100,Sell,235424346
2024-08-28 11:24:06,42750.0,100,Buy,235424476
2024-08-28 11:24:07,42750.0,100,Buy,235424492
2024-08-28 11:24:09,42750.0,5000,Buy,235424561
2024-08-28 11:24:14,42750.0,400,Buy,235424851
2024-08-28 11:24:14,42750.0,100,Buy,235424850
2024-08-28 11:24:14,42750.0,200,Buy,235424841
2024-08-28 11:24:14,42750.0,2200,Buy,235424848
2024-08-28 11:24:14,42750.0,300,Buy,235424849
2024-08-28 11:24:16,42750.0,100,Buy,235424887
2024-08-28 11:24:16,42750.0,400,Buy,235424888
2024-08-28 11:24:18,42750.0,1600,Buy,235425023
2024-08-28 11:24:18,42750.0,3400,Buy,235425024
2024-08-28 11:24:18,42750.0,100,Buy,235425025
2024-08-28 11:24:27,42750.0,1000,Buy,235425230
2024-08-28 11:24:30,42750.0,100,Buy,235425283
2024-08-28 11:24:32,42750.0,300,Buy,235425336
2024-08-28 11:24:35,42750.0,4400,Buy,235425500
2024-08-28 11:24:35,42750.0,500,Buy,235425501
2024-08-28 11:24:35,42750.0,5100,Buy,235425498
2024-08-28 11:24:35,42750.0,500,Buy,235425499
2024-08-28 11:24:38,42750.0,3000,Buy,235425568
2024-08-28 11:24:39,42700.0,400,Sell,235425605
2024-08-28 11:24:39,42700.0,1000,Sell,235425606
2024-08-28 11:24:39,42700.0,400,Sell,235425607
2024-08-28 11:24:40,42750.0,200,Buy,235425620
2024-08-28 11:24:43,42750.0,1000,Buy,235425684
2024-08-28 11:24:52,42750.0,500,Buy,235425856
2024-08-28 11:24:58,42750.0,5000,Buy,235425970
2024-08-28 11:24:59,42700.0,600,Sell,235425999
2024-08-28 11:24:59,42700.0,100,Sell,235426000
2024-08-28 11:24:59,42700.0,200,Sell,235426001
2024-08-28 11:24:59,42700.0,100,Sell,235426002
2024-08-28 11:25:00,42750.0,2000,Buy,235426006
2024-08-28 11:25:03,42750.0,1400,Buy,235426095
2024-08-28 11:25:03,42750.0,1300,Buy,235426096
2024-08-28 11:25:03,42750.0,300,Buy,235426097
2024-08-28 11:25:03,42750.0,2000,Buy,235426081
2024-08-28 11:25:04,42700.0,100,Sell,235426112
2024-08-28 11:25:05,42750.0,100,Buy,235426125
2024-08-28 11:25:07,42750.0,2500,Buy,235426183
2024-08-28 11:25:08,42750.0,500,Buy,235426208
2024-08-28 11:25:09,42750.0,100,Buy,235426226
2024-08-28 11:25:10,42700.0,200,Sell,235426235
2024-08-28 11:25:12,42750.0,1300,Buy,235426311
2024-08-28 11:25:13,42750.0,100,Buy,235426318
2024-08-28 11:25:15,42750.0,500,Buy,235426362
2024-08-28 11:25:18,42750.0,5000,Buy,235426484
2024-08-28 11:25:18,42750.0,100,Buy,235426482
2024-08-28 11:25:20,42750.0,500,Buy,235426527
2024-08-28 11:25:21,42750.0,1000,Buy,235426537
2024-08-28 11:25:24,42750.0,100,Buy,235426612
2024-08-28 11:25:31,42700.0,500,Sell,235426796
2024-08-28 11:25:33,42700.0,400,Sell,235426831
2024-08-28 11:25:35,42750.0,300,Buy,235426862
2024-08-28 11:25:38,42750.0,300,Buy,235426964
2024-08-28 11:25:43,42700.0,200,Sell,235427089
2024-08-28 11:25:43,42700.0,200,Sell,235427090
2024-08-28 11:25:43,42700.0,100,Sell,235427091
2024-08-28 11:25:44,42750.0,100,Buy,235427108
2024-08-28 11:25:46,42750.0,100,Buy,235427184
2024-08-28 11:25:46,42750.0,1000,Buy,235427198
2024-08-28 11:25:48,42750.0,600,Buy,235427212
2024-08-28 11:25:49,42750.0,100,Buy,235427229
2024-08-28 11:25:52,42750.0,100,Buy,235427275
2024-08-28 11:25:53,42750.0,100,Buy,235427283
2024-08-28 11:25:56,42750.0,300,Buy,235427378
2024-08-28 11:26:02,42750.0,1000,Buy,235427492
2024-08-28 11:26:03,42750.0,500,Buy,235427504
2024-08-28 11:26:04,42750.0,200,Buy,235427545
2024-08-28 11:26:06,42750.0,2000,Buy,235427578
2024-08-28 11:26:07,42750.0,200,Buy,235427631
2024-08-28 11:26:08,42750.0,1000,Buy,235427653
2024-08-28 11:26:09,42750.0,500,Buy,235427687
2024-08-28 11:26:09,42750.0,900,Buy,235427688
2024-08-28 11:26:09,42750.0,600,Buy,235427686
2024-08-28 11:26:12,42750.0,100,Buy,235427714
2024-08-28 11:26:12,42750.0,400,Buy,235427715
2024-08-28 11:26:13,42750.0,1000,Buy,235427751
2024-08-28 11:26:14,42750.0,400,Buy,235427756
2024-08-28 11:26:14,42750.0,200,Buy,235427787
2024-08-28 11:26:20,42750.0,1000,Buy,235427934
2024-08-28 11:26:21,42750.0,200,Buy,235427943
2024-08-28 11:26:21,42750.0,200,Buy,235427944
2024-08-28 11:26:26,42700.0,200,Sell,235428116
2024-08-28 11:26:26,42700.0,100,Sell,235428115
2024-08-28 11:26:26,42700.0,100,Sell,235428114
2024-08-28 11:26:26,42700.0,100,Sell,235428113
2024-08-28 11:26:26,42700.0,400,Sell,235428110
2024-08-28 11:26:26,42700.0,100,Sell,235428111
2024-08-28 11:26:26,42750.0,100,Sell,235428108
2024-08-28 11:26:26,42700.0,100,Sell,235428112
2024-08-28 11:26:26,42750.0,5000,Sell,235428109
2024-08-28 11:26:35,42750.0,100,Sell,235428305
2024-08-28 11:26:35,42750.0,1000,Sell,235428306
2024-08-28 11:26:35,42750.0,900,Sell,235428307
2024-08-28 11:26:41,42800.0,2000,Buy,235428444
2024-08-28 11:26:41,42800.0,400,Buy,235428445
2024-08-28 11:26:41,42800.0,5000,Buy,235428443
2024-08-28 11:26:41,42800.0,1900,Buy,235428441
2024-08-28 11:26:41,42800.0,100,Buy,235428442
2024-08-28 11:26:42,42800.0,500,Sell,235428466
2024-08-28 11:26:49,42850.0,400,Buy,235428635
2024-08-28 11:27:09,42900.0,1600,Buy,235429131
2024-08-28 11:27:21,42900.0,1000,Buy,235429396
2024-08-28 11:27:24,42900.0,200,Buy,235429462
2024-08-28 11:27:29,42850.0,100,Sell,235429602
2024-08-28 11:27:29,42850.0,500,Sell,235429603
2024-08-28 11:27:29,42850.0,1000,Sell,235429604
2024-08-28 11:27:38,42850.0,100,Buy,235429821
2024-08-28 11:27:51,42850.0,300,Buy,235430287
2024-08-28 11:27:53,42850.0,500,Buy,235430322
2024-08-28 11:27:58,42850.0,200,Buy,235430423
2024-08-28 11:27:58,42850.0,400,Buy,235430422
2024-08-28 11:28:17,42800.0,100,Sell,235430993
2024-08-28 11:28:17,42800.0,700,Sell,235430994
2024-08-28 11:28:17,42800.0,100,Sell,235430995
2024-08-28 11:28:17,42800.0,200,Sell,235430996
2024-08-28 11:28:17,42800.0,200,Sell,235430997
2024-08-28 11:28:17,42800.0,1000,Sell,235430998
2024-08-28 11:28:17,42800.0,500,Sell,235430999
2024-08-28 11:28:17,42800.0,100,Sell,235431000
2024-08-28 11:28:17,42800.0,2000,Sell,235431001
2024-08-28 11:28:25,42800.0,200,Buy,235431210
2024-08-28 11:28:25,42800.0,100,Buy,235431217
2024-08-28 11:28:36,42800.0,1400,Buy,235431425
2024-08-28 11:28:37,42800.0,200,Buy,235431435
2024-08-28 11:28:38,42800.0,200,Buy,235431462
2024-08-28 11:28:40,42800.0,300,Buy,235431548
2024-08-28 11:28:42,42800.0,100,Buy,235431568
2024-08-28 11:28:42,42750.0,3000,Sell,235431575
2024-08-28 11:28:51,42750.0,1000,Sell,235431756
2024-08-28 11:28:53,42750.0,100,Sell,235431801
2024-08-28 11:28:53,42750.0,100,Sell,235431802
2024-08-28 11:28:55,42750.0,2000,Sell,235431868
2024-08-28 11:29:01,42750.0,500,Sell,235432003
2024-08-28 11:29:05,42750.0,1300,Sell,235432099
2024-08-28 11:29:10,42750.0,16200,Sell,235432312
2024-08-28 11:29:10,42750.0,500,Sell,235432313
2024-08-28 11:29:10,42750.0,4000,Sell,235432314
2024-08-28 11:29:10,42750.0,2700,Sell,235432315
2024-08-28 11:29:15,42750.0,200,Sell,235432462
2024-08-28 11:29:15,42750.0,200,Sell,235432460
2024-08-28 11:29:15,42750.0,200,Sell,235432461
2024-08-28 11:29:15,42750.0,300,Sell,235432459
2024-08-28 11:29:20,42700.0,100,Sell,235432626
2024-08-28 11:29:20,42700.0,700,Sell,235432627
2024-08-28 11:29:25,42750.0,600,Buy,235432696
2024-08-28 11:29:25,42750.0,200,Buy,235432697
2024-08-28 11:29:29,42750.0,100,Buy,235432804
2024-08-28 11:29:34,42700.0,100,Sell,235432937
2024-08-28 11:29:43,42700.0,200,Sell,235433152
2024-08-28 11:29:43,42700.0,300,Sell,235433153
2024-08-28 11:29:48,42750.0,200,Buy,235433272
2024-08-28 11:29:51,42750.0,1200,Buy,235433316
2024-08-28 11:29:52,42700.0,100,Sell,235433362
2024-08-28 11:29:52,42700.0,100,Sell,235433366
2024-08-28 11:29:52,42700.0,200,Sell,235433365
2024-08-28 11:29:52,42700.0,1300,Sell,235433361
2024-08-28 11:29:52,42700.0,100,Sell,235433363
2024-08-28 11:29:52,42700.0,200,Sell,235433364
2024-08-28 13:00:03,42750.0,100,Buy,235433753
2024-08-28 13:00:04,42700.0,2400,Sell,235434011
2024-08-28 13:00:04,42700.0,500,Sell,235434641
2024-08-28 13:00:04,42700.0,200,Sell,235434642
2024-08-28 13:00:05,42700.0,200,Sell,235435107
2024-08-28 13:00:05,42700.0,100,Sell,235435105
2024-08-28 13:00:05,42700.0,1000,Sell,235435106
2024-08-28 13:00:05,42750.0,400,Buy,235434844
2024-08-28 13:00:05,42750.0,600,Buy,235434843
2024-08-28 13:00:05,42700.0,100,Sell,235434845
2024-08-28 13:00:06,42750.0,200,Buy,235435695
2024-08-28 13:00:06,42750.0,200,Buy,235435502
2024-08-28 13:00:07,42750.0,300,Buy,235435878
2024-08-28 13:00:07,42700.0,500,Sell,235435972
2024-08-28 13:00:07,42700.0,200,Sell,235436035
2024-08-28 13:00:07,42700.0,100,Sell,235436036
2024-08-28 13:00:07,42700.0,300,Sell,235436037
2024-08-28 13:00:07,42700.0,2400,Sell,235436038
2024-08-28 13:00:08,42750.0,100,Buy,235436215
2024-08-28 13:00:08,42750.0,100,Buy,235436216
2024-08-28 13:00:09,42700.0,700,Sell,235436865
2024-08-28 13:00:09,42750.0,200,Buy,235436797
2024-08-28 13:00:09,42750.0,200,Buy,235436796
2024-08-28 13:00:09,42700.0,1000,Sell,235436658
2024-08-28 13:00:09,42750.0,200,Buy,235436795
2024-08-28 13:00:09,42750.0,400,Buy,235436794
2024-08-28 13:00:10,42700.0,900,Sell,235436956
2024-08-28 13:00:10,42700.0,100,Sell,235437053
2024-08-28 13:00:10,42700.0,200,Sell,235437051
2024-08-28 13:00:10,42700.0,100,Sell,235437050
2024-08-28 13:00:10,42700.0,100,Sell,235437049
2024-08-28 13:00:10,42700.0,100,Sell,235436964
2024-08-28 13:00:10,42700.0,200,Sell,235437052
2024-08-28 13:00:10,42700.0,100,Sell,235436962
2024-08-28 13:00:10,42700.0,100,Sell,235436961
2024-08-28 13:00:10,42700.0,500,Sell,235436960
2024-08-28 13:00:10,42700.0,300,Sell,235436959
2024-08-28 13:00:10,42700.0,100,Sell,235436958
2024-08-28 13:00:10,42700.0,2700,Sell,235436957
2024-08-28 13:00:10,42700.0,200,Sell,235436963
2024-08-28 13:00:11,42700.0,2000,Sell,235437475
2024-08-28 13:00:11,42700.0,100,Sell,235437353
2024-08-28 13:00:11,42700.0,100,Sell,235437354
2024-08-28 13:00:12,42750.0,500,Buy,235437563
2024-08-28 13:00:12,42750.0,100,Buy,235437564
2024-08-28 13:00:12,42750.0,400,Sell,235437656
2024-08-28 13:00:12,42700.0,100,Sell,235437753
2024-08-28 13:00:14,42750.0,500,Buy,235438204
2024-08-28 13:00:17,42700.0,1000,Sell,235438433
2024-08-28 13:00:18,42700.0,1300,Sell,235438518
2024-08-28 13:00:18,42700.0,600,Sell,235438519
2024-08-28 13:00:18,42750.0,200,Buy,235438473
2024-08-28 13:00:18,42700.0,300,Sell,235438474
2024-08-28 13:00:21,42700.0,100,Sell,235438692
2024-08-28 13:00:21,42700.0,4400,Sell,235438691
2024-08-28 13:00:21,42700.0,2000,Sell,235438693
2024-08-28 13:00:21,42700.0,200,Sell,235438694
2024-08-28 13:00:23,42700.0,100,Sell,235438822
2024-08-28 13:00:23,42700.0,100,Sell,235438823
2024-08-28 13:00:23,42700.0,200,Sell,235438833
2024-08-28 13:00:24,42700.0,2500,Sell,235438845
2024-08-28 13:00:26,42700.0,200,Sell,235438976
2024-08-28 13:00:26,42700.0,100,Sell,235438977
2024-08-28 13:00:32,42700.0,100,Sell,235439366
2024-08-28 13:00:33,42750.0,1900,Buy,235439415
2024-08-28 13:00:37,42700.0,600,Sell,235439823
2024-08-28 13:00:37,42750.0,100,Sell,235439821
2024-08-28 13:00:37,42700.0,300,Sell,235439822
2024-08-28 13:00:40,42700.0,400,Sell,235440007
2024-08-28 13:00:40,42700.0,100,Sell,235440008
2024-08-28 13:00:58,42750.0,100,Buy,235440649
2024-08-28 13:01:14,42800.0,100,Buy,235441158
2024-08-28 13:01:17,42800.0,500,Buy,235441204
2024-08-28 13:01:34,42750.0,15000,Sell,235441603
2024-08-28 13:01:34,42800.0,200,Buy,235441619
2024-08-28 13:01:38,42800.0,1800,Buy,235441713
2024-08-28 13:01:38,42800.0,1200,Buy,235441714
2024-08-28 13:01:39,42800.0,500,Buy,235441725
2024-08-28 13:01:41,42800.0,300,Buy,235441762
2024-08-28 13:01:41,42800.0,100,Buy,235441763
2024-08-28 13:01:41,42800.0,1600,Buy,235441764
2024-08-28 13:01:43,42800.0,100,Buy,235441821
2024-08-28 13:01:43,42800.0,500,Buy,235441819
2024-08-28 13:01:43,42800.0,500,Buy,235441818
2024-08-28 13:01:43,42800.0,100,Buy,235441820
2024-08-28 13:02:15,42900.0,400,Buy,235442721
2024-08-28 13:02:15,42900.0,100,Buy,235442720
2024-08-28 13:02:22,42900.0,600,Buy,235442887
2024-08-28 13:02:22,42900.0,100,Buy,235442888
2024-08-28 13:02:22,42900.0,100,Buy,235442889
2024-08-28 13:02:22,42900.0,1000,Buy,235442890
2024-08-28 13:02:22,42900.0,200,Buy,235442891
2024-08-28 13:02:22,42900.0,2000,Buy,235442892
2024-08-28 13:02:25,42900.0,200,Buy,235442949
2024-08-28 13:02:30,42900.0,300,Sell,235443121
2024-08-28 13:02:52,42900.0,200,Sell,235443784
2024-08-28 13:02:52,42900.0,400,Sell,235443785
2024-08-28 13:02:59,42900.0,100,Buy,235444108
2024-08-28 13:03:09,42850.0,1000,Sell,235444374
