time,price,volume,match_type,id
2024-08-29 09:14:58,42950.0,6900,ATO/ATC,235599587
2024-08-29 09:15:28,42900.0,500,Sell,235600143
2024-08-29 09:15:28,42900.0,100,Sell,235600140
2024-08-29 09:15:28,42900.0,500,Sell,235600141
2024-08-29 09:15:28,42900.0,500,Sell,235600142
2024-08-29 09:15:55,42950.0,500,Buy,235600507
2024-08-29 09:16:09,42950.0,400,Buy,235600733
2024-08-29 09:16:09,42950.0,100,Buy,235600731
2024-08-29 09:16:09,42950.0,1500,Buy,235600732
2024-08-29 09:16:10,42950.0,1800,Buy,235600769
2024-08-29 09:16:10,42950.0,2400,Buy,235600770
2024-08-29 09:16:25,43000.0,100,Buy,235601012
2024-08-29 09:16:25,43000.0,400,Buy,235601013
2024-08-29 09:16:26,42950.0,400,Sell,235601066
2024-08-29 09:16:33,43000.0,1000,Buy,235601189
2024-08-29 09:16:33,43000.0,100,Buy,235601194
2024-08-29 09:16:33,43000.0,2200,Buy,235601195
2024-08-29 09:16:33,43000.0,3300,Buy,235601196
2024-08-29 09:16:33,43000.0,500,Buy,235601197
2024-08-29 09:16:49,43050.0,200,Buy,235601468
2024-08-29 09:16:57,43050.0,1000,Buy,235601581
2024-08-29 09:17:02,43050.0,1000,Buy,235601631
2024-08-29 09:17:02,43050.0,100,Buy,235601632
2024-08-29 09:17:07,43050.0,500,Sell,235601722
2024-08-29 09:17:10,43100.0,1000,Buy,235601798
2024-08-29 09:17:10,43100.0,3300,Buy,235601797
2024-08-29 09:17:20,43100.0,1500,Sell,235602003
2024-08-29 09:17:25,43150.0,400,Buy,235602084
2024-08-29 09:17:25,43150.0,600,Buy,235602085
2024-08-29 09:17:28,43150.0,2800,Buy,235602180
2024-08-29 09:17:29,43150.0,1000,Buy,235602212
2024-08-29 09:17:30,43100.0,100,Sell,235602271
2024-08-29 09:17:33,43150.0,200,Buy,235602313
2024-08-29 09:17:33,43150.0,400,Buy,235602321
2024-08-29 09:17:33,43150.0,200,Buy,235602322
2024-08-29 09:17:33,43150.0,100,Buy,235602323
2024-08-29 09:17:38,43150.0,400,Buy,235602392
2024-08-29 09:17:38,43150.0,100,Buy,235602393
2024-08-29 09:17:40,43150.0,300,Buy,235602408
2024-08-29 09:17:44,43150.0,1000,Buy,235602479
2024-08-29 09:17:44,43150.0,1600,Buy,235602478
2024-08-29 09:17:45,43150.0,1000,Buy,235602504
2024-08-29 09:17:46,43150.0,200,Buy,235602530
2024-08-29 09:17:53,43200.0,3300,Buy,235602669
2024-08-29 09:17:53,43200.0,100,Buy,235602670
2024-08-29 09:17:53,43200.0,600,Buy,235602671
2024-08-29 09:18:07,43200.0,500,Buy,235602892
2024-08-29 09:18:11,43200.0,2200,Buy,235603010
2024-08-29 09:18:11,43200.0,600,Buy,235603011
2024-08-29 09:18:15,43200.0,1000,Sell,235603071
2024-08-29 09:18:16,43200.0,1600,Sell,235603080
2024-08-29 09:18:16,43200.0,600,Sell,235603081
2024-08-29 09:18:36,43300.0,2000,Buy,235603474
2024-08-29 09:18:36,43300.0,100,Buy,235603473
2024-08-29 09:18:36,43300.0,100,Buy,235603472
2024-08-29 09:18:36,43300.0,2000,Buy,235603470
2024-08-29 09:18:36,43300.0,3100,Buy,235603471
2024-08-29 09:18:53,43300.0,300,Buy,235603788
2024-08-29 09:19:02,43250.0,200,Sell,235603995
2024-08-29 09:19:11,43250.0,100,Buy,235604229
2024-08-29 09:19:11,43300.0,200,Buy,235604230
2024-08-29 09:19:35,43200.0,100,Sell,235604707
2024-08-29 09:19:35,43200.0,400,Sell,235604727
2024-08-29 09:20:13,43150.0,100,Sell,235605678
2024-08-29 09:20:13,43150.0,500,Sell,235605679
2024-08-29 09:20:13,43150.0,1000,Sell,235605680
2024-08-29 09:20:15,43150.0,300,Buy,235605729
2024-08-29 09:20:22,43150.0,700,Buy,235605905
2024-08-29 09:20:22,43150.0,100,Buy,235605906
2024-08-29 09:20:37,43100.0,1700,Sell,235606204
2024-08-29 09:20:37,43100.0,300,Sell,235606205
2024-08-29 09:20:41,43100.0,300,Sell,235606263
2024-08-29 09:20:44,43100.0,2900,Sell,235606339
2024-08-29 09:20:49,43100.0,400,Sell,235606472
2024-08-29 09:20:49,43100.0,1600,Sell,235606473
2024-08-29 09:21:08,43100.0,1400,Sell,235606837
2024-08-29 09:21:08,43100.0,2600,Sell,235606838
2024-08-29 09:21:08,43100.0,400,Sell,235606839
2024-08-29 09:21:08,43100.0,200,Sell,235606840
2024-08-29 09:21:08,43100.0,300,Sell,235606841
2024-08-29 09:21:38,43050.0,1000,Sell,235607457
2024-08-29 09:21:40,43050.0,300,Sell,235607504
2024-08-29 09:21:40,43050.0,200,Sell,235607502
2024-08-29 09:21:40,43050.0,100,Sell,235607503
2024-08-29 09:21:54,43050.0,100,Buy,235607787
2024-08-29 09:21:54,43100.0,900,Buy,235607788
2024-08-29 09:22:04,43050.0,400,Sell,235608026
2024-08-29 09:22:09,43100.0,100,Buy,235608193
2024-08-29 09:22:09,43100.0,100,Buy,235608194
2024-08-29 09:22:24,43050.0,500,Sell,235608498
2024-08-29 09:22:31,43000.0,1600,Sell,235608703
2024-08-29 09:22:31,43000.0,500,Sell,235608700
2024-08-29 09:22:31,43000.0,1000,Sell,235608701
2024-08-29 09:22:31,43000.0,3000,Sell,235608699
2024-08-29 09:22:31,43000.0,500,Sell,235608702
2024-08-29 09:22:31,43000.0,200,Sell,235608697
2024-08-29 09:22:31,43050.0,100,Sell,235608693
2024-08-29 09:22:31,43050.0,100,Sell,235608694
2024-08-29 09:22:31,43000.0,1300,Sell,235608698
2024-08-29 09:22:31,43050.0,500,Sell,235608696
2024-08-29 09:22:31,43050.0,1200,Sell,235608695
2024-08-29 09:23:00,43000.0,100,Sell,235609437
2024-08-29 09:23:35,43000.0,200,Sell,235610250
2024-08-29 09:23:40,43000.0,100,Sell,235610393
2024-08-29 09:23:40,42950.0,4100,Sell,235610401
2024-08-29 09:23:40,43000.0,1000,Sell,235610395
2024-08-29 09:23:40,43000.0,100,Sell,235610396
2024-08-29 09:23:40,43000.0,200,Sell,235610397
2024-08-29 09:23:40,43000.0,200,Sell,235610398
2024-08-29 09:23:40,42950.0,500,Sell,235610399
2024-08-29 09:23:40,42950.0,100,Sell,235610400
2024-08-29 09:23:40,43000.0,200,Sell,235610394
2024-08-29 09:23:50,43000.0,100,Sell,235610677
2024-08-29 09:24:00,43000.0,400,Buy,235610901
2024-08-29 09:24:18,43000.0,100,Buy,235611532
2024-08-29 09:24:25,43000.0,400,Buy,235611729
2024-08-29 09:24:25,43000.0,100,Buy,235611730
2024-08-29 09:24:39,43000.0,200,Buy,235612205
2024-08-29 09:24:54,43000.0,300,Buy,235612652
2024-08-29 09:24:58,42950.0,900,Sell,235612776
2024-08-29 09:24:58,42950.0,500,Sell,235612777
2024-08-29 09:24:58,42950.0,200,Sell,235612778
2024-08-29 09:24:58,42950.0,3000,Sell,235612779
2024-08-29 09:24:58,42950.0,300,Sell,235612780
2024-08-29 09:24:58,42950.0,100,Sell,235612781
2024-08-29 09:24:58,42950.0,300,Sell,235612782
2024-08-29 09:24:58,42950.0,1000,Sell,235612783
2024-08-29 09:24:58,42900.0,1400,Sell,235612784
2024-08-29 09:25:25,43000.0,100,Buy,235613670
2024-08-29 09:25:25,43000.0,100,Buy,235613669
2024-08-29 09:25:25,43000.0,100,Buy,235613667
2024-08-29 09:25:25,43000.0,100,Buy,235613668
2024-08-29 09:25:25,43000.0,400,Buy,235613666
2024-08-29 09:25:51,43000.0,100,Sell,235614481
2024-08-29 09:26:04,43100.0,100,Buy,235614834
2024-08-29 09:26:05,43000.0,200,Sell,235614845
2024-08-29 09:26:12,43100.0,100,Buy,235615065
2024-08-29 09:26:27,43000.0,1800,Sell,235615563
2024-08-29 09:26:39,43000.0,100,Sell,235615845
2024-08-29 09:26:39,43000.0,400,Sell,235615846
2024-08-29 09:26:48,43000.0,300,Sell,235616088
2024-08-29 09:27:18,43100.0,2700,Buy,235616679
2024-08-29 09:27:18,43100.0,100,Buy,235616680
2024-08-29 09:27:18,43100.0,1700,Buy,235616681
2024-08-29 09:27:20,43000.0,5000,Sell,235616821
2024-08-29 09:27:29,43100.0,2500,Buy,235616989
2024-08-29 09:27:32,43100.0,100,Buy,235617059
2024-08-29 09:27:32,43100.0,1000,Buy,235617058
2024-08-29 09:27:32,43100.0,100,Buy,235617057
2024-08-29 09:27:32,43100.0,5800,Buy,235617055
2024-08-29 09:27:32,43100.0,200,Buy,235617056
2024-08-29 09:27:40,43100.0,600,Sell,235617269
2024-08-29 09:27:49,43100.0,100,Buy,235617495
2024-08-29 09:28:16,43100.0,200,Buy,235618064
2024-08-29 09:28:28,43100.0,900,Buy,235618349
2024-08-29 09:28:46,43100.0,100,Sell,235618872
2024-08-29 09:28:46,43100.0,100,Sell,235618873
2024-08-29 09:28:46,43100.0,800,Sell,235618874
2024-08-29 09:28:50,43150.0,100,Buy,235618969
2024-08-29 09:28:54,43150.0,200,Buy,235619027
2024-08-29 09:29:37,43150.0,200,Buy,235620056
2024-08-29 09:29:45,43150.0,200,Buy,235620268
2024-08-29 09:29:54,43100.0,100,Sell,235620370
2024-08-29 09:29:54,43100.0,1900,Sell,235620371
2024-08-29 09:30:01,43150.0,100,Buy,235620515
2024-08-29 09:30:03,43150.0,200,Buy,235620563
2024-08-29 09:30:03,43150.0,1500,Buy,235620564
2024-08-29 09:30:03,43150.0,200,Buy,235620565
2024-08-29 09:30:14,43150.0,300,Buy,235620756
2024-08-29 09:30:18,43150.0,600,Buy,235620836
2024-08-29 09:30:23,43150.0,400,Buy,235620887
2024-08-29 09:30:23,43150.0,1000,Buy,235620888
2024-08-29 09:30:52,43200.0,1000,Buy,235621505
2024-08-29 09:31:23,43150.0,1000,Sell,235622354
2024-08-29 09:31:32,43150.0,100,Sell,235622641
2024-08-29 09:31:37,43150.0,400,Sell,235622819
2024-08-29 09:32:12,43150.0,100,Sell,235623686
2024-08-29 09:32:12,43150.0,900,Sell,235623687
2024-08-29 09:32:35,43150.0,600,Sell,235624287
2024-08-29 09:32:55,43150.0,200,Sell,235624720
2024-08-29 09:33:33,43200.0,500,Buy,235625646
2024-08-29 09:33:48,43150.0,1200,Sell,235625993
2024-08-29 09:34:55,43150.0,100,Sell,235627614
2024-08-29 09:34:55,43150.0,100,Sell,235627615
2024-08-29 09:34:55,43150.0,300,Sell,235627616
2024-08-29 09:34:55,43150.0,500,Sell,235627617
2024-08-29 09:35:06,43150.0,700,Sell,235627881
2024-08-29 09:35:28,43150.0,100,Sell,235628435
2024-08-29 09:35:28,43150.0,500,Sell,235628436
2024-08-29 09:35:28,43150.0,400,Sell,235628437
2024-08-29 09:35:30,43150.0,100,Sell,235628459
2024-08-29 09:36:09,43150.0,100,Sell,235629320
2024-08-29 09:36:09,43150.0,200,Sell,235629322
2024-08-29 09:36:09,43150.0,500,Sell,235629321
2024-08-29 09:36:09,43150.0,200,Sell,235629319
2024-08-29 09:36:09,43150.0,1900,Sell,235629318
2024-08-29 09:36:33,43150.0,200,Buy,235629833
2024-08-29 09:36:46,43100.0,100,Sell,235630137
2024-08-29 09:36:50,43150.0,100,Buy,235630244
2024-08-29 09:37:04,43100.0,100,Sell,235630523
2024-08-29 09:37:12,43100.0,1000,Sell,235630720
2024-08-29 09:37:19,43100.0,800,Sell,235630868
2024-08-29 09:38:06,43100.0,1100,Sell,235631804
2024-08-29 09:38:06,43100.0,100,Sell,235631805
2024-08-29 09:38:24,43100.0,1000,Buy,235632103
2024-08-29 09:39:02,43100.0,200,Sell,235632870
2024-08-29 09:39:02,43100.0,300,Sell,235632871
2024-08-29 09:39:41,43100.0,500,Buy,235633655
2024-08-29 09:40:01,43050.0,100,Sell,235634107
2024-08-29 09:40:06,43050.0,1700,Sell,235634167
2024-08-29 09:40:07,43050.0,300,Sell,235634204
2024-08-29 09:40:19,43050.0,500,Sell,235634478
2024-08-29 09:40:48,43050.0,1000,Sell,235635332
2024-08-29 09:40:57,43050.0,1000,Sell,235635544
2024-08-29 09:41:09,43050.0,400,Sell,235635843
2024-08-29 09:41:09,43050.0,100,Sell,235635844
2024-08-29 09:41:09,43050.0,500,Sell,235635845
2024-08-29 09:41:17,43050.0,300,Sell,235636088
2024-08-29 09:41:50,43050.0,2000,Sell,235636959
2024-08-29 09:41:51,43050.0,100,Sell,235636989
2024-08-29 09:42:06,43050.0,100,Sell,235637328
2024-08-29 09:42:18,43050.0,400,Buy,235637516
2024-08-29 09:42:18,43050.0,100,Buy,235637517
2024-08-29 09:42:23,43050.0,700,Sell,235637621
2024-08-29 09:42:24,43000.0,500,Sell,235637643
2024-08-29 09:42:41,43050.0,4300,Buy,235638127
2024-08-29 09:42:41,43050.0,700,Sell,235638133
2024-08-29 09:42:49,43050.0,400,Buy,235638298
2024-08-29 09:43:30,43050.0,400,Buy,235639991
2024-08-29 09:43:30,43050.0,500,Buy,235639992
2024-08-29 09:43:30,43050.0,100,Buy,235639993
2024-08-29 09:43:30,43050.0,500,Buy,235639994
2024-08-29 09:43:31,43050.0,100,Buy,235640000
2024-08-29 09:43:40,43050.0,400,Buy,235640428
2024-08-29 09:43:52,43050.0,500,Sell,235640812
2024-08-29 09:43:52,43050.0,500,Sell,235640813
2024-08-29 09:43:53,43100.0,100,Buy,235640843
2024-08-29 09:44:03,43100.0,10000,Buy,235641128
2024-08-29 09:44:29,43100.0,200,Buy,235641839
2024-08-29 09:44:40,43100.0,200,Buy,235642124
2024-08-29 09:44:40,43100.0,300,Buy,235642123
2024-08-29 09:44:40,43100.0,1000,Buy,235642122
2024-08-29 09:44:40,43100.0,100,Buy,235642121
2024-08-29 09:44:40,43100.0,100,Buy,235642119
2024-08-29 09:44:40,43100.0,2700,Buy,235642118
2024-08-29 09:44:40,43100.0,300,Buy,235642120
2024-08-29 09:44:45,43100.0,300,Sell,235642284
2024-08-29 09:45:06,43100.0,900,Sell,235642970
2024-08-29 09:45:06,43100.0,100,Sell,235642971
2024-08-29 09:45:07,43100.0,300,Buy,235643018
2024-08-29 09:45:23,43100.0,1200,Buy,235643505
2024-08-29 09:45:23,43100.0,900,Buy,235643506
2024-08-29 09:45:23,43150.0,6800,Buy,235643507
2024-08-29 09:45:23,43150.0,1000,Buy,235643508
2024-08-29 09:45:23,43150.0,100,Buy,235643509
2024-08-29 09:45:44,43100.0,300,Buy,235644082
2024-08-29 09:46:17,43100.0,200,Sell,235644988
2024-08-29 09:46:17,43100.0,1200,Sell,235644987
2024-08-29 09:46:17,43100.0,2000,Sell,235644985
2024-08-29 09:46:17,43100.0,1000,Sell,235644986
2024-08-29 09:46:18,43100.0,2300,Buy,235645001
2024-08-29 09:46:20,43100.0,2000,Sell,235645045
2024-08-29 09:46:40,43150.0,100,Buy,235645506
2024-08-29 09:46:40,43100.0,2000,Sell,235645504
2024-08-29 09:46:51,43150.0,200,Buy,235645750
2024-08-29 09:47:06,43150.0,1500,Buy,235646009
2024-08-29 09:47:08,43100.0,1000,Sell,235646051
2024-08-29 09:47:26,43100.0,600,Sell,235646524
2024-08-29 09:47:26,43100.0,200,Sell,235646525
2024-08-29 09:47:26,43100.0,1300,Sell,235646526
2024-08-29 09:47:48,43100.0,200,Buy,235647022
2024-08-29 09:48:21,43100.0,400,Buy,235647776
2024-08-29 09:48:37,43100.0,2000,Buy,235648154
2024-08-29 09:49:34,43050.0,100,Sell,235649580
2024-08-29 09:50:02,43050.0,100,Sell,235650194
2024-08-29 09:50:06,43100.0,1000,Buy,235650301
2024-08-29 09:50:32,43050.0,700,Sell,235650998
2024-08-29 09:50:51,43100.0,200,Buy,235651412
2024-08-29 09:50:51,43100.0,2000,Buy,235651411
2024-08-29 09:50:51,43100.0,3200,Buy,235651410
2024-08-29 09:50:51,43100.0,100,Buy,235651407
2024-08-29 09:50:51,43100.0,500,Buy,235651408
2024-08-29 09:50:51,43100.0,200,Buy,235651409
2024-08-29 09:50:51,43100.0,800,Buy,235651406
2024-08-29 09:51:59,43050.0,100,Sell,235652757
2024-08-29 09:51:59,43050.0,5000,Sell,235652758
2024-08-29 09:51:59,43050.0,1000,Sell,235652759
2024-08-29 09:51:59,43050.0,800,Sell,235652760
2024-08-29 09:51:59,43050.0,100,Sell,235652761
2024-08-29 09:52:47,43050.0,400,Sell,235653678
2024-08-29 09:52:47,43050.0,600,Sell,235653679
2024-08-29 09:52:55,43050.0,100,Sell,235653836
2024-08-29 09:52:55,43050.0,200,Sell,235653835
2024-08-29 09:53:04,43050.0,100,Sell,235654135
2024-08-29 09:54:06,43050.0,400,Sell,235655482
2024-08-29 09:54:06,43050.0,500,Sell,235655483
2024-08-29 09:54:06,43050.0,100,Sell,235655484
2024-08-29 09:54:06,43050.0,1000,Sell,235655481
2024-08-29 09:54:09,43050.0,600,Sell,235655523
2024-08-29 09:55:12,43050.0,100,Buy,235656934
2024-08-29 09:55:27,43000.0,1100,Sell,235657197
2024-08-29 09:55:51,43000.0,500,Sell,235657711
2024-08-29 09:56:01,43000.0,300,Sell,235657886
2024-08-29 09:56:10,43000.0,1900,Sell,235658052
2024-08-29 09:56:10,43000.0,100,Sell,235658053
2024-08-29 09:56:16,43000.0,500,Sell,235658184
2024-08-29 09:56:17,43000.0,100,Sell,235658190
2024-08-29 09:56:27,43000.0,500,Sell,235658361
2024-08-29 09:56:29,43000.0,100,Sell,235658400
2024-08-29 09:56:41,43000.0,100,Sell,235658651
2024-08-29 09:57:01,43000.0,4800,Sell,235658951
2024-08-29 09:57:01,43000.0,100,Sell,235658964
2024-08-29 09:57:28,43000.0,1200,Sell,235659523
2024-08-29 09:57:28,43000.0,100,Sell,235659524
2024-08-29 09:57:28,43000.0,1000,Sell,235659525
2024-08-29 09:57:28,43000.0,500,Sell,235659526
2024-08-29 09:57:29,43000.0,1000,Sell,235659540
2024-08-29 09:58:33,43000.0,100,Sell,235660584
2024-08-29 09:58:33,43000.0,4000,Sell,235660583
2024-08-29 09:58:33,43000.0,5000,Sell,235660582
2024-08-29 09:58:33,43000.0,500,Sell,235660581
2024-08-29 09:58:33,43000.0,200,Sell,235660579
2024-08-29 09:58:33,43000.0,1000,Sell,235660578
2024-08-29 09:58:33,43000.0,200,Sell,235660577
2024-08-29 09:58:33,43000.0,1000,Sell,235660576
2024-08-29 09:58:33,43000.0,1000,Sell,235660572
2024-08-29 09:58:33,43000.0,300,Sell,235660574
2024-08-29 09:58:33,43000.0,200,Sell,235660575
2024-08-29 09:58:33,43000.0,4000,Sell,235660566
2024-08-29 09:58:33,43000.0,4000,Sell,235660567
2024-08-29 09:58:33,43000.0,300,Sell,235660568
2024-08-29 09:58:33,43000.0,100,Sell,235660571
2024-08-29 09:58:33,43000.0,500,Sell,235660570
2024-08-29 09:58:33,43000.0,500,Sell,235660573
2024-08-29 09:58:33,43000.0,3200,Sell,235660569
2024-08-29 09:59:03,42950.0,100,Sell,235661082
2024-08-29 09:59:47,42950.0,300,Sell,235661818
2024-08-29 09:59:58,42950.0,1200,Sell,235662024
2024-08-29 09:59:58,42950.0,500,Sell,235662025
2024-08-29 09:59:58,42950.0,500,Sell,235662026
2024-08-29 09:59:58,42950.0,100,Sell,235662027
2024-08-29 09:59:58,42950.0,500,Sell,235662028
2024-08-29 09:59:58,42950.0,2500,Sell,235662029
2024-08-29 09:59:58,42950.0,200,Sell,235662030
2024-08-29 10:00:53,43000.0,100,Buy,235662936
2024-08-29 10:00:55,42950.0,500,Sell,235662969
2024-08-29 10:00:55,42950.0,400,Sell,235662970
2024-08-29 10:00:55,42950.0,1600,Sell,235662971
2024-08-29 10:00:55,42950.0,100,Sell,235662972
2024-08-29 10:00:55,42950.0,800,Sell,235662973
2024-08-29 10:00:55,42950.0,200,Sell,235662974
2024-08-29 10:00:55,42950.0,400,Sell,235662968
2024-08-29 10:01:05,43000.0,3800,Buy,235663119
2024-08-29 10:01:05,43000.0,5100,Buy,235663120
2024-08-29 10:01:05,43000.0,300,Buy,235663121
2024-08-29 10:01:05,43000.0,800,Buy,235663122
2024-08-29 10:01:09,43000.0,1000,Buy,235663180
2024-08-29 10:01:21,43000.0,200,Buy,235663359
2024-08-29 10:01:35,43000.0,1000,Buy,235663597
2024-08-29 10:01:39,43000.0,100,Buy,235663672
2024-08-29 10:01:55,42950.0,100,Sell,235663892
2024-08-29 10:02:16,42950.0,600,Sell,235664225
2024-08-29 10:02:16,42950.0,200,Sell,235664226
2024-08-29 10:02:23,43000.0,500,Buy,235664393
2024-08-29 10:06:37,42950.0,500,Sell,235669277
2024-08-29 10:06:45,43000.0,100,Buy,235669525
2024-08-29 10:07:07,43000.0,300,Buy,235669999
2024-08-29 10:07:11,42950.0,2000,Sell,235670050
2024-08-29 10:07:31,42950.0,300,Sell,235670405
2024-08-29 10:07:31,42950.0,100,Sell,235670406
2024-08-29 10:07:37,42950.0,200,Sell,235670497
2024-08-29 10:07:37,42950.0,100,Sell,235670496
2024-08-29 10:07:37,42950.0,300,Sell,235670495
2024-08-29 10:07:37,42950.0,1500,Sell,235670493
2024-08-29 10:07:37,42950.0,500,Sell,235670492
2024-08-29 10:07:37,42950.0,900,Sell,235670490
2024-08-29 10:07:37,42950.0,200,Sell,235670494
2024-08-29 10:07:37,42950.0,100,Sell,235670491
2024-08-29 10:08:00,42900.0,600,Sell,235670915
2024-08-29 10:08:00,42900.0,100,Sell,235670916
2024-08-29 10:08:00,42900.0,500,Sell,235670917
2024-08-29 10:08:00,42900.0,300,Sell,235670918
2024-08-29 10:08:00,42900.0,100,Sell,235670919
2024-08-29 10:08:00,42900.0,600,Sell,235670920
2024-08-29 10:08:22,42900.0,2000,Sell,235671363
2024-08-29 10:08:23,42900.0,5000,Sell,235671372
2024-08-29 10:08:28,42900.0,500,Sell,235671440
2024-08-29 10:08:28,42900.0,2400,Sell,235671439
2024-08-29 10:08:28,42900.0,1100,Sell,235671441
2024-08-29 10:08:43,42900.0,500,Sell,235671650
2024-08-29 10:08:54,42900.0,100,Sell,235671893
2024-08-29 10:09:06,42900.0,300,Sell,235672122
2024-08-29 10:09:06,42900.0,700,Sell,235672123
2024-08-29 10:09:10,42950.0,100,Buy,235672173
2024-08-29 10:09:27,42900.0,200,Sell,235672521
2024-08-29 10:09:27,42900.0,400,Sell,235672522
2024-08-29 10:09:30,42900.0,100,Sell,235672583
2024-08-29 10:09:30,42900.0,100,Sell,235672584
2024-08-29 10:09:30,42900.0,100,Sell,235672581
2024-08-29 10:09:30,42900.0,100,Sell,235672582
2024-08-29 10:09:57,42900.0,500,Sell,235673271
2024-08-29 10:09:57,42900.0,500,Sell,235673272
2024-08-29 10:10:00,42900.0,100,Sell,235673312
2024-08-29 10:10:00,42900.0,2100,Sell,235673315
2024-08-29 10:10:00,42900.0,100,Sell,235673314
2024-08-29 10:10:00,42900.0,300,Sell,235673313
2024-08-29 10:10:00,42900.0,500,Sell,235673311
2024-08-29 10:10:00,42900.0,200,Sell,235673306
2024-08-29 10:10:00,42900.0,100,Sell,235673309
2024-08-29 10:10:00,42900.0,500,Sell,235673308
2024-08-29 10:10:00,42900.0,500,Sell,235673307
2024-08-29 10:10:00,42900.0,200,Sell,235673304
2024-08-29 10:10:00,42900.0,100,Sell,235673310
2024-08-29 10:10:00,42900.0,300,Sell,235673305
2024-08-29 10:10:13,42900.0,1500,Sell,235673725
2024-08-29 10:10:13,42900.0,1300,Sell,235673734
2024-08-29 10:10:20,42900.0,900,Sell,235673900
2024-08-29 10:10:20,42900.0,200,Sell,235673899
2024-08-29 10:10:20,42900.0,100,Sell,235673897
2024-08-29 10:10:20,42900.0,200,Sell,235673898
2024-08-29 10:10:20,42900.0,100,Sell,235673896
2024-08-29 10:10:22,42900.0,100,Sell,235673935
2024-08-29 10:10:22,42900.0,500,Sell,235673958
2024-08-29 10:10:22,42900.0,300,Sell,235673957
2024-08-29 10:10:22,42900.0,200,Sell,235673947
2024-08-29 10:10:22,42900.0,1000,Sell,235673946
2024-08-29 10:10:22,42900.0,200,Sell,235673945
2024-08-29 10:10:22,42900.0,300,Sell,235673944
2024-08-29 10:10:22,42900.0,700,Sell,235673949
2024-08-29 10:10:22,42900.0,100,Sell,235673942
2024-08-29 10:10:22,42900.0,500,Sell,235673943
2024-08-29 10:10:22,42900.0,100,Sell,235673936
2024-08-29 10:10:22,42900.0,100,Sell,235673937
2024-08-29 10:10:22,42900.0,100,Sell,235673938
2024-08-29 10:10:22,42900.0,400,Sell,235673948
2024-08-29 10:10:22,42900.0,500,Sell,235673939
2024-08-29 10:10:22,42900.0,100,Sell,235673940
2024-08-29 10:10:22,42900.0,1700,Sell,235673941
2024-08-29 10:10:23,42900.0,100,Buy,235673961
2024-08-29 10:10:46,42850.0,100,Sell,235674583
2024-08-29 10:10:46,42850.0,400,Sell,235674584
2024-08-29 10:10:46,42850.0,100,Sell,235674582
2024-08-29 10:10:52,42850.0,800,Sell,235674687
2024-08-29 10:10:56,42850.0,800,Sell,235674751
2024-08-29 10:10:56,42850.0,100,Sell,235674752
2024-08-29 10:10:56,42850.0,200,Sell,235674753
2024-08-29 10:10:57,42900.0,100,Buy,235674800
2024-08-29 10:10:58,42850.0,1400,Sell,235674827
2024-08-29 10:11:01,42850.0,100,Sell,235674897
2024-08-29 10:11:09,42850.0,2000,Sell,235675198
2024-08-29 10:11:12,42850.0,200,Sell,235675237
2024-08-29 10:11:12,42850.0,2000,Sell,235675238
2024-08-29 10:11:12,42850.0,1300,Sell,235675236
2024-08-29 10:11:15,42850.0,100,Sell,235675297
2024-08-29 10:11:15,42850.0,500,Sell,235675298
2024-08-29 10:11:18,42800.0,100,Sell,235675353
2024-08-29 10:11:18,42800.0,1000,Sell,235675352
2024-08-29 10:11:18,42800.0,1500,Sell,235675351
2024-08-29 10:11:18,42800.0,100,Sell,235675350
2024-08-29 10:11:18,42800.0,100,Sell,235675349
2024-08-29 10:11:18,42800.0,400,Sell,235675354
2024-08-29 10:11:18,42800.0,100,Sell,235675347
2024-08-29 10:11:18,42800.0,200,Sell,235675346
2024-08-29 10:11:18,42800.0,100,Sell,235675345
2024-08-29 10:11:18,42800.0,100,Sell,235675344
2024-08-29 10:11:18,42800.0,500,Sell,235675343
2024-08-29 10:11:18,42800.0,100,Sell,235675342
2024-08-29 10:11:18,42800.0,300,Sell,235675348
2024-08-29 10:11:20,42850.0,200,Buy,235675380
2024-08-29 10:11:34,42800.0,600,Sell,235675588
2024-08-29 10:11:34,42800.0,600,Sell,235675589
2024-08-29 10:11:34,42800.0,100,Sell,235675590
2024-08-29 10:11:45,42800.0,500,Sell,235675813
2024-08-29 10:11:45,42800.0,400,Sell,235675808
2024-08-29 10:11:45,42800.0,100,Sell,235675812
2024-08-29 10:12:06,42800.0,400,Sell,235676212
2024-08-29 10:12:06,42800.0,200,Sell,235676213
2024-08-29 10:12:06,42800.0,1000,Sell,235676214
2024-08-29 10:12:06,42800.0,100,Sell,235676215
2024-08-29 10:12:22,42800.0,300,Buy,235676610
2024-08-29 10:12:26,42750.0,100,Buy,235676671
2024-08-29 10:12:26,42750.0,100,Sell,235676670
2024-08-29 10:12:26,42750.0,100,Sell,235676669
2024-08-29 10:12:26,42750.0,1000,Sell,235676666
2024-08-29 10:12:26,42750.0,500,Sell,235676667
2024-08-29 10:12:26,42750.0,100,Sell,235676665
2024-08-29 10:12:26,42750.0,300,Sell,235676668
2024-08-29 10:12:32,42700.0,1000,Sell,235676760
2024-08-29 10:12:34,42750.0,100,Buy,235676790
2024-08-29 10:12:38,42750.0,300,Buy,235676844
2024-08-29 10:12:40,42750.0,400,Buy,235676868
2024-08-29 10:12:45,42750.0,100,Sell,235677047
2024-08-29 10:12:52,42750.0,200,Buy,235677153
2024-08-29 10:12:55,42750.0,2700,Buy,235677225
2024-08-29 10:12:55,42800.0,1000,Buy,235677226
2024-08-29 10:12:55,42800.0,1000,Buy,235677227
2024-08-29 10:12:55,42800.0,300,Buy,235677228
2024-08-29 10:13:07,42750.0,3000,Sell,235677397
2024-08-29 10:13:07,42750.0,100,Sell,235677396
2024-08-29 10:13:15,42750.0,100,Buy,235677506
2024-08-29 10:13:15,42700.0,4000,Sell,235677513
2024-08-29 10:13:15,42700.0,100,Sell,235677514
2024-08-29 10:13:47,42750.0,1800,Buy,235678171
2024-08-29 10:13:47,42750.0,200,Buy,235678176
2024-08-29 10:13:47,42750.0,200,Buy,235678177
2024-08-29 10:13:52,42750.0,600,Buy,235678229
2024-08-29 10:14:17,42800.0,500,Buy,235678600
2024-08-29 10:14:23,42800.0,2500,Buy,235678728
2024-08-29 10:14:23,42800.0,100,Buy,235678729
2024-08-29 10:14:40,42800.0,1800,Sell,235679053
2024-08-29 10:14:40,42800.0,200,Sell,235679054
2024-08-29 10:15:08,42800.0,200,Sell,235679497
2024-08-29 10:15:08,42800.0,1800,Sell,235679498
2024-08-29 10:15:08,42800.0,200,Sell,235679495
2024-08-29 10:15:08,42800.0,500,Sell,235679496
2024-08-29 10:15:08,42800.0,300,Sell,235679494
2024-08-29 10:16:03,42850.0,200,Buy,235680335
2024-08-29 10:16:03,42850.0,800,Buy,235680336
2024-08-29 10:16:19,42850.0,100,Buy,235680619
2024-08-29 10:16:26,42850.0,200,Buy,235680722
2024-08-29 10:16:56,42850.0,700,Buy,235681149
2024-08-29 10:16:58,42850.0,100,Buy,235681189
2024-08-29 10:17:08,42850.0,100,Buy,235681330
2024-08-29 10:17:18,42850.0,500,Buy,235681474
2024-08-29 10:17:40,42850.0,200,Sell,235681832
2024-08-29 10:17:40,42850.0,700,Sell,235681831
2024-08-29 10:17:40,42850.0,200,Buy,235681813
2024-08-29 10:17:40,42850.0,100,Buy,235681814
2024-08-29 10:17:48,42850.0,100,Buy,235681942
2024-08-29 10:17:51,42750.0,800,Sell,235682025
2024-08-29 10:17:51,42800.0,2000,Sell,235682024
2024-08-29 10:17:51,42800.0,100,Sell,235682023
2024-08-29 10:17:51,42800.0,200,Sell,235682022
2024-08-29 10:17:51,42800.0,500,Sell,235682021
2024-08-29 10:17:51,42800.0,1000,Sell,235682019
2024-08-29 10:17:51,42800.0,200,Sell,235682018
2024-08-29 10:17:51,42800.0,100,Sell,235682017
2024-08-29 10:17:51,42800.0,100,Sell,235682016
2024-08-29 10:17:51,42800.0,200,Sell,235682015
2024-08-29 10:17:51,42800.0,100,Sell,235682020
2024-08-29 10:17:55,42850.0,500,Buy,235682117
2024-08-29 10:18:06,42850.0,700,Buy,235682320
2024-08-29 10:18:06,42750.0,100,Sell,235682321
2024-08-29 10:18:45,42800.0,100,Buy,235682971
2024-08-29 10:19:06,42800.0,100,Buy,235683428
2024-08-29 10:19:12,42800.0,500,Buy,235683520
2024-08-29 10:19:43,42800.0,1000,Sell,235684035
2024-08-29 10:19:49,42850.0,100,Buy,235684111
2024-08-29 10:20:28,42850.0,400,Buy,235684747
2024-08-29 10:20:28,42800.0,100,Sell,235684745
2024-08-29 10:20:28,42800.0,100,Sell,235684746
2024-08-29 10:20:54,42850.0,100,Buy,235685299
2024-08-29 10:21:35,42850.0,100,Buy,235686013
2024-08-29 10:21:36,42800.0,1000,Sell,235686057
2024-08-29 10:21:36,42800.0,100,Sell,235686058
2024-08-29 10:21:36,42800.0,500,Sell,235686059
2024-08-29 10:21:36,42800.0,100,Sell,235686060
2024-08-29 10:21:36,42800.0,3300,Sell,235686061
2024-08-29 10:21:48,42850.0,400,Buy,235686254
2024-08-29 10:22:43,42800.0,1700,Sell,235687186
2024-08-29 10:22:43,42800.0,100,Sell,235687187
2024-08-29 10:22:43,42800.0,200,Sell,235687188
2024-08-29 10:22:45,42850.0,600,Buy,235687226
2024-08-29 10:22:49,42850.0,900,Buy,235687300
2024-08-29 10:22:49,42850.0,100,Buy,235687299
2024-08-29 10:24:04,42850.0,100,Buy,235688364
2024-08-29 10:24:08,42800.0,3000,Sell,235688423
2024-08-29 10:24:08,42800.0,1000,Sell,235688424
2024-08-29 10:24:08,42800.0,1000,Sell,235688425
2024-08-29 10:24:28,42850.0,1000,Buy,235688738
2024-08-29 10:24:28,42850.0,1000,Buy,235688739
2024-08-29 10:24:32,42800.0,100,Sell,235688869
2024-08-29 10:24:35,42800.0,500,Sell,235688909
2024-08-29 10:26:00,42800.0,400,Sell,235690170
2024-08-29 10:26:00,42800.0,600,Sell,235690171
2024-08-29 10:26:21,42800.0,200,Sell,235690567
2024-08-29 10:26:32,42800.0,200,Sell,235690740
2024-08-29 10:26:32,42800.0,100,Sell,235690739
2024-08-29 10:26:32,42800.0,200,Sell,235690737
2024-08-29 10:26:32,42800.0,200,Sell,235690735
2024-08-29 10:26:32,42800.0,300,Sell,235690736
2024-08-29 10:26:32,42800.0,100,Sell,235690738
2024-08-29 10:27:03,42850.0,1000,Buy,235691129
2024-08-29 10:27:03,42850.0,100,Buy,235691130
2024-08-29 10:27:03,42850.0,1200,Buy,235691131
2024-08-29 10:27:03,42850.0,9700,Buy,235691132
2024-08-29 10:27:06,42850.0,10300,Buy,235691201
2024-08-29 10:27:24,42900.0,800,Buy,235691497
2024-08-29 10:27:24,42900.0,400,Buy,235691498
2024-08-29 10:27:24,42900.0,1000,Buy,235691495
2024-08-29 10:27:24,42900.0,500,Buy,235691494
2024-08-29 10:27:24,42900.0,100,Buy,235691496
2024-08-29 10:28:45,42950.0,1000,Buy,235692705
2024-08-29 10:28:51,42950.0,500,Buy,235692780
2024-08-29 10:28:51,42950.0,500,Buy,235692781
2024-08-29 10:29:28,42950.0,300,Buy,235693289
2024-08-29 10:29:28,42950.0,100,Buy,235693290
2024-08-29 10:29:28,42950.0,100,Buy,235693291
2024-08-29 10:29:37,43000.0,200,Buy,235693425
2024-08-29 10:29:37,43000.0,4500,Buy,235693427
2024-08-29 10:29:37,43000.0,400,Buy,235693426
2024-08-29 10:29:37,43000.0,500,Buy,235693424
2024-08-29 10:29:37,43000.0,1000,Buy,235693429
2024-08-29 10:29:37,43000.0,1000,Buy,235693422
2024-08-29 10:29:37,43000.0,1000,Buy,235693423
2024-08-29 10:29:37,43000.0,500,Buy,235693418
2024-08-29 10:29:37,43000.0,500,Buy,235693428
2024-08-29 10:29:37,43000.0,1100,Buy,235693420
2024-08-29 10:29:37,43000.0,4900,Buy,235693421
2024-08-29 10:29:37,43000.0,600,Buy,235693419
2024-08-29 10:30:03,43050.0,1300,Buy,235693791
2024-08-29 10:30:03,43050.0,300,Buy,235693792
2024-08-29 10:30:03,43050.0,800,Buy,235693793
2024-08-29 10:30:03,43050.0,600,Buy,235693794
2024-08-29 10:30:09,43050.0,1000,Buy,235693869
2024-08-29 10:30:21,43050.0,3000,Buy,235694093
2024-08-29 10:30:21,43050.0,400,Buy,235694097
2024-08-29 10:30:21,43050.0,100,Buy,235694098
2024-08-29 10:30:32,43050.0,500,Buy,235694237
2024-08-29 10:31:08,43050.0,100,Buy,235694707
2024-08-29 10:31:08,43050.0,400,Buy,235694706
2024-08-29 10:31:11,43050.0,1900,Buy,235694764
2024-08-29 10:31:38,43050.0,1100,Sell,235695099
2024-08-29 10:31:55,43050.0,500,Buy,235695360
2024-08-29 10:31:55,43050.0,100,Buy,235695361
2024-08-29 10:31:55,43050.0,2400,Buy,235695359
2024-08-29 10:32:07,43050.0,1000,Sell,235695486
2024-08-29 10:32:14,43050.0,100,Sell,235695618
2024-08-29 10:32:24,43050.0,1900,Sell,235695741
2024-08-29 10:32:24,43050.0,500,Sell,235695742
2024-08-29 10:32:24,43050.0,500,Sell,235695743
2024-08-29 10:32:24,43050.0,1000,Sell,235695744
2024-08-29 10:32:30,43050.0,1000,Sell,235695841
2024-08-29 10:32:43,43050.0,1000,Buy,235696043
2024-08-29 10:32:43,43050.0,1000,Buy,235696044
2024-08-29 10:34:08,43100.0,500,Buy,235697240
2024-08-29 10:34:08,43100.0,2000,Buy,235697239
2024-08-29 10:34:08,43100.0,100,Buy,235697243
2024-08-29 10:34:08,43100.0,100,Buy,235697238
2024-08-29 10:34:08,43100.0,5000,Buy,235697242
2024-08-29 10:34:08,43100.0,100,Buy,235697236
2024-08-29 10:34:08,43100.0,500,Buy,235697237
2024-08-29 10:34:08,43100.0,200,Buy,235697233
2024-08-29 10:34:08,43100.0,100,Buy,235697241
2024-08-29 10:34:08,43100.0,5000,Buy,235697234
2024-08-29 10:34:08,43100.0,1500,Buy,235697235
2024-08-29 10:35:06,43100.0,1400,Buy,235697930
2024-08-29 10:35:06,43100.0,500,Buy,235697931
2024-08-29 10:35:06,43100.0,100,Buy,235697932
2024-08-29 10:35:44,43100.0,1000,Buy,235698369
2024-08-29 10:35:58,43100.0,500,Buy,235698574
2024-08-29 10:35:58,43100.0,200,Buy,235698575
2024-08-29 10:35:58,43100.0,900,Buy,235698576
2024-08-29 10:36:03,43100.0,100,Sell,235698619
2024-08-29 10:36:22,43100.0,200,Sell,235698770
2024-08-29 10:36:49,43100.0,100,Sell,235699030
2024-08-29 10:36:49,43100.0,500,Sell,235699031
2024-08-29 10:36:49,43100.0,200,Sell,235699032
2024-08-29 10:38:46,43050.0,100,Sell,235700288
2024-08-29 10:38:48,43100.0,200,Buy,235700316
2024-08-29 10:38:48,43100.0,500,Buy,235700315
2024-08-29 10:38:48,43100.0,100,Buy,235700312
2024-08-29 10:38:48,43100.0,500,Buy,235700313
2024-08-29 10:38:48,43100.0,200,Buy,235700311
2024-08-29 10:38:48,43100.0,500,Buy,235700314
2024-08-29 10:39:44,43100.0,100,Buy,235700968
2024-08-29 10:39:44,43100.0,100,Buy,235700969
2024-08-29 10:39:44,43100.0,500,Buy,235700970
2024-08-29 10:39:44,43100.0,500,Buy,235700971
2024-08-29 10:39:44,43100.0,800,Buy,235700972
2024-08-29 10:41:16,43100.0,200,Buy,235702354
2024-08-29 10:41:16,43100.0,500,Buy,235702355
2024-08-29 10:41:16,43100.0,4900,Buy,235702356
2024-08-29 10:41:16,43100.0,400,Buy,235702357
2024-08-29 10:43:08,43100.0,700,Buy,235703644
2024-08-29 10:43:08,43100.0,100,Buy,235703643
2024-08-29 10:43:08,43100.0,100,Buy,235703640
2024-08-29 10:43:08,43100.0,500,Buy,235703641
2024-08-29 10:43:08,43100.0,100,Buy,235703639
2024-08-29 10:43:08,43100.0,500,Buy,235703642
2024-08-29 10:43:18,43100.0,800,Buy,235703746
2024-08-29 10:43:18,43100.0,500,Buy,235703747
2024-08-29 10:43:18,43100.0,500,Buy,235703748
2024-08-29 10:43:26,43100.0,200,Sell,235703825
2024-08-29 10:43:26,43050.0,400,Sell,235703826
2024-08-29 10:43:26,43050.0,400,Sell,235703827
2024-08-29 10:44:05,43050.0,100,Sell,235704268
2024-08-29 10:44:05,43050.0,100,Sell,235704269
2024-08-29 10:44:41,43100.0,100,Buy,235704732
2024-08-29 10:44:41,43100.0,500,Buy,235704733
2024-08-29 10:44:41,43100.0,1000,Buy,235704734
2024-08-29 10:44:59,43100.0,1400,Sell,235704882
2024-08-29 10:45:13,43050.0,200,Sell,235705054
2024-08-29 10:47:35,43050.0,100,Sell,235706551
2024-08-29 10:47:35,43050.0,100,Sell,235706550
2024-08-29 10:47:36,43050.0,1000,Sell,235706561
2024-08-29 10:48:10,43050.0,5000,Sell,235706911
2024-08-29 10:48:38,43050.0,100,Sell,235707368
2024-08-29 10:48:56,43050.0,400,Sell,235707603
2024-08-29 10:49:02,43050.0,100,Sell,235707733
2024-08-29 10:49:08,43050.0,100,Sell,235707799
2024-08-29 10:49:31,43050.0,100,Sell,235708155
2024-08-29 10:50:07,43050.0,100,Sell,235708677
2024-08-29 10:50:16,43050.0,100,Sell,235708780
2024-08-29 10:50:49,43050.0,2800,Sell,235709377
2024-08-29 10:50:49,43050.0,1000,Sell,235709376
2024-08-29 10:50:49,43050.0,200,Sell,235709374
2024-08-29 10:50:49,43050.0,900,Sell,235709373
2024-08-29 10:50:49,43050.0,100,Sell,235709375
2024-08-29 10:50:54,43050.0,2000,Sell,235709440
2024-08-29 10:51:08,43050.0,200,Sell,235709622
2024-08-29 10:51:19,43100.0,400,Buy,235709784
2024-08-29 10:51:19,43100.0,1000,Buy,235709785
2024-08-29 10:51:19,43100.0,500,Buy,235709786
2024-08-29 10:51:19,43100.0,500,Buy,235709787
2024-08-29 10:51:19,43100.0,1000,Buy,235709788
2024-08-29 10:51:19,43100.0,100,Buy,235709789
2024-08-29 10:51:19,43100.0,1500,Buy,235709790
2024-08-29 10:51:23,43100.0,2500,Buy,235709828
2024-08-29 10:51:23,43100.0,1500,Buy,235709829
2024-08-29 10:51:42,43100.0,500,Buy,235710125
2024-08-29 10:51:42,43100.0,200,Buy,235710124
2024-08-29 10:51:42,43100.0,500,Buy,235710123
2024-08-29 10:51:42,43100.0,100,Buy,235710120
2024-08-29 10:51:42,43100.0,100,Buy,235710121
2024-08-29 10:51:42,43100.0,1000,Buy,235710119
2024-08-29 10:51:42,43100.0,500,Buy,235710118
2024-08-29 10:51:42,43100.0,500,Buy,235710122
2024-08-29 10:52:17,43100.0,100,Sell,235710692
2024-08-29 10:52:20,43100.0,500,Sell,235710730
2024-08-29 10:52:20,43100.0,2000,Sell,235710729
2024-08-29 10:52:20,43100.0,1500,Sell,235710728
2024-08-29 10:52:20,43150.0,500,Buy,235710727
2024-08-29 10:52:20,43150.0,500,Buy,235710726
2024-08-29 10:52:20,43150.0,1500,Buy,235710725
2024-08-29 10:52:20,43150.0,1300,Buy,235710723
2024-08-29 10:52:20,43150.0,500,Buy,235710724
2024-08-29 10:52:20,43150.0,700,Buy,235710721
2024-08-29 10:52:20,43150.0,100,Buy,235710714
2024-08-29 10:52:20,43150.0,8800,Buy,235710715
2024-08-29 10:52:20,43150.0,300,Buy,235710716
2024-08-29 10:52:20,43150.0,1000,Buy,235710722
2024-08-29 10:52:20,43150.0,100,Buy,235710718
2024-08-29 10:52:20,43150.0,2000,Buy,235710719
2024-08-29 10:52:20,43150.0,2200,Buy,235710720
2024-08-29 10:52:20,43150.0,500,Buy,235710717
2024-08-29 10:52:21,43150.0,1000,Buy,235710747
2024-08-29 10:52:34,43150.0,200,Buy,235710958
2024-08-29 10:52:34,43150.0,500,Buy,235710959
2024-08-29 10:52:34,43150.0,500,Buy,235710960
2024-08-29 10:52:34,43150.0,400,Buy,235710961
2024-08-29 10:52:34,43150.0,1000,Buy,235710962
2024-08-29 10:52:34,43150.0,400,Buy,235710963
2024-08-29 10:52:35,43150.0,500,Buy,235710974
2024-08-29 10:52:35,43150.0,1100,Buy,235710972
2024-08-29 10:52:35,43100.0,1000,Sell,235710970
2024-08-29 10:52:35,43150.0,200,Buy,235710973
2024-08-29 10:52:43,43150.0,1400,Sell,235711075
2024-08-29 10:52:59,43150.0,1600,Buy,235711256
2024-08-29 10:52:59,43150.0,500,Buy,235711257
2024-08-29 10:52:59,43150.0,2900,Buy,235711258
2024-08-29 10:53:04,43150.0,1100,Buy,235711313
2024-08-29 10:53:04,43150.0,500,Buy,235711314
2024-08-29 10:53:04,43150.0,900,Buy,235711315
2024-08-29 10:53:09,43150.0,2100,Buy,235711397
2024-08-29 10:53:09,43150.0,1000,Buy,235711398
2024-08-29 10:53:09,43150.0,500,Buy,235711399
2024-08-29 10:53:12,43150.0,100,Sell,235711446
2024-08-29 10:53:22,43200.0,11300,Buy,235711555
2024-08-29 10:53:22,43200.0,500,Buy,235711554
2024-08-29 10:53:22,43200.0,100,Buy,235711553
2024-08-29 10:53:22,43200.0,2000,Buy,235711551
2024-08-29 10:53:22,43200.0,2200,Buy,235711552
2024-08-29 10:53:22,43200.0,700,Buy,235711550
2024-08-29 10:53:24,43200.0,300,Buy,235711580
2024-08-29 10:53:26,43150.0,100,Sell,235711661
2024-08-29 10:53:38,43200.0,3000,Buy,235711798
2024-08-29 10:53:46,43200.0,1000,Buy,235711899
2024-08-29 10:53:47,43200.0,500,Buy,235711905
2024-08-29 10:53:56,43200.0,1300,Buy,235712020
2024-08-29 10:53:56,43200.0,200,Buy,235712021
2024-08-29 10:53:56,43200.0,1000,Buy,235712022
2024-08-29 10:53:56,43200.0,1000,Buy,235712023
2024-08-29 10:53:56,43200.0,500,Buy,235712024
2024-08-29 10:53:56,43200.0,500,Buy,235712025
2024-08-29 10:53:56,43200.0,200,Buy,235712026
2024-08-29 10:53:56,43200.0,300,Buy,235712027
2024-08-29 10:53:58,43150.0,1000,Sell,235712061
2024-08-29 10:54:00,43200.0,2700,Buy,235712088
2024-08-29 10:54:00,43200.0,500,Buy,235712089
2024-08-29 10:54:00,43200.0,500,Buy,235712090
2024-08-29 10:54:00,43200.0,600,Buy,235712091
2024-08-29 10:54:00,43200.0,700,Buy,235712087
2024-08-29 10:54:02,43200.0,400,Buy,235712117
2024-08-29 10:54:02,43200.0,1000,Buy,235712118
2024-08-29 10:54:20,43200.0,200,Sell,235712369
2024-08-29 10:54:56,43200.0,1400,Sell,235712843
2024-08-29 10:54:56,43200.0,3600,Sell,235712844
2024-08-29 10:55:15,43200.0,200,Sell,235713056
2024-08-29 10:55:50,43200.0,1000,Sell,235713503
2024-08-29 10:55:50,43200.0,1000,Sell,235713502
2024-08-29 10:55:50,43200.0,2700,Sell,235713499
2024-08-29 10:55:50,43200.0,100,Sell,235713500
2024-08-29 10:55:50,43200.0,200,Sell,235713501
2024-08-29 10:57:13,43200.0,1000,Buy,235714580
2024-08-29 10:58:36,43150.0,200,Sell,235715465
2024-08-29 10:58:36,43150.0,500,Sell,235715482
2024-08-29 10:58:36,43150.0,500,Sell,235715483
2024-08-29 10:58:36,43150.0,100,Sell,235715484
2024-08-29 10:58:36,43150.0,2700,Sell,235715485
2024-08-29 10:58:46,43150.0,2300,Sell,235715636
2024-08-29 10:59:43,43150.0,1500,Buy,235716468
2024-08-29 10:59:52,43150.0,500,Buy,235716715
2024-08-29 10:59:52,43150.0,100,Buy,235716716
2024-08-29 10:59:52,43150.0,500,Buy,235716712
2024-08-29 10:59:52,43150.0,200,Buy,235716714
2024-08-29 11:00:11,43200.0,1300,Buy,235716945
2024-08-29 11:00:11,43200.0,5000,Buy,235716946
2024-08-29 11:00:11,43200.0,500,Buy,235716947
2024-08-29 11:00:11,43200.0,1000,Buy,235716948
2024-08-29 11:00:11,43200.0,500,Buy,235716949
2024-08-29 11:00:11,43200.0,700,Buy,235716950
2024-08-29 11:00:11,43200.0,100,Buy,235716951
2024-08-29 11:00:11,43200.0,100,Buy,235716952
2024-08-29 11:00:11,43200.0,500,Buy,235716953
2024-08-29 11:00:11,43200.0,200,Buy,235716944
2024-08-29 11:00:13,43200.0,300,Sell,235716984
2024-08-29 11:00:13,43150.0,2700,Sell,235716985
2024-08-29 11:00:18,43250.0,500,Buy,235717047
2024-08-29 11:00:19,43250.0,1200,Buy,235717052
2024-08-29 11:00:19,43250.0,300,Buy,235717051
2024-08-29 11:00:19,43250.0,1000,Buy,235717050
2024-08-29 11:00:19,43250.0,1000,Buy,235717049
2024-08-29 11:00:19,43250.0,1000,Buy,235717048
2024-08-29 11:00:45,43250.0,600,Buy,235717315
2024-08-29 11:00:45,43250.0,300,Buy,235717341
2024-08-29 11:01:06,43200.0,300,Sell,235717607
2024-08-29 11:01:06,43200.0,4200,Sell,235717608
2024-08-29 11:02:11,43200.0,2500,Sell,235718263
2024-08-29 11:02:14,43200.0,500,Sell,235718334
2024-08-29 11:02:46,43250.0,500,Buy,235718715
2024-08-29 11:02:46,43250.0,500,Buy,235718714
2024-08-29 11:02:46,43250.0,400,Buy,235718716
2024-08-29 11:02:46,43250.0,1500,Buy,235718712
2024-08-29 11:02:46,43250.0,100,Buy,235718711
2024-08-29 11:02:46,43250.0,1500,Buy,235718710
2024-08-29 11:02:46,43250.0,500,Buy,235718713
2024-08-29 11:02:49,43250.0,1600,Buy,235718749
2024-08-29 11:02:49,43250.0,100,Buy,235718750
2024-08-29 11:02:49,43250.0,500,Buy,235718751
2024-08-29 11:02:49,43250.0,1000,Buy,235718752
2024-08-29 11:02:49,43250.0,500,Buy,235718753
2024-08-29 11:02:49,43250.0,100,Buy,235718754
2024-08-29 11:02:49,43250.0,300,Buy,235718755
2024-08-29 11:02:49,43250.0,500,Buy,235718756
2024-08-29 11:02:49,43250.0,100,Buy,235718757
2024-08-29 11:02:49,43250.0,1000,Buy,235718758
2024-08-29 11:02:54,43250.0,1500,Sell,235718832
2024-08-29 11:03:13,43250.0,400,Sell,235719111
2024-08-29 11:03:13,43250.0,100,Sell,235719110
2024-08-29 11:03:13,43250.0,1700,Sell,235719109
2024-08-29 11:03:13,43250.0,2800,Sell,235719108
2024-08-29 11:03:24,43250.0,100,Sell,235719214
2024-08-29 11:03:54,43250.0,500,Sell,235719535
2024-08-29 11:03:54,43250.0,300,Sell,235719536
2024-08-29 11:03:54,43250.0,5000,Sell,235719537
2024-08-29 11:03:54,43250.0,1000,Sell,235719538
2024-08-29 11:03:54,43250.0,400,Sell,235719539
2024-08-29 11:03:58,43250.0,500,Sell,235719572
2024-08-29 11:04:04,43250.0,500,Sell,235719664
2024-08-29 11:04:11,43250.0,500,Sell,235719753
2024-08-29 11:04:14,43250.0,400,Sell,235719777
2024-08-29 11:04:38,43250.0,800,Sell,235720032
2024-08-29 11:04:42,43250.0,200,Sell,235720082
2024-08-29 11:04:45,43300.0,8600,Buy,235720107
2024-08-29 11:04:45,43300.0,800,Buy,235720104
2024-08-29 11:04:45,43300.0,100,Buy,235720105
2024-08-29 11:04:45,43300.0,500,Buy,235720106
2024-08-29 11:04:54,43300.0,1000,Buy,235720191
2024-08-29 11:04:54,43300.0,200,Buy,235720199
2024-08-29 11:04:54,43300.0,500,Buy,235720198
2024-08-29 11:04:54,43300.0,100,Buy,235720197
2024-08-29 11:04:54,43300.0,100,Buy,235720196
2024-08-29 11:04:54,43300.0,9400,Buy,235720195
2024-08-29 11:04:54,43300.0,300,Buy,235720194
2024-08-29 11:04:54,43300.0,1000,Buy,235720193
2024-08-29 11:04:54,43300.0,5000,Buy,235720192
2024-08-29 11:04:54,43300.0,1000,Buy,235720190
2024-08-29 11:04:54,43300.0,100,Buy,235720201
2024-08-29 11:04:54,43300.0,200,Buy,235720188
2024-08-29 11:04:54,43300.0,100,Buy,235720189
2024-08-29 11:04:54,43300.0,1400,Buy,235720179
2024-08-29 11:04:54,43300.0,1000,Buy,235720180
2024-08-29 11:04:54,43300.0,100,Buy,235720181
2024-08-29 11:04:54,43300.0,1000,Buy,235720182
2024-08-29 11:04:54,43300.0,100,Buy,235720200
2024-08-29 11:04:54,43300.0,1000,Buy,235720184
2024-08-29 11:04:54,43300.0,100,Buy,235720185
2024-08-29 11:04:54,43300.0,200,Buy,235720187
2024-08-29 11:04:54,43300.0,400,Buy,235720186
2024-08-29 11:04:54,43300.0,200,Buy,235720183
2024-08-29 11:05:10,43300.0,200,Sell,235720422
2024-08-29 11:05:15,43300.0,200,Sell,235720493
2024-08-29 11:05:15,43350.0,700,Buy,235720499
2024-08-29 11:05:15,43350.0,500,Buy,235720500
2024-08-29 11:05:15,43350.0,500,Buy,235720501
2024-08-29 11:05:15,43350.0,500,Buy,235720502
2024-08-29 11:05:15,43350.0,300,Buy,235720503
2024-08-29 11:05:20,43300.0,5000,Sell,235720598
2024-08-29 11:05:30,43350.0,800,Buy,235720687
2024-08-29 11:05:30,43350.0,1000,Buy,235720686
2024-08-29 11:05:30,43350.0,200,Buy,235720685
2024-08-29 11:05:45,43350.0,200,Buy,235720902
2024-08-29 11:05:45,43350.0,200,Buy,235720903
2024-08-29 11:05:45,43350.0,500,Buy,235720904
2024-08-29 11:05:45,43350.0,100,Buy,235720905
2024-08-29 11:05:45,43350.0,500,Buy,235720906
2024-08-29 11:05:45,43350.0,400,Buy,235720907
2024-08-29 11:05:50,43350.0,800,Buy,235720935
2024-08-29 11:05:56,43350.0,100,Buy,235721001
2024-08-29 11:05:57,43350.0,200,Buy,235721008
2024-08-29 11:05:57,43350.0,300,Buy,235721009
2024-08-29 11:06:00,43350.0,400,Buy,235721040
2024-08-29 11:06:00,43350.0,100,Buy,235721038
2024-08-29 11:06:00,43350.0,100,Buy,235721039
2024-08-29 11:06:00,43350.0,100,Buy,235721036
2024-08-29 11:06:00,43350.0,200,Buy,235721035
2024-08-29 11:06:00,43350.0,100,Buy,235721037
2024-08-29 11:06:01,43350.0,200,Buy,235721075
2024-08-29 11:06:18,43350.0,1400,Buy,235721244
2024-08-29 11:06:18,43350.0,100,Buy,235721245
2024-08-29 11:06:28,43350.0,200,Sell,235721402
2024-08-29 11:06:34,43350.0,100,Sell,235721471
2024-08-29 11:06:43,43350.0,1000,Sell,235721573
2024-08-29 11:06:49,43350.0,200,Sell,235721625
2024-08-29 11:07:18,43350.0,100,Sell,235721939
2024-08-29 11:07:22,43350.0,200,Sell,235721982
2024-08-29 11:07:22,43350.0,500,Sell,235721987
2024-08-29 11:07:33,43350.0,500,Sell,235722087
2024-08-29 11:07:34,43400.0,100,Buy,235722088
2024-08-29 11:07:54,43400.0,400,Buy,235722366
2024-08-29 11:07:54,43400.0,100,Buy,235722367
2024-08-29 11:08:04,43400.0,500,Buy,235722497
2024-08-29 11:08:04,43400.0,200,Buy,235722498
2024-08-29 11:08:04,43400.0,400,Buy,235722499
2024-08-29 11:08:15,43350.0,700,Sell,235722622
2024-08-29 11:08:25,43350.0,3000,Sell,235722790
2024-08-29 11:08:28,43400.0,700,Buy,235722823
2024-08-29 11:08:32,43350.0,100,Sell,235722850
2024-08-29 11:08:47,43350.0,100,Sell,235723006
2024-08-29 11:08:50,43400.0,500,Buy,235723040
2024-08-29 11:08:50,43400.0,200,Buy,235723035
2024-08-29 11:08:50,43400.0,2000,Buy,235723038
2024-08-29 11:08:50,43400.0,100,Buy,235723037
2024-08-29 11:08:50,43400.0,100,Buy,235723034
2024-08-29 11:08:50,43400.0,1000,Buy,235723039
2024-08-29 11:08:50,43400.0,100,Buy,235723032
2024-08-29 11:08:50,43400.0,1000,Buy,235723033
2024-08-29 11:08:50,43400.0,900,Buy,235723028
2024-08-29 11:08:50,43400.0,1500,Buy,235723036
2024-08-29 11:08:50,43400.0,3500,Buy,235723030
2024-08-29 11:08:50,43400.0,100,Buy,235723031
2024-08-29 11:08:50,43400.0,200,Buy,235723029
2024-08-29 11:08:51,43400.0,200,Sell,235723047
2024-08-29 11:08:55,43400.0,100,Sell,235723088
2024-08-29 11:09:06,43400.0,1000,Sell,235723202
2024-08-29 11:09:16,43450.0,100,Buy,235723297
2024-08-29 11:09:19,43450.0,200,Buy,235723340
2024-08-29 11:09:19,43450.0,1000,Buy,235723339
2024-08-29 11:09:19,43450.0,100,Buy,235723328
2024-08-29 11:09:19,43450.0,500,Buy,235723327
2024-08-29 11:09:19,43450.0,100,Buy,235723326
2024-08-29 11:09:19,43450.0,300,Buy,235723338
2024-08-29 11:09:19,43450.0,500,Buy,235723324
2024-08-29 11:09:19,43450.0,500,Buy,235723325
2024-08-29 11:09:19,43450.0,900,Buy,235723320
2024-08-29 11:09:19,43450.0,500,Buy,235723321
2024-08-29 11:09:19,43450.0,900,Buy,235723329
2024-08-29 11:09:19,43450.0,500,Buy,235723323
2024-08-29 11:09:19,43450.0,500,Buy,235723322
2024-08-29 11:09:20,43400.0,100,Sell,235723345
2024-08-29 11:09:45,43400.0,1000,Sell,235723798
2024-08-29 11:09:58,43450.0,500,Buy,235723945
2024-08-29 11:09:58,43450.0,500,Buy,235723946
2024-08-29 11:09:58,43450.0,1000,Buy,235723947
2024-08-29 11:09:58,43450.0,500,Buy,235723948
2024-08-29 11:09:58,43450.0,1000,Buy,235723949
2024-08-29 11:09:58,43450.0,500,Buy,235723950
2024-08-29 11:09:58,43450.0,500,Buy,235723951
2024-08-29 11:09:58,43450.0,300,Buy,235723944
2024-08-29 11:10:01,43450.0,200,Sell,235723971
2024-08-29 11:10:10,43400.0,1500,Sell,235724069
2024-08-29 11:10:34,43400.0,1000,Sell,235724360
2024-08-29 11:10:43,43450.0,2000,Buy,235724616
2024-08-29 11:10:50,43450.0,100,Buy,235724726
2024-08-29 11:10:50,43450.0,500,Buy,235724727
2024-08-29 11:11:03,43450.0,200,Sell,235724865
2024-08-29 11:11:10,43450.0,500,Buy,235724972
2024-08-29 11:11:20,43450.0,300,Buy,235725107
2024-08-29 11:11:20,43450.0,200,Buy,235725108
2024-08-29 11:11:25,43450.0,1000,Buy,235725179
2024-08-29 11:11:25,43450.0,100,Buy,235725178
2024-08-29 11:11:25,43450.0,2000,Buy,235725175
2024-08-29 11:11:25,43450.0,500,Buy,235725176
2024-08-29 11:11:25,43450.0,1000,Buy,235725174
2024-08-29 11:11:25,43450.0,200,Buy,235725177
2024-08-29 11:11:29,43450.0,200,Sell,235725207
2024-08-29 11:11:33,43450.0,100,Sell,235725243
2024-08-29 11:11:51,43450.0,1000,Sell,235725445
2024-08-29 11:12:00,43500.0,100,Buy,235725539
2024-08-29 11:12:00,43500.0,200,Buy,235725537
2024-08-29 11:12:00,43500.0,200,Buy,235725538
2024-08-29 11:12:03,43450.0,600,Sell,235725565
2024-08-29 11:12:05,43450.0,600,Sell,235725589
2024-08-29 11:12:05,43450.0,400,Sell,235725590
2024-08-29 11:12:05,43450.0,3000,Sell,235725591
2024-08-29 11:12:06,43450.0,300,Sell,235725600
2024-08-29 11:12:06,43450.0,100,Sell,235725601
2024-08-29 11:12:13,43450.0,100,Buy,235725682
2024-08-29 11:12:13,43450.0,100,Buy,235725683
2024-08-29 11:12:17,43450.0,5000,Sell,235725717
2024-08-29 11:12:22,43450.0,100,Sell,235725761
2024-08-29 11:12:25,43450.0,300,Sell,235725816
2024-08-29 11:12:27,43450.0,100,Sell,235725837
2024-08-29 11:12:28,43450.0,100,Sell,235725842
2024-08-29 11:12:29,43500.0,400,Buy,235725882
2024-08-29 11:12:29,43450.0,500,Sell,235725883
2024-08-29 11:12:40,43450.0,200,Sell,235725969
2024-08-29 11:12:47,43450.0,200,Sell,235726044
2024-08-29 11:12:55,43450.0,100,Sell,235726152
2024-08-29 11:12:55,43450.0,300,Sell,235726151
2024-08-29 11:12:55,43450.0,600,Sell,235726153
2024-08-29 11:12:59,43450.0,200,Sell,235726211
2024-08-29 11:13:29,43450.0,500,Sell,235726622
2024-08-29 11:13:34,43450.0,1000,Sell,235726677
2024-08-29 11:13:34,43450.0,2000,Sell,235726678
2024-08-29 11:13:45,43450.0,1000,Sell,235726847
2024-08-29 11:13:47,43450.0,200,Sell,235726879
2024-08-29 11:13:55,43450.0,1000,Sell,235726982
2024-08-29 11:13:59,43450.0,500,Sell,235727049
2024-08-29 11:14:00,43450.0,200,Sell,235727058
2024-08-29 11:14:03,43450.0,500,Sell,235727080
2024-08-29 11:14:14,43450.0,1200,Sell,235727207
2024-08-29 11:14:14,43450.0,100,Sell,235727208
2024-08-29 11:14:14,43450.0,500,Sell,235727209
2024-08-29 11:14:14,43450.0,500,Sell,235727210
2024-08-29 11:14:14,43450.0,800,Sell,235727211
2024-08-29 11:14:28,43450.0,100,Buy,235727349
2024-08-29 11:14:29,43450.0,900,Buy,235727351
2024-08-29 11:14:31,43450.0,300,Buy,235727380
2024-08-29 11:15:02,43400.0,2000,Sell,235727789
2024-08-29 11:15:04,43400.0,200,Sell,235727893
2024-08-29 11:15:08,43400.0,500,Sell,235727974
2024-08-29 11:15:21,43400.0,300,Sell,235728232
2024-08-29 11:15:26,43400.0,300,Sell,235728329
2024-08-29 11:15:28,43400.0,100,Sell,235728349
2024-08-29 11:15:35,43400.0,500,Sell,235728439
2024-08-29 11:15:35,43400.0,200,Sell,235728440
2024-08-29 11:15:35,43400.0,100,Sell,235728441
2024-08-29 11:15:35,43400.0,900,Sell,235728442
2024-08-29 11:15:52,43400.0,700,Buy,235728653
2024-08-29 11:15:52,43400.0,300,Buy,235728652
2024-08-29 11:15:55,43400.0,200,Buy,235728691
2024-08-29 11:16:10,43350.0,100,Sell,235728957
2024-08-29 11:16:10,43350.0,200,Sell,235728958
2024-08-29 11:16:10,43350.0,500,Sell,235728959
2024-08-29 11:16:10,43350.0,3000,Sell,235728956
2024-08-29 11:16:28,43300.0,2000,Sell,235729205
2024-08-29 11:16:28,43350.0,1200,Buy,235729206
2024-08-29 11:16:32,43350.0,100,Sell,235729254
2024-08-29 11:17:10,43350.0,100,Sell,235729861
2024-08-29 11:17:13,43350.0,300,Sell,235729895
2024-08-29 11:17:14,43350.0,200,Sell,235729916
2024-08-29 11:17:29,43350.0,200,Sell,235730062
2024-08-29 11:17:29,43350.0,400,Sell,235730063
2024-08-29 11:18:27,43350.0,200,Sell,235731326
2024-08-29 11:18:36,43350.0,1800,Sell,235731417
2024-08-29 11:18:37,43350.0,500,Sell,235731450
2024-08-29 11:18:51,43350.0,500,Buy,235731706
2024-08-29 11:19:06,43350.0,200,Buy,235731924
2024-08-29 11:19:11,43350.0,200,Buy,235731970
2024-08-29 11:19:37,43350.0,100,Buy,235732582
2024-08-29 11:19:38,43350.0,1000,Buy,235732598
2024-08-29 11:19:38,43350.0,500,Buy,235732599
2024-08-29 11:19:38,43350.0,100,Buy,235732600
2024-08-29 11:19:39,43300.0,100,Sell,235732611
2024-08-29 11:19:46,43350.0,400,Buy,235732728
2024-08-29 11:19:46,43350.0,1000,Buy,235732729
2024-08-29 11:19:46,43350.0,500,Buy,235732730
2024-08-29 11:20:12,43300.0,1000,Sell,235733683
2024-08-29 11:20:12,43300.0,2000,Sell,235733682
2024-08-29 11:20:12,43300.0,200,Sell,235733681
2024-08-29 11:20:12,43300.0,400,Sell,235733679
2024-08-29 11:20:12,43350.0,100,Sell,235733677
2024-08-29 11:20:12,43300.0,300,Sell,235733680
2024-08-29 11:20:12,43350.0,1000,Sell,235733678
2024-08-29 11:20:28,43300.0,200,Sell,235733988
2024-08-29 11:20:42,43300.0,100,Sell,235734163
2024-08-29 11:20:49,43350.0,500,Buy,235734256
2024-08-29 11:20:49,43350.0,300,Buy,235734275
2024-08-29 11:21:00,43350.0,200,Buy,235734458
2024-08-29 11:22:04,43350.0,600,Buy,235735967
2024-08-29 11:22:04,43350.0,500,Buy,235735968
2024-08-29 11:22:04,43350.0,900,Buy,235735969
2024-08-29 11:22:05,43350.0,100,Buy,235735980
2024-08-29 11:22:39,43350.0,100,Buy,235736707
2024-08-29 11:22:45,43300.0,1700,Sell,235736775
2024-08-29 11:22:45,43300.0,100,Sell,235736776
2024-08-29 11:22:45,43300.0,200,Sell,235736777
2024-08-29 11:23:01,43300.0,500,Sell,235737020
2024-08-29 11:23:11,43300.0,2800,Sell,235737171
2024-08-29 11:23:25,43300.0,500,Buy,235737357
2024-08-29 11:23:56,43300.0,100,Sell,235737819
2024-08-29 11:24:20,43300.0,900,Buy,235738182
2024-08-29 11:24:56,43300.0,100,Sell,235738639
2024-08-29 11:25:40,43300.0,200,Buy,235739168
2024-08-29 11:25:49,43300.0,100,Buy,235739235
2024-08-29 11:25:49,43300.0,100,Buy,235739236
2024-08-29 11:26:05,43300.0,300,Sell,235739497
2024-08-29 11:26:05,43300.0,400,Sell,235739498
2024-08-29 11:26:58,43300.0,500,Buy,235740122
2024-08-29 11:27:32,43250.0,200,Sell,235740524
2024-08-29 11:27:32,43250.0,800,Sell,235740525
2024-08-29 11:28:16,43250.0,2000,Sell,235741118
2024-08-29 11:28:31,43250.0,500,Sell,235741364
2024-08-29 11:28:31,43250.0,800,Sell,235741363
2024-08-29 11:28:31,43250.0,200,Sell,235741362
2024-08-29 11:29:16,43250.0,600,Sell,235741962
2024-08-29 11:29:16,43250.0,300,Sell,235741960
2024-08-29 11:29:16,43250.0,200,Sell,235741961
2024-08-29 11:29:20,43250.0,400,Buy,235742008
2024-08-29 11:29:24,43250.0,1000,Buy,235742070
2024-08-29 11:29:32,43250.0,100,Buy,235742153
2024-08-29 11:29:34,43250.0,900,Sell,235742180
2024-08-29 11:29:34,43250.0,100,Sell,235742181
2024-08-29 12:59:57,43250.0,300,Sell,235742788
2024-08-29 12:59:58,43300.0,100,Buy,235743250
2024-08-29 13:00:00,43250.0,700,Sell,235743721
2024-08-29 13:00:00,43250.0,100,Sell,235743722
2024-08-29 13:00:00,43250.0,100,Sell,235743723
2024-08-29 13:00:00,43250.0,100,Sell,235743724
2024-08-29 13:00:03,43300.0,500,Buy,235744219
2024-08-29 13:00:05,43250.0,600,Sell,235744399
2024-08-29 13:00:10,43250.0,100,Sell,235744958
2024-08-29 13:00:10,43250.0,200,Sell,235744959
2024-08-29 13:00:10,43250.0,1000,Sell,235744960
2024-08-29 13:00:10,43300.0,100,Buy,235744996
2024-08-29 13:00:10,43250.0,100,Sell,235745009
2024-08-29 13:00:12,43250.0,300,Sell,235745133
2024-08-29 13:00:18,43250.0,600,Sell,235745452
2024-08-29 13:00:18,43250.0,100,Sell,235745453
2024-08-29 13:00:18,43200.0,200,Sell,235745454
2024-08-29 13:00:18,43200.0,500,Sell,235745455
2024-08-29 13:00:18,43200.0,600,Sell,235745456
2024-08-29 13:00:29,43200.0,200,Sell,235745727
2024-08-29 13:00:57,43200.0,4000,Sell,235746236
2024-08-29 13:01:12,43200.0,100,Sell,235746405
2024-08-29 13:01:12,43200.0,200,Sell,235746404
2024-08-29 13:01:12,43200.0,700,Sell,235746406
2024-08-29 13:01:43,43200.0,200,Sell,235746908
2024-08-29 13:01:59,43250.0,1000,Buy,235747316
2024-08-29 13:02:10,43250.0,100,Sell,235747589
2024-08-29 13:02:41,43250.0,100,Sell,235748368
2024-08-29 13:02:49,43250.0,200,Sell,235748526
2024-08-29 13:03:14,43250.0,200,Sell,235749037
2024-08-29 13:03:39,43300.0,1100,Buy,235749485
2024-08-29 13:03:39,43300.0,100,Buy,235749486
2024-08-29 13:03:39,43300.0,100,Buy,235749487
2024-08-29 13:03:39,43300.0,200,Buy,235749488
2024-08-29 13:03:45,43300.0,2800,Buy,235749610
2024-08-29 13:03:45,43300.0,2200,Buy,235749611
2024-08-29 13:03:54,43300.0,800,Buy,235749761
2024-08-29 13:04:25,43300.0,600,Sell,235750355
2024-08-29 13:04:25,43300.0,200,Sell,235750353
2024-08-29 13:04:25,43300.0,4200,Sell,235750354
2024-08-29 13:04:43,43300.0,1000,Sell,235750798
2024-08-29 13:04:50,43300.0,600,Buy,235750894
2024-08-29 13:05:21,43300.0,2400,Buy,235751631
2024-08-29 13:05:21,43300.0,500,Buy,235751633
2024-08-29 13:05:41,43300.0,2600,Sell,235751981
2024-08-29 13:05:41,43300.0,400,Sell,235751982
2024-08-29 13:05:58,43300.0,600,Sell,235752325
2024-08-29 13:06:39,43300.0,100,Buy,235753157
2024-08-29 13:06:39,43300.0,1000,Buy,235753155
2024-08-29 13:06:39,43300.0,500,Buy,235753156
2024-08-29 13:06:56,43350.0,500,Buy,235753541
2024-08-29 13:06:56,43350.0,500,Buy,235753542
2024-08-29 13:07:04,43350.0,2100,Buy,235753691
2024-08-29 13:07:04,43350.0,400,Buy,235753690
2024-08-29 13:07:04,43350.0,500,Buy,235753689
2024-08-29 13:07:04,43350.0,100,Buy,235753686
2024-08-29 13:07:04,43350.0,1000,Buy,235753687
2024-08-29 13:07:04,43350.0,100,Buy,235753688
2024-08-29 13:07:04,43350.0,500,Buy,235753685
2024-08-29 13:07:04,43350.0,300,Buy,235753684
2024-08-29 13:07:05,43350.0,500,Buy,235753711
2024-08-29 13:07:05,43350.0,400,Buy,235753712
2024-08-29 13:07:25,43350.0,200,Sell,235754092
2024-08-29 13:07:25,43350.0,500,Sell,235754093
2024-08-29 13:07:26,43350.0,300,Buy,235754103
2024-08-29 13:07:36,43350.0,200,Sell,235754385
2024-08-29 13:07:44,43350.0,100,Buy,235754566
2024-08-29 13:08:07,43350.0,100,Sell,235755097
2024-08-29 13:08:11,43350.0,300,Buy,235755172
2024-08-29 13:08:14,43350.0,300,Buy,235755220
2024-08-29 13:08:17,43350.0,1000,Sell,235755303
2024-08-29 13:08:44,43350.0,1500,Sell,235755985
2024-08-29 13:08:55,43350.0,500,Sell,235756208
2024-08-29 13:09:06,43350.0,500,Sell,235756408
2024-08-29 13:09:42,43350.0,600,Sell,235757281
2024-08-29 13:09:57,43350.0,200,Sell,235757625
2024-08-29 13:10:09,43350.0,400,Sell,235757870
2024-08-29 13:10:09,43350.0,100,Sell,235757871
2024-08-29 13:10:09,43350.0,200,Sell,235757872
2024-08-29 13:10:09,43350.0,800,Sell,235757873
2024-08-29 13:10:09,43350.0,200,Sell,235757874
2024-08-29 13:10:09,43350.0,1900,Sell,235757875
2024-08-29 13:10:31,43350.0,200,Buy,235758450
2024-08-29 13:11:32,43350.0,4400,Buy,235759954
2024-08-29 13:11:33,43350.0,500,Buy,235759974
2024-08-29 13:11:40,43350.0,400,Buy,235760129
2024-08-29 13:11:47,43350.0,300,Buy,235760266
2024-08-29 13:12:04,43300.0,1200,Sell,235761001
2024-08-29 13:12:10,43350.0,100,Buy,235761188
2024-08-29 13:12:30,43300.0,1800,Sell,235761732
2024-08-29 13:12:30,43300.0,3200,Sell,235761733
2024-08-29 13:12:37,43300.0,500,Sell,235761913
2024-08-29 13:12:40,43300.0,1000,Sell,235761976
2024-08-29 13:12:42,43300.0,1000,Sell,235762053
2024-08-29 13:12:44,43300.0,1000,Sell,235762099
2024-08-29 13:12:44,43300.0,3300,Sell,235762102
2024-08-29 13:12:44,43300.0,400,Sell,235762104
2024-08-29 13:12:44,43300.0,1000,Sell,235762105
2024-08-29 13:12:44,43300.0,200,Sell,235762106
2024-08-29 13:12:55,43300.0,600,Buy,235762404
2024-08-29 13:12:55,43300.0,400,Buy,235762405
2024-08-29 13:14:39,43250.0,400,Sell,235765223
2024-08-29 13:14:39,43250.0,100,Sell,235765222
2024-08-29 13:14:42,43300.0,200,Buy,235765392
2024-08-29 13:15:11,43250.0,500,Sell,235766464
2024-08-29 13:15:22,43250.0,1100,Sell,235766732
2024-08-29 13:15:22,43250.0,5000,Sell,235766733
2024-08-29 13:15:22,43250.0,2600,Sell,235766734
2024-08-29 13:15:22,43250.0,2000,Sell,235766735
2024-08-29 13:15:22,43250.0,100,Sell,235766736
2024-08-29 13:15:22,43250.0,100,Sell,235766737
2024-08-29 13:15:22,43250.0,1000,Sell,235766738
2024-08-29 13:15:22,43250.0,200,Sell,235766739
2024-08-29 13:15:22,43200.0,1100,Sell,235766740
2024-08-29 13:15:22,43200.0,6800,Sell,235766741
2024-08-29 13:15:27,43200.0,1500,Sell,235766859
2024-08-29 13:15:32,43200.0,2600,Sell,235766990
2024-08-29 13:15:44,43200.0,10000,Sell,235767451
2024-08-29 13:16:11,43200.0,3100,Sell,235768100
2024-08-29 13:16:11,43200.0,1900,Sell,235768101
2024-08-29 13:16:29,43200.0,1000,Sell,235768551
2024-08-29 13:17:02,43200.0,100,Sell,235769613
2024-08-29 13:17:02,43200.0,600,Sell,235769614
2024-08-29 13:17:16,43250.0,200,Buy,235770101
2024-08-29 13:17:58,43250.0,300,Buy,235771107
2024-08-29 13:18:21,43250.0,300,Buy,235771750
2024-08-29 13:18:35,43200.0,300,Sell,235772066
2024-08-29 13:18:40,43200.0,100,Sell,235772179
2024-08-29 13:18:40,43200.0,900,Sell,235772180
2024-08-29 13:18:57,43200.0,100,Sell,235772672
2024-08-29 13:19:17,43250.0,4000,Buy,235773313
2024-08-29 13:19:26,43250.0,300,Buy,235773560
2024-08-29 13:19:26,43250.0,100,Buy,235773559
2024-08-29 13:19:26,43250.0,100,Buy,235773557
2024-08-29 13:19:26,43250.0,700,Buy,235773556
2024-08-29 13:19:26,43250.0,10000,Buy,235773558
2024-08-29 13:19:32,43300.0,100,Buy,235773736
2024-08-29 13:19:37,43300.0,100,Buy,235773837
2024-08-29 13:20:00,43300.0,200,Buy,235774338
2024-08-29 13:20:00,43300.0,800,Buy,235774339
2024-08-29 13:20:05,43300.0,200,Buy,235774440
2024-08-29 13:20:05,43300.0,1000,Buy,235774441
2024-08-29 13:20:05,43300.0,200,Buy,235774442
2024-08-29 13:20:05,43300.0,4000,Buy,235774443
2024-08-29 13:20:05,43300.0,5500,Buy,235774444
2024-08-29 13:20:16,43300.0,1300,Buy,235774651
2024-08-29 13:20:16,43300.0,100,Buy,235774652
2024-08-29 13:20:16,43300.0,100,Buy,235774649
2024-08-29 13:20:16,43300.0,1000,Buy,235774650
2024-08-29 13:20:16,43300.0,4500,Buy,235774648
2024-08-29 13:20:18,43300.0,1000,Buy,235774709
2024-08-29 13:20:20,43300.0,100,Buy,235774929
2024-08-29 13:20:24,43300.0,500,Buy,235775001
2024-08-29 13:20:25,43300.0,1000,Buy,235775029
2024-08-29 13:20:26,43300.0,1300,Buy,235775040
2024-08-29 13:20:58,43300.0,500,Sell,235776067
2024-08-29 13:20:58,43300.0,400,Sell,235776066
2024-08-29 13:21:39,43300.0,1000,Sell,235777211
2024-08-29 13:21:43,43350.0,10000,Buy,235777317
2024-08-29 13:21:48,43300.0,300,Sell,235777471
2024-08-29 13:22:09,43350.0,700,Buy,235777989
2024-08-29 13:22:10,43300.0,200,Sell,235777994
2024-08-29 13:22:29,43300.0,100,Sell,235778408
2024-08-29 13:22:38,43300.0,3000,Sell,235778630
2024-08-29 13:22:40,43300.0,1400,Sell,235778676
2024-08-29 13:22:40,43300.0,400,Sell,235778678
2024-08-29 13:22:40,43300.0,100,Sell,235778674
2024-08-29 13:22:40,43300.0,300,Sell,235778675
2024-08-29 13:22:40,43300.0,100,Sell,235778677
2024-08-29 13:22:40,43300.0,2700,Sell,235778673
2024-08-29 13:22:50,43300.0,600,Sell,235778913
2024-08-29 13:22:52,43300.0,100,Buy,235778951
2024-08-29 13:22:52,43300.0,2000,Buy,235778952
2024-08-29 13:22:52,43350.0,300,Buy,235778953
2024-08-29 13:22:52,43350.0,500,Buy,235778954
2024-08-29 13:23:01,43350.0,1000,Buy,235779184
2024-08-29 13:23:01,43350.0,100,Buy,235779185
2024-08-29 13:23:01,43350.0,100,Buy,235779186
2024-08-29 13:23:01,43350.0,2900,Buy,235779187
2024-08-29 13:23:01,43350.0,900,Buy,235779183
2024-08-29 13:23:25,43350.0,500,Buy,235779773
2024-08-29 13:23:32,43350.0,100,Buy,235780013
2024-08-29 13:23:35,43350.0,500,Buy,235780140
2024-08-29 13:23:58,43350.0,5000,Buy,235780717
2024-08-29 13:24:04,43300.0,800,Sell,235780830
2024-08-29 13:24:15,43300.0,200,Buy,235781019
2024-08-29 13:24:23,43300.0,300,Sell,235781179
2024-08-29 13:24:30,43300.0,700,Buy,235781307
2024-08-29 13:24:30,43300.0,1000,Buy,235781308
2024-08-29 13:24:46,43300.0,100,Sell,235781606
2024-08-29 13:25:00,43300.0,100,Sell,235781841
2024-08-29 13:25:19,43300.0,200,Sell,235782234
2024-08-29 13:25:32,43300.0,200,Sell,235782531
2024-08-29 13:25:44,43300.0,600,Sell,235782884
2024-08-29 13:25:44,43300.0,100,Sell,235782885
2024-08-29 13:25:44,43300.0,900,Sell,235782886
2024-08-29 13:25:44,43300.0,400,Sell,235782887
2024-08-29 13:25:44,43300.0,1600,Sell,235782896
2024-08-29 13:26:17,43300.0,500,Buy,235783923
2024-08-29 13:26:21,43300.0,1200,Buy,235784030
2024-08-29 13:26:30,43250.0,1000,Sell,235784272
2024-08-29 13:26:44,43250.0,100,Sell,235784576
2024-08-29 13:26:44,43250.0,1100,Sell,235784577
2024-08-29 13:26:51,43250.0,200,Sell,235784791
2024-08-29 13:27:08,43250.0,100,Sell,235785210
2024-08-29 13:27:10,43250.0,2100,Sell,235785254
2024-08-29 13:27:10,43250.0,400,Sell,235785255
2024-08-29 13:27:13,43250.0,200,Sell,235785310
2024-08-29 13:27:13,43250.0,200,Sell,235785311
2024-08-29 13:27:13,43250.0,100,Sell,235785312
2024-08-29 13:27:13,43250.0,500,Sell,235785313
2024-08-29 13:27:40,43250.0,100,Buy,235785904
2024-08-29 13:27:40,43250.0,1000,Buy,235785905
2024-08-29 13:28:10,43300.0,800,Buy,235786897
2024-08-29 13:28:21,43250.0,900,Sell,235787169
2024-08-29 13:28:21,43250.0,4100,Sell,235787170
2024-08-29 13:28:49,43250.0,1400,Sell,235787839
2024-08-29 13:28:49,43250.0,200,Sell,235787840
2024-08-29 13:28:58,43200.0,200,Sell,235788197
2024-08-29 13:28:58,43200.0,4800,Sell,235788198
2024-08-29 13:28:59,43200.0,15200,Sell,235788217
2024-08-29 13:28:59,43200.0,300,Sell,235788218
2024-08-29 13:28:59,43200.0,1000,Sell,235788219
2024-08-29 13:28:59,43200.0,100,Sell,235788220
2024-08-29 13:28:59,43200.0,200,Sell,235788221
2024-08-29 13:28:59,43200.0,1000,Sell,235788222
2024-08-29 13:29:13,43200.0,700,Buy,235788492
2024-08-29 13:29:31,43200.0,1000,Buy,235789049
2024-08-29 13:30:13,43200.0,300,Buy,235790566
2024-08-29 13:30:33,43200.0,5400,Buy,235791145
2024-08-29 13:30:46,43200.0,100,Buy,235791628
2024-08-29 13:30:59,43200.0,2000,Buy,235791998
2024-08-29 13:31:01,43200.0,2700,Buy,235792043
2024-08-29 13:31:01,43200.0,1200,Buy,235792044
2024-08-29 13:31:13,43150.0,500,Sell,235792450
2024-08-29 13:31:13,43150.0,1000,Sell,235792449
2024-08-29 13:31:13,43150.0,500,Sell,235792445
2024-08-29 13:31:13,43150.0,1000,Sell,235792447
2024-08-29 13:31:13,43150.0,3000,Sell,235792446
2024-08-29 13:31:13,43150.0,500,Sell,235792444
2024-08-29 13:31:13,43150.0,3000,Sell,235792448
2024-08-29 13:31:13,43150.0,2000,Sell,235792442
2024-08-29 13:31:13,43150.0,5000,Sell,235792441
2024-08-29 13:31:13,43150.0,1000,Sell,235792440
2024-08-29 13:31:13,43150.0,1000,Sell,235792439
2024-08-29 13:31:13,43150.0,3500,Sell,235792438
2024-08-29 13:31:13,43150.0,500,Sell,235792437
2024-08-29 13:31:13,43150.0,6500,Sell,235792436
2024-08-29 13:31:13,43150.0,1000,Sell,235792443
2024-08-29 13:31:24,43150.0,100,Sell,235792842
2024-08-29 13:32:16,43200.0,200,Buy,235794290
2024-08-29 13:32:33,43200.0,300,Buy,235794635
2024-08-29 13:32:33,43200.0,600,Buy,235794632
2024-08-29 13:32:33,43200.0,1000,Buy,235794633
2024-08-29 13:32:33,43200.0,100,Buy,235794634
2024-08-29 13:32:41,43200.0,1000,Buy,235794843
2024-08-29 13:33:22,43150.0,1400,Sell,235795824
2024-08-29 13:33:22,43150.0,600,Sell,235795825
2024-08-29 13:33:54,43200.0,500,Buy,235796802
2024-08-29 13:34:13,43150.0,400,Sell,235797396
2024-08-29 13:34:13,43150.0,1400,Sell,235797393
2024-08-29 13:34:13,43150.0,100,Sell,235797394
2024-08-29 13:34:13,43150.0,100,Sell,235797395
2024-08-29 13:34:38,43150.0,100,Sell,235798031
2024-08-29 13:35:13,43150.0,500,Sell,235798882
2024-08-29 13:35:14,43150.0,300,Sell,235798885
2024-08-29 13:35:14,43150.0,200,Sell,235798886
2024-08-29 13:35:14,43150.0,100,Sell,235798887
2024-08-29 13:35:14,43150.0,1000,Sell,235798888
2024-08-29 13:35:14,43150.0,200,Sell,235798889
2024-08-29 13:35:14,43150.0,500,Sell,235798890
2024-08-29 13:35:14,43150.0,100,Sell,235798891
2024-08-29 13:35:14,43150.0,200,Sell,235798892
2024-08-29 13:35:14,43150.0,6900,Sell,235798893
2024-08-29 13:35:56,43150.0,3000,Sell,235799843
2024-08-29 13:37:21,43150.0,100,Sell,235802242
2024-08-29 13:37:21,43150.0,200,Sell,235802243
2024-08-29 13:37:21,43150.0,100,Sell,235802240
2024-08-29 13:37:21,43150.0,100,Sell,235802241
2024-08-29 13:37:45,43150.0,500,Buy,235802819
2024-08-29 13:37:48,43150.0,200,Buy,235802948
2024-08-29 13:37:48,43150.0,100,Buy,235802949
2024-08-29 13:38:31,43150.0,700,Sell,235803979
2024-08-29 13:38:31,43150.0,800,Sell,235803980
2024-08-29 13:39:34,43150.0,100,Sell,235805369
2024-08-29 13:39:34,43150.0,1000,Sell,235805370
2024-08-29 13:39:34,43150.0,300,Sell,235805371
2024-08-29 13:39:34,43150.0,1000,Sell,235805372
2024-08-29 13:39:34,43150.0,100,Sell,235805373
2024-08-29 13:39:56,43150.0,1000,Buy,235805889
2024-08-29 13:39:57,43100.0,1500,Sell,235805920
2024-08-29 13:39:57,43100.0,100,Sell,235805921
2024-08-29 13:39:57,43100.0,100,Sell,235805922
2024-08-29 13:39:57,43100.0,1100,Sell,235805923
2024-08-29 13:40:06,43100.0,100,Sell,235806072
2024-08-29 13:40:18,43100.0,500,Sell,235806277
2024-08-29 13:40:18,43100.0,100,Sell,235806278
2024-08-29 13:40:18,43100.0,100,Sell,235806279
2024-08-29 13:40:18,43100.0,5000,Sell,235806280
2024-08-29 13:40:18,43100.0,700,Sell,235806281
2024-08-29 13:40:18,43100.0,500,Sell,235806282
2024-08-29 13:40:18,43100.0,500,Sell,235806283
2024-08-29 13:40:18,43100.0,1000,Sell,235806284
2024-08-29 13:40:18,43100.0,100,Sell,235806285
2024-08-29 13:40:18,43100.0,400,Sell,235806286
2024-08-29 13:40:18,43100.0,100,Sell,235806287
2024-08-29 13:40:18,43100.0,200,Sell,235806288
2024-08-29 13:40:18,43100.0,800,Sell,235806276
2024-08-29 13:41:01,43100.0,100,Sell,235807093
2024-08-29 13:41:01,43100.0,100,Sell,235807092
2024-08-29 13:41:26,43150.0,300,Buy,235807659
2024-08-29 13:41:40,43100.0,400,Sell,235807891
2024-08-29 13:41:40,43100.0,1000,Sell,235807892
2024-08-29 13:41:40,43100.0,200,Sell,235807893
2024-08-29 13:41:40,43100.0,1500,Sell,235807894
2024-08-29 13:41:40,43100.0,1000,Sell,235807895
2024-08-29 13:41:40,43100.0,500,Sell,235807896
2024-08-29 13:41:40,43100.0,100,Sell,235807897
2024-08-29 13:41:40,43100.0,500,Sell,235807898
2024-08-29 13:41:45,43100.0,1000,Buy,235808014
2024-08-29 13:42:07,43050.0,700,Sell,235808468
2024-08-29 13:42:07,43050.0,500,Sell,235808467
2024-08-29 13:42:07,43050.0,100,Sell,235808466
2024-08-29 13:42:07,43050.0,500,Sell,235808465
2024-08-29 13:42:07,43050.0,500,Sell,235808463
2024-08-29 13:42:07,43050.0,100,Sell,235808462
2024-08-29 13:42:07,43050.0,100,Sell,235808461
2024-08-29 13:42:07,43050.0,500,Sell,235808464
2024-08-29 13:42:28,43100.0,3800,Buy,235808834
2024-08-29 13:42:28,43100.0,12700,Buy,235808835
2024-08-29 13:42:28,43100.0,8500,Buy,235808836
2024-08-29 13:42:30,43100.0,100,Buy,235808877
2024-08-29 13:42:39,43100.0,1000,Buy,235809069
2024-08-29 13:42:40,43100.0,400,Buy,235809088
2024-08-29 13:42:45,43100.0,200,Sell,235809164
2024-08-29 13:42:50,43100.0,200,Sell,235809294
2024-08-29 13:42:50,43100.0,200,Sell,235809295
2024-08-29 13:42:50,43100.0,1500,Sell,235809296
2024-08-29 13:42:54,43100.0,300,Sell,235809362
2024-08-29 13:42:54,43100.0,1000,Sell,235809363
2024-08-29 13:42:54,43100.0,200,Sell,235809361
2024-08-29 13:42:54,43100.0,3500,Sell,235809360
2024-08-29 13:43:03,43100.0,1000,Buy,235809603
2024-08-29 13:43:12,43100.0,300,Buy,235809794
2024-08-29 13:43:28,43100.0,300,Buy,235810116
2024-08-29 13:43:44,43100.0,1200,Buy,235810485
2024-08-29 13:44:03,43100.0,2000,Buy,235810954
2024-08-29 13:44:12,43100.0,200,Buy,235811194
2024-08-29 13:44:12,43100.0,100,Buy,235811195
2024-08-29 13:44:12,43100.0,700,Buy,235811196
2024-08-29 13:44:22,43100.0,100,Buy,235811383
2024-08-29 13:44:50,43100.0,600,Sell,235811995
2024-08-29 13:44:50,43100.0,3000,Sell,235811994
2024-08-29 13:44:50,43100.0,500,Sell,235811996
2024-08-29 13:44:50,43100.0,100,Sell,235811992
2024-08-29 13:44:50,43100.0,500,Sell,235811993
2024-08-29 13:44:50,43100.0,100,Sell,235811982
2024-08-29 13:45:48,43100.0,200,Buy,235813008
2024-08-29 13:45:57,43100.0,100,Buy,235813151
2024-08-29 13:46:02,43100.0,100,Buy,235813247
2024-08-29 13:46:23,43100.0,500,Buy,235813661
2024-08-29 13:46:32,43100.0,300,Buy,235813871
2024-08-29 13:46:33,43100.0,100,Buy,235813884
2024-08-29 13:46:33,43100.0,600,Buy,235813885
2024-08-29 13:46:34,43100.0,100,Buy,235813927
2024-08-29 13:46:45,43100.0,200,Buy,235814106
2024-08-29 13:46:59,43100.0,100,Buy,235814302
2024-08-29 13:46:59,43100.0,100,Buy,235814303
2024-08-29 13:47:45,43050.0,300,Sell,235815109
2024-08-29 13:49:20,43050.0,1000,Sell,235817386
2024-08-29 13:49:34,43050.0,1400,Sell,235817660
2024-08-29 13:49:36,43050.0,200,Sell,235817678
2024-08-29 13:49:57,43100.0,1800,Buy,235818384
2024-08-29 13:49:57,43100.0,200,Buy,235818383
2024-08-29 13:50:15,43100.0,3000,Buy,235818866
2024-08-29 13:50:21,43000.0,2000,Sell,235819046
2024-08-29 13:50:21,43000.0,100,Sell,235819045
2024-08-29 13:50:21,43000.0,1000,Sell,235819044
2024-08-29 13:50:21,43000.0,100,Sell,235819043
2024-08-29 13:50:21,43000.0,500,Sell,235819042
2024-08-29 13:50:21,43000.0,2000,Sell,235819041
2024-08-29 13:50:21,43000.0,1200,Sell,235819040
2024-08-29 13:50:21,43000.0,100,Sell,235819039
2024-08-29 13:50:21,43000.0,300,Sell,235819038
2024-08-29 13:50:21,43000.0,10000,Sell,235819036
2024-08-29 13:50:21,43000.0,1000,Sell,235819035
2024-08-29 13:50:21,43000.0,200,Sell,235819037
2024-08-29 13:50:21,43000.0,100,Sell,235819033
2024-08-29 13:50:21,43050.0,7100,Sell,235819023
2024-08-29 13:50:21,43050.0,2300,Sell,235819024
2024-08-29 13:50:21,43000.0,1000,Sell,235819034
2024-08-29 13:50:21,43050.0,100,Sell,235819026
2024-08-29 13:50:21,43050.0,2000,Sell,235819027
2024-08-29 13:50:21,43050.0,900,Sell,235819025
2024-08-29 13:50:21,43050.0,500,Sell,235819029
2024-08-29 13:50:21,43050.0,5000,Sell,235819030
2024-08-29 13:50:21,43000.0,100,Sell,235819031
2024-08-29 13:50:21,43000.0,200,Sell,235819032
2024-08-29 13:50:21,43050.0,500,Sell,235819028
2024-08-29 13:50:22,43000.0,600,Sell,235819047
2024-08-29 13:50:22,43000.0,100,Sell,235819048
2024-08-29 13:50:39,42950.0,300,Sell,235819719
2024-08-29 13:50:39,42950.0,700,Sell,235819720
2024-08-29 13:50:43,42950.0,500,Sell,235819799
2024-08-29 13:50:53,42950.0,200,Sell,235820138
2024-08-29 13:50:54,42950.0,600,Sell,235820172
2024-08-29 13:50:54,42950.0,1700,Sell,235820173
2024-08-29 13:51:01,42950.0,800,Sell,235820393
2024-08-29 13:51:04,42950.0,200,Sell,235820469
2024-08-29 13:51:12,42950.0,300,Sell,235820746
2024-08-29 13:51:12,42950.0,100,Sell,235820747
2024-08-29 13:51:19,43000.0,1500,Buy,235820935
2024-08-29 13:51:27,42950.0,200,Sell,235821312
2024-08-29 13:51:27,42950.0,400,Sell,235821311
2024-08-29 13:51:27,42950.0,400,Sell,235821313
2024-08-29 13:51:38,42950.0,200,Sell,235821729
2024-08-29 13:52:29,42950.0,200,Sell,235823956
2024-08-29 13:52:29,42950.0,100,Sell,235823957
2024-08-29 13:52:29,42950.0,300,Sell,235823958
2024-08-29 13:52:29,42950.0,400,Sell,235823959
2024-08-29 13:52:44,42950.0,100,Sell,235824767
2024-08-29 13:52:44,42950.0,100,Sell,235824768
2024-08-29 13:52:44,42950.0,100,Sell,235824769
2024-08-29 13:52:44,42950.0,1000,Sell,235824770
2024-08-29 13:52:44,42950.0,200,Sell,235824771
2024-08-29 13:52:44,42950.0,200,Sell,235824772
2024-08-29 13:52:56,42950.0,300,Buy,235825229
2024-08-29 13:52:59,42900.0,100,Sell,235825457
2024-08-29 13:52:59,42900.0,200,Sell,235825458
2024-08-29 13:52:59,42900.0,4100,Sell,235825459
2024-08-29 13:52:59,42900.0,600,Sell,235825456
2024-08-29 13:53:01,42950.0,100,Buy,235825557
2024-08-29 13:53:03,42950.0,100,Buy,235825620
2024-08-29 13:53:13,42900.0,500,Sell,235826048
2024-08-29 13:53:21,42900.0,200,Sell,235826362
2024-08-29 13:53:21,42900.0,100,Sell,235826371
2024-08-29 13:53:22,42900.0,1000,Sell,235826406
2024-08-29 13:53:22,42900.0,500,Sell,235826419
2024-08-29 13:53:22,42900.0,100,Sell,235826444
2024-08-29 13:53:23,42900.0,3000,Sell,235826458
2024-08-29 13:53:23,42900.0,4000,Sell,235826449
2024-08-29 13:53:24,42900.0,2000,Sell,235826475
2024-08-29 13:53:24,42900.0,600,Sell,235826489
2024-08-29 13:53:27,42900.0,900,Sell,235826660
2024-08-29 13:53:28,42900.0,200,Sell,235826679
2024-08-29 13:53:28,42900.0,1000,Sell,235826680
2024-08-29 13:53:29,42900.0,200,Sell,235826709
2024-08-29 13:53:33,42900.0,2100,Sell,235826822
2024-08-29 13:53:35,42900.0,1500,Sell,235826929
2024-08-29 13:53:36,42900.0,1000,Sell,235826951
2024-08-29 13:53:44,42900.0,600,Sell,235827254
2024-08-29 13:53:44,42900.0,5800,Sell,235827229
2024-08-29 13:53:44,42900.0,300,Sell,235827228
2024-08-29 13:53:44,42900.0,100,Sell,235827227
2024-08-29 13:53:44,42900.0,1000,Sell,235827226
2024-08-29 13:53:44,42900.0,200,Sell,235827224
2024-08-29 13:53:44,42900.0,100,Sell,235827223
2024-08-29 13:53:44,42900.0,500,Sell,235827222
2024-08-29 13:53:44,42900.0,2000,Sell,235827221
2024-08-29 13:53:44,42900.0,4000,Sell,235827220
2024-08-29 13:53:44,42900.0,2000,Sell,235827225
2024-08-29 13:53:53,42900.0,100,Sell,235827624
2024-08-29 13:53:54,42900.0,900,Sell,235827716
2024-08-29 13:53:56,42900.0,2600,Sell,235827807
2024-08-29 13:53:56,42900.0,2000,Sell,235827808
2024-08-29 13:53:56,42900.0,400,Sell,235827809
2024-08-29 13:54:01,42900.0,300,Sell,235827976
2024-08-29 13:54:01,42900.0,300,Sell,235827978
2024-08-29 13:54:01,42900.0,100,Sell,235827979
2024-08-29 13:54:06,42900.0,500,Buy,235828160
2024-08-29 13:54:09,42900.0,1000,Buy,235828378
2024-08-29 13:54:09,42900.0,100,Buy,235828377
2024-08-29 13:54:12,42900.0,300,Sell,235828431
2024-08-29 13:54:12,42900.0,200,Sell,235828458
2024-08-29 13:54:16,42900.0,200,Sell,235828788
2024-08-29 13:54:16,42900.0,500,Sell,235828789
2024-08-29 13:54:24,42900.0,2000,Sell,235829100
2024-08-29 13:54:25,42900.0,5000,Sell,235829135
2024-08-29 13:54:29,42900.0,400,Sell,235829349
2024-08-29 13:54:29,42900.0,100,Sell,235829350
2024-08-29 13:54:29,42900.0,100,Sell,235829351
2024-08-29 13:54:29,42900.0,200,Sell,235829352
2024-08-29 13:54:29,42900.0,100,Sell,235829353
2024-08-29 13:54:29,42900.0,100,Sell,235829354
2024-08-29 13:54:33,42900.0,200,Sell,235829526
2024-08-29 13:54:33,42900.0,100,Sell,235829527
2024-08-29 13:54:36,42900.0,2200,Buy,235829659
2024-08-29 13:54:36,42900.0,200,Buy,235829660
2024-08-29 13:54:41,42900.0,100,Buy,235829863
2024-08-29 13:54:42,42900.0,100,Buy,235829876
2024-08-29 13:54:42,42900.0,100,Buy,235829875
2024-08-29 13:54:44,42900.0,400,Buy,235829903
2024-08-29 13:54:44,42900.0,500,Buy,235829904
2024-08-29 13:54:44,42900.0,4100,Buy,235829905
2024-08-29 13:54:54,42900.0,100,Buy,235830303
2024-08-29 13:54:54,42900.0,1500,Buy,235830304
2024-08-29 13:54:54,42900.0,100,Buy,235830305
2024-08-29 13:55:08,42900.0,200,Sell,235830807
2024-08-29 13:55:17,42950.0,800,Buy,235831156
2024-08-29 13:55:18,42900.0,300,Sell,235831219
2024-08-29 13:55:20,42950.0,100,Buy,235831281
2024-08-29 13:55:24,42950.0,100,Buy,235831437
2024-08-29 13:55:24,42950.0,100,Buy,235831438
2024-08-29 13:55:29,42900.0,1500,Sell,235831535
2024-08-29 13:55:35,42950.0,200,Buy,235831658
2024-08-29 13:55:35,42950.0,900,Buy,235831661
2024-08-29 13:55:35,42950.0,600,Buy,235831657
2024-08-29 13:55:35,42950.0,300,Buy,235831659
2024-08-29 13:55:35,42950.0,200,Buy,235831660
2024-08-29 13:55:38,42950.0,100,Buy,235831733
2024-08-29 13:55:39,42950.0,1000,Buy,235831780
2024-08-29 13:55:44,42950.0,500,Buy,235831912
2024-08-29 13:55:44,42950.0,200,Buy,235831913
2024-08-29 13:55:45,42950.0,100,Buy,235831949
2024-08-29 13:55:52,42950.0,100,Buy,235832120
2024-08-29 13:55:52,42950.0,400,Buy,235832121
2024-08-29 13:55:53,42950.0,200,Buy,235832161
2024-08-29 13:55:53,42950.0,200,Buy,235832162
2024-08-29 13:55:53,42950.0,100,Buy,235832163
2024-08-29 13:55:55,42950.0,400,Buy,235832220
2024-08-29 13:55:55,42950.0,200,Buy,235832221
2024-08-29 13:55:57,42950.0,1000,Buy,235832279
2024-08-29 13:55:58,42950.0,1000,Buy,235832294
2024-08-29 13:56:01,42950.0,400,Buy,235832370
2024-08-29 13:56:01,42950.0,500,Buy,235832391
2024-08-29 13:56:09,42950.0,400,Buy,235832703
2024-08-29 13:56:09,42950.0,1000,Buy,235832717
2024-08-29 13:56:17,42950.0,500,Sell,235832958
2024-08-29 13:56:17,42950.0,1500,Sell,235832959
2024-08-29 13:56:24,43000.0,900,Buy,235833176
2024-08-29 13:56:37,43000.0,200,Buy,235833603
2024-08-29 13:56:43,43000.0,500,Buy,235833802
2024-08-29 13:56:43,43000.0,2100,Buy,235833800
2024-08-29 13:56:43,43000.0,400,Buy,235833801
2024-08-29 13:56:44,43000.0,200,Buy,235833825
2024-08-29 13:56:44,43000.0,700,Buy,235833824
2024-08-29 13:56:49,43000.0,800,Buy,235833957
2024-08-29 13:56:49,43000.0,200,Buy,235833955
2024-08-29 13:56:49,43000.0,300,Buy,235833956
2024-08-29 13:56:52,43000.0,200,Buy,235834019
2024-08-29 13:56:56,43000.0,300,Buy,235834153
2024-08-29 13:57:01,43000.0,100,Buy,235834253
2024-08-29 13:57:11,43000.0,1100,Buy,235834517
2024-08-29 13:57:20,43000.0,1000,Buy,235834765
2024-08-29 13:57:35,42950.0,700,Sell,235835111
2024-08-29 13:57:43,43000.0,100,Buy,235835314
2024-08-29 13:57:43,43000.0,5000,Buy,235835315
2024-08-29 13:58:04,43000.0,1400,Buy,235835812
2024-08-29 13:58:04,43000.0,1600,Buy,235835813
2024-08-29 13:58:07,43000.0,5000,Buy,235835871
2024-08-29 13:58:11,43000.0,500,Buy,235836037
2024-08-29 13:58:11,43000.0,400,Buy,235836036
2024-08-29 13:58:11,43000.0,100,Buy,235836038
2024-08-29 13:58:11,43000.0,300,Buy,235836034
2024-08-29 13:58:11,43000.0,100,Buy,235836010
2024-08-29 13:58:11,43000.0,1000,Buy,235836009
2024-08-29 13:58:11,43000.0,500,Buy,235836035
2024-08-29 13:58:17,43100.0,200,Buy,235836164
2024-08-29 13:58:17,43100.0,100,Buy,235836165
2024-08-29 13:58:17,43100.0,700,Buy,235836166
2024-08-29 13:58:22,43100.0,300,Buy,235836261
2024-08-29 13:58:22,43100.0,100,Buy,235836262
2024-08-29 13:58:28,43100.0,300,Sell,235836363
2024-08-29 13:58:47,43100.0,3000,Sell,235836726
2024-08-29 13:59:00,43150.0,2400,Buy,235837033
2024-08-29 13:59:07,43150.0,3800,Buy,235837197
2024-08-29 13:59:07,43150.0,1000,Buy,235837198
2024-08-29 13:59:07,43150.0,200,Buy,235837199
2024-08-29 13:59:16,43150.0,500,Buy,235837332
2024-08-29 13:59:20,43150.0,500,Buy,235837418
2024-08-29 13:59:20,43150.0,200,Buy,235837417
2024-08-29 13:59:20,43150.0,1000,Buy,235837415
2024-08-29 13:59:20,43150.0,1300,Buy,235837414
2024-08-29 13:59:20,43150.0,2000,Buy,235837416
2024-08-29 14:00:03,43150.0,1000,Sell,235838323
2024-08-29 14:00:03,43150.0,500,Sell,235838324
2024-08-29 14:01:16,43100.0,500,Sell,235839734
2024-08-29 14:01:16,43100.0,2500,Sell,235839738
2024-08-29 14:01:40,43100.0,500,Buy,235840196
2024-08-29 14:02:25,43050.0,2000,Sell,235841657
2024-08-29 14:02:27,43050.0,1000,Sell,235841693
2024-08-29 14:02:40,43050.0,100,Sell,235841924
2024-08-29 14:02:49,43050.0,1000,Sell,235842145
2024-08-29 14:02:51,43050.0,300,Sell,235842259
2024-08-29 14:03:09,43100.0,500,Buy,235842717
2024-08-29 14:03:21,43050.0,200,Sell,235843011
2024-08-29 14:03:21,43050.0,1000,Sell,235843010
2024-08-29 14:03:21,43050.0,600,Sell,235843009
2024-08-29 14:03:41,43050.0,100,Buy,235843429
2024-08-29 14:03:48,43050.0,3000,Buy,235843609
2024-08-29 14:03:58,43050.0,100,Buy,235843830
2024-08-29 14:03:58,43050.0,900,Buy,235843831
2024-08-29 14:03:59,43050.0,400,Buy,235843913
2024-08-29 14:04:09,43000.0,100,Sell,235844092
2024-08-29 14:04:15,43000.0,200,Sell,235844298
2024-08-29 14:04:15,43000.0,100,Sell,235844299
2024-08-29 14:04:15,43000.0,100,Sell,235844300
2024-08-29 14:04:15,43000.0,100,Sell,235844301
2024-08-29 14:04:40,43000.0,2800,Sell,235845085
2024-08-29 14:04:40,43000.0,2000,Sell,235845084
2024-08-29 14:04:40,43000.0,2000,Sell,235845082
2024-08-29 14:04:40,43000.0,200,Sell,235845083
2024-08-29 14:04:48,43000.0,200,Buy,235845237
2024-08-29 14:04:52,43000.0,1300,Buy,235845309
2024-08-29 14:04:52,43000.0,500,Buy,235845315
2024-08-29 14:04:52,43000.0,100,Buy,235845316
2024-08-29 14:04:59,43000.0,200,Sell,235845429
2024-08-29 14:05:37,42950.0,1700,Sell,235846286
2024-08-29 14:05:37,42950.0,100,Sell,235846285
2024-08-29 14:05:37,42950.0,100,Sell,235846284
2024-08-29 14:05:37,42950.0,1200,Sell,235846283
2024-08-29 14:05:37,42950.0,100,Sell,235846281
2024-08-29 14:05:37,42950.0,300,Sell,235846280
2024-08-29 14:05:37,42950.0,2000,Sell,235846279
2024-08-29 14:05:37,42950.0,400,Sell,235846278
2024-08-29 14:05:37,42950.0,900,Sell,235846282
2024-08-29 14:05:52,42950.0,1300,Sell,235846668
2024-08-29 14:05:52,42950.0,800,Sell,235846669
2024-08-29 14:05:52,42950.0,500,Sell,235846670
2024-08-29 14:05:52,42950.0,100,Sell,235846671
2024-08-29 14:06:26,42900.0,400,Sell,235847490
2024-08-29 14:06:26,42900.0,500,Sell,235847488
2024-08-29 14:06:26,42900.0,200,Sell,235847489
2024-08-29 14:06:26,42900.0,200,Sell,235847487
2024-08-29 14:06:38,42950.0,300,Buy,235847712
2024-08-29 14:06:42,42950.0,1400,Buy,235847799
2024-08-29 14:06:44,42950.0,1300,Buy,235847833
2024-08-29 14:06:44,42950.0,700,Buy,235847834
2024-08-29 14:06:44,42950.0,100,Buy,235847837
2024-08-29 14:06:51,42950.0,500,Buy,235848006
2024-08-29 14:06:53,42950.0,200,Buy,235848042
2024-08-29 14:06:56,42900.0,2000,Sell,235848097
2024-08-29 14:06:56,42900.0,500,Sell,235848098
2024-08-29 14:06:56,42900.0,500,Sell,235848099
2024-08-29 14:06:56,42900.0,5000,Sell,235848100
2024-08-29 14:06:56,42900.0,1000,Sell,235848104
2024-08-29 14:06:56,42900.0,1700,Sell,235848102
2024-08-29 14:06:56,42900.0,100,Sell,235848103
2024-08-29 14:06:56,42900.0,200,Sell,235848101
2024-08-29 14:06:56,42900.0,100,Sell,235848096
2024-08-29 14:06:56,42950.0,1000,Sell,235848086
2024-08-29 14:06:56,42900.0,5000,Sell,235848094
2024-08-29 14:06:56,42900.0,100,Sell,235848095
2024-08-29 14:06:56,42900.0,600,Sell,235848087
2024-08-29 14:06:56,42900.0,500,Sell,235848088
2024-08-29 14:06:56,42900.0,200,Sell,235848089
2024-08-29 14:06:56,42950.0,100,Sell,235848085
2024-08-29 14:06:56,42900.0,300,Sell,235848091
2024-08-29 14:06:56,42900.0,300,Sell,235848092
2024-08-29 14:06:56,42900.0,100,Sell,235848093
2024-08-29 14:06:56,42900.0,100,Sell,235848090
2024-08-29 14:06:59,42900.0,100,Buy,235848145
2024-08-29 14:07:05,42900.0,500,Buy,235848268
2024-08-29 14:07:21,42950.0,100,Buy,235848664
2024-08-29 14:07:39,42950.0,100,Buy,235849058
2024-08-29 14:07:39,42950.0,600,Buy,235849066
2024-08-29 14:07:44,42950.0,400,Sell,235849163
2024-08-29 14:07:45,42950.0,1000,Buy,235849179
2024-08-29 14:07:50,42950.0,100,Buy,235849322
2024-08-29 14:07:58,42950.0,100,Buy,235849569
2024-08-29 14:08:00,42950.0,100,Buy,235849625
2024-08-29 14:08:00,42950.0,400,Buy,235849624
2024-08-29 14:08:02,42950.0,400,Buy,235849658
2024-08-29 14:08:27,43000.0,200,Buy,235850251
2024-08-29 14:08:31,43000.0,1000,Buy,235850352
2024-08-29 14:08:34,43000.0,200,Buy,235850424
2024-08-29 14:08:39,43000.0,100,Buy,235850549
2024-08-29 14:08:39,43000.0,100,Buy,235850550
2024-08-29 14:08:42,43000.0,100,Buy,235850603
2024-08-29 14:08:42,43000.0,200,Buy,235850601
2024-08-29 14:08:42,43000.0,500,Buy,235850602
2024-08-29 14:08:43,43000.0,1200,Sell,235850638
2024-08-29 14:08:47,43000.0,300,Buy,235850822
2024-08-29 14:08:48,43000.0,2000,Buy,235850842
2024-08-29 14:08:52,43000.0,1000,Buy,235850927
2024-08-29 14:09:25,43000.0,100,Buy,235851629
2024-08-29 14:09:31,43000.0,100,Buy,235851742
2024-08-29 14:09:36,43000.0,300,Buy,235851844
2024-08-29 14:09:36,43000.0,100,Buy,235851845
2024-08-29 14:09:38,43000.0,100,Buy,235851902
2024-08-29 14:09:46,43000.0,100,Buy,235852095
2024-08-29 14:09:59,43000.0,100,Buy,235852335
2024-08-29 14:10:03,43000.0,1200,Buy,235852425
2024-08-29 14:10:03,43000.0,200,Buy,235852424
2024-08-29 14:10:03,43000.0,600,Buy,235852423
2024-08-29 14:10:04,43000.0,1400,Buy,235852435
2024-08-29 14:10:11,43000.0,100,Buy,235852572
2024-08-29 14:10:20,43000.0,1000,Buy,235852775
2024-08-29 14:10:21,43000.0,200,Buy,235852801
2024-08-29 14:10:23,43000.0,500,Buy,235852840
2024-08-29 14:10:24,43000.0,100,Buy,235852854
2024-08-29 14:10:25,43000.0,500,Buy,235852880
2024-08-29 14:10:38,43000.0,400,Sell,235853197
2024-08-29 14:10:38,43000.0,100,Sell,235853198
2024-08-29 14:10:38,43000.0,100,Sell,235853199
2024-08-29 14:10:47,43000.0,200,Sell,235853395
2024-08-29 14:11:00,42950.0,600,Sell,235853802
2024-08-29 14:11:25,42950.0,300,Sell,235854299
2024-08-29 14:11:35,42950.0,400,Sell,235854468
2024-08-29 14:11:35,42950.0,1700,Sell,235854470
2024-08-29 14:11:35,42950.0,200,Sell,235854467
2024-08-29 14:11:35,42950.0,1000,Sell,235854469
2024-08-29 14:11:36,42950.0,300,Sell,235854485
2024-08-29 14:11:36,42950.0,200,Sell,235854486
2024-08-29 14:12:06,42950.0,800,Sell,235855134
2024-08-29 14:12:06,42950.0,300,Sell,235855135
2024-08-29 14:12:06,42950.0,900,Sell,235855136
2024-08-29 14:12:07,42950.0,700,Sell,235855150
2024-08-29 14:12:14,42950.0,500,Sell,235855255
2024-08-29 14:12:14,42950.0,100,Sell,235855253
2024-08-29 14:12:14,42950.0,1000,Sell,235855256
2024-08-29 14:12:14,42950.0,1000,Sell,235855251
2024-08-29 14:12:14,42950.0,300,Sell,235855252
2024-08-29 14:12:14,43000.0,400,Buy,235855239
2024-08-29 14:12:14,42950.0,500,Sell,235855254
2024-08-29 14:12:14,42950.0,400,Sell,235855250
2024-08-29 14:12:38,42950.0,1000,Buy,235855779
2024-08-29 14:12:46,42950.0,1000,Sell,235856037
2024-08-29 14:12:50,42950.0,100,Sell,235856102
2024-08-29 14:13:10,42950.0,900,Sell,235856438
2024-08-29 14:13:10,42950.0,100,Sell,235856440
2024-08-29 14:13:10,42950.0,500,Buy,235856441
2024-08-29 14:13:10,42950.0,300,Sell,235856439
2024-08-29 14:13:20,42950.0,200,Buy,235856647
2024-08-29 14:13:25,42950.0,1400,Sell,235856769
2024-08-29 14:13:50,42950.0,400,Sell,235857337
2024-08-29 14:14:00,43000.0,200,Buy,235857596
2024-08-29 14:14:00,43000.0,1500,Buy,235857597
2024-08-29 14:14:00,43000.0,200,Buy,235857595
2024-08-29 14:14:00,43000.0,400,Buy,235857593
2024-08-29 14:14:00,43000.0,5000,Buy,235857594
2024-08-29 14:14:07,43050.0,600,Buy,235857723
2024-08-29 14:14:07,43050.0,1700,Buy,235857722
2024-08-29 14:14:42,43050.0,100,Buy,235858449
2024-08-29 14:15:01,43050.0,300,Buy,235858756
2024-08-29 14:15:01,43050.0,200,Buy,235858757
2024-08-29 14:15:18,43050.0,4800,Buy,235859127
2024-08-29 14:16:00,43050.0,100,Sell,235859986
2024-08-29 14:16:06,43050.0,100,Sell,235860228
2024-08-29 14:16:06,43050.0,400,Sell,235860232
2024-08-29 14:16:49,43100.0,300,Buy,235861466
2024-08-29 14:16:49,43100.0,200,Buy,235861467
2024-08-29 14:16:49,43100.0,200,Buy,235861468
2024-08-29 14:16:49,43100.0,500,Buy,235861469
2024-08-29 14:16:49,43100.0,500,Buy,235861470
2024-08-29 14:16:49,43100.0,100,Buy,235861471
2024-08-29 14:16:49,43100.0,3000,Buy,235861465
2024-08-29 14:17:08,43100.0,600,Sell,235861951
2024-08-29 14:17:11,43100.0,100,Sell,235862041
2024-08-29 14:17:17,43100.0,800,Sell,235862212
2024-08-29 14:17:17,43100.0,1000,Sell,235862213
2024-08-29 14:17:40,43100.0,2000,Buy,235862822
2024-08-29 14:17:43,43100.0,100,Buy,235862893
2024-08-29 14:17:47,43100.0,900,Sell,235862981
2024-08-29 14:17:47,43050.0,4600,Sell,235862982
2024-08-29 14:17:47,43050.0,300,Sell,235862983
2024-08-29 14:17:47,43050.0,300,Sell,235862984
2024-08-29 14:17:47,43050.0,500,Sell,235862985
2024-08-29 14:17:47,43050.0,300,Sell,235862986
2024-08-29 14:17:47,43050.0,1100,Sell,235862987
2024-08-29 14:18:00,43150.0,900,Buy,235863313
2024-08-29 14:18:00,43150.0,1000,Buy,235863308
2024-08-29 14:18:00,43150.0,100,Buy,235863312
2024-08-29 14:18:00,43150.0,100,Buy,235863311
2024-08-29 14:18:00,43150.0,100,Buy,235863309
2024-08-29 14:18:00,43150.0,200,Buy,235863307
2024-08-29 14:18:00,43150.0,3000,Buy,235863301
2024-08-29 14:18:00,43150.0,300,Buy,235863305
2024-08-29 14:18:00,43150.0,200,Buy,235863306
2024-08-29 14:18:00,43150.0,300,Buy,235863302
2024-08-29 14:18:00,43150.0,900,Buy,235863300
2024-08-29 14:18:00,43150.0,100,Buy,235863304
2024-08-29 14:18:00,43150.0,100,Buy,235863303
2024-08-29 14:18:24,43150.0,2700,Sell,235864241
2024-08-29 14:18:29,43150.0,800,Buy,235864379
2024-08-29 14:18:59,43050.0,1000,Sell,235865499
2024-08-29 14:19:25,43050.0,500,Sell,235866280
2024-08-29 14:20:52,43100.0,300,Buy,235868927
2024-08-29 14:21:06,43100.0,100,Buy,235869349
2024-08-29 14:21:06,43100.0,200,Buy,235869348
2024-08-29 14:21:07,43050.0,100,Sell,235869380
2024-08-29 14:21:07,43050.0,2000,Sell,235869379
2024-08-29 14:21:07,43050.0,4400,Sell,235869378
2024-08-29 14:21:07,43050.0,200,Sell,235869374
2024-08-29 14:21:07,43050.0,500,Sell,235869376
2024-08-29 14:21:07,43050.0,100,Sell,235869375
2024-08-29 14:21:07,43050.0,600,Sell,235869373
2024-08-29 14:21:07,43050.0,500,Sell,235869377
2024-08-29 14:21:19,43050.0,300,Buy,235869705
2024-08-29 14:21:27,43050.0,1300,Buy,235869955
2024-08-29 14:21:34,43050.0,300,Buy,235870257
2024-08-29 14:21:37,43000.0,500,Sell,235870374
2024-08-29 14:21:53,43050.0,300,Buy,235870763
2024-08-29 14:21:53,43050.0,700,Buy,235870762
2024-08-29 14:22:00,43050.0,200,Buy,235871045
2024-08-29 14:22:19,43050.0,300,Sell,235871626
2024-08-29 14:22:19,43050.0,200,Sell,235871627
2024-08-29 14:22:19,43050.0,1000,Sell,235871628
2024-08-29 14:22:21,43050.0,1000,Sell,235871672
2024-08-29 14:22:38,43100.0,100,Buy,235872296
2024-08-29 14:22:39,43050.0,1000,Sell,235872333
2024-08-29 14:22:50,43100.0,600,Buy,235872683
2024-08-29 14:23:02,43100.0,100,Buy,235872971
2024-08-29 14:23:02,43100.0,100,Buy,235872968
2024-08-29 14:23:02,43100.0,1200,Buy,235872970
2024-08-29 14:23:02,43100.0,1000,Buy,235872966
2024-08-29 14:23:02,43100.0,300,Buy,235872967
2024-08-29 14:23:02,43100.0,4400,Buy,235872964
2024-08-29 14:23:02,43100.0,200,Buy,235872969
2024-08-29 14:23:02,43100.0,200,Buy,235872965
2024-08-29 14:23:43,43100.0,1000,Sell,235874304
2024-08-29 14:23:43,43100.0,500,Sell,235874305
2024-08-29 14:23:43,43100.0,200,Sell,235874306
2024-08-29 14:23:43,43100.0,1000,Sell,235874307
2024-08-29 14:23:43,43100.0,2700,Sell,235874309
2024-08-29 14:23:43,43100.0,1000,Sell,235874308
2024-08-29 14:23:53,43150.0,300,Buy,235874603
2024-08-29 14:23:54,43150.0,300,Buy,235874648
2024-08-29 14:24:13,43100.0,100,Sell,235875349
2024-08-29 14:24:30,43100.0,3000,Sell,235875897
2024-08-29 14:24:40,43100.0,400,Sell,235876213
2024-08-29 14:24:43,43100.0,500,Sell,235876278
2024-08-29 14:24:51,43100.0,300,Sell,235876556
2024-08-29 14:24:51,43100.0,200,Sell,235876557
2024-08-29 14:25:01,43100.0,1000,Sell,235876935
2024-08-29 14:25:07,43100.0,1000,Sell,235877122
2024-08-29 14:25:19,43100.0,3300,Sell,235877633
2024-08-29 14:25:19,43100.0,300,Sell,235877634
2024-08-29 14:25:19,43100.0,6900,Sell,235877635
2024-08-29 14:25:19,43100.0,100,Sell,235877636
2024-08-29 14:25:19,43100.0,300,Sell,235877637
2024-08-29 14:25:19,43100.0,5000,Sell,235877638
2024-08-29 14:25:19,43100.0,3200,Sell,235877639
2024-08-29 14:25:19,43100.0,300,Sell,235877640
2024-08-29 14:25:19,43100.0,300,Sell,235877646
2024-08-29 14:25:19,43100.0,300,Sell,235877647
2024-08-29 14:25:21,43100.0,4000,Sell,235877720
2024-08-29 14:25:21,43100.0,700,Sell,235877718
2024-08-29 14:25:21,43100.0,300,Sell,235877719
2024-08-29 14:25:27,43100.0,500,Sell,235877886
2024-08-29 14:25:40,43150.0,500,Buy,235878293
2024-08-29 14:26:12,43100.0,15500,Sell,235879425
2024-08-29 14:26:12,43100.0,300,Sell,235879426
2024-08-29 14:26:36,43050.0,5000,Sell,235880343
2024-08-29 14:26:36,43050.0,25000,Sell,235880344
2024-08-29 14:26:45,43050.0,8000,Sell,235880666
2024-08-29 14:26:45,43050.0,200,Sell,235880667
2024-08-29 14:27:00,43050.0,300,Buy,235881220
2024-08-29 14:27:10,43050.0,100,Buy,235881770
2024-08-29 14:27:12,43000.0,3000,Sell,235881819
2024-08-29 14:27:12,43000.0,1000,Sell,235881817
2024-08-29 14:27:12,43000.0,200,Sell,235881816
2024-08-29 14:27:12,43000.0,5000,Sell,235881818
2024-08-29 14:27:12,43000.0,2000,Sell,235881814
2024-08-29 14:27:12,43000.0,200,Sell,235881813
2024-08-29 14:27:12,43050.0,1000,Buy,235881812
2024-08-29 14:27:12,43000.0,600,Sell,235881815
2024-08-29 14:27:19,43000.0,200,Sell,235882127
2024-08-29 14:27:19,43000.0,100,Sell,235882128
2024-08-29 14:27:19,43000.0,300,Sell,235882129
2024-08-29 14:27:19,43000.0,100,Sell,235882130
2024-08-29 14:27:33,43000.0,200,Sell,235882798
2024-08-29 14:27:33,43000.0,200,Sell,235882799
2024-08-29 14:27:36,43000.0,800,Sell,235882913
2024-08-29 14:27:36,43000.0,200,Sell,235882914
2024-08-29 14:27:41,43000.0,100,Sell,235883121
2024-08-29 14:28:06,43000.0,600,Sell,235884504
2024-08-29 14:28:08,43000.0,300,Sell,235884571
2024-08-29 14:28:08,43000.0,100,Sell,235884570
2024-08-29 14:28:08,43000.0,4300,Sell,235884567
2024-08-29 14:28:08,43000.0,20000,Sell,235884568
2024-08-29 14:28:08,43000.0,200,Sell,235884566
2024-08-29 14:28:08,43000.0,200,Sell,235884569
2024-08-29 14:28:14,43000.0,100,Buy,235884796
2024-08-29 14:28:14,43000.0,1500,Buy,235884797
2024-08-29 14:28:15,43000.0,8400,Sell,235884848
2024-08-29 14:28:26,42950.0,1000,Sell,235885246
2024-08-29 14:28:27,42950.0,1000,Sell,235885288
2024-08-29 14:28:28,43000.0,300,Buy,235885366
2024-08-29 14:28:32,42950.0,1000,Sell,235885585
2024-08-29 14:28:33,42950.0,400,Sell,235885629
2024-08-29 14:28:33,42950.0,300,Sell,235885628
2024-08-29 14:28:33,42950.0,300,Sell,235885626
2024-08-29 14:28:33,42950.0,1500,Sell,235885627
2024-08-29 14:28:33,42950.0,100,Sell,235885624
2024-08-29 14:28:33,42950.0,1000,Sell,235885623
2024-08-29 14:28:33,42950.0,200,Sell,235885622
2024-08-29 14:28:33,42950.0,1000,Sell,235885621
2024-08-29 14:28:33,42950.0,200,Sell,235885625
2024-08-29 14:28:39,42950.0,3400,Sell,235885897
2024-08-29 14:28:47,42950.0,6200,Sell,235886170
2024-08-29 14:28:47,42950.0,100,Sell,235886171
2024-08-29 14:28:47,42950.0,300,Sell,235886172
2024-08-29 14:28:47,42950.0,300,Sell,235886173
2024-08-29 14:28:52,42950.0,1400,Buy,235886492
2024-08-29 14:28:54,42950.0,9700,Buy,235886618
2024-08-29 14:28:54,42950.0,200,Buy,235886619
2024-08-29 14:28:59,42950.0,100,Sell,235886876
2024-08-29 14:29:09,42950.0,800,Buy,235887475
2024-08-29 14:29:14,42950.0,100,Buy,235887762
2024-08-29 14:29:19,42950.0,400,Buy,235888044
2024-08-29 14:29:19,42950.0,100,Buy,235888043
2024-08-29 14:29:22,42950.0,7600,Buy,235888248
2024-08-29 14:29:22,42950.0,1700,Buy,235888249
2024-08-29 14:29:22,43000.0,9700,Buy,235888250
2024-08-29 14:29:25,42950.0,200,Buy,235888384
2024-08-29 14:29:35,42950.0,2400,Sell,235889070
2024-08-29 14:29:36,42950.0,1200,Sell,235889111
2024-08-29 14:29:40,42950.0,500,Sell,235889268
2024-08-29 14:29:42,42950.0,300,Sell,235889337
2024-08-29 14:29:46,42950.0,500,Sell,235889692
2024-08-29 14:29:47,42950.0,100,Sell,235889735
2024-08-29 14:29:47,42950.0,4900,Sell,235889734
2024-08-29 14:29:50,42950.0,900,Sell,235889836
2024-08-29 14:29:50,42950.0,100,Sell,235889837
2024-08-29 14:29:54,42950.0,200,Sell,235890015
2024-08-29 14:29:54,42950.0,1000,Sell,235890016
2024-08-29 14:44:57,42900.0,95700,ATO/ATC,235890756
