time,price,volume,match_type,id
2024-07-31 09:14:39,37700.0,10100,ATO/ATC,227498893
2024-07-31 09:15:08,37700.0,500,Buy,227499820
2024-07-31 09:15:08,37700.0,3000,Buy,227499794
2024-07-31 09:15:08,37700.0,14300,Buy,227499818
2024-07-31 09:15:08,37700.0,500,Buy,227499819
2024-07-31 09:15:26,37700.0,1000,Sell,227500344
2024-07-31 09:15:29,37750.0,100,Buy,227500456
2024-07-31 09:15:32,37700.0,3700,Sell,227500547
2024-07-31 09:15:52,37650.0,200,Buy,227501125
2024-07-31 09:17:15,37550.0,300,Buy,227504280
2024-07-31 09:17:41,37550.0,100,Buy,227505224
2024-07-31 09:18:19,37500.0,500,Sell,227506445
2024-07-31 09:18:25,37550.0,400,Buy,227506656
2024-07-31 09:18:25,37550.0,100,Buy,227506654
2024-07-31 09:18:25,37550.0,500,Buy,227506655
2024-07-31 09:18:33,37550.0,100,Buy,227506959
2024-07-31 09:18:49,37550.0,200,Buy,227507627
2024-07-31 09:18:49,37550.0,100,Buy,227507628
2024-07-31 09:18:56,37550.0,200,Sell,227507858
2024-07-31 09:19:02,37500.0,200,Sell,227508074
2024-07-31 09:19:02,37500.0,200,Sell,227508072
2024-07-31 09:19:02,37500.0,200,Sell,227508073
2024-07-31 09:19:02,37500.0,1000,Sell,227508070
2024-07-31 09:19:02,37500.0,100,Sell,227508069
2024-07-31 09:19:02,37500.0,2000,Sell,227508071
2024-07-31 09:19:04,37500.0,12600,Buy,227508146
2024-07-31 09:19:04,37550.0,400,Buy,227508147
2024-07-31 09:19:15,37550.0,400,Buy,227508545
2024-07-31 09:20:00,37550.0,800,Buy,227510159
2024-07-31 09:20:00,37550.0,100,Buy,227510160
2024-07-31 09:20:01,37400.0,1000,Sell,227510214
2024-07-31 09:20:12,37500.0,100,Sell,227510528
2024-07-31 09:20:13,37500.0,500,Sell,227510596
2024-07-31 09:20:13,37500.0,800,Sell,227510595
2024-07-31 09:20:22,37500.0,200,Sell,227510908
2024-07-31 09:20:50,37500.0,200,Buy,227511936
2024-07-31 09:20:50,37500.0,800,Buy,227511937
2024-07-31 09:21:02,37500.0,100,Buy,227512729
2024-07-31 09:21:13,37500.0,500,Buy,227513038
2024-07-31 09:21:37,37500.0,100,Buy,227513841
2024-07-31 09:21:50,37500.0,300,Buy,227514269
2024-07-31 09:21:50,37500.0,300,Buy,227514267
2024-07-31 09:21:50,37500.0,400,Buy,227514268
2024-07-31 09:21:51,37500.0,100,Buy,227514313
2024-07-31 09:21:56,37500.0,500,Buy,227514482
2024-07-31 09:23:33,37450.0,100,Sell,227517388
2024-07-31 09:23:43,37500.0,100,Buy,227517687
2024-07-31 09:23:43,37500.0,100,Buy,227517688
2024-07-31 09:24:22,37450.0,1000,Sell,227518847
2024-07-31 09:24:43,37450.0,1000,Sell,227519553
2024-07-31 09:24:49,37500.0,100,Buy,227519677
2024-07-31 09:24:55,37450.0,100,Sell,227519858
2024-07-31 09:24:59,37450.0,100,Sell,227519971
2024-07-31 09:25:34,37450.0,500,Sell,227520832
2024-07-31 09:25:35,37450.0,5000,Sell,227520845
2024-07-31 09:25:48,37450.0,100,Sell,227521112
2024-07-31 09:25:50,37450.0,2100,Sell,227521155
2024-07-31 09:25:50,37450.0,100,Sell,227521156
2024-07-31 09:26:08,37450.0,1500,Sell,227521627
2024-07-31 09:26:14,37450.0,300,Sell,227521827
2024-07-31 09:27:00,37450.0,100,Sell,227523258
2024-07-31 09:27:00,37450.0,100,Sell,227523256
2024-07-31 09:27:00,37450.0,100,Sell,227523257
2024-07-31 09:27:00,37450.0,100,Sell,227523254
2024-07-31 09:27:00,37450.0,200,Sell,227523253
2024-07-31 09:27:00,37450.0,100,Sell,227523255
2024-07-31 09:28:09,37400.0,100,Sell,227525246
2024-07-31 09:28:09,37400.0,500,Sell,227525247
2024-07-31 09:28:16,37450.0,100,Buy,227525372
2024-07-31 09:28:57,37450.0,100,Buy,227526970
2024-07-31 09:29:05,37450.0,100,Buy,227527250
2024-07-31 09:29:20,37400.0,100,Sell,227528104
2024-07-31 09:29:52,37400.0,100,Sell,227529317
2024-07-31 09:29:52,37400.0,1500,Sell,227529319
2024-07-31 09:29:52,37400.0,100,Sell,227529318
2024-07-31 09:29:52,37400.0,200,Sell,227529315
2024-07-31 09:29:52,37400.0,100,Sell,227529316
2024-07-31 09:30:05,37400.0,2000,Sell,227529908
2024-07-31 09:30:07,37400.0,4800,Sell,227529965
2024-07-31 09:30:28,37400.0,500,Sell,227530927
2024-07-31 09:30:36,37400.0,800,Sell,227531165
2024-07-31 09:31:23,37400.0,100,Sell,227532508
2024-07-31 09:31:39,37400.0,300,Sell,227532950
2024-07-31 09:31:39,37400.0,100,Sell,227532951
2024-07-31 09:31:39,37400.0,100,Sell,227532952
2024-07-31 09:31:47,37400.0,200,Sell,227533176
2024-07-31 09:31:52,37450.0,100,Buy,227533279
2024-07-31 09:32:03,37400.0,200,Sell,227533591
2024-07-31 09:32:03,37400.0,1300,Sell,227533592
2024-07-31 09:32:03,37400.0,100,Sell,227533593
2024-07-31 09:32:03,37400.0,200,Sell,227533594
2024-07-31 09:32:03,37400.0,200,Sell,227533590
2024-07-31 09:32:06,37400.0,2000,Buy,227533751
2024-07-31 09:32:50,37400.0,1000,Buy,227535343
2024-07-31 09:32:50,37400.0,100,Buy,227535344
2024-07-31 09:33:46,37450.0,1000,Buy,227536989
2024-07-31 09:33:51,37450.0,100,Buy,227537173
2024-07-31 09:33:52,37450.0,1000,Buy,227537209
2024-07-31 09:34:02,37450.0,200,Buy,227537466
2024-07-31 09:34:02,37450.0,1800,Buy,227537465
2024-07-31 09:34:06,37450.0,100,Buy,227537603
2024-07-31 09:34:16,37450.0,500,Buy,227538086
2024-07-31 09:34:20,37450.0,2000,Buy,227538233
2024-07-31 09:34:47,37450.0,100,Buy,227539080
2024-07-31 09:35:03,37450.0,100,Buy,227539508
2024-07-31 09:35:43,37400.0,100,Sell,227540903
2024-07-31 09:35:46,37450.0,100,Buy,227541043
2024-07-31 09:35:46,37450.0,400,Buy,227541044
2024-07-31 09:36:08,37450.0,100,Buy,227541565
2024-07-31 09:36:09,37450.0,100,Buy,227541581
2024-07-31 09:36:09,37450.0,1700,Buy,227541582
2024-07-31 09:36:12,37450.0,3300,Buy,227541669
2024-07-31 09:36:47,37500.0,1300,Buy,227542742
2024-07-31 09:36:47,37500.0,300,Buy,227542743
2024-07-31 09:36:47,37500.0,600,Buy,227542744
2024-07-31 09:36:47,37500.0,2800,Buy,227542745
2024-07-31 09:36:49,37500.0,200,Buy,227542827
2024-07-31 09:37:09,37500.0,300,Buy,227543329
2024-07-31 09:37:09,37500.0,2000,Buy,227543327
2024-07-31 09:37:09,37500.0,100,Buy,227543328
2024-07-31 09:37:12,37500.0,500,Buy,227543464
2024-07-31 09:37:12,37500.0,700,Buy,227543462
2024-07-31 09:37:12,37500.0,100,Buy,227543463
2024-07-31 09:37:15,37550.0,100,Buy,227543511
2024-07-31 09:37:15,37550.0,2000,Buy,227543512
2024-07-31 09:37:15,37550.0,100,Buy,227543513
2024-07-31 09:37:15,37550.0,100,Buy,227543514
2024-07-31 09:37:15,37550.0,100,Buy,227543515
2024-07-31 09:37:15,37550.0,100,Buy,227543521
2024-07-31 09:37:39,37600.0,100,Buy,227544259
2024-07-31 09:37:39,37600.0,900,Buy,227544260
2024-07-31 09:37:45,37550.0,500,Buy,227544415
2024-07-31 09:37:45,37600.0,100,Buy,227544416
2024-07-31 09:37:50,37600.0,200,Buy,227544541
2024-07-31 09:37:50,37600.0,300,Buy,227544542
2024-07-31 09:37:53,37600.0,300,Buy,227544608
2024-07-31 09:37:53,37600.0,100,Buy,227544609
2024-07-31 09:37:56,37600.0,100,Sell,227544700
2024-07-31 09:37:57,37600.0,300,Buy,227544721
2024-07-31 09:38:03,37600.0,4500,Buy,227544952
2024-07-31 09:38:03,37650.0,400,Buy,227544953
2024-07-31 09:38:03,37650.0,100,Buy,227544954
2024-07-31 09:38:17,37650.0,100,Buy,227545393
2024-07-31 09:38:34,37650.0,3000,Buy,227545977
2024-07-31 09:38:41,37700.0,500,Buy,227546187
2024-07-31 09:38:41,37650.0,500,Sell,227546181
2024-07-31 09:38:45,37700.0,500,Buy,227546298
2024-07-31 09:38:45,37700.0,300,Buy,227546296
2024-07-31 09:38:45,37700.0,200,Buy,227546297
2024-07-31 09:39:03,37700.0,500,Buy,227546875
2024-07-31 09:39:03,37700.0,200,Buy,227546876
2024-07-31 09:39:07,37700.0,100,Sell,227547109
2024-07-31 09:39:13,37700.0,200,Sell,227547274
2024-07-31 09:39:15,37750.0,300,Buy,227547334
2024-07-31 09:39:15,37750.0,100,Buy,227547335
2024-07-31 09:39:15,37750.0,1000,Buy,227547336
2024-07-31 09:39:15,37750.0,100,Buy,227547337
2024-07-31 09:39:15,37750.0,200,Buy,227547338
2024-07-31 09:39:53,37800.0,700,Buy,227548650
2024-07-31 09:39:53,37800.0,500,Buy,227548649
2024-07-31 09:39:53,37800.0,500,Buy,227548648
2024-07-31 09:39:57,37750.0,500,Sell,227548754
2024-07-31 09:40:00,37800.0,300,Buy,227548896
2024-07-31 09:40:00,37800.0,100,Buy,227548897
2024-07-31 09:40:00,37800.0,100,Buy,227548898
2024-07-31 09:40:14,37900.0,200,Buy,227549424
2024-07-31 09:40:14,37900.0,200,Buy,227549423
2024-07-31 09:40:14,37900.0,1000,Buy,227549422
2024-07-31 09:40:14,37900.0,100,Buy,227549420
2024-07-31 09:40:14,37850.0,200,Buy,227549419
2024-07-31 09:40:14,37850.0,100,Buy,227549418
2024-07-31 09:40:14,37900.0,500,Buy,227549421
2024-07-31 09:40:15,37900.0,200,Sell,227549460
2024-07-31 09:40:27,38000.0,2500,Buy,227549816
2024-07-31 09:40:27,38000.0,200,Buy,227549814
2024-07-31 09:40:27,38000.0,2400,Buy,227549813
2024-07-31 09:40:27,38000.0,200,Buy,227549815
2024-07-31 09:40:27,37950.0,800,Buy,227549811
2024-07-31 09:40:27,37950.0,300,Buy,227549810
2024-07-31 09:40:27,37950.0,100,Buy,227549809
2024-07-31 09:40:27,37950.0,500,Buy,227549812
2024-07-31 09:40:28,37900.0,200,Sell,227549830
2024-07-31 09:40:30,37900.0,1000,Buy,227549914
2024-07-31 09:40:30,37900.0,4000,Buy,227549915
2024-07-31 09:40:33,37900.0,100,Buy,227549969
2024-07-31 09:40:55,37950.0,100,Buy,227550722
2024-07-31 09:40:55,37950.0,100,Buy,227550723
2024-07-31 09:41:10,37900.0,2000,Sell,227551318
2024-07-31 09:41:20,37950.0,1000,Buy,227551665
2024-07-31 09:41:48,37800.0,100,Buy,227552575
2024-07-31 09:41:48,37800.0,100,Buy,227552574
2024-07-31 09:41:49,37800.0,100,Buy,227552599
2024-07-31 09:41:52,37800.0,100,Buy,227552704
2024-07-31 09:42:05,37750.0,500,Sell,227553159
2024-07-31 09:42:05,37750.0,500,Sell,227553160
2024-07-31 09:42:10,37750.0,100,Sell,227553298
2024-07-31 09:42:15,37750.0,100,Sell,227553481
2024-07-31 09:42:25,37750.0,1000,Sell,227553780
2024-07-31 09:42:42,37800.0,1000,Buy,227554265
2024-07-31 09:43:04,37800.0,1000,Buy,227555042
2024-07-31 09:43:04,37750.0,200,Sell,227555082
2024-07-31 09:43:15,37750.0,100,Sell,227555330
2024-07-31 09:43:15,37750.0,200,Sell,227555331
2024-07-31 09:43:20,37750.0,300,Sell,227555473
2024-07-31 09:43:20,37750.0,500,Sell,227555474
2024-07-31 09:43:20,37750.0,100,Sell,227555475
2024-07-31 09:43:31,37750.0,300,Buy,227555758
2024-07-31 09:43:48,37750.0,1600,Buy,227556366
2024-07-31 09:44:11,37700.0,2000,Sell,227556994
2024-07-31 09:44:29,37700.0,300,Sell,227557575
2024-07-31 09:44:29,37700.0,500,Sell,227557576
2024-07-31 09:44:30,37650.0,200,Sell,227557594
2024-07-31 09:44:30,37650.0,100,Sell,227557592
2024-07-31 09:44:30,37650.0,4000,Sell,227557593
2024-07-31 09:45:14,37650.0,500,Buy,227558749
2024-07-31 09:45:14,37650.0,500,Buy,227558748
2024-07-31 09:45:40,37650.0,100,Buy,227559407
2024-07-31 09:45:56,37700.0,400,Buy,227559835
2024-07-31 09:45:56,37700.0,100,Buy,227559834
2024-07-31 09:46:26,37700.0,100,Buy,227560470
2024-07-31 09:46:26,37700.0,100,Buy,227560471
2024-07-31 09:46:45,37700.0,1900,Buy,227560826
2024-07-31 09:46:45,37700.0,100,Buy,227560825
2024-07-31 09:46:45,37700.0,700,Buy,227560827
2024-07-31 09:46:45,37700.0,100,Buy,227560823
2024-07-31 09:46:45,37700.0,100,Buy,227560822
2024-07-31 09:46:45,37700.0,500,Buy,227560824
2024-07-31 09:46:53,37700.0,3200,Buy,227560975
2024-07-31 09:47:17,37700.0,500,Sell,227561537
2024-07-31 09:47:57,37700.0,700,Sell,227562454
2024-07-31 09:48:00,37700.0,100,Sell,227562530
2024-07-31 09:48:13,37700.0,100,Sell,227562786
2024-07-31 09:48:31,37700.0,300,Sell,227563126
2024-07-31 09:49:31,37750.0,100,Buy,227564259
2024-07-31 09:49:31,37750.0,100,Buy,227564257
2024-07-31 09:49:31,37750.0,600,Buy,227564258
2024-07-31 09:49:40,37700.0,200,Sell,227564460
2024-07-31 09:49:40,37700.0,200,Sell,227564459
2024-07-31 09:49:40,37700.0,100,Sell,227564457
2024-07-31 09:49:40,37700.0,500,Sell,227564458
2024-07-31 09:50:38,37700.0,200,Sell,227565775
2024-07-31 09:50:38,37700.0,1200,Sell,227565776
2024-07-31 09:50:54,37700.0,600,Buy,227566091
2024-07-31 09:51:05,37700.0,400,Sell,227566351
2024-07-31 09:51:18,37700.0,100,Buy,227566675
2024-07-31 09:51:18,37700.0,100,Buy,227566676
2024-07-31 09:51:52,37700.0,100,Buy,227567349
2024-07-31 09:52:25,37700.0,300,Buy,227567972
2024-07-31 09:53:12,37700.0,100,Buy,227569130
2024-07-31 09:53:12,37700.0,100,Buy,227569131
2024-07-31 09:53:43,37750.0,200,Buy,227569732
2024-07-31 09:53:43,37750.0,500,Buy,227569729
2024-07-31 09:53:43,37750.0,1000,Buy,227569730
2024-07-31 09:53:43,37750.0,300,Buy,227569731
2024-07-31 09:54:30,37750.0,300,Buy,227570593
2024-07-31 09:54:30,37750.0,100,Buy,227570594
2024-07-31 09:54:43,37750.0,500,Sell,227570811
2024-07-31 09:55:01,37750.0,1000,Sell,227571270
2024-07-31 09:55:06,37750.0,100,Sell,227571395
2024-07-31 09:55:42,37750.0,100,Buy,227572194
2024-07-31 09:56:02,37750.0,100,Buy,227572689
2024-07-31 09:56:25,37750.0,800,Buy,227573230
2024-07-31 09:56:25,37750.0,1000,Buy,227573229
2024-07-31 09:56:25,37750.0,100,Buy,227573226
2024-07-31 09:56:25,37750.0,100,Buy,227573227
2024-07-31 09:56:25,37750.0,1000,Buy,227573228
2024-07-31 09:56:37,37750.0,4500,Sell,227573666
2024-07-31 09:57:19,37750.0,3000,Sell,227574705
2024-07-31 09:57:32,37750.0,200,Sell,227574967
2024-07-31 09:57:33,37750.0,3400,Sell,227574998
2024-07-31 09:57:42,37750.0,200,Sell,227575149
2024-07-31 09:57:43,37750.0,100,Sell,227575171
2024-07-31 09:57:43,37750.0,900,Sell,227575172
2024-07-31 09:57:45,37750.0,500,Sell,227575227
2024-07-31 09:57:46,37750.0,600,Sell,227575268
2024-07-31 09:57:46,37750.0,400,Sell,227575269
2024-07-31 09:58:12,37700.0,400,Sell,227575688
2024-07-31 09:58:12,37700.0,400,Sell,227575689
2024-07-31 09:58:12,37700.0,100,Sell,227575690
2024-07-31 09:58:12,37700.0,500,Sell,227575691
2024-07-31 09:58:12,37700.0,1000,Sell,227575692
2024-07-31 09:58:32,37650.0,500,Sell,227576223
2024-07-31 09:58:32,37650.0,100,Sell,227576224
2024-07-31 09:58:34,37650.0,200,Sell,227576283
2024-07-31 09:58:34,37650.0,500,Sell,227576282
2024-07-31 09:58:34,37650.0,2400,Sell,227576281
2024-07-31 09:59:24,37650.0,200,Buy,227577491
2024-07-31 09:59:31,37650.0,100,Buy,227577655
2024-07-31 10:00:03,37650.0,100,Sell,227578382
2024-07-31 10:00:07,37700.0,800,Buy,227578514
2024-07-31 10:00:14,37650.0,100,Sell,227578673
2024-07-31 10:00:20,37650.0,100,Sell,227578792
2024-07-31 10:00:45,37600.0,100,Sell,227579671
2024-07-31 10:01:00,37650.0,100,Buy,227580058
2024-07-31 10:01:03,37700.0,200,Buy,227580081
2024-07-31 10:01:12,37700.0,1600,Buy,227580262
2024-07-31 10:01:12,37700.0,400,Buy,227580263
2024-07-31 10:01:14,37700.0,200,Buy,227580303
2024-07-31 10:01:28,37650.0,1000,Sell,227580567
2024-07-31 10:02:36,37700.0,1000,Buy,227581872
2024-07-31 10:02:47,37750.0,500,Buy,227582081
2024-07-31 10:02:47,37750.0,200,Buy,227582082
2024-07-31 10:02:47,37750.0,3000,Buy,227582083
2024-07-31 10:02:47,37750.0,100,Buy,227582084
2024-07-31 10:02:47,37750.0,1000,Buy,227582080
2024-07-31 10:02:53,37750.0,300,Buy,227582177
2024-07-31 10:02:53,37700.0,600,Sell,227582181
2024-07-31 10:03:16,37700.0,400,Sell,227582737
2024-07-31 10:03:16,37700.0,600,Sell,227582738
2024-07-31 10:03:26,37700.0,900,Sell,227583059
2024-07-31 10:03:57,37650.0,600,Sell,227583692
2024-07-31 10:04:00,37650.0,300,Sell,227583754
2024-07-31 10:04:00,37650.0,100,Sell,227583755
2024-07-31 10:04:05,37650.0,100,Sell,227583906
2024-07-31 10:04:12,37650.0,1800,Sell,227584072
2024-07-31 10:04:12,37650.0,200,Sell,227584073
2024-07-31 10:04:12,37650.0,300,Sell,227584074
2024-07-31 10:04:16,37750.0,3500,Buy,227584190
2024-07-31 10:04:16,37750.0,600,Buy,227584187
2024-07-31 10:04:16,37750.0,100,Buy,227584189
2024-07-31 10:04:16,37700.0,200,Buy,227584185
2024-07-31 10:04:16,37700.0,1000,Buy,227584184
2024-07-31 10:04:16,37750.0,1600,Buy,227584186
2024-07-31 10:04:16,37750.0,1000,Buy,227584188
2024-07-31 10:04:27,37750.0,1500,Buy,227584446
2024-07-31 10:04:27,37750.0,100,Buy,227584447
2024-07-31 10:05:06,37650.0,200,Sell,227585276
2024-07-31 10:05:45,37650.0,100,Sell,227586444
2024-07-31 10:06:00,37750.0,1000,Buy,227586932
2024-07-31 10:06:00,37750.0,3100,Buy,227586930
2024-07-31 10:06:00,37750.0,1000,Buy,227586931
2024-07-31 10:06:34,37750.0,100,Sell,227588080
2024-07-31 10:07:15,37800.0,2000,Buy,227588964
2024-07-31 10:07:23,37800.0,500,Buy,227589165
2024-07-31 10:07:23,37800.0,100,Buy,227589164
2024-07-31 10:07:23,37800.0,3000,Buy,227589161
2024-07-31 10:07:23,37800.0,500,Buy,227589162
2024-07-31 10:07:23,37800.0,1000,Buy,227589163
2024-07-31 10:07:24,37800.0,100,Buy,227589196
2024-07-31 10:07:24,37800.0,500,Buy,227589197
2024-07-31 10:07:24,37800.0,500,Buy,227589198
2024-07-31 10:07:24,37800.0,100,Buy,227589199
2024-07-31 10:07:24,37800.0,100,Buy,227589200
2024-07-31 10:07:24,37800.0,500,Buy,227589201
2024-07-31 10:07:24,37800.0,2500,Buy,227589195
2024-07-31 10:07:45,37850.0,1000,Buy,227589583
2024-07-31 10:07:45,37850.0,100,Buy,227589584
2024-07-31 10:07:45,37850.0,5000,Buy,227589585
2024-07-31 10:07:45,37850.0,500,Buy,227589586
2024-07-31 10:07:45,37850.0,300,Buy,227589587
2024-07-31 10:07:45,37850.0,100,Buy,227589582
2024-07-31 10:07:46,37850.0,100,Buy,227589619
2024-07-31 10:07:53,37900.0,5000,Buy,227589903
2024-07-31 10:07:53,37900.0,2000,Buy,227589902
2024-07-31 10:07:57,37800.0,500,Sell,227589977
2024-07-31 10:08:08,37800.0,2000,Sell,227590208
2024-07-31 10:08:34,37800.0,2000,Sell,227590784
2024-07-31 10:08:54,37800.0,1000,Sell,227591154
2024-07-31 10:09:15,37800.0,500,Sell,227591590
2024-07-31 10:09:22,37800.0,500,Sell,227591733
2024-07-31 10:10:13,37800.0,200,Buy,227592981
2024-07-31 10:10:23,37800.0,300,Buy,227593152
2024-07-31 10:10:23,37800.0,200,Buy,227593153
2024-07-31 10:11:00,37900.0,400,Buy,227593983
2024-07-31 10:11:00,37850.0,200,Buy,227593982
2024-07-31 10:11:00,37850.0,100,Buy,227593980
2024-07-31 10:11:00,37850.0,200,Buy,227593979
2024-07-31 10:11:00,37850.0,100,Buy,227593981
2024-07-31 10:11:11,37900.0,2000,Buy,227594204
2024-07-31 10:11:27,37800.0,100,Buy,227594578
2024-07-31 10:11:27,37900.0,900,Buy,227594581
2024-07-31 10:11:34,37900.0,100,Buy,227594729
2024-07-31 10:11:37,37900.0,2000,Buy,227594806
2024-07-31 10:11:49,37900.0,2000,Buy,227595014
2024-07-31 10:13:20,37850.0,1000,Buy,227596874
2024-07-31 10:13:20,37850.0,1000,Buy,227596877
2024-07-31 10:13:31,37800.0,100,Sell,227597119
2024-07-31 10:13:31,37800.0,100,Sell,227597118
2024-07-31 10:13:40,37850.0,100,Buy,227597333
2024-07-31 10:13:42,37800.0,1000,Sell,227597370
2024-07-31 10:14:12,37800.0,3000,Sell,227597964
2024-07-31 10:14:12,37850.0,2000,Buy,227597960
2024-07-31 10:15:02,37800.0,100,Sell,227598982
2024-07-31 10:15:28,37800.0,5000,Sell,227599626
2024-07-31 10:16:32,37800.0,100,Sell,227601109
2024-07-31 10:16:33,37800.0,1600,Sell,227601125
2024-07-31 10:16:33,37800.0,100,Sell,227601126
2024-07-31 10:16:33,37800.0,300,Sell,227601127
2024-07-31 10:16:33,37800.0,500,Sell,227601128
2024-07-31 10:17:14,37800.0,100,Buy,227601950
2024-07-31 10:17:18,37800.0,300,Buy,227602173
2024-07-31 10:17:21,37800.0,200,Sell,227602216
2024-07-31 10:17:36,37800.0,100,Sell,227602566
2024-07-31 10:17:59,37800.0,100,Sell,227602954
2024-07-31 10:18:23,37850.0,1000,Buy,227603437
2024-07-31 10:18:23,37850.0,500,Buy,227603438
2024-07-31 10:18:23,37850.0,500,Buy,227603436
2024-07-31 10:18:53,37850.0,800,Buy,227604033
2024-07-31 10:18:53,37850.0,2000,Buy,227604034
2024-07-31 10:18:53,37850.0,200,Buy,227604035
2024-07-31 10:19:38,37850.0,200,Buy,227604974
2024-07-31 10:20:05,37850.0,1000,Buy,227605444
2024-07-31 10:20:05,37850.0,900,Buy,227605446
2024-07-31 10:20:05,37850.0,100,Buy,227605442
2024-07-31 10:20:05,37850.0,100,Buy,227605443
2024-07-31 10:20:05,37850.0,100,Buy,227605445
2024-07-31 10:20:05,37850.0,600,Buy,227605441
2024-07-31 10:20:19,37850.0,100,Buy,227605715
2024-07-31 10:20:37,37850.0,1000,Buy,227606076
2024-07-31 10:20:37,37850.0,1000,Buy,227606077
2024-07-31 10:20:37,37850.0,100,Buy,227606078
2024-07-31 10:20:37,37850.0,500,Buy,227606079
2024-07-31 10:20:45,37850.0,500,Buy,227606205
2024-07-31 10:21:28,37800.0,500,Sell,227607066
2024-07-31 10:22:01,37800.0,4300,Sell,227607642
2024-07-31 10:22:01,37800.0,100,Sell,227607641
2024-07-31 10:22:01,37800.0,200,Sell,227607640
2024-07-31 10:22:07,37850.0,100,Buy,227607731
2024-07-31 10:22:07,37850.0,300,Buy,227607732
2024-07-31 10:22:07,37850.0,100,Buy,227607733
2024-07-31 10:22:07,37850.0,100,Buy,227607730
2024-07-31 10:22:36,37800.0,2000,Sell,227608241
2024-07-31 10:22:46,37800.0,200,Sell,227608441
2024-07-31 10:23:28,37850.0,100,Buy,227609185
2024-07-31 10:23:29,37850.0,100,Buy,227609194
2024-07-31 10:23:34,37850.0,500,Buy,227609281
2024-07-31 10:23:38,37800.0,100,Sell,227609327
2024-07-31 10:23:42,37850.0,100,Buy,227609402
2024-07-31 10:24:25,37850.0,400,Buy,227610397
2024-07-31 10:24:25,37850.0,100,Buy,227610396
2024-07-31 10:24:27,37850.0,500,Buy,227610421
2024-07-31 10:25:02,37850.0,100,Buy,227611538
2024-07-31 10:25:02,37850.0,800,Buy,227611539
2024-07-31 10:25:08,37850.0,200,Buy,227611663
2024-07-31 10:25:08,37850.0,500,Buy,227611664
2024-07-31 10:25:08,37850.0,100,Buy,227611665
2024-07-31 10:25:08,37850.0,700,Buy,227611666
2024-07-31 10:25:49,37800.0,2000,Sell,227612356
2024-07-31 10:26:10,37800.0,100,Sell,227612711
2024-07-31 10:26:23,37800.0,1200,Sell,227612917
2024-07-31 10:26:29,37800.0,900,Sell,227613001
2024-07-31 10:26:29,37800.0,100,Sell,227613000
2024-07-31 10:27:13,37800.0,200,Sell,227613734
2024-07-31 10:27:57,37850.0,300,Buy,227614425
2024-07-31 10:27:57,37850.0,300,Buy,227614426
2024-07-31 10:27:57,37850.0,400,Buy,227614427
2024-07-31 10:28:13,37850.0,100,Buy,227614688
2024-07-31 10:28:13,37850.0,1000,Buy,227614685
2024-07-31 10:28:13,37850.0,100,Buy,227614687
2024-07-31 10:28:13,37850.0,2000,Buy,227614683
2024-07-31 10:28:13,37850.0,100,Buy,227614684
2024-07-31 10:28:13,37850.0,600,Buy,227614681
2024-07-31 10:28:13,37850.0,100,Buy,227614686
2024-07-31 10:28:13,37850.0,1000,Buy,227614682
2024-07-31 10:28:29,37850.0,1000,Sell,227614913
2024-07-31 10:29:01,37850.0,100,Sell,227615505
2024-07-31 10:29:15,37900.0,100,Buy,227615731
2024-07-31 10:29:15,37850.0,3900,Sell,227615740
2024-07-31 10:29:15,37850.0,1100,Sell,227615741
2024-07-31 10:29:37,37850.0,900,Sell,227616074
2024-07-31 10:29:37,37850.0,600,Sell,227616075
2024-07-31 10:30:02,37850.0,100,Sell,227616625
2024-07-31 10:30:23,37900.0,100,Buy,227617209
2024-07-31 10:30:55,37900.0,100,Buy,227617843
2024-07-31 10:30:55,37850.0,500,Sell,227617844
2024-07-31 10:30:55,37900.0,100,Buy,227617841
2024-07-31 10:30:55,37900.0,100,Buy,227617842
2024-07-31 10:31:07,37850.0,200,Sell,227618030
2024-07-31 10:31:09,37850.0,600,Sell,227618044
2024-07-31 10:31:09,37850.0,500,Sell,227618045
2024-07-31 10:31:21,37850.0,100,Buy,227618327
2024-07-31 10:31:39,37850.0,100,Buy,227618620
2024-07-31 10:32:20,37800.0,2000,Sell,227619344
2024-07-31 10:32:57,37800.0,15200,Sell,227619902
2024-07-31 10:32:57,37800.0,100,Sell,227619862
2024-07-31 10:32:57,37800.0,1900,Sell,227619861
2024-07-31 10:33:16,37800.0,1000,Sell,227620143
2024-07-31 10:33:45,37800.0,1000,Sell,227620650
2024-07-31 10:33:52,37800.0,100,Sell,227620770
2024-07-31 10:34:04,37800.0,100,Sell,227620971
2024-07-31 10:34:09,37800.0,500,Sell,227621072
2024-07-31 10:34:37,37800.0,600,Sell,227621559
2024-07-31 10:35:14,37800.0,2000,Sell,227622435
2024-07-31 10:35:46,37800.0,5000,Sell,227623062
2024-07-31 10:35:53,37850.0,600,Buy,227623147
2024-07-31 10:35:53,37850.0,700,Buy,227623148
2024-07-31 10:36:45,37800.0,3000,Sell,227624212
2024-07-31 10:36:46,37800.0,500,Sell,227624238
2024-07-31 10:36:46,37800.0,100,Sell,227624237
2024-07-31 10:36:46,37800.0,100,Sell,227624236
2024-07-31 10:36:46,37800.0,500,Sell,227624233
2024-07-31 10:36:46,37800.0,200,Sell,227624234
2024-07-31 10:36:46,37800.0,100,Sell,227624232
2024-07-31 10:36:46,37800.0,11500,Sell,227624231
2024-07-31 10:36:46,37800.0,1000,Sell,227624235
2024-07-31 10:37:03,37800.0,2000,Sell,227624523
2024-07-31 10:37:03,37800.0,200,Sell,227624524
2024-07-31 10:37:03,37800.0,2000,Sell,227624525
2024-07-31 10:38:51,37750.0,1000,Sell,227627065
2024-07-31 10:38:51,37750.0,1500,Sell,227627064
2024-07-31 10:38:51,37750.0,500,Sell,227627063
2024-07-31 10:38:51,37750.0,200,Sell,227627061
2024-07-31 10:38:51,37750.0,3900,Sell,227627060
2024-07-31 10:38:51,37750.0,4800,Sell,227627059
2024-07-31 10:38:51,37750.0,3000,Sell,227627062
2024-07-31 10:38:57,37700.0,100,Sell,227627173
2024-07-31 10:38:57,37700.0,400,Sell,227627174
2024-07-31 10:39:14,37750.0,100,Buy,227627769
2024-07-31 10:40:14,37800.0,800,Buy,227629063
2024-07-31 10:40:14,37800.0,500,Buy,227629064
2024-07-31 10:41:07,37800.0,200,Buy,227629916
2024-07-31 10:41:09,37800.0,100,Buy,227629942
2024-07-31 10:41:23,37750.0,200,Sell,227630170
2024-07-31 10:41:40,37750.0,200,Buy,227630470
2024-07-31 10:41:53,37750.0,200,Buy,227630729
2024-07-31 10:41:56,37750.0,200,Buy,227630790
2024-07-31 10:41:59,37750.0,200,Buy,227630895
2024-07-31 10:42:57,37750.0,400,Buy,227632108
2024-07-31 10:42:57,37750.0,500,Buy,227632109
2024-07-31 10:42:57,37750.0,100,Buy,227632110
2024-07-31 10:43:01,37750.0,100,Buy,227632181
2024-07-31 10:43:10,37750.0,100,Buy,227632302
2024-07-31 10:43:13,37750.0,200,Buy,227632351
2024-07-31 10:43:17,37750.0,500,Buy,227632450
2024-07-31 10:43:18,37750.0,2000,Buy,227632495
2024-07-31 10:43:30,37750.0,600,Buy,227632713
2024-07-31 10:43:35,37750.0,1000,Buy,227632898
2024-07-31 10:45:00,37750.0,400,Buy,227634691
2024-07-31 10:45:00,37750.0,4100,Buy,227634692
2024-07-31 10:45:01,37750.0,4400,Sell,227634720
2024-07-31 10:46:23,37700.0,800,Sell,227636424
2024-07-31 10:46:41,37700.0,200,Sell,227636831
2024-07-31 10:46:41,37700.0,100,Sell,227636832
2024-07-31 10:46:55,37700.0,200,Sell,227637086
2024-07-31 10:46:55,37700.0,200,Sell,227637084
2024-07-31 10:46:55,37700.0,100,Sell,227637085
2024-07-31 10:46:55,37700.0,100,Sell,227637082
2024-07-31 10:46:55,37700.0,100,Sell,227637081
2024-07-31 10:46:55,37700.0,300,Sell,227637083
2024-07-31 10:47:32,37750.0,500,Buy,227637907
2024-07-31 10:48:11,37700.0,600,Sell,227638909
2024-07-31 10:48:45,37700.0,100,Sell,227639817
2024-07-31 10:48:52,37650.0,200,Sell,227639935
2024-07-31 10:48:52,37600.0,2000,Sell,227639941
2024-07-31 10:48:52,37600.0,3000,Sell,227639940
2024-07-31 10:48:52,37600.0,300,Sell,227639939
2024-07-31 10:48:52,37600.0,4000,Sell,227639938
2024-07-31 10:48:52,37600.0,1000,Sell,227639937
2024-07-31 10:48:52,37600.0,200,Sell,227639936
2024-07-31 10:48:52,37650.0,2000,Sell,227639934
2024-07-31 10:48:52,37650.0,100,Sell,227639928
2024-07-31 10:48:52,37650.0,1600,Sell,227639932
2024-07-31 10:48:52,37650.0,100,Sell,227639931
2024-07-31 10:48:52,37650.0,300,Sell,227639930
2024-07-31 10:48:52,37650.0,400,Sell,227639929
2024-07-31 10:48:52,37650.0,200,Sell,227639927
2024-07-31 10:48:52,37700.0,500,Sell,227639926
2024-07-31 10:48:52,37700.0,100,Sell,227639925
2024-07-31 10:48:52,37700.0,1100,Sell,227639924
2024-07-31 10:48:52,37650.0,1000,Sell,227639933
2024-07-31 10:49:13,37500.0,100,Sell,227640762
2024-07-31 10:49:13,37500.0,100,Sell,227640763
2024-07-31 10:49:13,37500.0,500,Sell,227640764
2024-07-31 10:49:13,37500.0,500,Sell,227640768
2024-07-31 10:49:13,37500.0,8000,Sell,227640766
2024-07-31 10:49:13,37500.0,200,Sell,227640767
2024-07-31 10:49:13,37500.0,500,Sell,227640765
2024-07-31 10:49:13,37500.0,600,Sell,227640761
2024-07-31 10:49:13,37500.0,300,Sell,227640758
2024-07-31 10:49:13,37500.0,1000,Sell,227640759
2024-07-31 10:49:13,37500.0,200,Sell,227640760
2024-07-31 10:49:13,37550.0,500,Sell,227640751
2024-07-31 10:49:13,37550.0,500,Sell,227640752
2024-07-31 10:49:13,37550.0,1000,Sell,227640753
2024-07-31 10:49:13,37500.0,3000,Sell,227640757
2024-07-31 10:49:13,37500.0,500,Sell,227640755
2024-07-31 10:49:13,37550.0,1800,Sell,227640754
2024-07-31 10:49:13,37500.0,500,Sell,227640756
2024-07-31 10:49:16,37500.0,100,Buy,227640827
2024-07-31 10:49:22,37500.0,100,Buy,227640954
2024-07-31 10:49:24,37500.0,20000,Buy,227640987
2024-07-31 10:49:25,37500.0,1800,Buy,227641020
2024-07-31 10:49:43,37600.0,200,Buy,227641459
2024-07-31 10:50:21,37600.0,500,Buy,227642092
2024-07-31 10:50:26,37600.0,1200,Buy,227642256
2024-07-31 10:50:26,37600.0,500,Buy,227642257
2024-07-31 10:51:11,37800.0,300,Buy,227643628
2024-07-31 10:51:11,37800.0,1200,Buy,227643627
2024-07-31 10:51:11,37750.0,1200,Buy,227643626
2024-07-31 10:51:11,37750.0,500,Buy,227643624
2024-07-31 10:51:11,37750.0,100,Buy,227643622
2024-07-31 10:51:11,37750.0,1000,Buy,227643625
2024-07-31 10:51:11,37750.0,700,Buy,227643623
2024-07-31 10:51:21,37800.0,500,Buy,227644041
2024-07-31 10:51:21,37800.0,700,Buy,227644038
2024-07-31 10:51:21,37800.0,500,Buy,227644039
2024-07-31 10:51:21,37800.0,300,Buy,227644040
2024-07-31 10:51:42,37800.0,100,Buy,227644720
2024-07-31 10:52:08,37800.0,200,Sell,227645352
2024-07-31 10:52:30,37800.0,800,Buy,227645832
2024-07-31 10:52:30,37800.0,200,Buy,227645833
2024-07-31 10:52:55,37800.0,100,Buy,227646448
2024-07-31 10:54:54,37800.0,400,Buy,227650037
2024-07-31 10:55:06,37800.0,200,Buy,227650473
2024-07-31 10:56:40,37800.0,2000,Sell,227653279
2024-07-31 10:56:40,37800.0,300,Buy,227653262
2024-07-31 10:56:40,37800.0,500,Buy,227653261
2024-07-31 10:56:40,37800.0,1000,Buy,227653260
2024-07-31 10:56:40,37800.0,1000,Buy,227653258
2024-07-31 10:56:40,37800.0,100,Buy,227653257
2024-07-31 10:56:40,37800.0,800,Buy,227653256
2024-07-31 10:56:40,37800.0,400,Buy,227653259
2024-07-31 10:57:11,37800.0,3900,Sell,227654060
2024-07-31 10:57:23,37800.0,200,Buy,227654295
2024-07-31 10:58:08,37800.0,100,Buy,227655217
2024-07-31 10:59:22,37800.0,100,Buy,227656798
2024-07-31 10:59:51,37700.0,400,Sell,227657320
2024-07-31 10:59:51,37650.0,8300,Sell,227657321
2024-07-31 10:59:51,37700.0,300,Sell,227657319
2024-07-31 10:59:51,37700.0,1000,Sell,227657318
2024-07-31 11:00:59,37650.0,500,Sell,227658484
2024-07-31 11:01:28,37650.0,400,Sell,227659136
2024-07-31 11:01:28,37650.0,400,Sell,227659135
2024-07-31 11:01:32,37650.0,100,Sell,227659209
2024-07-31 11:04:31,37650.0,100,Sell,227662680
2024-07-31 11:04:31,37650.0,200,Sell,227662681
2024-07-31 11:04:31,37650.0,100,Sell,227662682
2024-07-31 11:05:13,37800.0,100,Buy,227663828
2024-07-31 11:05:39,37800.0,400,Buy,227664247
2024-07-31 11:05:39,37800.0,1600,Buy,227664246
2024-07-31 11:07:21,37750.0,500,Buy,227666079
2024-07-31 11:07:21,37750.0,4000,Buy,227666080
2024-07-31 11:07:51,37750.0,1000,Buy,227666491
2024-07-31 11:07:51,37750.0,100,Buy,227666492
2024-07-31 11:08:14,37750.0,900,Sell,227666772
2024-07-31 11:08:56,37750.0,600,Buy,227667419
2024-07-31 11:10:54,37700.0,2000,Sell,227669306
2024-07-31 11:10:54,37700.0,300,Sell,227669307
2024-07-31 11:11:36,37700.0,200,Buy,227670019
2024-07-31 11:11:39,37700.0,200,Buy,227670037
2024-07-31 11:12:07,37700.0,500,Buy,227670419
2024-07-31 11:12:31,37700.0,300,Buy,227670754
2024-07-31 11:13:02,37750.0,100,Buy,227671246
2024-07-31 11:14:11,37700.0,100,Sell,227672196
2024-07-31 11:15:33,37700.0,100,Buy,227673286
2024-07-31 11:17:35,37750.0,100,Buy,227675373
2024-07-31 11:17:52,37650.0,1000,Sell,227675661
2024-07-31 11:18:22,37750.0,100,Buy,227676020
2024-07-31 11:21:07,37750.0,200,Buy,227678515
2024-07-31 11:24:19,37700.0,500,Sell,227681372
2024-07-31 11:24:46,37700.0,900,Sell,227681865
2024-07-31 11:25:49,37700.0,2000,Sell,227682722
2024-07-31 11:26:26,37700.0,1000,Sell,227683328
2024-07-31 11:26:38,37750.0,100,Buy,227683444
2024-07-31 11:27:09,37700.0,600,Sell,227683815
2024-07-31 11:27:09,37700.0,500,Sell,227683816
2024-07-31 11:27:09,37700.0,200,Sell,227683817
2024-07-31 11:28:23,37700.0,700,Buy,227684713
2024-07-31 11:28:23,37700.0,1000,Buy,227684714
2024-07-31 11:28:23,37700.0,1300,Buy,227684715
2024-07-31 11:29:16,37700.0,700,Buy,227685514
2024-07-31 11:29:16,37700.0,600,Buy,227685515
2024-07-31 11:29:23,37700.0,800,Sell,227685599
2024-07-31 12:59:39,37700.0,100,Buy,227687024
2024-07-31 12:59:42,37700.0,1100,Buy,227688100
2024-07-31 12:59:42,37650.0,600,Sell,227688108
2024-07-31 12:59:42,37650.0,100,Sell,227688107
2024-07-31 12:59:42,37650.0,200,Sell,227688106
2024-07-31 12:59:42,37700.0,500,Buy,227688101
2024-07-31 12:59:42,37650.0,200,Sell,227688104
2024-07-31 12:59:42,37700.0,400,Sell,227688102
2024-07-31 12:59:42,37650.0,100,Sell,227688105
2024-07-31 12:59:42,37650.0,2900,Sell,227688103
2024-07-31 12:59:45,37700.0,100,Sell,227689054
2024-07-31 12:59:45,37700.0,100,Sell,227689055
2024-07-31 12:59:46,37700.0,7900,Sell,227689422
2024-07-31 12:59:46,37700.0,10000,Sell,227689423
2024-07-31 12:59:46,37650.0,3100,Sell,227689424
2024-07-31 12:59:46,37750.0,2900,Buy,227689425
2024-07-31 12:59:46,37750.0,100,Buy,227689426
2024-07-31 12:59:47,37650.0,3000,Sell,227689578
2024-07-31 12:59:48,37650.0,2000,Sell,227689818
2024-07-31 12:59:52,37650.0,1000,Sell,227690309
2024-07-31 12:59:56,37650.0,500,Sell,227690857
2024-07-31 12:59:56,37650.0,200,Sell,227690856
2024-07-31 12:59:56,37650.0,200,Sell,227690858
2024-07-31 12:59:56,37700.0,500,Sell,227690842
2024-07-31 12:59:56,37700.0,400,Sell,227690841
2024-07-31 12:59:56,37650.0,300,Sell,227690855
2024-07-31 12:59:56,37700.0,100,Sell,227690784
2024-07-31 13:00:26,37650.0,600,Sell,227692190
2024-07-31 13:00:33,37700.0,5000,Buy,227692318
2024-07-31 13:01:03,37650.0,100,Sell,227693109
2024-07-31 13:03:08,37650.0,5000,Sell,227696037
2024-07-31 13:03:54,37650.0,1200,Sell,227697315
2024-07-31 13:04:56,37750.0,200,Buy,227698661
2024-07-31 13:05:43,37700.0,500,Sell,227699835
2024-07-31 13:05:52,37700.0,100,Buy,227700064
2024-07-31 13:06:09,37700.0,1900,Buy,227700510
2024-07-31 13:06:19,37700.0,200,Buy,227700776
2024-07-31 13:06:31,37650.0,2900,Sell,227701139
2024-07-31 13:06:31,37650.0,100,Sell,227701140
2024-07-31 13:06:40,37700.0,1300,Buy,227701341
2024-07-31 13:06:40,37700.0,200,Buy,227701342
2024-07-31 13:06:52,37700.0,500,Sell,227701659
2024-07-31 13:06:53,37750.0,500,Buy,227701670
2024-07-31 13:07:14,37750.0,400,Buy,227702275
2024-07-31 13:07:35,37750.0,100,Buy,227702839
2024-07-31 13:07:50,37750.0,3000,Buy,227703356
2024-07-31 13:07:53,37750.0,200,Buy,227703434
2024-07-31 13:08:39,37750.0,500,Buy,227704781
2024-07-31 13:08:52,37750.0,400,Buy,227705086
2024-07-31 13:08:52,37750.0,100,Buy,227705087
2024-07-31 13:08:52,37700.0,200,Sell,227705096
2024-07-31 13:09:06,37750.0,200,Buy,227705536
2024-07-31 13:09:06,37750.0,300,Buy,227705537
2024-07-31 13:09:30,37700.0,500,Sell,227706131
2024-07-31 13:10:17,37750.0,100,Buy,227707370
2024-07-31 13:10:24,37750.0,1600,Buy,227707514
2024-07-31 13:10:24,37750.0,200,Buy,227707515
2024-07-31 13:10:24,37750.0,1000,Buy,227707516
2024-07-31 13:10:24,37750.0,1000,Buy,227707517
2024-07-31 13:11:24,37750.0,2000,Sell,227709184
2024-07-31 13:11:24,37750.0,100,Sell,227709183
2024-07-31 13:11:57,37750.0,100,Buy,227710026
2024-07-31 13:11:57,37750.0,200,Buy,227710027
2024-07-31 13:11:57,37750.0,1900,Buy,227710025
2024-07-31 13:12:42,37750.0,100,Buy,227711359
2024-07-31 13:13:57,37700.0,2300,Sell,227712980
2024-07-31 13:13:57,37700.0,100,Sell,227712981
2024-07-31 13:13:57,37700.0,1000,Sell,227712982
2024-07-31 13:13:57,37700.0,1600,Sell,227712983
2024-07-31 13:13:58,37700.0,400,Sell,227713021
2024-07-31 13:14:05,37700.0,200,Sell,227713190
2024-07-31 13:14:05,37700.0,3900,Sell,227713191
2024-07-31 13:14:05,37700.0,900,Sell,227713189
2024-07-31 13:14:08,37700.0,1100,Sell,227713302
2024-07-31 13:14:08,37700.0,2000,Sell,227713303
2024-07-31 13:14:08,37700.0,1900,Sell,227713304
2024-07-31 13:14:13,37700.0,1100,Sell,227713459
2024-07-31 13:14:13,37700.0,200,Sell,227713460
2024-07-31 13:14:13,37700.0,200,Sell,227713461
2024-07-31 13:14:13,37700.0,2000,Sell,227713462
2024-07-31 13:14:13,37700.0,100,Sell,227713463
2024-07-31 13:14:35,37700.0,1100,Buy,227714063
2024-07-31 13:14:45,37650.0,500,Sell,227714278
2024-07-31 13:15:33,37650.0,400,Sell,227715879
2024-07-31 13:15:33,37650.0,200,Sell,227715880
2024-07-31 13:15:33,37650.0,300,Sell,227715881
2024-07-31 13:15:33,37650.0,500,Sell,227715882
2024-07-31 13:15:33,37650.0,100,Sell,227715883
2024-07-31 13:15:33,37650.0,500,Sell,227715884
2024-07-31 13:15:44,37650.0,3300,Sell,227716220
2024-07-31 13:15:44,37650.0,100,Sell,227716221
2024-07-31 13:15:44,37650.0,100,Sell,227716222
2024-07-31 13:15:44,37650.0,700,Sell,227716224
2024-07-31 13:15:44,37650.0,300,Sell,227716227
2024-07-31 13:15:44,37650.0,200,Sell,227716223
2024-07-31 13:15:44,37650.0,100,Sell,227716225
2024-07-31 13:15:44,37650.0,200,Sell,227716226
2024-07-31 13:16:48,37650.0,500,Sell,227718206
2024-07-31 13:16:53,37650.0,1000,Sell,227718322
2024-07-31 13:17:05,37650.0,200,Sell,227718660
2024-07-31 13:17:05,37650.0,200,Sell,227718659
2024-07-31 13:17:14,37650.0,100,Buy,227718900
2024-07-31 13:17:29,37600.0,100,Sell,227719242
2024-07-31 13:17:29,37600.0,2000,Sell,227719243
2024-07-31 13:17:29,37600.0,1000,Sell,227719244
2024-07-31 13:17:29,37600.0,100,Sell,227719245
2024-07-31 13:17:29,37600.0,1800,Sell,227719246
2024-07-31 13:18:05,37600.0,200,Sell,227720339
2024-07-31 13:18:33,37600.0,2100,Sell,227721043
2024-07-31 13:18:51,37600.0,3100,Sell,227721609
2024-07-31 13:18:51,37600.0,1000,Sell,227721608
2024-07-31 13:18:51,37600.0,900,Sell,227721607
2024-07-31 13:18:51,37600.0,900,Sell,227721605
2024-07-31 13:18:51,37600.0,100,Sell,227721606
2024-07-31 13:19:01,37600.0,100,Sell,227722074
2024-07-31 13:19:24,37550.0,100,Sell,227722722
2024-07-31 13:19:24,37550.0,200,Sell,227722723
2024-07-31 13:19:48,37550.0,100,Sell,227723581
2024-07-31 13:20:08,37600.0,100,Buy,227724327
2024-07-31 13:20:11,37550.0,100,Sell,227724404
2024-07-31 13:20:21,37550.0,300,Sell,227724658
2024-07-31 13:20:21,37550.0,500,Sell,227724656
2024-07-31 13:20:21,37550.0,600,Sell,227724655
2024-07-31 13:20:21,37550.0,100,Sell,227724657
2024-07-31 13:20:40,37600.0,700,Buy,227725117
2024-07-31 13:20:41,37550.0,100,Sell,227725145
2024-07-31 13:21:17,37600.0,1000,Buy,227726323
2024-07-31 13:21:20,37600.0,100,Buy,227726397
2024-07-31 13:21:33,37600.0,500,Buy,227726811
2024-07-31 13:21:37,37550.0,500,Sell,227726915
2024-07-31 13:21:37,37550.0,100,Sell,227726914
2024-07-31 13:21:37,37550.0,100,Sell,227726913
2024-07-31 13:21:37,37550.0,2000,Sell,227726912
2024-07-31 13:21:37,37550.0,3000,Sell,227726909
2024-07-31 13:21:37,37550.0,100,Sell,227726910
2024-07-31 13:21:37,37550.0,500,Sell,227726908
2024-07-31 13:21:37,37550.0,200,Sell,227726907
2024-07-31 13:21:37,37550.0,100,Sell,227726906
2024-07-31 13:21:37,37550.0,200,Sell,227726911
2024-07-31 13:21:42,37550.0,100,Buy,227726990
2024-07-31 13:21:43,37550.0,900,Buy,227727033
2024-07-31 13:21:56,37550.0,300,Buy,227727447
2024-07-31 13:22:15,37550.0,100,Buy,227728074
2024-07-31 13:22:15,37550.0,1900,Buy,227728073
2024-07-31 13:22:41,37500.0,900,Sell,227728834
2024-07-31 13:22:41,37500.0,100,Sell,227728835
2024-07-31 13:22:57,37550.0,300,Sell,227729250
2024-07-31 13:22:57,37550.0,900,Buy,227729243
2024-07-31 13:22:57,37550.0,100,Buy,227729244
2024-07-31 13:23:04,37550.0,200,Buy,227729483
2024-07-31 13:23:11,37600.0,100,Buy,227729609
2024-07-31 13:23:11,37600.0,100,Buy,227729610
2024-07-31 13:23:11,37600.0,100,Buy,227729611
2024-07-31 13:24:01,37550.0,100,Sell,227731126
2024-07-31 13:24:01,37550.0,100,Sell,227731124
2024-07-31 13:24:01,37550.0,200,Sell,227731125
2024-07-31 13:24:22,37550.0,100,Buy,227731770
2024-07-31 13:24:38,37550.0,100,Buy,227732274
2024-07-31 13:24:54,37550.0,600,Buy,227732873
2024-07-31 13:24:58,37550.0,700,Sell,227732989
2024-07-31 13:25:17,37550.0,700,Sell,227733519
2024-07-31 13:25:18,37500.0,19400,Sell,227733551
2024-07-31 13:25:18,37500.0,300,Sell,227733548
2024-07-31 13:25:18,37500.0,200,Sell,227733549
2024-07-31 13:25:18,37500.0,100,Sell,227733550
2024-07-31 13:25:29,37500.0,4600,Sell,227733805
2024-07-31 13:25:29,37550.0,100,Sell,227733804
2024-07-31 13:26:10,37500.0,1300,Sell,227734958
2024-07-31 13:26:10,37500.0,200,Sell,227734959
2024-07-31 13:26:16,37500.0,1500,Sell,227735157
2024-07-31 13:26:36,37500.0,1300,Sell,227735646
2024-07-31 13:26:36,37500.0,600,Sell,227735647
2024-07-31 13:26:36,37500.0,400,Sell,227735648
2024-07-31 13:26:36,37500.0,1000,Sell,227735649
2024-07-31 13:26:36,37500.0,1600,Sell,227735650
2024-07-31 13:27:06,37500.0,3200,Sell,227736277
2024-07-31 13:27:26,37550.0,100,Buy,227736832
2024-07-31 13:28:54,37550.0,200,Sell,227739479
2024-07-31 13:29:40,37550.0,200,Sell,227740748
2024-07-31 13:29:46,37550.0,100,Sell,227740999
2024-07-31 13:29:46,37550.0,200,Sell,227741000
2024-07-31 13:30:02,37550.0,300,Buy,227741443
2024-07-31 13:30:26,37550.0,1200,Buy,227742046
2024-07-31 13:30:32,37550.0,100,Buy,227742247
2024-07-31 13:30:41,37600.0,100,Buy,227742475
2024-07-31 13:30:41,37600.0,100,Buy,227742476
2024-07-31 13:30:49,37550.0,100,Sell,227742692
2024-07-31 13:32:30,37600.0,200,Buy,227745645
2024-07-31 13:32:44,37600.0,1000,Buy,227746100
2024-07-31 13:33:14,37600.0,500,Buy,227746889
2024-07-31 13:33:22,37600.0,3000,Buy,227747039
2024-07-31 13:33:23,37600.0,100,Buy,227747076
2024-07-31 13:33:23,37600.0,100,Buy,227747078
2024-07-31 13:33:23,37600.0,1200,Buy,227747075
2024-07-31 13:33:23,37600.0,100,Buy,227747077
2024-07-31 13:33:27,37600.0,400,Buy,227747174
2024-07-31 13:33:44,37650.0,100,Buy,227747655
2024-07-31 13:34:04,37650.0,600,Buy,227748244
2024-07-31 13:35:38,37600.0,200,Sell,227750601
2024-07-31 13:35:42,37650.0,200,Buy,227750693
2024-07-31 13:36:04,37650.0,200,Buy,227751152
2024-07-31 13:36:04,37650.0,3000,Buy,227751154
2024-07-31 13:36:04,37650.0,2000,Buy,227751153
2024-07-31 13:36:21,37600.0,100,Sell,227751536
2024-07-31 13:36:43,37600.0,200,Sell,227751998
2024-07-31 13:37:39,37600.0,100,Sell,227753239
2024-07-31 13:37:43,37600.0,200,Sell,227753305
2024-07-31 13:39:27,37600.0,100,Buy,227755235
2024-07-31 13:39:43,37600.0,100,Buy,227755734
2024-07-31 13:40:09,37550.0,100,Sell,227756338
2024-07-31 13:40:09,37550.0,500,Sell,227756337
2024-07-31 13:40:09,37550.0,200,Sell,227756336
2024-07-31 13:40:09,37550.0,100,Sell,227756334
2024-07-31 13:40:09,37550.0,100,Sell,227756333
2024-07-31 13:40:09,37550.0,1000,Sell,227756335
2024-07-31 13:40:22,37600.0,2100,Buy,227756594
2024-07-31 13:40:31,37600.0,200,Buy,227756726
2024-07-31 13:41:07,37550.0,1200,Sell,227757344
2024-07-31 13:41:07,37550.0,100,Sell,227757345
2024-07-31 13:41:19,37550.0,500,Buy,227757563
2024-07-31 13:41:41,37550.0,2200,Buy,227757898
2024-07-31 13:41:41,37550.0,100,Buy,227757899
2024-07-31 13:42:44,37550.0,100,Sell,227759124
2024-07-31 13:42:47,37550.0,1200,Sell,227759186
2024-07-31 13:42:47,37550.0,600,Sell,227759183
2024-07-31 13:42:47,37550.0,100,Sell,227759184
2024-07-31 13:42:47,37550.0,100,Sell,227759185
2024-07-31 13:43:22,37550.0,1700,Sell,227759788
2024-07-31 13:43:22,37550.0,300,Sell,227759789
2024-07-31 13:43:24,37550.0,100,Sell,227759828
2024-07-31 13:45:43,37500.0,3000,Sell,227762795
2024-07-31 13:45:57,37500.0,400,Sell,227762978
2024-07-31 13:48:19,37500.0,900,Sell,227767074
2024-07-31 13:48:19,37500.0,200,Sell,227767073
2024-07-31 13:48:19,37500.0,500,Sell,227767072
2024-07-31 13:48:19,37500.0,200,Sell,227767070
2024-07-31 13:48:19,37500.0,100,Sell,227767066
2024-07-31 13:48:19,37500.0,100,Sell,227767065
2024-07-31 13:48:19,37500.0,800,Sell,227767064
2024-07-31 13:48:19,37500.0,400,Sell,227767071
2024-07-31 13:48:20,37500.0,100,Sell,227767125
2024-07-31 13:48:20,37500.0,200,Sell,227767126
2024-07-31 13:48:20,37500.0,100,Sell,227767127
2024-07-31 13:48:20,37500.0,1000,Sell,227767128
2024-07-31 13:48:20,37500.0,600,Sell,227767129
2024-07-31 13:48:51,37550.0,100,Buy,227768046
2024-07-31 13:50:01,37500.0,400,Sell,227770248
2024-07-31 13:50:39,37500.0,600,Sell,227771771
2024-07-31 13:51:13,37500.0,200,Sell,227772761
2024-07-31 13:51:30,37500.0,400,Sell,227773331
2024-07-31 13:51:30,37500.0,100,Sell,227773330
2024-07-31 13:51:34,37500.0,200,Sell,227773462
2024-07-31 13:51:48,37500.0,600,Sell,227773826
2024-07-31 13:51:48,37500.0,800,Sell,227773827
2024-07-31 13:51:48,37500.0,2100,Sell,227773828
2024-07-31 13:51:48,37500.0,200,Sell,227773829
2024-07-31 13:51:48,37500.0,2200,Sell,227773830
2024-07-31 13:51:50,37500.0,900,Sell,227773883
2024-07-31 13:51:59,37500.0,1800,Sell,227774167
2024-07-31 13:51:59,37500.0,600,Sell,227774166
2024-07-31 13:51:59,37500.0,4900,Sell,227774162
2024-07-31 13:51:59,37500.0,100,Sell,227774164
2024-07-31 13:51:59,37500.0,900,Sell,227774163
2024-07-31 13:51:59,37500.0,400,Sell,227774165
2024-07-31 13:52:07,37450.0,1000,Sell,227774415
2024-07-31 13:52:07,37450.0,200,Sell,227774414
2024-07-31 13:52:07,37450.0,500,Sell,227774413
2024-07-31 13:52:07,37450.0,600,Sell,227774416
2024-07-31 13:52:07,37450.0,1000,Sell,227774411
2024-07-31 13:52:07,37450.0,500,Sell,227774410
2024-07-31 13:52:07,37450.0,1700,Sell,227774409
2024-07-31 13:52:07,37450.0,1000,Sell,227774412
2024-07-31 13:52:59,37350.0,100,Sell,227777287
2024-07-31 13:52:59,37350.0,500,Sell,227777286
2024-07-31 13:52:59,37350.0,100,Sell,227777285
2024-07-31 13:52:59,37400.0,200,Sell,227777284
2024-07-31 13:52:59,37400.0,1000,Sell,227777283
2024-07-31 13:52:59,37400.0,500,Sell,227777282
2024-07-31 13:52:59,37400.0,100,Sell,227777281
2024-07-31 13:52:59,37400.0,2000,Sell,227777279
2024-07-31 13:52:59,37400.0,500,Sell,227777280
2024-07-31 13:52:59,37400.0,1000,Sell,227777277
2024-07-31 13:52:59,37400.0,500,Sell,227777270
2024-07-31 13:52:59,37400.0,200,Sell,227777271
2024-07-31 13:52:59,37400.0,100,Sell,227777272
2024-07-31 13:52:59,37400.0,200,Sell,227777278
2024-07-31 13:52:59,37400.0,2500,Sell,227777274
2024-07-31 13:52:59,37400.0,300,Sell,227777276
2024-07-31 13:52:59,37400.0,100,Sell,227777273
2024-07-31 13:52:59,37400.0,100,Sell,227777275
2024-07-31 13:53:32,37350.0,300,Sell,227778548
2024-07-31 13:53:43,37350.0,1400,Sell,227778957
2024-07-31 13:53:43,37350.0,600,Sell,227778956
2024-07-31 13:54:04,37350.0,300,Sell,227779936
2024-07-31 13:54:43,37350.0,200,Sell,227781920
2024-07-31 13:55:02,37350.0,1500,Sell,227783072
2024-07-31 13:55:02,37350.0,500,Sell,227783073
2024-07-31 13:55:05,37300.0,600,Sell,227783255
2024-07-31 13:55:05,37300.0,200,Sell,227783254
2024-07-31 13:55:05,37300.0,300,Sell,227783253
2024-07-31 13:55:05,37300.0,1200,Sell,227783252
2024-07-31 13:55:05,37300.0,100,Sell,227783251
2024-07-31 13:55:05,37300.0,100,Sell,227783249
2024-07-31 13:55:05,37350.0,500,Sell,227783247
2024-07-31 13:55:05,37350.0,300,Sell,227783246
2024-07-31 13:55:05,37350.0,200,Sell,227783245
2024-07-31 13:55:05,37350.0,500,Sell,227783244
2024-07-31 13:55:05,37300.0,1000,Sell,227783250
2024-07-31 13:55:05,37350.0,200,Sell,227783248
2024-07-31 13:55:27,37350.0,1000,Buy,227784658
2024-07-31 13:55:31,37300.0,2600,Sell,227784916
2024-07-31 13:55:31,37300.0,400,Sell,227784915
2024-07-31 13:55:32,37250.0,500,Sell,227784946
2024-07-31 13:55:32,37250.0,200,Sell,227784947
2024-07-31 13:55:50,37300.0,400,Sell,227785978
2024-07-31 13:55:52,37300.0,100,Buy,227786058
2024-07-31 13:56:01,37300.0,500,Buy,227786402
2024-07-31 13:56:14,37350.0,500,Sell,227787140
2024-07-31 13:56:18,37350.0,500,Sell,227787376
2024-07-31 13:56:21,37300.0,300,Sell,227787617
2024-07-31 13:56:29,37300.0,1000,Sell,227788096
2024-07-31 13:56:52,37300.0,1000,Sell,227789363
2024-07-31 13:57:08,37300.0,800,Sell,227790152
2024-07-31 13:57:08,37350.0,200,Sell,227790151
2024-07-31 13:57:14,37300.0,6400,Sell,227790481
2024-07-31 13:57:14,37300.0,100,Sell,227790482
2024-07-31 13:57:14,37300.0,200,Sell,227790483
2024-07-31 13:57:14,37300.0,1000,Sell,227790484
2024-07-31 13:57:14,37300.0,100,Sell,227790485
2024-07-31 13:57:14,37300.0,2200,Sell,227790486
2024-07-31 13:57:14,37350.0,200,Buy,227790497
2024-07-31 13:57:30,37350.0,1800,Sell,227791337
2024-07-31 13:57:44,37350.0,1500,Buy,227791896
2024-07-31 13:57:44,37350.0,5000,Buy,227791895
2024-07-31 13:58:31,37300.0,500,Sell,227794476
2024-07-31 13:58:33,37300.0,1000,Sell,227794576
2024-07-31 13:58:35,37300.0,1300,Sell,227794716
2024-07-31 13:58:35,37300.0,200,Sell,227794717
2024-07-31 13:58:35,37300.0,100,Sell,227794718
2024-07-31 13:58:35,37300.0,200,Sell,227794719
2024-07-31 13:58:45,37300.0,200,Buy,227795170
2024-07-31 13:58:45,37300.0,500,Buy,227795171
2024-07-31 13:58:52,37300.0,300,Sell,227795495
2024-07-31 13:58:56,37300.0,1000,Buy,227795707
2024-07-31 13:59:38,37300.0,500,Buy,227798397
2024-07-31 13:59:51,37250.0,800,Sell,227799169
2024-07-31 13:59:51,37250.0,500,Sell,227799170
2024-07-31 13:59:51,37250.0,1000,Sell,227799171
2024-07-31 13:59:51,37250.0,300,Sell,227799168
2024-07-31 14:00:13,37200.0,300,Sell,227800230
2024-07-31 14:00:14,37200.0,100,Sell,227800264
2024-07-31 14:00:22,37200.0,200,Sell,227800593
2024-07-31 14:00:22,37200.0,1800,Sell,227800595
2024-07-31 14:00:22,37200.0,100,Sell,227800591
2024-07-31 14:00:22,37200.0,100,Sell,227800592
2024-07-31 14:00:22,37200.0,100,Sell,227800594
2024-07-31 14:00:22,37200.0,1600,Sell,227800590
2024-07-31 14:00:26,37200.0,200,Sell,227800718
2024-07-31 14:00:26,37200.0,1000,Sell,227800719
2024-07-31 14:00:43,37200.0,4600,Buy,227801443
2024-07-31 14:00:43,37200.0,1000,Buy,227801444
2024-07-31 14:00:49,37250.0,400,Buy,227801860
2024-07-31 14:00:49,37250.0,1600,Buy,227801861
2024-07-31 14:01:14,37250.0,300,Buy,227803215
2024-07-31 14:01:14,37250.0,200,Buy,227803216
2024-07-31 14:01:18,37250.0,100,Buy,227803360
2024-07-31 14:01:21,37200.0,4400,Sell,227803505
2024-07-31 14:01:21,37200.0,1000,Sell,227803506
2024-07-31 14:01:22,37200.0,500,Buy,227803548
2024-07-31 14:01:27,37200.0,100,Buy,227803781
2024-07-31 14:01:40,37200.0,2000,Buy,227804289
2024-07-31 14:02:02,37200.0,500,Buy,227805291
2024-07-31 14:02:06,37200.0,100,Buy,227805429
2024-07-31 14:02:08,37200.0,300,Buy,227805519
2024-07-31 14:02:10,37150.0,100,Sell,227805587
2024-07-31 14:02:10,37150.0,300,Sell,227805589
2024-07-31 14:02:10,37150.0,200,Sell,227805588
2024-07-31 14:02:10,37150.0,100,Sell,227805586
2024-07-31 14:02:10,37150.0,100,Sell,227805584
2024-07-31 14:02:10,37150.0,100,Sell,227805585
2024-07-31 14:02:10,37150.0,100,Sell,227805583
2024-07-31 14:02:13,37200.0,200,Buy,227805639
2024-07-31 14:02:18,37200.0,100,Buy,227805863
2024-07-31 14:02:25,37200.0,800,Buy,227806120
2024-07-31 14:02:25,37200.0,200,Buy,227806127
2024-07-31 14:02:27,37200.0,1800,Buy,227806195
2024-07-31 14:02:27,37200.0,300,Buy,227806196
2024-07-31 14:02:28,37200.0,300,Sell,227806215
2024-07-31 14:02:48,37250.0,1000,Buy,227807069
2024-07-31 14:02:48,37250.0,3000,Buy,227807070
2024-07-31 14:03:17,37250.0,300,Sell,227808029
2024-07-31 14:03:17,37250.0,200,Sell,227808028
2024-07-31 14:03:17,37250.0,1000,Sell,227808025
2024-07-31 14:03:17,37250.0,800,Sell,227808026
2024-07-31 14:03:17,37250.0,300,Sell,227808027
2024-07-31 14:03:17,37300.0,600,Buy,227808024
2024-07-31 14:03:21,37250.0,5000,Buy,227808165
2024-07-31 14:03:35,37250.0,200,Buy,227808621
2024-07-31 14:03:36,37250.0,1600,Buy,227808660
2024-07-31 14:03:51,37300.0,1000,Buy,227809240
2024-07-31 14:03:55,37250.0,200,Sell,227809424
2024-07-31 14:03:58,37300.0,9000,Buy,227809561
2024-07-31 14:03:58,37300.0,500,Buy,227809562
2024-07-31 14:05:48,37350.0,100,Buy,227813300
2024-07-31 14:06:14,37350.0,900,Buy,227814137
2024-07-31 14:06:26,37350.0,500,Buy,227814551
2024-07-31 14:06:37,37350.0,200,Buy,227814993
2024-07-31 14:06:37,37350.0,100,Buy,227814994
2024-07-31 14:06:41,37350.0,500,Buy,227815104
2024-07-31 14:06:54,37400.0,100,Buy,227815443
2024-07-31 14:06:54,37400.0,100,Buy,227815444
2024-07-31 14:07:00,37400.0,100,Buy,227815675
2024-07-31 14:07:05,37400.0,300,Buy,227815874
2024-07-31 14:07:21,37350.0,300,Sell,227816334
2024-07-31 14:07:42,37400.0,2800,Buy,227816922
2024-07-31 14:07:48,37400.0,3100,Buy,227817042
2024-07-31 14:07:57,37350.0,600,Sell,227817279
2024-07-31 14:07:57,37350.0,100,Sell,227817280
2024-07-31 14:07:57,37350.0,500,Sell,227817281
2024-07-31 14:07:57,37350.0,200,Sell,227817282
2024-07-31 14:07:57,37350.0,600,Sell,227817283
2024-07-31 14:08:35,37350.0,100,Sell,227818346
2024-07-31 14:08:35,37350.0,500,Sell,227818345
2024-07-31 14:08:35,37350.0,100,Sell,227818344
2024-07-31 14:08:35,37350.0,500,Sell,227818342
2024-07-31 14:08:35,37350.0,500,Sell,227818341
2024-07-31 14:08:35,37350.0,200,Sell,227818340
2024-07-31 14:08:35,37350.0,500,Sell,227818343
2024-07-31 14:08:48,37350.0,300,Buy,227818956
2024-07-31 14:09:18,37350.0,200,Sell,227819785
2024-07-31 14:09:53,37350.0,300,Buy,227820781
2024-07-31 14:09:53,37350.0,500,Buy,227820782
2024-07-31 14:09:53,37400.0,200,Buy,227820783
2024-07-31 14:10:14,37400.0,900,Buy,227821381
2024-07-31 14:11:52,37350.0,900,Sell,227824808
2024-07-31 14:11:52,37350.0,1700,Sell,227824807
2024-07-31 14:11:52,37350.0,1000,Sell,227824805
2024-07-31 14:11:52,37400.0,100,Buy,227824804
2024-07-31 14:11:52,37350.0,200,Sell,227824806
2024-07-31 14:11:55,37350.0,2000,Sell,227824912
2024-07-31 14:12:40,37400.0,900,Buy,227826136
2024-07-31 14:12:42,37350.0,100,Sell,227826181
2024-07-31 14:13:53,37400.0,100,Buy,227828603
2024-07-31 14:14:07,37400.0,500,Buy,227829190
2024-07-31 14:14:37,37350.0,1400,Sell,227830076
2024-07-31 14:14:37,37350.0,500,Sell,227830075
2024-07-31 14:14:37,37350.0,100,Sell,227830074
2024-07-31 14:14:37,37350.0,200,Sell,227830073
2024-07-31 14:14:37,37350.0,500,Sell,227830071
2024-07-31 14:14:37,37350.0,100,Sell,227830070
2024-07-31 14:14:37,37400.0,600,Buy,227830062
2024-07-31 14:14:37,37400.0,900,Buy,227830061
2024-07-31 14:14:37,37350.0,200,Sell,227830072
2024-07-31 14:15:02,37350.0,1600,Sell,227830783
2024-07-31 14:15:02,37350.0,300,Sell,227830784
2024-07-31 14:15:02,37350.0,100,Sell,227830785
2024-07-31 14:15:16,37350.0,900,Sell,227831235
2024-07-31 14:15:16,37350.0,200,Sell,227831236
2024-07-31 14:15:49,37350.0,100,Buy,227832309
2024-07-31 14:16:08,37350.0,1000,Buy,227833088
2024-07-31 14:16:34,37350.0,500,Buy,227834087
2024-07-31 14:16:39,37300.0,100,Sell,227834300
2024-07-31 14:16:45,37350.0,2000,Buy,227834655
2024-07-31 14:17:13,37300.0,100,Sell,227835932
2024-07-31 14:17:13,37300.0,1400,Sell,227835933
2024-07-31 14:17:13,37300.0,2000,Sell,227835934
2024-07-31 14:17:20,37300.0,400,Sell,227836345
2024-07-31 14:17:27,37300.0,2000,Sell,227836680
2024-07-31 14:17:39,37300.0,400,Sell,227837146
2024-07-31 14:17:39,37300.0,600,Sell,227837145
2024-07-31 14:17:40,37300.0,1700,Sell,227837320
2024-07-31 14:17:40,37300.0,200,Sell,227837319
2024-07-31 14:17:40,37300.0,500,Sell,227837318
2024-07-31 14:17:40,37300.0,100,Sell,227837317
2024-07-31 14:17:40,37300.0,300,Sell,227837310
2024-07-31 14:17:40,37300.0,4500,Sell,227837313
2024-07-31 14:17:40,37300.0,700,Sell,227837311
2024-07-31 14:17:40,37300.0,500,Sell,227837316
2024-07-31 14:17:40,37300.0,500,Sell,227837312
2024-07-31 14:17:43,37300.0,300,Sell,227837464
2024-07-31 14:17:43,37300.0,900,Sell,227837465
2024-07-31 14:17:51,37300.0,900,Sell,227837813
2024-07-31 14:17:54,37300.0,1700,Sell,227837916
2024-07-31 14:17:58,37300.0,300,Sell,227838107
2024-07-31 14:17:58,37300.0,700,Sell,227838109
2024-07-31 14:17:58,37300.0,300,Sell,227838105
2024-07-31 14:17:58,37300.0,100,Sell,227838104
2024-07-31 14:17:58,37300.0,300,Sell,227838106
2024-07-31 14:17:58,37300.0,100,Sell,227838108
2024-07-31 14:18:17,37300.0,100,Buy,227839383
2024-07-31 14:18:23,37200.0,1000,Sell,227839644
2024-07-31 14:18:23,37200.0,4400,Sell,227839651
2024-07-31 14:18:23,37200.0,100,Sell,227839650
2024-07-31 14:18:23,37200.0,100,Sell,227839649
2024-07-31 14:18:23,37200.0,1000,Sell,227839648
2024-07-31 14:18:23,37200.0,1000,Sell,227839647
2024-07-31 14:18:23,37200.0,1000,Sell,227839646
2024-07-31 14:18:23,37200.0,100,Sell,227839645
2024-07-31 14:18:23,37200.0,2000,Sell,227839643
2024-07-31 14:18:23,37200.0,2000,Sell,227839641
2024-07-31 14:18:23,37250.0,2000,Sell,227839640
2024-07-31 14:18:23,37250.0,100,Sell,227839639
2024-07-31 14:18:23,37250.0,1500,Sell,227839638
2024-07-31 14:18:23,37250.0,100,Sell,227839637
2024-07-31 14:18:23,37250.0,300,Sell,227839636
2024-07-31 14:18:23,37250.0,100,Sell,227839635
2024-07-31 14:18:23,37250.0,3000,Sell,227839634
2024-07-31 14:18:23,37200.0,200,Sell,227839642
2024-07-31 14:18:33,37200.0,5000,Sell,227840189
2024-07-31 14:18:36,37200.0,300,Sell,227840434
2024-07-31 14:18:36,37200.0,600,Sell,227840432
2024-07-31 14:18:36,37200.0,300,Sell,227840433
2024-07-31 14:18:47,37200.0,200,Buy,227841112
2024-07-31 14:19:09,37150.0,400,Sell,227843057
2024-07-31 14:19:09,37150.0,100,Sell,227843058
2024-07-31 14:19:09,37150.0,300,Sell,227843059
2024-07-31 14:19:09,37150.0,100,Sell,227843060
2024-07-31 14:19:12,37150.0,300,Sell,227843467
2024-07-31 14:19:12,37150.0,1000,Sell,227843468
2024-07-31 14:19:12,37150.0,500,Sell,227843469
2024-07-31 14:19:12,37150.0,700,Sell,227843470
2024-07-31 14:19:16,37150.0,200,Sell,227843716
2024-07-31 14:19:16,37150.0,300,Sell,227843715
2024-07-31 14:19:16,37150.0,1000,Sell,227843695
2024-07-31 14:19:18,37150.0,800,Sell,227843815
2024-07-31 14:19:18,37150.0,2200,Sell,227843816
2024-07-31 14:19:20,37150.0,300,Sell,227843963
2024-07-31 14:19:20,37150.0,800,Sell,227843962
2024-07-31 14:19:20,37150.0,100,Sell,227843964
2024-07-31 14:19:22,37150.0,400,Sell,227844026
2024-07-31 14:19:22,37150.0,100,Sell,227844027
2024-07-31 14:19:22,37150.0,100,Sell,227844028
2024-07-31 14:19:22,37150.0,200,Sell,227844029
2024-07-31 14:19:22,37150.0,100,Sell,227844030
2024-07-31 14:19:22,37150.0,1100,Sell,227844072
2024-07-31 14:19:22,37150.0,8900,Sell,227844186
2024-07-31 14:19:22,37150.0,1000,Sell,227844187
2024-07-31 14:19:22,37150.0,100,Sell,227844188
2024-07-31 14:19:25,37200.0,900,Buy,227844356
2024-07-31 14:19:25,37200.0,600,Buy,227844355
2024-07-31 14:19:40,37200.0,300,Buy,227845506
2024-07-31 14:19:47,37150.0,900,Sell,227846362
2024-07-31 14:19:47,37150.0,100,Sell,227846363
2024-07-31 14:19:47,37150.0,500,Sell,227846364
2024-07-31 14:19:48,37150.0,500,Sell,227846401
2024-07-31 14:19:48,37150.0,200,Sell,227846400
2024-07-31 14:19:48,37150.0,100,Sell,227846399
2024-07-31 14:19:48,37150.0,200,Sell,227846398
2024-07-31 14:19:48,37150.0,2000,Sell,227846397
2024-07-31 14:19:48,37150.0,100,Sell,227846396
2024-07-31 14:19:48,37150.0,1000,Sell,227846395
2024-07-31 14:19:48,37150.0,2000,Sell,227846393
2024-07-31 14:19:48,37150.0,500,Sell,227846389
2024-07-31 14:19:48,37150.0,200,Sell,227846390
2024-07-31 14:19:48,37150.0,100,Sell,227846394
2024-07-31 14:19:48,37150.0,100,Sell,227846392
2024-07-31 14:19:48,37150.0,500,Sell,227846391
2024-07-31 14:19:50,37150.0,2500,Buy,227846495
2024-07-31 14:20:06,37150.0,300,Sell,227847653
2024-07-31 14:20:15,37150.0,900,Sell,227848337
2024-07-31 14:20:18,37150.0,500,Sell,227848560
2024-07-31 14:20:18,37150.0,1000,Sell,227848559
2024-07-31 14:20:18,37150.0,1500,Sell,227848557
2024-07-31 14:20:18,37150.0,2000,Sell,227848558
2024-07-31 14:20:18,37150.0,100,Sell,227848555
2024-07-31 14:20:18,37150.0,100,Sell,227848554
2024-07-31 14:20:18,37150.0,1300,Sell,227848553
2024-07-31 14:20:18,37150.0,300,Sell,227848556
2024-07-31 14:20:19,37150.0,200,Buy,227848599
2024-07-31 14:20:30,37150.0,100,Buy,227849283
2024-07-31 14:20:31,37150.0,900,Buy,227849362
2024-07-31 14:20:31,37150.0,100,Buy,227849363
2024-07-31 14:20:32,37150.0,100,Buy,227849493
2024-07-31 14:20:33,37150.0,2300,Buy,227849536
2024-07-31 14:20:38,37150.0,100,Buy,227849981
2024-07-31 14:20:46,37150.0,2000,Buy,227850876
2024-07-31 14:20:47,37150.0,400,Buy,227850978
2024-07-31 14:21:04,37150.0,1300,Sell,227851975
2024-07-31 14:21:17,37150.0,800,Sell,227852722
2024-07-31 14:21:17,37150.0,1000,Sell,227852723
2024-07-31 14:21:17,37150.0,200,Sell,227852724
2024-07-31 14:21:18,37150.0,500,Buy,227852802
2024-07-31 14:21:19,37150.0,100,Buy,227852885
2024-07-31 14:21:19,37150.0,100,Buy,227852949
2024-07-31 14:21:20,37150.0,300,Buy,227852994
2024-07-31 14:21:36,37150.0,200,Sell,227854157
2024-07-31 14:21:36,37150.0,200,Sell,227854156
2024-07-31 14:21:44,37150.0,100,Sell,227854533
2024-07-31 14:21:44,37150.0,300,Sell,227854534
2024-07-31 14:21:44,37150.0,100,Sell,227854535
2024-07-31 14:21:50,37150.0,100,Sell,227854953
2024-07-31 14:22:04,37100.0,1200,Sell,227855920
2024-07-31 14:22:04,37100.0,200,Sell,227855919
2024-07-31 14:22:04,37100.0,100,Sell,227855918
2024-07-31 14:22:04,37100.0,100,Sell,227855916
2024-07-31 14:22:04,37150.0,500,Sell,227855915
2024-07-31 14:22:04,37100.0,100,Sell,227855917
2024-07-31 14:22:04,37150.0,100,Sell,227855913
2024-07-31 14:22:04,37150.0,800,Sell,227855909
2024-07-31 14:22:04,37150.0,400,Sell,227855912
2024-07-31 14:22:04,37150.0,300,Sell,227855911
2024-07-31 14:22:04,37150.0,100,Sell,227855910
2024-07-31 14:22:04,37150.0,100,Sell,227855914
2024-07-31 14:22:11,37150.0,100,Sell,227856568
2024-07-31 14:22:13,37150.0,200,Sell,227856716
2024-07-31 14:22:21,37150.0,1600,Buy,227857196
2024-07-31 14:22:21,37150.0,1500,Buy,227857197
2024-07-31 14:22:21,37150.0,500,Buy,227857198
2024-07-31 14:22:21,37150.0,500,Sell,227857213
2024-07-31 14:22:22,37100.0,1200,Sell,227857266
2024-07-31 14:22:28,37150.0,300,Buy,227857589
2024-07-31 14:22:31,37150.0,500,Buy,227857928
2024-07-31 14:22:42,37150.0,100,Buy,227858940
2024-07-31 14:22:50,37150.0,200,Buy,227859857
2024-07-31 14:22:50,37150.0,200,Buy,227859873
2024-07-31 14:22:58,37100.0,1000,Sell,227860403
2024-07-31 14:22:58,37100.0,100,Sell,227860402
2024-07-31 14:22:58,37100.0,100,Sell,227860401
2024-07-31 14:22:58,37100.0,100,Sell,227860397
2024-07-31 14:22:58,37100.0,300,Sell,227860399
2024-07-31 14:22:58,37100.0,500,Sell,227860398
2024-07-31 14:22:58,37100.0,100,Sell,227860396
2024-07-31 14:22:58,37100.0,200,Sell,227860400
2024-07-31 14:22:58,37100.0,500,Sell,227860394
2024-07-31 14:22:58,37100.0,2600,Sell,227860384
2024-07-31 14:22:58,37100.0,1000,Sell,227860389
2024-07-31 14:22:58,37100.0,500,Sell,227860390
2024-07-31 14:22:58,37100.0,3000,Sell,227860395
2024-07-31 14:22:58,37100.0,100,Sell,227860392
2024-07-31 14:22:58,37100.0,200,Sell,227860393
2024-07-31 14:22:58,37100.0,1000,Sell,227860391
2024-07-31 14:22:59,37100.0,100,Buy,227860441
2024-07-31 14:23:00,37100.0,300,Buy,227860467
2024-07-31 14:23:11,37100.0,100,Buy,227861575
2024-07-31 14:23:12,37050.0,100,Sell,227861584
2024-07-31 14:23:12,37100.0,200,Buy,227861597
2024-07-31 14:23:12,37050.0,100,Sell,227861582
2024-07-31 14:23:12,37050.0,100,Sell,227861583
2024-07-31 14:23:30,37050.0,1200,Sell,227863123
2024-07-31 14:23:34,37100.0,2000,Buy,227863411
2024-07-31 14:23:44,37100.0,300,Sell,227864574
2024-07-31 14:23:56,37050.0,700,Sell,227865642
2024-07-31 14:23:56,37050.0,1000,Sell,227865643
2024-07-31 14:23:56,37050.0,100,Sell,227865644
2024-07-31 14:23:56,37050.0,400,Sell,227865645
2024-07-31 14:24:07,37050.0,100,Sell,227866649
2024-07-31 14:24:07,37000.0,1200,Sell,227866653
2024-07-31 14:24:07,37050.0,200,Sell,227866652
2024-07-31 14:24:07,37050.0,200,Sell,227866651
2024-07-31 14:24:07,37050.0,100,Sell,227866650
2024-07-31 14:24:07,37050.0,300,Sell,227866648
2024-07-31 14:24:07,37050.0,100,Sell,227866646
2024-07-31 14:24:07,37050.0,100,Sell,227866645
2024-07-31 14:24:07,37050.0,100,Sell,227866644
2024-07-31 14:24:07,37050.0,5000,Sell,227866643
2024-07-31 14:24:07,37050.0,1100,Sell,227866642
2024-07-31 14:24:07,37050.0,500,Sell,227866647
2024-07-31 14:24:09,37000.0,300,Sell,227866845
2024-07-31 14:24:09,37000.0,1000,Sell,227866846
2024-07-31 14:24:09,37000.0,100,Sell,227866847
2024-07-31 14:24:09,37000.0,1000,Sell,227866848
2024-07-31 14:24:09,37000.0,200,Sell,227866849
2024-07-31 14:24:09,37000.0,600,Sell,227866850
2024-07-31 14:24:09,37000.0,200,Sell,227866851
2024-07-31 14:24:09,37000.0,500,Sell,227866852
2024-07-31 14:24:09,37000.0,100,Sell,227866853
2024-07-31 14:24:09,37000.0,100,Sell,227866856
2024-07-31 14:24:09,37000.0,200,Sell,227866855
2024-07-31 14:24:09,37000.0,500,Sell,227866857
2024-07-31 14:24:09,37000.0,1000,Sell,227866858
2024-07-31 14:24:09,37000.0,1000,Sell,227866859
2024-07-31 14:24:09,37000.0,1000,Sell,227866860
2024-07-31 14:24:09,37000.0,100,Sell,227866861
2024-07-31 14:24:09,37000.0,10000,Sell,227866862
2024-07-31 14:24:09,37000.0,100,Sell,227866844
2024-07-31 14:24:09,37000.0,200,Sell,227866863
2024-07-31 14:24:09,37000.0,500,Sell,227866854
2024-07-31 14:24:09,37000.0,200,Sell,227866843
2024-07-31 14:24:09,37000.0,100,Sell,227866822
2024-07-31 14:24:09,37000.0,100,Sell,227866841
2024-07-31 14:24:09,37000.0,300,Sell,227866821
2024-07-31 14:24:09,37000.0,100,Sell,227866823
2024-07-31 14:24:09,37000.0,100,Sell,227866824
2024-07-31 14:24:09,37000.0,500,Sell,227866825
2024-07-31 14:24:09,37000.0,200,Sell,227866826
2024-07-31 14:24:09,37000.0,1000,Sell,227866827
2024-07-31 14:24:09,37000.0,800,Sell,227866828
2024-07-31 14:24:09,37000.0,200,Sell,227866829
2024-07-31 14:24:09,37000.0,100,Sell,227866830
2024-07-31 14:24:09,37000.0,100,Sell,227866842
2024-07-31 14:24:09,37000.0,1000,Sell,227866832
2024-07-31 14:24:09,37000.0,100,Sell,227866840
2024-07-31 14:24:09,37000.0,100,Sell,227866839
2024-07-31 14:24:09,37000.0,100,Sell,227866838
2024-07-31 14:24:09,37000.0,1000,Sell,227866837
2024-07-31 14:24:09,37000.0,300,Sell,227866831
2024-07-31 14:24:09,37000.0,1000,Sell,227866835
2024-07-31 14:24:09,37000.0,2000,Sell,227866834
2024-07-31 14:24:09,37000.0,1000,Sell,227866833
2024-07-31 14:24:09,37000.0,900,Sell,227866836
2024-07-31 14:24:10,37000.0,200,Sell,227867078
2024-07-31 14:24:10,37000.0,500,Sell,227867077
2024-07-31 14:24:10,37000.0,500,Sell,227867079
2024-07-31 14:24:10,37000.0,100,Sell,227867075
2024-07-31 14:24:10,37000.0,200,Sell,227867074
2024-07-31 14:24:10,37000.0,200,Sell,227867076
2024-07-31 14:24:10,37000.0,1800,Sell,227867073
2024-07-31 14:24:12,37000.0,100,Buy,227867208
2024-07-31 14:24:24,36950.0,100,Sell,227868374
2024-07-31 14:24:24,36950.0,500,Sell,227868373
2024-07-31 14:24:24,36950.0,100,Sell,227868372
2024-07-31 14:24:25,36950.0,200,Buy,227868454
2024-07-31 14:24:26,36950.0,200,Buy,227868505
2024-07-31 14:24:27,36950.0,300,Buy,227868613
2024-07-31 14:24:29,36900.0,3000,Sell,227868748
2024-07-31 14:24:29,36900.0,2000,Sell,227868749
2024-07-31 14:24:29,36900.0,2000,Sell,227868750
2024-07-31 14:24:29,36900.0,500,Sell,227868751
2024-07-31 14:24:29,36900.0,100,Sell,227868752
2024-07-31 14:24:29,36900.0,2400,Sell,227868753
2024-07-31 14:24:35,36900.0,600,Sell,227869423
2024-07-31 14:24:39,37000.0,3000,Buy,227869694
2024-07-31 14:24:39,36900.0,2000,Sell,227869695
2024-07-31 14:24:47,36900.0,100,Sell,227870286
2024-07-31 14:24:47,36900.0,700,Sell,227870287
2024-07-31 14:24:49,36900.0,300,Sell,227870492
2024-07-31 14:24:49,36900.0,200,Sell,227870493
2024-07-31 14:24:54,36900.0,500,Sell,227870970
2024-07-31 14:24:59,36900.0,5300,Sell,227871511
2024-07-31 14:24:59,36900.0,200,Sell,227871512
2024-07-31 14:24:59,36900.0,100,Sell,227871513
2024-07-31 14:24:59,36900.0,300,Sell,227871514
2024-07-31 14:24:59,36900.0,800,Sell,227871515
2024-07-31 14:24:59,36900.0,1300,Sell,227871510
2024-07-31 14:25:05,36900.0,100,Sell,227872089
2024-07-31 14:25:08,36900.0,1100,Sell,227872292
2024-07-31 14:25:08,36900.0,500,Sell,227872293
2024-07-31 14:25:08,36900.0,200,Sell,227872294
2024-07-31 14:25:14,36900.0,100,Buy,227872644
2024-07-31 14:25:16,36800.0,900,Sell,227872736
2024-07-31 14:25:16,36800.0,500,Sell,227872735
2024-07-31 14:25:16,36800.0,100,Sell,227872734
2024-07-31 14:25:16,36850.0,100,Sell,227872732
2024-07-31 14:25:16,36850.0,100,Sell,227872731
2024-07-31 14:25:16,36850.0,100,Sell,227872730
2024-07-31 14:25:16,36800.0,200,Sell,227872733
2024-07-31 14:25:19,36800.0,1100,Sell,227872982
2024-07-31 14:25:19,36800.0,100,Sell,227872983
2024-07-31 14:25:19,36800.0,800,Sell,227872984
2024-07-31 14:25:23,36800.0,200,Sell,227873288
2024-07-31 14:25:25,36900.0,1000,Buy,227873422
2024-07-31 14:25:27,36800.0,100,Sell,227873705
2024-07-31 14:25:27,36800.0,500,Sell,227873704
2024-07-31 14:25:27,36800.0,1000,Sell,227873703
2024-07-31 14:25:27,36800.0,2000,Sell,227873701
2024-07-31 14:25:27,36800.0,100,Sell,227873700
2024-07-31 14:25:27,36800.0,4000,Sell,227873615
2024-07-31 14:25:27,36800.0,200,Sell,227873702
2024-07-31 14:25:28,36750.0,100,Sell,227873761
2024-07-31 14:25:28,36750.0,100,Sell,227873762
2024-07-31 14:25:28,36750.0,100,Sell,227873763
2024-07-31 14:25:28,36750.0,200,Sell,227873764
2024-07-31 14:25:32,36900.0,100,Buy,227874071
2024-07-31 14:25:32,36800.0,1100,Buy,227874070
2024-07-31 14:25:32,36750.0,1500,Buy,227874069
2024-07-31 14:25:33,36900.0,500,Sell,227874134
2024-07-31 14:25:34,36900.0,200,Sell,227874206
2024-07-31 14:25:36,36900.0,2000,Sell,227874336
2024-07-31 14:25:46,36950.0,3000,Buy,227875019
2024-07-31 14:25:50,36950.0,1000,Buy,227875343
2024-07-31 14:25:53,36900.0,400,Sell,227875447
2024-07-31 14:25:58,36950.0,300,Buy,227875834
2024-07-31 14:26:06,36950.0,100,Buy,227876341
2024-07-31 14:26:13,36900.0,4400,Sell,227876891
2024-07-31 14:26:13,36900.0,500,Sell,227876892
2024-07-31 14:26:13,36900.0,100,Sell,227876893
2024-07-31 14:26:18,36950.0,200,Buy,227877334
2024-07-31 14:26:19,36900.0,100,Sell,227877380
2024-07-31 14:26:19,36900.0,300,Sell,227877381
2024-07-31 14:26:21,36900.0,500,Buy,227877503
2024-07-31 14:26:22,36900.0,1000,Buy,227877532
2024-07-31 14:26:22,36900.0,1600,Buy,227877561
2024-07-31 14:26:29,36900.0,100,Sell,227878112
2024-07-31 14:26:29,36900.0,1900,Sell,227878111
2024-07-31 14:26:29,36900.0,100,Sell,227878085
2024-07-31 14:26:29,36900.0,100,Sell,227878083
2024-07-31 14:26:29,36900.0,200,Sell,227878082
2024-07-31 14:26:29,36900.0,400,Sell,227878084
2024-07-31 14:26:30,36900.0,400,Sell,227878181
2024-07-31 14:26:30,36900.0,1600,Sell,227878182
2024-07-31 14:26:30,36900.0,100,Sell,227878183
2024-07-31 14:26:33,36950.0,2000,Buy,227878411
2024-07-31 14:26:34,36950.0,1500,Buy,227878481
2024-07-31 14:26:34,36950.0,300,Buy,227878482
2024-07-31 14:26:34,36950.0,200,Buy,227878483
2024-07-31 14:26:40,36950.0,100,Sell,227878918
2024-07-31 14:26:40,36900.0,100,Sell,227878919
2024-07-31 14:26:44,37000.0,200,Buy,227879332
2024-07-31 14:26:45,37000.0,2000,Sell,227879337
2024-07-31 14:26:47,37100.0,1000,Buy,227879476
2024-07-31 14:26:58,37100.0,4000,Buy,227880159
2024-07-31 14:26:58,37100.0,100,Sell,227880164
2024-07-31 14:27:09,37100.0,200,Sell,227880761
2024-07-31 14:27:10,37150.0,1200,Buy,227880859
2024-07-31 14:27:10,37150.0,3800,Buy,227880860
2024-07-31 14:27:16,37150.0,1200,Buy,227881201
2024-07-31 14:27:16,37200.0,800,Buy,227881202
2024-07-31 14:27:24,37150.0,100,Sell,227881585
2024-07-31 14:27:29,37200.0,100,Buy,227882000
2024-07-31 14:27:29,37150.0,100,Sell,227881960
2024-07-31 14:27:47,37200.0,100,Buy,227882910
2024-07-31 14:27:50,37200.0,200,Buy,227883036
2024-07-31 14:27:50,37200.0,100,Buy,227883037
2024-07-31 14:27:53,37200.0,300,Buy,227883173
2024-07-31 14:27:57,37200.0,600,Buy,227883328
2024-07-31 14:27:57,37200.0,400,Buy,227883329
2024-07-31 14:28:01,37200.0,700,Buy,227883620
2024-07-31 14:28:01,37200.0,300,Buy,227883619
2024-07-31 14:28:02,37200.0,300,Buy,227883654
2024-07-31 14:28:03,37200.0,400,Sell,227883710
2024-07-31 14:28:10,37200.0,400,Buy,227884067
2024-07-31 14:28:12,37200.0,100,Sell,227884117
2024-07-31 14:28:15,37200.0,100,Buy,227884267
2024-07-31 14:28:22,37200.0,900,Sell,227884597
2024-07-31 14:28:22,37150.0,100,Sell,227884598
2024-07-31 14:28:26,37200.0,200,Buy,227884771
2024-07-31 14:28:43,37150.0,200,Sell,227885671
2024-07-31 14:28:43,37150.0,200,Sell,227885672
2024-07-31 14:28:50,37150.0,100,Buy,227886086
2024-07-31 14:28:51,37150.0,3000,Buy,227886142
2024-07-31 14:28:56,37150.0,100,Buy,227886403
2024-07-31 14:28:58,37100.0,700,Sell,227886490
2024-07-31 14:28:58,37100.0,4000,Sell,227886491
2024-07-31 14:28:58,37100.0,200,Sell,227886492
2024-07-31 14:28:58,37100.0,1100,Sell,227886493
2024-07-31 14:29:06,37100.0,400,Sell,227886892
2024-07-31 14:29:13,37100.0,1200,Sell,227887315
2024-07-31 14:29:17,37150.0,400,Buy,227887542
2024-07-31 14:29:24,37100.0,2300,Sell,227888006
2024-07-31 14:29:24,37100.0,1300,Sell,227888007
2024-07-31 14:29:24,37150.0,500,Buy,227888003
2024-07-31 14:29:28,37150.0,100,Buy,227888216
2024-07-31 14:29:31,37150.0,1000,Buy,227888325
2024-07-31 14:29:32,37100.0,200,Sell,227888465
2024-07-31 14:29:32,37100.0,500,Sell,227888485
2024-07-31 14:44:38,37200.0,60500,ATO/ATC,227889632
