time,price,volume,match_type,id
2024-07-17 09:14:40,42450.0,35200,ATO/ATC,223363819
2024-07-17 09:14:42,42500.0,100,Buy,223363990
2024-07-17 09:14:50,42500.0,600,Buy,223364205
2024-07-17 09:14:50,42500.0,200,Buy,223364204
2024-07-17 09:14:54,42500.0,800,Buy,223364285
2024-07-17 09:14:57,42500.0,100,Buy,223364309
2024-07-17 09:15:04,42500.0,500,Buy,223364419
2024-07-17 09:15:06,42500.0,100,Sell,223364436
2024-07-17 09:15:43,42500.0,1000,Sell,223365195
2024-07-17 09:15:43,42500.0,200,Sell,223365197
2024-07-17 09:15:43,42500.0,300,Sell,223365194
2024-07-17 09:15:43,42500.0,200,Sell,223365196
2024-07-17 09:16:01,42500.0,300,Sell,223365614
2024-07-17 09:16:01,42500.0,200,Sell,223365615
2024-07-17 09:16:05,42600.0,100,Buy,223365741
2024-07-17 09:16:13,42500.0,100,Sell,223365950
2024-07-17 09:16:14,42500.0,200,Sell,223365968
2024-07-17 09:16:14,42500.0,300,Sell,223365969
2024-07-17 09:16:37,42500.0,400,Sell,223366616
2024-07-17 09:16:46,42700.0,100,Buy,223366845
2024-07-17 09:16:46,42700.0,100,Buy,223366831
2024-07-17 09:16:46,42700.0,300,Buy,223366829
2024-07-17 09:16:46,42700.0,100,Buy,223366828
2024-07-17 09:16:46,42700.0,7000,Buy,223366830
2024-07-17 09:16:50,42700.0,100,Buy,223366944
2024-07-17 09:16:55,42700.0,100,Buy,223367101
2024-07-17 09:17:02,42700.0,100,Buy,223367261
2024-07-17 09:17:08,42700.0,100,Buy,223367421
2024-07-17 09:17:36,42700.0,400,Buy,223368184
2024-07-17 09:17:36,42700.0,300,Buy,223368185
2024-07-17 09:17:36,42700.0,1000,Buy,223368186
2024-07-17 09:18:18,42550.0,300,Sell,223369450
2024-07-17 09:18:34,42600.0,500,Sell,223369818
2024-07-17 09:18:55,42600.0,200,Sell,223370411
2024-07-17 09:18:55,42600.0,2000,Sell,223370410
2024-07-17 09:19:17,42600.0,100,Buy,223370986
2024-07-17 09:19:25,42600.0,200,Buy,223371220
2024-07-17 09:19:35,42550.0,300,Sell,223371496
2024-07-17 09:19:35,42550.0,100,Sell,223371497
2024-07-17 09:19:35,42550.0,200,Sell,223371498
2024-07-17 09:19:35,42550.0,100,Sell,223371499
2024-07-17 09:19:35,42550.0,300,Sell,223371500
2024-07-17 09:19:37,42550.0,200,Sell,223371530
2024-07-17 09:19:37,42550.0,700,Sell,223371529
2024-07-17 09:19:37,42550.0,500,Sell,223371531
2024-07-17 09:19:37,42600.0,1100,Sell,223371527
2024-07-17 09:19:37,42600.0,8900,Buy,223371526
2024-07-17 09:19:37,42550.0,2200,Sell,223371528
2024-07-17 09:19:41,42550.0,200,Buy,223371691
2024-07-17 09:19:43,42550.0,1000,Sell,223371719
2024-07-17 09:20:00,42550.0,1300,Sell,223372249
2024-07-17 09:20:00,42550.0,1000,Sell,223372250
2024-07-17 09:20:00,42550.0,3900,Sell,223372251
2024-07-17 09:20:04,42600.0,500,Buy,223372372
2024-07-17 09:20:21,42600.0,1000,Sell,223372760
2024-07-17 09:20:45,42550.0,6100,Sell,223373538
2024-07-17 09:20:49,42550.0,800,Buy,223373640
2024-07-17 09:21:08,42550.0,200,Buy,223374234
2024-07-17 09:21:21,42550.0,200,Buy,223374673
2024-07-17 09:21:49,42550.0,2600,Buy,223375595
2024-07-17 09:21:49,42500.0,1300,Sell,223375590
2024-07-17 09:21:58,42550.0,100,Buy,223375877
2024-07-17 09:21:58,42550.0,100,Buy,223375878
2024-07-17 09:22:11,42550.0,200,Buy,223376242
2024-07-17 09:22:15,42550.0,500,Buy,223376380
2024-07-17 09:22:17,42500.0,100,Sell,223376411
2024-07-17 09:22:22,42500.0,2000,Sell,223376617
2024-07-17 09:22:25,42500.0,100,Sell,223376759
2024-07-17 09:22:35,42500.0,500,Sell,223377083
2024-07-17 09:22:40,42500.0,600,Sell,223377238
2024-07-17 09:22:40,42500.0,400,Sell,223377239
2024-07-17 09:22:54,42550.0,100,Buy,223377630
2024-07-17 09:22:54,42550.0,700,Buy,223377631
2024-07-17 09:23:08,42550.0,300,Buy,223378037
2024-07-17 09:23:41,42500.0,2500,Sell,223379073
2024-07-17 09:23:41,42500.0,500,Sell,223379052
2024-07-17 09:23:46,42450.0,300,Sell,223379192
2024-07-17 09:23:46,42450.0,500,Sell,223379191
2024-07-17 09:23:46,42450.0,500,Sell,223379190
2024-07-17 09:23:46,42450.0,200,Sell,223379189
2024-07-17 09:23:46,42500.0,1000,Sell,223379188
2024-07-17 09:23:46,42500.0,100,Sell,223379187
2024-07-17 09:23:46,42500.0,1000,Sell,223379184
2024-07-17 09:23:46,42500.0,200,Sell,223379183
2024-07-17 09:23:46,42500.0,500,Sell,223379182
2024-07-17 09:23:46,42500.0,200,Sell,223379181
2024-07-17 09:23:46,42500.0,500,Sell,223379180
2024-07-17 09:23:46,42500.0,100,Sell,223379178
2024-07-17 09:23:46,42500.0,100,Sell,223379177
2024-07-17 09:23:46,42500.0,1000,Sell,223379176
2024-07-17 09:23:46,42500.0,100,Sell,223379175
2024-07-17 09:23:46,42500.0,100,Sell,223379174
2024-07-17 09:23:46,42500.0,1000,Sell,223379173
2024-07-17 09:23:46,42500.0,100,Sell,223379172
2024-07-17 09:23:46,42500.0,5000,Sell,223379171
2024-07-17 09:23:46,42500.0,500,Sell,223379170
2024-07-17 09:23:46,42500.0,1600,Sell,223379169
2024-07-17 09:23:46,42500.0,400,Sell,223379179
2024-07-17 09:24:18,42500.0,100,Buy,223380083
2024-07-17 09:24:21,42450.0,1200,Sell,223380170
2024-07-17 09:24:21,42500.0,200,Buy,223380193
2024-07-17 09:24:29,42500.0,200,Buy,223380463
2024-07-17 09:24:29,42500.0,100,Buy,223380464
2024-07-17 09:25:08,42550.0,500,Buy,223381674
2024-07-17 09:25:17,42500.0,100,Sell,223381929
2024-07-17 09:25:17,42500.0,300,Sell,223381930
2024-07-17 09:25:17,42500.0,300,Sell,223381931
2024-07-17 09:25:24,42500.0,200,Buy,223382101
2024-07-17 09:25:25,42500.0,100,Buy,223382115
2024-07-17 09:25:39,42500.0,200,Sell,223382600
2024-07-17 09:25:56,42500.0,500,Buy,223383067
2024-07-17 09:26:03,42500.0,200,Buy,223383302
2024-07-17 09:27:24,42450.0,1400,Sell,223385451
2024-07-17 09:27:24,42450.0,200,Sell,223385450
2024-07-17 09:27:24,42450.0,500,Sell,223385447
2024-07-17 09:27:24,42450.0,6000,Sell,223385448
2024-07-17 09:27:24,42450.0,100,Sell,223385449
2024-07-17 09:27:24,42450.0,500,Sell,223385446
2024-07-17 09:27:26,42500.0,1000,Buy,223385496
2024-07-17 09:27:31,42500.0,100,Buy,223385640
2024-07-17 09:27:33,42450.0,1600,Sell,223385677
2024-07-17 09:27:58,42450.0,2000,Sell,223386477
2024-07-17 09:28:31,42450.0,100,Sell,223387410
2024-07-17 09:28:37,42450.0,200,Sell,223387591
2024-07-17 09:28:49,42500.0,500,Buy,223387992
2024-07-17 09:28:53,42450.0,100,Sell,223388159
2024-07-17 09:28:53,42450.0,4900,Sell,223388160
2024-07-17 09:28:55,42450.0,100,Sell,223388188
2024-07-17 09:28:55,42450.0,900,Sell,223388189
2024-07-17 09:28:56,42450.0,500,Sell,223388220
2024-07-17 09:28:57,42500.0,200,Buy,223388242
2024-07-17 09:29:13,42500.0,100,Buy,223388780
2024-07-17 09:29:26,42450.0,100,Sell,223389118
2024-07-17 09:30:09,42450.0,100,Sell,223390256
2024-07-17 09:30:39,42450.0,300,Sell,223390882
2024-07-17 09:30:56,42450.0,300,Sell,223391279
2024-07-17 09:31:04,42500.0,100,Buy,223391439
2024-07-17 09:31:58,42500.0,200,Buy,223392705
2024-07-17 09:32:06,42500.0,500,Buy,223392930
2024-07-17 09:32:37,42500.0,100,Buy,223393638
2024-07-17 09:33:02,42500.0,400,Buy,223394303
2024-07-17 09:33:02,42500.0,500,Buy,223394302
2024-07-17 09:33:02,42500.0,100,Buy,223394301
2024-07-17 09:33:02,42500.0,300,Buy,223394298
2024-07-17 09:33:02,42500.0,500,Buy,223394299
2024-07-17 09:33:02,42500.0,2000,Buy,223394297
2024-07-17 09:33:02,42500.0,2000,Buy,223394296
2024-07-17 09:33:02,42500.0,500,Buy,223394300
2024-07-17 09:33:15,42500.0,800,Sell,223394600
2024-07-17 09:33:21,42500.0,2900,Sell,223394757
2024-07-17 09:33:53,42500.0,100,Buy,223395739
2024-07-17 09:33:53,42500.0,600,Buy,223395740
2024-07-17 09:33:53,42500.0,100,Buy,223395741
2024-07-17 09:34:54,42450.0,100,Sell,223397225
2024-07-17 09:34:57,42450.0,100,Sell,223397289
2024-07-17 09:35:02,42450.0,100,Sell,223397374
2024-07-17 09:36:04,42450.0,300,Sell,223398860
2024-07-17 09:36:11,42450.0,3000,Sell,223399091
2024-07-17 09:36:12,42450.0,1000,Sell,223399129
2024-07-17 09:36:44,42450.0,200,Sell,223399885
2024-07-17 09:36:58,42450.0,1200,Sell,223400225
2024-07-17 09:37:08,42450.0,7800,Sell,223400452
2024-07-17 09:37:08,42450.0,200,Sell,223400454
2024-07-17 09:37:08,42450.0,400,Sell,223400455
2024-07-17 09:37:10,42450.0,200,Sell,223400503
2024-07-17 09:37:10,42450.0,200,Sell,223400504
2024-07-17 09:37:10,42450.0,200,Sell,223400502
2024-07-17 09:37:10,42450.0,200,Sell,223400500
2024-07-17 09:37:10,42450.0,100,Sell,223400499
2024-07-17 09:37:10,42450.0,100,Sell,223400501
2024-07-17 09:38:15,42450.0,500,Buy,223402238
2024-07-17 09:38:16,42450.0,200,Buy,223402262
2024-07-17 09:38:28,42450.0,200,Buy,223402606
2024-07-17 09:38:51,42450.0,100,Buy,223403331
2024-07-17 09:38:57,42450.0,200,Buy,223403487
2024-07-17 09:39:19,42450.0,100,Sell,223404047
2024-07-17 09:39:46,42500.0,100,Buy,223404673
2024-07-17 09:40:00,42500.0,100,Buy,223404947
2024-07-17 09:40:55,42500.0,500,Buy,223406376
2024-07-17 09:42:17,42500.0,100,Buy,223408297
2024-07-17 09:42:38,42500.0,2400,Buy,223408917
2024-07-17 09:42:38,42500.0,1500,Buy,223408916
2024-07-17 09:42:38,42500.0,1100,Buy,223408915
2024-07-17 09:43:26,42450.0,100,Sell,223410157
2024-07-17 09:43:26,42450.0,100,Sell,223410158
2024-07-17 09:43:26,42450.0,300,Sell,223410159
2024-07-17 09:43:41,42450.0,200,Sell,223410499
2024-07-17 09:43:41,42450.0,100,Sell,223410500
2024-07-17 09:43:41,42450.0,200,Sell,223410501
2024-07-17 09:44:11,42450.0,1000,Sell,223411219
2024-07-17 09:44:11,42450.0,500,Sell,223411220
2024-07-17 09:44:11,42450.0,300,Sell,223411221
2024-07-17 09:44:59,42450.0,700,Sell,223412513
2024-07-17 09:44:59,42450.0,200,Sell,223412512
2024-07-17 09:44:59,42450.0,2000,Sell,223412511
2024-07-17 09:44:59,42450.0,100,Sell,223412508
2024-07-17 09:44:59,42450.0,1000,Sell,223412509
2024-07-17 09:44:59,42450.0,200,Sell,223412507
2024-07-17 09:44:59,42450.0,1000,Sell,223412510
2024-07-17 09:46:15,42450.0,800,Sell,223414497
2024-07-17 09:46:15,42450.0,200,Sell,223414498
2024-07-17 09:46:24,42500.0,300,Buy,223414815
2024-07-17 09:46:55,42500.0,100,Buy,223415761
2024-07-17 09:47:17,42500.0,200,Buy,223416563
2024-07-17 09:47:17,42500.0,200,Buy,223416562
2024-07-17 09:47:17,42500.0,200,Buy,223416561
2024-07-17 09:47:17,42500.0,800,Buy,223416560
2024-07-17 09:47:17,42500.0,1000,Buy,223416559
2024-07-17 09:47:17,42500.0,2000,Buy,223416557
2024-07-17 09:47:17,42500.0,1000,Buy,223416556
2024-07-17 09:47:17,42500.0,1500,Buy,223416555
2024-07-17 09:47:17,42500.0,2200,Buy,223416554
2024-07-17 09:47:17,42500.0,900,Buy,223416558
2024-07-17 09:47:23,42500.0,400,Buy,223416762
2024-07-17 09:47:40,42500.0,100,Buy,223417292
2024-07-17 09:47:43,42450.0,200,Sell,223417404
2024-07-17 09:47:51,42500.0,200,Buy,223417753
2024-07-17 09:47:51,42500.0,800,Buy,223417754
2024-07-17 09:48:16,42500.0,8500,Buy,223418584
2024-07-17 09:48:16,42500.0,700,Buy,223418583
2024-07-17 09:48:16,42500.0,800,Buy,223418582
2024-07-17 09:48:59,42500.0,100,Sell,223420549
2024-07-17 09:49:14,42500.0,100,Buy,223421146
2024-07-17 09:49:14,42500.0,900,Buy,223421145
2024-07-17 09:49:14,42500.0,300,Buy,223421147
2024-07-17 09:49:35,42500.0,3700,Sell,223421820
2024-07-17 09:49:35,42500.0,500,Sell,223421821
2024-07-17 09:49:44,42500.0,800,Buy,223422106
2024-07-17 09:49:44,42550.0,200,Buy,223422107
2024-07-17 09:50:10,42500.0,2000,Sell,223422928
2024-07-17 09:50:27,42450.0,300,Sell,223423640
2024-07-17 09:50:36,42450.0,300,Sell,223423924
2024-07-17 09:50:36,42450.0,100,Sell,223423923
2024-07-17 09:50:36,42450.0,600,Sell,223423922
2024-07-17 09:50:36,42450.0,500,Sell,223423921
2024-07-17 09:50:36,42450.0,500,Sell,223423919
2024-07-17 09:50:36,42450.0,1000,Sell,223423920
2024-07-17 09:50:36,42450.0,1000,Sell,223423917
2024-07-17 09:50:36,42450.0,100,Sell,223423916
2024-07-17 09:50:36,42450.0,100,Sell,223423915
2024-07-17 09:50:36,42450.0,1000,Sell,223423914
2024-07-17 09:50:36,42450.0,1000,Sell,223423913
2024-07-17 09:50:36,42450.0,300,Sell,223423912
2024-07-17 09:50:36,42450.0,2000,Sell,223423918
2024-07-17 09:51:00,42450.0,1000,Buy,223424690
2024-07-17 09:51:06,42450.0,300,Buy,223424870
2024-07-17 09:51:13,42450.0,1000,Buy,223425143
2024-07-17 09:51:20,42450.0,500,Buy,223425357
2024-07-17 09:51:21,42450.0,1000,Buy,223425368
2024-07-17 09:51:24,42400.0,100,Sell,223425439
2024-07-17 09:51:24,42400.0,400,Sell,223425440
2024-07-17 09:51:53,42400.0,400,Sell,223426401
2024-07-17 09:51:53,42400.0,100,Sell,223426400
2024-07-17 09:51:53,42400.0,200,Sell,223426398
2024-07-17 09:51:53,42400.0,400,Sell,223426393
2024-07-17 09:51:53,42400.0,100,Sell,223426399
2024-07-17 09:51:57,42400.0,400,Sell,223426519
2024-07-17 09:52:01,42450.0,200,Buy,223426624
2024-07-17 09:52:18,42450.0,300,Buy,223427609
2024-07-17 09:52:24,42450.0,200,Buy,223427857
2024-07-17 09:52:26,42450.0,500,Buy,223428002
2024-07-17 09:52:26,42450.0,200,Buy,223428003
2024-07-17 09:52:32,42450.0,100,Sell,223428266
2024-07-17 09:52:32,42450.0,200,Sell,223428274
2024-07-17 09:52:32,42450.0,900,Buy,223428275
2024-07-17 09:52:47,42450.0,100,Sell,223428977
2024-07-17 09:53:00,42400.0,1000,Sell,223429938
2024-07-17 09:53:13,42400.0,300,Sell,223430332
2024-07-17 09:53:13,42400.0,3200,Sell,223430330
2024-07-17 09:53:13,42400.0,1500,Sell,223430331
2024-07-17 09:53:25,42400.0,300,Sell,223430766
2024-07-17 09:53:25,42400.0,100,Sell,223430767
2024-07-17 09:53:26,42400.0,400,Sell,223430803
2024-07-17 09:53:26,42400.0,100,Sell,223430804
2024-07-17 09:53:37,42400.0,500,Sell,223431338
2024-07-17 09:53:37,42400.0,500,Sell,223431363
2024-07-17 09:53:37,42400.0,400,Sell,223431337
2024-07-17 09:53:37,42400.0,100,Sell,223431365
2024-07-17 09:53:37,42400.0,100,Sell,223431364
2024-07-17 09:53:37,42400.0,100,Sell,223431336
2024-07-17 09:53:37,42400.0,500,Sell,223431329
2024-07-17 09:53:37,42400.0,1000,Sell,223431334
2024-07-17 09:53:37,42400.0,500,Sell,223431335
2024-07-17 09:53:37,42400.0,100,Sell,223431330
2024-07-17 09:53:37,42400.0,600,Sell,223431328
2024-07-17 09:53:37,42400.0,100,Sell,223431332
2024-07-17 09:53:37,42400.0,200,Sell,223431331
2024-07-17 09:53:37,42400.0,1000,Sell,223431333
2024-07-17 09:53:43,42400.0,1000,Sell,223431534
2024-07-17 09:53:56,42400.0,1000,Sell,223432045
2024-07-17 09:54:23,42400.0,300,Sell,223432993
2024-07-17 09:54:34,42400.0,400,Sell,223433387
2024-07-17 09:54:34,42400.0,1100,Sell,223433388
2024-07-17 09:54:42,42400.0,100,Sell,223433785
2024-07-17 09:54:42,42400.0,100,Sell,223433786
2024-07-17 09:54:42,42400.0,100,Sell,223433787
2024-07-17 09:55:20,42400.0,100,Sell,223435205
2024-07-17 09:55:20,42400.0,1000,Sell,223435206
2024-07-17 09:55:46,42350.0,100,Sell,223435965
2024-07-17 09:55:47,42350.0,300,Sell,223436001
2024-07-17 09:55:47,42350.0,500,Sell,223435999
2024-07-17 09:55:47,42350.0,600,Sell,223436000
2024-07-17 09:55:47,42350.0,2000,Sell,223435997
2024-07-17 09:55:47,42350.0,400,Sell,223435996
2024-07-17 09:55:47,42350.0,500,Sell,223435985
2024-07-17 09:55:47,42350.0,100,Sell,223435998
2024-07-17 09:55:50,42350.0,500,Sell,223436124
2024-07-17 09:55:58,42350.0,200,Sell,223436325
2024-07-17 09:55:58,42350.0,100,Sell,223436326
2024-07-17 09:55:58,42350.0,200,Sell,223436324
2024-07-17 09:56:17,42350.0,2000,Sell,223437114
2024-07-17 09:56:17,42350.0,1000,Sell,223437115
2024-07-17 09:56:24,42300.0,100,Sell,223437438
2024-07-17 09:56:28,42300.0,300,Sell,223437630
2024-07-17 09:56:28,42300.0,100,Sell,223437629
2024-07-17 09:56:28,42300.0,100,Sell,223437628
2024-07-17 09:56:29,42350.0,500,Buy,223437661
2024-07-17 09:56:34,42350.0,1000,Sell,223437873
2024-07-17 09:56:35,42350.0,500,Sell,223437884
2024-07-17 09:56:36,42350.0,1000,Sell,223437990
2024-07-17 09:57:24,42350.0,500,Sell,223440128
2024-07-17 09:57:47,42350.0,100,Sell,223441200
2024-07-17 09:57:56,42350.0,100,Sell,223441730
2024-07-17 09:58:35,42300.0,1700,Sell,223444127
2024-07-17 09:58:35,42300.0,100,Sell,223444128
2024-07-17 09:58:35,42300.0,200,Sell,223444129
2024-07-17 09:58:41,42300.0,4000,Sell,223444583
2024-07-17 09:58:41,42300.0,1100,Sell,223444557
2024-07-17 09:58:51,42300.0,800,Sell,223445006
2024-07-17 09:58:51,42300.0,500,Sell,223445005
2024-07-17 09:58:51,42300.0,200,Sell,223444998
2024-07-17 09:58:51,42300.0,500,Sell,223445003
2024-07-17 09:58:51,42300.0,100,Sell,223445004
2024-07-17 09:58:51,42300.0,4500,Sell,223445002
2024-07-17 09:58:55,42300.0,300,Sell,223445381
2024-07-17 09:58:55,42300.0,100,Sell,223445408
2024-07-17 09:58:55,42300.0,2000,Sell,223445407
2024-07-17 09:58:55,42300.0,100,Sell,223445392
2024-07-17 09:58:55,42300.0,100,Sell,223445391
2024-07-17 09:58:55,42300.0,500,Sell,223445390
2024-07-17 09:58:55,42300.0,100,Sell,223445389
2024-07-17 09:58:55,42300.0,500,Sell,223445387
2024-07-17 09:58:55,42300.0,100,Sell,223445386
2024-07-17 09:58:55,42300.0,100,Sell,223445385
2024-07-17 09:58:55,42300.0,700,Sell,223445384
2024-07-17 09:58:55,42300.0,300,Sell,223445383
2024-07-17 09:58:55,42300.0,300,Sell,223445382
2024-07-17 09:58:55,42300.0,100,Sell,223445388
2024-07-17 09:59:11,42250.0,500,Sell,223446159
2024-07-17 09:59:11,42250.0,1000,Sell,223446158
2024-07-17 09:59:11,42250.0,100,Sell,223446155
2024-07-17 09:59:11,42250.0,100,Sell,223446156
2024-07-17 09:59:11,42250.0,1000,Sell,223446154
2024-07-17 09:59:11,42250.0,500,Sell,223446157
2024-07-17 09:59:15,42250.0,100,Buy,223446400
2024-07-17 09:59:23,42250.0,200,Buy,223446749
2024-07-17 09:59:43,42200.0,1000,Sell,223447978
2024-07-17 09:59:43,42200.0,100,Sell,223447985
2024-07-17 09:59:43,42200.0,300,Sell,223447984
2024-07-17 09:59:43,42200.0,100,Sell,223447983
2024-07-17 09:59:43,42200.0,1000,Sell,223447982
2024-07-17 09:59:43,42200.0,200,Sell,223447981
2024-07-17 09:59:43,42200.0,1000,Sell,223447980
2024-07-17 09:59:43,42200.0,500,Sell,223447979
2024-07-17 09:59:43,42200.0,100,Sell,223447977
2024-07-17 09:59:43,42200.0,100,Sell,223447968
2024-07-17 09:59:43,42200.0,800,Sell,223447975
2024-07-17 09:59:43,42200.0,100,Sell,223447974
2024-07-17 09:59:43,42200.0,100,Sell,223447973
2024-07-17 09:59:43,42200.0,1000,Sell,223447972
2024-07-17 09:59:43,42200.0,200,Sell,223447971
2024-07-17 09:59:43,42200.0,200,Sell,223447970
2024-07-17 09:59:43,42200.0,500,Sell,223447969
2024-07-17 09:59:43,42200.0,200,Sell,223447976
2024-07-17 09:59:43,42200.0,100,Sell,223447967
2024-07-17 09:59:44,42150.0,100,Sell,223448024
2024-07-17 09:59:44,42150.0,100,Sell,223448025
2024-07-17 10:00:00,42150.0,2000,Buy,223448835
2024-07-17 10:00:00,42150.0,100,Sell,223448820
2024-07-17 10:00:00,42150.0,200,Sell,223448821
2024-07-17 10:00:04,42150.0,100,Buy,223449029
2024-07-17 10:00:06,42100.0,1000,Sell,223449054
2024-07-17 10:00:06,42050.0,100,Sell,223449079
2024-07-17 10:00:06,42100.0,100,Sell,223449078
2024-07-17 10:00:06,42100.0,1000,Sell,223449077
2024-07-17 10:00:06,42100.0,200,Sell,223449067
2024-07-17 10:00:06,42100.0,500,Sell,223449066
2024-07-17 10:00:06,42100.0,500,Sell,223449065
2024-07-17 10:00:06,42100.0,1000,Sell,223449062
2024-07-17 10:00:06,42100.0,1000,Sell,223449068
2024-07-17 10:00:06,42100.0,500,Sell,223449060
2024-07-17 10:00:06,42100.0,900,Sell,223449061
2024-07-17 10:00:06,42100.0,300,Sell,223449055
2024-07-17 10:00:06,42100.0,3000,Sell,223449056
2024-07-17 10:00:06,42100.0,100,Sell,223449053
2024-07-17 10:00:06,42100.0,500,Sell,223449058
2024-07-17 10:00:06,42100.0,200,Sell,223449059
2024-07-17 10:00:06,42100.0,300,Sell,223449057
2024-07-17 10:00:18,42100.0,300,Sell,223449764
2024-07-17 10:00:19,42050.0,1100,Sell,223449833
2024-07-17 10:00:25,42050.0,300,Sell,223450070
2024-07-17 10:00:25,42050.0,100,Sell,223450071
2024-07-17 10:00:25,42050.0,2000,Sell,223450072
2024-07-17 10:00:25,42050.0,400,Sell,223450073
2024-07-17 10:00:25,42050.0,3700,Sell,223450074
2024-07-17 10:00:28,42050.0,800,Sell,223450171
2024-07-17 10:00:28,42050.0,1200,Sell,223450170
2024-07-17 10:00:30,42050.0,200,Sell,223450272
2024-07-17 10:00:35,42050.0,100,Sell,223450503
2024-07-17 10:00:35,42050.0,200,Sell,223450504
2024-07-17 10:00:35,42050.0,500,Sell,223450502
2024-07-17 10:00:39,42100.0,100,Buy,223450750
2024-07-17 10:00:39,42100.0,300,Buy,223450751
2024-07-17 10:00:40,42100.0,700,Sell,223450825
2024-07-17 10:00:41,42100.0,100,Buy,223450858
2024-07-17 10:00:42,42100.0,200,Buy,223450884
2024-07-17 10:00:45,42050.0,200,Sell,223450988
2024-07-17 10:00:46,42100.0,100,Buy,223451041
2024-07-17 10:00:53,42100.0,5000,Buy,223451363
2024-07-17 10:00:53,42100.0,500,Buy,223451364
2024-07-17 10:00:53,42050.0,1200,Sell,223451319
2024-07-17 10:00:53,42100.0,100,Buy,223451362
2024-07-17 10:01:10,42100.0,100,Sell,223452129
2024-07-17 10:01:25,42100.0,2000,Sell,223452865
2024-07-17 10:01:27,42100.0,2300,Sell,223452929
2024-07-17 10:01:27,42100.0,100,Sell,223452930
2024-07-17 10:01:27,42100.0,100,Sell,223452931
2024-07-17 10:01:27,42100.0,1000,Sell,223452932
2024-07-17 10:01:27,42100.0,1000,Sell,223452933
2024-07-17 10:01:28,42100.0,100,Buy,223452956
2024-07-17 10:01:35,42100.0,800,Buy,223453290
2024-07-17 10:01:43,42100.0,100,Buy,223453666
2024-07-17 10:02:08,42100.0,100,Buy,223454710
2024-07-17 10:02:10,42050.0,200,Sell,223454890
2024-07-17 10:02:10,42050.0,1400,Sell,223454889
2024-07-17 10:02:16,42100.0,400,Buy,223455061
2024-07-17 10:02:16,42100.0,600,Buy,223455062
2024-07-17 10:02:17,42100.0,400,Buy,223455084
2024-07-17 10:02:17,42100.0,800,Buy,223455089
2024-07-17 10:02:18,42050.0,1800,Sell,223455144
2024-07-17 10:02:18,42050.0,100,Sell,223455145
2024-07-17 10:02:18,42050.0,4100,Sell,223455146
2024-07-17 10:02:20,42100.0,200,Buy,223455245
2024-07-17 10:02:21,42100.0,300,Buy,223455284
2024-07-17 10:02:31,42050.0,400,Sell,223455681
2024-07-17 10:02:31,42050.0,1200,Sell,223455680
2024-07-17 10:02:31,42050.0,1500,Sell,223455682
2024-07-17 10:02:31,42050.0,100,Sell,223455678
2024-07-17 10:02:31,42050.0,900,Sell,223455677
2024-07-17 10:02:31,42050.0,900,Sell,223455679
2024-07-17 10:02:33,42100.0,1400,Buy,223455761
2024-07-17 10:02:38,42100.0,100,Buy,223455922
2024-07-17 10:02:42,42100.0,100,Buy,223456040
2024-07-17 10:02:44,42050.0,200,Sell,223456093
2024-07-17 10:02:46,42100.0,1100,Buy,223456146
2024-07-17 10:02:46,42100.0,100,Buy,223456147
2024-07-17 10:02:46,42100.0,300,Buy,223456148
2024-07-17 10:02:49,42100.0,100,Buy,223456232
2024-07-17 10:02:56,42050.0,300,Sell,223456482
2024-07-17 10:03:00,42100.0,200,Buy,223456606
2024-07-17 10:03:02,42050.0,100,Sell,223456659
2024-07-17 10:03:06,42100.0,500,Buy,223456845
2024-07-17 10:03:06,42100.0,400,Buy,223456844
2024-07-17 10:03:07,42100.0,100,Sell,223456846
2024-07-17 10:03:08,42100.0,100,Buy,223456886
2024-07-17 10:03:24,42100.0,400,Sell,223457656
2024-07-17 10:03:24,42100.0,3800,Sell,223457657
2024-07-17 10:03:24,42100.0,100,Sell,223457658
2024-07-17 10:03:24,42100.0,5700,Buy,223457680
2024-07-17 10:03:26,42150.0,100,Buy,223457740
2024-07-17 10:03:54,42150.0,200,Buy,223459162
2024-07-17 10:03:54,42100.0,1100,Sell,223459184
2024-07-17 10:04:05,42150.0,100,Buy,223459698
2024-07-17 10:04:11,42100.0,2000,Sell,223459914
2024-07-17 10:04:20,42150.0,500,Buy,223460303
2024-07-17 10:04:33,42150.0,100,Buy,223460881
2024-07-17 10:04:36,42150.0,500,Buy,223461012
2024-07-17 10:04:41,42150.0,200,Buy,223461169
2024-07-17 10:04:48,42150.0,100,Buy,223461487
2024-07-17 10:04:48,42150.0,200,Buy,223461488
2024-07-17 10:04:51,42150.0,100,Buy,223461631
2024-07-17 10:04:52,42150.0,700,Buy,223461652
2024-07-17 10:04:52,42150.0,1000,Buy,223461653
2024-07-17 10:04:56,42200.0,100,Buy,223461798
2024-07-17 10:05:10,42200.0,400,Buy,223462391
2024-07-17 10:05:10,42200.0,100,Buy,223462392
2024-07-17 10:05:23,42200.0,200,Buy,223462975
2024-07-17 10:05:24,42150.0,1000,Sell,223463014
2024-07-17 10:05:25,42150.0,500,Sell,223463059
2024-07-17 10:05:27,42200.0,1000,Buy,223463105
2024-07-17 10:05:46,42200.0,100,Sell,223463693
2024-07-17 10:06:07,42200.0,800,Buy,223464513
2024-07-17 10:06:07,42200.0,100,Buy,223464511
2024-07-17 10:06:07,42200.0,100,Buy,223464512
2024-07-17 10:06:08,42150.0,4000,Sell,223464560
2024-07-17 10:06:12,42200.0,300,Buy,223464698
2024-07-17 10:06:24,42200.0,200,Buy,223465029
2024-07-17 10:06:25,42200.0,100,Buy,223465065
2024-07-17 10:06:28,42200.0,200,Buy,223465237
2024-07-17 10:06:31,42200.0,200,Buy,223465539
2024-07-17 10:06:35,42200.0,200,Buy,223465732
2024-07-17 10:06:42,42200.0,200,Buy,223465985
2024-07-17 10:06:45,42200.0,100,Sell,223466172
2024-07-17 10:06:59,42200.0,100,Sell,223466681
2024-07-17 10:06:59,42200.0,1000,Sell,223466680
2024-07-17 10:07:10,42200.0,100,Buy,223467009
2024-07-17 10:07:17,42150.0,1500,Sell,223467239
2024-07-17 10:07:18,42200.0,100,Buy,223467269
2024-07-17 10:07:23,42200.0,200,Buy,223467416
2024-07-17 10:07:30,42200.0,500,Buy,223467674
2024-07-17 10:07:35,42200.0,5000,Buy,223467814
2024-07-17 10:07:51,42200.0,700,Buy,223468293
2024-07-17 10:07:51,42200.0,300,Buy,223468294
2024-07-17 10:07:57,42200.0,500,Buy,223468484
2024-07-17 10:08:09,42200.0,1000,Buy,223468847
2024-07-17 10:08:24,42200.0,100,Buy,223469329
2024-07-17 10:09:00,42200.0,200,Buy,223470256
2024-07-17 10:09:07,42200.0,1000,Buy,223470499
2024-07-17 10:09:11,42200.0,200,Buy,223470586
2024-07-17 10:09:11,42200.0,300,Buy,223470585
2024-07-17 10:09:23,42200.0,200,Buy,223471023
2024-07-17 10:09:30,42200.0,1000,Buy,223471198
2024-07-17 10:09:49,42200.0,200,Buy,223471626
2024-07-17 10:09:49,42200.0,1600,Buy,223471629
2024-07-17 10:09:49,42200.0,500,Buy,223471630
2024-07-17 10:09:54,42200.0,500,Buy,223471750
2024-07-17 10:09:57,42150.0,1200,Sell,223471830
2024-07-17 10:09:57,42150.0,100,Sell,223471829
2024-07-17 10:09:57,42150.0,500,Sell,223471828
2024-07-17 10:09:57,42150.0,200,Sell,223471827
2024-07-17 10:09:57,42150.0,100,Sell,223471826
2024-07-17 10:09:57,42150.0,300,Sell,223471824
2024-07-17 10:09:57,42150.0,400,Sell,223471823
2024-07-17 10:09:57,42150.0,500,Sell,223471822
2024-07-17 10:09:57,42150.0,1300,Sell,223471821
2024-07-17 10:09:57,42150.0,100,Sell,223471825
2024-07-17 10:09:58,42150.0,100,Buy,223471842
2024-07-17 10:10:05,42100.0,1200,Sell,223472017
2024-07-17 10:10:05,42100.0,600,Sell,223472018
2024-07-17 10:10:13,42150.0,200,Buy,223472185
2024-07-17 10:10:26,42150.0,300,Sell,223472550
2024-07-17 10:10:26,42150.0,100,Sell,223472551
2024-07-17 10:11:05,42150.0,200,Sell,223473545
2024-07-17 10:11:05,42150.0,500,Sell,223473542
2024-07-17 10:11:05,42150.0,100,Sell,223473543
2024-07-17 10:11:05,42150.0,2000,Sell,223473544
2024-07-17 10:11:06,42150.0,300,Buy,223473552
2024-07-17 10:11:16,42100.0,400,Sell,223473827
2024-07-17 10:11:16,42100.0,600,Sell,223473828
2024-07-17 10:11:29,42100.0,1300,Sell,223474071
2024-07-17 10:11:40,42150.0,700,Buy,223474369
2024-07-17 10:11:54,42150.0,1000,Buy,223474764
2024-07-17 10:11:54,42150.0,100,Buy,223474774
2024-07-17 10:12:22,42150.0,100,Buy,223475519
2024-07-17 10:12:40,42150.0,500,Buy,223476125
2024-07-17 10:12:42,42100.0,300,Sell,223476177
2024-07-17 10:12:42,42100.0,100,Sell,223476181
2024-07-17 10:12:42,42100.0,1000,Sell,223476180
2024-07-17 10:12:42,42100.0,100,Sell,223476179
2024-07-17 10:12:42,42100.0,1000,Sell,223476178
2024-07-17 10:12:42,42100.0,100,Sell,223476176
2024-07-17 10:12:42,42100.0,100,Sell,223476171
2024-07-17 10:12:42,42100.0,1000,Sell,223476174
2024-07-17 10:12:42,42100.0,4000,Sell,223476173
2024-07-17 10:12:42,42100.0,2000,Sell,223476172
2024-07-17 10:12:42,42100.0,100,Sell,223476170
2024-07-17 10:12:42,42100.0,100,Sell,223476169
2024-07-17 10:12:42,42100.0,3100,Sell,223476168
2024-07-17 10:12:42,42100.0,2000,Sell,223476175
2024-07-17 10:13:07,42100.0,300,Sell,223477027
2024-07-17 10:13:07,42100.0,200,Sell,223477026
2024-07-17 10:13:07,42100.0,200,Sell,223477022
2024-07-17 10:13:07,42100.0,100,Sell,223477024
2024-07-17 10:13:07,42100.0,100,Sell,223477023
2024-07-17 10:13:07,42100.0,100,Sell,223477025
2024-07-17 10:13:20,42150.0,300,Buy,223477416
2024-07-17 10:13:20,42150.0,200,Buy,223477417
2024-07-17 10:13:21,42100.0,200,Sell,223477522
2024-07-17 10:13:27,42100.0,1000,Sell,223477731
2024-07-17 10:13:42,42100.0,1500,Sell,223478439
2024-07-17 10:13:42,42100.0,100,Sell,223478440
2024-07-17 10:14:06,42100.0,200,Sell,223479516
2024-07-17 10:14:06,42100.0,200,Sell,223479517
2024-07-17 10:14:07,42100.0,200,Sell,223479537
2024-07-17 10:14:26,42100.0,1000,Sell,223480235
2024-07-17 10:14:26,42100.0,200,Sell,223480236
2024-07-17 10:14:26,42100.0,200,Sell,223480237
2024-07-17 10:14:26,42100.0,1600,Sell,223480234
2024-07-17 10:14:27,42100.0,800,Sell,223480291
2024-07-17 10:14:27,42100.0,500,Sell,223480292
2024-07-17 10:14:27,42100.0,100,Sell,223480293
2024-07-17 10:14:27,42100.0,600,Sell,223480294
2024-07-17 10:14:41,42100.0,500,Sell,223481018
2024-07-17 10:14:41,42100.0,500,Sell,223481017
2024-07-17 10:14:41,42100.0,200,Sell,223481019
2024-07-17 10:14:41,42100.0,200,Sell,223481015
2024-07-17 10:14:41,42100.0,200,Sell,223481016
2024-07-17 10:14:41,42100.0,1400,Sell,223481014
2024-07-17 10:14:50,42050.0,1000,Sell,223481382
2024-07-17 10:14:51,42050.0,1000,Sell,223481417
2024-07-17 10:15:00,42050.0,5800,Sell,223481986
2024-07-17 10:15:00,42050.0,3000,Sell,223481987
2024-07-17 10:15:00,42050.0,1200,Sell,223481988
2024-07-17 10:15:09,42050.0,3500,Sell,223482840
2024-07-17 10:15:09,42050.0,100,Sell,223482841
2024-07-17 10:15:09,42050.0,100,Sell,223482842
2024-07-17 10:15:09,42050.0,300,Sell,223482843
2024-07-17 10:15:11,42050.0,1200,Sell,223483034
2024-07-17 10:15:11,42050.0,100,Sell,223483033
2024-07-17 10:15:11,42050.0,200,Sell,223483032
2024-07-17 10:15:11,42050.0,500,Sell,223483031
2024-07-17 10:15:11,42050.0,100,Sell,223483029
2024-07-17 10:15:11,42050.0,300,Sell,223483028
2024-07-17 10:15:11,42050.0,100,Sell,223483030
2024-07-17 10:15:12,42050.0,3800,Sell,223483086
2024-07-17 10:15:12,42050.0,200,Sell,223483091
2024-07-17 10:15:12,42050.0,400,Sell,223483092
2024-07-17 10:15:12,42050.0,100,Sell,223483093
2024-07-17 10:15:12,42050.0,1600,Sell,223483094
2024-07-17 10:15:39,42050.0,200,Buy,223484895
2024-07-17 10:15:39,42050.0,1000,Sell,223484878
2024-07-17 10:15:39,42050.0,200,Sell,223484877
2024-07-17 10:15:39,42050.0,200,Sell,223484875
2024-07-17 10:15:39,42050.0,100,Sell,223484874
2024-07-17 10:15:39,42050.0,100,Sell,223484873
2024-07-17 10:15:39,42050.0,400,Sell,223484872
2024-07-17 10:15:39,42050.0,2000,Sell,223484876
2024-07-17 10:15:46,42050.0,1000,Buy,223485362
2024-07-17 10:15:56,42000.0,100,Sell,223486040
2024-07-17 10:15:56,42000.0,200,Sell,223486041
2024-07-17 10:15:56,42000.0,300,Sell,223486072
2024-07-17 10:15:57,42000.0,600,Sell,223486158
2024-07-17 10:15:57,42000.0,1000,Sell,223486156
2024-07-17 10:15:57,42000.0,500,Sell,223486157
2024-07-17 10:15:57,42000.0,100,Sell,223486154
2024-07-17 10:15:57,42000.0,300,Sell,223486153
2024-07-17 10:15:57,42000.0,500,Sell,223486152
2024-07-17 10:15:57,42000.0,1000,Sell,223486155
2024-07-17 10:15:59,42000.0,400,Sell,223486272
2024-07-17 10:15:59,42000.0,100,Sell,223486273
2024-07-17 10:15:59,42000.0,500,Sell,223486274
2024-07-17 10:15:59,42000.0,400,Sell,223486275
2024-07-17 10:15:59,42000.0,300,Sell,223486276
2024-07-17 10:16:04,42000.0,100,Sell,223486765
2024-07-17 10:16:04,42000.0,1400,Sell,223486766
2024-07-17 10:16:14,42000.0,100,Sell,223487792
2024-07-17 10:16:14,42000.0,100,Sell,223487794
2024-07-17 10:16:14,42000.0,3000,Sell,223487793
2024-07-17 10:16:14,42000.0,300,Sell,223487791
2024-07-17 10:16:14,42000.0,400,Sell,223487790
2024-07-17 10:16:14,42000.0,200,Sell,223487789
2024-07-17 10:16:14,42000.0,100,Sell,223487786
2024-07-17 10:16:14,42000.0,3600,Sell,223487785
2024-07-17 10:16:14,42000.0,100,Sell,223487788
2024-07-17 10:16:14,42000.0,100,Sell,223487787
2024-07-17 10:16:16,42000.0,100,Sell,223488150
2024-07-17 10:16:16,42000.0,100,Sell,223488151
2024-07-17 10:16:16,42000.0,600,Sell,223488152
2024-07-17 10:16:16,42000.0,200,Sell,223488149
2024-07-17 10:16:26,42000.0,400,Sell,223488946
2024-07-17 10:16:26,42000.0,500,Sell,223488947
2024-07-17 10:16:26,42000.0,2100,Sell,223488948
2024-07-17 10:16:39,42000.0,500,Sell,223489909
2024-07-17 10:16:44,42000.0,1100,Sell,223490459
2024-07-17 10:16:45,42000.0,1000,Sell,223490539
2024-07-17 10:16:49,42000.0,300,Sell,223490870
2024-07-17 10:16:49,42000.0,200,Sell,223490871
2024-07-17 10:16:53,42000.0,400,Sell,223491279
2024-07-17 10:16:53,42000.0,2600,Sell,223491280
2024-07-17 10:16:59,42000.0,200,Sell,223491825
2024-07-17 10:16:59,42000.0,100,Sell,223491824
2024-07-17 10:16:59,42000.0,500,Sell,223491820
2024-07-17 10:16:59,42000.0,200,Sell,223491821
2024-07-17 10:16:59,42000.0,2000,Sell,223491819
2024-07-17 10:16:59,42000.0,500,Sell,223491823
2024-07-17 10:16:59,42000.0,100,Sell,223491817
2024-07-17 10:16:59,42000.0,200,Sell,223491818
2024-07-17 10:16:59,42000.0,3400,Sell,223491812
2024-07-17 10:16:59,42000.0,100,Sell,223491813
2024-07-17 10:16:59,42000.0,2000,Sell,223491822
2024-07-17 10:16:59,42000.0,100,Sell,223491815
2024-07-17 10:16:59,42000.0,500,Sell,223491816
2024-07-17 10:16:59,42000.0,100,Sell,223491814
2024-07-17 10:17:00,42000.0,300,Sell,223491911
2024-07-17 10:17:04,42000.0,500,Sell,223492269
2024-07-17 10:17:04,42000.0,500,Sell,223492257
2024-07-17 10:17:04,42000.0,1500,Sell,223492264
2024-07-17 10:17:04,42000.0,500,Sell,223492265
2024-07-17 10:17:04,42000.0,500,Sell,223492266
2024-07-17 10:17:04,42000.0,2000,Sell,223492267
2024-07-17 10:17:04,42000.0,500,Sell,223492268
2024-07-17 10:17:07,42000.0,1000,Sell,223492449
2024-07-17 10:17:08,42000.0,200,Sell,223492535
2024-07-17 10:17:08,42000.0,1000,Sell,223492536
2024-07-17 10:17:12,42000.0,300,Sell,223492900
2024-07-17 10:17:12,42000.0,100,Sell,223492901
2024-07-17 10:17:12,42000.0,100,Sell,223492902
2024-07-17 10:17:13,42000.0,400,Sell,223492944
2024-07-17 10:17:13,42000.0,100,Sell,223492945
2024-07-17 10:17:19,42000.0,200,Sell,223493401
2024-07-17 10:17:19,42000.0,800,Sell,223493402
2024-07-17 10:17:28,42000.0,200,Sell,223494218
2024-07-17 10:17:28,42000.0,600,Sell,223494219
2024-07-17 10:17:28,42000.0,600,Sell,223494265
2024-07-17 10:17:32,42000.0,700,Sell,223494603
2024-07-17 10:17:40,42000.0,500,Sell,223495344
2024-07-17 10:17:40,42000.0,200,Sell,223495347
2024-07-17 10:17:40,42000.0,100,Sell,223495343
2024-07-17 10:17:40,42000.0,100,Sell,223495345
2024-07-17 10:17:40,42000.0,300,Sell,223495346
2024-07-17 10:17:44,42000.0,500,Sell,223495870
2024-07-17 10:17:47,42000.0,100,Sell,223495974
2024-07-17 10:17:47,42000.0,500,Sell,223495973
2024-07-17 10:17:47,42000.0,100,Sell,223495972
2024-07-17 10:17:47,42000.0,100,Sell,223495971
2024-07-17 10:17:47,42000.0,1600,Sell,223495975
2024-07-17 10:17:47,42000.0,400,Sell,223495969
2024-07-17 10:17:47,42000.0,200,Sell,223495968
2024-07-17 10:17:47,42000.0,300,Sell,223495967
2024-07-17 10:17:47,42000.0,300,Sell,223495966
2024-07-17 10:17:47,42000.0,200,Sell,223495970
2024-07-17 10:17:49,42000.0,400,Sell,223496241
2024-07-17 10:17:49,42000.0,100,Sell,223496242
2024-07-17 10:17:49,42000.0,100,Sell,223496243
2024-07-17 10:17:49,42000.0,100,Sell,223496244
2024-07-17 10:17:49,42000.0,200,Sell,223496245
2024-07-17 10:17:49,42000.0,100,Sell,223496246
2024-07-17 10:17:50,42000.0,100,Sell,223496320
2024-07-17 10:17:50,42000.0,200,Sell,223496319
2024-07-17 10:17:50,42000.0,200,Sell,223496318
2024-07-17 10:17:50,42000.0,500,Sell,223496316
2024-07-17 10:17:50,42000.0,200,Sell,223496317
2024-07-17 10:17:50,42000.0,100,Sell,223496314
2024-07-17 10:17:50,42000.0,100,Sell,223496311
2024-07-17 10:17:50,42000.0,100,Sell,223496315
2024-07-17 10:17:50,42000.0,500,Sell,223496313
2024-07-17 10:17:50,42000.0,100,Sell,223496312
2024-07-17 10:18:03,42000.0,100,Buy,223497502
2024-07-17 10:18:05,41950.0,500,Sell,223497606
2024-07-17 10:18:05,42000.0,500,Buy,223497610
2024-07-17 10:18:06,41950.0,1100,Sell,223497688
2024-07-17 10:18:06,41950.0,300,Sell,223497717
2024-07-17 10:18:24,41950.0,2900,Sell,223499291
2024-07-17 10:18:25,41950.0,100,Sell,223499463
2024-07-17 10:18:25,41950.0,4700,Sell,223499460
2024-07-17 10:18:25,41950.0,100,Sell,223499461
2024-07-17 10:18:25,41950.0,100,Sell,223499462
2024-07-17 10:18:27,41950.0,100,Sell,223499793
2024-07-17 10:18:27,41950.0,200,Sell,223499794
2024-07-17 10:18:27,41950.0,100,Sell,223499795
2024-07-17 10:18:27,41950.0,100,Sell,223499796
2024-07-17 10:18:27,41950.0,800,Sell,223499797
2024-07-17 10:18:30,41900.0,100,Sell,223500371
2024-07-17 10:18:30,41900.0,1000,Sell,223500372
2024-07-17 10:18:30,41900.0,700,Sell,223500373
2024-07-17 10:18:30,41900.0,200,Sell,223500374
2024-07-17 10:18:48,41900.0,300,Sell,223502057
2024-07-17 10:18:49,41900.0,300,Sell,223502207
2024-07-17 10:18:49,41900.0,400,Sell,223502206
2024-07-17 10:18:50,41900.0,300,Sell,223502283
2024-07-17 10:19:02,41900.0,3600,Sell,223503325
2024-07-17 10:19:08,41900.0,800,Sell,223503903
2024-07-17 10:19:08,41900.0,500,Sell,223503904
2024-07-17 10:19:08,41900.0,1000,Sell,223503905
2024-07-17 10:19:08,41900.0,100,Sell,223503906
2024-07-17 10:19:08,41900.0,1000,Sell,223503907
2024-07-17 10:19:08,41900.0,100,Sell,223503908
2024-07-17 10:19:08,41900.0,100,Sell,223503909
2024-07-17 10:19:08,41900.0,900,Sell,223503910
2024-07-17 10:19:09,41900.0,700,Sell,223503942
2024-07-17 10:19:10,41900.0,700,Sell,223504066
2024-07-17 10:19:10,41900.0,100,Sell,223504065
2024-07-17 10:19:10,41900.0,300,Sell,223504064
2024-07-17 10:19:10,41900.0,500,Sell,223504063
2024-07-17 10:19:10,41900.0,200,Sell,223504062
2024-07-17 10:19:10,41900.0,100,Sell,223504061
2024-07-17 10:19:10,41900.0,100,Sell,223504059
2024-07-17 10:19:10,41900.0,100,Sell,223504058
2024-07-17 10:19:10,41900.0,500,Sell,223504057
2024-07-17 10:19:10,41900.0,400,Sell,223504056
2024-07-17 10:19:10,41900.0,600,Sell,223503996
2024-07-17 10:19:10,41900.0,200,Sell,223504060
2024-07-17 10:19:10,41900.0,400,Sell,223503995
2024-07-17 10:19:17,41900.0,900,Sell,223504633
2024-07-17 10:19:18,41800.0,200,Sell,223504725
2024-07-17 10:19:18,41800.0,500,Sell,223504726
2024-07-17 10:19:18,41800.0,500,Sell,223504727
2024-07-17 10:19:18,41800.0,1000,Sell,223504728
2024-07-17 10:19:18,41800.0,200,Sell,223504731
2024-07-17 10:19:18,41800.0,300,Sell,223504730
2024-07-17 10:19:18,41800.0,3100,Sell,223504732
2024-07-17 10:19:18,41800.0,200,Sell,223504729
2024-07-17 10:19:18,41800.0,100,Sell,223504724
2024-07-17 10:19:18,41850.0,500,Sell,223504716
2024-07-17 10:19:18,41800.0,1000,Sell,223504722
2024-07-17 10:19:18,41800.0,200,Sell,223504723
2024-07-17 10:19:18,41900.0,400,Sell,223504714
2024-07-17 10:19:18,41850.0,1000,Sell,223504717
2024-07-17 10:19:18,41850.0,100,Sell,223504715
2024-07-17 10:19:18,41800.0,100,Sell,223504719
2024-07-17 10:19:18,41800.0,400,Sell,223504720
2024-07-17 10:19:18,41800.0,100,Sell,223504721
2024-07-17 10:19:18,41800.0,100,Sell,223504718
2024-07-17 10:19:19,41800.0,1000,Sell,223504759
2024-07-17 10:19:19,41800.0,400,Sell,223504760
2024-07-17 10:19:19,41800.0,1000,Sell,223504803
2024-07-17 10:19:19,41800.0,1500,Sell,223504758
2024-07-17 10:19:25,41900.0,700,Buy,223505237
2024-07-17 10:19:25,41900.0,300,Buy,223505238
2024-07-17 10:19:36,41850.0,200,Sell,223506054
2024-07-17 10:19:36,41800.0,100,Sell,223506055
2024-07-17 10:19:55,41850.0,300,Sell,223507445
2024-07-17 10:19:56,41850.0,200,Buy,223507568
2024-07-17 10:20:00,41800.0,1000,Sell,223507890
2024-07-17 10:20:00,41800.0,1000,Sell,223507841
2024-07-17 10:20:07,41800.0,800,Sell,223508378
2024-07-17 10:20:07,41800.0,900,Sell,223508377
2024-07-17 10:20:11,41800.0,1000,Sell,223508863
2024-07-17 10:20:15,41800.0,1000,Sell,223509097
2024-07-17 10:20:15,41800.0,200,Sell,223509098
2024-07-17 10:20:15,41800.0,100,Sell,223509099
2024-07-17 10:20:22,41800.0,500,Sell,223509687
2024-07-17 10:20:23,41800.0,400,Sell,223509789
2024-07-17 10:20:23,41800.0,100,Sell,223509790
2024-07-17 10:20:36,41800.0,600,Sell,223510730
2024-07-17 10:20:36,41800.0,100,Sell,223510729
2024-07-17 10:20:36,41800.0,200,Sell,223510728
2024-07-17 10:20:36,41800.0,400,Sell,223510726
2024-07-17 10:20:36,41850.0,300,Sell,223510725
2024-07-17 10:20:36,41800.0,400,Sell,223510727
2024-07-17 10:20:50,41850.0,300,Buy,223511942
2024-07-17 10:20:54,41850.0,200,Buy,223512218
2024-07-17 10:20:59,41850.0,1000,Sell,223512561
2024-07-17 10:21:03,41850.0,100,Sell,223512829
2024-07-17 10:21:11,41850.0,200,Sell,223513500
2024-07-17 10:21:14,41850.0,300,Sell,223513653
2024-07-17 10:21:24,41900.0,500,Buy,223514266
2024-07-17 10:21:29,41900.0,200,Buy,223514555
2024-07-17 10:21:36,41900.0,800,Buy,223514956
2024-07-17 10:21:36,41900.0,1000,Buy,223514955
2024-07-17 10:21:36,41900.0,200,Buy,223514954
2024-07-17 10:21:42,41900.0,200,Buy,223515550
2024-07-17 10:21:43,41900.0,2700,Buy,223515572
2024-07-17 10:21:43,41900.0,2300,Buy,223515573
2024-07-17 10:21:43,41900.0,300,Buy,223515598
2024-07-17 10:21:46,41850.0,200,Sell,223515796
2024-07-17 10:21:46,41850.0,2500,Sell,223515797
2024-07-17 10:21:54,41900.0,500,Buy,223516272
2024-07-17 10:21:58,41850.0,1000,Sell,223516528
2024-07-17 10:21:58,41900.0,100,Buy,223516562
2024-07-17 10:21:59,41850.0,100,Sell,223516578
2024-07-17 10:22:07,41850.0,200,Sell,223517515
2024-07-17 10:22:07,41850.0,400,Sell,223517513
2024-07-17 10:22:07,41850.0,100,Sell,223517514
2024-07-17 10:22:09,41900.0,200,Buy,223517655
2024-07-17 10:22:21,41850.0,1000,Sell,223518671
2024-07-17 10:22:24,41850.0,500,Sell,223518867
2024-07-17 10:22:27,41900.0,1600,Buy,223519076
2024-07-17 10:22:27,41900.0,400,Buy,223519077
2024-07-17 10:22:29,41800.0,100,Sell,223519177
2024-07-17 10:22:29,41850.0,100,Sell,223519176
2024-07-17 10:22:29,41850.0,1000,Sell,223519175
2024-07-17 10:22:29,41850.0,200,Sell,223519174
2024-07-17 10:22:29,41850.0,400,Sell,223519173
2024-07-17 10:22:29,41850.0,200,Sell,223519172
2024-07-17 10:22:29,41850.0,500,Sell,223519169
2024-07-17 10:22:29,41850.0,300,Sell,223519170
2024-07-17 10:22:29,41850.0,300,Sell,223519171
2024-07-17 10:22:29,41850.0,300,Sell,223519165
2024-07-17 10:22:29,41850.0,200,Sell,223519168
2024-07-17 10:22:29,41850.0,1000,Sell,223519167
2024-07-17 10:22:29,41850.0,400,Sell,223519166
2024-07-17 10:22:32,41900.0,100,Buy,223519348
2024-07-17 10:22:32,41900.0,100,Buy,223519347
2024-07-17 10:22:32,41900.0,300,Buy,223519349
2024-07-17 10:22:34,41800.0,800,Sell,223519497
2024-07-17 10:22:34,41800.0,500,Sell,223519496
2024-07-17 10:22:34,41800.0,100,Sell,223519495
2024-07-17 10:22:34,41800.0,100,Sell,223519494
2024-07-17 10:22:34,41800.0,100,Sell,223519493
2024-07-17 10:22:34,41800.0,300,Sell,223519492
2024-07-17 10:22:34,41800.0,200,Sell,223519491
2024-07-17 10:22:34,41800.0,300,Sell,223519490
2024-07-17 10:22:34,41800.0,4600,Sell,223519480
2024-07-17 10:22:34,41800.0,300,Sell,223519488
2024-07-17 10:22:34,41800.0,100,Sell,223519481
2024-07-17 10:22:34,41800.0,1500,Sell,223519482
2024-07-17 10:22:34,41800.0,100,Sell,223519483
2024-07-17 10:22:34,41800.0,100,Sell,223519489
2024-07-17 10:22:34,41800.0,100,Sell,223519485
2024-07-17 10:22:34,41800.0,200,Sell,223519486
2024-07-17 10:22:34,41800.0,100,Sell,223519487
2024-07-17 10:22:34,41800.0,500,Sell,223519484
2024-07-17 10:22:36,41900.0,400,Buy,223519637
2024-07-17 10:22:47,41900.0,1000,Buy,223520453
2024-07-17 10:22:49,41850.0,300,Sell,223520625
2024-07-17 10:22:54,41800.0,200,Sell,223520974
2024-07-17 10:23:03,41800.0,100,Sell,223521618
2024-07-17 10:23:04,41800.0,900,Sell,223521666
2024-07-17 10:23:04,41800.0,100,Sell,223521667
2024-07-17 10:23:05,41850.0,200,Buy,223521740
2024-07-17 10:23:08,41800.0,200,Sell,223522015
2024-07-17 10:23:08,41800.0,100,Sell,223522014
2024-07-17 10:23:08,41800.0,100,Sell,223522013
2024-07-17 10:23:08,41800.0,200,Sell,223522011
2024-07-17 10:23:08,41800.0,300,Sell,223522010
2024-07-17 10:23:08,41850.0,400,Buy,223521994
2024-07-17 10:23:08,41800.0,100,Sell,223522012
2024-07-17 10:23:12,41750.0,100,Sell,223522289
2024-07-17 10:23:12,41750.0,3900,Sell,223522290
2024-07-17 10:23:12,41750.0,2000,Sell,223522288
2024-07-17 10:23:12,41750.0,100,Sell,223522287
2024-07-17 10:23:12,41800.0,200,Sell,223522282
2024-07-17 10:23:12,41800.0,100,Sell,223522285
2024-07-17 10:23:12,41800.0,2000,Sell,223522284
2024-07-17 10:23:12,41800.0,100,Sell,223522283
2024-07-17 10:23:12,41800.0,100,Sell,223522286
2024-07-17 10:23:14,41800.0,100,Sell,223522432
2024-07-17 10:23:22,41800.0,100,Buy,223523039
2024-07-17 10:23:24,41800.0,100,Buy,223523217
2024-07-17 10:23:35,41800.0,200,Buy,223523964
2024-07-17 10:23:35,41800.0,100,Buy,223523965
2024-07-17 10:23:35,41800.0,400,Buy,223523966
2024-07-17 10:23:35,41800.0,300,Buy,223523967
2024-07-17 10:23:35,41800.0,100,Buy,223524000
2024-07-17 10:23:37,41800.0,100,Buy,223524103
2024-07-17 10:23:38,41800.0,100,Buy,223524194
2024-07-17 10:23:41,41800.0,1500,Buy,223524463
2024-07-17 10:23:41,41800.0,100,Buy,223524464
2024-07-17 10:23:41,41800.0,3400,Buy,223524462
2024-07-17 10:23:45,41800.0,500,Buy,223524745
2024-07-17 10:23:47,41800.0,1000,Buy,223524888
2024-07-17 10:23:48,41800.0,100,Buy,223524952
2024-07-17 10:23:49,41800.0,400,Buy,223525033
2024-07-17 10:23:49,41800.0,2000,Buy,223525030
2024-07-17 10:23:49,41800.0,500,Buy,223525031
2024-07-17 10:23:49,41800.0,300,Buy,223525032
2024-07-17 10:23:56,41800.0,800,Sell,223525442
2024-07-17 10:23:56,41800.0,500,Sell,223525443
2024-07-17 10:23:56,41800.0,200,Buy,223525458
2024-07-17 10:23:56,41800.0,900,Buy,223525459
2024-07-17 10:24:01,41800.0,100,Sell,223525756
2024-07-17 10:24:01,41800.0,400,Sell,223525757
2024-07-17 10:24:03,41850.0,500,Buy,223526026
2024-07-17 10:24:12,41850.0,500,Buy,223526436
2024-07-17 10:24:14,41850.0,1100,Buy,223526537
2024-07-17 10:24:16,41850.0,200,Buy,223526590
2024-07-17 10:24:16,41800.0,600,Sell,223526612
2024-07-17 10:24:16,41800.0,400,Sell,223526613
2024-07-17 10:24:20,41850.0,2000,Buy,223526786
2024-07-17 10:24:29,41850.0,4800,Buy,223527210
2024-07-17 10:24:29,41850.0,1000,Buy,223527211
2024-07-17 10:24:29,41850.0,1200,Buy,223527212
2024-07-17 10:24:30,41850.0,500,Buy,223527266
2024-07-17 10:24:31,41850.0,300,Sell,223527400
2024-07-17 10:24:39,41850.0,200,Sell,223527718
2024-07-17 10:24:46,41900.0,100,Buy,223528055
2024-07-17 10:24:46,41900.0,1000,Buy,223528056
2024-07-17 10:24:46,41900.0,2000,Buy,223528057
2024-07-17 10:25:06,41900.0,500,Sell,223528889
2024-07-17 10:25:08,41950.0,100,Buy,223528930
2024-07-17 10:25:11,41950.0,100,Buy,223529078
2024-07-17 10:25:11,41950.0,300,Buy,223529079
2024-07-17 10:25:12,42000.0,1900,Buy,223529134
2024-07-17 10:25:12,42000.0,900,Buy,223529133
2024-07-17 10:25:12,42000.0,1000,Buy,223529132
2024-07-17 10:25:12,42000.0,14600,Buy,223529131
2024-07-17 10:25:12,42000.0,1000,Buy,223529130
2024-07-17 10:25:12,42000.0,500,Buy,223529129
2024-07-17 10:25:12,42000.0,500,Buy,223529124
2024-07-17 10:25:12,42000.0,800,Buy,223529127
2024-07-17 10:25:12,42000.0,100,Buy,223529126
2024-07-17 10:25:12,42000.0,1000,Buy,223529125
2024-07-17 10:25:12,42000.0,1000,Buy,223529123
2024-07-17 10:25:12,42000.0,900,Buy,223529122
2024-07-17 10:25:12,41950.0,700,Buy,223529121
2024-07-17 10:25:12,42000.0,100,Buy,223529128
2024-07-17 10:25:18,41950.0,100,Sell,223529429
2024-07-17 10:25:19,42000.0,100,Buy,223529452
2024-07-17 10:25:20,42000.0,100,Sell,223529492
2024-07-17 10:25:42,42000.0,100,Sell,223530421
2024-07-17 10:25:42,42000.0,100,Sell,223530419
2024-07-17 10:25:42,42000.0,100,Sell,223530420
2024-07-17 10:25:43,42050.0,200,Buy,223530471
2024-07-17 10:25:43,42050.0,1100,Buy,223530470
2024-07-17 10:25:43,41950.0,1000,Sell,223530453
2024-07-17 10:25:43,41900.0,100,Sell,223530458
2024-07-17 10:25:43,42000.0,700,Buy,223530469
2024-07-17 10:25:43,41950.0,2000,Sell,223530454
2024-07-17 10:25:51,42050.0,800,Buy,223530781
2024-07-17 10:25:51,42050.0,100,Buy,223530782
2024-07-17 10:26:03,42100.0,600,Buy,223531311
2024-07-17 10:26:03,42100.0,1000,Buy,223531312
2024-07-17 10:26:10,42150.0,200,Buy,223531585
2024-07-17 10:26:19,42100.0,1000,Sell,223531970
2024-07-17 10:26:20,42150.0,200,Buy,223532004
2024-07-17 10:26:20,42150.0,600,Buy,223532002
2024-07-17 10:26:20,42150.0,1000,Buy,223532003
2024-07-17 10:26:21,42150.0,500,Sell,223532020
2024-07-17 10:26:21,42150.0,1300,Sell,223532019
2024-07-17 10:26:33,42150.0,200,Buy,223532433
2024-07-17 10:26:45,42150.0,100,Buy,223532799
2024-07-17 10:26:51,42100.0,9400,Sell,223533094
2024-07-17 10:26:53,42150.0,500,Buy,223533126
2024-07-17 10:26:54,42100.0,200,Sell,223533173
2024-07-17 10:27:06,42100.0,500,Buy,223533598
2024-07-17 10:27:34,42100.0,500,Buy,223534565
2024-07-17 10:27:52,42100.0,100,Buy,223535105
2024-07-17 10:27:58,42100.0,200,Buy,223535418
2024-07-17 10:28:12,42100.0,800,Buy,223535833
2024-07-17 10:28:43,42100.0,500,Buy,223536734
2024-07-17 10:29:13,42000.0,300,Sell,223537597
2024-07-17 10:29:13,42000.0,200,Sell,223537598
2024-07-17 10:29:20,42050.0,100,Buy,223537764
2024-07-17 10:29:36,42000.0,100,Sell,223538201
2024-07-17 10:29:36,42000.0,900,Sell,223538203
2024-07-17 10:29:37,42050.0,100,Buy,223538254
2024-07-17 10:29:59,42000.0,500,Sell,223538870
2024-07-17 10:29:59,42000.0,800,Sell,223538871
2024-07-17 10:29:59,42000.0,600,Sell,223538868
2024-07-17 10:29:59,42000.0,100,Sell,223538869
2024-07-17 10:30:06,42000.0,200,Sell,223539065
2024-07-17 10:30:06,42000.0,800,Sell,223539066
2024-07-17 10:30:09,42000.0,200,Sell,223539176
2024-07-17 10:30:17,42000.0,2000,Sell,223539397
2024-07-17 10:30:17,42000.0,500,Sell,223539398
2024-07-17 10:30:17,42000.0,100,Sell,223539399
2024-07-17 10:30:17,42000.0,4400,Sell,223539400
2024-07-17 10:30:18,42000.0,600,Sell,223539508
2024-07-17 10:30:18,42000.0,100,Sell,223539509
2024-07-17 10:30:18,42000.0,500,Sell,223539510
2024-07-17 10:30:22,41900.0,1300,Sell,223539608
2024-07-17 10:30:22,41900.0,1900,Sell,223539609
2024-07-17 10:30:35,42000.0,200,Buy,223539941
2024-07-17 10:31:25,41900.0,700,Sell,223541341
2024-07-17 10:31:25,41900.0,200,Sell,223541342
2024-07-17 10:31:25,41900.0,1100,Sell,223541340
2024-07-17 10:31:52,41900.0,1000,Sell,223542153
2024-07-17 10:32:24,42000.0,800,Buy,223543140
2024-07-17 10:32:24,42000.0,200,Buy,223543141
2024-07-17 10:32:39,42000.0,600,Buy,223543467
2024-07-17 10:32:39,42000.0,400,Buy,223543468
2024-07-17 10:32:48,42000.0,100,Buy,223543696
2024-07-17 10:32:59,41900.0,4200,Sell,223544067
2024-07-17 10:32:59,41900.0,100,Sell,223544066
2024-07-17 10:32:59,41900.0,500,Sell,223544065
2024-07-17 10:32:59,41900.0,3000,Sell,223544064
2024-07-17 10:32:59,41900.0,2000,Sell,223544063
2024-07-17 10:32:59,41900.0,100,Sell,223544059
2024-07-17 10:32:59,41900.0,1000,Sell,223544061
2024-07-17 10:32:59,41900.0,300,Sell,223544060
2024-07-17 10:32:59,41900.0,900,Sell,223544057
2024-07-17 10:32:59,41900.0,1800,Sell,223544056
2024-07-17 10:32:59,41900.0,600,Sell,223544062
2024-07-17 10:32:59,41900.0,500,Sell,223544058
2024-07-17 10:33:23,41900.0,500,Sell,223544851
2024-07-17 10:33:23,41900.0,500,Sell,223544852
2024-07-17 10:33:29,41900.0,100,Buy,223544945
2024-07-17 10:34:01,41900.0,100,Buy,223545972
2024-07-17 10:34:23,41900.0,200,Buy,223546775
2024-07-17 10:34:24,41900.0,500,Buy,223546813
2024-07-17 10:34:37,41900.0,400,Buy,223547124
2024-07-17 10:34:39,41850.0,1000,Sell,223547172
2024-07-17 10:34:52,41850.0,500,Sell,223547610
2024-07-17 10:35:13,41850.0,300,Sell,223548306
2024-07-17 10:35:42,41850.0,200,Sell,223549244
2024-07-17 10:35:44,41850.0,300,Sell,223549281
2024-07-17 10:35:53,41850.0,1700,Sell,223549535
2024-07-17 10:35:53,41850.0,200,Sell,223549536
2024-07-17 10:35:57,41850.0,200,Sell,223549663
2024-07-17 10:35:57,41850.0,1000,Sell,223549662
2024-07-17 10:35:57,41850.0,200,Sell,223549661
2024-07-17 10:35:57,41850.0,100,Sell,223549660
2024-07-17 10:35:57,41850.0,200,Sell,223549659
2024-07-17 10:35:57,41850.0,100,Sell,223549655
2024-07-17 10:35:57,41850.0,500,Sell,223549657
2024-07-17 10:35:57,41850.0,100,Sell,223549656
2024-07-17 10:35:57,41850.0,800,Sell,223549654
2024-07-17 10:35:57,41850.0,800,Sell,223549653
2024-07-17 10:35:57,41850.0,1000,Sell,223549658
2024-07-17 10:36:00,41850.0,100,Sell,223549742
2024-07-17 10:36:08,41850.0,100,Sell,223549973
2024-07-17 10:36:26,41850.0,200,Sell,223550412
2024-07-17 10:36:30,41850.0,100,Sell,223550531
2024-07-17 10:36:30,41850.0,200,Sell,223550530
2024-07-17 10:36:37,41850.0,700,Buy,223550717
2024-07-17 10:36:51,41900.0,100,Buy,223551197
2024-07-17 10:36:58,41850.0,2800,Sell,223551363
2024-07-17 10:37:23,41850.0,800,Sell,223552158
2024-07-17 10:38:09,41850.0,100,Sell,223553586
2024-07-17 10:38:32,41850.0,200,Sell,223554225
2024-07-17 10:38:32,41850.0,600,Sell,223554226
2024-07-17 10:38:32,41850.0,600,Sell,223554224
2024-07-17 10:38:49,41900.0,100,Buy,223554933
2024-07-17 10:38:49,41900.0,800,Buy,223554934
2024-07-17 10:39:14,41900.0,200,Buy,223555738
2024-07-17 10:39:14,41900.0,500,Buy,223555739
2024-07-17 10:39:14,41900.0,1000,Buy,223555740
2024-07-17 10:39:31,41900.0,900,Sell,223556302
2024-07-17 10:39:33,41900.0,1000,Sell,223556363
2024-07-17 10:40:15,41850.0,400,Sell,223558071
2024-07-17 10:40:15,41850.0,900,Sell,223558072
2024-07-17 10:40:15,41900.0,300,Sell,223558069
2024-07-17 10:40:15,41900.0,400,Sell,223558068
2024-07-17 10:40:15,41900.0,1000,Sell,223558070
2024-07-17 10:41:34,41900.0,200,Sell,223561317
2024-07-17 10:41:34,41900.0,500,Sell,223561318
2024-07-17 10:41:34,41850.0,100,Sell,223561319
2024-07-17 10:41:34,41850.0,200,Sell,223561320
2024-07-17 10:41:34,41850.0,300,Sell,223561321
2024-07-17 10:41:58,41850.0,200,Sell,223562060
2024-07-17 10:41:58,41850.0,300,Sell,223562061
2024-07-17 10:42:23,41850.0,100,Sell,223563296
2024-07-17 10:42:29,41850.0,1200,Sell,223563674
2024-07-17 10:42:29,41850.0,300,Sell,223563676
2024-07-17 10:42:29,41850.0,1000,Sell,223563675
2024-07-17 10:42:29,41850.0,200,Sell,223563673
2024-07-17 10:42:29,41850.0,100,Sell,223563669
2024-07-17 10:42:29,41850.0,400,Sell,223563671
2024-07-17 10:42:29,41850.0,100,Sell,223563672
2024-07-17 10:42:29,41850.0,600,Sell,223563667
2024-07-17 10:42:29,41850.0,100,Sell,223563668
2024-07-17 10:42:29,41850.0,1000,Sell,223563670
2024-07-17 10:42:34,41850.0,700,Sell,223563862
2024-07-17 10:42:34,41850.0,100,Sell,223563863
2024-07-17 10:42:34,41850.0,200,Sell,223563864
2024-07-17 10:42:46,41900.0,100,Buy,223564356
2024-07-17 10:42:50,41850.0,100,Sell,223564453
2024-07-17 10:42:50,41850.0,100,Sell,223564454
2024-07-17 10:43:00,41850.0,500,Sell,223564832
2024-07-17 10:43:14,41850.0,1000,Sell,223565538
2024-07-17 10:43:14,41850.0,800,Sell,223565539
2024-07-17 10:43:14,41850.0,100,Sell,223565536
2024-07-17 10:43:14,41850.0,500,Sell,223565537
2024-07-17 10:43:34,41850.0,100,Buy,223566282
2024-07-17 10:43:41,41850.0,100,Buy,223566504
2024-07-17 10:43:54,41850.0,400,Buy,223566890
2024-07-17 10:43:54,41850.0,100,Buy,223566891
2024-07-17 10:44:01,41850.0,500,Buy,223567156
2024-07-17 10:44:27,41850.0,100,Sell,223568086
2024-07-17 10:44:27,41850.0,200,Sell,223568085
2024-07-17 10:44:39,41850.0,200,Sell,223568530
2024-07-17 10:45:15,41850.0,200,Buy,223569891
2024-07-17 10:45:34,41800.0,100,Sell,223570743
2024-07-17 10:45:34,41800.0,200,Sell,223570744
2024-07-17 10:45:34,41800.0,200,Sell,223570745
2024-07-17 10:45:34,41800.0,700,Sell,223570746
2024-07-17 10:45:37,41850.0,200,Buy,223570858
2024-07-17 10:45:46,41850.0,900,Buy,223571245
2024-07-17 10:45:46,41850.0,100,Buy,223571246
2024-07-17 10:45:46,41850.0,100,Buy,223571292
2024-07-17 10:45:57,41900.0,100,Buy,223571667
2024-07-17 10:46:35,41850.0,100,Sell,223572948
2024-07-17 10:46:47,41850.0,2000,Sell,223573450
2024-07-17 10:46:47,41850.0,100,Sell,223573448
2024-07-17 10:46:47,41850.0,5000,Sell,223573449
2024-07-17 10:47:12,41850.0,100,Buy,223574295
2024-07-17 10:47:13,41850.0,2000,Buy,223574337
2024-07-17 10:47:15,41850.0,500,Buy,223574385
2024-07-17 10:47:19,41850.0,300,Buy,223574493
2024-07-17 10:47:19,41850.0,200,Buy,223574494
2024-07-17 10:47:26,41850.0,500,Sell,223574763
2024-07-17 10:47:30,41850.0,1500,Buy,223574844
2024-07-17 10:48:16,41850.0,2100,Sell,223576334
2024-07-17 10:48:16,41850.0,3000,Sell,223576336
2024-07-17 10:48:16,41850.0,500,Sell,223576335
2024-07-17 10:48:16,41850.0,500,Sell,223576332
2024-07-17 10:48:16,41850.0,5000,Sell,223576333
2024-07-17 10:48:47,41850.0,2000,Sell,223577308
2024-07-17 10:48:47,41850.0,1900,Sell,223577309
2024-07-17 10:49:11,41900.0,1900,Buy,223577896
2024-07-17 10:49:11,41900.0,1500,Buy,223577897
2024-07-17 10:49:11,41900.0,600,Buy,223577898
2024-07-17 10:49:11,41900.0,200,Buy,223577899
2024-07-17 10:49:11,41900.0,400,Buy,223577900
2024-07-17 10:49:11,41900.0,400,Buy,223577901
2024-07-17 10:49:11,41850.0,1000,Sell,223577902
2024-07-17 10:49:18,41900.0,2000,Buy,223578127
2024-07-17 10:49:18,41900.0,300,Buy,223578126
2024-07-17 10:49:23,41900.0,500,Sell,223578247
2024-07-17 10:49:34,41900.0,2200,Sell,223578626
2024-07-17 10:49:34,41850.0,600,Sell,223578627
2024-07-17 10:49:48,41900.0,200,Sell,223579005
2024-07-17 10:50:02,41900.0,100,Sell,223579554
2024-07-17 10:50:07,41900.0,200,Sell,223579661
2024-07-17 10:50:07,41900.0,500,Buy,223579662
2024-07-17 10:50:12,41900.0,300,Buy,223579823
2024-07-17 10:50:19,41950.0,3000,Buy,223580003
2024-07-17 10:50:24,41950.0,100,Buy,223580150
2024-07-17 10:51:06,41950.0,200,Buy,223581150
2024-07-17 10:51:16,41900.0,1900,Sell,223581464
2024-07-17 10:51:16,41900.0,100,Sell,223581463
2024-07-17 10:51:16,41900.0,200,Sell,223581462
2024-07-17 10:52:24,41900.0,3100,Sell,223583392
2024-07-17 10:52:51,41900.0,200,Buy,223584104
2024-07-17 10:53:02,41900.0,2000,Buy,223584331
2024-07-17 10:53:03,41900.0,100,Buy,223584392
2024-07-17 10:53:03,41900.0,600,Buy,223584391
2024-07-17 10:53:11,41900.0,100,Buy,223584572
2024-07-17 10:53:16,41900.0,500,Buy,223584674
2024-07-17 10:54:17,41900.0,3000,Sell,223586051
2024-07-17 10:54:17,41900.0,100,Sell,223586052
2024-07-17 10:54:17,41900.0,100,Sell,223586053
2024-07-17 10:54:22,41900.0,100,Buy,223586181
2024-07-17 10:54:24,41900.0,5000,Buy,223586218
2024-07-17 10:54:30,41900.0,100,Buy,223586327
2024-07-17 10:54:39,41900.0,600,Buy,223586533
2024-07-17 10:54:48,41950.0,300,Buy,223586725
2024-07-17 10:55:22,41900.0,3900,Sell,223587882
2024-07-17 10:55:23,41900.0,100,Buy,223587906
2024-07-17 10:55:32,41900.0,300,Buy,223588208
2024-07-17 10:55:33,41900.0,700,Buy,223588241
2024-07-17 10:55:57,41950.0,400,Buy,223588925
2024-07-17 10:55:57,41950.0,600,Buy,223588926
2024-07-17 10:56:14,41950.0,1000,Buy,223589500
2024-07-17 10:56:49,41950.0,3400,Buy,223590619
2024-07-17 10:56:49,41950.0,100,Buy,223590620
2024-07-17 10:56:49,41950.0,300,Buy,223590621
2024-07-17 10:56:49,41950.0,1200,Buy,223590622
2024-07-17 10:56:57,41900.0,5000,Sell,223590834
2024-07-17 10:56:57,41900.0,1000,Sell,223590832
2024-07-17 10:56:57,41900.0,100,Sell,223590831
2024-07-17 10:56:57,41900.0,500,Sell,223590833
2024-07-17 10:57:08,41900.0,500,Buy,223591272
2024-07-17 10:57:19,41900.0,6000,Buy,223591588
2024-07-17 10:57:28,41900.0,10000,Buy,223591890
2024-07-17 10:57:39,41900.0,100,Buy,223592473
2024-07-17 10:57:40,41900.0,800,Buy,223592521
2024-07-17 10:58:55,41900.0,100,Sell,223595445
2024-07-17 10:58:57,41950.0,1900,Buy,223595549
2024-07-17 10:59:17,41950.0,200,Buy,223596151
2024-07-17 10:59:33,41950.0,500,Buy,223596728
2024-07-17 10:59:36,41950.0,500,Buy,223596869
2024-07-17 10:59:47,41950.0,100,Buy,223597379
2024-07-17 10:59:51,41950.0,600,Buy,223597472
2024-07-17 10:59:51,41950.0,400,Buy,223597473
2024-07-17 10:59:52,41950.0,800,Buy,223597504
2024-07-17 10:59:52,41950.0,200,Buy,223597505
2024-07-17 11:00:17,41950.0,300,Buy,223598408
2024-07-17 11:00:17,41950.0,300,Buy,223598409
2024-07-17 11:00:21,41950.0,3000,Buy,223598507
2024-07-17 11:00:24,41950.0,400,Buy,223598651
2024-07-17 11:01:21,42000.0,100,Buy,223600501
2024-07-17 11:01:24,41950.0,600,Sell,223600598
2024-07-17 11:01:24,41950.0,100,Sell,223600597
2024-07-17 11:01:27,41950.0,200,Sell,223600681
2024-07-17 11:01:27,41950.0,100,Sell,223600680
2024-07-17 11:01:27,41950.0,400,Sell,223600677
2024-07-17 11:01:27,41950.0,200,Sell,223600678
2024-07-17 11:01:27,41950.0,1000,Sell,223600679
2024-07-17 11:01:38,41950.0,300,Buy,223601346
2024-07-17 11:01:39,41950.0,1200,Buy,223601358
2024-07-17 11:01:41,41950.0,1000,Buy,223601388
2024-07-17 11:01:47,41950.0,600,Buy,223601572
2024-07-17 11:02:15,42000.0,2000,Buy,223602347
2024-07-17 11:02:15,42000.0,1600,Buy,223602346
2024-07-17 11:02:15,42000.0,800,Buy,223602348
2024-07-17 11:02:15,42000.0,1000,Buy,223602344
2024-07-17 11:02:15,42000.0,200,Buy,223602343
2024-07-17 11:02:15,42000.0,400,Buy,223602345
2024-07-17 11:02:20,42000.0,200,Buy,223602506
2024-07-17 11:02:25,42000.0,200,Buy,223602661
2024-07-17 11:02:25,42000.0,500,Buy,223602662
2024-07-17 11:02:25,42000.0,1200,Buy,223602663
2024-07-17 11:02:25,42000.0,100,Buy,223602664
2024-07-17 11:02:25,42000.0,700,Buy,223602665
2024-07-17 11:02:25,42000.0,100,Buy,223602666
2024-07-17 11:02:32,42000.0,100,Buy,223602950
2024-07-17 11:02:37,42000.0,200,Buy,223603143
2024-07-17 11:02:41,42000.0,700,Buy,223603368
2024-07-17 11:02:41,42000.0,1300,Buy,223603367
2024-07-17 11:02:43,42000.0,300,Buy,223603405
2024-07-17 11:02:43,42000.0,200,Buy,223603406
2024-07-17 11:02:55,42000.0,500,Buy,223604136
2024-07-17 11:03:14,42000.0,200,Buy,223604815
2024-07-17 11:03:15,42000.0,1000,Buy,223604870
2024-07-17 11:03:37,42000.0,1000,Buy,223605789
2024-07-17 11:03:47,42000.0,100,Buy,223606235
2024-07-17 11:04:06,41950.0,200,Sell,223607022
2024-07-17 11:04:11,41950.0,100,Sell,223607185
2024-07-17 11:04:11,41950.0,900,Sell,223607186
2024-07-17 11:04:50,42000.0,100,Buy,223608396
2024-07-17 11:05:12,42000.0,600,Buy,223609156
2024-07-17 11:05:12,42000.0,1900,Buy,223609154
2024-07-17 11:05:12,42000.0,500,Buy,223609155
2024-07-17 11:05:15,42000.0,300,Buy,223609262
2024-07-17 11:05:15,42000.0,700,Buy,223609263
2024-07-17 11:05:15,42000.0,1000,Buy,223609264
2024-07-17 11:05:15,42000.0,200,Buy,223609265
2024-07-17 11:05:15,42000.0,300,Buy,223609266
2024-07-17 11:05:16,42000.0,200,Buy,223609268
2024-07-17 11:05:25,42000.0,500,Buy,223609601
2024-07-17 11:05:33,42000.0,300,Sell,223609791
2024-07-17 11:05:36,42000.0,200,Buy,223609928
2024-07-17 11:05:36,42000.0,700,Buy,223609929
2024-07-17 11:05:45,42000.0,3800,Buy,223610333
2024-07-17 11:05:50,42050.0,5000,Buy,223610557
2024-07-17 11:06:09,42050.0,1200,Buy,223611411
2024-07-17 11:06:57,42050.0,300,Buy,223613124
2024-07-17 11:07:03,42000.0,1000,Sell,223613284
2024-07-17 11:07:53,42050.0,200,Buy,223615288
2024-07-17 11:07:58,42050.0,1900,Buy,223615526
2024-07-17 11:08:35,42100.0,100,Buy,223617016
2024-07-17 11:08:57,42100.0,100,Buy,223617622
2024-07-17 11:08:57,42100.0,800,Buy,223617623
2024-07-17 11:08:57,42100.0,100,Buy,223617624
2024-07-17 11:09:07,42100.0,200,Buy,223617948
2024-07-17 11:09:25,42050.0,200,Sell,223618358
2024-07-17 11:10:13,42050.0,4000,Sell,223619902
2024-07-17 11:10:16,42050.0,1000,Sell,223620030
2024-07-17 11:10:16,42050.0,2500,Sell,223620029
2024-07-17 11:10:16,42050.0,500,Sell,223620028
2024-07-17 11:10:16,42050.0,3900,Sell,223620026
2024-07-17 11:10:16,42050.0,1000,Sell,223620027
2024-07-17 11:11:31,42050.0,600,Buy,223622144
2024-07-17 11:12:40,42050.0,200,Buy,223624632
2024-07-17 11:12:43,42000.0,1500,Sell,223624719
2024-07-17 11:13:27,42050.0,300,Buy,223625673
2024-07-17 11:13:36,42000.0,1000,Sell,223625946
2024-07-17 11:13:57,42000.0,500,Sell,223626472
2024-07-17 11:14:06,42000.0,200,Sell,223626650
2024-07-17 11:14:07,42000.0,400,Sell,223626706
2024-07-17 11:14:07,42000.0,1000,Sell,223626705
2024-07-17 11:14:07,42000.0,100,Sell,223626704
2024-07-17 11:14:07,42000.0,100,Sell,223626702
2024-07-17 11:14:07,42000.0,1000,Sell,223626701
2024-07-17 11:14:07,42000.0,2000,Sell,223626700
2024-07-17 11:14:07,42000.0,400,Sell,223626703
2024-07-17 11:14:12,42000.0,600,Sell,223626825
2024-07-17 11:14:12,42000.0,200,Sell,223626826
2024-07-17 11:14:12,42000.0,200,Sell,223626827
2024-07-17 11:14:17,42000.0,100,Sell,223627048
2024-07-17 11:14:17,42000.0,200,Sell,223627047
2024-07-17 11:14:17,42000.0,200,Sell,223627046
2024-07-17 11:14:17,42000.0,100,Sell,223627045
2024-07-17 11:14:17,42000.0,100,Sell,223627044
2024-07-17 11:14:17,42000.0,400,Sell,223627043
2024-07-17 11:14:17,42000.0,200,Sell,223627041
2024-07-17 11:14:17,42000.0,100,Sell,223627040
2024-07-17 11:14:17,42000.0,100,Sell,223627039
2024-07-17 11:14:17,42000.0,500,Sell,223627038
2024-07-17 11:14:17,42000.0,800,Sell,223627037
2024-07-17 11:14:17,42000.0,500,Sell,223627042
2024-07-17 11:14:20,42000.0,200,Buy,223627120
2024-07-17 11:15:20,42000.0,500,Buy,223628470
2024-07-17 11:16:18,41950.0,100,Sell,223629750
2024-07-17 11:16:18,41950.0,300,Sell,223629751
2024-07-17 11:16:44,41950.0,500,Sell,223630366
2024-07-17 11:16:44,41950.0,2100,Sell,223630367
2024-07-17 11:16:44,41950.0,1000,Sell,223630364
2024-07-17 11:16:44,41950.0,200,Sell,223630365
2024-07-17 11:16:44,41950.0,200,Sell,223630363
2024-07-17 11:17:06,42000.0,700,Buy,223630804
2024-07-17 11:17:32,41950.0,100,Sell,223631352
2024-07-17 11:17:32,41950.0,400,Sell,223631351
2024-07-17 11:17:43,41950.0,100,Sell,223631590
2024-07-17 11:17:46,41950.0,1000,Sell,223631665
2024-07-17 11:17:53,41950.0,900,Sell,223631783
2024-07-17 11:17:53,41950.0,300,Sell,223631784
2024-07-17 11:17:53,41950.0,100,Sell,223631785
2024-07-17 11:17:53,41950.0,800,Sell,223631786
2024-07-17 11:18:18,41950.0,2300,Buy,223632382
2024-07-17 11:18:27,41900.0,1500,Sell,223632568
2024-07-17 11:18:27,41900.0,100,Sell,223632567
2024-07-17 11:18:27,41900.0,500,Sell,223632566
2024-07-17 11:18:27,41900.0,200,Sell,223632564
2024-07-17 11:18:27,41900.0,200,Sell,223632563
2024-07-17 11:18:27,41900.0,200,Sell,223632562
2024-07-17 11:18:27,41900.0,200,Sell,223632561
2024-07-17 11:18:27,41900.0,100,Sell,223632565
2024-07-17 11:18:52,41900.0,500,Sell,223633095
2024-07-17 11:18:52,41900.0,100,Sell,223633096
2024-07-17 11:19:38,41900.0,400,Sell,223633974
2024-07-17 11:20:02,41900.0,500,Sell,223634562
2024-07-17 11:20:02,41900.0,600,Sell,223634564
2024-07-17 11:20:02,41900.0,500,Sell,223634560
2024-07-17 11:20:02,41900.0,100,Sell,223634563
2024-07-17 11:20:02,41900.0,100,Sell,223634561
2024-07-17 11:20:02,41900.0,200,Sell,223634558
2024-07-17 11:20:02,41900.0,100,Sell,223634557
2024-07-17 11:20:02,41900.0,600,Sell,223634556
2024-07-17 11:20:02,41900.0,100,Sell,223634559
2024-07-17 11:21:01,41900.0,200,Sell,223635668
2024-07-17 11:23:12,41900.0,1000,Sell,223638152
2024-07-17 11:23:12,41900.0,100,Sell,223638151
2024-07-17 11:23:12,41900.0,300,Sell,223638150
2024-07-17 11:23:12,41900.0,400,Sell,223638149
2024-07-17 11:23:12,41900.0,100,Sell,223638153
2024-07-17 11:23:12,41900.0,300,Sell,223638147
2024-07-17 11:23:12,41900.0,300,Sell,223638146
2024-07-17 11:23:12,41900.0,100,Sell,223638145
2024-07-17 11:23:12,41900.0,200,Sell,223638144
2024-07-17 11:23:12,41900.0,700,Sell,223638148
2024-07-17 11:23:38,41900.0,400,Sell,223638546
2024-07-17 11:23:38,41900.0,1000,Sell,223638547
2024-07-17 11:23:39,41900.0,400,Buy,223638563
2024-07-17 11:24:38,41900.0,200,Buy,223639640
2024-07-17 11:25:33,41900.0,300,Buy,223640712
2024-07-17 11:25:33,41900.0,1700,Buy,223640713
2024-07-17 11:25:46,41900.0,300,Buy,223640970
2024-07-17 11:25:46,41900.0,600,Buy,223640971
2024-07-17 11:25:46,41900.0,100,Buy,223640972
2024-07-17 11:25:57,41900.0,100,Buy,223641150
2024-07-17 11:26:02,41900.0,200,Buy,223641255
2024-07-17 11:26:02,41900.0,600,Buy,223641259
2024-07-17 11:26:02,41900.0,400,Buy,223641260
2024-07-17 11:26:25,41900.0,1000,Buy,223641722
2024-07-17 11:26:30,41900.0,900,Buy,223641793
2024-07-17 11:26:30,41900.0,100,Buy,223641792
2024-07-17 11:27:05,41900.0,1000,Buy,223642523
2024-07-17 11:27:15,41900.0,100,Buy,223642669
2024-07-17 11:27:18,41900.0,400,Buy,223642713
2024-07-17 11:28:26,41850.0,1500,Sell,223643940
2024-07-17 11:28:26,41850.0,100,Sell,223643941
2024-07-17 11:28:26,41850.0,1400,Sell,223643942
2024-07-17 11:28:56,41850.0,1600,Sell,223644642
2024-07-17 11:28:56,41850.0,100,Sell,223644643
2024-07-17 11:28:56,41850.0,300,Sell,223644644
2024-07-17 11:29:04,41850.0,200,Sell,223644839
2024-07-17 11:29:04,41850.0,800,Sell,223644840
2024-07-17 11:29:17,41900.0,200,Buy,223645069
2024-07-17 11:29:37,41900.0,500,Buy,223645566
2024-07-17 12:59:39,41900.0,200,Buy,223646013
2024-07-17 12:59:41,41900.0,200,Buy,223647100
2024-07-17 12:59:41,41850.0,500,Sell,223647101
2024-07-17 12:59:46,41900.0,200,Buy,223648756
2024-07-17 12:59:46,41800.0,1600,Sell,223648755
2024-07-17 12:59:46,41800.0,100,Sell,223648754
2024-07-17 12:59:46,41800.0,100,Sell,223648753
2024-07-17 12:59:46,41800.0,100,Sell,223648752
2024-07-17 12:59:46,41800.0,300,Sell,223648751
2024-07-17 12:59:46,41850.0,100,Sell,223648750
2024-07-17 12:59:46,41850.0,100,Sell,223648749
2024-07-17 12:59:46,41850.0,1000,Sell,223648748
2024-07-17 12:59:46,41850.0,500,Sell,223648747
2024-07-17 12:59:46,41850.0,100,Sell,223648746
2024-07-17 12:59:46,41850.0,1000,Sell,223648743
2024-07-17 12:59:46,41850.0,1000,Sell,223648744
2024-07-17 12:59:46,41850.0,1000,Sell,223648745
2024-07-17 12:59:46,41850.0,700,Sell,223648733
2024-07-17 12:59:46,41850.0,200,Sell,223648734
2024-07-17 12:59:46,41850.0,400,Sell,223648735
2024-07-17 12:59:46,41850.0,500,Sell,223648736
2024-07-17 12:59:46,41850.0,100,Sell,223648742
2024-07-17 12:59:46,41850.0,200,Sell,223648738
2024-07-17 12:59:46,41850.0,500,Sell,223648739
2024-07-17 12:59:46,41850.0,100,Sell,223648740
2024-07-17 12:59:46,41850.0,100,Sell,223648741
2024-07-17 12:59:46,41850.0,200,Sell,223648737
2024-07-17 12:59:53,41850.0,100,Sell,223649921
2024-07-17 12:59:53,41850.0,300,Sell,223649922
2024-07-17 12:59:56,41850.0,300,Sell,223650174
2024-07-17 13:00:27,41850.0,100,Sell,223651810
2024-07-17 13:00:38,41850.0,100,Sell,223652147
2024-07-17 13:00:43,41850.0,2000,Sell,223652305
2024-07-17 13:00:48,41850.0,1100,Sell,223652412
2024-07-17 13:01:00,41850.0,1000,Sell,223652670
2024-07-17 13:01:00,41850.0,100,Sell,223652671
2024-07-17 13:01:00,41850.0,600,Sell,223652672
2024-07-17 13:01:09,41850.0,500,Buy,223652942
2024-07-17 13:01:48,41800.0,500,Sell,223654152
2024-07-17 13:02:07,41800.0,3600,Sell,223655120
2024-07-17 13:02:10,41800.0,500,Sell,223655217
2024-07-17 13:02:10,41800.0,200,Sell,223655237
2024-07-17 13:02:10,41800.0,100,Sell,223655239
2024-07-17 13:02:10,41800.0,500,Sell,223655240
2024-07-17 13:02:10,41800.0,200,Sell,223655241
2024-07-17 13:02:10,41800.0,100,Sell,223655242
2024-07-17 13:02:10,41800.0,500,Sell,223655243
2024-07-17 13:02:10,41800.0,4300,Sell,223655216
2024-07-17 13:02:10,41800.0,200,Sell,223655245
2024-07-17 13:02:10,41800.0,100,Sell,223655246
2024-07-17 13:02:10,41800.0,200,Sell,223655247
2024-07-17 13:02:10,41800.0,2000,Sell,223655248
2024-07-17 13:02:10,41800.0,500,Sell,223655249
2024-07-17 13:02:10,41800.0,300,Sell,223655250
2024-07-17 13:02:10,41800.0,2000,Sell,223655251
2024-07-17 13:02:10,41800.0,3700,Sell,223655252
2024-07-17 13:02:10,41800.0,500,Sell,223655236
2024-07-17 13:02:10,41800.0,3200,Sell,223655235
2024-07-17 13:02:10,41800.0,400,Sell,223655244
2024-07-17 13:02:10,41800.0,100,Sell,223655233
2024-07-17 13:02:10,41800.0,300,Sell,223655219
2024-07-17 13:02:10,41800.0,200,Sell,223655220
2024-07-17 13:02:10,41800.0,300,Sell,223655221
2024-07-17 13:02:10,41800.0,100,Sell,223655222
2024-07-17 13:02:10,41800.0,300,Sell,223655223
2024-07-17 13:02:10,41800.0,1000,Sell,223655224
2024-07-17 13:02:10,41800.0,100,Sell,223655218
2024-07-17 13:02:10,41800.0,100,Sell,223655225
2024-07-17 13:02:10,41800.0,100,Sell,223655227
2024-07-17 13:02:10,41800.0,100,Sell,223655228
2024-07-17 13:02:10,41800.0,100,Sell,223655229
2024-07-17 13:02:10,41800.0,1000,Sell,223655230
2024-07-17 13:02:10,41800.0,1000,Sell,223655231
2024-07-17 13:02:10,41800.0,500,Sell,223655232
2024-07-17 13:02:10,41800.0,100,Sell,223655226
2024-07-17 13:02:10,41800.0,100,Sell,223655234
2024-07-17 13:03:16,41850.0,200,Buy,223657480
2024-07-17 13:03:16,41850.0,800,Buy,223657481
2024-07-17 13:03:44,41850.0,100,Buy,223658447
2024-07-17 13:04:02,41850.0,900,Buy,223659021
2024-07-17 13:04:02,41850.0,1100,Buy,223659022
2024-07-17 13:04:17,41850.0,200,Buy,223659509
2024-07-17 13:04:51,41850.0,300,Buy,223660553
2024-07-17 13:04:56,41850.0,100,Buy,223660725
2024-07-17 13:05:09,41850.0,100,Buy,223661417
2024-07-17 13:05:36,41800.0,1500,Sell,223662161
2024-07-17 13:05:36,41800.0,500,Sell,223662160
2024-07-17 13:05:36,41800.0,500,Sell,223662159
2024-07-17 13:05:36,41800.0,100,Sell,223662155
2024-07-17 13:05:36,41800.0,100,Sell,223662158
2024-07-17 13:05:36,41800.0,200,Sell,223662157
2024-07-17 13:05:36,41800.0,100,Sell,223662156
2024-07-17 13:05:36,41800.0,500,Sell,223662154
2024-07-17 13:05:36,41800.0,500,Sell,223662145
2024-07-17 13:05:36,41800.0,100,Sell,223662152
2024-07-17 13:05:36,41800.0,2000,Sell,223662142
2024-07-17 13:05:36,41800.0,500,Sell,223662143
2024-07-17 13:05:36,41800.0,200,Sell,223662144
2024-07-17 13:05:36,41800.0,300,Sell,223662153
2024-07-17 13:05:36,41800.0,200,Sell,223662147
2024-07-17 13:05:36,41800.0,200,Sell,223662149
2024-07-17 13:05:36,41800.0,100,Sell,223662146
2024-07-17 13:05:36,41800.0,300,Sell,223662148
2024-07-17 13:05:40,41800.0,200,Sell,223662328
2024-07-17 13:05:43,41850.0,900,Buy,223662441
2024-07-17 13:05:43,41850.0,400,Buy,223662442
2024-07-17 13:05:43,41850.0,100,Buy,223662443
2024-07-17 13:05:43,41850.0,100,Buy,223662444
2024-07-17 13:05:43,41850.0,200,Buy,223662445
2024-07-17 13:05:43,41850.0,200,Buy,223662440
2024-07-17 13:06:33,41850.0,100,Sell,223664343
2024-07-17 13:06:33,41850.0,100,Sell,223664344
2024-07-17 13:06:39,41850.0,100,Buy,223664509
2024-07-17 13:07:32,41800.0,200,Sell,223666267
2024-07-17 13:07:59,41800.0,100,Sell,223667176
2024-07-17 13:08:26,41850.0,700,Buy,223668178
2024-07-17 13:08:26,41850.0,300,Buy,223668179
2024-07-17 13:10:05,41850.0,500,Buy,223671456
2024-07-17 13:10:25,41850.0,700,Buy,223672255
2024-07-17 13:10:35,41800.0,100,Sell,223672696
2024-07-17 13:10:46,41850.0,400,Buy,223673062
2024-07-17 13:10:46,41850.0,200,Buy,223673063
2024-07-17 13:10:59,41850.0,500,Sell,223673475
2024-07-17 13:11:16,41900.0,500,Buy,223673989
2024-07-17 13:11:22,41850.0,500,Sell,223674145
2024-07-17 13:11:56,41850.0,100,Sell,223675473
2024-07-17 13:12:12,41900.0,100,Buy,223675959
2024-07-17 13:12:12,41900.0,400,Buy,223675958
2024-07-17 13:12:14,41900.0,100,Buy,223676016
2024-07-17 13:13:56,41900.0,500,Buy,223680194
2024-07-17 13:13:59,41850.0,1000,Sell,223680350
2024-07-17 13:14:21,41900.0,200,Buy,223681080
2024-07-17 13:15:02,41850.0,6300,Sell,223682607
2024-07-17 13:15:02,41850.0,200,Sell,223682608
2024-07-17 13:15:03,41900.0,100,Buy,223682651
2024-07-17 13:15:24,41850.0,100,Sell,223683594
2024-07-17 13:15:40,41850.0,2600,Sell,223684377
2024-07-17 13:15:48,41850.0,100,Sell,223684665
2024-07-17 13:15:48,41850.0,500,Sell,223684666
2024-07-17 13:16:05,41850.0,1100,Sell,223685397
2024-07-17 13:16:21,41850.0,400,Sell,223686305
2024-07-17 13:16:21,41850.0,100,Sell,223686306
2024-07-17 13:16:21,41850.0,500,Sell,223686307
2024-07-17 13:16:37,41850.0,1000,Sell,223686931
2024-07-17 13:16:45,41850.0,700,Sell,223687272
2024-07-17 13:16:45,41850.0,100,Sell,223687273
2024-07-17 13:16:48,41850.0,1400,Sell,223687537
2024-07-17 13:16:52,41850.0,1000,Sell,223687708
2024-07-17 13:17:01,41850.0,100,Sell,223688163
2024-07-17 13:17:03,41850.0,100,Sell,223688285
2024-07-17 13:17:24,41850.0,200,Sell,223689185
2024-07-17 13:17:34,41900.0,1000,Buy,223689869
2024-07-17 13:17:35,41850.0,1000,Sell,223689897
2024-07-17 13:18:34,41850.0,200,Sell,223692671
2024-07-17 13:18:45,41850.0,900,Sell,223693273
2024-07-17 13:18:45,41850.0,500,Sell,223693274
2024-07-17 13:18:45,41850.0,100,Sell,223693275
2024-07-17 13:18:45,41850.0,200,Sell,223693276
2024-07-17 13:18:45,41850.0,1000,Sell,223693277
2024-07-17 13:18:45,41850.0,800,Sell,223693278
2024-07-17 13:18:55,41850.0,1500,Buy,223693783
2024-07-17 13:18:55,41850.0,200,Buy,223693784
2024-07-17 13:19:04,41850.0,700,Buy,223694304
2024-07-17 13:19:14,41850.0,100,Sell,223694809
2024-07-17 13:19:17,41800.0,100,Sell,223694972
2024-07-17 13:19:17,41800.0,200,Sell,223694971
2024-07-17 13:19:17,41800.0,100,Sell,223694970
2024-07-17 13:19:17,41800.0,500,Sell,223694969
2024-07-17 13:19:17,41800.0,100,Sell,223694968
2024-07-17 13:19:17,41800.0,1000,Sell,223694967
2024-07-17 13:19:17,41800.0,100,Sell,223694966
2024-07-17 13:19:17,41800.0,700,Sell,223694965
2024-07-17 13:19:17,41800.0,100,Sell,223694964
2024-07-17 13:19:17,41800.0,100,Sell,223694963
2024-07-17 13:19:17,41800.0,100,Sell,223694962
2024-07-17 13:19:17,41800.0,100,Sell,223694960
2024-07-17 13:19:17,41800.0,13900,Sell,223694952
2024-07-17 13:19:17,41800.0,500,Sell,223694953
2024-07-17 13:19:17,41800.0,1300,Sell,223694954
2024-07-17 13:19:17,41800.0,100,Sell,223694955
2024-07-17 13:19:17,41800.0,300,Sell,223694961
2024-07-17 13:19:17,41800.0,100,Sell,223694957
2024-07-17 13:19:17,41800.0,100,Sell,223694958
2024-07-17 13:19:17,41800.0,500,Sell,223694959
2024-07-17 13:19:17,41800.0,1000,Sell,223694956
2024-07-17 13:19:27,41750.0,100,Sell,223695496
2024-07-17 13:19:46,41750.0,100,Sell,223696578
2024-07-17 13:19:46,41750.0,100,Sell,223696577
2024-07-17 13:19:53,41750.0,800,Sell,223696956
2024-07-17 13:19:55,41800.0,1500,Buy,223697196
2024-07-17 13:20:19,41800.0,100,Buy,223698341
2024-07-17 13:20:21,41800.0,100,Buy,223698490
2024-07-17 13:20:30,41800.0,300,Buy,223698986
2024-07-17 13:20:30,41800.0,200,Buy,223698987
2024-07-17 13:21:05,41800.0,500,Buy,223700597
2024-07-17 13:21:10,41800.0,100,Buy,223700822
2024-07-17 13:21:12,41800.0,400,Buy,223700883
2024-07-17 13:21:12,41800.0,100,Buy,223700884
2024-07-17 13:21:23,41800.0,400,Buy,223701532
2024-07-17 13:21:23,41800.0,100,Buy,223701533
2024-07-17 13:21:37,41800.0,200,Buy,223702426
2024-07-17 13:21:37,41800.0,1800,Buy,223702427
2024-07-17 13:21:39,41750.0,100,Sell,223702509
2024-07-17 13:21:39,41750.0,200,Sell,223702510
2024-07-17 13:21:39,41750.0,100,Sell,223702511
2024-07-17 13:21:39,41750.0,100,Sell,223702512
2024-07-17 13:21:48,41750.0,400,Sell,223703023
2024-07-17 13:21:48,41750.0,200,Sell,223703020
2024-07-17 13:21:48,41750.0,100,Sell,223703019
2024-07-17 13:21:48,41750.0,1000,Sell,223703018
2024-07-17 13:21:48,41750.0,500,Sell,223703017
2024-07-17 13:21:48,41750.0,100,Sell,223703016
2024-07-17 13:21:48,41750.0,100,Sell,223703015
2024-07-17 13:21:48,41750.0,100,Sell,223703014
2024-07-17 13:21:48,41750.0,1000,Sell,223703013
2024-07-17 13:21:48,41750.0,1000,Sell,223703022
2024-07-17 13:21:48,41750.0,100,Sell,223703011
2024-07-17 13:21:48,41750.0,3400,Sell,223703012
2024-07-17 13:21:48,41750.0,100,Sell,223703002
2024-07-17 13:21:48,41750.0,5000,Sell,223703003
2024-07-17 13:21:48,41750.0,200,Sell,223703004
2024-07-17 13:21:48,41750.0,200,Sell,223703005
2024-07-17 13:21:48,41750.0,100,Sell,223703021
2024-07-17 13:21:48,41750.0,500,Sell,223703007
2024-07-17 13:21:48,41750.0,5000,Sell,223703006
2024-07-17 13:21:48,41750.0,200,Sell,223703008
2024-07-17 13:21:48,41750.0,200,Sell,223703009
2024-07-17 13:21:48,41750.0,500,Sell,223703010
2024-07-17 13:22:00,41750.0,300,Sell,223703692
2024-07-17 13:22:00,41750.0,1000,Sell,223703691
2024-07-17 13:22:00,41750.0,100,Sell,223703693
2024-07-17 13:22:00,41800.0,1600,Sell,223703689
2024-07-17 13:22:00,41800.0,200,Buy,223703655
2024-07-17 13:22:00,41800.0,200,Buy,223703654
2024-07-17 13:22:00,41750.0,600,Sell,223703690
2024-07-17 13:22:11,41750.0,500,Buy,223704517
2024-07-17 13:22:25,41750.0,500,Buy,223705107
2024-07-17 13:22:29,41750.0,700,Buy,223705283
2024-07-17 13:22:35,41700.0,900,Sell,223705592
2024-07-17 13:22:35,41700.0,100,Sell,223705591
2024-07-17 13:22:41,41750.0,100,Buy,223705955
2024-07-17 13:22:51,41750.0,100,Buy,223706449
2024-07-17 13:22:52,41750.0,1000,Buy,223706471
2024-07-17 13:22:55,41750.0,1100,Buy,223706638
2024-07-17 13:22:55,41750.0,900,Buy,223706639
2024-07-17 13:22:56,41700.0,100,Sell,223706689
2024-07-17 13:22:56,41700.0,200,Sell,223706690
2024-07-17 13:22:56,41750.0,100,Buy,223706691
2024-07-17 13:23:58,41800.0,400,Buy,223709319
2024-07-17 13:24:40,41800.0,300,Buy,223711220
2024-07-17 13:24:40,41800.0,100,Buy,223711193
2024-07-17 13:24:58,41800.0,900,Buy,223711991
2024-07-17 13:25:01,41750.0,100,Sell,223712135
2024-07-17 13:25:01,41800.0,500,Buy,223712116
2024-07-17 13:25:04,41800.0,100,Buy,223712282
2024-07-17 13:25:10,41750.0,1000,Sell,223712492
2024-07-17 13:25:10,41750.0,500,Sell,223712503
2024-07-17 13:25:10,41750.0,900,Sell,223712500
2024-07-17 13:25:10,41750.0,500,Sell,223712499
2024-07-17 13:25:10,41750.0,500,Sell,223712498
2024-07-17 13:25:10,41750.0,400,Sell,223712502
2024-07-17 13:25:10,41750.0,1000,Sell,223712496
2024-07-17 13:25:10,41750.0,500,Sell,223712495
2024-07-17 13:25:10,41750.0,100,Sell,223712494
2024-07-17 13:25:10,41750.0,100,Sell,223712493
2024-07-17 13:25:10,41750.0,100,Sell,223712497
2024-07-17 13:25:10,41750.0,100,Sell,223712501
2024-07-17 13:25:12,41700.0,300,Sell,223712583
2024-07-17 13:25:14,41750.0,1000,Buy,223712682
2024-07-17 13:25:20,41700.0,500,Sell,223713073
2024-07-17 13:25:33,41750.0,200,Buy,223713602
2024-07-17 13:25:45,41750.0,300,Buy,223714141
2024-07-17 13:25:45,41750.0,700,Buy,223714142
2024-07-17 13:25:59,41750.0,300,Buy,223714715
2024-07-17 13:26:05,41750.0,100,Sell,223715013
2024-07-17 13:26:34,41750.0,100,Sell,223716254
2024-07-17 13:26:34,41750.0,2000,Sell,223716253
2024-07-17 13:26:34,41750.0,600,Sell,223716251
2024-07-17 13:26:34,41750.0,100,Sell,223716252
2024-07-17 13:26:35,41750.0,200,Sell,223716298
2024-07-17 13:26:35,41750.0,200,Sell,223716307
2024-07-17 13:26:35,41750.0,100,Sell,223716308
2024-07-17 13:26:46,41800.0,2700,Buy,223716854
2024-07-17 13:26:46,41800.0,700,Buy,223716855
2024-07-17 13:26:46,41800.0,1000,Buy,223716856
2024-07-17 13:26:46,41800.0,200,Buy,223716857
2024-07-17 13:26:46,41800.0,200,Buy,223716858
2024-07-17 13:26:46,41800.0,1200,Buy,223716859
2024-07-17 13:26:46,41800.0,300,Buy,223716860
2024-07-17 13:26:46,41800.0,1200,Buy,223716861
2024-07-17 13:27:04,41850.0,2300,Buy,223717538
2024-07-17 13:27:04,41850.0,100,Buy,223717536
2024-07-17 13:27:04,41850.0,100,Buy,223717537
2024-07-17 13:27:15,41850.0,300,Buy,223718061
2024-07-17 13:27:17,41850.0,300,Buy,223718169
2024-07-17 13:27:19,41850.0,1300,Buy,223718292
2024-07-17 13:27:22,41850.0,1000,Buy,223718388
2024-07-17 13:27:22,41850.0,1000,Buy,223718407
2024-07-17 13:27:26,41850.0,5000,Buy,223718634
2024-07-17 13:27:38,41850.0,300,Buy,223719099
2024-07-17 13:27:38,41850.0,1400,Buy,223719100
2024-07-17 13:28:14,41900.0,100,Buy,223721222
2024-07-17 13:28:14,41900.0,200,Buy,223721223
2024-07-17 13:28:14,41900.0,200,Buy,223721224
2024-07-17 13:28:17,41900.0,1900,Buy,223721308
2024-07-17 13:28:17,41900.0,1600,Buy,223721309
2024-07-17 13:28:29,41900.0,2000,Buy,223721760
2024-07-17 13:28:30,41900.0,3900,Buy,223721783
2024-07-17 13:28:35,41950.0,900,Buy,223721988
2024-07-17 13:28:35,41950.0,100,Buy,223721989
2024-07-17 13:28:41,41950.0,100,Buy,223722312
2024-07-17 13:28:41,41950.0,300,Buy,223722296
2024-07-17 13:28:41,41950.0,100,Buy,223722311
2024-07-17 13:28:43,41950.0,100,Buy,223722384
2024-07-17 13:28:46,41950.0,100,Buy,223722487
2024-07-17 13:29:03,41950.0,200,Buy,223723665
2024-07-17 13:29:03,41950.0,1300,Buy,223723666
2024-07-17 13:29:15,41950.0,200,Buy,223724496
2024-07-17 13:29:15,41950.0,700,Buy,223724497
2024-07-17 13:29:39,41950.0,300,Buy,223725706
2024-07-17 13:29:51,42000.0,2900,Buy,223726178
2024-07-17 13:29:51,42000.0,500,Buy,223726177
2024-07-17 13:29:51,42000.0,100,Buy,223726176
2024-07-17 13:29:51,42000.0,100,Buy,223726173
2024-07-17 13:29:51,42000.0,100,Buy,223726174
2024-07-17 13:29:51,42000.0,900,Buy,223726172
2024-07-17 13:29:51,42000.0,400,Buy,223726175
2024-07-17 13:30:01,42000.0,700,Buy,223726741
2024-07-17 13:30:18,42000.0,500,Buy,223727658
2024-07-17 13:30:18,42000.0,800,Buy,223727643
2024-07-17 13:30:18,42000.0,500,Buy,223727659
2024-07-17 13:30:18,42000.0,100,Buy,223727641
2024-07-17 13:30:18,42000.0,600,Buy,223727640
2024-07-17 13:30:18,42000.0,100,Buy,223727642
2024-07-17 13:30:18,42000.0,1400,Buy,223727639
2024-07-17 13:30:32,42050.0,100,Buy,223728377
2024-07-17 13:30:32,42050.0,200,Buy,223728375
2024-07-17 13:30:32,42050.0,500,Buy,223728376
2024-07-17 13:30:36,42050.0,4900,Buy,223728626
2024-07-17 13:30:36,42050.0,1000,Buy,223728627
2024-07-17 13:30:36,42050.0,300,Buy,223728628
2024-07-17 13:31:09,42050.0,500,Sell,223730516
2024-07-17 13:31:13,42100.0,400,Buy,223730756
2024-07-17 13:31:17,42050.0,500,Sell,223730940
2024-07-17 13:31:18,42100.0,200,Buy,223730965
2024-07-17 13:31:30,42100.0,800,Buy,223731543
2024-07-17 13:31:32,42100.0,4400,Buy,223731739
2024-07-17 13:31:32,42100.0,1600,Buy,223731738
2024-07-17 13:31:35,42100.0,500,Buy,223732022
2024-07-17 13:31:35,42100.0,200,Buy,223732023
2024-07-17 13:31:35,42100.0,100,Buy,223732024
2024-07-17 13:31:35,42100.0,1600,Buy,223732021
2024-07-17 13:31:50,42150.0,300,Buy,223733208
2024-07-17 13:31:50,42150.0,100,Buy,223733209
2024-07-17 13:31:54,42150.0,100,Buy,223733437
2024-07-17 13:32:04,42150.0,100,Buy,223733917
2024-07-17 13:32:04,42150.0,300,Buy,223733918
2024-07-17 13:32:28,42200.0,300,Buy,223735035
2024-07-17 13:32:38,42200.0,100,Buy,223735541
2024-07-17 13:32:38,42200.0,200,Buy,223735540
2024-07-17 13:32:39,42200.0,100,Buy,223735579
2024-07-17 13:32:39,42200.0,1900,Buy,223735580
2024-07-17 13:32:42,42200.0,400,Buy,223735716
2024-07-17 13:32:42,42200.0,900,Buy,223735717
2024-07-17 13:32:42,42200.0,300,Buy,223735718
2024-07-17 13:32:42,42200.0,300,Buy,223735719
2024-07-17 13:32:42,42200.0,100,Buy,223735720
2024-07-17 13:32:48,42200.0,200,Sell,223735937
2024-07-17 13:33:03,42200.0,100,Buy,223736836
2024-07-17 13:33:04,42200.0,300,Buy,223736940
2024-07-17 13:33:10,42200.0,400,Buy,223737278
2024-07-17 13:33:30,42200.0,200,Sell,223738420
2024-07-17 13:33:30,42200.0,1000,Sell,223738419
2024-07-17 13:33:42,42200.0,200,Sell,223738885
2024-07-17 13:33:52,42200.0,500,Sell,223739520
2024-07-17 13:33:52,42200.0,200,Sell,223739521
2024-07-17 13:33:52,42200.0,100,Sell,223739522
2024-07-17 13:34:41,42200.0,100,Buy,223742229
2024-07-17 13:34:46,42200.0,100,Buy,223742496
2024-07-17 13:34:46,42200.0,100,Buy,223742497
2024-07-17 13:34:46,42200.0,200,Buy,223742498
2024-07-17 13:34:53,42150.0,200,Sell,223742812
2024-07-17 13:34:53,42150.0,500,Sell,223742814
2024-07-17 13:34:53,42150.0,200,Sell,223742810
2024-07-17 13:34:53,42150.0,200,Sell,223742811
2024-07-17 13:34:53,42150.0,1000,Sell,223742813
2024-07-17 13:34:53,42150.0,2000,Sell,223742809
2024-07-17 13:34:56,42150.0,100,Buy,223742955
2024-07-17 13:35:10,42100.0,600,Sell,223743762
2024-07-17 13:35:11,42150.0,800,Buy,223743831
2024-07-17 13:35:15,42150.0,500,Sell,223744222
2024-07-17 13:35:21,42150.0,100,Sell,223744577
2024-07-17 13:35:33,42150.0,500,Sell,223745391
2024-07-17 13:35:38,42200.0,100,Buy,223745673
2024-07-17 13:36:06,42150.0,2000,Sell,223747029
2024-07-17 13:36:06,42150.0,100,Sell,223747030
2024-07-17 13:36:06,42150.0,600,Sell,223747027
2024-07-17 13:36:06,42150.0,300,Sell,223747028
2024-07-17 13:36:08,42150.0,100,Sell,223747167
2024-07-17 13:36:16,42150.0,700,Sell,223747732
2024-07-17 13:36:16,42150.0,800,Sell,223747731
2024-07-17 13:36:25,42150.0,300,Sell,223748325
2024-07-17 13:36:26,42150.0,700,Buy,223748393
2024-07-17 13:36:28,42150.0,300,Sell,223748481
2024-07-17 13:36:43,42100.0,100,Sell,223749246
2024-07-17 13:37:20,42150.0,200,Buy,223751027
2024-07-17 13:37:28,42100.0,1000,Sell,223751402
2024-07-17 13:37:29,42100.0,200,Sell,223751469
2024-07-17 13:37:30,42100.0,200,Sell,223751499
2024-07-17 13:37:30,42100.0,700,Sell,223751501
2024-07-17 13:37:30,42100.0,1000,Sell,223751500
2024-07-17 13:37:30,42100.0,1000,Sell,223751498
2024-07-17 13:37:30,42100.0,200,Sell,223751496
2024-07-17 13:37:30,42100.0,700,Sell,223751493
2024-07-17 13:37:30,42100.0,500,Sell,223751497
2024-07-17 13:37:30,42100.0,100,Sell,223751495
2024-07-17 13:37:30,42100.0,100,Sell,223751494
2024-07-17 13:37:32,42100.0,1300,Sell,223751581
2024-07-17 13:37:34,42100.0,200,Buy,223751732
2024-07-17 13:37:50,42050.0,2200,Sell,223752402
2024-07-17 13:37:50,42050.0,2800,Sell,223752401
2024-07-17 13:37:59,42050.0,300,Sell,223752873
2024-07-17 13:38:04,42050.0,3500,Sell,223753143
2024-07-17 13:38:08,42050.0,2000,Sell,223753450
2024-07-17 13:38:14,42050.0,1000,Sell,223753935
2024-07-17 13:38:14,42050.0,100,Sell,223753936
2024-07-17 13:38:25,42000.0,21700,Sell,223754597
2024-07-17 13:38:25,42000.0,100,Sell,223754594
2024-07-17 13:38:25,42000.0,1500,Sell,223754596
2024-07-17 13:38:25,42000.0,200,Sell,223754592
2024-07-17 13:38:25,42000.0,1700,Sell,223754591
2024-07-17 13:38:25,42000.0,100,Sell,223754593
2024-07-17 13:38:25,42000.0,500,Sell,223754595
2024-07-17 13:38:27,42050.0,400,Buy,223754720
2024-07-17 13:38:33,42000.0,600,Sell,223755218
2024-07-17 13:38:33,42000.0,100,Sell,223755219
2024-07-17 13:38:33,42000.0,500,Sell,223755220
2024-07-17 13:38:33,42000.0,1000,Sell,223755221
2024-07-17 13:38:37,42000.0,200,Buy,223755466
2024-07-17 13:38:41,41950.0,1000,Sell,223755659
2024-07-17 13:38:41,41900.0,3800,Sell,223755660
2024-07-17 13:39:02,42000.0,1200,Buy,223756732
2024-07-17 13:39:02,41950.0,300,Buy,223756731
2024-07-17 13:39:02,41900.0,100,Sell,223756730
2024-07-17 13:39:45,41950.0,100,Sell,223759731
2024-07-17 13:40:05,42000.0,200,Buy,223761186
2024-07-17 13:40:06,41950.0,200,Sell,223761211
2024-07-17 13:40:06,41950.0,100,Sell,223761212
2024-07-17 13:40:29,41950.0,400,Sell,223762510
2024-07-17 13:40:41,41900.0,2200,Sell,223763293
2024-07-17 13:40:41,41900.0,500,Sell,223763294
2024-07-17 13:40:41,41900.0,400,Sell,223763295
2024-07-17 13:40:41,41900.0,100,Sell,223763296
2024-07-17 13:40:41,41900.0,500,Sell,223763297
2024-07-17 13:40:41,41900.0,500,Sell,223763298
2024-07-17 13:40:53,41950.0,1400,Buy,223764353
2024-07-17 13:41:14,41950.0,700,Sell,223766285
2024-07-17 13:41:19,42000.0,100,Buy,223766594
2024-07-17 13:41:24,42000.0,100,Buy,223766878
2024-07-17 13:41:30,42000.0,500,Buy,223767252
2024-07-17 13:41:30,42000.0,100,Buy,223767253
2024-07-17 13:41:30,42000.0,100,Buy,223767254
2024-07-17 13:41:30,42000.0,300,Buy,223767255
2024-07-17 13:41:40,42000.0,700,Buy,223768280
2024-07-17 13:41:40,42000.0,1000,Buy,223768281
2024-07-17 13:42:11,42000.0,2000,Sell,223770446
2024-07-17 13:42:16,42050.0,1700,Buy,223770955
2024-07-17 13:42:16,42050.0,1300,Buy,223770954
2024-07-17 13:42:22,42050.0,400,Buy,223771434
2024-07-17 13:42:22,42050.0,100,Buy,223771435
2024-07-17 13:42:26,42100.0,3000,Buy,223771644
2024-07-17 13:42:26,42100.0,1000,Buy,223771645
2024-07-17 13:42:26,42100.0,1000,Buy,223771646
2024-07-17 13:42:40,42100.0,500,Buy,223772658
2024-07-17 13:42:40,42050.0,100,Sell,223772667
2024-07-17 13:43:07,42100.0,1000,Buy,223774352
2024-07-17 13:43:10,42050.0,100,Sell,223774529
2024-07-17 13:43:21,42050.0,300,Sell,223775199
2024-07-17 13:43:21,42050.0,1000,Sell,223775198
2024-07-17 13:43:21,42050.0,1500,Sell,223775197
2024-07-17 13:43:21,42050.0,500,Sell,223775196
2024-07-17 13:43:21,42050.0,300,Sell,223775195
2024-07-17 13:43:21,42050.0,1500,Sell,223775194
2024-07-17 13:43:29,42050.0,200,Buy,223775855
2024-07-17 13:43:43,42050.0,1200,Buy,223776704
2024-07-17 13:43:43,42050.0,600,Buy,223776705
2024-07-17 13:43:46,42000.0,100,Sell,223776857
2024-07-17 13:43:46,42050.0,200,Sell,223776856
2024-07-17 13:43:46,42200.0,1000,Buy,223776853
2024-07-17 13:43:46,42200.0,1000,Buy,223776852
2024-07-17 13:43:46,42200.0,600,Buy,223776855
2024-07-17 13:43:46,42200.0,400,Buy,223776850
2024-07-17 13:43:46,42200.0,500,Buy,223776851
2024-07-17 13:43:46,42100.0,100,Buy,223776847
2024-07-17 13:43:46,42200.0,500,Buy,223776854
2024-07-17 13:43:46,42100.0,500,Buy,223776849
2024-07-17 13:43:46,42100.0,400,Buy,223776848
2024-07-17 13:44:03,42050.0,100,Buy,223777834
2024-07-17 13:44:40,42050.0,200,Sell,223779953
2024-07-17 13:44:40,42050.0,600,Sell,223779954
2024-07-17 13:44:56,42050.0,4400,Sell,223780781
2024-07-17 13:44:58,42000.0,400,Sell,223780957
2024-07-17 13:45:03,42000.0,700,Sell,223781245
2024-07-17 13:45:21,42000.0,100,Sell,223782051
2024-07-17 13:45:21,42000.0,100,Sell,223782050
2024-07-17 13:45:21,42000.0,3400,Sell,223782049
2024-07-17 13:45:21,42000.0,2500,Sell,223782048
2024-07-17 13:45:21,42000.0,300,Sell,223782045
2024-07-17 13:45:21,42000.0,100,Sell,223782044
2024-07-17 13:45:21,42000.0,100,Sell,223782047
2024-07-17 13:45:21,42000.0,400,Sell,223782046
2024-07-17 13:45:23,42000.0,900,Sell,223782163
2024-07-17 13:45:23,42000.0,100,Sell,223782164
2024-07-17 13:45:23,42000.0,1000,Sell,223782165
2024-07-17 13:45:45,42000.0,300,Buy,223783083
2024-07-17 13:45:45,42000.0,100,Buy,223783105
2024-07-17 13:45:45,41950.0,900,Sell,223783106
2024-07-17 13:45:45,41950.0,100,Sell,223783107
2024-07-17 13:45:53,42000.0,100,Buy,223783455
2024-07-17 13:45:54,42000.0,1000,Buy,223783507
2024-07-17 13:45:54,41950.0,100,Sell,223783468
2024-07-17 13:45:57,42000.0,400,Buy,223783758
2024-07-17 13:46:04,42000.0,600,Buy,223784076
2024-07-17 13:46:26,42000.0,1400,Sell,223785017
2024-07-17 13:46:26,42000.0,600,Sell,223785018
2024-07-17 13:46:35,42000.0,1000,Sell,223785369
2024-07-17 13:46:41,42000.0,700,Sell,223785726
2024-07-17 13:46:41,42000.0,200,Sell,223785727
2024-07-17 13:46:41,42000.0,100,Sell,223785729
2024-07-17 13:46:41,42000.0,1000,Sell,223785730
2024-07-17 13:46:42,42050.0,100,Buy,223785749
2024-07-17 13:46:43,42000.0,2000,Sell,223785776
2024-07-17 13:46:48,42000.0,200,Buy,223785949
2024-07-17 13:47:03,42000.0,700,Buy,223786729
2024-07-17 13:47:03,42000.0,100,Buy,223786730
2024-07-17 13:47:03,42000.0,200,Buy,223786731
2024-07-17 13:47:14,42000.0,1000,Buy,223787149
2024-07-17 13:47:36,41950.0,500,Sell,223788169
2024-07-17 13:47:36,41950.0,600,Sell,223788170
2024-07-17 13:47:36,41950.0,200,Sell,223788168
2024-07-17 13:47:36,41950.0,1800,Sell,223788163
2024-07-17 13:47:36,41950.0,1000,Sell,223788166
2024-07-17 13:47:36,41950.0,500,Sell,223788165
2024-07-17 13:47:36,41950.0,1000,Sell,223788164
2024-07-17 13:47:36,41950.0,1000,Sell,223788167
2024-07-17 13:47:49,41900.0,2000,Sell,223788792
2024-07-17 13:47:49,41900.0,1000,Sell,223788791
2024-07-17 13:47:49,41900.0,4000,Sell,223788790
2024-07-17 13:47:49,41900.0,100,Sell,223788789
2024-07-17 13:47:49,41900.0,200,Sell,223788788
2024-07-17 13:47:49,41900.0,1000,Sell,223788787
2024-07-17 13:47:49,41900.0,600,Sell,223788786
2024-07-17 13:47:49,41900.0,500,Sell,223788782
2024-07-17 13:47:49,41900.0,900,Sell,223788784
2024-07-17 13:47:49,41900.0,500,Sell,223788783
2024-07-17 13:47:49,41900.0,200,Sell,223788781
2024-07-17 13:47:49,41900.0,500,Sell,223788780
2024-07-17 13:47:49,41900.0,2000,Sell,223788779
2024-07-17 13:47:49,41900.0,100,Sell,223788778
2024-07-17 13:47:49,41900.0,200,Sell,223788777
2024-07-17 13:47:49,41900.0,1000,Sell,223788785
2024-07-17 13:47:52,41900.0,200,Buy,223788893
2024-07-17 13:48:06,41900.0,3600,Buy,223789564
2024-07-17 13:48:07,41900.0,800,Buy,223789601
2024-07-17 13:48:24,41900.0,1200,Sell,223790388
2024-07-17 13:48:30,41900.0,300,Buy,223790612
2024-07-17 13:48:32,41900.0,1500,Buy,223790713
2024-07-17 13:48:48,41900.0,1000,Sell,223791454
2024-07-17 13:48:53,41900.0,1500,Sell,223791648
2024-07-17 13:48:53,41900.0,1500,Sell,223791649
2024-07-17 13:49:45,42000.0,300,Buy,223794293
2024-07-17 13:49:45,42000.0,700,Buy,223794294
2024-07-17 13:49:50,42000.0,300,Buy,223794507
2024-07-17 13:49:51,42000.0,100,Buy,223794565
2024-07-17 13:50:41,41950.0,200,Sell,223797250
2024-07-17 13:50:45,41950.0,1000,Sell,223797389
2024-07-17 13:50:48,41950.0,100,Sell,223797527
2024-07-17 13:50:54,41950.0,200,Sell,223797811
2024-07-17 13:50:54,41950.0,100,Sell,223797809
2024-07-17 13:50:54,41950.0,800,Sell,223797810
2024-07-17 13:50:54,41950.0,700,Sell,223797808
2024-07-17 13:51:09,41950.0,300,Buy,223798414
2024-07-17 13:51:19,41950.0,100,Buy,223798954
2024-07-17 13:51:19,41950.0,300,Buy,223798958
2024-07-17 13:51:24,41950.0,200,Buy,223799179
2024-07-17 13:51:32,41900.0,500,Sell,223799546
2024-07-17 13:51:43,41900.0,100,Sell,223800079
2024-07-17 13:51:43,41900.0,500,Sell,223800065
2024-07-17 13:51:43,41900.0,200,Sell,223800064
2024-07-17 13:51:43,41900.0,200,Sell,223800062
2024-07-17 13:51:43,41900.0,1000,Sell,223800063
2024-07-17 13:51:43,41900.0,100,Sell,223800060
2024-07-17 13:51:43,41900.0,100,Sell,223800059
2024-07-17 13:51:43,41900.0,1300,Sell,223800058
2024-07-17 13:51:43,41900.0,100,Sell,223800057
2024-07-17 13:51:43,41900.0,200,Sell,223800056
2024-07-17 13:51:43,41900.0,200,Sell,223800061
2024-07-17 13:52:04,41950.0,600,Buy,223800950
2024-07-17 13:52:44,41950.0,100,Buy,223802965
2024-07-17 13:53:14,41950.0,100,Buy,223804382
2024-07-17 13:53:53,41950.0,700,Buy,223806387
2024-07-17 13:53:54,41950.0,5000,Buy,223806451
2024-07-17 13:54:02,41950.0,500,Buy,223807317
2024-07-17 13:54:03,41900.0,200,Sell,223807361
2024-07-17 13:54:03,41900.0,200,Sell,223807362
2024-07-17 13:54:03,41900.0,600,Sell,223807363
2024-07-17 13:54:15,41900.0,600,Sell,223807995
2024-07-17 13:54:15,41900.0,400,Sell,223807994
2024-07-17 13:54:21,41950.0,300,Buy,223808461
2024-07-17 13:54:21,41950.0,1200,Buy,223808462
2024-07-17 13:54:23,41900.0,300,Sell,223808579
2024-07-17 13:54:46,41900.0,500,Sell,223809758
2024-07-17 13:54:54,41900.0,100,Sell,223810131
2024-07-17 13:54:55,41900.0,100,Sell,223810180
2024-07-17 13:54:55,41900.0,500,Sell,223810179
2024-07-17 13:54:55,41900.0,100,Sell,223810178
2024-07-17 13:54:55,41900.0,900,Sell,223810177
2024-07-17 13:54:55,41900.0,200,Sell,223810176
2024-07-17 13:54:55,41900.0,300,Sell,223810175
2024-07-17 13:54:55,41900.0,200,Sell,223810173
2024-07-17 13:54:55,41900.0,1000,Sell,223810172
2024-07-17 13:54:55,41900.0,100,Sell,223810171
2024-07-17 13:54:55,41900.0,1000,Sell,223810170
2024-07-17 13:54:55,41900.0,500,Sell,223810169
2024-07-17 13:54:55,41900.0,100,Sell,223810174
2024-07-17 13:55:18,41900.0,400,Sell,223811594
2024-07-17 13:55:18,41900.0,100,Sell,223811595
2024-07-17 13:55:18,41900.0,400,Sell,223811596
2024-07-17 13:55:37,41850.0,200,Sell,223812729
2024-07-17 13:55:37,41850.0,100,Sell,223812730
2024-07-17 13:55:37,41850.0,100,Sell,223812728
2024-07-17 13:55:37,41850.0,1000,Sell,223812732
2024-07-17 13:55:37,41850.0,400,Sell,223812731
2024-07-17 13:55:37,41850.0,200,Sell,223812727
2024-07-17 13:55:37,41900.0,100,Sell,223812720
2024-07-17 13:55:37,41850.0,200,Sell,223812725
2024-07-17 13:55:37,41850.0,200,Sell,223812726
2024-07-17 13:55:37,41900.0,200,Sell,223812721
2024-07-17 13:55:37,41900.0,100,Sell,223812719
2024-07-17 13:55:37,41900.0,500,Sell,223812723
2024-07-17 13:55:37,41850.0,1000,Sell,223812724
2024-07-17 13:55:37,41900.0,100,Sell,223812722
2024-07-17 13:55:41,41900.0,100,Sell,223812945
2024-07-17 13:55:53,41850.0,100,Sell,223813517
2024-07-17 13:56:06,41850.0,100,Sell,223814179
2024-07-17 13:56:29,41900.0,300,Buy,223815076
2024-07-17 13:56:38,41900.0,600,Buy,223815495
2024-07-17 13:56:38,41950.0,1400,Buy,223815496
2024-07-17 13:56:47,41900.0,300,Sell,223815852
2024-07-17 13:56:47,41900.0,300,Sell,223815853
2024-07-17 13:56:53,41900.0,100,Sell,223816121
2024-07-17 13:56:54,41950.0,1600,Buy,223816168
2024-07-17 13:56:54,41950.0,400,Buy,223816167
2024-07-17 13:57:25,41950.0,1000,Buy,223817839
2024-07-17 13:57:25,41950.0,1600,Buy,223817840
2024-07-17 13:57:25,41950.0,400,Buy,223817838
2024-07-17 13:57:26,41950.0,200,Buy,223817925
2024-07-17 13:57:50,41950.0,3500,Buy,223819270
2024-07-17 13:58:33,41950.0,900,Buy,223821788
2024-07-17 13:58:33,41950.0,100,Buy,223821789
2024-07-17 13:58:35,41950.0,900,Buy,223821915
2024-07-17 13:58:43,41950.0,100,Buy,223822246
2024-07-17 13:58:49,41950.0,100,Buy,223822480
2024-07-17 13:59:14,41900.0,200,Sell,223824347
2024-07-17 13:59:14,41900.0,300,Sell,223824352
2024-07-17 13:59:14,41900.0,1000,Sell,223824351
2024-07-17 13:59:14,41900.0,100,Sell,223824346
2024-07-17 13:59:14,41900.0,200,Sell,223824349
2024-07-17 13:59:14,41900.0,100,Sell,223824348
2024-07-17 13:59:14,41900.0,100,Sell,223824350
2024-07-17 13:59:22,41950.0,6000,Buy,223824901
2024-07-17 13:59:33,41900.0,1300,Sell,223825642
2024-07-17 13:59:33,41900.0,500,Sell,223825656
2024-07-17 13:59:33,41900.0,200,Sell,223825657
2024-07-17 13:59:35,41950.0,200,Buy,223825755
2024-07-17 13:59:49,41950.0,100,Buy,223826379
2024-07-17 13:59:49,41950.0,2500,Buy,223826377
2024-07-17 13:59:49,41950.0,400,Buy,223826378
2024-07-17 13:59:55,41950.0,1000,Buy,223826869
2024-07-17 14:00:05,41950.0,500,Buy,223827543
2024-07-17 14:00:06,41950.0,100,Buy,223827626
2024-07-17 14:00:10,41950.0,300,Buy,223827824
2024-07-17 14:00:10,41950.0,1000,Buy,223827825
2024-07-17 14:00:14,42000.0,100,Buy,223828005
2024-07-17 14:00:14,42000.0,100,Buy,223828004
2024-07-17 14:00:37,42000.0,300,Buy,223829669
2024-07-17 14:00:37,42000.0,900,Buy,223829667
2024-07-17 14:00:37,42000.0,100,Buy,223829668
2024-07-17 14:00:50,42000.0,200,Buy,223830297
2024-07-17 14:00:50,42000.0,900,Buy,223830298
2024-07-17 14:00:50,42000.0,3900,Buy,223830299
2024-07-17 14:01:19,42000.0,4200,Buy,223831988
2024-07-17 14:01:30,41950.0,1000,Sell,223832783
2024-07-17 14:01:33,42000.0,500,Buy,223832986
2024-07-17 14:01:35,42000.0,1000,Buy,223833180
2024-07-17 14:01:39,42000.0,1500,Buy,223833385
2024-07-17 14:01:42,42000.0,100,Buy,223833594
2024-07-17 14:01:45,42000.0,200,Buy,223833885
2024-07-17 14:01:49,42000.0,1200,Buy,223834071
2024-07-17 14:01:49,42000.0,300,Buy,223834070
2024-07-17 14:01:49,42000.0,700,Buy,223834068
2024-07-17 14:01:49,42000.0,500,Buy,223834067
2024-07-17 14:01:49,42000.0,100,Buy,223834069
2024-07-17 14:01:54,42000.0,1000,Buy,223834406
2024-07-17 14:01:55,42000.0,700,Buy,223834458
2024-07-17 14:01:55,42000.0,700,Buy,223834459
2024-07-17 14:01:55,42000.0,1000,Buy,223834460
2024-07-17 14:01:55,42000.0,600,Buy,223834461
2024-07-17 14:01:56,42000.0,300,Buy,223834510
2024-07-17 14:01:56,42000.0,200,Buy,223834511
