time,price,volume,match_type,id
2024-08-13 09:14:39,41400.0,7900,ATO/ATC,231071195
2024-08-13 09:15:21,41400.0,1800,Sell,231072075
2024-08-13 09:15:21,41400.0,1200,Sell,231072076
2024-08-13 09:15:22,41400.0,2400,Sell,231072138
2024-08-13 09:16:10,41350.0,200,Sell,231073160
2024-08-13 09:16:10,41350.0,100,Sell,231073159
2024-08-13 09:16:34,41250.0,100,Sell,231073675
2024-08-13 09:17:08,41100.0,100,Sell,231074556
2024-08-13 09:17:35,41100.0,500,Sell,231075184
2024-08-13 09:17:55,41000.0,5000,Sell,231075696
2024-08-13 09:17:55,41000.0,3000,Sell,231075695
2024-08-13 09:17:55,41000.0,1000,Sell,231075694
2024-08-13 09:17:55,41000.0,1000,Sell,231075693
2024-08-13 09:17:55,41000.0,5000,Sell,231075692
2024-08-13 09:17:55,41050.0,100,Sell,231075686
2024-08-13 09:17:55,41000.0,300,Sell,231075690
2024-08-13 09:17:55,41000.0,100,Sell,231075689
2024-08-13 09:17:55,41050.0,100,Sell,231075688
2024-08-13 09:17:55,41050.0,200,Sell,231075687
2024-08-13 09:17:55,41000.0,100,Sell,231075691
2024-08-13 09:18:31,41000.0,400,Buy,231076521
2024-08-13 09:18:31,41000.0,300,Buy,231076519
2024-08-13 09:18:31,41000.0,200,Buy,231076518
2024-08-13 09:18:31,41000.0,200,Buy,231076520
2024-08-13 09:18:31,41000.0,100,Buy,231076515
2024-08-13 09:18:31,41000.0,100,Buy,231076514
2024-08-13 09:18:31,41000.0,700,Buy,231076517
2024-08-13 09:18:31,41000.0,1200,Buy,231076516
2024-08-13 09:18:35,40950.0,100,Sell,231076628
2024-08-13 09:18:40,40950.0,1000,Buy,231076747
2024-08-13 09:18:40,41000.0,800,Buy,231076748
2024-08-13 09:18:40,41000.0,400,Buy,231076749
2024-08-13 09:18:40,41000.0,200,Buy,231076750
2024-08-13 09:18:40,41000.0,100,Buy,231076751
2024-08-13 09:19:02,41000.0,700,Sell,231077115
2024-08-13 09:19:04,41000.0,100,Sell,231077148
2024-08-13 09:19:05,41000.0,100,Sell,231077153
2024-08-13 09:19:08,41000.0,100,Sell,231077226
2024-08-13 09:19:15,41000.0,400,Sell,231077430
2024-08-13 09:19:17,41000.0,1100,Sell,231077482
2024-08-13 09:19:17,41000.0,300,Sell,231077483
2024-08-13 09:19:38,40950.0,200,Sell,231077995
2024-08-13 09:19:38,40950.0,100,Sell,231077996
2024-08-13 09:19:38,40950.0,100,Sell,231077997
2024-08-13 09:19:44,40950.0,100,Buy,231078135
2024-08-13 09:19:54,40950.0,500,Buy,231078357
2024-08-13 09:20:16,40950.0,1000,Buy,231078892
2024-08-13 09:20:34,40950.0,200,Buy,231079360
2024-08-13 09:20:54,41000.0,100,Buy,231079780
2024-08-13 09:21:04,40950.0,700,Sell,231079975
2024-08-13 09:21:17,40950.0,200,Sell,231080287
2024-08-13 09:21:17,40950.0,100,Sell,231080286
2024-08-13 09:21:17,40950.0,100,Sell,231080285
2024-08-13 09:21:19,41000.0,1900,Buy,231080344
2024-08-13 09:21:19,41000.0,100,Buy,231080345
2024-08-13 09:21:19,41000.0,1600,Buy,231080346
2024-08-13 09:21:19,41000.0,1500,Buy,231080347
2024-08-13 09:21:19,41000.0,2000,Buy,231080348
2024-08-13 09:21:19,41000.0,300,Buy,231080349
2024-08-13 09:21:21,40950.0,800,Sell,231080403
2024-08-13 09:21:33,40950.0,100,Sell,231080618
2024-08-13 09:21:48,40950.0,1000,Sell,231080969
2024-08-13 09:21:48,40950.0,200,Sell,231080968
2024-08-13 09:21:48,40950.0,5000,Sell,231080967
2024-08-13 09:21:48,40950.0,3600,Sell,231080964
2024-08-13 09:21:48,40950.0,500,Sell,231080965
2024-08-13 09:21:48,40950.0,5000,Sell,231080966
2024-08-13 09:21:48,40950.0,300,Sell,231080963
2024-08-13 09:21:48,40950.0,400,Sell,231080962
2024-08-13 09:21:52,41000.0,2400,Buy,231081073
2024-08-13 09:21:52,41000.0,800,Buy,231081074
2024-08-13 09:22:08,41000.0,1800,Sell,231081430
2024-08-13 09:22:13,41000.0,200,Sell,231081546
2024-08-13 09:22:58,40950.0,300,Sell,231082623
2024-08-13 09:22:58,40950.0,100,Sell,231082624
2024-08-13 09:22:58,40950.0,200,Sell,231082625
2024-08-13 09:22:58,40900.0,100,Sell,231082626
2024-08-13 09:22:58,40900.0,200,Sell,231082627
2024-08-13 09:22:58,40900.0,100,Sell,231082628
2024-08-13 09:22:58,40900.0,1000,Sell,231082629
2024-08-13 09:23:23,40900.0,300,Sell,231083253
2024-08-13 09:23:23,40900.0,1000,Sell,231083252
2024-08-13 09:23:23,40900.0,1400,Sell,231083250
2024-08-13 09:23:23,40900.0,200,Sell,231083251
2024-08-13 09:23:23,40950.0,100,Sell,231083249
2024-08-13 09:23:28,40900.0,200,Sell,231083537
2024-08-13 09:23:35,40950.0,500,Sell,231083720
2024-08-13 09:23:49,40950.0,100,Buy,231084062
2024-08-13 09:23:50,40950.0,100,Buy,231084066
2024-08-13 09:24:04,40950.0,100,Buy,231084542
2024-08-13 09:24:04,40950.0,200,Buy,231084540
2024-08-13 09:24:57,41000.0,300,Buy,231086056
2024-08-13 09:24:58,41000.0,3000,Buy,231086092
2024-08-13 09:24:58,41000.0,500,Buy,231086093
2024-08-13 09:24:58,41000.0,500,Buy,231086094
2024-08-13 09:24:58,41000.0,1000,Buy,231086095
2024-08-13 09:24:58,41000.0,400,Buy,231086096
2024-08-13 09:24:58,41000.0,400,Buy,231086091
2024-08-13 09:25:04,41000.0,700,Buy,231086344
2024-08-13 09:25:07,41000.0,3000,Buy,231086409
2024-08-13 09:25:17,41000.0,500,Buy,231086640
2024-08-13 09:25:24,41000.0,800,Buy,231086803
2024-08-13 09:25:24,41000.0,300,Buy,231086801
2024-08-13 09:25:24,41000.0,300,Buy,231086802
2024-08-13 09:25:24,41000.0,500,Buy,231086799
2024-08-13 09:25:24,41000.0,100,Buy,231086798
2024-08-13 09:25:24,41000.0,1000,Buy,231086800
2024-08-13 09:25:32,41000.0,200,Buy,231087024
2024-08-13 09:25:46,41000.0,200,Buy,231087452
2024-08-13 09:25:47,41000.0,300,Buy,231087475
2024-08-13 09:26:06,41000.0,100,Buy,231087864
2024-08-13 09:26:11,41000.0,700,Buy,231087958
2024-08-13 09:26:11,41000.0,300,Buy,231087959
2024-08-13 09:26:58,41000.0,800,Sell,231089238
2024-08-13 09:26:58,41000.0,200,Sell,231089239
2024-08-13 09:27:10,41000.0,500,Sell,231089540
2024-08-13 09:27:54,41000.0,500,Sell,231090639
2024-08-13 09:27:54,41000.0,100,Sell,231090638
2024-08-13 09:27:54,41000.0,100,Sell,231090637
2024-08-13 09:27:54,41000.0,300,Sell,231090634
2024-08-13 09:27:54,41000.0,5000,Sell,231090636
2024-08-13 09:27:54,41000.0,100,Sell,231090635
2024-08-13 09:28:16,41000.0,500,Buy,231091285
2024-08-13 09:28:18,41000.0,2000,Buy,231091350
2024-08-13 09:28:20,41000.0,200,Buy,231091396
2024-08-13 09:28:23,41000.0,500,Sell,231091485
2024-08-13 09:28:40,41000.0,100,Buy,231091900
2024-08-13 09:28:44,41000.0,100,Buy,231092064
2024-08-13 09:29:09,41000.0,1000,Sell,231092731
2024-08-13 09:29:24,41050.0,400,Buy,231093067
2024-08-13 09:29:25,41000.0,300,Sell,231093078
2024-08-13 09:29:50,41050.0,100,Buy,231093677
2024-08-13 09:29:50,41050.0,400,Buy,231093678
2024-08-13 09:30:04,41050.0,2000,Buy,231094165
2024-08-13 09:30:12,41050.0,5000,Buy,231094527
2024-08-13 09:30:17,41050.0,100,Buy,231094631
2024-08-13 09:30:19,41050.0,1000,Buy,231094667
2024-08-13 09:30:23,41050.0,200,Buy,231094816
2024-08-13 09:30:46,41050.0,200,Buy,231095422
2024-08-13 09:30:58,41050.0,200,Buy,231095730
2024-08-13 09:31:31,41050.0,900,Buy,231096648
2024-08-13 09:31:31,41050.0,100,Buy,231096649
2024-08-13 09:31:36,41050.0,100,Buy,231096774
2024-08-13 09:31:41,41050.0,100,Sell,231096888
2024-08-13 09:31:56,41050.0,1000,Sell,231097297
2024-08-13 09:32:02,41050.0,200,Sell,231097524
2024-08-13 09:32:06,41050.0,600,Sell,231097616
2024-08-13 09:33:55,41100.0,1000,Buy,231100175
2024-08-13 09:34:18,41200.0,200,Buy,231100691
2024-08-13 09:34:18,41100.0,500,Sell,231100692
2024-08-13 09:34:27,41200.0,200,Buy,231100908
2024-08-13 09:34:27,41200.0,8300,Buy,231100909
2024-08-13 09:34:34,41200.0,500,Buy,231101056
2024-08-13 09:34:42,41200.0,600,Buy,231101274
2024-08-13 09:35:05,41200.0,100,Buy,231101844
2024-08-13 09:35:21,41200.0,500,Buy,231102229
2024-08-13 09:35:21,41200.0,100,Buy,231102230
2024-08-13 09:35:24,41200.0,400,Buy,231102289
2024-08-13 09:35:24,41200.0,100,Buy,231102290
2024-08-13 09:35:37,41200.0,200,Sell,231102627
2024-08-13 09:35:39,41200.0,300,Sell,231102668
2024-08-13 09:35:39,41200.0,3500,Sell,231102669
2024-08-13 09:35:42,41200.0,200,Buy,231102734
2024-08-13 09:35:42,41200.0,100,Buy,231102742
2024-08-13 09:36:03,41050.0,2000,Sell,231103268
2024-08-13 09:36:03,41000.0,100,Sell,231103271
2024-08-13 09:36:03,41000.0,200,Sell,231103270
2024-08-13 09:36:03,41000.0,1700,Sell,231103269
2024-08-13 09:36:03,41050.0,500,Sell,231103267
2024-08-13 09:36:03,41000.0,3600,Sell,231103273
2024-08-13 09:36:03,41050.0,1000,Sell,231103265
2024-08-13 09:36:03,41100.0,1000,Sell,231103260
2024-08-13 09:36:03,41100.0,1000,Sell,231103261
2024-08-13 09:36:03,41050.0,100,Sell,231103266
2024-08-13 09:36:03,41050.0,200,Sell,231103263
2024-08-13 09:36:03,41050.0,600,Sell,231103264
2024-08-13 09:36:03,41100.0,1000,Sell,231103262
2024-08-13 09:36:53,41000.0,1400,Sell,231104705
2024-08-13 09:36:54,41000.0,100,Sell,231104706
2024-08-13 09:36:54,41000.0,100,Sell,231104707
2024-08-13 09:36:54,41000.0,8400,Sell,231104708
2024-08-13 09:37:09,41050.0,100,Sell,231105038
2024-08-13 09:37:09,41000.0,400,Sell,231105039
2024-08-13 09:37:14,41000.0,500,Sell,231105183
2024-08-13 09:37:14,41000.0,100,Sell,231105184
2024-08-13 09:37:14,41000.0,2000,Sell,231105180
2024-08-13 09:37:14,41000.0,1200,Sell,231105179
2024-08-13 09:37:14,41000.0,300,Sell,231105181
2024-08-13 09:37:14,41000.0,500,Sell,231105182
2024-08-13 09:37:18,41000.0,300,Buy,231105260
2024-08-13 09:37:19,41000.0,100,Buy,231105306
2024-08-13 09:37:28,41000.0,100,Sell,231105515
2024-08-13 09:37:54,41100.0,300,Buy,231106335
2024-08-13 09:38:30,41100.0,100,Sell,231107209
2024-08-13 09:38:48,41150.0,100,Buy,231107693
2024-08-13 09:38:48,41150.0,1000,Buy,231107694
2024-08-13 09:38:52,41150.0,100,Sell,231107786
2024-08-13 09:38:55,41150.0,1000,Sell,231107842
2024-08-13 09:39:08,41000.0,400,Sell,231108204
2024-08-13 09:39:08,41000.0,100,Sell,231108206
2024-08-13 09:39:08,41000.0,100,Sell,231108205
2024-08-13 09:39:08,41100.0,100,Sell,231108203
2024-08-13 09:39:08,41100.0,1500,Sell,231108201
2024-08-13 09:39:08,41100.0,100,Sell,231108200
2024-08-13 09:39:08,41150.0,400,Sell,231108199
2024-08-13 09:39:08,41100.0,100,Sell,231108202
2024-08-13 09:39:09,40950.0,200,Sell,231108226
2024-08-13 09:39:23,41000.0,5000,Buy,231108609
2024-08-13 09:39:46,41000.0,5000,Sell,231109167
2024-08-13 09:39:46,41000.0,500,Sell,231109168
2024-08-13 09:39:46,41000.0,500,Sell,231109169
2024-08-13 09:39:53,41000.0,1500,Sell,231109319
2024-08-13 09:40:09,41000.0,100,Sell,231109728
2024-08-13 09:40:10,41000.0,200,Sell,231109739
2024-08-13 09:40:10,41000.0,200,Sell,231109740
2024-08-13 09:40:10,41000.0,1000,Sell,231109741
2024-08-13 09:40:29,40950.0,500,Sell,231110090
2024-08-13 09:40:34,41000.0,100,Buy,231110161
2024-08-13 09:40:52,41000.0,300,Buy,231110560
2024-08-13 09:40:52,41000.0,200,Buy,231110561
2024-08-13 09:41:02,40950.0,1200,Sell,231110776
2024-08-13 09:41:02,40950.0,300,Sell,231110777
2024-08-13 09:41:02,40950.0,500,Sell,231110778
2024-08-13 09:41:02,40950.0,1000,Sell,231110779
2024-08-13 09:41:02,40950.0,100,Sell,231110780
2024-08-13 09:41:02,40950.0,100,Sell,231110781
2024-08-13 09:41:02,40950.0,300,Sell,231110782
2024-08-13 09:41:02,40950.0,2000,Sell,231110783
2024-08-13 09:41:02,40950.0,100,Sell,231110784
2024-08-13 09:41:02,40950.0,100,Sell,231110785
2024-08-13 09:41:02,40950.0,100,Sell,231110786
2024-08-13 09:41:02,40950.0,100,Sell,231110787
2024-08-13 09:41:02,40950.0,200,Sell,231110788
2024-08-13 09:41:13,41000.0,300,Buy,231111022
2024-08-13 09:41:27,40950.0,200,Sell,231111400
2024-08-13 09:41:27,40950.0,300,Sell,231111399
2024-08-13 09:41:28,40950.0,300,Sell,231111415
2024-08-13 09:41:28,40950.0,100,Sell,231111416
2024-08-13 09:41:28,40950.0,300,Sell,231111417
2024-08-13 09:41:33,40950.0,100,Buy,231111498
2024-08-13 09:41:44,40950.0,100,Buy,231111729
2024-08-13 09:41:59,40950.0,100,Buy,231112062
2024-08-13 09:41:59,40900.0,500,Sell,231112075
2024-08-13 09:42:09,40950.0,1000,Sell,231112230
2024-08-13 09:42:09,40900.0,1000,Sell,231112231
2024-08-13 09:42:28,40950.0,100,Sell,231112675
2024-08-13 09:42:28,40900.0,400,Sell,231112676
2024-08-13 09:43:26,40950.0,200,Sell,231114520
2024-08-13 09:43:28,40950.0,200,Sell,231114591
2024-08-13 09:43:34,41000.0,300,Buy,231114735
2024-08-13 09:43:41,40950.0,100,Sell,231114855
2024-08-13 09:43:41,40950.0,300,Sell,231114856
2024-08-13 09:43:41,40950.0,100,Sell,231114857
2024-08-13 09:43:41,40950.0,1000,Sell,231114858
2024-08-13 09:43:44,40950.0,500,Buy,231114920
2024-08-13 09:43:57,41000.0,200,Buy,231115275
2024-08-13 09:44:04,41000.0,800,Buy,231115392
2024-08-13 09:44:26,41000.0,500,Buy,231115877
2024-08-13 09:44:34,41000.0,200,Buy,231116036
2024-08-13 09:45:17,40950.0,2400,Sell,231117080
2024-08-13 09:45:17,40950.0,1000,Sell,231117079
2024-08-13 09:45:17,40950.0,1000,Sell,231117077
2024-08-13 09:45:17,40950.0,1000,Sell,231117074
2024-08-13 09:45:17,40950.0,500,Sell,231117078
2024-08-13 09:45:34,40950.0,1000,Sell,231117508
2024-08-13 09:46:17,40950.0,200,Sell,231118713
2024-08-13 09:46:23,40950.0,500,Sell,231118834
2024-08-13 09:46:29,40950.0,200,Sell,231118973
2024-08-13 09:46:30,41000.0,2500,Buy,231119002
2024-08-13 09:46:30,41000.0,100,Buy,231119003
2024-08-13 09:46:30,41000.0,1000,Buy,231119004
2024-08-13 09:46:30,41000.0,400,Buy,231119005
2024-08-13 09:46:33,41000.0,500,Buy,231119092
2024-08-13 09:46:33,41000.0,600,Buy,231119090
2024-08-13 09:46:33,41000.0,1800,Buy,231119091
2024-08-13 09:46:33,41000.0,1100,Buy,231119093
2024-08-13 09:47:01,41000.0,400,Buy,231119831
2024-08-13 09:47:03,41000.0,1200,Sell,231119884
2024-08-13 09:47:07,41000.0,400,Sell,231119949
2024-08-13 09:47:14,40950.0,200,Sell,231120126
2024-08-13 09:47:15,41000.0,3000,Buy,231120155
2024-08-13 09:47:18,40950.0,500,Sell,231120219
2024-08-13 09:47:18,40950.0,400,Sell,231120220
2024-08-13 09:47:18,40950.0,100,Sell,231120221
2024-08-13 09:47:18,40950.0,1000,Sell,231120222
2024-08-13 09:48:02,40950.0,200,Sell,231121345
2024-08-13 09:48:02,40950.0,2000,Sell,231121344
2024-08-13 09:48:02,40950.0,3000,Sell,231121347
2024-08-13 09:48:02,40950.0,500,Sell,231121346
2024-08-13 09:48:02,40950.0,1000,Sell,231121342
2024-08-13 09:48:02,40950.0,400,Sell,231121343
2024-08-13 09:48:02,40950.0,1000,Sell,231121336
2024-08-13 09:48:02,40950.0,100,Sell,231121337
2024-08-13 09:48:02,40950.0,100,Sell,231121338
2024-08-13 09:48:02,40950.0,100,Sell,231121341
2024-08-13 09:48:02,40950.0,1600,Sell,231121340
2024-08-13 09:48:02,40950.0,200,Sell,231121339
2024-08-13 09:48:29,40950.0,2000,Sell,231122120
2024-08-13 09:48:29,40950.0,100,Sell,231122121
2024-08-13 09:48:43,41000.0,9600,Buy,231122637
2024-08-13 09:48:43,41000.0,400,Buy,231122638
2024-08-13 09:49:16,40950.0,400,Sell,231123562
2024-08-13 09:49:35,40950.0,100,Sell,231124035
2024-08-13 09:49:35,40950.0,1900,Sell,231124036
2024-08-13 09:49:50,40950.0,2000,Sell,231124396
2024-08-13 09:49:51,40950.0,500,Sell,231124429
2024-08-13 09:49:51,40950.0,200,Sell,231124428
2024-08-13 09:49:51,40950.0,11100,Sell,231124427
2024-08-13 09:50:00,40900.0,200,Sell,231124611
2024-08-13 09:50:09,40950.0,800,Buy,231124795
2024-08-13 09:50:13,40950.0,2000,Buy,231124873
2024-08-13 09:50:14,40950.0,200,Buy,231124889
2024-08-13 09:50:16,40950.0,400,Buy,231124948
2024-08-13 09:50:19,40950.0,3000,Sell,231125064
2024-08-13 09:50:26,40950.0,700,Sell,231125291
2024-08-13 09:50:33,40950.0,100,Sell,231125509
2024-08-13 09:51:19,41000.0,800,Buy,231126665
2024-08-13 09:51:19,40950.0,700,Buy,231126664
2024-08-13 09:51:19,40950.0,1700,Sell,231126660
2024-08-13 09:51:19,40950.0,100,Sell,231126659
2024-08-13 09:51:19,40950.0,100,Sell,231126658
2024-08-13 09:51:19,40950.0,100,Sell,231126657
2024-08-13 09:51:19,40950.0,400,Sell,231126655
2024-08-13 09:51:19,40950.0,1000,Sell,231126654
2024-08-13 09:51:19,40950.0,100,Sell,231126653
2024-08-13 09:51:19,40950.0,800,Sell,231126652
2024-08-13 09:51:19,40950.0,500,Sell,231126656
2024-08-13 09:51:48,40950.0,500,Buy,231127341
2024-08-13 09:51:55,40950.0,500,Buy,231127460
2024-08-13 09:52:33,40950.0,200,Sell,231128228
2024-08-13 09:52:41,40950.0,200,Sell,231128367
2024-08-13 09:52:41,40950.0,300,Sell,231128366
2024-08-13 09:53:03,41000.0,100,Buy,231128949
2024-08-13 09:53:13,41000.0,200,Buy,231129153
2024-08-13 09:53:13,41000.0,5000,Buy,231129154
2024-08-13 09:53:14,40950.0,200,Sell,231129224
2024-08-13 09:53:14,40950.0,100,Sell,231129223
2024-08-13 09:53:14,40950.0,2900,Sell,231129222
2024-08-13 09:53:14,40950.0,100,Sell,231129221
2024-08-13 09:53:14,40950.0,2800,Sell,231129216
2024-08-13 09:53:14,40950.0,1000,Sell,231129219
2024-08-13 09:53:14,40950.0,100,Sell,231129218
2024-08-13 09:53:14,40950.0,600,Sell,231129217
2024-08-13 09:53:14,40950.0,100,Sell,231129220
2024-08-13 09:53:42,41000.0,500,Buy,231129884
2024-08-13 09:54:02,40950.0,500,Sell,231130342
2024-08-13 09:54:02,40950.0,500,Sell,231130343
2024-08-13 09:54:14,40950.0,1000,Sell,231130594
2024-08-13 09:54:14,40950.0,800,Sell,231130595
2024-08-13 09:54:14,40950.0,1000,Sell,231130593
2024-08-13 09:54:14,40950.0,100,Sell,231130590
2024-08-13 09:54:14,40950.0,100,Sell,231130591
2024-08-13 09:54:14,40950.0,3500,Sell,231130589
2024-08-13 09:54:14,40950.0,100,Sell,231130592
2024-08-13 09:54:57,40950.0,200,Sell,231131481
2024-08-13 09:55:32,40950.0,500,Sell,231132133
2024-08-13 09:55:58,40950.0,3500,Sell,231132722
2024-08-13 09:55:58,40950.0,900,Sell,231132723
2024-08-13 09:55:58,40950.0,100,Sell,231132724
2024-08-13 09:55:58,40950.0,1000,Sell,231132725
2024-08-13 09:56:44,40950.0,100,Sell,231133725
2024-08-13 09:56:54,40950.0,4100,Sell,231133855
2024-08-13 09:57:44,40950.0,2000,Sell,231134797
2024-08-13 10:01:13,40950.0,300,Sell,231138595
2024-08-13 10:01:50,40950.0,100,Sell,231139457
2024-08-13 10:01:50,40950.0,1000,Sell,231139458
2024-08-13 10:01:50,40950.0,400,Sell,231139459
2024-08-13 10:01:50,40950.0,3500,Sell,231139456
2024-08-13 10:01:52,40950.0,1100,Sell,231139529
2024-08-13 10:01:52,40950.0,300,Sell,231139528
2024-08-13 10:01:52,40950.0,1300,Sell,231139527
2024-08-13 10:01:52,40950.0,100,Sell,231139526
2024-08-13 10:01:52,40950.0,300,Sell,231139521
2024-08-13 10:01:52,40950.0,400,Sell,231139522
2024-08-13 10:01:52,40950.0,300,Sell,231139520
2024-08-13 10:01:52,40950.0,500,Sell,231139523
2024-08-13 10:01:52,40950.0,300,Sell,231139518
2024-08-13 10:01:52,40950.0,1000,Sell,231139517
2024-08-13 10:01:52,40950.0,1000,Sell,231139516
2024-08-13 10:01:52,40950.0,100,Sell,231139515
2024-08-13 10:01:52,40950.0,1000,Sell,231139514
2024-08-13 10:01:52,40950.0,700,Sell,231139513
2024-08-13 10:01:52,40950.0,1100,Sell,231139512
2024-08-13 10:01:52,40950.0,500,Sell,231139519
2024-08-13 10:01:59,40950.0,2900,Sell,231139651
2024-08-13 10:01:59,40950.0,300,Sell,231139652
2024-08-13 10:01:59,40950.0,100,Sell,231139653
2024-08-13 10:01:59,40950.0,2000,Sell,231139654
2024-08-13 10:02:09,40900.0,1400,Sell,231139892
2024-08-13 10:02:09,40900.0,2600,Sell,231139893
2024-08-13 10:02:24,40900.0,1000,Sell,231140292
2024-08-13 10:02:56,40900.0,500,Sell,231141010
2024-08-13 10:03:13,40900.0,1300,Sell,231141467
2024-08-13 10:03:26,40900.0,900,Sell,231141929
2024-08-13 10:03:28,40900.0,100,Sell,231141962
2024-08-13 10:03:29,40900.0,100,Sell,231141977
2024-08-13 10:03:31,40950.0,4700,Buy,231142006
2024-08-13 10:03:31,40950.0,300,Buy,231142007
2024-08-13 10:03:32,40900.0,400,Sell,231142056
2024-08-13 10:04:08,40900.0,300,Sell,231142931
2024-08-13 10:04:09,40950.0,700,Buy,231142981
2024-08-13 10:04:09,40950.0,400,Buy,231142982
2024-08-13 10:04:09,40950.0,500,Buy,231142983
2024-08-13 10:04:09,40950.0,1100,Buy,231142984
2024-08-13 10:04:20,40950.0,100,Buy,231143192
2024-08-13 10:04:22,40950.0,100,Buy,231143240
2024-08-13 10:04:44,40950.0,1300,Sell,231143639
2024-08-13 10:04:44,40950.0,800,Buy,231143630
2024-08-13 10:04:44,40950.0,1400,Buy,231143631
2024-08-13 10:04:49,40950.0,300,Sell,231143736
2024-08-13 10:05:09,40900.0,1100,Sell,231144134
2024-08-13 10:05:29,40900.0,400,Sell,231144678
2024-08-13 10:05:36,40950.0,5000,Buy,231144801
2024-08-13 10:05:53,40900.0,100,Sell,231145184
2024-08-13 10:05:57,40950.0,100,Buy,231145283
2024-08-13 10:07:30,40900.0,100,Sell,231147189
2024-08-13 10:07:30,40900.0,100,Sell,231147190
2024-08-13 10:07:30,40900.0,200,Sell,231147191
2024-08-13 10:07:30,40900.0,100,Sell,231147192
2024-08-13 10:07:30,40900.0,500,Sell,231147193
2024-08-13 10:07:30,40900.0,700,Sell,231147194
2024-08-13 10:07:30,40900.0,100,Sell,231147195
2024-08-13 10:07:30,40900.0,100,Sell,231147199
2024-08-13 10:07:30,40900.0,100,Sell,231147197
2024-08-13 10:07:30,40900.0,100,Sell,231147198
2024-08-13 10:07:30,40900.0,500,Sell,231147200
2024-08-13 10:07:30,40900.0,300,Sell,231147201
2024-08-13 10:07:30,40900.0,100,Sell,231147202
2024-08-13 10:07:30,40900.0,100,Sell,231147203
2024-08-13 10:07:30,40900.0,5100,Sell,231147204
2024-08-13 10:07:30,40900.0,1000,Sell,231147196
2024-08-13 10:07:30,40900.0,400,Sell,231147187
2024-08-13 10:07:30,40900.0,100,Sell,231147188
2024-08-13 10:07:30,40900.0,5000,Sell,231147185
2024-08-13 10:07:30,40900.0,11200,Sell,231147168
2024-08-13 10:07:30,40900.0,500,Sell,231147169
2024-08-13 10:07:30,40900.0,100,Sell,231147170
2024-08-13 10:07:30,40900.0,100,Sell,231147171
2024-08-13 10:07:30,40900.0,500,Sell,231147186
2024-08-13 10:07:30,40900.0,100,Sell,231147173
2024-08-13 10:07:30,40900.0,100,Sell,231147174
2024-08-13 10:07:30,40900.0,1000,Sell,231147175
2024-08-13 10:07:30,40900.0,100,Sell,231147172
2024-08-13 10:07:30,40900.0,1400,Sell,231147177
2024-08-13 10:07:30,40900.0,100,Sell,231147178
2024-08-13 10:07:30,40900.0,1000,Sell,231147179
2024-08-13 10:07:30,40900.0,2000,Sell,231147180
2024-08-13 10:07:30,40900.0,500,Sell,231147181
2024-08-13 10:07:30,40900.0,100,Sell,231147182
2024-08-13 10:07:30,40900.0,500,Sell,231147183
2024-08-13 10:07:30,40900.0,5000,Sell,231147184
2024-08-13 10:07:30,40900.0,1000,Sell,231147176
2024-08-13 10:07:39,40900.0,500,Sell,231147382
2024-08-13 10:07:42,40950.0,200,Buy,231147426
2024-08-13 10:07:57,40900.0,100,Sell,231147700
2024-08-13 10:07:57,40900.0,500,Sell,231147699
2024-08-13 10:07:57,40900.0,100,Sell,231147698
2024-08-13 10:07:57,40900.0,200,Sell,231147695
2024-08-13 10:07:57,40900.0,100,Sell,231147697
2024-08-13 10:07:57,40900.0,500,Sell,231147696
2024-08-13 10:07:57,40900.0,100,Sell,231147694
2024-08-13 10:07:57,40900.0,500,Sell,231147689
2024-08-13 10:07:57,40900.0,200,Sell,231147692
2024-08-13 10:07:57,40900.0,300,Sell,231147693
2024-08-13 10:07:57,40900.0,400,Sell,231147686
2024-08-13 10:07:57,40900.0,100,Sell,231147687
2024-08-13 10:07:57,40900.0,600,Sell,231147688
2024-08-13 10:07:57,40900.0,300,Sell,231147690
2024-08-13 10:07:57,40900.0,1000,Sell,231147691
2024-08-13 10:08:08,40900.0,500,Sell,231147898
2024-08-13 10:09:20,40900.0,100,Sell,231149514
2024-08-13 10:09:23,40900.0,300,Sell,231149595
2024-08-13 10:09:23,40900.0,200,Sell,231149596
2024-08-13 10:09:28,40900.0,300,Sell,231149758
2024-08-13 10:09:28,40900.0,700,Sell,231149759
2024-08-13 10:09:32,40900.0,1000,Sell,231149857
2024-08-13 10:09:41,40900.0,100,Sell,231150128
2024-08-13 10:09:41,40900.0,100,Sell,231150127
2024-08-13 10:09:41,40900.0,200,Sell,231150126
2024-08-13 10:09:41,40900.0,3300,Sell,231150125
2024-08-13 10:09:43,40900.0,500,Sell,231150151
2024-08-13 10:09:44,40900.0,100,Sell,231150170
2024-08-13 10:09:46,40900.0,1000,Sell,231150256
2024-08-13 10:09:48,40900.0,300,Sell,231150287
2024-08-13 10:09:48,40900.0,500,Sell,231150288
2024-08-13 10:09:51,40900.0,200,Sell,231150366
2024-08-13 10:09:51,40900.0,100,Sell,231150364
2024-08-13 10:09:51,40900.0,100,Sell,231150363
2024-08-13 10:09:51,40900.0,500,Sell,231150362
2024-08-13 10:09:51,40900.0,100,Sell,231150365
2024-08-13 10:09:51,40900.0,200,Sell,231150360
2024-08-13 10:09:51,40900.0,100,Sell,231150359
2024-08-13 10:09:51,40900.0,500,Sell,231150357
2024-08-13 10:09:51,40900.0,100,Sell,231150358
2024-08-13 10:09:51,40900.0,500,Sell,231150361
2024-08-13 10:09:57,40850.0,100,Sell,231150481
2024-08-13 10:09:57,40850.0,100,Sell,231150482
2024-08-13 10:09:58,40850.0,200,Sell,231150519
2024-08-13 10:09:59,40850.0,100,Sell,231150566
2024-08-13 10:10:06,40850.0,100,Sell,231150866
2024-08-13 10:11:08,40900.0,100,Buy,231152577
2024-08-13 10:11:18,40850.0,100,Sell,231152814
2024-08-13 10:11:18,40850.0,1000,Sell,231152815
2024-08-13 10:11:18,40850.0,1300,Sell,231152816
2024-08-13 10:11:36,40850.0,1300,Sell,231153120
2024-08-13 10:11:36,40850.0,3700,Sell,231153119
2024-08-13 10:11:42,40850.0,100,Sell,231153257
2024-08-13 10:11:45,40850.0,1300,Sell,231153319
2024-08-13 10:12:04,40850.0,700,Sell,231153567
2024-08-13 10:12:11,40850.0,1600,Sell,231153737
2024-08-13 10:12:11,40850.0,100,Sell,231153738
2024-08-13 10:12:11,40850.0,100,Sell,231153739
2024-08-13 10:12:11,40850.0,200,Sell,231153740
2024-08-13 10:12:27,40850.0,100,Sell,231154146
2024-08-13 10:12:32,40850.0,100,Sell,231154246
2024-08-13 10:12:32,40850.0,400,Sell,231154247
2024-08-13 10:12:32,40900.0,100,Buy,231154250
2024-08-13 10:12:35,40850.0,2700,Sell,231154337
2024-08-13 10:12:35,40850.0,200,Sell,231154336
2024-08-13 10:12:35,40850.0,100,Sell,231154332
2024-08-13 10:12:35,40850.0,200,Sell,231154334
2024-08-13 10:12:35,40850.0,100,Sell,231154333
2024-08-13 10:12:35,40850.0,200,Sell,231154335
2024-08-13 10:12:47,40850.0,200,Sell,231154537
2024-08-13 10:13:16,40900.0,300,Buy,231155012
2024-08-13 10:13:21,40850.0,100,Sell,231155172
2024-08-13 10:13:21,40850.0,200,Sell,231155173
2024-08-13 10:13:21,40850.0,400,Sell,231155174
2024-08-13 10:13:32,40850.0,100,Sell,231155383
2024-08-13 10:13:39,40850.0,200,Sell,231155494
2024-08-13 10:13:39,40850.0,100,Sell,231155495
2024-08-13 10:13:39,40850.0,100,Sell,231155496
2024-08-13 10:13:39,40850.0,2000,Sell,231155497
2024-08-13 10:13:39,40850.0,600,Sell,231155498
2024-08-13 10:13:54,40850.0,6400,Sell,231155788
2024-08-13 10:14:00,40800.0,2000,Sell,231155910
2024-08-13 10:14:00,40800.0,500,Sell,231155909
2024-08-13 10:14:00,40800.0,100,Sell,231155908
2024-08-13 10:14:00,40800.0,100,Sell,231155907
2024-08-13 10:14:00,40800.0,100,Sell,231155906
2024-08-13 10:14:00,40800.0,500,Sell,231155905
2024-08-13 10:14:00,40800.0,100,Sell,231155904
2024-08-13 10:14:00,40800.0,5000,Sell,231155903
2024-08-13 10:14:00,40800.0,500,Sell,231155901
2024-08-13 10:14:00,40800.0,1000,Sell,231155902
2024-08-13 10:14:00,40800.0,1000,Sell,231155911
2024-08-13 10:14:00,40800.0,1000,Sell,231155900
2024-08-13 10:14:00,40800.0,500,Sell,231155895
2024-08-13 10:14:00,40800.0,100,Sell,231155898
2024-08-13 10:14:00,40800.0,3000,Sell,231155886
2024-08-13 10:14:00,40800.0,100,Sell,231155887
2024-08-13 10:14:00,40800.0,200,Sell,231155899
2024-08-13 10:14:00,40800.0,500,Sell,231155889
2024-08-13 10:14:00,40800.0,100,Sell,231155890
2024-08-13 10:14:00,40800.0,200,Sell,231155888
2024-08-13 10:14:00,40800.0,100,Sell,231155892
2024-08-13 10:14:00,40800.0,100,Sell,231155893
2024-08-13 10:14:00,40800.0,1000,Sell,231155894
2024-08-13 10:14:00,40800.0,1000,Sell,231155896
2024-08-13 10:14:00,40800.0,100,Sell,231155897
2024-08-13 10:14:00,40800.0,1000,Sell,231155891
2024-08-13 10:14:01,40800.0,200,Buy,231155934
2024-08-13 10:14:04,40800.0,200,Buy,231155974
2024-08-13 10:14:10,40750.0,100,Sell,231156055
2024-08-13 10:14:10,40750.0,200,Sell,231156057
2024-08-13 10:14:10,40750.0,200,Sell,231156056
2024-08-13 10:14:10,40750.0,100,Sell,231156054
2024-08-13 10:14:10,40750.0,2900,Sell,231156058
2024-08-13 10:14:10,40750.0,100,Sell,231156052
2024-08-13 10:14:10,40750.0,1000,Sell,231156049
2024-08-13 10:14:10,40750.0,100,Sell,231156053
2024-08-13 10:14:10,40750.0,100,Sell,231156051
2024-08-13 10:14:10,40750.0,200,Sell,231156050
2024-08-13 10:14:11,40800.0,600,Buy,231156070
2024-08-13 10:14:19,40800.0,100,Buy,231156168
2024-08-13 10:14:19,40750.0,2000,Sell,231156170
2024-08-13 10:14:36,40750.0,100,Sell,231156551
2024-08-13 10:14:38,40750.0,200,Sell,231156586
2024-08-13 10:14:41,40750.0,300,Buy,231156613
2024-08-13 10:14:46,40700.0,300,Sell,231156744
2024-08-13 10:14:46,40750.0,500,Buy,231156758
2024-08-13 10:14:59,40750.0,100,Buy,231156960
2024-08-13 10:15:01,40750.0,100,Buy,231156987
2024-08-13 10:15:06,40750.0,1000,Buy,231157199
2024-08-13 10:15:06,40750.0,100,Buy,231157198
2024-08-13 10:15:10,40750.0,100,Buy,231157247
2024-08-13 10:15:12,40750.0,300,Buy,231157299
2024-08-13 10:15:12,40750.0,200,Buy,231157300
2024-08-13 10:15:13,40750.0,200,Buy,231157321
2024-08-13 10:15:14,40750.0,200,Buy,231157349
2024-08-13 10:15:25,40750.0,100,Buy,231157535
2024-08-13 10:15:25,40750.0,100,Buy,231157536
2024-08-13 10:15:36,40750.0,400,Buy,231157759
2024-08-13 10:15:36,40750.0,1000,Buy,231157760
2024-08-13 10:15:36,40750.0,1000,Buy,231157761
2024-08-13 10:16:06,40750.0,500,Sell,231158384
2024-08-13 10:16:15,40750.0,100,Sell,231158543
2024-08-13 10:16:29,40750.0,100,Sell,231158777
2024-08-13 10:16:34,40750.0,500,Sell,231158875
2024-08-13 10:16:43,40750.0,1000,Sell,231159007
2024-08-13 10:16:56,40800.0,900,Buy,231159203
2024-08-13 10:16:58,40750.0,1400,Sell,231159243
2024-08-13 10:16:58,40750.0,200,Sell,231159244
2024-08-13 10:16:58,40750.0,200,Sell,231159245
2024-08-13 10:16:58,40750.0,1200,Sell,231159246
2024-08-13 10:16:59,40800.0,500,Buy,231159309
2024-08-13 10:17:06,40800.0,1000,Buy,231159489
2024-08-13 10:17:06,40800.0,600,Buy,231159490
2024-08-13 10:17:06,40800.0,100,Buy,231159487
2024-08-13 10:17:06,40800.0,500,Buy,231159488
2024-08-13 10:17:26,40800.0,100,Sell,231159925
2024-08-13 10:17:47,40800.0,100,Sell,231160273
2024-08-13 10:17:50,40800.0,100,Sell,231160331
2024-08-13 10:18:04,40800.0,100,Sell,231160604
2024-08-13 10:18:31,40800.0,500,Sell,231161238
2024-08-13 10:18:31,40800.0,200,Sell,231161239
2024-08-13 10:18:31,40800.0,500,Sell,231161240
2024-08-13 10:18:31,40800.0,100,Sell,231161241
2024-08-13 10:18:31,40800.0,100,Sell,231161242
2024-08-13 10:18:31,40800.0,500,Sell,231161243
2024-08-13 10:18:31,40800.0,200,Sell,231161244
2024-08-13 10:18:31,40800.0,1400,Sell,231161245
2024-08-13 10:18:48,40800.0,100,Sell,231161612
2024-08-13 10:18:48,40800.0,100,Sell,231161611
2024-08-13 10:18:57,40800.0,400,Sell,231161774
2024-08-13 10:19:14,40850.0,100,Buy,231162110
2024-08-13 10:19:16,40850.0,100,Buy,231162149
2024-08-13 10:20:14,40850.0,3000,Buy,231163076
2024-08-13 10:20:20,40800.0,100,Sell,231163237
2024-08-13 10:20:47,40800.0,100,Sell,231163752
2024-08-13 10:20:47,40800.0,300,Sell,231163753
2024-08-13 10:20:49,40850.0,100,Buy,231163792
2024-08-13 10:20:50,40800.0,200,Sell,231163809
2024-08-13 10:20:50,40800.0,500,Sell,231163810
2024-08-13 10:20:50,40800.0,100,Sell,231163811
2024-08-13 10:20:59,40850.0,500,Buy,231163955
2024-08-13 10:21:16,40850.0,300,Buy,231164241
2024-08-13 10:21:29,40850.0,100,Buy,231164536
2024-08-13 10:21:51,40850.0,100,Buy,231164878
2024-08-13 10:22:02,40850.0,100,Buy,231165011
2024-08-13 10:22:20,40850.0,1000,Buy,231165352
2024-08-13 10:22:36,40800.0,2000,Sell,231165563
2024-08-13 10:22:57,40850.0,100,Buy,231165838
2024-08-13 10:23:08,40800.0,1000,Sell,231166001
2024-08-13 10:24:29,40800.0,1000,Sell,231166999
2024-08-13 10:24:29,40800.0,300,Sell,231166998
2024-08-13 10:24:29,40800.0,200,Sell,231166996
2024-08-13 10:24:29,40800.0,1000,Sell,231166997
2024-08-13 10:24:29,40800.0,200,Sell,231166994
2024-08-13 10:24:29,40800.0,100,Sell,231166993
2024-08-13 10:24:29,40800.0,200,Sell,231166992
2024-08-13 10:24:29,40800.0,1900,Sell,231166991
2024-08-13 10:24:29,40800.0,100,Sell,231166995
2024-08-13 10:24:39,40800.0,100,Sell,231167122
2024-08-13 10:25:23,40800.0,1000,Sell,231167739
2024-08-13 10:25:38,40800.0,200,Sell,231167970
2024-08-13 10:26:12,40800.0,100,Sell,231168648
2024-08-13 10:26:33,40800.0,5000,Sell,231168955
2024-08-13 10:28:02,40750.0,1000,Sell,231170583
2024-08-13 10:28:02,40750.0,2000,Sell,231170584
2024-08-13 10:28:02,40750.0,2000,Sell,231170585
2024-08-13 10:28:02,40750.0,100,Sell,231170586
2024-08-13 10:28:02,40750.0,100,Sell,231170588
2024-08-13 10:28:02,40750.0,100,Sell,231170581
2024-08-13 10:28:02,40750.0,300,Sell,231170582
2024-08-13 10:28:02,40750.0,200,Sell,231170589
2024-08-13 10:28:02,40700.0,100,Sell,231170595
2024-08-13 10:28:02,40700.0,100,Sell,231170592
2024-08-13 10:28:02,40700.0,100,Sell,231170593
2024-08-13 10:28:02,40700.0,1500,Sell,231170594
2024-08-13 10:28:02,40700.0,100,Sell,231170596
2024-08-13 10:28:02,40700.0,500,Sell,231170597
2024-08-13 10:28:02,40700.0,100,Sell,231170598
2024-08-13 10:28:02,40700.0,300,Sell,231170599
2024-08-13 10:28:02,40700.0,300,Sell,231170600
2024-08-13 10:28:02,40700.0,1000,Sell,231170591
2024-08-13 10:28:02,40750.0,200,Sell,231170580
2024-08-13 10:28:02,40700.0,200,Sell,231170590
2024-08-13 10:28:02,40750.0,500,Sell,231170578
2024-08-13 10:28:02,40750.0,100,Sell,231170579
2024-08-13 10:28:02,40800.0,2600,Sell,231170559
2024-08-13 10:28:02,40800.0,100,Sell,231170560
2024-08-13 10:28:02,40800.0,100,Sell,231170561
2024-08-13 10:28:02,40800.0,100,Sell,231170562
2024-08-13 10:28:02,40800.0,200,Sell,231170563
2024-08-13 10:28:02,40800.0,200,Sell,231170564
2024-08-13 10:28:02,40800.0,2000,Sell,231170565
2024-08-13 10:28:02,40800.0,100,Sell,231170566
2024-08-13 10:28:02,40800.0,300,Sell,231170567
2024-08-13 10:28:02,40750.0,100,Sell,231170587
2024-08-13 10:28:02,40800.0,1000,Sell,231170568
2024-08-13 10:28:02,40750.0,500,Sell,231170576
2024-08-13 10:28:02,40750.0,500,Sell,231170575
2024-08-13 10:28:02,40750.0,800,Sell,231170574
2024-08-13 10:28:02,40800.0,200,Sell,231170573
2024-08-13 10:28:02,40750.0,5000,Sell,231170577
2024-08-13 10:28:02,40800.0,900,Sell,231170571
2024-08-13 10:28:02,40800.0,100,Sell,231170570
2024-08-13 10:28:02,40800.0,500,Sell,231170569
2024-08-13 10:28:02,40800.0,600,Sell,231170572
2024-08-13 10:28:29,40700.0,100,Sell,231171014
2024-08-13 10:29:04,40700.0,100,Sell,231171504
2024-08-13 10:29:25,40700.0,3300,Sell,231171904
2024-08-13 10:29:25,40700.0,300,Sell,231171903
2024-08-13 10:29:25,40700.0,200,Sell,231171902
2024-08-13 10:29:25,40700.0,100,Sell,231171901
2024-08-13 10:29:25,40700.0,2000,Sell,231171900
2024-08-13 10:29:25,40700.0,100,Sell,231171899
2024-08-13 10:29:25,40700.0,1000,Sell,231171898
2024-08-13 10:29:25,40700.0,100,Sell,231171895
2024-08-13 10:29:25,40700.0,100,Sell,231171896
2024-08-13 10:29:25,40700.0,500,Sell,231171894
2024-08-13 10:29:25,40700.0,100,Sell,231171893
2024-08-13 10:29:25,40700.0,500,Sell,231171891
2024-08-13 10:29:25,40700.0,200,Sell,231171890
2024-08-13 10:29:25,40700.0,200,Sell,231171897
2024-08-13 10:29:25,40700.0,2000,Sell,231171892
2024-08-13 10:29:35,40700.0,100,Sell,231172036
2024-08-13 10:30:50,40750.0,500,Sell,231173073
2024-08-13 10:31:10,40750.0,200,Sell,231173392
2024-08-13 10:31:28,40800.0,100,Buy,231173689
2024-08-13 10:31:38,40750.0,300,Sell,231173818
2024-08-13 10:31:38,40750.0,200,Sell,231173819
2024-08-13 10:31:38,40750.0,200,Sell,231173820
2024-08-13 10:31:44,40750.0,100,Buy,231173912
2024-08-13 10:31:47,40750.0,1000,Buy,231173967
2024-08-13 10:32:09,40700.0,1600,Sell,231174326
2024-08-13 10:32:09,40700.0,100,Sell,231174327
2024-08-13 10:32:09,40700.0,100,Sell,231174328
2024-08-13 10:32:09,40700.0,300,Sell,231174329
2024-08-13 10:32:09,40700.0,200,Sell,231174330
2024-08-13 10:32:09,40700.0,100,Sell,231174331
2024-08-13 10:32:31,40700.0,300,Sell,231174662
2024-08-13 10:32:31,40700.0,900,Sell,231174661
2024-08-13 10:33:18,40700.0,200,Sell,231175348
2024-08-13 10:33:22,40700.0,100,Sell,231175417
2024-08-13 10:33:35,40700.0,900,Sell,231175736
2024-08-13 10:33:35,40700.0,1000,Sell,231175737
2024-08-13 10:33:35,40700.0,100,Sell,231175738
2024-08-13 10:33:35,40700.0,100,Sell,231175739
2024-08-13 10:33:35,40700.0,200,Sell,231175740
2024-08-13 10:33:35,40700.0,300,Sell,231175741
2024-08-13 10:33:35,40700.0,500,Sell,231175742
2024-08-13 10:33:35,40700.0,100,Sell,231175743
2024-08-13 10:33:43,40700.0,300,Sell,231175966
2024-08-13 10:33:50,40700.0,1500,Sell,231176180
2024-08-13 10:33:50,40700.0,600,Sell,231176177
2024-08-13 10:33:50,40700.0,100,Sell,231176178
2024-08-13 10:33:50,40700.0,300,Sell,231176179
2024-08-13 10:34:05,40700.0,100,Sell,231176384
2024-08-13 10:34:09,40700.0,1500,Sell,231176431
2024-08-13 10:34:40,40750.0,5000,Buy,231176863
2024-08-13 10:34:53,40750.0,100,Buy,231177070
2024-08-13 10:34:59,40750.0,100,Buy,231177172
2024-08-13 10:35:21,40750.0,100,Buy,231177583
2024-08-13 10:35:23,40750.0,1000,Buy,231177629
2024-08-13 10:36:31,40750.0,1500,Buy,231178642
2024-08-13 10:36:33,40750.0,200,Buy,231178661
2024-08-13 10:36:37,40750.0,100,Buy,231178694
2024-08-13 10:36:39,40750.0,100,Buy,231178713
2024-08-13 10:36:53,40750.0,1000,Buy,231179013
2024-08-13 10:37:16,40750.0,500,Buy,231179375
2024-08-13 10:37:21,40750.0,100,Buy,231179423
2024-08-13 10:37:31,40750.0,100,Buy,231179577
2024-08-13 10:37:33,40750.0,200,Buy,231179629
2024-08-13 10:37:33,40700.0,100,Sell,231179630
2024-08-13 10:37:35,40750.0,500,Buy,231179649
2024-08-13 10:37:36,40750.0,1200,Buy,231179684
2024-08-13 10:37:36,40750.0,500,Buy,231179685
2024-08-13 10:37:36,40750.0,100,Buy,231179686
2024-08-13 10:37:36,40750.0,100,Buy,231179687
2024-08-13 10:37:36,40750.0,500,Buy,231179688
2024-08-13 10:37:36,40750.0,300,Buy,231179689
2024-08-13 10:37:41,40750.0,100,Sell,231179755
2024-08-13 10:37:43,40750.0,100,Buy,231179783
2024-08-13 10:37:46,40750.0,500,Buy,231179831
2024-08-13 10:37:53,40750.0,100,Buy,231179970
2024-08-13 10:38:04,40700.0,500,Sell,231180123
2024-08-13 10:38:05,40750.0,500,Buy,231180128
2024-08-13 10:38:42,40750.0,100,Buy,231180664
2024-08-13 10:38:49,40750.0,100,Buy,231180782
2024-08-13 10:39:31,40750.0,100,Buy,231181428
2024-08-13 10:39:39,40750.0,200,Buy,231181539
2024-08-13 10:40:06,40750.0,100,Buy,231181977
2024-08-13 10:40:33,40750.0,100,Buy,231182901
2024-08-13 10:40:38,40700.0,100,Sell,231182965
2024-08-13 10:40:44,40700.0,500,Sell,231183023
2024-08-13 10:41:10,40700.0,100,Sell,231183504
2024-08-13 10:41:35,40750.0,1500,Buy,231183880
2024-08-13 10:41:38,40700.0,200,Sell,231183909
2024-08-13 10:42:06,40700.0,400,Sell,231184641
2024-08-13 10:42:06,40700.0,200,Sell,231184642
2024-08-13 10:42:06,40700.0,100,Sell,231184643
2024-08-13 10:42:06,40700.0,500,Sell,231184644
2024-08-13 10:42:06,40700.0,800,Sell,231184645
2024-08-13 10:42:07,40700.0,100,Sell,231184669
2024-08-13 10:42:22,40700.0,1100,Sell,231185147
2024-08-13 10:42:22,40700.0,100,Sell,231185148
2024-08-13 10:42:28,40700.0,200,Sell,231185259
2024-08-13 10:42:28,40700.0,900,Sell,231185258
2024-08-13 10:42:35,40750.0,100,Buy,231185402
2024-08-13 10:42:36,40700.0,200,Sell,231185445
2024-08-13 10:42:52,40700.0,2300,Sell,231185764
2024-08-13 10:42:58,40700.0,100,Sell,231185899
2024-08-13 10:43:09,40750.0,100,Buy,231186122
2024-08-13 10:43:38,40750.0,1000,Buy,231186727
2024-08-13 10:43:55,40750.0,300,Buy,231187081
2024-08-13 10:43:59,40750.0,100,Buy,231187125
2024-08-13 10:44:02,40750.0,2000,Buy,231187174
2024-08-13 10:44:13,40700.0,500,Sell,231187359
2024-08-13 10:44:13,40700.0,400,Sell,231187358
2024-08-13 10:44:13,40700.0,100,Sell,231187357
2024-08-13 10:44:13,40700.0,200,Sell,231187356
2024-08-13 10:44:13,40700.0,100,Sell,231187353
2024-08-13 10:44:13,40700.0,300,Sell,231187355
2024-08-13 10:44:13,40700.0,100,Sell,231187351
2024-08-13 10:44:13,40700.0,100,Sell,231187350
2024-08-13 10:44:13,40700.0,100,Sell,231187349
2024-08-13 10:44:13,40700.0,5000,Sell,231187348
2024-08-13 10:44:13,40700.0,200,Sell,231187347
2024-08-13 10:44:13,40700.0,1200,Sell,231187346
2024-08-13 10:44:13,40700.0,100,Sell,231187352
2024-08-13 10:44:13,40700.0,500,Sell,231187354
2024-08-13 10:44:19,40700.0,100,Sell,231187440
2024-08-13 10:44:22,40700.0,1000,Sell,231187494
2024-08-13 10:44:45,40700.0,400,Sell,231188101
2024-08-13 10:44:45,40700.0,900,Sell,231188105
2024-08-13 10:44:45,40700.0,100,Sell,231188104
2024-08-13 10:44:45,40700.0,100,Sell,231188103
2024-08-13 10:44:45,40700.0,100,Sell,231188102
2024-08-13 10:44:45,40700.0,100,Sell,231188099
2024-08-13 10:44:45,40700.0,1000,Sell,231188098
2024-08-13 10:44:45,40700.0,100,Sell,231188097
2024-08-13 10:44:45,40700.0,1000,Sell,231188096
2024-08-13 10:44:45,40700.0,500,Sell,231188095
2024-08-13 10:44:45,40700.0,400,Sell,231188094
2024-08-13 10:44:45,40700.0,200,Sell,231188100
2024-08-13 10:44:50,40700.0,100,Sell,231188194
2024-08-13 10:44:50,40700.0,900,Sell,231188195
2024-08-13 10:44:59,40700.0,100,Sell,231188337
2024-08-13 10:44:59,40700.0,100,Sell,231188341
2024-08-13 10:44:59,40700.0,100,Sell,231188342
2024-08-13 10:45:05,40700.0,200,Sell,231188470
2024-08-13 10:45:05,40700.0,200,Sell,231188471
2024-08-13 10:45:12,40700.0,1000,Sell,231188691
2024-08-13 10:45:12,40700.0,800,Sell,231188688
2024-08-13 10:45:12,40700.0,1000,Sell,231188689
2024-08-13 10:45:12,40700.0,100,Sell,231188690
2024-08-13 10:45:26,40700.0,100,Buy,231188957
2024-08-13 10:45:59,40700.0,200,Buy,231190020
2024-08-13 10:46:02,40700.0,500,Buy,231190090
2024-08-13 10:46:42,40650.0,100,Sell,231191147
2024-08-13 10:46:42,40650.0,400,Sell,231191148
2024-08-13 10:46:43,40650.0,600,Sell,231191163
2024-08-13 10:46:43,40650.0,200,Sell,231191162
2024-08-13 10:46:43,40650.0,100,Sell,231191161
2024-08-13 10:46:43,40650.0,100,Sell,231191160
2024-08-13 10:46:43,40650.0,100,Sell,231191158
2024-08-13 10:46:43,40650.0,100,Sell,231191159
2024-08-13 10:46:43,40650.0,1800,Sell,231191157
2024-08-13 10:47:07,40650.0,900,Sell,231192031
2024-08-13 10:47:07,40650.0,100,Sell,231192032
2024-08-13 10:47:07,40650.0,200,Sell,231192033
2024-08-13 10:47:07,40650.0,100,Sell,231192034
2024-08-13 10:47:07,40650.0,200,Sell,231192035
2024-08-13 10:47:07,40650.0,1500,Sell,231192036
2024-08-13 10:47:08,40650.0,200,Sell,231192059
2024-08-13 10:47:08,40650.0,100,Sell,231192060
2024-08-13 10:47:08,40650.0,100,Sell,231192061
2024-08-13 10:47:08,40650.0,200,Sell,231192062
2024-08-13 10:47:08,40650.0,600,Sell,231192063
2024-08-13 10:47:08,40650.0,300,Sell,231192064
2024-08-13 10:47:08,40650.0,100,Sell,231192065
2024-08-13 10:47:08,40650.0,3500,Sell,231192058
2024-08-13 10:47:22,40650.0,1000,Buy,231192297
2024-08-13 10:47:29,40600.0,500,Sell,231192436
2024-08-13 10:47:30,40600.0,2000,Sell,231192449
2024-08-13 10:47:34,40600.0,800,Sell,231192508
2024-08-13 10:47:34,40600.0,2000,Sell,231192510
2024-08-13 10:47:34,40600.0,200,Sell,231192511
2024-08-13 10:47:34,40600.0,100,Sell,231192512
2024-08-13 10:47:34,40600.0,400,Sell,231192513
2024-08-13 10:47:34,40600.0,500,Sell,231192514
2024-08-13 10:47:34,40600.0,1000,Sell,231192515
2024-08-13 10:47:39,40600.0,100,Sell,231192648
2024-08-13 10:47:39,40600.0,600,Sell,231192654
2024-08-13 10:47:39,40600.0,3000,Sell,231192653
2024-08-13 10:47:39,40600.0,100,Sell,231192652
2024-08-13 10:47:39,40600.0,200,Sell,231192651
2024-08-13 10:47:39,40600.0,200,Sell,231192650
2024-08-13 10:47:39,40600.0,1000,Sell,231192649
2024-08-13 10:47:39,40600.0,200,Sell,231192647
2024-08-13 10:47:39,40600.0,100,Sell,231192637
2024-08-13 10:47:39,40600.0,200,Sell,231192645
2024-08-13 10:47:39,40600.0,100,Sell,231192644
2024-08-13 10:47:39,40600.0,100,Sell,231192643
2024-08-13 10:47:39,40600.0,500,Sell,231192642
2024-08-13 10:47:39,40600.0,1000,Sell,231192641
2024-08-13 10:47:39,40600.0,200,Sell,231192640
2024-08-13 10:47:39,40600.0,100,Sell,231192639
2024-08-13 10:47:39,40600.0,2200,Sell,231192638
2024-08-13 10:47:39,40600.0,100,Sell,231192646
2024-08-13 10:47:40,40600.0,400,Sell,231192668
2024-08-13 10:47:40,40600.0,100,Sell,231192669
2024-08-13 10:47:46,40600.0,100,Buy,231192799
2024-08-13 10:47:46,40650.0,1400,Buy,231192800
2024-08-13 10:47:46,40650.0,1500,Buy,231192801
2024-08-13 10:47:56,40600.0,100,Buy,231193007
2024-08-13 10:48:05,40600.0,100,Buy,231193194
2024-08-13 10:48:08,40600.0,1000,Buy,231193252
2024-08-13 10:48:26,40550.0,600,Sell,231193701
2024-08-13 10:48:26,40550.0,100,Sell,231193699
2024-08-13 10:48:26,40550.0,300,Sell,231193700
2024-08-13 10:48:30,40600.0,2000,Buy,231193815
2024-08-13 10:48:32,40600.0,1000,Buy,231193836
2024-08-13 10:48:44,40600.0,200,Buy,231194159
2024-08-13 10:48:44,40600.0,800,Buy,231194158
2024-08-13 10:48:48,40600.0,100,Buy,231194255
2024-08-13 10:49:04,40550.0,1200,Sell,231194525
2024-08-13 10:49:04,40550.0,5000,Sell,231194524
2024-08-13 10:49:04,40550.0,500,Sell,231194523
2024-08-13 10:49:04,40550.0,2000,Sell,231194522
2024-08-13 10:49:04,40550.0,4400,Sell,231194517
2024-08-13 10:49:04,40550.0,400,Sell,231194520
2024-08-13 10:49:04,40550.0,100,Sell,231194519
2024-08-13 10:49:04,40550.0,500,Sell,231194518
2024-08-13 10:49:04,40550.0,200,Sell,231194521
2024-08-13 10:49:07,40600.0,100,Buy,231194559
2024-08-13 10:49:11,40550.0,500,Sell,231194686
2024-08-13 10:49:11,40550.0,2000,Sell,231194684
2024-08-13 10:49:11,40550.0,3800,Sell,231194683
2024-08-13 10:49:11,40550.0,500,Sell,231194685
2024-08-13 10:49:15,40550.0,3000,Buy,231194761
2024-08-13 10:49:19,40550.0,200,Buy,231194921
2024-08-13 10:49:23,40550.0,500,Sell,231195003
2024-08-13 10:49:30,40550.0,2000,Sell,231195148
2024-08-13 10:49:35,40600.0,100,Buy,231195242
2024-08-13 10:49:41,40550.0,1400,Sell,231195352
2024-08-13 10:49:43,40550.0,200,Sell,231195387
2024-08-13 10:49:43,40550.0,1300,Sell,231195388
2024-08-13 10:49:43,40550.0,500,Sell,231195386
2024-08-13 10:49:43,40550.0,500,Sell,231195384
2024-08-13 10:49:43,40550.0,900,Sell,231195382
2024-08-13 10:49:43,40550.0,500,Sell,231195385
2024-08-13 10:49:43,40550.0,100,Sell,231195383
2024-08-13 10:49:46,40600.0,1000,Buy,231195517
2024-08-13 10:50:01,40550.0,600,Sell,231195856
2024-08-13 10:50:24,40600.0,200,Buy,231196288
2024-08-13 10:50:27,40550.0,100,Sell,231196336
2024-08-13 10:50:27,40550.0,200,Sell,231196337
2024-08-13 10:50:27,40550.0,300,Sell,231196338
2024-08-13 10:50:33,40600.0,100,Buy,231196423
2024-08-13 10:50:34,40600.0,2500,Buy,231196445
2024-08-13 10:50:34,40550.0,200,Sell,231196448
2024-08-13 10:50:38,40550.0,500,Sell,231196570
2024-08-13 10:50:38,40600.0,200,Buy,231196575
2024-08-13 10:50:41,40600.0,400,Buy,231196628
2024-08-13 10:50:41,40600.0,4600,Buy,231196627
2024-08-13 10:50:42,40600.0,600,Buy,231196647
2024-08-13 10:50:42,40600.0,100,Buy,231196648
2024-08-13 10:50:42,40600.0,1000,Buy,231196649
2024-08-13 10:50:42,40600.0,300,Buy,231196650
2024-08-13 10:50:43,40600.0,700,Buy,231196676
2024-08-13 10:50:43,40600.0,300,Buy,231196677
2024-08-13 10:50:43,40600.0,300,Buy,231196678
2024-08-13 10:50:53,40600.0,100,Sell,231196827
2024-08-13 10:50:53,40600.0,200,Sell,231196826
2024-08-13 10:51:06,40600.0,300,Sell,231197141
2024-08-13 10:51:06,40600.0,500,Sell,231197140
2024-08-13 10:51:08,40600.0,200,Buy,231197186
2024-08-13 10:51:13,40600.0,2500,Sell,231197268
2024-08-13 10:51:13,40600.0,300,Sell,231197267
2024-08-13 10:51:13,40600.0,100,Sell,231197269
2024-08-13 10:51:17,40600.0,100,Buy,231197326
2024-08-13 10:51:20,40600.0,200,Sell,231197368
2024-08-13 10:51:52,40650.0,100,Buy,231197916
2024-08-13 10:51:58,40650.0,200,Buy,231198075
2024-08-13 10:52:06,40650.0,500,Buy,231198263
2024-08-13 10:52:11,40650.0,300,Buy,231198351
2024-08-13 10:52:12,40650.0,2400,Buy,231198359
2024-08-13 10:52:12,40650.0,200,Buy,231198360
2024-08-13 10:52:13,40650.0,100,Buy,231198368
2024-08-13 10:52:17,40650.0,2000,Buy,231198435
2024-08-13 10:52:21,40650.0,200,Buy,231198500
2024-08-13 10:52:22,40650.0,100,Buy,231198537
2024-08-13 10:52:22,40650.0,2500,Buy,231198536
2024-08-13 10:52:28,40650.0,100,Sell,231198616
2024-08-13 10:53:25,40650.0,200,Sell,231199589
2024-08-13 10:53:25,40650.0,1000,Sell,231199592
2024-08-13 10:53:44,40650.0,700,Sell,231199891
2024-08-13 10:53:44,40650.0,1000,Sell,231199892
2024-08-13 10:53:44,40650.0,100,Sell,231199893
2024-08-13 10:53:44,40650.0,1900,Sell,231199894
2024-08-13 10:53:44,40650.0,300,Sell,231199895
2024-08-13 10:53:45,40700.0,300,Buy,231199921
2024-08-13 10:54:12,40700.0,500,Buy,231200427
2024-08-13 10:55:24,40700.0,300,Buy,231201414
2024-08-13 10:55:36,40700.0,1000,Buy,231201551
2024-08-13 10:55:43,40700.0,1000,Buy,231201623
2024-08-13 10:55:51,40650.0,1000,Sell,231201715
2024-08-13 10:55:55,40700.0,100,Buy,231201753
2024-08-13 10:56:15,40700.0,500,Buy,231202050
2024-08-13 10:56:21,40700.0,500,Buy,231202133
2024-08-13 10:56:21,40700.0,2500,Buy,231202134
2024-08-13 10:56:24,40700.0,200,Buy,231202163
2024-08-13 10:56:29,40650.0,200,Sell,231202233
2024-08-13 10:56:32,40700.0,500,Buy,231202291
2024-08-13 10:56:48,40650.0,700,Sell,231202491
2024-08-13 10:56:48,40650.0,100,Sell,231202492
2024-08-13 10:56:48,40650.0,600,Sell,231202493
2024-08-13 10:56:56,40650.0,400,Sell,231202590
2024-08-13 10:56:56,40650.0,200,Sell,231202589
2024-08-13 10:56:56,40650.0,100,Sell,231202588
2024-08-13 10:57:12,40650.0,100,Sell,231202802
2024-08-13 10:57:12,40650.0,100,Sell,231202803
2024-08-13 10:57:53,40650.0,100,Sell,231203568
2024-08-13 10:57:53,40650.0,1000,Sell,231203569
2024-08-13 10:57:53,40650.0,100,Sell,231203570
2024-08-13 10:57:53,40650.0,100,Sell,231203571
2024-08-13 10:57:53,40650.0,100,Sell,231203572
2024-08-13 10:57:53,40650.0,200,Sell,231203573
2024-08-13 10:57:53,40650.0,1400,Sell,231203574
2024-08-13 10:58:01,40650.0,1200,Sell,231203647
2024-08-13 10:58:05,40650.0,200,Sell,231203718
2024-08-13 10:58:26,40650.0,100,Sell,231204088
2024-08-13 10:58:26,40650.0,300,Sell,231204093
2024-08-13 10:58:26,40650.0,100,Sell,231204092
2024-08-13 10:58:26,40650.0,2200,Sell,231204087
2024-08-13 10:58:26,40650.0,100,Sell,231204090
2024-08-13 10:58:26,40650.0,100,Sell,231204091
2024-08-13 10:58:26,40650.0,100,Sell,231204089
2024-08-13 10:58:32,40650.0,2700,Sell,231204164
2024-08-13 10:58:32,40650.0,100,Sell,231204165
2024-08-13 10:58:32,40650.0,500,Sell,231204166
2024-08-13 10:59:07,40650.0,300,Buy,231204702
2024-08-13 10:59:07,40650.0,200,Buy,231204703
2024-08-13 10:59:07,40650.0,200,Buy,231204709
2024-08-13 10:59:42,40650.0,1000,Buy,231205201
2024-08-13 10:59:51,40650.0,100,Buy,231205351
2024-08-13 10:59:53,40650.0,300,Buy,231205400
2024-08-13 11:00:00,40600.0,100,Sell,231205474
2024-08-13 11:00:00,40600.0,300,Sell,231205473
2024-08-13 11:00:04,40650.0,100,Buy,231205533
2024-08-13 11:00:12,40650.0,100,Buy,231205651
2024-08-13 11:00:30,40650.0,500,Buy,231205971
2024-08-13 11:00:30,40650.0,500,Buy,231205972
2024-08-13 11:00:56,40650.0,100,Sell,231206408
2024-08-13 11:00:59,40650.0,100,Sell,231206470
2024-08-13 11:01:03,40650.0,100,Buy,231206521
2024-08-13 11:01:05,40650.0,100,Buy,231206548
2024-08-13 11:01:53,40650.0,400,Sell,231207618
2024-08-13 11:01:53,40650.0,100,Sell,231207619
2024-08-13 11:01:54,40650.0,100,Sell,231207630
2024-08-13 11:02:01,40650.0,200,Sell,231207786
2024-08-13 11:02:11,40650.0,200,Sell,231207957
2024-08-13 11:02:11,40650.0,100,Sell,231207958
2024-08-13 11:02:51,40650.0,500,Sell,231208502
2024-08-13 11:02:57,40600.0,500,Sell,231208609
2024-08-13 11:03:02,40650.0,100,Buy,231208718
2024-08-13 11:03:03,40600.0,3000,Sell,231208739
2024-08-13 11:03:19,40600.0,100,Sell,231208983
2024-08-13 11:03:29,40650.0,2400,Buy,231209150
2024-08-13 11:03:38,40650.0,100,Sell,231209292
2024-08-13 11:03:41,40650.0,1500,Buy,231209334
2024-08-13 11:03:59,40650.0,400,Buy,231209628
2024-08-13 11:03:59,40650.0,1600,Buy,231209629
2024-08-13 11:04:05,40650.0,100,Buy,231209701
2024-08-13 11:05:05,40650.0,100,Buy,231210661
2024-08-13 11:05:07,40650.0,100,Buy,231210691
2024-08-13 11:05:08,40650.0,100,Buy,231210700
2024-08-13 11:05:09,40650.0,100,Buy,231210712
2024-08-13 11:05:11,40650.0,100,Buy,231210738
2024-08-13 11:05:27,40650.0,100,Buy,231210934
2024-08-13 11:05:44,40650.0,100,Buy,231211257
2024-08-13 11:05:46,40600.0,300,Sell,231211277
2024-08-13 11:05:46,40650.0,100,Buy,231211281
2024-08-13 11:05:47,40650.0,100,Buy,231211292
2024-08-13 11:05:50,40650.0,100,Buy,231211319
2024-08-13 11:06:54,40600.0,1000,Sell,231212349
2024-08-13 11:07:00,40600.0,5000,Sell,231212470
2024-08-13 11:07:38,40600.0,200,Sell,231213327
2024-08-13 11:08:11,40600.0,2000,Sell,231213864
2024-08-13 11:08:20,40600.0,200,Sell,231214046
2024-08-13 11:08:46,40600.0,600,Sell,231214450
2024-08-13 11:08:46,40600.0,100,Sell,231214451
2024-08-13 11:08:46,40600.0,800,Sell,231214452
2024-08-13 11:08:58,40600.0,200,Sell,231214662
2024-08-13 11:08:58,40600.0,800,Sell,231214663
2024-08-13 11:09:05,40600.0,1000,Sell,231214741
2024-08-13 11:09:13,40650.0,2000,Buy,231214927
2024-08-13 11:09:13,40650.0,1000,Buy,231214926
2024-08-13 11:09:13,40650.0,1400,Buy,231214928
2024-08-13 11:09:13,40650.0,3000,Buy,231214924
2024-08-13 11:09:13,40650.0,2300,Buy,231214923
2024-08-13 11:09:13,40650.0,300,Buy,231214925
2024-08-13 11:10:18,40650.0,400,Buy,231215809
2024-08-13 11:10:30,40650.0,100,Buy,231215960
2024-08-13 11:10:33,40650.0,300,Buy,231216046
2024-08-13 11:10:49,40650.0,100,Buy,231216230
2024-08-13 11:11:02,40650.0,200,Buy,231216373
2024-08-13 11:11:03,40650.0,100,Buy,231216382
2024-08-13 11:11:14,40600.0,7000,Sell,231216792
2024-08-13 11:11:19,40650.0,1000,Buy,231216853
2024-08-13 11:11:32,40650.0,300,Buy,231217027
2024-08-13 11:11:35,40600.0,3600,Sell,231217076
2024-08-13 11:11:35,40600.0,500,Sell,231217075
2024-08-13 11:11:35,40600.0,2500,Sell,231217074
2024-08-13 11:11:35,40600.0,100,Sell,231217073
2024-08-13 11:11:35,40600.0,100,Sell,231217071
2024-08-13 11:11:35,40600.0,1000,Sell,231217070
2024-08-13 11:11:35,40600.0,500,Sell,231217069
2024-08-13 11:11:35,40600.0,1200,Sell,231217068
2024-08-13 11:11:35,40600.0,500,Sell,231217072
2024-08-13 11:11:44,40600.0,300,Sell,231217227
2024-08-13 11:11:54,40600.0,6000,Sell,231217350
2024-08-13 11:12:01,40600.0,200,Sell,231217618
2024-08-13 11:12:05,40650.0,100,Buy,231217689
2024-08-13 11:12:52,40600.0,200,Sell,231218436
2024-08-13 11:13:13,40600.0,4000,Sell,231218780
2024-08-13 11:13:30,40600.0,100,Sell,231219007
2024-08-13 11:13:30,40600.0,5000,Sell,231219010
2024-08-13 11:13:46,40600.0,200,Sell,231219289
2024-08-13 11:13:46,40600.0,1000,Sell,231219288
2024-08-13 11:13:46,40600.0,600,Sell,231219285
2024-08-13 11:13:46,40600.0,100,Sell,231219286
2024-08-13 11:13:46,40600.0,100,Sell,231219287
2024-08-13 11:14:20,40600.0,200,Sell,231219738
2024-08-13 11:14:27,40600.0,200,Sell,231219866
2024-08-13 11:14:27,40600.0,300,Sell,231219871
2024-08-13 11:14:27,40600.0,200,Sell,231219870
2024-08-13 11:14:27,40600.0,300,Sell,231219869
2024-08-13 11:14:27,40600.0,200,Sell,231219867
2024-08-13 11:14:27,40600.0,1000,Sell,231219865
2024-08-13 11:14:27,40600.0,400,Sell,231219868
2024-08-13 11:14:27,40600.0,200,Sell,231219863
2024-08-13 11:14:27,40600.0,100,Sell,231219859
2024-08-13 11:14:27,40600.0,500,Sell,231219860
2024-08-13 11:14:27,40600.0,500,Sell,231219864
2024-08-13 11:14:27,40600.0,800,Sell,231219858
2024-08-13 11:14:27,40600.0,200,Sell,231219862
2024-08-13 11:14:27,40600.0,100,Sell,231219861
2024-08-13 11:14:55,40600.0,4700,Sell,231220397
2024-08-13 11:14:55,40600.0,200,Sell,231220398
2024-08-13 11:14:55,40600.0,100,Sell,231220399
2024-08-13 11:15:10,40600.0,100,Sell,231220607
2024-08-13 11:15:10,40600.0,100,Sell,231220608
2024-08-13 11:15:10,40600.0,800,Sell,231220609
2024-08-13 11:15:14,40650.0,500,Buy,231220665
2024-08-13 11:15:29,40650.0,200,Buy,231220862
2024-08-13 11:16:02,40650.0,200,Buy,231221521
2024-08-13 11:16:17,40600.0,1600,Sell,231221788
2024-08-13 11:16:17,40600.0,200,Sell,231221786
2024-08-13 11:16:17,40600.0,200,Sell,231221787
2024-08-13 11:16:27,40600.0,400,Sell,231221923
2024-08-13 11:16:45,40600.0,8000,Sell,231222127
2024-08-13 11:16:45,40600.0,200,Sell,231222128
2024-08-13 11:16:45,40600.0,100,Sell,231222129
2024-08-13 11:16:45,40600.0,500,Sell,231222130
2024-08-13 11:16:45,40600.0,1000,Sell,231222131
2024-08-13 11:16:45,40600.0,100,Sell,231222132
2024-08-13 11:16:45,40600.0,100,Sell,231222133
2024-08-13 11:17:11,40650.0,800,Buy,231222585
2024-08-13 11:17:11,40650.0,100,Buy,231222584
2024-08-13 11:17:13,40600.0,4300,Sell,231222612
2024-08-13 11:17:27,40600.0,100,Sell,231222773
2024-08-13 11:18:41,40600.0,200,Sell,231224059
2024-08-13 11:18:53,40600.0,700,Sell,231224202
2024-08-13 11:18:53,40600.0,500,Sell,231224203
2024-08-13 11:18:53,40600.0,100,Sell,231224204
2024-08-13 11:18:53,40600.0,500,Sell,231224205
2024-08-13 11:18:53,40600.0,1900,Sell,231224206
2024-08-13 11:19:05,40650.0,100,Buy,231224380
2024-08-13 11:19:19,40600.0,200,Sell,231224538
2024-08-13 11:19:24,40600.0,1000,Sell,231224607
2024-08-13 11:19:24,40600.0,3000,Sell,231224618
2024-08-13 11:19:57,40550.0,300,Sell,231225477
2024-08-13 11:19:57,40550.0,500,Sell,231225476
2024-08-13 11:19:57,40550.0,100,Sell,231225475
2024-08-13 11:19:57,40600.0,500,Sell,231225473
2024-08-13 11:19:57,40550.0,100,Sell,231225474
2024-08-13 11:19:57,40600.0,300,Sell,231225472
2024-08-13 11:19:57,40600.0,200,Sell,231225468
2024-08-13 11:19:57,40600.0,100,Sell,231225470
2024-08-13 11:19:57,40600.0,100,Sell,231225469
2024-08-13 11:19:57,40600.0,100,Sell,231225467
2024-08-13 11:19:57,40600.0,500,Sell,231225466
2024-08-13 11:19:57,40600.0,3900,Sell,231225465
2024-08-13 11:19:57,40600.0,300,Sell,231225471
2024-08-13 11:20:44,40600.0,100,Buy,231226082
2024-08-13 11:20:48,40550.0,400,Sell,231226155
2024-08-13 11:20:48,40550.0,100,Sell,231226154
2024-08-13 11:20:48,40600.0,100,Sell,231226150
2024-08-13 11:20:48,40550.0,1000,Sell,231226152
2024-08-13 11:20:48,40550.0,200,Sell,231226153
2024-08-13 11:20:48,40550.0,200,Sell,231226151
2024-08-13 11:21:08,40600.0,100,Sell,231226389
2024-08-13 11:21:17,40600.0,100,Buy,231226668
2024-08-13 11:21:18,40550.0,100,Sell,231226703
2024-08-13 11:21:18,40550.0,100,Sell,231226702
2024-08-13 11:21:18,40550.0,100,Sell,231226701
2024-08-13 11:21:18,40550.0,200,Sell,231226700
2024-08-13 11:21:18,40550.0,200,Sell,231226699
2024-08-13 11:21:18,40550.0,5000,Sell,231226698
2024-08-13 11:21:18,40550.0,100,Sell,231226697
2024-08-13 11:21:18,40550.0,500,Sell,231226696
2024-08-13 11:21:18,40550.0,5000,Sell,231226695
2024-08-13 11:21:18,40550.0,1000,Sell,231226694
2024-08-13 11:21:18,40550.0,3000,Sell,231226692
2024-08-13 11:21:18,40550.0,1000,Sell,231226691
2024-08-13 11:21:18,40550.0,1000,Sell,231226690
2024-08-13 11:21:18,40550.0,500,Sell,231226689
2024-08-13 11:21:18,40550.0,100,Sell,231226688
2024-08-13 11:21:18,40550.0,100,Sell,231226687
2024-08-13 11:21:18,40550.0,500,Sell,231226686
2024-08-13 11:21:18,40550.0,100,Sell,231226680
2024-08-13 11:21:18,40550.0,400,Sell,231226704
2024-08-13 11:21:18,40550.0,1000,Sell,231226693
2024-08-13 11:21:57,40550.0,300,Sell,231227508
2024-08-13 11:21:57,40550.0,100,Sell,231227507
2024-08-13 11:22:11,40600.0,300,Buy,231227738
2024-08-13 11:22:38,40600.0,100,Buy,231228220
2024-08-13 11:23:00,40600.0,100,Buy,231228613
2024-08-13 11:23:05,40600.0,600,Buy,231228684
2024-08-13 11:23:08,40550.0,100,Sell,231228739
2024-08-13 11:23:15,40600.0,100,Buy,231228892
2024-08-13 11:23:51,40600.0,500,Buy,231229547
2024-08-13 11:23:53,40600.0,100,Buy,231229565
2024-08-13 11:24:10,40600.0,200,Buy,231229819
2024-08-13 11:24:10,40600.0,100,Buy,231229821
2024-08-13 11:24:18,40600.0,100,Buy,231229949
2024-08-13 11:25:15,40600.0,100,Buy,231230812
2024-08-13 11:26:02,40550.0,4100,Sell,231231471
2024-08-13 11:26:02,40550.0,100,Sell,231231468
2024-08-13 11:26:02,40550.0,700,Sell,231231469
2024-08-13 11:26:02,40550.0,100,Sell,231231470
2024-08-13 11:26:21,40550.0,900,Sell,231231694
2024-08-13 11:26:21,40550.0,100,Sell,231231695
2024-08-13 11:26:21,40550.0,200,Sell,231231696
2024-08-13 11:26:50,40550.0,100,Sell,231232206
2024-08-13 11:27:00,40550.0,200,Sell,231232412
2024-08-13 11:27:06,40550.0,300,Sell,231232521
2024-08-13 11:27:14,40550.0,3000,Sell,231232618
2024-08-13 11:27:16,40550.0,500,Sell,231232644
2024-08-13 11:27:38,40550.0,500,Sell,231233017
2024-08-13 11:27:38,40550.0,100,Sell,231233018
2024-08-13 11:27:38,40550.0,100,Sell,231233015
2024-08-13 11:27:38,40550.0,700,Sell,231233014
2024-08-13 11:27:38,40550.0,300,Sell,231233016
2024-08-13 11:27:40,40550.0,100,Sell,231233055
2024-08-13 11:27:45,40550.0,300,Sell,231233149
2024-08-13 11:27:45,40550.0,100,Sell,231233150
2024-08-13 11:27:45,40550.0,500,Sell,231233151
2024-08-13 11:27:45,40550.0,100,Sell,231233152
2024-08-13 11:27:55,40550.0,100,Sell,231233378
2024-08-13 11:28:32,40550.0,500,Sell,231234005
2024-08-13 11:28:32,40550.0,1000,Sell,231234004
2024-08-13 11:28:32,40550.0,200,Sell,231234003
2024-08-13 11:28:32,40550.0,100,Sell,231234002
2024-08-13 11:28:42,40550.0,500,Sell,231234278
2024-08-13 11:28:42,40550.0,100,Sell,231234279
2024-08-13 11:28:49,40550.0,500,Buy,231234364
2024-08-13 11:29:09,40550.0,100,Buy,231234651
2024-08-13 11:29:12,40550.0,200,Buy,231234715
2024-08-13 11:29:33,40550.0,100,Buy,231235304
2024-08-13 12:59:38,40500.0,300,Sell,231235650
2024-08-13 12:59:38,40500.0,100,Sell,231235649
2024-08-13 12:59:38,40500.0,600,Sell,231235648
2024-08-13 12:59:38,40500.0,1000,Sell,231235917
2024-08-13 12:59:38,40500.0,2200,Sell,231235475
2024-08-13 12:59:38,40500.0,3000,Sell,231235474
2024-08-13 12:59:38,40500.0,100,Sell,231235473
2024-08-13 12:59:38,40500.0,100,Sell,231235472
2024-08-13 12:59:38,40500.0,100,Sell,231235476
2024-08-13 12:59:39,40500.0,4300,Sell,231236417
2024-08-13 12:59:39,40500.0,300,Sell,231236416
2024-08-13 12:59:39,40500.0,200,Sell,231236415
2024-08-13 12:59:39,40500.0,500,Sell,231236414
2024-08-13 12:59:39,40500.0,700,Sell,231236413
2024-08-13 12:59:39,40500.0,100,Sell,231236412
2024-08-13 12:59:39,40500.0,3000,Sell,231236411
2024-08-13 12:59:39,40500.0,2000,Sell,231236410
2024-08-13 12:59:39,40550.0,2000,Buy,231236233
2024-08-13 12:59:39,40500.0,3000,Sell,231236232
2024-08-13 12:59:39,40500.0,2000,Sell,231236231
2024-08-13 12:59:40,40500.0,600,Sell,231236827
2024-08-13 12:59:40,40500.0,400,Sell,231236826
2024-08-13 12:59:40,40500.0,500,Sell,231236804
2024-08-13 12:59:40,40500.0,4100,Sell,231236754
2024-08-13 12:59:40,40500.0,400,Sell,231236557
2024-08-13 12:59:40,40500.0,7100,Sell,231236752
2024-08-13 12:59:40,40500.0,2900,Sell,231236631
2024-08-13 12:59:40,40500.0,1800,Sell,231236630
2024-08-13 12:59:40,40500.0,300,Sell,231236629
2024-08-13 12:59:40,40500.0,100,Sell,231236753
2024-08-13 12:59:41,40500.0,100,Sell,231237112
2024-08-13 12:59:41,40500.0,300,Sell,231237113
2024-08-13 12:59:41,40500.0,200,Sell,231237114
2024-08-13 12:59:42,40500.0,1000,Sell,231237249
2024-08-13 12:59:42,40500.0,100,Sell,231237248
2024-08-13 12:59:42,40500.0,200,Sell,231237250
2024-08-13 12:59:42,40500.0,100,Sell,231237246
2024-08-13 12:59:42,40500.0,800,Sell,231237244
2024-08-13 12:59:42,40500.0,300,Sell,231237247
2024-08-13 12:59:42,40500.0,500,Sell,231237245
2024-08-13 12:59:43,40500.0,100,Sell,231237398
2024-08-13 12:59:43,40500.0,14200,Sell,231237420
2024-08-13 12:59:43,40500.0,1000,Sell,231237419
2024-08-13 12:59:43,40500.0,500,Sell,231237418
2024-08-13 12:59:43,40500.0,100,Sell,231237417
2024-08-13 12:59:43,40500.0,1000,Sell,231237416
2024-08-13 12:59:43,40500.0,500,Sell,231237415
2024-08-13 12:59:43,40500.0,100,Sell,231237413
2024-08-13 12:59:43,40500.0,100,Sell,231237411
2024-08-13 12:59:43,40500.0,400,Sell,231237414
2024-08-13 12:59:43,40500.0,200,Sell,231237409
2024-08-13 12:59:43,40500.0,200,Sell,231237408
2024-08-13 12:59:43,40500.0,300,Sell,231237407
2024-08-13 12:59:43,40500.0,100,Sell,231237406
2024-08-13 12:59:43,40500.0,100,Sell,231237405
2024-08-13 12:59:43,40500.0,100,Sell,231237404
2024-08-13 12:59:43,40500.0,500,Sell,231237403
2024-08-13 12:59:43,40500.0,500,Sell,231237402
2024-08-13 12:59:43,40500.0,5000,Sell,231237410
2024-08-13 12:59:43,40500.0,100,Sell,231237412
2024-08-13 12:59:45,40500.0,1000,Sell,231237644
2024-08-13 12:59:45,40500.0,1300,Sell,231237649
2024-08-13 12:59:45,40500.0,100,Sell,231237648
2024-08-13 12:59:45,40500.0,500,Sell,231237647
2024-08-13 12:59:45,40500.0,500,Sell,231237646
2024-08-13 12:59:45,40500.0,100,Sell,231237645
2024-08-13 12:59:45,40500.0,100,Sell,231237642
2024-08-13 12:59:45,40500.0,300,Sell,231237641
2024-08-13 12:59:45,40500.0,200,Sell,231237640
2024-08-13 12:59:45,40500.0,100,Sell,231237628
2024-08-13 12:59:45,40500.0,100,Sell,231237627
2024-08-13 12:59:45,40500.0,100,Sell,231237626
2024-08-13 12:59:45,40500.0,5800,Sell,231237625
2024-08-13 12:59:45,40500.0,100,Sell,231237643
2024-08-13 12:59:46,40500.0,200,Sell,231237805
2024-08-13 12:59:47,40500.0,100,Sell,231238000
2024-08-13 12:59:48,40550.0,500,Buy,231238310
2024-08-13 12:59:49,40450.0,100,Sell,231238479
2024-08-13 12:59:49,40450.0,500,Sell,231238480
2024-08-13 12:59:49,40450.0,200,Sell,231238477
2024-08-13 12:59:49,40400.0,300,Sell,231238483
2024-08-13 12:59:49,40400.0,100,Sell,231238485
2024-08-13 12:59:49,40400.0,400,Sell,231238484
2024-08-13 12:59:49,40450.0,1000,Sell,231238478
2024-08-13 12:59:49,40400.0,100,Sell,231238486
2024-08-13 12:59:49,40400.0,2000,Sell,231238491
2024-08-13 12:59:49,40400.0,20000,Sell,231238488
2024-08-13 12:59:49,40400.0,100,Sell,231238489
2024-08-13 12:59:49,40400.0,200,Sell,231238490
2024-08-13 12:59:49,40400.0,700,Sell,231238492
2024-08-13 12:59:49,40400.0,300,Sell,231238493
2024-08-13 12:59:49,40400.0,200,Sell,231238499
2024-08-13 12:59:49,40400.0,100,Sell,231238500
2024-08-13 12:59:49,40400.0,200,Buy,231238541
2024-08-13 12:59:49,40400.0,100,Sell,231238487
2024-08-13 12:59:49,40450.0,500,Sell,231238476
2024-08-13 12:59:49,40400.0,100,Sell,231238482
2024-08-13 12:59:49,40450.0,2000,Sell,231238474
2024-08-13 12:59:49,40450.0,100,Sell,231238475
2024-08-13 12:59:49,40500.0,100,Sell,231238404
2024-08-13 12:59:49,40500.0,100,Sell,231238405
2024-08-13 12:59:49,40500.0,100,Sell,231238406
2024-08-13 12:59:49,40500.0,200,Sell,231238407
2024-08-13 12:59:49,40500.0,100,Sell,231238408
2024-08-13 12:59:49,40500.0,500,Sell,231238409
2024-08-13 12:59:49,40500.0,1000,Sell,231238410
2024-08-13 12:59:49,40500.0,100,Sell,231238411
2024-08-13 12:59:49,40500.0,2500,Sell,231238412
2024-08-13 12:59:49,40400.0,200,Sell,231238481
2024-08-13 12:59:49,40500.0,1000,Sell,231238414
2024-08-13 12:59:49,40450.0,100,Sell,231238472
2024-08-13 12:59:49,40450.0,100,Sell,231238471
2024-08-13 12:59:49,40450.0,500,Sell,231238470
2024-08-13 12:59:49,40500.0,100,Sell,231238413
2024-08-13 12:59:49,40450.0,100,Sell,231238473
2024-08-13 12:59:49,40500.0,1000,Sell,231238417
2024-08-13 12:59:49,40500.0,100,Sell,231238415
2024-08-13 12:59:49,40450.0,100,Sell,231238469
2024-08-13 12:59:49,40500.0,500,Sell,231238416
2024-08-13 12:59:51,40400.0,200,Buy,231238754
2024-08-13 13:00:02,40350.0,5000,Sell,231240022
2024-08-13 13:00:03,40350.0,100,Sell,231240037
2024-08-13 13:00:06,40350.0,500,Sell,231240188
2024-08-13 13:00:06,40400.0,1000,Buy,231240192
2024-08-13 13:00:08,40350.0,1700,Sell,231240321
2024-08-13 13:00:08,40350.0,100,Sell,231240322
2024-08-13 13:00:08,40350.0,100,Sell,231240323
2024-08-13 13:00:08,40350.0,100,Sell,231240324
2024-08-13 13:00:08,40350.0,700,Sell,231240325
2024-08-13 13:00:08,40350.0,400,Sell,231240326
2024-08-13 13:00:08,40350.0,100,Sell,231240327
2024-08-13 13:00:08,40350.0,100,Sell,231240328
2024-08-13 13:00:18,40350.0,100,Buy,231240644
2024-08-13 13:00:19,40350.0,400,Buy,231240659
2024-08-13 13:00:19,40350.0,1600,Buy,231240658
2024-08-13 13:00:22,40300.0,100,Sell,231240914
2024-08-13 13:00:22,40300.0,900,Sell,231240915
2024-08-13 13:00:22,40300.0,100,Sell,231240958
2024-08-13 13:00:22,40300.0,100,Sell,231240959
2024-08-13 13:00:22,40300.0,500,Sell,231240960
2024-08-13 13:00:22,40300.0,1300,Sell,231240961
2024-08-13 13:00:22,40300.0,100,Sell,231240962
2024-08-13 13:00:28,40300.0,500,Sell,231241113
2024-08-13 13:00:35,40300.0,100,Sell,231241379
2024-08-13 13:00:35,40300.0,100,Sell,231241377
2024-08-13 13:00:35,40300.0,300,Sell,231241376
2024-08-13 13:00:35,40300.0,200,Sell,231241375
2024-08-13 13:00:35,40300.0,100,Sell,231241374
2024-08-13 13:00:35,40300.0,400,Sell,231241365
2024-08-13 13:00:35,40300.0,100,Sell,231241372
2024-08-13 13:00:35,40300.0,500,Sell,231241373
2024-08-13 13:00:35,40300.0,600,Sell,231241369
2024-08-13 13:00:35,40300.0,3100,Sell,231241364
2024-08-13 13:00:35,40300.0,500,Sell,231241371
2024-08-13 13:00:35,40300.0,100,Sell,231241370
2024-08-13 13:00:37,40300.0,200,Sell,231241392
2024-08-13 13:00:37,40300.0,500,Sell,231241393
2024-08-13 13:00:39,40300.0,200,Buy,231241489
2024-08-13 13:00:45,40300.0,100,Buy,231241686
2024-08-13 13:00:45,40300.0,300,Buy,231241687
2024-08-13 13:00:45,40300.0,100,Buy,231241685
2024-08-13 13:00:47,40300.0,700,Buy,231241706
2024-08-13 13:00:47,40300.0,1000,Buy,231241707
2024-08-13 13:01:00,40300.0,100,Sell,231242184
2024-08-13 13:01:01,40300.0,800,Sell,231242267
2024-08-13 13:01:01,40300.0,200,Sell,231242265
2024-08-13 13:01:01,40300.0,1000,Sell,231242266
2024-08-13 13:01:02,40300.0,500,Sell,231242305
2024-08-13 13:01:04,40300.0,300,Sell,231242387
2024-08-13 13:01:04,40300.0,300,Sell,231242388
2024-08-13 13:01:04,40300.0,100,Sell,231242389
2024-08-13 13:01:04,40300.0,100,Sell,231242390
2024-08-13 13:01:04,40300.0,700,Sell,231242386
2024-08-13 13:01:06,40300.0,500,Buy,231242455
2024-08-13 13:01:06,40300.0,800,Buy,231242456
2024-08-13 13:01:07,40300.0,100,Sell,231242500
2024-08-13 13:01:09,40300.0,1000,Sell,231242565
2024-08-13 13:01:11,40300.0,600,Sell,231242665
2024-08-13 13:01:11,40250.0,400,Sell,231242666
2024-08-13 13:01:32,40300.0,1300,Sell,231243490
2024-08-13 13:01:32,40300.0,400,Sell,231243501
2024-08-13 13:01:33,40250.0,2000,Sell,231243573
2024-08-13 13:01:33,40250.0,300,Sell,231243572
2024-08-13 13:01:33,40250.0,100,Sell,231243571
2024-08-13 13:01:33,40300.0,2000,Sell,231243567
2024-08-13 13:01:33,40250.0,900,Sell,231243568
2024-08-13 13:01:33,40300.0,300,Sell,231243566
2024-08-13 13:01:33,40250.0,1600,Sell,231243570
2024-08-13 13:01:53,40300.0,300,Sell,231244359
2024-08-13 13:01:57,40300.0,200,Sell,231244487
2024-08-13 13:01:58,40300.0,100,Sell,231244517
2024-08-13 13:01:58,40300.0,2000,Sell,231244518
2024-08-13 13:01:58,40300.0,400,Sell,231244519
2024-08-13 13:02:00,40350.0,500,Sell,231244577
2024-08-13 13:02:00,40350.0,500,Buy,231244568
2024-08-13 13:02:00,40350.0,15000,Buy,231244566
2024-08-13 13:02:00,40350.0,600,Buy,231244565
2024-08-13 13:02:00,40350.0,500,Buy,231244567
2024-08-13 13:02:02,40350.0,200,Sell,231244602
2024-08-13 13:02:04,40350.0,500,Sell,231244650
2024-08-13 13:02:06,40350.0,500,Sell,231244730
2024-08-13 13:02:07,40350.0,1000,Sell,231244765
2024-08-13 13:02:09,40350.0,700,Sell,231244815
2024-08-13 13:02:09,40350.0,500,Sell,231244830
2024-08-13 13:02:09,40350.0,500,Sell,231244831
2024-08-13 13:02:09,40300.0,100,Sell,231244832
2024-08-13 13:02:09,40300.0,8200,Sell,231244833
2024-08-13 13:02:20,40300.0,500,Sell,231245167
2024-08-13 13:02:20,40300.0,2000,Sell,231245166
2024-08-13 13:02:20,40300.0,500,Sell,231245165
2024-08-13 13:02:20,40350.0,1000,Sell,231245162
2024-08-13 13:02:20,40300.0,1000,Sell,231245163
2024-08-13 13:02:20,40350.0,100,Sell,231245161
2024-08-13 13:02:20,40300.0,500,Sell,231245164
2024-08-13 13:02:21,40350.0,100,Sell,231245209
2024-08-13 13:02:31,40350.0,100,Buy,231245512
2024-08-13 13:02:32,40350.0,1000,Buy,231245546
2024-08-13 13:02:33,40350.0,300,Buy,231245568
2024-08-13 13:02:33,40350.0,100,Buy,231245569
2024-08-13 13:02:37,40350.0,100,Sell,231245681
2024-08-13 13:02:45,40400.0,100,Buy,231245857
2024-08-13 13:02:46,40400.0,1000,Buy,231245880
2024-08-13 13:02:47,40350.0,100,Sell,231245897
2024-08-13 13:02:49,40400.0,100,Buy,231245963
2024-08-13 13:02:49,40400.0,300,Buy,231245962
2024-08-13 13:02:49,40400.0,500,Buy,231245964
2024-08-13 13:03:00,40500.0,400,Buy,231246218
2024-08-13 13:03:04,40500.0,100,Buy,231246358
2024-08-13 13:03:07,40500.0,1000,Buy,231246412
2024-08-13 13:03:09,40500.0,200,Buy,231246470
2024-08-13 13:03:16,40500.0,200,Buy,231246691
2024-08-13 13:03:17,40500.0,100,Buy,231246702
2024-08-13 13:03:26,40500.0,200,Buy,231246980
2024-08-13 13:03:30,40500.0,500,Buy,231247071
2024-08-13 13:03:39,40500.0,500,Buy,231247371
2024-08-13 13:03:43,40500.0,300,Buy,231247454
2024-08-13 13:03:43,40500.0,300,Buy,231247455
2024-08-13 13:03:45,40500.0,500,Buy,231247560
2024-08-13 13:03:47,40500.0,1200,Buy,231247585
2024-08-13 13:03:47,40500.0,800,Buy,231247584
2024-08-13 13:03:48,40450.0,200,Sell,231247603
2024-08-13 13:03:48,40450.0,100,Sell,231247604
2024-08-13 13:03:48,40450.0,1000,Sell,231247605
2024-08-13 13:03:48,40450.0,500,Sell,231247606
2024-08-13 13:03:48,40450.0,100,Sell,231247607
2024-08-13 13:03:48,40450.0,3000,Sell,231247608
2024-08-13 13:03:48,40450.0,100,Sell,231247609
2024-08-13 13:03:51,40500.0,100,Buy,231247681
2024-08-13 13:03:52,40500.0,1000,Buy,231247695
2024-08-13 13:03:54,40500.0,700,Buy,231247737
2024-08-13 13:03:54,40500.0,800,Buy,231247736
2024-08-13 13:03:54,40500.0,500,Buy,231247735
2024-08-13 13:03:57,40500.0,300,Buy,231247801
2024-08-13 13:04:04,40500.0,1000,Sell,231247967
2024-08-13 13:04:04,40500.0,700,Sell,231247966
2024-08-13 13:04:07,40550.0,200,Buy,231248064
2024-08-13 13:04:08,40550.0,800,Buy,231248102
2024-08-13 13:04:08,40550.0,200,Buy,231248103
2024-08-13 13:04:10,40500.0,500,Sell,231248135
2024-08-13 13:04:11,40550.0,200,Buy,231248154
2024-08-13 13:04:15,40500.0,500,Sell,231248255
2024-08-13 13:04:29,40500.0,700,Sell,231248637
2024-08-13 13:04:29,40500.0,300,Sell,231248636
2024-08-13 13:04:29,40500.0,100,Sell,231248634
2024-08-13 13:04:29,40500.0,1500,Sell,231248633
2024-08-13 13:04:29,40500.0,100,Sell,231248635
2024-08-13 13:04:46,40500.0,1000,Buy,231249034
2024-08-13 13:04:48,40500.0,500,Buy,231249090
2024-08-13 13:04:51,40500.0,800,Buy,231249154
2024-08-13 13:04:51,40500.0,100,Buy,231249155
2024-08-13 13:04:51,40500.0,100,Buy,231249156
2024-08-13 13:04:53,40500.0,500,Sell,231249196
2024-08-13 13:04:55,40500.0,500,Sell,231249276
2024-08-13 13:04:56,40500.0,200,Buy,231249283
2024-08-13 13:05:05,40500.0,200,Buy,231249548
2024-08-13 13:05:06,40500.0,100,Buy,231249572
2024-08-13 13:05:23,40450.0,100,Sell,231249893
2024-08-13 13:05:23,40400.0,100,Sell,231249894
2024-08-13 13:05:28,40500.0,1000,Buy,231250011
2024-08-13 13:05:44,40400.0,1000,Sell,231250296
2024-08-13 13:05:47,40450.0,300,Buy,231250364
2024-08-13 13:05:53,40450.0,100,Sell,231250488
2024-08-13 13:05:58,40500.0,100,Buy,231250635
2024-08-13 13:06:46,40450.0,400,Sell,231251760
2024-08-13 13:06:46,40450.0,500,Sell,231251761
2024-08-13 13:07:00,40450.0,100,Sell,231252149
2024-08-13 13:07:05,40450.0,100,Sell,231252286
2024-08-13 13:07:07,40450.0,100,Sell,231252338
2024-08-13 13:07:15,40450.0,100,Sell,231252517
2024-08-13 13:07:29,40500.0,200,Buy,231252857
2024-08-13 13:07:34,40500.0,100,Buy,231253002
2024-08-13 13:07:38,40500.0,200,Buy,231253111
2024-08-13 13:07:45,40500.0,1000,Buy,231253223
2024-08-13 13:07:51,40500.0,200,Buy,231253334
2024-08-13 13:07:51,40500.0,1000,Buy,231253341
2024-08-13 13:08:07,40500.0,100,Buy,231253601
2024-08-13 13:08:11,40500.0,100,Buy,231253671
2024-08-13 13:08:15,40500.0,1000,Buy,231253743
2024-08-13 13:08:17,40450.0,2500,Sell,231253789
2024-08-13 13:08:17,40450.0,3000,Sell,231253788
2024-08-13 13:08:17,40450.0,1000,Sell,231253787
2024-08-13 13:08:17,40450.0,1000,Sell,231253786
2024-08-13 13:08:17,40450.0,200,Sell,231253783
2024-08-13 13:08:17,40450.0,300,Sell,231253785
2024-08-13 13:08:17,40450.0,300,Sell,231253784
2024-08-13 13:08:17,40450.0,400,Sell,231253782
2024-08-13 13:08:17,40450.0,400,Sell,231253776
2024-08-13 13:08:17,40450.0,100,Sell,231253780
2024-08-13 13:08:17,40450.0,200,Sell,231253779
2024-08-13 13:08:17,40450.0,600,Sell,231253778
2024-08-13 13:08:17,40450.0,100,Sell,231253777
2024-08-13 13:08:17,40450.0,500,Sell,231253775
2024-08-13 13:08:17,40450.0,100,Sell,231253774
2024-08-13 13:08:17,40450.0,500,Sell,231253773
2024-08-13 13:08:17,40450.0,100,Sell,231253772
2024-08-13 13:08:17,40450.0,100,Sell,231253781
2024-08-13 13:08:21,40500.0,100,Buy,231253890
2024-08-13 13:08:26,40500.0,200,Buy,231254043
2024-08-13 13:08:27,40450.0,500,Sell,231254056
2024-08-13 13:08:33,40500.0,3000,Buy,231254158
2024-08-13 13:08:33,40500.0,100,Buy,231254159
2024-08-13 13:08:33,40500.0,800,Buy,231254160
2024-08-13 13:08:33,40500.0,2000,Buy,231254161
2024-08-13 13:08:33,40500.0,100,Buy,231254162
2024-08-13 13:08:33,40500.0,200,Buy,231254163
2024-08-13 13:08:33,40500.0,500,Buy,231254164
2024-08-13 13:08:33,40500.0,700,Buy,231254157
2024-08-13 13:08:33,40500.0,2600,Buy,231254165
2024-08-13 13:08:41,40500.0,100,Buy,231254304
2024-08-13 13:08:42,40500.0,100,Buy,231254312
2024-08-13 13:08:43,40500.0,1000,Buy,231254344
2024-08-13 13:08:45,40500.0,200,Buy,231254385
2024-08-13 13:08:45,40500.0,300,Buy,231254386
2024-08-13 13:08:45,40500.0,2000,Sell,231254392
2024-08-13 13:09:03,40500.0,500,Sell,231254877
2024-08-13 13:09:11,40500.0,700,Sell,231255034
2024-08-13 13:09:11,40500.0,2000,Sell,231255033
2024-08-13 13:09:13,40500.0,100,Sell,231255074
2024-08-13 13:09:14,40500.0,500,Sell,231255103
2024-08-13 13:09:27,40500.0,300,Sell,231255368
2024-08-13 13:09:27,40500.0,3500,Sell,231255369
2024-08-13 13:09:27,40500.0,200,Sell,231255367
2024-08-13 13:09:48,40550.0,100,Buy,231255724
2024-08-13 13:09:50,40500.0,1000,Sell,231255755
2024-08-13 13:09:53,40500.0,500,Sell,231255818
2024-08-13 13:09:53,40500.0,100,Sell,231255819
2024-08-13 13:09:53,40500.0,7200,Sell,231255820
2024-08-13 13:09:55,40500.0,900,Sell,231255840
2024-08-13 13:10:02,40500.0,100,Sell,231256018
2024-08-13 13:10:03,40500.0,200,Sell,231256048
2024-08-13 13:10:03,40500.0,900,Buy,231256035
2024-08-13 13:10:17,40500.0,1100,Sell,231256368
2024-08-13 13:10:17,40500.0,200,Sell,231256369
2024-08-13 13:10:17,40500.0,1200,Sell,231256370
2024-08-13 13:10:22,40500.0,1200,Buy,231256474
2024-08-13 13:10:27,40500.0,500,Buy,231256565
2024-08-13 13:10:40,40500.0,800,Buy,231256809
2024-08-13 13:10:40,40500.0,200,Buy,231256810
2024-08-13 13:10:43,40500.0,1700,Buy,231256892
2024-08-13 13:10:43,40500.0,500,Buy,231256893
2024-08-13 13:10:45,40500.0,1000,Sell,231256919
2024-08-13 13:10:48,40500.0,1000,Sell,231256962
2024-08-13 13:11:07,40500.0,200,Sell,231257389
2024-08-13 13:11:12,40550.0,400,Buy,231257486
2024-08-13 13:11:13,40550.0,100,Buy,231257509
2024-08-13 13:11:14,40550.0,100,Buy,231257532
2024-08-13 13:11:40,40550.0,100,Buy,231257934
2024-08-13 13:11:40,40550.0,100,Buy,231257935
2024-08-13 13:11:40,40550.0,100,Buy,231257936
2024-08-13 13:11:40,40550.0,100,Buy,231257937
2024-08-13 13:11:40,40550.0,600,Buy,231257938
2024-08-13 13:11:44,40550.0,100,Buy,231258012
2024-08-13 13:11:51,40500.0,1000,Sell,231258141
2024-08-13 13:11:51,40500.0,100,Sell,231258140
2024-08-13 13:11:51,40500.0,100,Sell,231258139
2024-08-13 13:11:51,40500.0,1000,Sell,231258138
2024-08-13 13:11:51,40500.0,100,Sell,231258136
2024-08-13 13:11:51,40500.0,100,Sell,231258135
2024-08-13 13:11:51,40500.0,600,Sell,231258134
2024-08-13 13:11:51,40500.0,2000,Sell,231258137
2024-08-13 13:11:58,40500.0,1100,Sell,231258264
2024-08-13 13:12:06,40500.0,500,Sell,231258410
2024-08-13 13:12:09,40500.0,2400,Sell,231258468
2024-08-13 13:12:09,40500.0,2000,Sell,231258469
2024-08-13 13:12:09,40500.0,100,Buy,231258472
2024-08-13 13:12:19,40500.0,300,Buy,231258661
2024-08-13 13:12:20,40500.0,600,Buy,231258670
2024-08-13 13:12:22,40500.0,100,Buy,231258728
2024-08-13 13:12:26,40500.0,100,Buy,231258808
2024-08-13 13:12:27,40500.0,200,Buy,231258820
2024-08-13 13:12:40,40500.0,900,Buy,231259137
2024-08-13 13:12:45,40500.0,3000,Buy,231259246
2024-08-13 13:12:58,40500.0,300,Buy,231259435
2024-08-13 13:12:58,40500.0,500,Buy,231259436
2024-08-13 13:12:58,40500.0,200,Buy,231259437
2024-08-13 13:12:58,40500.0,100,Buy,231259441
2024-08-13 13:13:37,40500.0,1500,Buy,231260128
2024-08-13 13:13:42,40500.0,100,Buy,231260242
2024-08-13 13:13:52,40450.0,500,Sell,231260422
2024-08-13 13:13:52,40450.0,200,Sell,231260423
2024-08-13 13:13:52,40450.0,1000,Sell,231260424
2024-08-13 13:13:52,40450.0,1000,Sell,231260425
2024-08-13 13:13:52,40400.0,1000,Sell,231260426
2024-08-13 13:13:52,40400.0,5000,Sell,231260431
2024-08-13 13:13:52,40400.0,500,Sell,231260428
2024-08-13 13:13:52,40400.0,1000,Sell,231260429
2024-08-13 13:13:52,40400.0,500,Sell,231260430
2024-08-13 13:13:52,40400.0,500,Sell,231260432
2024-08-13 13:13:52,40400.0,5500,Sell,231260433
2024-08-13 13:13:52,40400.0,200,Sell,231260427
2024-08-13 13:13:52,40450.0,500,Sell,231260420
2024-08-13 13:13:52,40450.0,700,Sell,231260421
2024-08-13 13:13:52,40450.0,100,Sell,231260418
2024-08-13 13:13:52,40450.0,200,Sell,231260419
2024-08-13 13:13:52,40450.0,200,Sell,231260406
2024-08-13 13:13:52,40450.0,1000,Sell,231260407
2024-08-13 13:13:52,40450.0,100,Sell,231260408
2024-08-13 13:13:52,40450.0,2000,Sell,231260409
2024-08-13 13:13:52,40450.0,2000,Sell,231260410
2024-08-13 13:13:52,40450.0,500,Sell,231260405
2024-08-13 13:13:52,40450.0,1000,Sell,231260412
2024-08-13 13:13:52,40450.0,200,Sell,231260413
2024-08-13 13:13:52,40450.0,500,Sell,231260414
2024-08-13 13:13:52,40450.0,100,Sell,231260415
2024-08-13 13:13:52,40450.0,100,Sell,231260416
2024-08-13 13:13:52,40450.0,2000,Sell,231260417
2024-08-13 13:13:52,40450.0,1900,Sell,231260411
2024-08-13 13:14:01,40450.0,100,Sell,231260684
2024-08-13 13:14:02,40500.0,500,Buy,231260706
2024-08-13 13:14:04,40400.0,400,Sell,231260760
2024-08-13 13:14:07,40400.0,1000,Sell,231260817
2024-08-13 13:14:20,40400.0,200,Sell,231261058
2024-08-13 13:14:22,40400.0,100,Sell,231261096
2024-08-13 13:14:22,40400.0,1000,Sell,231261089
2024-08-13 13:14:22,40400.0,100,Sell,231261094
2024-08-13 13:14:22,40400.0,100,Sell,231261093
2024-08-13 13:14:22,40400.0,100,Sell,231261091
2024-08-13 13:14:22,40400.0,500,Sell,231261090
2024-08-13 13:14:22,40400.0,200,Sell,231261088
2024-08-13 13:14:22,40400.0,100,Sell,231261095
2024-08-13 13:14:22,40400.0,200,Sell,231261086
2024-08-13 13:14:22,40400.0,500,Sell,231261087
2024-08-13 13:14:22,40450.0,100,Sell,231261080
2024-08-13 13:14:22,40400.0,2900,Sell,231261081
2024-08-13 13:14:22,40400.0,1000,Sell,231261082
2024-08-13 13:14:22,40400.0,2000,Sell,231261092
2024-08-13 13:14:22,40400.0,100,Sell,231261083
2024-08-13 13:14:22,40400.0,1000,Sell,231261084
2024-08-13 13:14:22,40400.0,10300,Sell,231261085
2024-08-13 13:14:34,40400.0,100,Buy,231261393
2024-08-13 13:14:51,40350.0,900,Sell,231261719
2024-08-13 13:14:51,40350.0,100,Sell,231261720
2024-08-13 13:14:53,40350.0,100,Sell,231261747
2024-08-13 13:14:53,40350.0,1000,Sell,231261765
2024-08-13 13:15:01,40350.0,700,Sell,231261907
2024-08-13 13:15:01,40350.0,100,Sell,231261906
2024-08-13 13:15:01,40350.0,2000,Sell,231261905
2024-08-13 13:15:01,40350.0,200,Sell,231261904
2024-08-13 13:15:01,40350.0,500,Sell,231261903
2024-08-13 13:15:01,40350.0,100,Sell,231261902
2024-08-13 13:15:01,40350.0,1000,Sell,231261901
2024-08-13 13:15:01,40350.0,400,Sell,231261900
2024-08-13 13:15:05,40300.0,5000,Sell,231261970
2024-08-13 13:15:05,40300.0,100,Sell,231261971
2024-08-13 13:15:05,40300.0,500,Sell,231261972
2024-08-13 13:15:05,40300.0,100,Sell,231261973
2024-08-13 13:15:05,40300.0,1000,Sell,231261974
2024-08-13 13:15:05,40300.0,100,Sell,231261975
2024-08-13 13:15:05,40300.0,1000,Sell,231261976
2024-08-13 13:15:05,40300.0,800,Sell,231261984
2024-08-13 13:15:05,40300.0,100,Sell,231261978
2024-08-13 13:15:05,40300.0,100,Sell,231261979
2024-08-13 13:15:05,40300.0,100,Sell,231261980
2024-08-13 13:15:05,40300.0,100,Sell,231261981
2024-08-13 13:15:05,40300.0,500,Sell,231261982
2024-08-13 13:15:05,40300.0,100,Sell,231261983
2024-08-13 13:15:05,40300.0,100,Sell,231261969
2024-08-13 13:15:05,40300.0,100,Sell,231261977
2024-08-13 13:15:05,40300.0,100,Sell,231261968
2024-08-13 13:15:05,40300.0,100,Sell,231261962
2024-08-13 13:15:05,40300.0,1000,Sell,231261966
2024-08-13 13:15:05,40350.0,300,Sell,231261950
2024-08-13 13:15:05,40350.0,200,Sell,231261951
2024-08-13 13:15:05,40350.0,500,Sell,231261952
2024-08-13 13:15:05,40350.0,300,Sell,231261953
2024-08-13 13:15:05,40350.0,2100,Sell,231261954
2024-08-13 13:15:05,40350.0,800,Sell,231261955
2024-08-13 13:15:05,40300.0,5000,Sell,231261967
2024-08-13 13:15:05,40350.0,100,Sell,231261957
2024-08-13 13:15:05,40350.0,100,Sell,231261956
2024-08-13 13:15:05,40300.0,1500,Sell,231261959
2024-08-13 13:15:05,40300.0,300,Sell,231261960
2024-08-13 13:15:05,40300.0,100,Sell,231261961
2024-08-13 13:15:05,40300.0,100,Sell,231261963
2024-08-13 13:15:05,40300.0,500,Sell,231261964
2024-08-13 13:15:05,40300.0,7000,Sell,231261965
2024-08-13 13:15:05,40350.0,100,Sell,231261958
2024-08-13 13:15:09,40350.0,200,Buy,231262062
2024-08-13 13:15:09,40400.0,1400,Buy,231262063
2024-08-13 13:15:16,40350.0,100,Buy,231262222
2024-08-13 13:15:19,40350.0,300,Buy,231262285
2024-08-13 13:15:22,40350.0,100,Buy,231262354
2024-08-13 13:15:22,40300.0,800,Sell,231262353
2024-08-13 13:15:34,40350.0,100,Sell,231262617
2024-08-13 13:15:34,40350.0,200,Sell,231262618
2024-08-13 13:15:41,40350.0,900,Sell,231262834
2024-08-13 13:15:41,40350.0,100,Sell,231262835
2024-08-13 13:15:48,40350.0,100,Sell,231262968
2024-08-13 13:15:50,40350.0,2300,Sell,231263001
2024-08-13 13:15:50,40350.0,1000,Sell,231263012
2024-08-13 13:15:50,40350.0,100,Sell,231263013
2024-08-13 13:15:53,40350.0,100,Buy,231263074
2024-08-13 13:15:54,40350.0,100,Buy,231263089
2024-08-13 13:15:54,40350.0,100,Buy,231263110
2024-08-13 13:16:07,40350.0,100,Buy,231263369
2024-08-13 13:16:08,40350.0,100,Buy,231263385
2024-08-13 13:16:09,40350.0,200,Buy,231263395
2024-08-13 13:16:12,40350.0,100,Buy,231263442
2024-08-13 13:16:15,40350.0,800,Buy,231263523
2024-08-13 13:16:15,40350.0,2200,Buy,231263524
2024-08-13 13:16:20,40350.0,800,Buy,231263623
2024-08-13 13:16:20,40350.0,200,Buy,231263624
2024-08-13 13:16:21,40350.0,500,Sell,231263666
2024-08-13 13:16:38,40350.0,100,Sell,231263985
2024-08-13 13:16:46,40400.0,1200,Buy,231264264
2024-08-13 13:16:46,40400.0,500,Buy,231264265
2024-08-13 13:17:21,40450.0,100,Buy,231264943
2024-08-13 13:17:33,40450.0,200,Buy,231265178
2024-08-13 13:17:38,40450.0,200,Buy,231265280
2024-08-13 13:18:34,40450.0,100,Sell,231266424
2024-08-13 13:18:37,40450.0,400,Sell,231266500
2024-08-13 13:18:37,40450.0,100,Sell,231266501
2024-08-13 13:18:38,40450.0,1000,Sell,231266507
2024-08-13 13:18:40,40450.0,100,Sell,231266552
2024-08-13 13:18:43,40450.0,900,Sell,231266660
2024-08-13 13:18:43,40450.0,100,Sell,231266661
2024-08-13 13:18:43,40400.0,100,Sell,231266677
2024-08-13 13:18:43,40400.0,3000,Sell,231266678
2024-08-13 13:18:43,40400.0,100,Sell,231266679
2024-08-13 13:18:43,40400.0,200,Sell,231266680
2024-08-13 13:18:43,40400.0,1600,Sell,231266681
2024-08-13 13:18:44,40450.0,100,Buy,231266696
2024-08-13 13:18:45,40450.0,1000,Buy,231266706
2024-08-13 13:18:54,40450.0,200,Buy,231266957
2024-08-13 13:18:57,40450.0,1000,Buy,231267022
2024-08-13 13:18:57,40450.0,100,Buy,231267015
2024-08-13 13:19:09,40400.0,3400,Sell,231267244
2024-08-13 13:19:09,40400.0,100,Sell,231267245
2024-08-13 13:19:09,40400.0,100,Sell,231267246
2024-08-13 13:19:09,40400.0,500,Sell,231267247
2024-08-13 13:19:09,40400.0,1000,Sell,231267248
2024-08-13 13:19:09,40400.0,100,Sell,231267249
2024-08-13 13:19:09,40400.0,500,Sell,231267250
2024-08-13 13:19:09,40400.0,100,Sell,231267251
2024-08-13 13:19:09,40400.0,100,Sell,231267252
2024-08-13 13:19:10,40400.0,100,Buy,231267281
2024-08-13 13:19:17,40350.0,400,Sell,231267416
2024-08-13 13:19:17,40350.0,100,Sell,231267417
2024-08-13 13:19:17,40350.0,100,Sell,231267418
2024-08-13 13:19:19,40400.0,500,Buy,231267453
2024-08-13 13:19:21,40400.0,100,Buy,231267481
2024-08-13 13:19:32,40400.0,100,Sell,231267789
2024-08-13 13:19:32,40400.0,100,Sell,231267788
2024-08-13 13:19:33,40400.0,300,Sell,231267828
2024-08-13 13:19:39,40400.0,400,Sell,231267949
2024-08-13 13:19:42,40400.0,200,Sell,231268008
2024-08-13 13:19:47,40400.0,200,Sell,231268089
2024-08-13 13:19:47,40400.0,500,Sell,231268090
2024-08-13 13:19:47,40400.0,100,Sell,231268091
2024-08-13 13:19:47,40400.0,100,Sell,231268092
2024-08-13 13:19:47,40400.0,100,Sell,231268093
2024-08-13 13:19:50,40400.0,300,Sell,231268173
2024-08-13 13:19:56,40400.0,200,Buy,231268289
2024-08-13 13:19:56,40400.0,300,Buy,231268290
2024-08-13 13:20:04,40400.0,500,Sell,231268407
2024-08-13 13:20:08,40400.0,200,Sell,231268493
2024-08-13 13:20:36,40450.0,300,Buy,231269090
2024-08-13 13:20:40,40400.0,300,Sell,231269144
2024-08-13 13:20:40,40400.0,100,Sell,231269145
2024-08-13 13:20:40,40400.0,500,Sell,231269146
2024-08-13 13:20:40,40400.0,1000,Sell,231269147
2024-08-13 13:20:40,40400.0,6100,Sell,231269148
2024-08-13 13:20:49,40400.0,100,Sell,231269314
2024-08-13 13:20:56,40450.0,1000,Buy,231269420
2024-08-13 13:21:00,40400.0,100,Sell,231269507
2024-08-13 13:21:00,40400.0,1000,Sell,231269508
2024-08-13 13:21:00,40400.0,300,Sell,231269506
2024-08-13 13:21:00,40400.0,800,Sell,231269502
2024-08-13 13:21:00,40400.0,100,Sell,231269504
2024-08-13 13:21:00,40400.0,500,Sell,231269503
2024-08-13 13:21:00,40400.0,100,Sell,231269505
2024-08-13 13:21:02,40400.0,100,Buy,231269533
2024-08-13 13:21:09,40400.0,200,Sell,231269672
2024-08-13 13:21:35,40400.0,100,Buy,231270254
2024-08-13 13:21:36,40400.0,500,Buy,231270288
2024-08-13 13:21:37,40350.0,100,Sell,231270324
2024-08-13 13:21:37,40350.0,200,Sell,231270325
2024-08-13 13:21:37,40350.0,500,Sell,231270326
2024-08-13 13:21:37,40350.0,1900,Sell,231270327
2024-08-13 13:21:37,40350.0,200,Sell,231270330
2024-08-13 13:21:37,40350.0,100,Sell,231270329
2024-08-13 13:21:37,40350.0,600,Sell,231270331
2024-08-13 13:21:37,40350.0,4000,Sell,231270323
2024-08-13 13:21:37,40350.0,100,Sell,231270328
2024-08-13 13:21:37,40350.0,100,Sell,231270322
2024-08-13 13:21:37,40350.0,200,Sell,231270332
2024-08-13 13:21:37,40350.0,1000,Sell,231270320
2024-08-13 13:21:37,40350.0,500,Sell,231270319
2024-08-13 13:21:37,40350.0,2000,Sell,231270318
2024-08-13 13:21:37,40350.0,200,Sell,231270317
2024-08-13 13:21:37,40350.0,1000,Sell,231270314
2024-08-13 13:21:37,40350.0,1000,Sell,231270313
2024-08-13 13:21:37,40350.0,1000,Sell,231270312
2024-08-13 13:21:37,40350.0,3500,Sell,231270311
2024-08-13 13:21:37,40350.0,1000,Sell,231270310
2024-08-13 13:21:37,40350.0,200,Sell,231270309
2024-08-13 13:21:37,40350.0,500,Sell,231270321
2024-08-13 13:21:37,40350.0,100,Sell,231270308
2024-08-13 13:21:39,40300.0,400,Sell,231270389
2024-08-13 13:21:39,40300.0,400,Sell,231270387
2024-08-13 13:21:39,40300.0,100,Sell,231270388
2024-08-13 13:21:46,40300.0,1500,Sell,231270667
2024-08-13 13:21:52,40300.0,1000,Sell,231270774
2024-08-13 13:21:52,40350.0,200,Buy,231270778
2024-08-13 13:21:57,40300.0,100,Sell,231270851
2024-08-13 13:21:57,40300.0,100,Sell,231270852
2024-08-13 13:21:57,40300.0,500,Sell,231270853
2024-08-13 13:21:57,40300.0,500,Sell,231270854
2024-08-13 13:21:57,40300.0,300,Sell,231270855
2024-08-13 13:22:08,40300.0,9200,Sell,231271095
2024-08-13 13:22:08,40300.0,500,Sell,231271094
2024-08-13 13:22:08,40300.0,200,Sell,231271092
2024-08-13 13:22:08,40350.0,300,Buy,231271066
2024-08-13 13:22:08,40300.0,100,Sell,231271093
2024-08-13 13:22:16,40300.0,100,Sell,231271224
2024-08-13 13:22:17,40300.0,1000,Sell,231271254
2024-08-13 13:22:17,40300.0,700,Sell,231271261
2024-08-13 13:22:17,40300.0,100,Sell,231271260
2024-08-13 13:22:17,40300.0,100,Sell,231271259
2024-08-13 13:22:17,40300.0,1000,Sell,231271258
2024-08-13 13:22:17,40300.0,500,Sell,231271257
2024-08-13 13:22:17,40300.0,2000,Sell,231271255
2024-08-13 13:22:17,40300.0,4000,Sell,231271253
2024-08-13 13:22:17,40300.0,500,Sell,231271256
2024-08-13 13:22:17,40300.0,2000,Sell,231271251
2024-08-13 13:22:17,40300.0,200,Sell,231271252
2024-08-13 13:22:17,40300.0,4700,Sell,231271244
2024-08-13 13:22:17,40300.0,100,Sell,231271245
2024-08-13 13:22:17,40300.0,1000,Sell,231271246
2024-08-13 13:22:17,40300.0,200,Sell,231271249
2024-08-13 13:22:17,40300.0,700,Sell,231271248
2024-08-13 13:22:17,40300.0,1900,Sell,231271247
2024-08-13 13:22:17,40300.0,300,Sell,231271250
2024-08-13 13:22:20,40300.0,200,Sell,231271333
2024-08-13 13:22:23,40300.0,100,Sell,231271391
2024-08-13 13:22:27,40350.0,4000,Buy,231271459
2024-08-13 13:22:38,40350.0,1000,Buy,231271772
2024-08-13 13:22:38,40350.0,500,Buy,231271790
2024-08-13 13:22:46,40350.0,100,Buy,231271977
2024-08-13 13:22:47,40350.0,1500,Buy,231271993
2024-08-13 13:22:52,40350.0,300,Buy,231272102
2024-08-13 13:22:52,40350.0,2400,Buy,231272101
2024-08-13 13:22:58,40350.0,200,Sell,231272277
2024-08-13 13:23:02,40400.0,100,Buy,231272372
2024-08-13 13:23:04,40350.0,1100,Sell,231272398
2024-08-13 13:23:04,40350.0,400,Sell,231272399
2024-08-13 13:23:05,40350.0,1600,Sell,231272414
2024-08-13 13:23:05,40350.0,100,Sell,231272415
2024-08-13 13:23:05,40350.0,100,Sell,231272416
2024-08-13 13:23:05,40350.0,200,Sell,231272417
2024-08-13 13:23:11,40400.0,600,Buy,231272639
2024-08-13 13:23:11,40400.0,100,Buy,231272637
2024-08-13 13:23:11,40400.0,300,Buy,231272638
2024-08-13 13:23:19,40350.0,2000,Sell,231272806
2024-08-13 13:23:26,40350.0,100,Sell,231272957
2024-08-13 13:23:34,40350.0,100,Sell,231273130
2024-08-13 13:23:40,40400.0,1000,Buy,231273262
2024-08-13 13:23:41,40350.0,900,Sell,231273274
2024-08-13 13:23:43,40400.0,100,Buy,231273305
2024-08-13 13:23:43,40400.0,400,Buy,231273304
2024-08-13 13:24:08,40400.0,2000,Buy,231273824
2024-08-13 13:24:13,40400.0,200,Buy,231273939
2024-08-13 13:24:15,40400.0,1000,Buy,231273952
2024-08-13 13:24:27,40400.0,2000,Buy,231274271
2024-08-13 13:24:29,40400.0,2000,Buy,231274302
2024-08-13 13:24:29,40400.0,200,Buy,231274314
2024-08-13 13:24:29,40400.0,100,Buy,231274315
2024-08-13 13:24:30,40400.0,500,Buy,231274337
2024-08-13 13:24:30,40400.0,400,Buy,231274343
2024-08-13 13:24:30,40400.0,1000,Buy,231274344
2024-08-13 13:24:31,40400.0,200,Buy,231274355
2024-08-13 13:24:33,40400.0,400,Buy,231274376
2024-08-13 13:24:33,40400.0,700,Buy,231274375
2024-08-13 13:24:36,40400.0,200,Buy,231274425
2024-08-13 13:24:37,40400.0,500,Buy,231274449
2024-08-13 13:24:41,40400.0,500,Sell,231274664
2024-08-13 13:24:41,40400.0,1000,Sell,231274665
2024-08-13 13:24:41,40400.0,100,Sell,231274666
2024-08-13 13:24:44,40400.0,100,Buy,231274717
2024-08-13 13:24:53,40400.0,3000,Sell,231274921
2024-08-13 13:24:53,40400.0,100,Sell,231274922
2024-08-13 13:24:53,40400.0,900,Sell,231274923
2024-08-13 13:24:55,40400.0,100,Buy,231274965
2024-08-13 13:24:59,40400.0,100,Buy,231275056
2024-08-13 13:25:01,40400.0,500,Buy,231275108
2024-08-13 13:25:09,40350.0,100,Sell,231275416
2024-08-13 13:25:09,40350.0,500,Sell,231275415
2024-08-13 13:25:09,40350.0,1000,Sell,231275428
2024-08-13 13:25:09,40350.0,500,Sell,231275427
2024-08-13 13:25:09,40350.0,4000,Sell,231275426
2024-08-13 13:25:09,40350.0,1000,Sell,231275425
2024-08-13 13:25:09,40350.0,200,Sell,231275424
2024-08-13 13:25:09,40350.0,900,Buy,231275460
2024-08-13 13:25:09,40350.0,400,Sell,231275422
2024-08-13 13:25:09,40350.0,500,Sell,231275421
2024-08-13 13:25:09,40350.0,500,Sell,231275420
2024-08-13 13:25:09,40350.0,2500,Sell,231275419
2024-08-13 13:25:09,40350.0,1000,Sell,231275418
2024-08-13 13:25:09,40350.0,100,Sell,231275417
2024-08-13 13:25:09,40350.0,500,Sell,231275423
2024-08-13 13:25:12,40350.0,2000,Buy,231275493
2024-08-13 13:25:17,40350.0,200,Buy,231275630
2024-08-13 13:25:32,40300.0,100,Sell,231275965
2024-08-13 13:25:32,40300.0,1000,Sell,231275966
2024-08-13 13:25:32,40300.0,300,Sell,231275967
2024-08-13 13:25:32,40300.0,5000,Sell,231275968
2024-08-13 13:25:32,40300.0,100,Sell,231275972
2024-08-13 13:25:32,40300.0,500,Sell,231275970
2024-08-13 13:25:32,40300.0,500,Sell,231275971
2024-08-13 13:25:32,40300.0,200,Sell,231275973
2024-08-13 13:25:32,40300.0,300,Sell,231275969
2024-08-13 13:25:32,40300.0,1000,Sell,231275964
2024-08-13 13:25:32,40300.0,500,Sell,231275961
2024-08-13 13:25:32,40300.0,1000,Sell,231275962
2024-08-13 13:25:32,40300.0,200,Sell,231275963
2024-08-13 13:25:32,40300.0,100,Sell,231275952
2024-08-13 13:25:32,40300.0,2000,Sell,231275953
2024-08-13 13:25:32,40300.0,100,Sell,231275954
2024-08-13 13:25:32,40300.0,100,Sell,231275955
2024-08-13 13:25:32,40300.0,100,Sell,231275960
2024-08-13 13:25:32,40300.0,200,Sell,231275957
2024-08-13 13:25:32,40300.0,200,Sell,231275959
2024-08-13 13:25:32,40300.0,1000,Sell,231275956
2024-08-13 13:25:32,40300.0,500,Sell,231275958
2024-08-13 13:25:35,40350.0,100,Buy,231276042
2024-08-13 13:25:43,40300.0,100,Sell,231276229
2024-08-13 13:25:54,40300.0,1400,Sell,231276533
2024-08-13 13:25:54,40300.0,100,Sell,231276531
2024-08-13 13:25:54,40300.0,200,Sell,231276534
2024-08-13 13:25:54,40300.0,100,Sell,231276529
2024-08-13 13:25:54,40300.0,200,Sell,231276528
2024-08-13 13:25:54,40300.0,100,Sell,231276530
2024-08-13 13:25:54,40300.0,100,Sell,231276532
2024-08-13 13:25:57,40300.0,100,Sell,231276583
2024-08-13 13:26:13,40350.0,200,Buy,231277039
2024-08-13 13:26:17,40350.0,100,Buy,231277176
2024-08-13 13:26:24,40350.0,500,Buy,231277315
2024-08-13 13:26:25,40350.0,500,Buy,231277320
2024-08-13 13:26:27,40350.0,300,Buy,231277398
2024-08-13 13:26:27,40350.0,2700,Buy,231277397
2024-08-13 13:26:30,40350.0,200,Buy,231277517
2024-08-13 13:26:35,40350.0,500,Buy,231277598
2024-08-13 13:26:35,40350.0,500,Buy,231277597
2024-08-13 13:26:35,40350.0,400,Buy,231277599
2024-08-13 13:26:36,40350.0,100,Sell,231277637
2024-08-13 13:26:48,40350.0,500,Sell,231278005
2024-08-13 13:26:48,40350.0,100,Sell,231278006
2024-08-13 13:26:48,40350.0,400,Sell,231278007
2024-08-13 13:26:53,40350.0,600,Sell,231278185
2024-08-13 13:26:53,40350.0,400,Sell,231278186
2024-08-13 13:26:55,40350.0,1500,Sell,231278232
2024-08-13 13:27:01,40350.0,500,Sell,231278393
2024-08-13 13:27:01,40400.0,2000,Buy,231278394
2024-08-13 13:27:09,40350.0,500,Sell,231278576
2024-08-13 13:27:13,40400.0,300,Buy,231278659
2024-08-13 13:27:17,40400.0,100,Buy,231278836
2024-08-13 13:27:18,40350.0,200,Sell,231278847
2024-08-13 13:27:18,40350.0,300,Sell,231278848
2024-08-13 13:27:29,40400.0,1000,Buy,231279165
2024-08-13 13:27:30,40400.0,6100,Buy,231279197
2024-08-13 13:27:35,40400.0,5000,Buy,231279490
2024-08-13 13:27:36,40400.0,14400,Buy,231279529
2024-08-13 13:27:36,40400.0,200,Buy,231279530
2024-08-13 13:27:36,40400.0,1000,Buy,231279531
2024-08-13 13:27:36,40400.0,300,Buy,231279532
2024-08-13 13:27:36,40400.0,500,Buy,231279533
2024-08-13 13:27:46,40450.0,1900,Buy,231279926
2024-08-13 13:27:46,40450.0,300,Buy,231279925
2024-08-13 13:28:09,40500.0,100,Buy,231280556
2024-08-13 13:28:10,40500.0,7500,Buy,231280581
2024-08-13 13:28:10,40500.0,500,Buy,231280582
2024-08-13 13:28:10,40500.0,200,Buy,231280583
2024-08-13 13:28:10,40500.0,2700,Buy,231280584
2024-08-13 13:28:10,40500.0,300,Buy,231280585
2024-08-13 13:28:10,40500.0,1900,Buy,231280586
2024-08-13 13:28:10,40500.0,100,Buy,231280587
2024-08-13 13:28:11,40450.0,800,Sell,231280616
2024-08-13 13:28:15,40500.0,2900,Buy,231280691
2024-08-13 13:28:15,40500.0,100,Buy,231280692
2024-08-13 13:28:15,40500.0,100,Buy,231280693
2024-08-13 13:28:15,40500.0,500,Buy,231280694
2024-08-13 13:28:20,40550.0,100,Buy,231280766
2024-08-13 13:28:28,40550.0,300,Buy,231280941
2024-08-13 13:28:31,40550.0,100,Buy,231281024
2024-08-13 13:28:33,40550.0,500,Buy,231281061
2024-08-13 13:28:39,40550.0,2000,Buy,231281217
2024-08-13 13:28:42,40550.0,300,Buy,231281268
2024-08-13 13:28:42,40550.0,100,Buy,231281269
2024-08-13 13:28:42,40550.0,1000,Buy,231281326
2024-08-13 13:28:42,40550.0,100,Buy,231281334
2024-08-13 13:28:44,40550.0,800,Buy,231281367
2024-08-13 13:28:44,40550.0,500,Buy,231281368
2024-08-13 13:28:44,40550.0,600,Buy,231281369
2024-08-13 13:28:44,40550.0,100,Buy,231281370
2024-08-13 13:28:46,40550.0,100,Buy,231281426
2024-08-13 13:28:46,40550.0,100,Buy,231281425
2024-08-13 13:28:46,40550.0,400,Buy,231281422
2024-08-13 13:28:46,40550.0,1000,Buy,231281423
2024-08-13 13:28:46,40550.0,500,Buy,231281424
2024-08-13 13:28:47,40550.0,1400,Sell,231281479
2024-08-13 13:28:47,40550.0,500,Buy,231281516
2024-08-13 13:28:52,40550.0,200,Buy,231281766
2024-08-13 13:28:56,40550.0,100,Buy,231281864
2024-08-13 13:28:57,40550.0,500,Buy,231281872
2024-08-13 13:28:57,40550.0,2000,Buy,231281874
2024-08-13 13:29:00,40550.0,1000,Buy,231281920
2024-08-13 13:29:01,40550.0,300,Buy,231281930
2024-08-13 13:29:19,40600.0,100,Buy,231282349
2024-08-13 13:29:30,40600.0,500,Buy,231282663
2024-08-13 13:29:30,40600.0,1000,Buy,231282655
2024-08-13 13:29:42,40600.0,400,Buy,231283021
2024-08-13 13:29:42,40600.0,300,Buy,231283022
2024-08-13 13:29:42,40600.0,300,Buy,231283023
2024-08-13 13:29:43,40600.0,200,Buy,231283050
2024-08-13 13:29:43,40600.0,100,Buy,231283061
2024-08-13 13:29:44,40600.0,2400,Buy,231283092
2024-08-13 13:29:44,40600.0,100,Buy,231283093
2024-08-13 13:29:44,40600.0,100,Buy,231283094
2024-08-13 13:29:49,40600.0,100,Sell,231283194
2024-08-13 13:29:53,40600.0,700,Sell,231283330
2024-08-13 13:29:53,40600.0,500,Sell,231283329
2024-08-13 13:29:53,40600.0,100,Sell,231283331
2024-08-13 13:29:53,40600.0,300,Sell,231283327
2024-08-13 13:29:53,40600.0,3800,Sell,231283325
2024-08-13 13:29:53,40600.0,900,Sell,231283328
2024-08-13 13:29:53,40600.0,400,Sell,231283326
2024-08-13 13:29:54,40600.0,800,Buy,231283362
2024-08-13 13:29:54,40600.0,2500,Buy,231283363
2024-08-13 13:29:58,40650.0,100,Buy,231283461
2024-08-13 13:29:59,40650.0,100,Buy,231283484
2024-08-13 13:30:06,40600.0,2500,Sell,231283719
2024-08-13 13:30:06,40600.0,800,Sell,231283720
2024-08-13 13:30:06,40600.0,500,Sell,231283721
2024-08-13 13:30:13,40550.0,100,Sell,231283938
2024-08-13 13:30:14,40600.0,400,Buy,231283942
2024-08-13 13:30:16,40550.0,100,Sell,231283996
2024-08-13 13:30:25,40600.0,500,Buy,231284231
2024-08-13 13:30:25,40600.0,500,Buy,231284245
2024-08-13 13:30:26,40600.0,2000,Buy,231284269
2024-08-13 13:30:27,40600.0,1600,Buy,231284303
2024-08-13 13:30:27,40600.0,3300,Buy,231284302
2024-08-13 13:30:29,40650.0,100,Buy,231284366
2024-08-13 13:30:38,40600.0,100,Sell,231284586
2024-08-13 13:30:38,40600.0,400,Sell,231284587
2024-08-13 13:30:39,40600.0,2600,Sell,231284609
