time,price,volume,match_type,id
2024-07-24 09:14:39,36000.0,63600,ATO/ATC,225854193
2024-07-24 09:14:40,36050.0,100,Buy,225854365
2024-07-24 09:14:42,36050.0,200,Buy,225854701
2024-07-24 09:14:48,36000.0,100,Sell,225854911
2024-07-24 09:14:48,36000.0,100,Sell,225854912
2024-07-24 09:15:15,36050.0,600,Sell,225855723
2024-07-24 09:15:15,36050.0,200,Sell,225855724
2024-07-24 09:15:19,36200.0,600,Buy,225855917
2024-07-24 09:15:47,36300.0,1200,Buy,225856917
2024-07-24 09:15:47,36300.0,1000,Sell,225856925
2024-07-24 09:15:53,36400.0,100,Buy,225857153
2024-07-24 09:15:56,36400.0,700,Buy,225857305
2024-07-24 09:15:56,36400.0,500,Buy,225857306
2024-07-24 09:15:56,36400.0,1500,Buy,225857307
2024-07-24 09:16:08,36400.0,400,Sell,225857716
2024-07-24 09:16:14,36400.0,400,Sell,225857990
2024-07-24 09:16:14,36400.0,300,Sell,225857988
2024-07-24 09:16:14,36400.0,300,Sell,225857989
2024-07-24 09:16:14,36400.0,600,Sell,225857987
2024-07-24 09:16:18,36500.0,100,Buy,225858204
2024-07-24 09:16:18,36500.0,100,Buy,225858205
2024-07-24 09:16:18,36500.0,500,Buy,225858206
2024-07-24 09:16:18,36500.0,600,Buy,225858207
2024-07-24 09:16:23,36500.0,1000,Buy,225858417
2024-07-24 09:16:45,36500.0,100,Buy,225859248
2024-07-24 09:16:46,36500.0,300,Buy,225859274
2024-07-24 09:16:47,36500.0,5000,Buy,225859316
2024-07-24 09:16:55,36500.0,1000,Buy,225859604
2024-07-24 09:16:57,36500.0,300,Buy,225859700
2024-07-24 09:16:59,36400.0,200,Sell,225859775
2024-07-24 09:16:59,36400.0,2600,Sell,225859774
2024-07-24 09:17:08,36400.0,100,Buy,225860199
2024-07-24 09:17:11,36400.0,200,Buy,225860329
2024-07-24 09:17:13,36400.0,100,Buy,225860450
2024-07-24 09:17:26,36300.0,100,Sell,225861059
2024-07-24 09:17:26,36300.0,300,Sell,225861060
2024-07-24 09:17:26,36300.0,200,Sell,225861061
2024-07-24 09:17:26,36300.0,100,Sell,225861062
2024-07-24 09:17:26,36300.0,500,Sell,225861063
2024-07-24 09:17:27,36300.0,100,Buy,225861225
2024-07-24 09:17:47,36300.0,100,Buy,225862110
2024-07-24 09:17:47,36300.0,100,Buy,225862109
2024-07-24 09:17:48,36350.0,1000,Sell,225862170
2024-07-24 09:17:48,36300.0,300,Sell,225862171
2024-07-24 09:17:48,36200.0,100,Sell,225862172
2024-07-24 09:17:48,36200.0,500,Sell,225862173
2024-07-24 09:17:55,36200.0,2000,Sell,225862403
2024-07-24 09:17:55,36200.0,1000,Sell,225862404
2024-07-24 09:17:55,36200.0,100,Sell,225862405
2024-07-24 09:17:55,36200.0,2000,Sell,225862406
2024-07-24 09:18:00,36200.0,4700,Buy,225862717
2024-07-24 09:18:10,36100.0,300,Buy,225863189
2024-07-24 09:18:10,36100.0,2000,Sell,225863175
2024-07-24 09:18:10,36150.0,2000,Sell,225863173
2024-07-24 09:18:10,36150.0,100,Sell,225863172
2024-07-24 09:18:10,36100.0,5000,Sell,225863174
2024-07-24 09:18:11,36100.0,600,Buy,225863239
2024-07-24 09:18:13,36300.0,4600,Buy,225863310
2024-07-24 09:18:20,36300.0,1600,Buy,225863668
2024-07-24 09:18:20,36300.0,200,Buy,225863669
2024-07-24 09:18:24,36300.0,100,Buy,225863884
2024-07-24 09:18:25,36100.0,300,Sell,225863925
2024-07-24 09:19:06,36300.0,1000,Buy,225865837
2024-07-24 09:19:11,36300.0,100,Buy,225866101
2024-07-24 09:19:13,36250.0,200,Sell,225866261
2024-07-24 09:19:43,36250.0,1000,Sell,225867629
2024-07-24 09:19:46,36300.0,8200,Buy,225867753
2024-07-24 09:19:46,36300.0,4000,Buy,225867752
2024-07-24 09:19:56,36300.0,500,Buy,225868106
2024-07-24 09:19:57,36300.0,100,Buy,225868133
2024-07-24 09:19:58,36300.0,100,Buy,225868233
2024-07-24 09:19:59,36300.0,500,Buy,225868248
2024-07-24 09:20:02,36300.0,600,Buy,225868368
2024-07-24 09:20:02,36300.0,300,Buy,225868369
2024-07-24 09:20:03,36300.0,800,Buy,225868435
2024-07-24 09:20:03,36300.0,100,Buy,225868436
2024-07-24 09:20:03,36300.0,200,Buy,225868443
2024-07-24 09:20:05,36300.0,100,Buy,225868556
2024-07-24 09:20:15,36300.0,200,Sell,225868934
2024-07-24 09:20:15,36300.0,900,Sell,225868932
2024-07-24 09:20:15,36300.0,1200,Sell,225868933
2024-07-24 09:20:16,36300.0,700,Buy,225868966
2024-07-24 09:20:19,36300.0,200,Sell,225869046
2024-07-24 09:20:23,36300.0,500,Sell,225869218
2024-07-24 09:20:26,36350.0,10000,Buy,225869323
2024-07-24 09:20:27,36350.0,1000,Buy,225869344
2024-07-24 09:20:27,36350.0,500,Buy,225869345
2024-07-24 09:20:30,36400.0,200,Buy,225869440
2024-07-24 09:20:30,36400.0,300,Buy,225869441
2024-07-24 09:20:30,36400.0,4200,Buy,225869438
2024-07-24 09:20:30,36400.0,500,Buy,225869439
2024-07-24 09:20:33,36350.0,200,Buy,225869543
2024-07-24 09:20:42,36500.0,1700,Buy,225869870
2024-07-24 09:20:42,36500.0,1000,Buy,225869871
2024-07-24 09:20:42,36500.0,200,Buy,225869872
2024-07-24 09:20:42,36500.0,2100,Buy,225869873
2024-07-24 09:20:47,36500.0,2900,Buy,225870065
2024-07-24 09:20:47,36500.0,2100,Buy,225870066
2024-07-24 09:20:48,36500.0,400,Buy,225870109
2024-07-24 09:20:48,36500.0,5000,Buy,225870108
2024-07-24 09:20:48,36500.0,900,Buy,225870110
2024-07-24 09:20:48,36500.0,100,Buy,225870107
2024-07-24 09:20:48,36500.0,1500,Buy,225870101
2024-07-24 09:20:48,36500.0,100,Buy,225870102
2024-07-24 09:20:48,36500.0,300,Buy,225870098
2024-07-24 09:20:48,36500.0,2000,Buy,225870097
2024-07-24 09:20:48,36500.0,3000,Buy,225870100
2024-07-24 09:20:48,36500.0,600,Buy,225870099
2024-07-24 09:20:49,36500.0,200,Buy,225870159
2024-07-24 09:20:52,36500.0,3900,Buy,225870278
2024-07-24 09:20:52,36500.0,500,Buy,225870279
2024-07-24 09:21:03,36500.0,400,Sell,225870688
2024-07-24 09:21:15,36500.0,100,Sell,225871122
2024-07-24 09:21:22,36500.0,500,Sell,225871371
2024-07-24 09:21:24,36700.0,300,Buy,225871429
2024-07-24 09:21:24,36700.0,100,Buy,225871428
2024-07-24 09:21:24,36600.0,100,Buy,225871426
2024-07-24 09:21:24,36600.0,500,Buy,225871427
2024-07-24 09:21:42,36700.0,100,Buy,225872012
2024-07-24 09:21:44,36700.0,100,Buy,225872038
2024-07-24 09:21:44,36700.0,200,Buy,225872039
2024-07-24 09:21:45,36700.0,1000,Buy,225872076
2024-07-24 09:21:46,36700.0,100,Buy,225872126
2024-07-24 09:22:00,36700.0,300,Buy,225872602
2024-07-24 09:22:01,36700.0,100,Buy,225872629
2024-07-24 09:22:11,36700.0,100,Buy,225872975
2024-07-24 09:22:13,36700.0,100,Buy,225873018
2024-07-24 09:22:13,36700.0,200,Buy,225873001
2024-07-24 09:22:13,36700.0,200,Buy,225873017
2024-07-24 09:22:15,36700.0,100,Buy,225873080
2024-07-24 09:22:15,36700.0,600,Buy,225873081
2024-07-24 09:22:30,36600.0,2300,Sell,225873634
2024-07-24 09:22:40,36600.0,700,Sell,225873980
2024-07-24 09:22:40,36600.0,500,Sell,225873981
2024-07-24 09:22:40,36600.0,3000,Sell,225873982
2024-07-24 09:22:41,36600.0,800,Buy,225874042
2024-07-24 09:22:54,36600.0,200,Sell,225874477
2024-07-24 09:22:54,36600.0,500,Sell,225874478
2024-07-24 09:22:59,36600.0,500,Buy,225874648
2024-07-24 09:23:03,36600.0,100,Buy,225874758
2024-07-24 09:23:08,36600.0,600,Buy,225874976
2024-07-24 09:23:08,36600.0,1000,Buy,225874977
2024-07-24 09:23:08,36600.0,700,Buy,225874975
2024-07-24 09:23:11,36600.0,300,Buy,225875069
2024-07-24 09:23:16,36600.0,100,Buy,225875269
2024-07-24 09:23:16,36600.0,100,Buy,225875270
2024-07-24 09:23:16,36600.0,2000,Buy,225875271
2024-07-24 09:23:16,36600.0,300,Buy,225875272
2024-07-24 09:23:21,36600.0,500,Buy,225875466
2024-07-24 09:23:29,36600.0,2000,Buy,225875713
2024-07-24 09:23:31,36600.0,500,Buy,225875764
2024-07-24 09:23:32,36600.0,100,Buy,225875788
2024-07-24 09:23:41,36600.0,1000,Buy,225876122
2024-07-24 09:23:50,36600.0,2000,Buy,225876400
2024-07-24 09:23:55,36550.0,1000,Buy,225876539
2024-07-24 09:23:59,36550.0,4000,Buy,225876710
2024-07-24 09:23:59,36600.0,1000,Buy,225876711
2024-07-24 09:24:07,36550.0,100,Buy,225876967
2024-07-24 09:24:20,36550.0,500,Buy,225877412
2024-07-24 09:24:21,36550.0,3400,Buy,225877461
2024-07-24 09:24:43,36550.0,500,Buy,225878302
2024-07-24 09:24:45,36550.0,100,Buy,225878366
2024-07-24 09:25:05,36550.0,300,Buy,225879177
2024-07-24 09:25:07,36550.0,300,Buy,225879272
2024-07-24 09:25:22,36550.0,900,Buy,225879861
2024-07-24 09:25:22,36550.0,100,Buy,225879862
2024-07-24 09:25:37,36550.0,100,Buy,225880498
2024-07-24 09:25:38,36550.0,100,Buy,225880509
2024-07-24 09:25:49,36500.0,600,Sell,225880880
2024-07-24 09:25:57,36500.0,200,Sell,225881193
2024-07-24 09:25:59,36500.0,1900,Sell,225881272
2024-07-24 09:26:01,36550.0,100,Buy,225881320
2024-07-24 09:26:02,36500.0,100,Sell,225881363
2024-07-24 09:26:06,36500.0,2000,Sell,225881487
2024-07-24 09:26:11,36500.0,100,Sell,225881704
2024-07-24 09:26:13,36500.0,100,Sell,225881769
2024-07-24 09:26:14,36500.0,300,Sell,225881811
2024-07-24 09:26:16,36500.0,300,Sell,225881858
2024-07-24 09:26:18,36500.0,100,Sell,225881914
2024-07-24 09:26:18,36500.0,300,Sell,225881915
2024-07-24 09:26:18,36500.0,100,Sell,225881916
2024-07-24 09:26:18,36500.0,600,Sell,225881930
2024-07-24 09:26:18,36500.0,400,Sell,225881931
2024-07-24 09:26:18,36500.0,1000,Sell,225881913
2024-07-24 09:26:26,36550.0,5000,Buy,225882243
2024-07-24 09:26:31,36500.0,900,Sell,225882421
2024-07-24 09:26:40,36500.0,600,Sell,225882716
2024-07-24 09:26:40,36500.0,1000,Sell,225882715
2024-07-24 09:26:40,36500.0,200,Sell,225882714
2024-07-24 09:26:40,36500.0,3500,Sell,225882712
2024-07-24 09:26:40,36500.0,200,Sell,225882711
2024-07-24 09:26:40,36500.0,100,Sell,225882713
2024-07-24 09:26:41,36500.0,100,Sell,225882721
2024-07-24 09:26:41,36500.0,2900,Sell,225882722
2024-07-24 09:26:41,36500.0,1500,Sell,225882723
2024-07-24 09:26:41,36500.0,100,Sell,225882724
2024-07-24 09:26:45,36500.0,1900,Sell,225882901
2024-07-24 09:26:45,36500.0,500,Sell,225882902
2024-07-24 09:26:50,36500.0,300,Sell,225883089
2024-07-24 09:26:50,36500.0,100,Sell,225883088
2024-07-24 09:26:50,36500.0,400,Sell,225883090
2024-07-24 09:26:50,36500.0,100,Sell,225883087
2024-07-24 09:26:50,36500.0,500,Sell,225883091
2024-07-24 09:26:50,36500.0,100,Sell,225883085
2024-07-24 09:26:50,36500.0,100,Sell,225883081
2024-07-24 09:26:50,36500.0,5000,Sell,225883082
2024-07-24 09:26:50,36500.0,300,Sell,225883086
2024-07-24 09:26:50,36500.0,300,Sell,225883084
2024-07-24 09:26:50,36500.0,1000,Sell,225883083
2024-07-24 09:27:40,36500.0,800,Buy,225885071
2024-07-24 09:27:40,36500.0,200,Buy,225885072
2024-07-24 09:27:41,36450.0,100,Sell,225885094
2024-07-24 09:27:41,36450.0,500,Sell,225885095
2024-07-24 09:27:41,36450.0,500,Sell,225885096
2024-07-24 09:27:41,36450.0,200,Sell,225885097
2024-07-24 09:27:52,36400.0,100,Sell,225885461
2024-07-24 09:27:52,36400.0,600,Sell,225885460
2024-07-24 09:27:52,36400.0,100,Sell,225885459
2024-07-24 09:27:52,36400.0,200,Sell,225885456
2024-07-24 09:27:52,36400.0,1000,Sell,225885458
2024-07-24 09:27:52,36400.0,100,Sell,225885457
2024-07-24 09:27:54,36400.0,2900,Buy,225885548
2024-07-24 09:27:54,36450.0,700,Buy,225885549
2024-07-24 09:27:59,36450.0,800,Sell,225885667
2024-07-24 09:27:59,36450.0,100,Sell,225885696
2024-07-24 09:28:00,36500.0,200,Buy,225885754
2024-07-24 09:28:14,36450.0,500,Sell,225886326
2024-07-24 09:28:14,36450.0,200,Sell,225886327
2024-07-24 09:28:18,36400.0,100,Buy,225886411
2024-07-24 09:28:45,36400.0,100,Buy,225887320
2024-07-24 09:28:45,36400.0,100,Buy,225887319
2024-07-24 09:29:03,36400.0,700,Buy,225887902
2024-07-24 09:29:03,36400.0,400,Buy,225887903
2024-07-24 09:29:05,36400.0,1600,Buy,225887975
2024-07-24 09:29:05,36400.0,100,Buy,225887976
2024-07-24 09:29:05,36400.0,300,Buy,225887977
2024-07-24 09:29:11,36400.0,100,Sell,225888197
2024-07-24 09:29:20,36450.0,300,Buy,225888522
2024-07-24 09:29:20,36450.0,800,Buy,225888523
2024-07-24 09:29:26,36450.0,2200,Buy,225888674
2024-07-24 09:29:26,36450.0,2400,Buy,225888675
2024-07-24 09:29:30,36450.0,900,Buy,225888879
2024-07-24 09:29:44,36450.0,900,Buy,225889468
2024-07-24 09:29:46,36450.0,800,Buy,225889546
2024-07-24 09:29:50,36450.0,600,Buy,225889680
2024-07-24 09:29:50,36450.0,1300,Buy,225889681
2024-07-24 09:29:58,36450.0,1000,Buy,225890007
2024-07-24 09:30:00,36450.0,1600,Buy,225890059
2024-07-24 09:30:11,36450.0,200,Buy,225890385
2024-07-24 09:30:13,36450.0,800,Buy,225890424
2024-07-24 09:30:14,36450.0,100,Buy,225890435
2024-07-24 09:30:14,36450.0,400,Buy,225890436
2024-07-24 09:30:46,36450.0,1000,Buy,225891363
2024-07-24 09:30:53,36450.0,1000,Buy,225891586
2024-07-24 09:30:56,36400.0,100,Sell,225891755
2024-07-24 09:32:06,36450.0,100,Buy,225893985
2024-07-24 09:32:22,36450.0,200,Buy,225894463
2024-07-24 09:32:22,36450.0,100,Buy,225894442
2024-07-24 09:32:22,36400.0,100,Sell,225894461
2024-07-24 09:32:22,36400.0,100,Sell,225894462
2024-07-24 09:32:26,36450.0,400,Buy,225894633
2024-07-24 09:32:26,36450.0,400,Buy,225894634
2024-07-24 09:32:26,36450.0,200,Buy,225894632
2024-07-24 09:32:28,36450.0,200,Buy,225894691
2024-07-24 09:32:38,36450.0,100,Buy,225894994
2024-07-24 09:32:41,36450.0,300,Buy,225895112
2024-07-24 09:32:44,36450.0,800,Buy,225895213
2024-07-24 09:32:44,36450.0,800,Buy,225895214
2024-07-24 09:32:44,36450.0,1000,Buy,225895215
2024-07-24 09:32:44,36450.0,100,Buy,225895216
2024-07-24 09:32:45,36450.0,1000,Sell,225895236
2024-07-24 09:32:48,36450.0,3000,Sell,225895295
2024-07-24 09:32:48,36450.0,1300,Sell,225895294
2024-07-24 09:32:49,36500.0,2000,Buy,225895313
2024-07-24 09:32:49,36500.0,300,Buy,225895314
2024-07-24 09:32:49,36500.0,2000,Buy,225895315
2024-07-24 09:32:49,36500.0,500,Buy,225895316
2024-07-24 09:32:49,36500.0,2000,Buy,225895317
2024-07-24 09:32:49,36500.0,1000,Buy,225895318
2024-07-24 09:32:49,36500.0,1900,Buy,225895319
2024-07-24 09:32:49,36500.0,1500,Buy,225895320
2024-07-24 09:32:49,36500.0,900,Buy,225895321
2024-07-24 09:32:58,36500.0,100,Buy,225895542
2024-07-24 09:32:58,36500.0,500,Buy,225895543
2024-07-24 09:33:14,36500.0,700,Sell,225895899
2024-07-24 09:33:18,36550.0,1300,Buy,225895978
2024-07-24 09:33:22,36550.0,1000,Buy,225896058
2024-07-24 09:33:37,36550.0,2400,Buy,225896392
2024-07-24 09:33:43,36550.0,300,Buy,225896518
2024-07-24 09:33:43,36550.0,1000,Buy,225896519
2024-07-24 09:33:43,36550.0,400,Buy,225896520
2024-07-24 09:34:12,36550.0,100,Buy,225897318
2024-07-24 09:34:12,36550.0,400,Buy,225897319
2024-07-24 09:34:12,36550.0,500,Buy,225897320
2024-07-24 09:34:13,36550.0,400,Buy,225897345
2024-07-24 09:34:13,36550.0,500,Buy,225897344
2024-07-24 09:34:13,36550.0,1000,Buy,225897342
2024-07-24 09:34:13,36550.0,7500,Buy,225897341
2024-07-24 09:34:13,36550.0,1000,Buy,225897343
2024-07-24 09:35:04,36550.0,800,Sell,225898649
2024-07-24 09:35:21,36550.0,600,Sell,225899223
2024-07-24 09:35:27,36550.0,1800,Sell,225899344
2024-07-24 09:35:27,36550.0,2000,Sell,225899345
2024-07-24 09:35:27,36550.0,100,Sell,225899346
2024-07-24 09:35:27,36550.0,7000,Sell,225899347
2024-07-24 09:35:49,36550.0,100,Sell,225899960
2024-07-24 09:35:50,36600.0,600,Buy,225899983
2024-07-24 09:35:50,36600.0,400,Buy,225899984
2024-07-24 09:35:51,36600.0,7200,Buy,225900017
2024-07-24 09:35:51,36600.0,1000,Buy,225900012
2024-07-24 09:35:51,36600.0,3000,Buy,225900013
2024-07-24 09:35:51,36600.0,2000,Buy,225900016
2024-07-24 09:36:08,36600.0,100,Buy,225900414
2024-07-24 09:36:13,36600.0,1000,Buy,225900559
2024-07-24 09:36:16,36600.0,1000,Buy,225900601
2024-07-24 09:36:19,36600.0,400,Buy,225900718
2024-07-24 09:36:30,36600.0,500,Buy,225900934
2024-07-24 09:36:30,36600.0,100,Buy,225900936
2024-07-24 09:36:38,36550.0,100,Sell,225901175
2024-07-24 09:36:41,36600.0,100,Buy,225901228
2024-07-24 09:36:45,36600.0,500,Buy,225901329
2024-07-24 09:36:56,36550.0,500,Sell,225901644
2024-07-24 09:37:03,36550.0,2000,Sell,225901855
2024-07-24 09:37:07,36550.0,100,Sell,225901941
2024-07-24 09:37:19,36600.0,800,Buy,225902187
2024-07-24 09:37:35,36600.0,2000,Buy,225902600
2024-07-24 09:37:36,36600.0,100,Buy,225902642
2024-07-24 09:37:50,36600.0,100,Buy,225902995
2024-07-24 09:37:55,36600.0,900,Buy,225903090
2024-07-24 09:38:00,36600.0,700,Buy,225903244
2024-07-24 09:38:01,36600.0,1500,Buy,225903270
2024-07-24 09:38:11,36600.0,3000,Buy,225903530
2024-07-24 09:38:12,36600.0,200,Buy,225903541
2024-07-24 09:38:24,36600.0,500,Buy,225903842
2024-07-24 09:38:28,36600.0,900,Buy,225903929
2024-07-24 09:38:32,36550.0,200,Sell,225904017
2024-07-24 09:38:34,36600.0,200,Buy,225904068
2024-07-24 09:38:46,36600.0,6800,Buy,225904283
2024-07-24 09:38:55,36600.0,500,Buy,225904488
2024-07-24 09:39:05,36600.0,200,Buy,225904681
2024-07-24 09:39:19,36600.0,300,Buy,225905171
2024-07-24 09:39:28,36600.0,1000,Buy,225905430
2024-07-24 09:39:41,36600.0,100,Buy,225905742
2024-07-24 09:39:50,36600.0,28000,Buy,225905952
2024-07-24 09:39:54,36600.0,100,Buy,225906058
2024-07-24 09:40:04,36600.0,1000,Buy,225906320
2024-07-24 09:40:10,36600.0,1000,Buy,225906487
2024-07-24 09:40:15,36600.0,200,Buy,225906605
2024-07-24 09:40:23,36600.0,1000,Buy,225906807
2024-07-24 09:40:25,36600.0,300,Buy,225906842
2024-07-24 09:40:26,36600.0,500,Buy,225906887
2024-07-24 09:40:26,36600.0,400,Buy,225906888
2024-07-24 09:40:26,36600.0,200,Buy,225906889
2024-07-24 09:40:26,36600.0,400,Buy,225906890
2024-07-24 09:40:26,36600.0,100,Buy,225906891
2024-07-24 09:40:26,36600.0,100,Buy,225906892
2024-07-24 09:40:26,36600.0,500,Buy,225906893
2024-07-24 09:40:26,36600.0,1000,Buy,225906894
2024-07-24 09:40:26,36600.0,500,Buy,225906895
2024-07-24 09:40:26,36600.0,500,Buy,225906896
2024-07-24 09:40:26,36600.0,800,Buy,225906886
2024-07-24 09:40:27,36600.0,1500,Buy,225906912
2024-07-24 09:40:27,36600.0,3400,Buy,225906911
2024-07-24 09:40:32,36600.0,600,Sell,225907015
2024-07-24 09:40:40,36650.0,1000,Buy,225907183
2024-07-24 09:40:40,36650.0,500,Buy,225907182
2024-07-24 09:40:43,36700.0,500,Buy,225907276
2024-07-24 09:40:43,36700.0,5000,Buy,225907277
2024-07-24 09:40:43,36700.0,1000,Buy,225907278
2024-07-24 09:40:43,36700.0,100,Buy,225907279
2024-07-24 09:40:43,36700.0,5000,Buy,225907280
2024-07-24 09:40:43,36700.0,100,Buy,225907281
2024-07-24 09:40:43,36700.0,1900,Buy,225907282
2024-07-24 09:40:52,36800.0,2500,Buy,225907564
2024-07-24 09:40:52,36800.0,100,Buy,225907563
2024-07-24 09:40:52,36750.0,100,Buy,225907562
2024-07-24 09:40:52,36700.0,100,Buy,225907560
2024-07-24 09:40:52,36700.0,100,Buy,225907559
2024-07-24 09:40:52,36750.0,100,Buy,225907561
2024-07-24 09:41:03,36800.0,1000,Buy,225907782
2024-07-24 09:41:11,36800.0,100,Buy,225908040
2024-07-24 09:41:26,36800.0,1000,Buy,225908436
2024-07-24 09:41:32,36800.0,400,Buy,225908624
2024-07-24 09:41:32,36800.0,100,Buy,225908625
2024-07-24 09:41:52,36800.0,100,Buy,225909059
2024-07-24 09:41:52,36800.0,100,Buy,225909060
2024-07-24 09:41:59,36800.0,200,Buy,225909200
2024-07-24 09:42:04,36800.0,100,Buy,225909342
2024-07-24 09:42:04,36800.0,1100,Buy,225909341
2024-07-24 09:42:13,36800.0,500,Sell,225909640
2024-07-24 09:42:19,36850.0,100,Buy,225909729
2024-07-24 09:42:20,36800.0,1000,Sell,225909759
2024-07-24 09:42:20,36800.0,2000,Sell,225909760
2024-07-24 09:42:20,36800.0,200,Sell,225909761
2024-07-24 09:42:25,36800.0,100,Buy,225909867
2024-07-24 09:42:26,36800.0,200,Buy,225909891
2024-07-24 09:42:27,36800.0,100,Buy,225909924
2024-07-24 09:42:35,36800.0,100,Buy,225910090
2024-07-24 09:42:39,36800.0,100,Buy,225910166
2024-07-24 09:42:43,36800.0,100,Buy,225910276
2024-07-24 09:42:46,36800.0,100,Buy,225910335
2024-07-24 09:42:47,36800.0,100,Buy,225910345
2024-07-24 09:42:48,36800.0,400,Buy,225910385
2024-07-24 09:42:48,36800.0,100,Buy,225910384
2024-07-24 09:42:55,36800.0,100,Buy,225910594
2024-07-24 09:43:02,36800.0,100,Buy,225910804
2024-07-24 09:43:04,36800.0,300,Buy,225910819
2024-07-24 09:43:16,36800.0,100,Buy,225911099
2024-07-24 09:43:36,36800.0,100,Buy,225911493
2024-07-24 09:43:41,36800.0,500,Buy,225911596
2024-07-24 09:43:47,36800.0,900,Buy,225911754
2024-07-24 09:43:49,36800.0,300,Buy,225911836
2024-07-24 09:43:53,36800.0,1000,Buy,225911923
2024-07-24 09:43:53,36800.0,500,Buy,225911922
2024-07-24 09:43:53,36800.0,200,Buy,225911919
2024-07-24 09:43:53,36800.0,200,Buy,225911921
2024-07-24 09:43:53,36800.0,1000,Buy,225911920
2024-07-24 09:43:55,36800.0,300,Buy,225912001
2024-07-24 09:44:00,36800.0,100,Buy,225912105
2024-07-24 09:44:05,36800.0,100,Buy,225912227
2024-07-24 09:44:07,36750.0,100,Sell,225912253
2024-07-24 09:44:07,36750.0,200,Sell,225912254
2024-07-24 09:44:07,36750.0,500,Sell,225912255
2024-07-24 09:44:07,36750.0,9100,Sell,225912256
2024-07-24 09:44:07,36750.0,100,Sell,225912252
2024-07-24 09:44:18,36750.0,100,Sell,225912496
2024-07-24 09:44:21,36750.0,400,Sell,225912566
2024-07-24 09:44:22,36750.0,100,Sell,225912609
2024-07-24 09:44:33,36750.0,300,Sell,225912864
2024-07-24 09:44:33,36750.0,700,Sell,225912865
2024-07-24 09:44:36,36750.0,100,Sell,225912950
2024-07-24 09:44:39,36750.0,800,Sell,225912991
2024-07-24 09:44:39,36750.0,200,Sell,225912990
2024-07-24 09:44:42,36750.0,100,Sell,225913044
2024-07-24 09:44:43,36750.0,100,Sell,225913063
2024-07-24 09:44:43,36750.0,100,Sell,225913064
2024-07-24 09:44:43,36750.0,300,Sell,225913065
2024-07-24 09:44:47,36750.0,700,Sell,225913152
2024-07-24 09:44:47,36750.0,300,Sell,225913153
2024-07-24 09:44:47,36750.0,2000,Sell,225913154
2024-07-24 09:44:47,36750.0,100,Sell,225913155
2024-07-24 09:45:04,36750.0,1000,Buy,225913547
2024-07-24 09:45:12,36750.0,900,Buy,225913807
2024-07-24 09:45:12,36750.0,100,Buy,225913806
2024-07-24 09:45:44,36750.0,800,Buy,225914533
2024-07-24 09:45:53,36700.0,200,Sell,225914755
2024-07-24 09:45:53,36700.0,100,Sell,225914756
2024-07-24 09:45:53,36700.0,200,Sell,225914757
2024-07-24 09:45:53,36700.0,1200,Sell,225914758
2024-07-24 09:45:53,36700.0,300,Sell,225914759
2024-07-24 09:46:04,36700.0,700,Sell,225914982
2024-07-24 09:46:04,36700.0,300,Sell,225914983
2024-07-24 09:46:04,36750.0,300,Buy,225914984
2024-07-24 09:46:04,36750.0,700,Buy,225914985
2024-07-24 09:46:17,36700.0,500,Sell,225915251
2024-07-24 09:46:19,36700.0,100,Sell,225915282
2024-07-24 09:46:23,36700.0,500,Sell,225915369
2024-07-24 09:46:23,36700.0,200,Sell,225915370
2024-07-24 09:46:51,36700.0,100,Buy,225915994
2024-07-24 09:46:51,36700.0,500,Buy,225916022
2024-07-24 09:46:52,36650.0,100,Sell,225916033
2024-07-24 09:46:55,36700.0,1000,Buy,225916111
2024-07-24 09:46:57,36650.0,400,Sell,225916177
2024-07-24 09:46:57,36650.0,200,Sell,225916178
2024-07-24 09:46:59,36700.0,100,Buy,225916229
2024-07-24 09:47:09,36650.0,200,Sell,225916459
2024-07-24 09:47:09,36650.0,800,Sell,225916458
2024-07-24 09:47:18,36650.0,100,Sell,225916647
2024-07-24 09:47:18,36650.0,300,Sell,225916645
2024-07-24 09:47:18,36650.0,100,Sell,225916646
2024-07-24 09:47:32,36650.0,100,Buy,225917150
2024-07-24 09:47:36,36650.0,400,Buy,225917202
2024-07-24 09:47:40,36650.0,1000,Sell,225917262
2024-07-24 09:48:01,36650.0,1000,Sell,225918003
2024-07-24 09:48:04,36650.0,500,Sell,225918071
2024-07-24 09:48:08,36650.0,100,Sell,225918207
2024-07-24 09:48:13,36650.0,100,Sell,225918345
2024-07-24 09:48:26,36650.0,2000,Sell,225918702
2024-07-24 09:48:49,36650.0,500,Sell,225919256
2024-07-24 09:49:08,36650.0,200,Sell,225919719
2024-07-24 09:49:21,36650.0,1000,Sell,225920016
2024-07-24 09:49:47,36700.0,500,Buy,225920768
2024-07-24 09:49:47,36700.0,2000,Buy,225920769
2024-07-24 09:49:47,36700.0,600,Buy,225920767
2024-07-24 09:49:49,36700.0,100,Buy,225920814
2024-07-24 09:49:49,36700.0,100,Buy,225920815
2024-07-24 09:49:49,36700.0,1000,Buy,225920816
2024-07-24 09:49:56,36750.0,1000,Buy,225920982
2024-07-24 09:49:56,36750.0,1000,Buy,225920983
2024-07-24 09:49:57,36750.0,100,Buy,225921005
2024-07-24 09:49:57,36750.0,500,Buy,225921004
2024-07-24 09:49:57,36750.0,1000,Buy,225921003
2024-07-24 09:49:57,36750.0,200,Buy,225921001
2024-07-24 09:49:57,36750.0,2000,Buy,225921000
2024-07-24 09:49:57,36750.0,2000,Buy,225920999
2024-07-24 09:49:57,36750.0,2000,Buy,225921002
2024-07-24 09:50:20,36800.0,100,Buy,225921638
2024-07-24 09:50:33,36800.0,200,Buy,225922016
2024-07-24 09:50:38,36750.0,400,Sell,225922182
2024-07-24 09:50:38,36800.0,100,Buy,225922154
2024-07-24 09:50:38,36800.0,100,Buy,225922153
2024-07-24 09:50:38,36800.0,3000,Buy,225922155
2024-07-24 09:50:38,36800.0,100,Buy,225922151
2024-07-24 09:50:38,36800.0,1000,Buy,225922150
2024-07-24 09:50:38,36800.0,200,Buy,225922149
2024-07-24 09:50:38,36800.0,500,Buy,225922152
2024-07-24 09:50:41,36800.0,3700,Buy,225922277
2024-07-24 09:50:41,36800.0,500,Buy,225922278
2024-07-24 09:50:41,36800.0,700,Buy,225922279
2024-07-24 09:50:41,36800.0,1000,Buy,225922280
2024-07-24 09:50:41,36800.0,1000,Buy,225922281
2024-07-24 09:50:41,36800.0,100,Buy,225922282
2024-07-24 09:50:41,36800.0,200,Buy,225922283
2024-07-24 09:50:41,36800.0,100,Buy,225922284
2024-07-24 09:50:48,36800.0,300,Sell,225922485
2024-07-24 09:50:49,36800.0,2100,Sell,225922500
2024-07-24 09:50:56,36800.0,300,Sell,225922668
2024-07-24 09:50:56,36800.0,800,Sell,225922669
2024-07-24 09:51:12,36800.0,800,Buy,225923114
2024-07-24 09:51:21,36750.0,200,Sell,225923389
2024-07-24 09:51:32,36750.0,800,Buy,225923653
2024-07-24 09:52:10,36750.0,1600,Sell,225924573
2024-07-24 09:52:18,36800.0,100,Buy,225924741
2024-07-24 09:52:30,36800.0,400,Buy,225925103
2024-07-24 09:52:41,36750.0,100,Sell,225925554
2024-07-24 09:52:50,36800.0,100,Buy,225925803
2024-07-24 09:53:00,36800.0,200,Buy,225926088
2024-07-24 09:53:00,36800.0,100,Buy,225926087
2024-07-24 09:53:00,36800.0,1000,Buy,225926086
2024-07-24 09:53:00,36800.0,2200,Buy,225926085
2024-07-24 09:53:00,36800.0,500,Buy,225926083
2024-07-24 09:53:00,36800.0,2000,Buy,225926082
2024-07-24 09:53:00,36800.0,1000,Buy,225926081
2024-07-24 09:53:00,36800.0,500,Buy,225926080
2024-07-24 09:53:00,36800.0,500,Buy,225926084
2024-07-24 09:53:26,36750.0,5000,Sell,225927146
2024-07-24 09:53:27,36800.0,1000,Buy,225927164
2024-07-24 09:53:42,36800.0,100,Buy,225927588
2024-07-24 09:53:45,36750.0,5000,Sell,225927684
2024-07-24 09:53:56,36750.0,100,Sell,225928198
2024-07-24 09:53:56,36750.0,5000,Sell,225928199
2024-07-24 09:53:58,36800.0,300,Buy,225928382
2024-07-24 09:53:58,36800.0,700,Buy,225928381
2024-07-24 09:54:01,36750.0,300,Sell,225928530
2024-07-24 09:54:02,36750.0,400,Sell,225928586
2024-07-24 09:54:11,36750.0,100,Sell,225928946
2024-07-24 09:54:23,36750.0,500,Sell,225929350
2024-07-24 09:54:24,36750.0,100,Sell,225929462
2024-07-24 09:54:25,36750.0,1000,Sell,225929496
2024-07-24 09:54:28,36750.0,500,Sell,225929587
2024-07-24 09:54:33,36750.0,500,Sell,225929805
2024-07-24 09:54:35,36750.0,500,Sell,225929856
2024-07-24 09:54:40,36750.0,100,Sell,225929959
2024-07-24 09:54:43,36750.0,300,Sell,225930056
2024-07-24 09:54:49,36750.0,2000,Sell,225930227
2024-07-24 09:54:52,36750.0,200,Sell,225930287
2024-07-24 09:54:55,36750.0,1300,Sell,225930360
2024-07-24 09:54:59,36750.0,5000,Sell,225930512
2024-07-24 09:55:00,36750.0,100,Sell,225930529
2024-07-24 09:55:05,36750.0,2000,Sell,225930619
2024-07-24 09:55:06,36750.0,1300,Sell,225930641
2024-07-24 09:55:06,36750.0,400,Sell,225930642
2024-07-24 09:55:06,36750.0,300,Sell,225930643
2024-07-24 09:55:08,36750.0,300,Sell,225930726
2024-07-24 09:55:08,36750.0,100,Sell,225930771
2024-07-24 09:55:11,36750.0,100,Sell,225930909
2024-07-24 09:55:16,36750.0,1000,Sell,225931027
2024-07-24 09:55:17,36750.0,2000,Sell,225931038
2024-07-24 09:55:18,36750.0,500,Sell,225931076
2024-07-24 09:55:20,36750.0,2000,Sell,225931146
2024-07-24 09:55:22,36750.0,300,Sell,225931224
2024-07-24 09:55:27,36750.0,1000,Sell,225931348
2024-07-24 09:55:30,36750.0,300,Sell,225931418
2024-07-24 09:55:30,36750.0,100,Sell,225931419
2024-07-24 09:55:31,36750.0,200,Sell,225931434
2024-07-24 09:55:32,36750.0,100,Sell,225931516
2024-07-24 09:55:33,36750.0,1000,Sell,225931521
2024-07-24 09:55:34,36750.0,1000,Sell,225931565
2024-07-24 09:55:36,36750.0,900,Sell,225931600
2024-07-24 09:55:37,36750.0,1000,Sell,225931641
2024-07-24 09:55:37,36750.0,1000,Sell,225931642
2024-07-24 09:55:38,36750.0,100,Sell,225931659
2024-07-24 09:55:41,36750.0,100,Sell,225931760
2024-07-24 09:55:41,36750.0,500,Sell,225931727
2024-07-24 09:55:43,36750.0,1900,Sell,225931792
2024-07-24 09:55:43,36750.0,100,Sell,225931793
2024-07-24 09:55:46,36750.0,500,Buy,225931890
2024-07-24 09:55:51,36700.0,700,Sell,225932002
2024-07-24 09:55:51,36700.0,100,Sell,225932003
2024-07-24 09:55:51,36700.0,100,Sell,225932004
2024-07-24 09:56:01,36700.0,100,Sell,225932353
2024-07-24 09:56:10,36700.0,500,Sell,225932759
2024-07-24 09:56:11,36750.0,200,Buy,225932797
2024-07-24 09:56:11,36700.0,300,Sell,225932796
2024-07-24 09:56:11,36750.0,800,Buy,225932794
2024-07-24 09:56:24,36700.0,100,Sell,225933158
2024-07-24 09:56:30,36700.0,100,Buy,225933286
2024-07-24 09:56:45,36700.0,100,Buy,225933688
2024-07-24 09:56:45,36700.0,1000,Buy,225933689
2024-07-24 09:56:46,36700.0,900,Sell,225933694
2024-07-24 09:56:47,36650.0,200,Sell,225933723
2024-07-24 09:56:47,36650.0,200,Sell,225933724
2024-07-24 09:56:47,36650.0,300,Sell,225933725
2024-07-24 09:56:47,36650.0,100,Sell,225933726
2024-07-24 09:56:47,36650.0,400,Sell,225933727
2024-07-24 09:56:47,36650.0,100,Sell,225933728
2024-07-24 09:57:31,36600.0,100,Sell,225935307
2024-07-24 09:57:31,36600.0,300,Sell,225935308
2024-07-24 09:57:48,36600.0,100,Sell,225935918
2024-07-24 09:57:52,36600.0,100,Sell,225936049
2024-07-24 09:57:53,36600.0,300,Sell,225936187
2024-07-24 09:57:54,36600.0,200,Sell,225936192
2024-07-24 09:57:56,36600.0,100,Sell,225936308
2024-07-24 09:57:56,36600.0,100,Sell,225936307
2024-07-24 09:57:56,36600.0,100,Sell,225936306
2024-07-24 09:57:56,36600.0,100,Sell,225936304
2024-07-24 09:57:56,36600.0,100,Sell,225936303
2024-07-24 09:57:56,36600.0,500,Sell,225936305
2024-07-24 09:57:56,36600.0,1000,Sell,225936301
2024-07-24 09:57:56,36600.0,300,Sell,225936296
2024-07-24 09:57:56,36600.0,800,Sell,225936297
2024-07-24 09:57:56,36600.0,1000,Sell,225936302
2024-07-24 09:57:56,36600.0,2400,Sell,225936299
2024-07-24 09:57:56,36600.0,1000,Sell,225936298
2024-07-24 09:57:56,36600.0,100,Sell,225936300
2024-07-24 09:57:58,36600.0,100,Buy,225936379
2024-07-24 09:58:29,36550.0,200,Sell,225937609
2024-07-24 09:58:29,36550.0,100,Sell,225937613
2024-07-24 09:58:29,36550.0,1000,Sell,225937612
2024-07-24 09:58:29,36550.0,200,Sell,225937608
2024-07-24 09:58:29,36550.0,200,Sell,225937610
2024-07-24 09:58:29,36550.0,300,Sell,225937611
2024-07-24 09:58:46,36550.0,1900,Sell,225938170
2024-07-24 09:58:46,36550.0,1000,Sell,225938171
2024-07-24 09:58:46,36550.0,100,Sell,225938172
2024-07-24 09:58:46,36550.0,2000,Sell,225938173
2024-07-24 09:58:47,36550.0,400,Sell,225938197
2024-07-24 09:58:47,36550.0,100,Sell,225938195
2024-07-24 09:58:47,36550.0,100,Sell,225938196
2024-07-24 09:58:47,36550.0,500,Sell,225938193
2024-07-24 09:58:47,36550.0,1000,Sell,225938192
2024-07-24 09:58:47,36550.0,1500,Sell,225938194
2024-07-24 09:59:15,36500.0,200,Sell,225939223
2024-07-24 09:59:21,36500.0,500,Sell,225939526
2024-07-24 09:59:30,36500.0,300,Sell,225939843
2024-07-24 09:59:30,36500.0,500,Sell,225939842
2024-07-24 09:59:30,36500.0,600,Sell,225939841
2024-07-24 09:59:30,36500.0,300,Sell,225939840
2024-07-24 09:59:30,36500.0,600,Sell,225939839
2024-07-24 09:59:30,36500.0,5000,Sell,225939837
2024-07-24 09:59:30,36500.0,1000,Sell,225939836
2024-07-24 09:59:30,36500.0,100,Sell,225939835
2024-07-24 09:59:30,36500.0,100,Sell,225939834
2024-07-24 09:59:30,36500.0,100,Sell,225939833
2024-07-24 09:59:30,36500.0,4300,Sell,225939832
2024-07-24 09:59:30,36500.0,100,Sell,225939838
2024-07-24 09:59:32,36500.0,400,Sell,225939913
2024-07-24 09:59:37,36500.0,200,Sell,225940295
2024-07-24 09:59:37,36500.0,200,Sell,225940293
2024-07-24 09:59:37,36500.0,200,Sell,225940294
2024-07-24 09:59:37,36500.0,2700,Sell,225940291
2024-07-24 09:59:37,36500.0,1300,Sell,225940290
2024-07-24 09:59:37,36500.0,200,Sell,225940292
2024-07-24 09:59:40,36500.0,200,Buy,225940452
2024-07-24 10:00:04,36500.0,800,Sell,225941498
2024-07-24 10:00:04,36500.0,100,Sell,225941499
2024-07-24 10:00:23,36500.0,100,Buy,225942353
2024-07-24 10:00:23,36500.0,900,Buy,225942354
2024-07-24 10:00:32,36500.0,200,Buy,225942811
2024-07-24 10:00:51,36450.0,200,Sell,225943700
2024-07-24 10:00:54,36450.0,100,Sell,225943800
2024-07-24 10:00:54,36450.0,100,Sell,225943799
2024-07-24 10:00:54,36450.0,200,Sell,225943798
2024-07-24 10:00:54,36450.0,500,Sell,225943796
2024-07-24 10:00:54,36450.0,100,Sell,225943797
2024-07-24 10:01:05,36450.0,300,Sell,225944387
2024-07-24 10:01:05,36450.0,1000,Sell,225944389
2024-07-24 10:01:05,36450.0,1900,Sell,225944386
2024-07-24 10:01:05,36450.0,200,Sell,225944388
2024-07-24 10:01:15,36400.0,100,Sell,225945103
2024-07-24 10:01:15,36400.0,100,Sell,225945104
2024-07-24 10:01:15,36400.0,1700,Sell,225945105
2024-07-24 10:01:15,36400.0,100,Sell,225945106
2024-07-24 10:01:15,36400.0,5000,Sell,225945107
2024-07-24 10:01:30,36400.0,1000,Sell,225945780
2024-07-24 10:01:35,36400.0,2100,Sell,225946063
2024-07-24 10:01:53,36400.0,400,Sell,225947020
2024-07-24 10:01:53,36400.0,200,Sell,225947019
2024-07-24 10:01:53,36400.0,100,Sell,225947018
2024-07-24 10:01:53,36400.0,100,Sell,225947017
2024-07-24 10:01:53,36400.0,1100,Sell,225947016
2024-07-24 10:01:56,36400.0,300,Sell,225947306
2024-07-24 10:01:57,36400.0,700,Sell,225947340
2024-07-24 10:01:57,36400.0,100,Sell,225947377
2024-07-24 10:02:10,36400.0,800,Sell,225948178
2024-07-24 10:02:10,36400.0,1000,Sell,225948179
2024-07-24 10:02:17,36400.0,500,Sell,225948598
2024-07-24 10:02:21,36400.0,500,Sell,225948919
2024-07-24 10:02:28,36400.0,100,Sell,225949400
2024-07-24 10:02:41,36400.0,3000,Sell,225950227
2024-07-24 10:02:41,36400.0,300,Sell,225950226
2024-07-24 10:02:41,36400.0,600,Sell,225950222
2024-07-24 10:02:41,36400.0,500,Sell,225950224
2024-07-24 10:02:41,36400.0,100,Sell,225950223
2024-07-24 10:02:41,36400.0,200,Sell,225950225
2024-07-24 10:02:45,36400.0,500,Sell,225950499
2024-07-24 10:02:45,36400.0,200,Sell,225950500
2024-07-24 10:02:45,36400.0,100,Sell,225950497
2024-07-24 10:02:45,36400.0,2000,Sell,225950496
2024-07-24 10:02:45,36400.0,200,Sell,225950498
2024-07-24 10:03:15,36450.0,200,Buy,225952221
2024-07-24 10:03:21,36400.0,100,Sell,225952588
2024-07-24 10:03:25,36400.0,500,Sell,225952877
2024-07-24 10:03:25,36400.0,1900,Sell,225952878
2024-07-24 10:03:25,36400.0,100,Sell,225952879
2024-07-24 10:03:25,36400.0,500,Sell,225952880
2024-07-24 10:03:25,36400.0,1000,Sell,225952881
2024-07-24 10:03:32,36400.0,200,Buy,225953300
2024-07-24 10:03:35,36400.0,800,Buy,225953471
2024-07-24 10:03:43,36400.0,100,Buy,225953988
2024-07-24 10:03:49,36400.0,200,Buy,225954269
2024-07-24 10:04:01,36400.0,1000,Buy,225954853
2024-07-24 10:04:03,36400.0,300,Buy,225954928
2024-07-24 10:04:09,36400.0,500,Buy,225955189
2024-07-24 10:04:11,36300.0,1300,Sell,225955269
2024-07-24 10:04:11,36350.0,2000,Sell,225955268
2024-07-24 10:04:11,36350.0,200,Sell,225955267
2024-07-24 10:04:11,36350.0,200,Sell,225955266
2024-07-24 10:04:11,36350.0,200,Sell,225955261
2024-07-24 10:04:11,36350.0,500,Sell,225955264
2024-07-24 10:04:11,36350.0,1000,Sell,225955263
2024-07-24 10:04:11,36350.0,300,Sell,225955262
2024-07-24 10:04:11,36350.0,300,Sell,225955265
2024-07-24 10:04:12,36400.0,2000,Buy,225955308
2024-07-24 10:04:13,36400.0,100,Buy,225955328
2024-07-24 10:04:13,36400.0,400,Buy,225955327
2024-07-24 10:04:14,36400.0,300,Buy,225955352
2024-07-24 10:04:14,36400.0,300,Buy,225955353
2024-07-24 10:04:14,36300.0,100,Sell,225955385
2024-07-24 10:04:14,36400.0,1400,Sell,225955384
2024-07-24 10:04:17,36400.0,400,Buy,225955517
2024-07-24 10:04:18,36400.0,200,Buy,225955557
2024-07-24 10:04:24,36450.0,800,Buy,225955769
2024-07-24 10:04:24,36450.0,100,Buy,225955770
2024-07-24 10:04:24,36450.0,5000,Buy,225955771
2024-07-24 10:04:24,36450.0,100,Buy,225955772
2024-07-24 10:04:25,36450.0,100,Buy,225955870
2024-07-24 10:04:25,36450.0,2000,Buy,225955869
2024-07-24 10:04:25,36450.0,2000,Buy,225955868
2024-07-24 10:04:31,36400.0,500,Sell,225956056
2024-07-24 10:04:31,36400.0,500,Sell,225956057
2024-07-24 10:04:35,36450.0,100,Buy,225956294
2024-07-24 10:04:36,36500.0,1900,Buy,225956343
2024-07-24 10:04:36,36500.0,4800,Buy,225956344
2024-07-24 10:04:36,36500.0,100,Buy,225956345
2024-07-24 10:04:36,36500.0,500,Buy,225956346
2024-07-24 10:04:36,36500.0,200,Buy,225956347
2024-07-24 10:04:36,36500.0,300,Buy,225956348
2024-07-24 10:04:36,36500.0,600,Buy,225956349
2024-07-24 10:05:02,36450.0,100,Sell,225957279
2024-07-24 10:05:02,36450.0,200,Sell,225957278
2024-07-24 10:05:07,36500.0,800,Buy,225957442
2024-07-24 10:05:11,36450.0,1100,Sell,225957582
2024-07-24 10:05:17,36500.0,100,Buy,225957799
2024-07-24 10:05:17,36500.0,1300,Buy,225957800
2024-07-24 10:05:21,36500.0,200,Buy,225957959
2024-07-24 10:05:34,36450.0,1300,Sell,225958417
2024-07-24 10:05:44,36500.0,200,Sell,225958672
2024-07-24 10:05:48,36550.0,4500,Buy,225958946
2024-07-24 10:05:50,36500.0,100,Sell,225959023
2024-07-24 10:06:04,36500.0,400,Sell,225959442
2024-07-24 10:06:04,36500.0,1500,Sell,225959441
2024-07-24 10:06:04,36500.0,1500,Sell,225959428
2024-07-24 10:06:04,36500.0,3100,Sell,225959429
2024-07-24 10:06:13,36500.0,1000,Buy,225959738
2024-07-24 10:06:20,36500.0,1000,Buy,225959891
2024-07-24 10:06:26,36500.0,12600,Buy,225960090
2024-07-24 10:06:26,36500.0,100,Buy,225960091
2024-07-24 10:06:26,36500.0,5000,Buy,225960092
2024-07-24 10:06:53,36500.0,500,Sell,225960902
2024-07-24 10:06:54,36500.0,1800,Sell,225960951
2024-07-24 10:06:54,36500.0,600,Sell,225960952
2024-07-24 10:07:08,36500.0,500,Buy,225961340
2024-07-24 10:07:11,36500.0,200,Buy,225961439
2024-07-24 10:07:23,36500.0,1000,Buy,225961912
2024-07-24 10:08:11,36500.0,500,Buy,225963529
2024-07-24 10:08:18,36500.0,100,Buy,225963861
2024-07-24 10:08:52,36500.0,200,Buy,225964931
2024-07-24 10:09:07,36500.0,100,Buy,225965431
2024-07-24 10:09:07,36500.0,100,Buy,225965433
2024-07-24 10:09:15,36500.0,1000,Buy,225965574
2024-07-24 10:09:52,36500.0,500,Buy,225966528
2024-07-24 10:10:08,36450.0,100,Sell,225967003
2024-07-24 10:10:40,36500.0,500,Buy,225967930
2024-07-24 10:10:41,36450.0,100,Sell,225967955
2024-07-24 10:10:41,36450.0,300,Sell,225967956
2024-07-24 10:10:41,36450.0,100,Sell,225967957
2024-07-24 10:10:51,36450.0,200,Sell,225968217
2024-07-24 10:10:51,36450.0,300,Sell,225968215
2024-07-24 10:10:51,36450.0,400,Sell,225968216
2024-07-24 10:11:03,36450.0,1000,Sell,225968595
2024-07-24 10:11:11,36450.0,300,Sell,225968849
2024-07-24 10:11:11,36450.0,400,Sell,225968850
2024-07-24 10:11:17,36450.0,400,Sell,225969012
2024-07-24 10:11:38,36500.0,1000,Buy,225969535
2024-07-24 10:11:40,36500.0,1900,Buy,225969604
2024-07-24 10:11:40,36500.0,100,Buy,225969605
2024-07-24 10:11:43,36450.0,900,Sell,225969674
2024-07-24 10:11:43,36450.0,1000,Sell,225969672
2024-07-24 10:11:43,36450.0,200,Sell,225969673
2024-07-24 10:11:43,36450.0,100,Sell,225969670
2024-07-24 10:11:43,36450.0,200,Sell,225969669
2024-07-24 10:11:43,36450.0,100,Sell,225969671
2024-07-24 10:12:08,36450.0,100,Sell,225970300
2024-07-24 10:12:08,36450.0,100,Sell,225970301
2024-07-24 10:12:08,36450.0,1000,Sell,225970302
2024-07-24 10:12:27,36400.0,200,Sell,225970717
2024-07-24 10:12:30,36450.0,500,Buy,225970778
2024-07-24 10:12:50,36450.0,100,Buy,225971257
2024-07-24 10:12:50,36450.0,100,Buy,225971258
2024-07-24 10:13:00,36350.0,5000,Sell,225971517
2024-07-24 10:13:00,36350.0,100,Sell,225971518
2024-07-24 10:13:00,36350.0,800,Sell,225971516
2024-07-24 10:13:00,36300.0,300,Sell,225971522
2024-07-24 10:13:00,36300.0,1500,Sell,225971523
2024-07-24 10:13:00,36350.0,100,Sell,225971519
2024-07-24 10:13:00,36400.0,2000,Sell,225971515
2024-07-24 10:13:00,36300.0,400,Sell,225971521
2024-07-24 10:13:00,36400.0,1000,Sell,225971513
2024-07-24 10:13:00,36400.0,3000,Sell,225971514
2024-07-24 10:13:00,36400.0,300,Sell,225971507
2024-07-24 10:13:00,36400.0,200,Sell,225971508
2024-07-24 10:13:00,36400.0,100,Sell,225971509
2024-07-24 10:13:00,36350.0,500,Sell,225971520
2024-07-24 10:13:00,36400.0,500,Sell,225971510
2024-07-24 10:13:00,36400.0,100,Sell,225971512
2024-07-24 10:13:00,36400.0,100,Sell,225971511
2024-07-24 10:13:16,36300.0,500,Sell,225972071
2024-07-24 10:13:16,36300.0,300,Sell,225972072
2024-07-24 10:13:16,36300.0,1200,Sell,225972073
2024-07-24 10:13:18,36300.0,100,Sell,225972126
2024-07-24 10:13:51,36400.0,200,Buy,225973274
2024-07-24 10:13:53,36400.0,100,Buy,225973345
2024-07-24 10:13:59,36400.0,100,Sell,225973513
2024-07-24 10:13:59,36350.0,1900,Sell,225973514
2024-07-24 10:14:08,36400.0,100,Sell,225973856
2024-07-24 10:14:08,36350.0,900,Sell,225973857
2024-07-24 10:14:20,36400.0,100,Sell,225974159
2024-07-24 10:14:23,36400.0,400,Sell,225974248
2024-07-24 10:14:34,36400.0,500,Sell,225974533
2024-07-24 10:14:57,36400.0,300,Buy,225975475
2024-07-24 10:14:58,36350.0,100,Sell,225975480
2024-07-24 10:15:01,36350.0,500,Sell,225975572
2024-07-24 10:15:12,36400.0,200,Buy,225975870
2024-07-24 10:15:12,36400.0,800,Buy,225975871
2024-07-24 10:15:31,36400.0,200,Buy,225976455
2024-07-24 10:15:31,36400.0,500,Buy,225976456
2024-07-24 10:15:31,36400.0,100,Buy,225976457
2024-07-24 10:15:40,36400.0,100,Buy,225976755
2024-07-24 10:15:43,36400.0,500,Buy,225976807
2024-07-24 10:15:56,36350.0,1100,Sell,225977207
2024-07-24 10:16:04,36400.0,1000,Buy,225977473
2024-07-24 10:16:05,36350.0,100,Sell,225977521
2024-07-24 10:16:09,36400.0,100,Buy,225977662
2024-07-24 10:16:16,36350.0,300,Sell,225977861
2024-07-24 10:16:19,36350.0,200,Sell,225977963
2024-07-24 10:16:27,36350.0,700,Sell,225978231
2024-07-24 10:16:28,36350.0,800,Sell,225978242
2024-07-24 10:16:29,36350.0,1900,Sell,225978289
2024-07-24 10:16:29,36350.0,1900,Sell,225978290
2024-07-24 10:16:35,36350.0,500,Sell,225978469
2024-07-24 10:16:35,36350.0,500,Sell,225978468
2024-07-24 10:16:35,36350.0,200,Sell,225978467
2024-07-24 10:16:35,36350.0,100,Sell,225978466
2024-07-24 10:16:35,36350.0,500,Sell,225978464
2024-07-24 10:16:35,36350.0,1000,Sell,225978463
2024-07-24 10:16:35,36350.0,200,Sell,225978462
2024-07-24 10:16:35,36350.0,600,Sell,225978461
2024-07-24 10:16:35,36350.0,100,Sell,225978465
2024-07-24 10:16:46,36300.0,100,Sell,225978903
2024-07-24 10:16:54,36300.0,500,Sell,225979215
2024-07-24 10:16:58,36300.0,900,Sell,225979401
2024-07-24 10:16:58,36300.0,100,Sell,225979402
2024-07-24 10:17:02,36300.0,500,Sell,225979550
2024-07-24 10:17:02,36300.0,1000,Sell,225979588
2024-07-24 10:17:02,36300.0,100,Sell,225979552
2024-07-24 10:17:02,36300.0,200,Sell,225979551
2024-07-24 10:17:02,36300.0,800,Sell,225979549
2024-07-24 10:17:02,36300.0,100,Sell,225979543
2024-07-24 10:17:02,36300.0,100,Sell,225979547
2024-07-24 10:17:02,36300.0,100,Sell,225979546
2024-07-24 10:17:02,36300.0,100,Sell,225979545
2024-07-24 10:17:02,36300.0,200,Sell,225979544
2024-07-24 10:17:02,36300.0,300,Sell,225979542
2024-07-24 10:17:02,36300.0,500,Sell,225979548
2024-07-24 10:17:11,36300.0,500,Sell,225979865
2024-07-24 10:17:16,36300.0,400,Sell,225980188
2024-07-24 10:17:16,36300.0,500,Sell,225980189
2024-07-24 10:17:16,36300.0,100,Sell,225980190
2024-07-24 10:17:16,36300.0,600,Sell,225980193
2024-07-24 10:17:20,36300.0,400,Sell,225980469
2024-07-24 10:17:20,36300.0,600,Sell,225980470
2024-07-24 10:17:29,36300.0,500,Sell,225980881
2024-07-24 10:17:32,36300.0,300,Sell,225981006
2024-07-24 10:17:38,36300.0,700,Sell,225981261
2024-07-24 10:18:08,36300.0,100,Sell,225982504
2024-07-24 10:18:11,36300.0,1600,Sell,225982559
2024-07-24 10:18:11,36300.0,100,Sell,225982560
2024-07-24 10:18:11,36300.0,100,Sell,225982561
2024-07-24 10:18:11,36300.0,200,Sell,225982562
2024-07-24 10:18:18,36150.0,600,Sell,225982863
2024-07-24 10:18:18,36200.0,1000,Sell,225982856
2024-07-24 10:18:18,36200.0,400,Sell,225982862
2024-07-24 10:18:18,36200.0,200,Sell,225982861
2024-07-24 10:18:18,36200.0,100,Sell,225982860
2024-07-24 10:18:18,36200.0,200,Sell,225982859
2024-07-24 10:18:18,36200.0,100,Sell,225982858
2024-07-24 10:18:18,36200.0,300,Sell,225982857
2024-07-24 10:18:18,36200.0,1000,Sell,225982855
2024-07-24 10:18:18,36250.0,100,Sell,225982845
2024-07-24 10:18:18,36200.0,2600,Sell,225982853
2024-07-24 10:18:18,36200.0,100,Sell,225982852
2024-07-24 10:18:18,36200.0,300,Sell,225982851
2024-07-24 10:18:18,36250.0,100,Sell,225982850
2024-07-24 10:18:18,36250.0,100,Sell,225982849
2024-07-24 10:18:18,36250.0,500,Sell,225982848
2024-07-24 10:18:18,36250.0,200,Sell,225982847
2024-07-24 10:18:18,36250.0,1700,Sell,225982846
2024-07-24 10:18:18,36250.0,200,Sell,225982844
2024-07-24 10:18:18,36200.0,200,Sell,225982854
2024-07-24 10:18:25,36150.0,500,Sell,225983165
2024-07-24 10:19:01,36150.0,500,Sell,225984603
2024-07-24 10:19:01,36150.0,200,Sell,225984602
2024-07-24 10:19:01,36150.0,400,Sell,225984604
2024-07-24 10:19:01,36150.0,900,Sell,225984600
2024-07-24 10:19:01,36150.0,200,Sell,225984601
2024-07-24 10:19:01,36200.0,500,Sell,225984599
2024-07-24 10:19:08,36150.0,400,Sell,225984830
2024-07-24 10:19:25,36200.0,100,Buy,225985617
2024-07-24 10:20:06,36200.0,100,Buy,225987450
2024-07-24 10:20:07,36200.0,800,Buy,225987503
2024-07-24 10:20:07,36200.0,400,Buy,225987504
2024-07-24 10:20:07,36200.0,600,Buy,225987505
2024-07-24 10:20:07,36200.0,500,Buy,225987506
2024-07-24 10:20:07,36200.0,100,Buy,225987507
2024-07-24 10:20:13,36200.0,300,Buy,225987836
2024-07-24 10:20:13,36200.0,300,Buy,225987835
2024-07-24 10:20:16,36200.0,200,Sell,225988001
2024-07-24 10:20:29,36200.0,1000,Sell,225988518
2024-07-24 10:20:40,36200.0,200,Sell,225989037
2024-07-24 10:20:40,36200.0,100,Sell,225989038
2024-07-24 10:20:55,36200.0,400,Sell,225989837
2024-07-24 10:20:55,36200.0,100,Sell,225989838
2024-07-24 10:21:04,36200.0,400,Sell,225990663
2024-07-24 10:21:04,36200.0,100,Sell,225990664
2024-07-24 10:21:10,36200.0,800,Sell,225991115
2024-07-24 10:21:16,36200.0,500,Sell,225991611
2024-07-24 10:21:16,36200.0,500,Sell,225991610
2024-07-24 10:21:16,36200.0,200,Sell,225991609
2024-07-24 10:21:16,36200.0,500,Sell,225991607
2024-07-24 10:21:16,36200.0,100,Sell,225991606
2024-07-24 10:21:16,36200.0,100,Sell,225991608
2024-07-24 10:21:19,36200.0,400,Buy,225991793
2024-07-24 10:21:36,36150.0,700,Sell,225992776
2024-07-24 10:21:36,36150.0,100,Sell,225992777
2024-07-24 10:21:36,36150.0,500,Sell,225992778
2024-07-24 10:21:36,36150.0,700,Sell,225992779
2024-07-24 10:21:36,36150.0,800,Sell,225992780
2024-07-24 10:21:36,36150.0,100,Sell,225992781
2024-07-24 10:21:36,36150.0,100,Sell,225992782
2024-07-24 10:21:41,36200.0,500,Buy,225992991
2024-07-24 10:21:43,36200.0,800,Buy,225993113
2024-07-24 10:21:47,36150.0,2800,Sell,225993325
2024-07-24 10:21:47,36150.0,100,Sell,225993323
2024-07-24 10:21:47,36150.0,100,Sell,225993324
2024-07-24 10:21:50,36150.0,200,Sell,225993488
2024-07-24 10:21:50,36150.0,4000,Sell,225993489
2024-07-24 10:21:55,36150.0,100,Buy,225993766
2024-07-24 10:22:01,36150.0,8700,Buy,225994156
2024-07-24 10:22:01,36150.0,4000,Sell,225994190
2024-07-24 10:22:21,36150.0,600,Sell,225995294
2024-07-24 10:22:32,36150.0,10000,Sell,225995856
2024-07-24 10:22:52,36150.0,300,Sell,225996876
2024-07-24 10:22:52,36150.0,200,Sell,225996874
2024-07-24 10:22:52,36150.0,100,Sell,225996875
2024-07-24 10:22:52,36150.0,200,Sell,225996872
2024-07-24 10:22:52,36150.0,100,Sell,225996873
2024-07-24 10:22:52,36150.0,1700,Sell,225996871
2024-07-24 10:22:53,36150.0,400,Buy,225996909
2024-07-24 10:22:53,36150.0,400,Buy,225996910
2024-07-24 10:22:53,36150.0,200,Buy,225996911
2024-07-24 10:22:55,36150.0,200,Buy,225996969
2024-07-24 10:23:02,36150.0,1000,Buy,225997351
2024-07-24 10:23:04,36100.0,400,Sell,225997471
2024-07-24 10:23:04,36100.0,100,Sell,225997470
2024-07-24 10:23:04,36100.0,1300,Sell,225997472
2024-07-24 10:23:04,36150.0,1200,Buy,225997393
2024-07-24 10:23:04,36150.0,300,Buy,225997392
2024-07-24 10:23:04,36100.0,200,Sell,225997469
2024-07-24 10:23:08,36100.0,200,Sell,225997679
2024-07-24 10:23:38,36100.0,500,Sell,225999065
2024-07-24 10:23:39,36100.0,100,Sell,225999086
2024-07-24 10:23:41,36100.0,200,Sell,225999179
2024-07-24 10:23:41,36100.0,200,Sell,225999180
2024-07-24 10:23:41,36100.0,100,Sell,225999181
2024-07-24 10:23:42,36100.0,200,Sell,225999206
2024-07-24 10:23:42,36100.0,1700,Sell,225999207
2024-07-24 10:23:42,36100.0,100,Sell,225999208
2024-07-24 10:23:42,36150.0,2000,Buy,225999223
2024-07-24 10:23:44,36150.0,1500,Buy,225999275
2024-07-24 10:23:45,36150.0,2800,Buy,225999326
2024-07-24 10:23:47,36100.0,100,Sell,225999447
2024-07-24 10:23:47,36100.0,1900,Sell,225999448
2024-07-24 10:24:01,36150.0,400,Sell,226000183
2024-07-24 10:24:01,36100.0,1400,Sell,226000184
2024-07-24 10:24:01,36100.0,100,Sell,226000185
2024-07-24 10:24:01,36100.0,100,Sell,226000186
2024-07-24 10:24:02,36150.0,1000,Sell,226000246
2024-07-24 10:24:05,36100.0,100,Sell,226000484
2024-07-24 10:24:05,36100.0,100,Sell,226000485
2024-07-24 10:24:13,36150.0,200,Sell,226000785
2024-07-24 10:24:13,36150.0,900,Sell,226000786
2024-07-24 10:24:24,36200.0,100,Buy,226001303
2024-07-24 10:24:46,36200.0,500,Buy,226002526
2024-07-24 10:24:54,36150.0,700,Sell,226002823
2024-07-24 10:25:17,36150.0,300,Sell,226003989
2024-07-24 10:25:25,36150.0,200,Sell,226004453
2024-07-24 10:25:25,36150.0,500,Sell,226004454
2024-07-24 10:25:25,36150.0,300,Sell,226004452
2024-07-24 10:25:32,36150.0,200,Sell,226004815
2024-07-24 10:25:33,36150.0,200,Sell,226004836
2024-07-24 10:25:35,36150.0,7500,Sell,226004942
2024-07-24 10:25:35,36150.0,200,Sell,226004943
2024-07-24 10:25:50,36150.0,1000,Buy,226005810
2024-07-24 10:26:05,36100.0,4400,Sell,226006684
2024-07-24 10:26:08,36100.0,1000,Sell,226006919
2024-07-24 10:26:08,36100.0,200,Sell,226006918
2024-07-24 10:26:08,36100.0,100,Sell,226006920
2024-07-24 10:26:08,36100.0,200,Sell,226006916
2024-07-24 10:26:08,36100.0,600,Sell,226006914
2024-07-24 10:26:08,36100.0,200,Sell,226006917
2024-07-24 10:26:08,36100.0,200,Sell,226006915
2024-07-24 10:26:09,36150.0,500,Buy,226007032
2024-07-24 10:26:18,36150.0,600,Buy,226007530
2024-07-24 10:26:38,36150.0,200,Buy,226008665
2024-07-24 10:26:38,36150.0,1500,Buy,226008664
2024-07-24 10:26:38,36150.0,500,Buy,226008663
2024-07-24 10:26:38,36100.0,100,Sell,226008650
2024-07-24 10:26:38,36100.0,100,Sell,226008652
2024-07-24 10:26:38,36100.0,100,Sell,226008651
2024-07-24 10:26:38,36150.0,300,Buy,226008662
2024-07-24 10:26:42,36100.0,400,Sell,226008879
2024-07-24 10:26:42,36100.0,500,Sell,226008880
2024-07-24 10:26:52,36100.0,1000,Sell,226009487
2024-07-24 10:26:52,36100.0,1000,Sell,226009486
2024-07-24 10:26:52,36100.0,1000,Sell,226009485
2024-07-24 10:26:53,36100.0,1000,Buy,226009510
2024-07-24 10:27:04,36100.0,1000,Buy,226010204
2024-07-24 10:27:10,36050.0,1000,Sell,226010619
2024-07-24 10:27:17,36100.0,600,Buy,226011026
2024-07-24 10:27:17,36100.0,400,Buy,226011027
2024-07-24 10:27:20,36050.0,2000,Sell,226011241
2024-07-24 10:27:21,36050.0,200,Sell,226011307
2024-07-24 10:27:30,36050.0,2000,Sell,226011867
2024-07-24 10:27:37,36050.0,1000,Sell,226012307
2024-07-24 10:27:39,36100.0,100,Buy,226012386
2024-07-24 10:27:39,36050.0,1000,Sell,226012371
2024-07-24 10:27:47,36050.0,300,Sell,226013082
2024-07-24 10:27:48,36050.0,2000,Sell,226013116
2024-07-24 10:27:49,36050.0,500,Sell,226013190
2024-07-24 10:27:49,36050.0,200,Sell,226013191
2024-07-24 10:27:49,36050.0,300,Sell,226013192
2024-07-24 10:27:49,36050.0,1700,Sell,226013275
2024-07-24 10:27:49,36050.0,200,Sell,226013276
2024-07-24 10:27:49,36050.0,200,Sell,226013277
2024-07-24 10:27:49,36050.0,800,Sell,226013278
2024-07-24 10:27:49,36050.0,100,Sell,226013279
2024-07-24 10:27:51,36000.0,300,Sell,226013439
2024-07-24 10:27:51,36050.0,100,Sell,226013437
2024-07-24 10:27:51,36050.0,100,Sell,226013438
2024-07-24 10:28:03,36000.0,300,Sell,226014151
2024-07-24 10:28:03,36050.0,1000,Sell,226014150
2024-07-24 10:28:09,36000.0,500,Sell,226014407
2024-07-24 10:28:09,36000.0,500,Sell,226014408
2024-07-24 10:28:09,36000.0,100,Sell,226014409
2024-07-24 10:28:09,36000.0,500,Sell,226014410
2024-07-24 10:28:09,36000.0,100,Sell,226014411
2024-07-24 10:28:09,36000.0,300,Sell,226014412
2024-07-24 10:28:10,36000.0,2000,Sell,226014474
2024-07-24 10:28:15,36000.0,100,Sell,226014836
2024-07-24 10:28:21,36000.0,700,Sell,226015235
2024-07-24 10:28:21,36000.0,100,Sell,226015234
2024-07-24 10:28:21,36000.0,100,Sell,226015232
2024-07-24 10:28:21,36000.0,100,Sell,226015233
2024-07-24 10:28:25,36100.0,100,Buy,226015467
2024-07-24 10:28:31,36000.0,100,Sell,226015878
2024-07-24 10:28:31,36000.0,500,Sell,226015879
2024-07-24 10:28:37,36050.0,500,Sell,226016424
2024-07-24 10:28:37,36050.0,300,Sell,226016425
2024-07-24 10:28:37,36050.0,100,Sell,226016426
2024-07-24 10:28:39,36000.0,200,Sell,226016537
2024-07-24 10:28:39,36000.0,500,Sell,226016538
2024-07-24 10:28:48,36050.0,300,Buy,226017011
2024-07-24 10:28:48,36050.0,500,Buy,226017012
2024-07-24 10:28:49,36000.0,100,Sell,226017156
2024-07-24 10:28:49,36000.0,1000,Sell,226017155
2024-07-24 10:28:49,36000.0,200,Sell,226017154
2024-07-24 10:28:49,36000.0,1000,Sell,226017152
2024-07-24 10:28:49,36050.0,200,Sell,226017151
2024-07-24 10:28:49,36000.0,1000,Sell,226017153
2024-07-24 10:28:59,36000.0,400,Sell,226017725
2024-07-24 10:28:59,36000.0,200,Sell,226017726
2024-07-24 10:28:59,36000.0,400,Sell,226017727
2024-07-24 10:28:59,36000.0,800,Sell,226017728
2024-07-24 10:29:01,36000.0,200,Sell,226017852
2024-07-24 10:29:01,36000.0,300,Sell,226017853
2024-07-24 10:29:02,36000.0,800,Sell,226017906
2024-07-24 10:29:02,36000.0,1000,Sell,226017905
2024-07-24 10:29:02,36000.0,1000,Sell,226017904
2024-07-24 10:29:02,36000.0,200,Sell,226017902
2024-07-24 10:29:02,36000.0,100,Sell,226017903
2024-07-24 10:29:02,36000.0,900,Sell,226017901
2024-07-24 10:29:03,36000.0,200,Sell,226017936
2024-07-24 10:29:04,36000.0,100,Sell,226018001
2024-07-24 10:29:04,36000.0,100,Sell,226018002
2024-07-24 10:29:04,36000.0,100,Sell,226018003
2024-07-24 10:29:08,36000.0,600,Sell,226018182
2024-07-24 10:29:08,36000.0,500,Sell,226018183
2024-07-24 10:29:08,36000.0,900,Sell,226018184
2024-07-24 10:29:16,36000.0,100,Sell,226018493
2024-07-24 10:29:24,36050.0,100,Buy,226019051
2024-07-24 10:29:26,36000.0,1000,Sell,226019092
2024-07-24 10:29:26,36000.0,100,Sell,226019091
2024-07-24 10:29:26,36000.0,100,Sell,226019090
2024-07-24 10:29:28,36000.0,200,Sell,226019193
2024-07-24 10:29:28,36000.0,500,Sell,226019194
2024-07-24 10:29:31,36050.0,200,Buy,226019338
2024-07-24 10:29:32,36050.0,100,Buy,226019408
2024-07-24 10:29:33,36000.0,1000,Sell,226019457
2024-07-24 10:29:38,36050.0,500,Buy,226019939
2024-07-24 10:29:41,36050.0,200,Buy,226020097
2024-07-24 10:29:41,36000.0,100,Sell,226020081
2024-07-24 10:29:41,36000.0,100,Sell,226020080
2024-07-24 10:29:41,36000.0,500,Sell,226020078
2024-07-24 10:29:41,36000.0,100,Sell,226020077
2024-07-24 10:29:41,36000.0,200,Sell,226020075
2024-07-24 10:29:41,36000.0,500,Sell,226020079
2024-07-24 10:29:41,36000.0,500,Sell,226020076
2024-07-24 10:29:42,36000.0,400,Sell,226020132
2024-07-24 10:29:42,36000.0,200,Sell,226020133
2024-07-24 10:29:42,36000.0,600,Sell,226020134
2024-07-24 10:29:42,36000.0,400,Sell,226020150
2024-07-24 10:29:42,36000.0,100,Sell,226020151
2024-07-24 10:29:47,36050.0,100,Buy,226020401
2024-07-24 10:29:47,36050.0,500,Buy,226020402
2024-07-24 10:29:47,36000.0,100,Sell,226020381
2024-07-24 10:29:47,36000.0,500,Sell,226020380
2024-07-24 10:29:47,36000.0,300,Sell,226020382
2024-07-24 10:29:49,36000.0,100,Sell,226020622
2024-07-24 10:29:50,36050.0,4100,Buy,226020661
2024-07-24 10:29:51,36100.0,400,Buy,226020703
2024-07-24 10:29:51,36100.0,100,Buy,226020704
2024-07-24 10:30:11,36100.0,3600,Buy,226021854
2024-07-24 10:30:11,36100.0,1700,Buy,226021857
2024-07-24 10:30:11,36100.0,100,Buy,226021855
2024-07-24 10:30:11,36100.0,500,Buy,226021853
2024-07-24 10:30:11,36100.0,1400,Buy,226021856
2024-07-24 10:30:11,36100.0,2800,Buy,226021851
2024-07-24 10:30:11,36100.0,100,Buy,226021850
2024-07-24 10:30:11,36100.0,500,Buy,226021852
2024-07-24 10:30:11,36100.0,1000,Buy,226021849
2024-07-24 10:30:11,36050.0,500,Sell,226021815
2024-07-24 10:30:12,36100.0,100,Buy,226021913
2024-07-24 10:30:13,36100.0,1200,Buy,226021935
2024-07-24 10:30:18,36100.0,100,Sell,226022342
2024-07-24 10:30:22,36150.0,1000,Buy,226022521
2024-07-24 10:30:22,36150.0,800,Buy,226022536
2024-07-24 10:30:22,36150.0,100,Buy,226022537
2024-07-24 10:30:22,36150.0,800,Buy,226022538
2024-07-24 10:30:22,36150.0,14400,Buy,226022539
2024-07-24 10:30:23,36150.0,1000,Buy,226022563
2024-07-24 10:30:23,36150.0,500,Buy,226022562
2024-07-24 10:30:23,36150.0,1000,Buy,226022561
2024-07-24 10:30:23,36150.0,6600,Buy,226022557
2024-07-24 10:30:28,36200.0,300,Buy,226022871
2024-07-24 10:30:28,36150.0,100,Sell,226022888
2024-07-24 10:30:29,36200.0,500,Buy,226022978
2024-07-24 10:30:29,36200.0,400,Buy,226022979
2024-07-24 10:30:29,36200.0,1100,Buy,226022980
2024-07-24 10:30:29,36200.0,300,Buy,226022981
2024-07-24 10:30:29,36200.0,500,Buy,226022982
2024-07-24 10:30:29,36200.0,500,Buy,226022983
2024-07-24 10:30:36,36250.0,200,Buy,226023354
2024-07-24 10:30:39,36250.0,100,Buy,226023481
2024-07-24 10:30:42,36250.0,200,Buy,226023750
2024-07-24 10:30:42,36250.0,500,Buy,226023751
2024-07-24 10:30:44,36250.0,700,Sell,226023840
2024-07-24 10:30:45,36250.0,100,Buy,226023934
2024-07-24 10:30:56,36300.0,400,Buy,226024621
2024-07-24 10:30:56,36300.0,100,Buy,226024622
2024-07-24 10:30:57,36300.0,20000,Buy,226024647
2024-07-24 10:31:01,36300.0,500,Buy,226024927
2024-07-24 10:31:01,36300.0,200,Buy,226024940
2024-07-24 10:31:02,36300.0,4200,Buy,226025041
2024-07-24 10:31:02,36300.0,800,Buy,226025042
2024-07-24 10:31:03,36300.0,100,Buy,226025104
2024-07-24 10:31:03,36300.0,100,Buy,226025105
2024-07-24 10:31:03,36300.0,300,Buy,226025106
2024-07-24 10:31:04,36300.0,500,Buy,226025157
2024-07-24 10:31:04,36300.0,1000,Buy,226025156
2024-07-24 10:31:04,36300.0,100,Buy,226025154
2024-07-24 10:31:04,36300.0,700,Buy,226025153
2024-07-24 10:31:04,36300.0,300,Buy,226025155
2024-07-24 10:31:07,36300.0,100,Sell,226025362
2024-07-24 10:31:15,36350.0,100,Buy,226025814
2024-07-24 10:31:15,36350.0,500,Buy,226025815
2024-07-24 10:31:22,36350.0,500,Sell,226026183
2024-07-24 10:31:37,36400.0,200,Buy,226027008
2024-07-24 10:31:37,36400.0,2700,Buy,226027009
2024-07-24 10:31:37,36400.0,200,Buy,226027010
2024-07-24 10:31:37,36400.0,1000,Buy,226027011
2024-07-24 10:31:37,36400.0,3500,Buy,226027012
2024-07-24 10:31:38,36400.0,500,Buy,226027146
2024-07-24 10:31:38,36400.0,1100,Buy,226027145
2024-07-24 10:31:48,36500.0,200,Buy,226027685
2024-07-24 10:31:57,36500.0,100,Buy,226028069
2024-07-24 10:31:58,36500.0,500,Buy,226028098
2024-07-24 10:32:04,36500.0,400,Buy,226028361
2024-07-24 10:32:07,36500.0,600,Buy,226028511
2024-07-24 10:32:07,36500.0,700,Buy,226028512
2024-07-24 10:32:07,36500.0,400,Buy,226028513
2024-07-24 10:32:07,36500.0,500,Buy,226028514
2024-07-24 10:32:07,36500.0,100,Buy,226028515
2024-07-24 10:32:07,36500.0,200,Buy,226028516
2024-07-24 10:32:07,36500.0,100,Buy,226028517
2024-07-24 10:32:07,36500.0,100,Buy,226028518
2024-07-24 10:32:28,36550.0,6900,Buy,226029400
2024-07-24 10:32:28,36550.0,100,Buy,226029398
2024-07-24 10:32:28,36550.0,1000,Buy,226029399
2024-07-24 10:32:46,36550.0,1000,Buy,226030033
2024-07-24 10:32:46,36550.0,2100,Buy,226030054
2024-07-24 10:32:46,36550.0,100,Buy,226030055
2024-07-24 10:32:57,36600.0,3000,Buy,226030332
2024-07-24 10:33:10,36600.0,2800,Buy,226030726
2024-07-24 10:33:13,36550.0,100,Sell,226030808
2024-07-24 10:33:18,36600.0,1600,Buy,226031035
2024-07-24 10:33:18,36600.0,1000,Buy,226031034
2024-07-24 10:33:18,36600.0,100,Buy,226031033
2024-07-24 10:33:18,36600.0,500,Buy,226031032
2024-07-24 10:33:18,36600.0,500,Buy,226031029
2024-07-24 10:33:18,36550.0,3200,Buy,226031027
2024-07-24 10:33:18,36600.0,1000,Buy,226031031
2024-07-24 10:33:18,36600.0,100,Buy,226031030
2024-07-24 10:33:18,36600.0,3500,Buy,226031028
2024-07-24 10:33:25,36600.0,500,Sell,226031293
2024-07-24 10:33:25,36600.0,2400,Sell,226031292
2024-07-24 10:33:37,36600.0,2000,Buy,226031613
2024-07-24 10:33:39,36600.0,100,Buy,226031665
2024-07-24 10:33:39,36600.0,400,Buy,226031666
2024-07-24 10:34:00,36600.0,100,Buy,226032138
2024-07-24 10:34:00,36600.0,100,Buy,226032139
2024-07-24 10:34:00,36600.0,100,Buy,226032140
2024-07-24 10:34:00,36600.0,300,Buy,226032141
2024-07-24 10:34:00,36600.0,1400,Buy,226032142
2024-07-24 10:34:11,36600.0,100,Buy,226032439
2024-07-24 10:34:13,36600.0,100,Buy,226032507
2024-07-24 10:34:14,36600.0,1000,Buy,226032536
2024-07-24 10:34:15,36600.0,200,Buy,226032581
2024-07-24 10:34:40,36600.0,2000,Buy,226033334
2024-07-24 10:34:47,36600.0,100,Buy,226033537
2024-07-24 10:34:52,36600.0,100,Buy,226033668
2024-07-24 10:34:52,36600.0,200,Buy,226033669
2024-07-24 10:34:52,36600.0,200,Buy,226033670
2024-07-24 10:34:52,36600.0,2000,Buy,226033671
2024-07-24 10:34:52,36600.0,1000,Buy,226033672
2024-07-24 10:34:52,36600.0,400,Buy,226033673
2024-07-24 10:34:52,36600.0,800,Buy,226033674
2024-07-24 10:34:54,36600.0,200,Buy,226033704
2024-07-24 10:34:55,36600.0,800,Sell,226033735
2024-07-24 10:35:09,36600.0,100,Buy,226034049
2024-07-24 10:35:10,36600.0,100,Sell,226034073
2024-07-24 10:35:11,36600.0,200,Buy,226034096
2024-07-24 10:35:11,36600.0,100,Buy,226034097
2024-07-24 10:35:13,36600.0,700,Sell,226034137
2024-07-24 10:35:22,36600.0,100,Sell,226034448
2024-07-24 10:35:28,36650.0,200,Buy,226034562
2024-07-24 10:35:32,36650.0,6800,Buy,226034647
2024-07-24 10:35:32,36650.0,100,Buy,226034648
2024-07-24 10:35:36,36650.0,2500,Sell,226034749
2024-07-24 10:35:39,36650.0,600,Sell,226034781
2024-07-24 10:35:58,36650.0,1800,Sell,226035254
2024-07-24 10:35:58,36650.0,200,Sell,226035252
2024-07-24 10:36:08,36650.0,500,Buy,226035586
2024-07-24 10:36:15,36650.0,300,Buy,226035731
2024-07-24 10:36:20,36600.0,500,Sell,226035839
2024-07-24 10:36:57,36600.0,100,Sell,226036766
2024-07-24 10:37:00,36600.0,700,Sell,226036811
2024-07-24 10:37:06,36600.0,100,Sell,226037003
2024-07-24 10:37:17,36600.0,100,Sell,226037287
2024-07-24 10:37:17,36600.0,100,Sell,226037288
2024-07-24 10:37:26,36650.0,1000,Buy,226037474
2024-07-24 10:37:56,36600.0,100,Sell,226038064
2024-07-24 10:38:33,36600.0,100,Sell,226038900
2024-07-24 10:38:37,36600.0,1000,Sell,226039006
2024-07-24 10:38:37,36600.0,100,Sell,226039005
2024-07-24 10:38:37,36600.0,300,Sell,226039007
2024-07-24 10:38:39,36600.0,700,Sell,226039056
2024-07-24 10:38:39,36600.0,100,Sell,226039057
2024-07-24 10:38:39,36600.0,1000,Sell,226039058
2024-07-24 10:39:10,36600.0,200,Buy,226039654
2024-07-24 10:39:10,36600.0,100,Buy,226039655
2024-07-24 10:39:11,36600.0,200,Buy,226039680
2024-07-24 10:39:18,36600.0,1000,Sell,226039829
2024-07-24 10:39:29,36600.0,800,Sell,226040098
2024-07-24 10:39:29,36600.0,1000,Sell,226040099
2024-07-24 10:39:30,36600.0,200,Buy,226040106
2024-07-24 10:39:44,36600.0,100,Sell,226040412
2024-07-24 10:39:44,36600.0,100,Sell,226040413
2024-07-24 10:39:44,36600.0,600,Sell,226040414
2024-07-24 10:39:44,36600.0,200,Sell,226040411
2024-07-24 10:39:47,36650.0,200,Buy,226040450
2024-07-24 10:39:50,36600.0,2400,Sell,226040496
2024-07-24 10:39:50,36600.0,100,Sell,226040498
2024-07-24 10:40:04,36600.0,100,Buy,226040750
2024-07-24 10:40:09,36600.0,400,Buy,226040835
2024-07-24 10:40:13,36600.0,100,Sell,226040926
2024-07-24 10:40:25,36600.0,500,Sell,226041157
2024-07-24 10:40:45,36600.0,100,Sell,226041552
2024-07-24 10:40:48,36600.0,1000,Sell,226041652
2024-07-24 10:41:00,36600.0,300,Sell,226041914
2024-07-24 10:41:02,36600.0,600,Sell,226041940
2024-07-24 10:41:02,36600.0,100,Sell,226041941
2024-07-24 10:41:02,36600.0,300,Sell,226041942
2024-07-24 10:41:16,36600.0,700,Sell,226042216
2024-07-24 10:41:16,36600.0,100,Sell,226042218
2024-07-24 10:41:16,36600.0,100,Sell,226042219
2024-07-24 10:42:02,36600.0,100,Buy,226043228
2024-07-24 10:42:32,36550.0,12000,Sell,226044073
2024-07-24 10:42:44,36550.0,2000,Sell,226044387
2024-07-24 10:42:58,36550.0,200,Sell,226044771
2024-07-24 10:42:58,36550.0,1000,Sell,226044769
2024-07-24 10:42:58,36550.0,6000,Sell,226044768
2024-07-24 10:42:58,36550.0,100,Sell,226044770
2024-07-24 10:43:08,36550.0,200,Buy,226045065
2024-07-24 10:43:09,36550.0,100,Buy,226045095
2024-07-24 10:43:24,36550.0,500,Buy,226045377
2024-07-24 10:43:34,36550.0,500,Buy,226045620
2024-07-24 10:44:04,36550.0,100,Buy,226046275
2024-07-24 10:44:18,36500.0,800,Sell,226046576
2024-07-24 10:44:38,36550.0,100,Buy,226047107
2024-07-24 10:44:39,36550.0,3400,Buy,226047153
2024-07-24 10:44:39,36550.0,2500,Buy,226047154
2024-07-24 10:44:39,36550.0,700,Buy,226047152
2024-07-24 10:44:39,36550.0,500,Buy,226047148
2024-07-24 10:44:41,36550.0,100,Buy,226047240
2024-07-24 10:44:41,36550.0,500,Buy,226047239
2024-07-24 10:44:54,36550.0,100,Buy,226047678
2024-07-24 10:45:08,36600.0,200,Buy,226048063
2024-07-24 10:45:13,36550.0,400,Sell,226048201
2024-07-24 10:45:13,36550.0,100,Sell,226048202
2024-07-24 10:45:42,36600.0,800,Buy,226049455
2024-07-24 10:45:42,36600.0,700,Buy,226049456
2024-07-24 10:45:43,36600.0,3000,Buy,226049486
2024-07-24 10:45:43,36600.0,100,Buy,226049487
2024-07-24 10:45:43,36600.0,100,Buy,226049488
2024-07-24 10:45:43,36600.0,3300,Buy,226049489
2024-07-24 10:45:44,36600.0,6600,Buy,226049578
2024-07-24 10:45:49,36600.0,2000,Buy,226049763
2024-07-24 10:45:50,36550.0,100,Sell,226049779
2024-07-24 10:45:51,36600.0,100,Buy,226049903
2024-07-24 10:45:52,36600.0,500,Buy,226049944
2024-07-24 10:45:53,36600.0,4600,Buy,226050004
2024-07-24 10:45:53,36600.0,100,Buy,226050005
2024-07-24 10:45:53,36600.0,500,Buy,226050006
2024-07-24 10:45:53,36600.0,300,Buy,226050007
2024-07-24 10:46:03,36650.0,500,Buy,226050409
2024-07-24 10:46:03,36650.0,500,Buy,226050410
2024-07-24 10:46:06,36600.0,300,Sell,226050539
2024-07-24 10:46:13,36650.0,200,Buy,226050900
2024-07-24 10:46:13,36650.0,1000,Buy,226050899
2024-07-24 10:46:13,36650.0,300,Buy,226050897
2024-07-24 10:46:13,36650.0,200,Buy,226050896
2024-07-24 10:46:13,36650.0,200,Buy,226050895
2024-07-24 10:46:13,36650.0,100,Buy,226050898
2024-07-24 10:46:16,36650.0,500,Buy,226051046
2024-07-24 10:46:21,36650.0,500,Buy,226051261
2024-07-24 10:46:21,36650.0,3800,Buy,226051267
2024-07-24 10:46:21,36650.0,200,Buy,226051276
2024-07-24 10:46:21,36650.0,200,Buy,226051277
2024-07-24 10:46:21,36650.0,500,Buy,226051278
2024-07-24 10:46:21,36650.0,300,Buy,226051279
2024-07-24 10:46:25,36650.0,2700,Buy,226051435
2024-07-24 10:46:47,36650.0,300,Sell,226052141
2024-07-24 10:46:50,36650.0,500,Sell,226052248
2024-07-24 10:46:50,36650.0,100,Sell,226052250
2024-07-24 10:47:07,36700.0,100,Buy,226052961
2024-07-24 10:47:07,36700.0,100,Buy,226052962
2024-07-24 10:47:09,36700.0,100,Buy,226053062
2024-07-24 10:47:09,36700.0,2000,Buy,226053061
2024-07-24 10:47:09,36700.0,1000,Buy,226053060
2024-07-24 10:47:09,36700.0,1000,Buy,226053059
2024-07-24 10:47:09,36700.0,100,Buy,226053058
2024-07-24 10:47:09,36700.0,1000,Buy,226053057
2024-07-24 10:47:09,36700.0,100,Buy,226053056
2024-07-24 10:47:09,36700.0,400,Buy,226053055
2024-07-24 10:47:09,36700.0,100,Buy,226053054
2024-07-24 10:47:09,36700.0,100,Buy,226053052
2024-07-24 10:47:09,36700.0,1000,Buy,226053051
2024-07-24 10:47:09,36700.0,100,Buy,226053050
2024-07-24 10:47:09,36700.0,900,Buy,226053049
2024-07-24 10:47:09,36700.0,1000,Buy,226053048
2024-07-24 10:47:09,36700.0,100,Buy,226053047
2024-07-24 10:47:09,36700.0,900,Buy,226053046
2024-07-24 10:47:09,36700.0,200,Buy,226053053
2024-07-24 10:47:27,36700.0,100,Sell,226053735
2024-07-24 10:47:33,36750.0,1000,Buy,226053911
2024-07-24 10:47:33,36750.0,1000,Buy,226053910
2024-07-24 10:47:33,36750.0,1000,Buy,226053909
2024-07-24 10:47:33,36750.0,1000,Buy,226053908
2024-07-24 10:47:33,36750.0,500,Buy,226053907
2024-07-24 10:47:33,36750.0,300,Buy,226053906
2024-07-24 10:47:33,36750.0,3000,Buy,226053905
2024-07-24 10:47:33,36750.0,1000,Buy,226053904
2024-07-24 10:47:33,36750.0,400,Buy,226053903
2024-07-24 10:47:33,36750.0,2000,Buy,226053902
2024-07-24 10:47:33,36750.0,500,Buy,226053901
2024-07-24 10:47:33,36750.0,500,Buy,226053900
2024-07-24 10:47:33,36750.0,1000,Buy,226053899
2024-07-24 10:47:33,36750.0,1400,Buy,226053898
2024-07-24 10:47:40,36800.0,200,Buy,226054149
2024-07-24 10:47:52,36800.0,1800,Buy,226054543
2024-07-24 10:47:52,36800.0,100,Buy,226054542
2024-07-24 10:47:52,36800.0,1000,Buy,226054541
2024-07-24 10:47:52,36800.0,100,Buy,226054540
2024-07-24 10:47:52,36800.0,1000,Buy,226054539
2024-07-24 10:47:52,36800.0,100,Buy,226054538
2024-07-24 10:47:52,36800.0,1000,Buy,226054537
2024-07-24 10:47:52,36800.0,100,Buy,226054531
2024-07-24 10:47:52,36800.0,100,Buy,226054535
2024-07-24 10:47:52,36800.0,1000,Buy,226054534
2024-07-24 10:47:52,36800.0,500,Buy,226054533
2024-07-24 10:47:52,36800.0,200,Buy,226054532
2024-07-24 10:47:52,36800.0,2000,Buy,226054530
2024-07-24 10:47:52,36800.0,500,Buy,226054523
2024-07-24 10:47:52,36800.0,500,Buy,226054536
2024-07-24 10:47:58,36700.0,100,Sell,226054706
2024-07-24 10:48:09,36800.0,3000,Buy,226055109
2024-07-24 10:48:11,36800.0,5000,Buy,226055172
2024-07-24 10:48:19,36800.0,200,Buy,226055490
2024-07-24 10:48:19,36800.0,100,Buy,226055491
2024-07-24 10:48:20,36800.0,1500,Buy,226055537
2024-07-24 10:48:22,36800.0,1800,Buy,226055628
2024-07-24 10:48:22,36800.0,900,Buy,226055629
2024-07-24 10:48:24,36800.0,100,Buy,226055686
2024-07-24 10:48:24,36800.0,900,Buy,226055687
2024-07-24 10:48:25,36800.0,100,Buy,226055717
2024-07-24 10:48:25,36800.0,100,Buy,226055716
2024-07-24 10:48:25,36800.0,800,Buy,226055715
2024-07-24 10:48:25,36800.0,300,Buy,226055709
2024-07-24 10:48:25,36800.0,5600,Buy,226055710
2024-07-24 10:48:25,36800.0,4100,Buy,226055708
2024-07-24 10:48:26,36800.0,100,Buy,226055769
2024-07-24 10:48:26,36800.0,1900,Buy,226055763
2024-07-24 10:48:26,36800.0,900,Buy,226055759
2024-07-24 10:48:26,36800.0,100,Buy,226055761
2024-07-24 10:48:26,36800.0,2100,Buy,226055760
2024-07-24 10:48:26,36800.0,1500,Buy,226055762
2024-07-24 10:48:27,36800.0,1000,Buy,226055776
2024-07-24 10:48:27,36800.0,400,Buy,226055777
2024-07-24 10:48:27,36800.0,3000,Buy,226055778
2024-07-24 10:48:27,36800.0,600,Buy,226055779
2024-07-24 10:48:28,36800.0,100,Buy,226055825
2024-07-24 10:48:28,36800.0,1500,Buy,226055824
2024-07-24 10:48:28,36800.0,400,Buy,226055823
2024-07-24 10:48:28,36750.0,300,Sell,226055816
2024-07-24 10:48:31,36800.0,1000,Buy,226055998
2024-07-24 10:48:31,36800.0,2000,Buy,226055999
2024-07-24 10:48:41,36800.0,100,Sell,226056468
2024-07-24 10:48:51,36850.0,100,Buy,226056875
2024-07-24 10:48:51,36850.0,100,Buy,226056873
2024-07-24 10:48:51,36850.0,100,Buy,226056871
2024-07-24 10:48:51,36850.0,100,Buy,226056870
2024-07-24 10:48:51,36850.0,600,Buy,226056874
2024-07-24 10:48:51,36850.0,2000,Buy,226056868
2024-07-24 10:48:51,36850.0,500,Buy,226056869
2024-07-24 10:48:51,36850.0,4900,Buy,226056865
2024-07-24 10:48:51,36850.0,500,Buy,226056872
2024-07-24 10:48:51,36850.0,500,Buy,226056867
2024-07-24 10:48:51,36850.0,1000,Buy,226056866
2024-07-24 10:48:57,36850.0,500,Sell,226057132
2024-07-24 10:49:04,36900.0,1000,Buy,226057325
2024-07-24 10:49:04,36900.0,100,Buy,226057324
2024-07-24 10:49:04,36900.0,100,Buy,226057326
2024-07-24 10:49:04,36900.0,400,Buy,226057322
2024-07-24 10:49:04,36900.0,100,Buy,226057315
2024-07-24 10:49:04,36900.0,100,Buy,226057314
2024-07-24 10:49:04,36900.0,1000,Buy,226057323
2024-07-24 10:49:08,36900.0,300,Sell,226057474
2024-07-24 10:49:13,36950.0,500,Buy,226057662
2024-07-24 10:49:13,36950.0,300,Buy,226057663
2024-07-24 10:49:13,36950.0,5000,Buy,226057661
2024-07-24 10:49:18,36900.0,100,Sell,226057942
2024-07-24 10:49:18,36900.0,100,Sell,226057943
2024-07-24 10:49:27,36950.0,200,Buy,226058197
2024-07-24 10:49:27,36950.0,200,Buy,226058198
2024-07-24 10:49:33,36950.0,200,Buy,226058433
2024-07-24 10:49:34,36950.0,200,Buy,226058469
2024-07-24 10:49:34,36950.0,100,Buy,226058467
2024-07-24 10:49:34,36950.0,500,Buy,226058468
2024-07-24 10:49:35,36950.0,300,Buy,226058480
2024-07-24 10:49:38,36950.0,100,Sell,226058599
2024-07-24 10:49:57,37000.0,100,Buy,226059302
2024-07-24 10:49:57,37000.0,900,Buy,226059303
2024-07-24 10:50:07,37000.0,100,Buy,226059604
2024-07-24 10:50:18,37000.0,100,Buy,226059988
2024-07-24 10:50:18,37000.0,200,Buy,226059996
2024-07-24 10:50:19,37000.0,200,Buy,226060026
2024-07-24 10:50:23,37000.0,1200,Buy,226060126
2024-07-24 10:50:28,37000.0,400,Buy,226060340
2024-07-24 10:50:28,37000.0,200,Buy,226060339
2024-07-24 10:50:28,37000.0,100,Buy,226060338
2024-07-24 10:50:28,37000.0,100,Buy,226060337
2024-07-24 10:50:28,37000.0,100,Buy,226060335
2024-07-24 10:50:28,37000.0,100,Buy,226060334
2024-07-24 10:50:28,37000.0,100,Buy,226060333
2024-07-24 10:50:28,37000.0,100,Buy,226060332
2024-07-24 10:50:28,37000.0,300,Buy,226060331
2024-07-24 10:50:28,37000.0,500,Buy,226060336
2024-07-24 10:50:33,37000.0,300,Buy,226060480
2024-07-24 10:50:33,37000.0,100,Buy,226060479
2024-07-24 10:50:33,37000.0,500,Buy,226060478
2024-07-24 10:50:33,37000.0,300,Buy,226060475
2024-07-24 10:50:33,37000.0,1000,Buy,226060477
2024-07-24 10:50:33,37000.0,300,Buy,226060473
2024-07-24 10:50:33,37000.0,500,Buy,226060474
2024-07-24 10:50:33,37000.0,600,Buy,226060469
2024-07-24 10:50:33,37000.0,5000,Buy,226060470
2024-07-24 10:50:33,37000.0,1000,Buy,226060476
2024-07-24 10:50:33,37000.0,100,Buy,226060472
2024-07-24 10:50:33,37000.0,100,Buy,226060471
2024-07-24 10:50:48,37000.0,100,Sell,226060899
2024-07-24 10:50:49,37000.0,100,Sell,226060911
2024-07-24 10:50:49,37000.0,400,Sell,226060912
2024-07-24 10:50:53,37050.0,200,Buy,226060994
2024-07-24 10:50:59,37000.0,100,Sell,226061223
2024-07-24 10:51:04,37050.0,2000,Buy,226061325
2024-07-24 10:51:09,37050.0,100,Buy,226061484
2024-07-24 10:51:16,37050.0,500,Buy,226061665
2024-07-24 10:51:20,37050.0,200,Buy,226061821
2024-07-24 10:51:22,37050.0,200,Buy,226061854
2024-07-24 10:51:22,37050.0,200,Buy,226061849
2024-07-24 10:51:26,37050.0,200,Buy,226061955
2024-07-24 10:51:26,37050.0,1400,Buy,226061967
2024-07-24 10:51:47,37100.0,100,Buy,226062563
2024-07-24 10:51:49,37100.0,100,Buy,226062586
2024-07-24 10:51:49,37100.0,900,Buy,226062587
2024-07-24 10:51:53,37100.0,100,Buy,226062700
2024-07-24 10:51:53,37100.0,2000,Buy,226062701
2024-07-24 10:51:53,37100.0,400,Buy,226062702
2024-07-24 10:51:56,37100.0,1400,Buy,226062754
2024-07-24 10:51:56,37100.0,300,Buy,226062753
2024-07-24 10:51:56,37100.0,100,Buy,226062751
2024-07-24 10:51:56,37100.0,200,Buy,226062752
2024-07-24 10:51:56,37100.0,600,Buy,226062750
2024-07-24 10:52:16,37050.0,500,Sell,226063280
2024-07-24 10:52:16,37050.0,800,Sell,226063279
2024-07-24 10:52:16,37050.0,600,Sell,226063276
2024-07-24 10:52:16,37050.0,500,Sell,226063277
2024-07-24 10:52:16,37050.0,4300,Sell,226063278
2024-07-24 10:52:24,37050.0,100,Buy,226063487
2024-07-24 10:52:24,37000.0,100,Sell,226063495
2024-07-24 10:52:30,37000.0,600,Sell,226063727
2024-07-24 10:52:32,37000.0,300,Sell,226063775
2024-07-24 10:52:33,37000.0,200,Sell,226063810
2024-07-24 10:52:33,37000.0,100,Sell,226063809
2024-07-24 10:52:33,37000.0,500,Sell,226063808
2024-07-24 10:52:33,37000.0,200,Sell,226063807
2024-07-24 10:52:36,37000.0,100,Sell,226063883
2024-07-24 10:52:36,37000.0,100,Sell,226063884
2024-07-24 10:52:36,37000.0,300,Sell,226063882
2024-07-24 10:52:37,37000.0,200,Buy,226063918
2024-07-24 10:52:39,37000.0,300,Buy,226063974
2024-07-24 10:52:39,37000.0,300,Buy,226063975
2024-07-24 10:52:39,37000.0,1000,Buy,226063976
2024-07-24 10:52:39,37050.0,400,Buy,226063977
2024-07-24 10:52:39,37050.0,500,Buy,226063978
2024-07-24 10:52:55,36950.0,100,Sell,226064414
2024-07-24 10:52:55,36950.0,200,Sell,226064412
2024-07-24 10:52:55,36950.0,1000,Sell,226064413
2024-07-24 10:53:03,36900.0,1000,Sell,226064716
2024-07-24 10:53:04,36900.0,500,Sell,226064727
2024-07-24 10:53:10,36900.0,300,Sell,226064935
2024-07-24 10:53:15,36900.0,300,Sell,226065057
2024-07-24 10:53:16,36950.0,2000,Buy,226065072
2024-07-24 10:53:16,36900.0,300,Sell,226065080
2024-07-24 10:53:21,36950.0,6800,Buy,226065224
2024-07-24 10:53:21,36900.0,2000,Sell,226065257
2024-07-24 10:53:25,36900.0,100,Sell,226065380
2024-07-24 10:53:26,36900.0,1500,Sell,226065407
2024-07-24 10:53:26,36900.0,1500,Sell,226065408
2024-07-24 10:53:27,36950.0,1000,Buy,226065423
2024-07-24 10:53:28,36900.0,500,Sell,226065448
2024-07-24 10:53:28,36900.0,300,Sell,226065447
2024-07-24 10:53:29,36950.0,4700,Buy,226065480
2024-07-24 10:53:29,36950.0,300,Buy,226065481
2024-07-24 10:53:38,36900.0,400,Sell,226065751
2024-07-24 10:53:42,36900.0,100,Sell,226065901
2024-07-24 10:53:47,36900.0,300,Sell,226066108
2024-07-24 10:53:50,36900.0,200,Sell,226066184
2024-07-24 10:53:50,36900.0,200,Sell,226066200
2024-07-24 10:54:02,36950.0,200,Buy,226066504
2024-07-24 10:54:02,36950.0,300,Buy,226066505
2024-07-24 10:54:05,36950.0,800,Buy,226066570
2024-07-24 10:54:05,36950.0,2000,Buy,226066569
2024-07-24 10:54:05,36950.0,100,Buy,226066567
2024-07-24 10:54:05,36950.0,100,Buy,226066568
2024-07-24 10:54:14,36900.0,1000,Sell,226066850
2024-07-24 10:54:30,36900.0,4800,Sell,226067250
2024-07-24 10:54:30,36900.0,700,Sell,226067252
2024-07-24 10:54:30,36900.0,500,Sell,226067253
2024-07-24 10:54:30,36900.0,100,Sell,226067254
2024-07-24 10:54:30,36900.0,100,Sell,226067255
2024-07-24 10:54:30,36900.0,600,Sell,226067256
2024-07-24 10:54:33,36900.0,400,Sell,226067330
2024-07-24 10:54:33,36900.0,500,Sell,226067331
2024-07-24 10:54:33,36900.0,1100,Sell,226067332
2024-07-24 10:54:34,36900.0,2000,Sell,226067410
2024-07-24 10:54:35,36900.0,200,Sell,226067432
2024-07-24 10:54:35,36900.0,1000,Sell,226067418
2024-07-24 10:54:36,36900.0,500,Sell,226067452
2024-07-24 10:54:36,36900.0,100,Sell,226067457
2024-07-24 10:54:36,36900.0,100,Sell,226067462
2024-07-24 10:54:36,36900.0,100,Sell,226067463
2024-07-24 10:54:36,36900.0,200,Sell,226067464
2024-07-24 10:54:36,36900.0,100,Sell,226067465
2024-07-24 10:54:37,36900.0,300,Sell,226067470
2024-07-24 10:54:40,36900.0,100,Sell,226067530
2024-07-24 10:54:55,36900.0,500,Buy,226067907
2024-07-24 10:54:55,36900.0,400,Buy,226067908
2024-07-24 10:54:55,36900.0,100,Buy,226067905
2024-07-24 10:54:55,36900.0,1000,Buy,226067906
2024-07-24 10:55:02,36850.0,500,Sell,226068064
2024-07-24 10:55:11,36850.0,500,Sell,226068305
2024-07-24 10:55:11,36850.0,500,Sell,226068306
2024-07-24 10:55:11,36850.0,500,Sell,226068315
2024-07-24 10:55:11,36850.0,500,Sell,226068316
2024-07-24 10:55:14,36850.0,1500,Sell,226068430
2024-07-24 10:55:47,36800.0,2000,Sell,226069031
2024-07-24 10:55:47,36800.0,500,Sell,226069032
2024-07-24 10:57:42,36750.0,100,Buy,226071390
2024-07-24 10:58:02,36700.0,100,Sell,226071660
2024-07-24 10:58:02,36700.0,3400,Sell,226071661
2024-07-24 10:58:02,36700.0,1600,Sell,226071662
2024-07-24 10:58:13,36700.0,5000,Sell,226071877
2024-07-24 10:58:35,36700.0,1000,Sell,226072167
2024-07-24 10:59:07,36750.0,900,Buy,226072639
2024-07-24 10:59:07,36750.0,15000,Buy,226072640
2024-07-24 10:59:08,36750.0,100,Sell,226072657
2024-07-24 10:59:10,36800.0,2500,Buy,226072686
2024-07-24 10:59:10,36800.0,3000,Buy,226072687
2024-07-24 10:59:10,36800.0,1600,Buy,226072688
2024-07-24 10:59:25,36800.0,4300,Buy,226072911
2024-07-24 10:59:25,36800.0,200,Buy,226072912
2024-07-24 10:59:25,36800.0,500,Buy,226072913
2024-07-24 10:59:25,36800.0,3000,Buy,226072914
2024-07-24 10:59:39,36800.0,2000,Buy,226073138
2024-07-24 10:59:39,36800.0,500,Buy,226073139
2024-07-24 10:59:41,36800.0,100,Sell,226073205
2024-07-24 10:59:48,36800.0,500,Sell,226073340
2024-07-24 11:00:02,36800.0,200,Sell,226073522
2024-07-24 11:00:05,36850.0,100,Buy,226073557
2024-07-24 11:00:05,36850.0,1900,Buy,226073558
2024-07-24 11:00:20,36800.0,2700,Sell,226073915
2024-07-24 11:00:49,36800.0,2300,Buy,226074314
2024-07-24 11:00:50,36800.0,500,Buy,226074332
2024-07-24 11:00:59,36750.0,100,Sell,226074442
2024-07-24 11:01:13,36750.0,100,Sell,226074632
2024-07-24 11:01:30,36800.0,1000,Buy,226074857
2024-07-24 11:02:06,36750.0,2500,Sell,226075305
2024-07-24 11:02:06,36750.0,1000,Sell,226075306
2024-07-24 11:02:06,36750.0,200,Sell,226075307
2024-07-24 11:02:06,36750.0,400,Sell,226075308
2024-07-24 11:02:06,36750.0,900,Sell,226075309
2024-07-24 11:02:27,36750.0,200,Sell,226075550
2024-07-24 11:02:59,36750.0,12000,Sell,226075940
2024-07-24 11:02:59,36800.0,100,Buy,226075943
2024-07-24 11:03:33,36750.0,1000,Sell,226076331
2024-07-24 11:03:40,36800.0,100,Buy,226076542
2024-07-24 11:03:52,36750.0,2000,Sell,226076651
2024-07-24 11:04:01,36750.0,1000,Sell,226076730
2024-07-24 11:04:01,36750.0,1000,Sell,226076734
2024-07-24 11:04:06,36750.0,1600,Sell,226076819
2024-07-24 11:04:06,36750.0,1000,Sell,226076820
2024-07-24 11:04:06,36750.0,500,Sell,226076821
2024-07-24 11:04:06,36750.0,500,Sell,226076822
2024-07-24 11:04:06,36750.0,100,Sell,226076823
2024-07-24 11:05:46,36750.0,1000,Buy,226078103
2024-07-24 11:05:55,36750.0,100,Buy,226078199
2024-07-24 11:06:00,36750.0,300,Buy,226078234
2024-07-24 11:06:05,36750.0,100,Buy,226078279
2024-07-24 11:06:24,36750.0,4800,Buy,226078457
2024-07-24 11:06:24,36750.0,200,Buy,226078461
2024-07-24 11:06:27,36750.0,300,Buy,226078513
2024-07-24 11:06:30,36700.0,500,Sell,226078543
2024-07-24 11:06:30,36700.0,5000,Sell,226078540
2024-07-24 11:06:30,36700.0,100,Sell,226078539
2024-07-24 11:06:30,36700.0,100,Sell,226078538
2024-07-24 11:06:30,36700.0,100,Sell,226078542
2024-07-24 11:06:30,36700.0,100,Sell,226078536
2024-07-24 11:06:30,36700.0,500,Sell,226078535
2024-07-24 11:06:30,36700.0,2400,Sell,226078534
2024-07-24 11:06:30,36750.0,2200,Sell,226078533
2024-07-24 11:06:30,36700.0,1000,Sell,226078537
2024-07-24 11:06:30,36700.0,3800,Sell,226078541
2024-07-24 11:06:39,36700.0,100,Buy,226078641
2024-07-24 11:06:40,36700.0,4100,Buy,226078648
2024-07-24 11:07:15,36700.0,100,Buy,226079024
2024-07-24 11:07:33,36700.0,1000,Buy,226079203
2024-07-24 11:07:48,36700.0,700,Buy,226079364
2024-07-24 11:07:59,36700.0,100,Buy,226079470
2024-07-24 11:08:06,36650.0,400,Sell,226079549
2024-07-24 11:08:22,36700.0,100,Buy,226079784
2024-07-24 11:08:40,36800.0,100,Buy,226080058
2024-07-24 11:09:37,36750.0,500,Buy,226080887
2024-07-24 11:09:56,36750.0,500,Buy,226081183
2024-07-24 11:10:04,36750.0,800,Buy,226081282
2024-07-24 11:10:16,36750.0,2000,Buy,226081475
2024-07-24 11:10:18,36750.0,1000,Buy,226081494
2024-07-24 11:10:34,36750.0,100,Buy,226081681
2024-07-24 11:12:19,36700.0,7400,Sell,226083272
2024-07-24 11:12:19,36700.0,500,Sell,226083273
2024-07-24 11:12:19,36700.0,500,Sell,226083274
2024-07-24 11:12:19,36700.0,1000,Sell,226083275
2024-07-24 11:12:22,36700.0,600,Buy,226083327
2024-07-24 11:12:51,36700.0,200,Sell,226083679
2024-07-24 11:13:36,36700.0,300,Sell,226084385
2024-07-24 11:13:36,36700.0,3700,Sell,226084383
2024-07-24 11:13:36,36700.0,600,Sell,226084382
2024-07-24 11:13:36,36700.0,600,Sell,226084384
2024-07-24 11:13:41,36700.0,100,Buy,226084446
2024-07-24 11:13:43,36700.0,3000,Buy,226084480
2024-07-24 11:13:53,36700.0,1000,Buy,226084617
2024-07-24 11:13:58,36700.0,300,Buy,226084683
2024-07-24 11:14:01,36700.0,400,Buy,226084730
2024-07-24 11:14:25,36750.0,5000,Buy,226085062
2024-07-24 11:14:36,36750.0,1000,Buy,226085213
2024-07-24 11:14:36,36750.0,300,Buy,226085214
2024-07-24 11:14:36,36750.0,100,Buy,226085211
2024-07-24 11:14:36,36750.0,600,Buy,226085212
2024-07-24 11:15:03,36750.0,400,Buy,226085652
2024-07-24 11:15:03,36750.0,300,Buy,226085653
2024-07-24 11:15:14,36750.0,300,Sell,226085818
2024-07-24 11:15:58,36800.0,100,Buy,226086421
2024-07-24 11:16:19,36800.0,100,Buy,226086809
2024-07-24 11:16:41,36800.0,100,Buy,226087196
2024-07-24 11:17:28,36800.0,1000,Buy,226087891
2024-07-24 11:18:04,36750.0,100,Buy,226088488
2024-07-24 11:18:47,36750.0,900,Buy,226089079
2024-07-24 11:18:47,36750.0,100,Buy,226089080
2024-07-24 11:18:54,36750.0,1000,Buy,226089173
2024-07-24 11:19:19,36750.0,1000,Buy,226089603
2024-07-24 11:22:14,36750.0,100,Sell,226091926
2024-07-24 11:22:14,36750.0,100,Sell,226091927
2024-07-24 11:22:14,36750.0,1000,Sell,226091928
2024-07-24 11:22:14,36750.0,900,Sell,226091929
2024-07-24 11:22:14,36750.0,800,Sell,226091930
2024-07-24 11:22:14,36750.0,100,Sell,226091931
2024-07-24 11:22:14,36750.0,1800,Sell,226091932
2024-07-24 11:22:14,36750.0,200,Sell,226091925
2024-07-24 11:23:10,36750.0,3000,Sell,226092740
2024-07-24 11:23:22,36750.0,200,Sell,226092873
2024-07-24 11:25:03,36700.0,2000,Sell,226094288
2024-07-24 11:25:11,36700.0,400,Sell,226094397
2024-07-24 11:25:11,36700.0,100,Sell,226094398
2024-07-24 11:25:30,36700.0,200,Sell,226094625
2024-07-24 11:25:56,36700.0,500,Sell,226094879
2024-07-24 11:26:27,36750.0,100,Buy,226095185
2024-07-24 11:29:02,36700.0,2200,Sell,226097319
2024-07-24 11:29:02,36700.0,100,Sell,226097320
2024-07-24 11:29:02,36700.0,200,Sell,226097321
2024-07-24 11:29:19,36700.0,1000,Sell,226097521
2024-07-24 11:29:19,36700.0,3000,Sell,226097522
2024-07-24 11:29:19,36700.0,200,Sell,226097523
2024-07-24 11:29:19,36700.0,800,Sell,226097524
2024-07-24 11:29:29,36700.0,1800,Sell,226097614
2024-07-24 11:29:29,36700.0,200,Sell,226097613
2024-07-24 12:59:38,36700.0,200,Sell,226097983
2024-07-24 12:59:38,36700.0,100,Sell,226097984
2024-07-24 12:59:38,36700.0,500,Sell,226097985
2024-07-24 12:59:38,36700.0,500,Sell,226097986
2024-07-24 12:59:38,36700.0,3000,Sell,226097987
2024-07-24 12:59:38,36700.0,1700,Sell,226097988
2024-07-24 12:59:39,36700.0,100,Buy,226098295
2024-07-24 12:59:41,36700.0,500,Buy,226099158
2024-07-24 12:59:43,36650.0,1000,Sell,226099780
2024-07-24 12:59:43,36650.0,300,Sell,226099782
2024-07-24 12:59:43,36700.0,100,Buy,226099606
2024-07-24 12:59:43,36650.0,1600,Sell,226099779
2024-07-24 12:59:43,36650.0,100,Sell,226099781
2024-07-24 12:59:43,36700.0,300,Buy,226099605
2024-07-24 12:59:45,36700.0,100,Buy,226100100
2024-07-24 12:59:49,36700.0,100,Buy,226100918
2024-07-24 12:59:51,36650.0,100,Sell,226101156
2024-07-24 12:59:51,36650.0,100,Sell,226101157
2024-07-24 13:00:05,36700.0,300,Buy,226102074
2024-07-24 13:01:09,36700.0,500,Buy,226103447
2024-07-24 13:01:19,36700.0,200,Buy,226103669
2024-07-24 13:01:39,36700.0,200,Buy,226104103
2024-07-24 13:02:10,36650.0,100,Sell,226104675
2024-07-24 13:02:10,36650.0,900,Sell,226104672
2024-07-24 13:02:10,36650.0,1000,Sell,226104674
2024-07-24 13:02:16,36650.0,1400,Sell,226104800
2024-07-24 13:02:16,36650.0,4900,Sell,226104799
2024-07-24 13:02:31,36650.0,100,Sell,226105110
2024-07-24 13:02:51,36650.0,200,Sell,226105417
2024-07-24 13:03:10,36650.0,300,Sell,226105771
2024-07-24 13:03:10,36650.0,100,Sell,226105772
2024-07-24 13:03:10,36650.0,100,Sell,226105773
2024-07-24 13:03:10,36650.0,1500,Sell,226105774
2024-07-24 13:04:00,36650.0,100,Sell,226106673
2024-07-24 13:04:00,36650.0,200,Sell,226106674
2024-07-24 13:04:00,36650.0,2200,Sell,226106675
2024-07-24 13:04:20,36650.0,100,Sell,226107119
2024-07-24 13:05:19,36650.0,1000,Sell,226108246
2024-07-24 13:05:37,36650.0,100,Sell,226108624
2024-07-24 13:05:37,36650.0,300,Sell,226108629
2024-07-24 13:05:37,36650.0,3000,Sell,226108628
2024-07-24 13:05:37,36650.0,400,Sell,226108623
2024-07-24 13:05:37,36650.0,100,Sell,226108626
2024-07-24 13:05:37,36650.0,100,Sell,226108625
2024-07-24 13:05:37,36650.0,1000,Sell,226108627
2024-07-24 13:05:59,36650.0,700,Sell,226109017
2024-07-24 13:06:02,36650.0,500,Buy,226109118
2024-07-24 13:06:02,36700.0,100,Buy,226109119
2024-07-24 13:06:08,36650.0,100,Sell,226109223
2024-07-24 13:06:21,36650.0,500,Sell,226109483
2024-07-24 13:07:35,36700.0,300,Buy,226111153
2024-07-24 13:07:48,36650.0,100,Sell,226111673
2024-07-24 13:07:55,36650.0,100,Sell,226112142
2024-07-24 13:07:58,36650.0,200,Sell,226112315
2024-07-24 13:08:17,36700.0,3000,Buy,226113583
2024-07-24 13:08:17,36700.0,3200,Buy,226113601
2024-07-24 13:08:17,36700.0,1500,Buy,226113602
2024-07-24 13:08:17,36700.0,3000,Buy,226113603
2024-07-24 13:08:17,36700.0,10000,Buy,226113604
2024-07-24 13:08:17,36700.0,100,Buy,226113605
2024-07-24 13:08:17,36700.0,1000,Buy,226113606
2024-07-24 13:08:17,36700.0,100,Buy,226113607
2024-07-24 13:08:20,36750.0,100,Buy,226113691
2024-07-24 13:08:20,36750.0,100,Buy,226113689
2024-07-24 13:08:20,36750.0,10000,Buy,226113688
2024-07-24 13:08:20,36750.0,200,Buy,226113690
2024-07-24 13:08:34,36800.0,1000,Buy,226114200
2024-07-24 13:08:35,36800.0,11200,Buy,226114303
2024-07-24 13:08:36,36800.0,11200,Buy,226114322
2024-07-24 13:08:42,36800.0,100,Buy,226114454
2024-07-24 13:08:44,36800.0,1000,Buy,226114504
2024-07-24 13:08:46,36800.0,25800,Buy,226114638
2024-07-24 13:08:48,36800.0,6000,Buy,226114714
2024-07-24 13:08:52,36800.0,100,Buy,226114851
2024-07-24 13:08:58,36800.0,3000,Buy,226115138
2024-07-24 13:08:59,36800.0,11600,Buy,226115169
2024-07-24 13:09:00,36800.0,1000,Buy,226115203
2024-07-24 13:09:01,36800.0,9000,Buy,226115211
2024-07-24 13:09:03,36800.0,500,Buy,226115267
2024-07-24 13:09:06,36800.0,500,Buy,226115351
2024-07-24 13:09:07,36800.0,4000,Buy,226115414
2024-07-24 13:09:07,36800.0,900,Buy,226115441
2024-07-24 13:09:07,36800.0,100,Buy,226115442
2024-07-24 13:09:08,36800.0,2000,Buy,226115474
2024-07-24 13:09:12,36800.0,1000,Buy,226115589
2024-07-24 13:09:13,36800.0,500,Buy,226115611
2024-07-24 13:09:13,36800.0,100,Buy,226115610
2024-07-24 13:09:13,36800.0,100,Buy,226115612
2024-07-24 13:09:13,36800.0,200,Buy,226115608
2024-07-24 13:09:13,36800.0,200,Buy,226115609
2024-07-24 13:09:13,36800.0,1900,Buy,226115607
2024-07-24 13:09:22,36800.0,100,Buy,226115918
2024-07-24 13:09:22,36800.0,100,Buy,226115919
2024-07-24 13:09:23,36850.0,2000,Buy,226115967
2024-07-24 13:09:23,36800.0,100,Buy,226115964
2024-07-24 13:09:23,36800.0,100,Buy,226115965
2024-07-24 13:09:23,36800.0,400,Buy,226115966
2024-07-24 13:09:32,36850.0,200,Buy,226116187
2024-07-24 13:09:33,36850.0,200,Buy,226116191
2024-07-24 13:09:41,36850.0,1000,Buy,226116631
2024-07-24 13:09:47,36850.0,500,Buy,226116858
2024-07-24 13:09:49,36850.0,200,Buy,226116988
2024-07-24 13:09:49,36850.0,4600,Buy,226116989
2024-07-24 13:09:53,36850.0,2000,Buy,226117121
2024-07-24 13:09:54,36850.0,400,Buy,226117128
2024-07-24 13:09:55,36850.0,100,Buy,226117160
2024-07-24 13:09:59,36850.0,100,Buy,226117278
2024-07-24 13:10:03,36850.0,1700,Buy,226117405
2024-07-24 13:10:03,36850.0,500,Buy,226117406
2024-07-24 13:10:04,36900.0,500,Buy,226117438
2024-07-24 13:10:04,36900.0,1800,Buy,226117437
2024-07-24 13:10:04,36900.0,1000,Buy,226117436
2024-07-24 13:10:04,36900.0,100,Buy,226117435
2024-07-24 13:10:04,36900.0,100,Buy,226117439
2024-07-24 13:10:04,36900.0,200,Buy,226117433
2024-07-24 13:10:04,36900.0,100,Buy,226117432
2024-07-24 13:10:04,36900.0,1000,Buy,226117431
2024-07-24 13:10:04,36900.0,100,Buy,226117430
2024-07-24 13:10:04,36900.0,200,Buy,226117434
2024-07-24 13:10:04,36900.0,200,Buy,226117429
2024-07-24 13:10:11,36850.0,300,Sell,226117667
2024-07-24 13:10:11,36950.0,200,Buy,226117659
2024-07-24 13:10:11,36950.0,900,Buy,226117660
2024-07-24 13:10:23,36950.0,100,Buy,226118163
2024-07-24 13:10:27,36950.0,1000,Buy,226118290
2024-07-24 13:10:29,36950.0,200,Buy,226118369
2024-07-24 13:10:45,36950.0,100,Buy,226118867
2024-07-24 13:10:51,36950.0,300,Buy,226119095
2024-07-24 13:10:51,36950.0,700,Buy,226119094
2024-07-24 13:10:55,36950.0,200,Buy,226119419
2024-07-24 13:10:55,36950.0,800,Buy,226119420
2024-07-24 13:11:00,36950.0,200,Buy,226119600
2024-07-24 13:11:00,36950.0,600,Buy,226119602
2024-07-24 13:11:00,36950.0,200,Buy,226119601
2024-07-24 13:11:08,36950.0,200,Buy,226119840
2024-07-24 13:11:08,36950.0,500,Buy,226119841
2024-07-24 13:11:08,36950.0,1000,Buy,226119842
2024-07-24 13:11:16,37000.0,500,Buy,226120078
2024-07-24 13:11:16,37000.0,100,Buy,226120079
2024-07-24 13:11:16,37000.0,400,Buy,226120080
2024-07-24 13:11:17,36950.0,300,Sell,226120100
2024-07-24 13:11:37,37000.0,100,Buy,226120851
2024-07-24 13:11:53,37000.0,200,Buy,226121422
2024-07-24 13:11:53,37000.0,500,Buy,226121420
2024-07-24 13:11:53,37000.0,300,Buy,226121421
2024-07-24 13:12:03,37000.0,1200,Buy,226121690
2024-07-24 13:12:03,37000.0,800,Buy,226121689
2024-07-24 13:12:21,37000.0,800,Buy,226122248
2024-07-24 13:12:21,37000.0,100,Buy,226122249
2024-07-24 13:12:28,37000.0,500,Buy,226122443
2024-07-24 13:12:29,37000.0,3100,Buy,226122482
2024-07-24 13:12:29,37000.0,2900,Buy,226122483
2024-07-24 13:12:40,37000.0,1400,Buy,226122803
2024-07-24 13:12:40,37000.0,1300,Buy,226122787
2024-07-24 13:12:40,37000.0,5000,Buy,226122786
2024-07-24 13:12:40,37000.0,1000,Buy,226122785
2024-07-24 13:12:40,37000.0,500,Buy,226122783
2024-07-24 13:12:40,37000.0,1000,Buy,226122782
2024-07-24 13:12:40,37000.0,2100,Buy,226122781
2024-07-24 13:12:40,37000.0,100,Buy,226122784
2024-07-24 13:12:41,37000.0,100,Buy,226122832
2024-07-24 13:12:42,37000.0,100,Buy,226122869
2024-07-24 13:12:42,37000.0,500,Buy,226122870
2024-07-24 13:12:42,37000.0,400,Buy,226122871
2024-07-24 13:12:44,37000.0,2500,Buy,226122916
2024-07-24 13:12:47,37000.0,300,Buy,226123026
2024-07-24 13:12:47,37000.0,300,Buy,226123025
2024-07-24 13:12:47,37000.0,400,Buy,226123024
2024-07-24 13:12:47,37000.0,100,Buy,226123016
2024-07-24 13:12:47,37000.0,400,Buy,226123015
2024-07-24 13:12:47,37000.0,600,Buy,226123017
2024-07-24 13:12:48,37000.0,300,Buy,226123072
2024-07-24 13:12:49,37000.0,800,Buy,226123080
2024-07-24 13:12:49,37000.0,200,Buy,226123081
2024-07-24 13:12:54,37000.0,100,Buy,226123231
2024-07-24 13:13:04,37000.0,100,Buy,226123483
2024-07-24 13:13:21,37000.0,100,Buy,226124114
2024-07-24 13:13:23,37000.0,500,Buy,226124268
2024-07-24 13:13:28,37000.0,1000,Buy,226124419
2024-07-24 13:13:32,37000.0,100,Buy,226124557
2024-07-24 13:13:32,37000.0,500,Buy,226124555
2024-07-24 13:13:32,37000.0,300,Buy,226124554
2024-07-24 13:13:32,37000.0,100,Buy,226124556
2024-07-24 13:13:34,37000.0,100,Buy,226124605
2024-07-24 13:13:37,37000.0,400,Buy,226124672
2024-07-24 13:13:38,37000.0,500,Buy,226124708
2024-07-24 13:13:40,37000.0,500,Buy,226124764
2024-07-24 13:13:43,37000.0,100,Buy,226124812
2024-07-24 13:13:49,37000.0,1400,Buy,226125063
2024-07-24 13:13:49,37000.0,100,Buy,226125064
2024-07-24 13:13:49,37000.0,1500,Buy,226125065
2024-07-24 13:13:49,37000.0,100,Buy,226125066
2024-07-24 13:14:00,36950.0,400,Sell,226125422
2024-07-24 13:14:00,37000.0,300,Buy,226125421
2024-07-24 13:14:06,37000.0,100,Buy,226125601
2024-07-24 13:14:24,37000.0,100,Buy,226126096
2024-07-24 13:14:25,37000.0,100,Buy,226126123
2024-07-24 13:14:25,37000.0,1900,Buy,226126122
2024-07-24 13:14:28,37000.0,200,Buy,226126229
2024-07-24 13:14:28,37000.0,100,Buy,226126228
2024-07-24 13:14:28,37000.0,300,Buy,226126230
2024-07-24 13:14:47,37050.0,2500,Buy,226126862
2024-07-24 13:14:47,37050.0,200,Buy,226126863
2024-07-24 13:14:47,37050.0,1000,Buy,226126864
2024-07-24 13:14:47,37050.0,300,Buy,226126865
2024-07-24 13:14:49,37000.0,100,Sell,226126993
2024-07-24 13:14:56,37000.0,100,Sell,226127182
2024-07-24 13:15:02,37050.0,200,Buy,226127338
2024-07-24 13:15:02,37050.0,500,Buy,226127339
2024-07-24 13:15:02,37050.0,2300,Buy,226127340
2024-07-24 13:15:03,37000.0,100,Sell,226127404
2024-07-24 13:15:03,37000.0,600,Sell,226127402
2024-07-24 13:15:03,37000.0,100,Sell,226127403
2024-07-24 13:15:03,37000.0,200,Sell,226127401
2024-07-24 13:15:10,37050.0,100,Buy,226127656
2024-07-24 13:15:34,37050.0,200,Buy,226128276
2024-07-24 13:15:47,37050.0,100,Buy,226128611
2024-07-24 13:15:51,37050.0,300,Buy,226128736
2024-07-24 13:15:51,37050.0,1000,Buy,226128737
2024-07-24 13:15:51,37050.0,700,Buy,226128738
2024-07-24 13:15:54,37000.0,400,Sell,226128876
2024-07-24 13:15:56,37050.0,700,Buy,226128941
2024-07-24 13:15:56,37050.0,300,Buy,226128940
2024-07-24 13:16:12,37050.0,1600,Buy,226129442
2024-07-24 13:16:27,37050.0,1000,Buy,226129874
2024-07-24 13:16:30,37050.0,1700,Buy,226129957
2024-07-24 13:16:30,37050.0,100,Buy,226129958
2024-07-24 13:16:30,37050.0,100,Buy,226129959
2024-07-24 13:16:41,37050.0,200,Sell,226130291
2024-07-24 13:16:47,37100.0,1000,Buy,226130444
2024-07-24 13:16:47,37100.0,500,Buy,226130443
2024-07-24 13:16:47,37100.0,500,Buy,226130445
2024-07-24 13:16:47,37100.0,1000,Buy,226130441
2024-07-24 13:16:47,37100.0,400,Buy,226130440
2024-07-24 13:16:47,37100.0,200,Buy,226130442
2024-07-24 13:16:58,37100.0,500,Buy,226130701
2024-07-24 13:17:08,37100.0,100,Buy,226130983
2024-07-24 13:17:08,37100.0,200,Buy,226130984
2024-07-24 13:17:08,37100.0,1100,Buy,226130985
2024-07-24 13:17:08,37100.0,500,Buy,226130986
2024-07-24 13:17:08,37100.0,800,Buy,226130987
2024-07-24 13:17:28,37100.0,200,Buy,226131538
2024-07-24 13:17:28,37100.0,100,Buy,226131539
2024-07-24 13:17:28,37100.0,200,Buy,226131540
2024-07-24 13:18:14,37100.0,300,Buy,226132719
2024-07-24 13:18:17,37050.0,200,Sell,226132799
2024-07-24 13:18:17,37100.0,2000,Buy,226132785
2024-07-24 13:18:17,37050.0,7300,Sell,226132798
2024-07-24 13:18:30,37050.0,200,Sell,226133054
2024-07-24 13:18:31,37050.0,100,Sell,226133086
2024-07-24 13:18:45,37050.0,500,Sell,226133370
2024-07-24 13:19:07,37000.0,100,Sell,226133888
2024-07-24 13:19:07,37000.0,1000,Sell,226133889
2024-07-24 13:19:07,37000.0,100,Sell,226133890
2024-07-24 13:19:07,37000.0,800,Sell,226133891
2024-07-24 13:19:14,37050.0,400,Buy,226134047
2024-07-24 13:19:16,37000.0,500,Sell,226134080
2024-07-24 13:19:25,37050.0,100,Buy,226134302
2024-07-24 13:19:25,37050.0,300,Buy,226134301
2024-07-24 13:19:32,37050.0,100,Buy,226134485
2024-07-24 13:19:32,37050.0,100,Buy,226134486
2024-07-24 13:19:32,37050.0,100,Buy,226134484
2024-07-24 13:19:37,37050.0,700,Sell,226134643
2024-07-24 13:19:37,37050.0,100,Sell,226134644
2024-07-24 13:19:50,37050.0,200,Buy,226134916
2024-07-24 13:19:50,37050.0,100,Buy,226134917
2024-07-24 13:19:55,37050.0,100,Buy,226135015
2024-07-24 13:20:07,37050.0,800,Buy,226135229
2024-07-24 13:20:07,37050.0,200,Buy,226135230
2024-07-24 13:20:39,37050.0,200,Buy,226136148
2024-07-24 13:20:51,37050.0,300,Buy,226136440
2024-07-24 13:20:51,37050.0,100,Buy,226136438
2024-07-24 13:20:51,37050.0,100,Buy,226136439
2024-07-24 13:20:55,37050.0,500,Sell,226136550
2024-07-24 13:20:55,37050.0,500,Sell,226136551
2024-07-24 13:21:15,37050.0,500,Sell,226137066
2024-07-24 13:21:15,37050.0,500,Sell,226137067
2024-07-24 13:21:39,37050.0,100,Sell,226137672
2024-07-24 13:21:49,37100.0,2800,Buy,226137924
2024-07-24 13:21:49,37100.0,500,Buy,226137923
2024-07-24 13:21:49,37100.0,1000,Buy,226137922
2024-07-24 13:21:49,37100.0,1000,Buy,226137921
2024-07-24 13:21:49,37100.0,500,Buy,226137920
2024-07-24 13:21:49,37100.0,2000,Buy,226137918
2024-07-24 13:21:49,37100.0,100,Buy,226137917
2024-07-24 13:21:49,37100.0,1000,Buy,226137916
2024-07-24 13:21:49,37100.0,500,Buy,226137915
2024-07-24 13:21:49,37100.0,100,Buy,226137914
2024-07-24 13:21:49,37100.0,500,Buy,226137919
2024-07-24 13:21:56,37050.0,500,Sell,226138124
2024-07-24 13:21:57,37100.0,2200,Buy,226138151
2024-07-24 13:22:01,37100.0,200,Buy,226138255
2024-07-24 13:22:05,37100.0,800,Buy,226138338
2024-07-24 13:22:21,37150.0,5000,Buy,226138829
2024-07-24 13:22:21,37150.0,500,Buy,226138830
2024-07-24 13:22:21,37150.0,400,Buy,226138831
2024-07-24 13:22:25,37150.0,600,Buy,226138976
2024-07-24 13:22:48,37150.0,100,Sell,226139686
2024-07-24 13:23:00,37200.0,100,Buy,226139992
2024-07-24 13:23:02,37200.0,400,Buy,226140114
2024-07-24 13:23:12,37200.0,600,Buy,226140420
2024-07-24 13:23:13,37250.0,1600,Buy,226140459
2024-07-24 13:23:13,37200.0,400,Buy,226140458
2024-07-24 13:23:13,37200.0,500,Buy,226140457
2024-07-24 13:23:13,37200.0,2000,Buy,226140456
2024-07-24 13:23:13,37200.0,100,Buy,226140455
2024-07-24 13:23:13,37200.0,400,Buy,226140454
2024-07-24 13:23:13,37200.0,500,Buy,226140453
2024-07-24 13:23:13,37200.0,1000,Buy,226140445
2024-07-24 13:23:13,37200.0,2000,Buy,226140451
2024-07-24 13:23:13,37200.0,100,Buy,226140450
2024-07-24 13:23:13,37200.0,300,Buy,226140449
2024-07-24 13:23:13,37200.0,100,Buy,226140448
2024-07-24 13:23:13,37200.0,100,Buy,226140447
2024-07-24 13:23:13,37200.0,600,Buy,226140446
2024-07-24 13:23:13,37200.0,300,Buy,226140452
2024-07-24 13:23:20,37250.0,2000,Buy,226140649
2024-07-24 13:23:23,37250.0,500,Buy,226140762
2024-07-24 13:23:23,37250.0,900,Buy,226140763
2024-07-24 13:23:23,37250.0,100,Buy,226140764
2024-07-24 13:23:24,37250.0,900,Buy,226140776
2024-07-24 13:23:24,37250.0,100,Buy,226140777
2024-07-24 13:23:25,37250.0,2700,Buy,226140785
2024-07-24 13:23:34,37250.0,200,Buy,226141094
2024-07-24 13:23:34,37250.0,200,Buy,226141093
2024-07-24 13:23:37,37250.0,100,Buy,226141181
2024-07-24 13:23:39,37250.0,500,Buy,226141242
2024-07-24 13:23:43,37250.0,100,Buy,226141365
2024-07-24 13:23:43,37250.0,100,Buy,226141363
2024-07-24 13:23:43,37250.0,200,Buy,226141362
2024-07-24 13:23:43,37250.0,100,Buy,226141364
2024-07-24 13:23:47,37300.0,100,Buy,226141476
2024-07-24 13:23:47,37300.0,100,Buy,226141477
2024-07-24 13:23:47,37300.0,800,Buy,226141478
2024-07-24 13:24:00,37300.0,800,Buy,226141874
2024-07-24 13:24:02,37300.0,100,Buy,226141946
2024-07-24 13:24:02,37300.0,1000,Buy,226141945
2024-07-24 13:24:02,37300.0,100,Buy,226141944
2024-07-24 13:24:02,37300.0,500,Buy,226141943
2024-07-24 13:24:02,37300.0,400,Buy,226141940
2024-07-24 13:24:02,37300.0,200,Buy,226141941
2024-07-24 13:24:02,37300.0,200,Buy,226141939
2024-07-24 13:24:02,37300.0,200,Buy,226141918
2024-07-24 13:24:02,37300.0,100,Buy,226141942
2024-07-24 13:24:02,37300.0,800,Buy,226141919
2024-07-24 13:24:03,37300.0,500,Buy,226141979
2024-07-24 13:24:03,37300.0,400,Buy,226141978
2024-07-24 13:24:18,37350.0,5000,Buy,226142554
2024-07-24 13:24:29,37350.0,100,Buy,226142903
2024-07-24 13:24:31,37400.0,100,Buy,226142982
2024-07-24 13:24:33,37400.0,1000,Buy,226143196
2024-07-24 13:24:44,37400.0,100,Buy,226143648
2024-07-24 13:24:52,37450.0,2000,Buy,226143971
