time,price,volume,match_type,id
2024-08-16 09:14:37,40950.0,34500,ATO/ATC,231987728
2024-08-16 09:14:38,40800.0,100,Sell,231987877
2024-08-16 09:15:04,40950.0,300,Buy,231988220
2024-08-16 09:15:04,40950.0,200,Buy,231988222
2024-08-16 09:15:04,40950.0,500,Buy,231988219
2024-08-16 09:15:04,40950.0,500,Buy,231988221
2024-08-16 09:15:15,41000.0,1200,Buy,231988372
2024-08-16 09:15:15,41000.0,100,Buy,231988371
2024-08-16 09:15:15,40950.0,500,Buy,231988370
2024-08-16 09:15:15,40950.0,100,Buy,231988369
2024-08-16 09:15:15,40900.0,300,Buy,231988364
2024-08-16 09:15:15,40950.0,4800,Buy,231988367
2024-08-16 09:15:15,40950.0,800,Buy,231988365
2024-08-16 09:15:15,40950.0,100,Buy,231988368
2024-08-16 09:15:15,40950.0,100,Buy,231988366
2024-08-16 09:15:23,40950.0,500,Buy,231988516
2024-08-16 09:15:23,40950.0,500,Buy,231988517
2024-08-16 09:15:30,40950.0,100,Buy,231988623
2024-08-16 09:15:54,40950.0,400,Buy,231989064
2024-08-16 09:15:54,40950.0,1100,Buy,231989065
2024-08-16 09:15:54,40950.0,500,Buy,231989074
2024-08-16 09:16:11,40900.0,100,Buy,231989423
2024-08-16 09:16:11,40900.0,500,Buy,231989424
2024-08-16 09:16:22,40900.0,500,Buy,231989611
2024-08-16 09:16:22,40850.0,1200,Sell,231989597
2024-08-16 09:16:22,40850.0,200,Sell,231989598
2024-08-16 09:16:22,40850.0,1000,Sell,231989599
2024-08-16 09:16:43,40850.0,500,Sell,231990117
2024-08-16 09:16:47,40900.0,500,Buy,231990206
2024-08-16 09:16:53,40900.0,100,Buy,231990348
2024-08-16 09:16:53,40900.0,200,Buy,231990349
2024-08-16 09:16:57,40800.0,2400,Sell,231990445
2024-08-16 09:16:57,40800.0,500,Sell,231990446
2024-08-16 09:16:57,40800.0,500,Sell,231990447
2024-08-16 09:17:09,40800.0,300,Buy,231990692
2024-08-16 09:17:13,40750.0,100,Sell,231990765
2024-08-16 09:17:13,40800.0,300,Buy,231990759
2024-08-16 09:17:20,40800.0,300,Buy,231990883
2024-08-16 09:17:20,40800.0,100,Buy,231990881
2024-08-16 09:17:20,40800.0,1000,Buy,231990882
2024-08-16 09:17:21,40800.0,2200,Sell,231990893
2024-08-16 09:17:25,40800.0,500,Sell,231991004
2024-08-16 09:17:30,40800.0,500,Sell,231991109
2024-08-16 09:17:54,40800.0,100,Sell,231991815
2024-08-16 09:17:57,40800.0,300,Sell,231991919
2024-08-16 09:17:57,40800.0,900,Sell,231991920
2024-08-16 09:17:57,40800.0,1000,Sell,231991917
2024-08-16 09:17:57,40800.0,300,Sell,231991916
2024-08-16 09:17:57,40800.0,1500,Sell,231991918
2024-08-16 09:18:01,40800.0,100,Buy,231991964
2024-08-16 09:18:16,40800.0,500,Buy,231992282
2024-08-16 09:18:17,40750.0,900,Sell,231992322
2024-08-16 09:18:17,40750.0,200,Sell,231992323
2024-08-16 09:18:17,40750.0,400,Sell,231992324
2024-08-16 09:18:17,40800.0,3000,Buy,231992333
2024-08-16 09:18:40,40800.0,5000,Buy,231992798
2024-08-16 09:18:40,40800.0,100,Buy,231992799
2024-08-16 09:18:40,40800.0,100,Buy,231992800
2024-08-16 09:19:03,40900.0,200,Buy,231993193
2024-08-16 09:19:03,40850.0,100,Buy,231993192
2024-08-16 09:19:12,40900.0,300,Buy,231993356
2024-08-16 09:19:12,40900.0,200,Buy,231993357
2024-08-16 09:19:29,40900.0,300,Buy,231993684
2024-08-16 09:19:29,40900.0,900,Buy,231993685
2024-08-16 09:19:32,40900.0,2000,Buy,231993739
2024-08-16 09:19:36,40900.0,1000,Buy,231993805
2024-08-16 09:19:46,40900.0,500,Buy,231993994
2024-08-16 09:19:59,40850.0,100,Sell,231994341
2024-08-16 09:20:02,40900.0,3000,Buy,231994434
2024-08-16 09:20:11,40900.0,500,Buy,231994620
2024-08-16 09:20:14,40850.0,1200,Sell,231994674
2024-08-16 09:20:14,40850.0,3800,Sell,231994675
2024-08-16 09:20:19,40850.0,100,Sell,231994811
2024-08-16 09:20:53,40850.0,200,Sell,231995509
2024-08-16 09:20:53,40850.0,100,Sell,231995505
2024-08-16 09:20:54,40900.0,300,Buy,231995528
2024-08-16 09:20:54,40900.0,300,Buy,231995529
2024-08-16 09:20:54,40900.0,100,Buy,231995532
2024-08-16 09:20:55,40900.0,2000,Buy,231995568
2024-08-16 09:20:56,40900.0,1000,Buy,231995580
2024-08-16 09:20:56,40900.0,400,Buy,231995584
2024-08-16 09:20:57,40900.0,400,Buy,231995593
2024-08-16 09:20:57,40900.0,100,Buy,231995598
2024-08-16 09:20:58,40900.0,300,Buy,231995621
2024-08-16 09:20:58,40900.0,200,Buy,231995619
2024-08-16 09:20:58,40900.0,300,Buy,231995620
2024-08-16 09:21:14,40900.0,200,Buy,231995913
2024-08-16 09:21:21,40850.0,800,Sell,231996030
2024-08-16 09:21:21,40850.0,200,Sell,231996031
2024-08-16 09:21:26,40850.0,500,Sell,231996136
2024-08-16 09:22:02,40850.0,100,Sell,231996834
2024-08-16 09:22:27,40850.0,700,Sell,231997207
2024-08-16 09:22:27,40850.0,1800,Sell,231997208
2024-08-16 09:22:33,40850.0,1000,Sell,231997320
2024-08-16 09:22:39,40850.0,2000,Sell,231997391
2024-08-16 09:22:50,40850.0,200,Sell,231997535
2024-08-16 09:22:51,40850.0,800,Sell,231997536
2024-08-16 09:23:03,40850.0,100,Sell,231997718
2024-08-16 09:23:14,40850.0,4100,Sell,231997880
2024-08-16 09:23:14,40850.0,100,Sell,231997881
2024-08-16 09:23:14,40850.0,200,Sell,231997882
2024-08-16 09:23:14,40850.0,400,Sell,231997883
2024-08-16 09:23:14,40850.0,200,Sell,231997884
2024-08-16 09:23:14,40850.0,5000,Sell,231997885
2024-08-16 09:23:14,40850.0,200,Sell,231997886
2024-08-16 09:23:14,40850.0,400,Buy,231997887
2024-08-16 09:23:46,40800.0,6800,Sell,231998495
2024-08-16 09:23:46,40800.0,200,Sell,231998494
2024-08-16 09:23:46,40800.0,1300,Sell,231998493
2024-08-16 09:23:46,40800.0,100,Sell,231998492
2024-08-16 09:23:46,40800.0,500,Sell,231998491
2024-08-16 09:23:46,40800.0,300,Sell,231998490
2024-08-16 09:23:46,40800.0,800,Sell,231998489
2024-08-16 09:23:54,40800.0,100,Sell,231998656
2024-08-16 09:24:05,40800.0,100,Sell,231998885
2024-08-16 09:24:05,40800.0,500,Sell,231998871
2024-08-16 09:24:10,40800.0,1900,Sell,231998954
2024-08-16 09:24:18,40800.0,600,Sell,231999100
2024-08-16 09:24:18,40800.0,400,Sell,231999101
2024-08-16 09:24:18,40800.0,200,Sell,231999102
2024-08-16 09:24:24,40800.0,300,Buy,231999187
2024-08-16 09:25:10,40800.0,100,Buy,232000078
2024-08-16 09:25:13,40750.0,500,Sell,232000102
2024-08-16 09:25:21,40750.0,500,Sell,232000266
2024-08-16 09:25:21,40750.0,100,Sell,232000265
2024-08-16 09:25:21,40750.0,100,Sell,232000264
2024-08-16 09:25:21,40750.0,2900,Sell,232000262
2024-08-16 09:25:21,40750.0,100,Sell,232000260
2024-08-16 09:25:21,40750.0,100,Sell,232000259
2024-08-16 09:25:21,40750.0,200,Sell,232000263
2024-08-16 09:25:21,40750.0,1000,Sell,232000261
2024-08-16 09:25:53,40750.0,200,Sell,232000763
2024-08-16 09:25:53,40750.0,100,Sell,232000764
2024-08-16 09:26:12,40750.0,1000,Sell,232001101
2024-08-16 09:26:22,40750.0,300,Sell,232001242
2024-08-16 09:26:40,40750.0,100,Sell,232001590
2024-08-16 09:26:41,40800.0,100,Buy,232001612
2024-08-16 09:26:42,40750.0,100,Sell,232001627
2024-08-16 09:27:41,40750.0,1400,Sell,232002625
2024-08-16 09:27:41,40750.0,500,Sell,232002626
2024-08-16 09:27:41,40750.0,100,Sell,232002627
2024-08-16 09:27:41,40750.0,300,Sell,232002628
2024-08-16 09:27:41,40750.0,200,Sell,232002629
2024-08-16 09:28:24,40750.0,100,Buy,232003364
2024-08-16 09:28:38,40750.0,3600,Buy,232003620
2024-08-16 09:29:09,40700.0,500,Sell,232004184
2024-08-16 09:29:09,40700.0,200,Sell,232004185
2024-08-16 09:29:09,40700.0,2000,Sell,232004186
2024-08-16 09:29:09,40700.0,5000,Sell,232004187
2024-08-16 09:29:09,40700.0,2300,Sell,232004188
2024-08-16 09:29:14,40700.0,1500,Sell,232004287
2024-08-16 09:29:28,40700.0,1000,Sell,232004543
2024-08-16 09:29:52,40700.0,200,Sell,232004940
2024-08-16 09:29:52,40700.0,300,Sell,232004941
2024-08-16 09:29:52,40700.0,500,Sell,232004942
2024-08-16 09:29:52,40700.0,200,Sell,232004943
2024-08-16 09:29:52,40700.0,600,Buy,232004944
2024-08-16 09:30:21,40700.0,100,Sell,232005387
2024-08-16 09:30:33,40700.0,300,Sell,232005567
2024-08-16 09:30:33,40700.0,1200,Sell,232005568
2024-08-16 09:30:33,40700.0,2500,Sell,232005569
2024-08-16 09:30:40,40700.0,100,Buy,232005700
2024-08-16 09:30:41,40700.0,200,Buy,232005713
2024-08-16 09:30:57,40650.0,200,Sell,232005955
2024-08-16 09:30:57,40650.0,500,Sell,232005954
2024-08-16 09:31:25,40700.0,100,Buy,232006341
2024-08-16 09:31:30,40750.0,100,Buy,232006430
2024-08-16 09:31:44,40750.0,100,Buy,232006643
2024-08-16 09:31:44,40750.0,100,Buy,232006644
2024-08-16 09:31:44,40750.0,300,Buy,232006645
2024-08-16 09:31:44,40750.0,500,Buy,232006646
2024-08-16 09:31:44,40750.0,300,Buy,232006647
2024-08-16 09:31:45,40800.0,100,Buy,232006682
2024-08-16 09:31:45,40800.0,2000,Buy,232006681
2024-08-16 09:31:45,40800.0,100,Buy,232006680
2024-08-16 09:31:45,40800.0,100,Buy,232006678
2024-08-16 09:31:45,40800.0,200,Buy,232006677
2024-08-16 09:31:45,40800.0,1000,Buy,232006676
2024-08-16 09:31:45,40800.0,1000,Buy,232006675
2024-08-16 09:31:45,40800.0,300,Buy,232006672
2024-08-16 09:31:45,40800.0,500,Buy,232006673
2024-08-16 09:31:45,40800.0,200,Buy,232006670
2024-08-16 09:31:45,40800.0,100,Buy,232006669
2024-08-16 09:31:45,40800.0,300,Buy,232006668
2024-08-16 09:31:45,40800.0,500,Buy,232006667
2024-08-16 09:31:45,40800.0,100,Buy,232006674
2024-08-16 09:31:45,40800.0,200,Buy,232006671
2024-08-16 09:31:46,40750.0,300,Sell,232006691
2024-08-16 09:32:15,40800.0,100,Sell,232007069
2024-08-16 09:32:59,40800.0,100,Sell,232008020
2024-08-16 09:33:02,40800.0,300,Sell,232008097
2024-08-16 09:33:17,40800.0,100,Buy,232008393
2024-08-16 09:33:25,40800.0,500,Buy,232008538
2024-08-16 09:34:07,40800.0,1100,Buy,232009311
2024-08-16 09:34:07,40800.0,100,Buy,232009312
2024-08-16 09:34:07,40800.0,400,Buy,232009313
2024-08-16 09:34:08,40800.0,500,Sell,232009424
2024-08-16 09:34:22,40800.0,300,Buy,232009734
2024-08-16 09:34:30,40800.0,600,Sell,232009888
2024-08-16 09:34:36,40800.0,300,Buy,232010015
2024-08-16 09:35:17,40800.0,100,Buy,232010927
2024-08-16 09:35:35,40800.0,100,Sell,232011457
2024-08-16 09:35:48,40750.0,300,Sell,232011715
2024-08-16 09:35:48,40800.0,100,Sell,232011714
2024-08-16 09:37:04,40800.0,100,Sell,232013693
2024-08-16 09:37:08,40800.0,1000,Sell,232013826
2024-08-16 09:37:11,40800.0,200,Sell,232013902
2024-08-16 09:37:29,40800.0,300,Buy,232014469
2024-08-16 09:38:08,40800.0,100,Buy,232015674
2024-08-16 09:38:25,40800.0,100,Buy,232016244
2024-08-16 09:38:25,40800.0,100,Buy,232016245
2024-08-16 09:38:37,40800.0,1900,Buy,232016607
2024-08-16 09:38:37,40800.0,100,Buy,232016608
2024-08-16 09:38:55,40800.0,500,Buy,232017274
2024-08-16 09:38:55,40800.0,100,Buy,232017275
2024-08-16 09:39:05,40800.0,100,Sell,232017643
2024-08-16 09:39:20,40800.0,200,Sell,232018172
2024-08-16 09:39:29,40800.0,100,Sell,232018652
2024-08-16 09:40:11,40800.0,1000,Sell,232020813
2024-08-16 09:40:11,40800.0,1000,Sell,232020812
2024-08-16 09:40:12,40800.0,1000,Sell,232020855
2024-08-16 09:40:37,40800.0,100,Sell,232022165
2024-08-16 09:40:39,40800.0,100,Sell,232022242
2024-08-16 09:40:44,40850.0,100,Buy,232022538
2024-08-16 09:40:45,40850.0,100,Buy,232022546
2024-08-16 09:40:50,40850.0,1700,Buy,232022848
2024-08-16 09:40:50,40850.0,100,Buy,232022847
2024-08-16 09:40:50,40850.0,2000,Buy,232022846
2024-08-16 09:40:50,40850.0,200,Buy,232022843
2024-08-16 09:40:50,40850.0,100,Buy,232022845
2024-08-16 09:40:50,40850.0,100,Buy,232022841
2024-08-16 09:40:50,40850.0,100,Buy,232022840
2024-08-16 09:40:50,40850.0,100,Buy,232022839
2024-08-16 09:40:50,40850.0,400,Buy,232022838
2024-08-16 09:40:50,40850.0,100,Buy,232022842
2024-08-16 09:40:50,40850.0,100,Buy,232022844
2024-08-16 09:40:53,40850.0,600,Buy,232023021
2024-08-16 09:40:56,40850.0,200,Buy,232023186
2024-08-16 09:40:59,40850.0,500,Buy,232023329
2024-08-16 09:41:07,40850.0,1000,Buy,232023673
2024-08-16 09:41:08,40850.0,5000,Buy,232023695
2024-08-16 09:41:14,40850.0,1000,Buy,232023905
2024-08-16 09:41:16,40850.0,100,Buy,232023987
2024-08-16 09:41:37,40900.0,1700,Buy,232024895
2024-08-16 09:41:37,40900.0,100,Buy,232024893
2024-08-16 09:41:37,40900.0,200,Buy,232024894
2024-08-16 09:41:56,40850.0,200,Sell,232025647
2024-08-16 09:42:05,40900.0,300,Buy,232026043
2024-08-16 09:42:05,40900.0,1700,Buy,232026044
2024-08-16 09:42:05,40900.0,1000,Buy,232026045
2024-08-16 09:42:08,40900.0,1000,Buy,232026187
2024-08-16 09:42:10,40900.0,1000,Buy,232026252
2024-08-16 09:42:10,40900.0,100,Buy,232026253
2024-08-16 09:42:10,40900.0,300,Buy,232026254
2024-08-16 09:42:10,40900.0,100,Buy,232026255
2024-08-16 09:42:10,40900.0,1000,Buy,232026256
2024-08-16 09:42:10,40900.0,500,Buy,232026257
2024-08-16 09:42:11,40900.0,1400,Buy,232026369
2024-08-16 09:42:11,40900.0,100,Buy,232026368
2024-08-16 09:42:12,40900.0,100,Buy,232026393
2024-08-16 09:42:12,40900.0,100,Buy,232026394
2024-08-16 09:42:12,40900.0,500,Buy,232026395
2024-08-16 09:42:12,40900.0,600,Buy,232026392
2024-08-16 09:42:14,40900.0,100,Sell,232026461
2024-08-16 09:42:17,40950.0,100,Buy,232026651
2024-08-16 09:42:17,40950.0,900,Buy,232026652
2024-08-16 09:42:38,40950.0,700,Buy,232027652
2024-08-16 09:42:42,40900.0,100,Sell,232027843
2024-08-16 09:42:47,40900.0,100,Sell,232028038
2024-08-16 09:43:04,40950.0,100,Buy,232028714
2024-08-16 09:43:06,40950.0,100,Buy,232028781
2024-08-16 09:43:10,40900.0,300,Sell,232028911
2024-08-16 09:43:16,40950.0,100,Buy,232029175
2024-08-16 09:43:16,40950.0,300,Buy,232029181
2024-08-16 09:43:16,40950.0,200,Buy,232029180
2024-08-16 09:43:16,40950.0,100,Buy,232029179
2024-08-16 09:43:16,40950.0,3200,Buy,232029174
2024-08-16 09:43:16,40950.0,500,Buy,232029177
2024-08-16 09:43:16,40950.0,1000,Buy,232029176
2024-08-16 09:43:16,40950.0,1000,Buy,232029178
2024-08-16 09:43:25,40950.0,700,Buy,232029528
2024-08-16 09:43:25,40950.0,100,Buy,232029529
2024-08-16 09:43:25,40950.0,2200,Buy,232029530
2024-08-16 09:43:26,40950.0,1000,Buy,232029579
2024-08-16 09:43:29,40950.0,1500,Buy,232029685
2024-08-16 09:43:29,40950.0,500,Buy,232029683
2024-08-16 09:43:29,40950.0,300,Buy,232029684
2024-08-16 09:43:29,40950.0,1800,Buy,232029680
2024-08-16 09:43:29,40950.0,500,Buy,232029682
2024-08-16 09:43:29,40950.0,400,Buy,232029681
2024-08-16 09:43:30,40950.0,500,Buy,232029720
2024-08-16 09:43:31,40950.0,100,Buy,232029818
2024-08-16 09:43:31,40950.0,100,Buy,232029819
2024-08-16 09:43:31,40950.0,1000,Buy,232029820
2024-08-16 09:43:31,40950.0,800,Buy,232029821
2024-08-16 09:43:32,40950.0,1000,Buy,232029870
2024-08-16 09:43:34,40950.0,100,Buy,232029957
2024-08-16 09:43:35,40950.0,1000,Buy,232029967
2024-08-16 09:43:36,40950.0,100,Buy,232030041
2024-08-16 09:43:36,40950.0,800,Buy,232030021
2024-08-16 09:43:38,40950.0,200,Buy,232030116
2024-08-16 09:43:38,40950.0,100,Buy,232030117
2024-08-16 09:43:38,40950.0,100,Buy,232030118
2024-08-16 09:43:38,40950.0,100,Buy,232030119
2024-08-16 09:43:44,41000.0,100,Buy,232030405
2024-08-16 09:43:46,41000.0,1000,Buy,232030488
2024-08-16 09:43:49,41000.0,1000,Buy,232030642
2024-08-16 09:44:09,41000.0,200,Buy,232031317
2024-08-16 09:44:09,41000.0,1000,Buy,232031318
2024-08-16 09:44:12,41000.0,100,Buy,232031417
2024-08-16 09:44:19,41000.0,100,Buy,232031748
2024-08-16 09:44:19,41000.0,100,Buy,232031747
2024-08-16 09:44:19,41000.0,500,Buy,232031746
2024-08-16 09:44:19,41000.0,800,Buy,232031745
2024-08-16 09:44:19,41000.0,100,Buy,232031741
2024-08-16 09:44:19,41000.0,100,Buy,232031743
2024-08-16 09:44:19,41000.0,200,Buy,232031742
2024-08-16 09:44:19,41000.0,500,Buy,232031740
2024-08-16 09:44:19,41000.0,400,Buy,232031739
2024-08-16 09:44:19,41000.0,200,Buy,232031744
2024-08-16 09:44:33,41000.0,200,Buy,232032229
2024-08-16 09:44:33,41000.0,1000,Buy,232032226
2024-08-16 09:44:33,41000.0,200,Buy,232032228
2024-08-16 09:44:33,41000.0,500,Buy,232032227
2024-08-16 09:44:33,41000.0,1000,Buy,232032225
2024-08-16 09:44:33,41000.0,1000,Buy,232032219
2024-08-16 09:44:33,41000.0,5000,Buy,232032223
2024-08-16 09:44:33,41000.0,300,Buy,232032218
2024-08-16 09:44:33,41000.0,100,Buy,232032220
2024-08-16 09:44:33,41000.0,500,Buy,232032224
2024-08-16 09:44:33,41000.0,100,Buy,232032222
2024-08-16 09:44:33,41000.0,100,Buy,232032221
2024-08-16 09:44:38,41000.0,100,Buy,232032378
2024-08-16 09:44:40,41000.0,100,Buy,232032467
2024-08-16 09:44:40,41000.0,5000,Buy,232032469
2024-08-16 09:44:40,41000.0,200,Buy,232032471
2024-08-16 09:44:40,41000.0,100,Buy,232032472
2024-08-16 09:44:40,41000.0,1000,Buy,232032473
2024-08-16 09:44:40,41000.0,3000,Buy,232032478
2024-08-16 09:44:40,41000.0,1000,Buy,232032479
2024-08-16 09:44:40,41000.0,1500,Buy,232032480
2024-08-16 09:44:40,41000.0,200,Buy,232032481
2024-08-16 09:44:40,41000.0,200,Buy,232032482
2024-08-16 09:44:40,41000.0,300,Buy,232032483
2024-08-16 09:44:40,41000.0,43900,Buy,232032484
2024-08-16 09:44:40,41000.0,100,Buy,232032466
2024-08-16 09:44:40,41000.0,500,Buy,232032465
2024-08-16 09:44:40,41000.0,100,Buy,232032470
2024-08-16 09:44:40,41000.0,100,Buy,232032463
2024-08-16 09:44:40,41000.0,100,Buy,232032450
2024-08-16 09:44:40,41000.0,5200,Buy,232032464
2024-08-16 09:44:40,41000.0,100,Buy,232032452
2024-08-16 09:44:40,41000.0,100,Buy,232032453
2024-08-16 09:44:40,41000.0,700,Buy,232032454
2024-08-16 09:44:40,41000.0,300,Buy,232032455
2024-08-16 09:44:40,41000.0,1000,Buy,232032456
2024-08-16 09:44:40,41000.0,100,Buy,232032451
2024-08-16 09:44:40,41000.0,1000,Buy,232032458
2024-08-16 09:44:40,41000.0,5000,Buy,232032457
2024-08-16 09:44:40,41000.0,100,Buy,232032462
2024-08-16 09:44:40,41000.0,1000,Buy,232032468
2024-08-16 09:44:40,41000.0,2000,Buy,232032460
2024-08-16 09:44:40,41000.0,1000,Buy,232032459
2024-08-16 09:44:40,41000.0,5000,Buy,232032461
2024-08-16 09:44:42,41000.0,1000,Buy,232032551
2024-08-16 09:44:42,41000.0,3000,Buy,232032567
2024-08-16 09:44:42,41000.0,100,Buy,232032568
2024-08-16 09:44:42,41000.0,100,Buy,232032570
2024-08-16 09:44:42,41000.0,200,Buy,232032571
2024-08-16 09:44:42,41000.0,1000,Buy,232032572
2024-08-16 09:44:42,41000.0,100,Buy,232032573
2024-08-16 09:44:42,41000.0,100,Buy,232032574
2024-08-16 09:44:42,41000.0,500,Buy,232032569
2024-08-16 09:44:46,41000.0,900,Sell,232032674
2024-08-16 09:44:46,41000.0,1100,Sell,232032675
2024-08-16 09:44:49,41050.0,200,Buy,232032776
2024-08-16 09:44:49,41050.0,1000,Buy,232032775
2024-08-16 09:44:49,41050.0,100,Buy,232032774
2024-08-16 09:44:52,41050.0,100,Buy,232032851
2024-08-16 09:44:52,41050.0,200,Buy,232032852
2024-08-16 09:44:53,41050.0,100,Buy,232032872
2024-08-16 09:44:53,41050.0,100,Buy,232032881
2024-08-16 09:44:57,41050.0,100,Sell,232032986
2024-08-16 09:44:59,41100.0,1400,Buy,232033045
2024-08-16 09:44:59,41100.0,300,Buy,232033042
2024-08-16 09:44:59,41100.0,200,Buy,232033041
2024-08-16 09:44:59,41100.0,100,Buy,232033044
2024-08-16 09:44:59,41100.0,100,Buy,232033039
2024-08-16 09:44:59,41100.0,500,Buy,232033038
2024-08-16 09:44:59,41100.0,100,Buy,232033037
2024-08-16 09:44:59,41100.0,300,Buy,232033040
2024-08-16 09:44:59,41100.0,1000,Buy,232033043
2024-08-16 09:45:00,41050.0,100,Sell,232033068
2024-08-16 09:45:01,41100.0,3000,Buy,232033121
2024-08-16 09:45:01,41100.0,600,Buy,232033114
2024-08-16 09:45:01,41100.0,100,Buy,232033115
2024-08-16 09:45:01,41100.0,400,Buy,232033116
2024-08-16 09:45:01,41100.0,100,Buy,232033117
2024-08-16 09:45:01,41100.0,1000,Buy,232033118
2024-08-16 09:45:01,41100.0,500,Buy,232033119
2024-08-16 09:45:01,41100.0,100,Buy,232033120
2024-08-16 09:45:04,41150.0,100,Buy,232033241
2024-08-16 09:45:07,41150.0,200,Buy,232033290
2024-08-16 09:45:07,41150.0,100,Buy,232033291
2024-08-16 09:45:07,41150.0,100,Buy,232033292
2024-08-16 09:45:07,41150.0,100,Buy,232033293
2024-08-16 09:45:07,41150.0,200,Buy,232033287
2024-08-16 09:45:09,41150.0,1000,Sell,232033364
2024-08-16 09:45:10,41150.0,200,Sell,232033422
2024-08-16 09:45:13,41200.0,100,Buy,232033502
2024-08-16 09:45:14,41200.0,5000,Buy,232033545
2024-08-16 09:45:14,41200.0,100,Buy,232033546
2024-08-16 09:45:14,41200.0,1000,Buy,232033547
2024-08-16 09:45:14,41200.0,300,Buy,232033548
2024-08-16 09:45:14,41200.0,100,Buy,232033549
2024-08-16 09:45:14,41200.0,100,Buy,232033550
2024-08-16 09:45:14,41200.0,1000,Buy,232033554
2024-08-16 09:45:14,41200.0,200,Buy,232033552
2024-08-16 09:45:14,41200.0,200,Buy,232033553
2024-08-16 09:45:14,41200.0,500,Buy,232033555
2024-08-16 09:45:14,41200.0,500,Buy,232033556
2024-08-16 09:45:14,41200.0,2800,Buy,232033557
2024-08-16 09:45:14,41200.0,100,Buy,232033559
2024-08-16 09:45:14,41200.0,800,Buy,232033551
2024-08-16 09:45:14,41200.0,500,Buy,232033544
2024-08-16 09:45:14,41200.0,100,Buy,232033540
2024-08-16 09:45:14,41200.0,2500,Buy,232033542
2024-08-16 09:45:14,41200.0,1400,Buy,232033543
2024-08-16 09:45:14,41200.0,500,Buy,232033517
2024-08-16 09:45:14,41200.0,600,Buy,232033518
2024-08-16 09:45:14,41200.0,100,Buy,232033519
2024-08-16 09:45:14,41200.0,400,Buy,232033520
2024-08-16 09:45:14,41200.0,100,Buy,232033521
2024-08-16 09:45:14,41200.0,300,Buy,232033522
2024-08-16 09:45:14,41200.0,1000,Buy,232033539
2024-08-16 09:45:14,41200.0,200,Buy,232033534
2024-08-16 09:45:14,41200.0,5000,Buy,232033533
2024-08-16 09:45:14,41200.0,200,Buy,232033538
2024-08-16 09:45:14,41200.0,100,Buy,232033541
2024-08-16 09:45:14,41200.0,1000,Buy,232033536
2024-08-16 09:45:14,41200.0,100,Buy,232033537
2024-08-16 09:45:14,41200.0,100,Buy,232033535
2024-08-16 09:45:15,41200.0,300,Buy,232033588
2024-08-16 09:45:16,41200.0,100,Buy,232033623
2024-08-16 09:45:16,41200.0,100,Buy,232033632
2024-08-16 09:45:17,41200.0,9400,Buy,232033645
2024-08-16 09:45:17,41200.0,2300,Buy,232033646
2024-08-16 09:45:18,41200.0,2000,Sell,232033690
2024-08-16 09:45:18,41300.0,200,Buy,232033688
2024-08-16 09:45:18,41300.0,1000,Buy,232033687
2024-08-16 09:45:18,41250.0,500,Buy,232033685
2024-08-16 09:45:18,41250.0,100,Buy,232033684
2024-08-16 09:45:18,41250.0,100,Buy,232033683
2024-08-16 09:45:18,41300.0,100,Buy,232033686
2024-08-16 09:45:22,41300.0,100,Buy,232033815
2024-08-16 09:45:27,41300.0,700,Buy,232033944
2024-08-16 09:45:27,41300.0,500,Buy,232033945
2024-08-16 09:45:27,41300.0,200,Buy,232033946
2024-08-16 09:45:27,41300.0,600,Buy,232033947
2024-08-16 09:45:29,41250.0,100,Sell,232033995
2024-08-16 09:45:29,41300.0,500,Buy,232033987
2024-08-16 09:45:29,41300.0,200,Buy,232033994
2024-08-16 09:45:29,41300.0,500,Buy,232033985
2024-08-16 09:45:29,41300.0,300,Buy,232033986
2024-08-16 09:45:29,41300.0,300,Buy,232033975
2024-08-16 09:45:29,41300.0,100,Buy,232033988
2024-08-16 09:45:29,41300.0,100,Buy,232033984
2024-08-16 09:45:32,41300.0,500,Buy,232034064
2024-08-16 09:45:34,41300.0,100,Buy,232034116
2024-08-16 09:45:35,41300.0,100,Buy,232034130
2024-08-16 09:45:35,41300.0,100,Buy,232034131
2024-08-16 09:45:35,41300.0,100,Buy,232034132
2024-08-16 09:45:35,41300.0,3000,Buy,232034133
2024-08-16 09:45:36,41400.0,1000,Buy,232034168
2024-08-16 09:45:36,41400.0,100,Buy,232034167
2024-08-16 09:45:36,41400.0,1000,Buy,232034166
2024-08-16 09:45:36,41400.0,300,Buy,232034165
2024-08-16 09:45:36,41400.0,1000,Buy,232034164
2024-08-16 09:45:36,41400.0,3000,Buy,232034163
2024-08-16 09:45:36,41400.0,500,Buy,232034160
2024-08-16 09:45:36,41400.0,200,Buy,232034159
2024-08-16 09:45:36,41400.0,100,Buy,232034158
2024-08-16 09:45:36,41400.0,100,Buy,232034162
2024-08-16 09:45:36,41400.0,100,Buy,232034161
2024-08-16 09:45:37,41400.0,100,Sell,232034185
2024-08-16 09:45:38,41400.0,2500,Sell,232034212
2024-08-16 09:45:43,41400.0,500,Buy,232034372
2024-08-16 09:45:45,41300.0,200,Sell,232034430
2024-08-16 09:45:45,41300.0,2300,Sell,232034429
2024-08-16 09:45:48,41400.0,3600,Buy,232034473
2024-08-16 09:45:48,41400.0,14200,Buy,232034474
2024-08-16 09:45:51,41400.0,3400,Buy,232034561
2024-08-16 09:45:51,41400.0,4200,Buy,232034560
2024-08-16 09:45:51,41350.0,100,Buy,232034552
2024-08-16 09:45:51,41350.0,1400,Buy,232034558
2024-08-16 09:45:51,41350.0,1900,Buy,232034553
2024-08-16 09:45:51,41350.0,1000,Buy,232034559
2024-08-16 09:45:53,41400.0,5000,Buy,232034595
2024-08-16 09:45:53,41400.0,1000,Buy,232034596
2024-08-16 09:45:53,41300.0,1000,Sell,232034598
2024-08-16 09:45:53,41300.0,4000,Sell,232034599
2024-08-16 09:45:58,41250.0,200,Sell,232034738
2024-08-16 09:45:58,41300.0,900,Sell,232034726
2024-08-16 09:45:58,41300.0,600,Sell,232034725
2024-08-16 09:45:58,41300.0,1000,Sell,232034722
2024-08-16 09:45:58,41300.0,2000,Sell,232034721
2024-08-16 09:45:58,41300.0,200,Sell,232034724
2024-08-16 09:45:58,41300.0,1000,Sell,232034723
2024-08-16 09:45:59,41350.0,100,Buy,232034754
2024-08-16 09:46:00,41350.0,500,Buy,232034765
2024-08-16 09:46:07,41300.0,100,Buy,232034967
2024-08-16 09:46:09,41300.0,400,Buy,232035017
2024-08-16 09:46:12,41300.0,100,Sell,232035068
2024-08-16 09:46:14,41300.0,100,Sell,232035109
2024-08-16 09:46:15,41300.0,3000,Sell,232035132
2024-08-16 09:46:15,41300.0,1100,Sell,232035131
2024-08-16 09:46:15,41300.0,300,Sell,232035122
2024-08-16 09:46:20,41250.0,200,Sell,232035263
2024-08-16 09:46:26,41300.0,100,Buy,232035418
2024-08-16 09:46:28,41300.0,100,Buy,232035488
2024-08-16 09:46:30,41300.0,300,Buy,232035552
2024-08-16 09:46:37,41300.0,2500,Buy,232035743
2024-08-16 09:46:37,41300.0,2000,Buy,232035744
2024-08-16 09:46:37,41300.0,500,Buy,232035745
2024-08-16 09:46:38,41300.0,500,Buy,232035790
2024-08-16 09:46:38,41300.0,500,Buy,232035806
2024-08-16 09:46:40,41300.0,400,Buy,232035859
2024-08-16 09:46:43,41300.0,400,Buy,232035917
2024-08-16 09:46:43,41300.0,100,Buy,232035916
2024-08-16 09:46:45,41300.0,500,Buy,232035951
2024-08-16 09:46:45,41300.0,600,Buy,232035952
2024-08-16 09:46:45,41300.0,1000,Buy,232035953
2024-08-16 09:46:51,41300.0,100,Buy,232036125
2024-08-16 09:46:51,41300.0,300,Buy,232036134
2024-08-16 09:46:52,41300.0,100,Buy,232036145
2024-08-16 09:46:53,41300.0,200,Buy,232036182
2024-08-16 09:46:53,41300.0,100,Buy,232036181
2024-08-16 09:46:53,41300.0,200,Buy,232036180
2024-08-16 09:46:53,41300.0,1000,Buy,232036179
2024-08-16 09:46:53,41300.0,500,Buy,232036175
2024-08-16 09:46:53,41300.0,3000,Buy,232036177
2024-08-16 09:46:53,41300.0,300,Buy,232036178
2024-08-16 09:46:53,41300.0,3400,Buy,232036173
2024-08-16 09:46:53,41300.0,100,Buy,232036176
2024-08-16 09:46:53,41300.0,1000,Buy,232036174
2024-08-16 09:46:56,41300.0,100,Sell,232036231
2024-08-16 09:46:56,41300.0,500,Sell,232036232
2024-08-16 09:46:56,41300.0,100,Buy,232036233
2024-08-16 09:46:56,41300.0,100,Sell,232036228
2024-08-16 09:46:58,41300.0,400,Buy,232036271
2024-08-16 09:46:58,41300.0,300,Buy,232036272
2024-08-16 09:46:58,41300.0,1400,Buy,232036273
2024-08-16 09:47:01,41300.0,2000,Sell,232036365
2024-08-16 09:47:03,41350.0,2000,Buy,232036435
2024-08-16 09:47:06,41350.0,100,Buy,232036532
2024-08-16 09:47:06,41350.0,200,Buy,232036531
2024-08-16 09:47:06,41350.0,9200,Buy,232036530
2024-08-16 09:47:06,41350.0,200,Buy,232036529
2024-08-16 09:47:06,41350.0,100,Buy,232036524
2024-08-16 09:47:06,41350.0,100,Buy,232036527
2024-08-16 09:47:06,41350.0,500,Buy,232036526
2024-08-16 09:47:06,41350.0,100,Buy,232036525
2024-08-16 09:47:06,41350.0,2000,Buy,232036528
2024-08-16 09:47:06,41350.0,1300,Buy,232036523
2024-08-16 09:47:10,41350.0,200,Sell,232036615
2024-08-16 09:47:13,41350.0,400,Sell,232036669
2024-08-16 09:47:13,41400.0,10000,Buy,232036671
2024-08-16 09:47:15,41350.0,3600,Sell,232036715
2024-08-16 09:47:15,41350.0,100,Sell,232036716
2024-08-16 09:47:15,41350.0,100,Sell,232036717
2024-08-16 09:47:15,41350.0,9300,Sell,232036718
2024-08-16 09:47:15,41300.0,12900,Sell,232036719
2024-08-16 09:47:15,41300.0,100,Sell,232036720
2024-08-16 09:47:15,41300.0,4000,Sell,232036721
2024-08-16 09:47:15,41300.0,100,Sell,232036722
2024-08-16 09:47:20,41300.0,2000,Buy,232036821
2024-08-16 09:47:22,41300.0,7600,Buy,232036865
2024-08-16 09:47:22,41300.0,200,Buy,232036862
2024-08-16 09:47:23,41300.0,2400,Sell,232036883
2024-08-16 09:47:23,41300.0,200,Sell,232036884
2024-08-16 09:47:27,41350.0,500,Buy,232036971
2024-08-16 09:47:41,41300.0,1800,Sell,232037319
2024-08-16 09:47:41,41300.0,1300,Sell,232037320
2024-08-16 09:47:49,41350.0,100,Buy,232037555
2024-08-16 09:47:49,41300.0,300,Sell,232037556
2024-08-16 09:47:50,41300.0,1400,Sell,232037585
2024-08-16 09:47:50,41300.0,1900,Sell,232037586
2024-08-16 09:47:52,41300.0,800,Sell,232037630
2024-08-16 09:47:52,41300.0,500,Sell,232037631
2024-08-16 09:47:54,41300.0,2000,Sell,232037667
2024-08-16 09:47:54,41300.0,2000,Sell,232037666
2024-08-16 09:47:54,41300.0,100,Sell,232037662
2024-08-16 09:47:54,41300.0,500,Sell,232037664
2024-08-16 09:47:54,41300.0,100,Sell,232037665
2024-08-16 09:47:54,41300.0,500,Sell,232037663
2024-08-16 09:47:55,41300.0,1300,Buy,232037688
2024-08-16 09:47:55,41300.0,300,Buy,232037689
2024-08-16 09:47:58,41300.0,500,Buy,232037732
2024-08-16 09:47:58,41300.0,100,Buy,232037733
2024-08-16 09:48:06,41300.0,1000,Buy,232037988
2024-08-16 09:48:06,41300.0,100,Buy,232037990
2024-08-16 09:48:06,41300.0,200,Buy,232037991
2024-08-16 09:48:07,41300.0,1700,Sell,232038014
2024-08-16 09:48:11,41300.0,1700,Buy,232038114
2024-08-16 09:48:11,41300.0,300,Buy,232038113
2024-08-16 09:48:16,41300.0,300,Buy,232038203
2024-08-16 09:48:16,41350.0,1700,Buy,232038204
2024-08-16 09:48:26,41300.0,1000,Buy,232038425
2024-08-16 09:48:29,41300.0,200,Buy,232038515
2024-08-16 09:48:35,41300.0,200,Buy,232038619
2024-08-16 09:48:38,41300.0,1000,Buy,232038696
2024-08-16 09:48:39,41300.0,2600,Buy,232038716
2024-08-16 09:48:39,41300.0,1400,Buy,232038717
2024-08-16 09:48:54,41300.0,1000,Sell,232039102
2024-08-16 09:48:54,41300.0,1000,Sell,232039103
2024-08-16 09:48:59,41300.0,500,Sell,232039213
2024-08-16 09:49:00,41300.0,200,Sell,232039233
2024-08-16 09:49:00,41300.0,1300,Sell,232039242
2024-08-16 09:49:00,41300.0,3000,Sell,232039243
2024-08-16 09:49:00,41300.0,500,Sell,232039244
2024-08-16 09:49:00,41300.0,200,Sell,232039245
2024-08-16 09:49:02,41300.0,100,Sell,232039277
2024-08-16 09:49:04,41300.0,200,Sell,232039314
2024-08-16 09:49:09,41300.0,2000,Sell,232039440
2024-08-16 09:49:09,41300.0,1000,Buy,232039427
2024-08-16 09:49:09,41300.0,300,Buy,232039426
2024-08-16 09:49:09,41300.0,4100,Buy,232039428
2024-08-16 09:49:10,41300.0,2000,Sell,232039481
2024-08-16 09:49:11,41300.0,500,Sell,232039484
2024-08-16 09:49:14,41300.0,100,Sell,232039591
2024-08-16 09:49:14,41300.0,200,Sell,232039592
2024-08-16 09:49:19,41300.0,1700,Buy,232039742
2024-08-16 09:49:19,41300.0,100,Buy,232039743
2024-08-16 09:49:19,41300.0,1000,Buy,232039744
2024-08-16 09:49:24,41300.0,200,Sell,232039816
2024-08-16 09:49:27,41300.0,1000,Sell,232039974
2024-08-16 09:49:30,41300.0,300,Sell,232040040
2024-08-16 09:49:37,41300.0,200,Sell,232040193
2024-08-16 09:49:45,41300.0,100,Sell,232040375
2024-08-16 09:49:45,41300.0,300,Sell,232040417
2024-08-16 09:49:47,41300.0,500,Sell,232040441
2024-08-16 09:49:51,41300.0,2600,Sell,232040566
2024-08-16 09:49:53,41350.0,1000,Buy,232040605
2024-08-16 09:50:02,41300.0,1000,Sell,232040815
2024-08-16 09:50:06,41300.0,1000,Sell,232040913
2024-08-16 09:50:06,41300.0,200,Sell,232040914
2024-08-16 09:50:06,41300.0,1000,Sell,232040915
2024-08-16 09:50:06,41300.0,800,Sell,232040916
2024-08-16 09:50:09,41300.0,500,Sell,232041019
2024-08-16 09:50:11,41300.0,700,Sell,232041065
2024-08-16 09:50:11,41300.0,300,Sell,232041066
2024-08-16 09:50:15,41300.0,700,Sell,232041141
2024-08-16 09:50:15,41300.0,100,Sell,232041140
2024-08-16 09:50:15,41300.0,500,Sell,232041139
2024-08-16 09:50:15,41300.0,500,Sell,232041138
2024-08-16 09:50:15,41300.0,100,Sell,232041136
2024-08-16 09:50:15,41300.0,100,Sell,232041129
2024-08-16 09:50:15,41300.0,100,Sell,232041137
2024-08-16 09:50:16,41300.0,300,Sell,232041197
2024-08-16 09:50:18,41300.0,200,Buy,232041233
2024-08-16 09:50:18,41300.0,500,Sell,232041237
2024-08-16 09:50:21,41300.0,300,Sell,232041304
2024-08-16 09:50:21,41300.0,100,Sell,232041305
2024-08-16 09:50:23,41300.0,600,Buy,232041351
2024-08-16 09:50:30,41300.0,100,Buy,232041537
2024-08-16 09:50:33,41300.0,100,Sell,232041613
2024-08-16 09:50:34,41300.0,2000,Sell,232041629
2024-08-16 09:50:35,41300.0,1000,Sell,232041672
2024-08-16 09:50:37,41300.0,1800,Sell,232041700
2024-08-16 09:50:48,41300.0,200,Buy,232041963
2024-08-16 09:50:48,41300.0,200,Buy,232041964
2024-08-16 09:50:48,41300.0,300,Buy,232041978
2024-08-16 09:50:48,41300.0,600,Buy,232041979
2024-08-16 09:50:48,41300.0,100,Buy,232041980
2024-08-16 09:50:59,41300.0,1000,Buy,232042196
2024-08-16 09:51:05,41300.0,500,Buy,232042356
2024-08-16 09:51:12,41300.0,600,Buy,232042524
2024-08-16 09:51:12,41300.0,400,Buy,232042523
2024-08-16 09:51:25,41300.0,300,Buy,232042800
2024-08-16 09:51:27,41300.0,100,Buy,232042849
2024-08-16 09:51:27,41300.0,100,Buy,232042850
2024-08-16 09:51:27,41300.0,100,Buy,232042851
2024-08-16 09:51:44,41250.0,1600,Sell,232043250
2024-08-16 09:51:48,41250.0,2200,Sell,232043331
2024-08-16 09:51:48,41250.0,1000,Sell,232043332
2024-08-16 09:51:48,41250.0,100,Sell,232043333
2024-08-16 09:51:48,41250.0,100,Sell,232043334
2024-08-16 09:51:48,41250.0,500,Sell,232043335
2024-08-16 09:51:48,41250.0,6100,Sell,232043336
2024-08-16 09:51:54,41250.0,100,Sell,232043439
2024-08-16 09:51:57,41250.0,100,Sell,232043546
2024-08-16 09:51:58,41250.0,500,Sell,232043619
2024-08-16 09:52:06,41250.0,3100,Sell,232043784
2024-08-16 09:52:06,41250.0,100,Sell,232043785
2024-08-16 09:52:06,41250.0,100,Sell,232043786
2024-08-16 09:52:06,41250.0,6000,Sell,232043787
2024-08-16 09:52:06,41250.0,3000,Sell,232043788
2024-08-16 09:52:06,41250.0,2000,Sell,232043789
2024-08-16 09:52:06,41250.0,200,Sell,232043790
2024-08-16 09:52:06,41250.0,100,Sell,232043791
2024-08-16 09:52:06,41250.0,100,Sell,232043769
2024-08-16 09:52:21,41250.0,100,Buy,232044077
2024-08-16 09:52:23,41250.0,200,Buy,232044141
2024-08-16 09:52:29,41200.0,100,Sell,232044354
2024-08-16 09:52:32,41250.0,200,Buy,232044416
2024-08-16 09:52:38,41250.0,4900,Buy,232044601
2024-08-16 09:52:38,41250.0,1000,Buy,232044602
2024-08-16 09:52:38,41250.0,100,Buy,232044603
2024-08-16 09:52:50,41250.0,100,Buy,232044907
2024-08-16 09:52:50,41250.0,1900,Buy,232044908
2024-08-16 09:52:55,41200.0,600,Sell,232045038
2024-08-16 09:52:55,41200.0,200,Sell,232045037
2024-08-16 09:52:55,41200.0,10000,Sell,232045036
2024-08-16 09:52:55,41200.0,200,Sell,232045035
2024-08-16 09:52:55,41200.0,2000,Sell,232045034
2024-08-16 09:52:55,41200.0,1000,Sell,232045032
2024-08-16 09:52:55,41200.0,1000,Sell,232045031
2024-08-16 09:52:55,41200.0,1900,Sell,232045030
2024-08-16 09:52:55,41200.0,200,Sell,232045033
2024-08-16 09:53:04,41100.0,100,Sell,232045290
2024-08-16 09:53:04,41100.0,200,Sell,232045291
2024-08-16 09:53:06,41100.0,800,Sell,232045335
2024-08-16 09:53:06,41100.0,200,Sell,232045336
2024-08-16 09:53:34,41100.0,1000,Sell,232046089
2024-08-16 09:53:34,41100.0,2800,Sell,232046090
2024-08-16 09:53:40,41100.0,4000,Sell,232046230
2024-08-16 09:53:53,41100.0,1000,Sell,232046532
2024-08-16 09:53:58,41150.0,100,Buy,232046670
2024-08-16 09:53:58,41150.0,1000,Buy,232046671
2024-08-16 09:54:04,41200.0,2900,Buy,232046836
2024-08-16 09:54:04,41200.0,100,Buy,232046837
2024-08-16 09:54:04,41200.0,100,Buy,232046838
2024-08-16 09:54:04,41200.0,500,Buy,232046839
2024-08-16 09:54:04,41200.0,100,Buy,232046840
2024-08-16 09:54:06,41250.0,100,Buy,232046915
2024-08-16 09:54:17,41200.0,2000,Sell,232047207
2024-08-16 09:54:35,41200.0,100,Sell,232047660
2024-08-16 09:54:43,41200.0,600,Sell,232047850
2024-08-16 09:54:43,41200.0,200,Sell,232047849
2024-08-16 09:54:43,41200.0,200,Sell,232047848
2024-08-16 09:54:52,41200.0,200,Buy,232048102
2024-08-16 09:54:57,41200.0,200,Buy,232048250
2024-08-16 09:54:57,41200.0,900,Buy,232048252
2024-08-16 09:54:57,41200.0,800,Buy,232048249
2024-08-16 09:54:57,41200.0,100,Buy,232048251
2024-08-16 09:55:13,41200.0,600,Buy,232048658
2024-08-16 09:55:16,41200.0,100,Buy,232048719
2024-08-16 09:55:21,41200.0,900,Buy,232048827
2024-08-16 09:55:26,41100.0,700,Sell,232048938
2024-08-16 09:55:26,41100.0,300,Sell,232048939
2024-08-16 09:55:35,41100.0,700,Sell,232049127
2024-08-16 09:58:10,41200.0,100,Buy,232051907
2024-08-16 09:58:31,41200.0,500,Buy,232052279
2024-08-16 09:58:35,41200.0,300,Buy,232052391
2024-08-16 09:58:37,41200.0,200,Buy,232052427
2024-08-16 09:58:40,41200.0,1000,Buy,232052468
2024-08-16 09:58:40,41200.0,100,Buy,232052469
2024-08-16 09:58:40,41200.0,300,Buy,232052470
2024-08-16 09:58:40,41200.0,100,Buy,232052471
2024-08-16 09:58:40,41200.0,300,Buy,232052472
2024-08-16 09:58:43,41200.0,300,Sell,232052588
2024-08-16 09:58:46,41200.0,3900,Sell,232052660
2024-08-16 09:59:02,41200.0,100,Buy,232052912
2024-08-16 10:00:13,41200.0,800,Buy,232054528
2024-08-16 10:00:13,41200.0,200,Buy,232054523
2024-08-16 10:00:13,41200.0,1700,Buy,232054527
2024-08-16 10:00:24,41200.0,200,Buy,232054787
2024-08-16 10:00:24,41200.0,200,Buy,232054788
2024-08-16 10:00:24,41200.0,1000,Buy,232054789
2024-08-16 10:00:24,41200.0,300,Buy,232054790
2024-08-16 10:00:24,41200.0,100,Buy,232054791
2024-08-16 10:00:24,41200.0,1300,Buy,232054792
2024-08-16 10:00:24,41200.0,200,Buy,232054793
2024-08-16 10:00:32,41200.0,800,Sell,232054991
2024-08-16 10:00:45,41250.0,100,Buy,232055305
2024-08-16 10:00:55,41200.0,100,Sell,232055556
2024-08-16 10:01:10,41200.0,200,Sell,232055899
2024-08-16 10:01:17,41200.0,400,Sell,232056065
2024-08-16 10:01:49,41200.0,100,Sell,232056621
2024-08-16 10:02:28,41250.0,100,Buy,232057862
2024-08-16 10:02:28,41250.0,500,Buy,232057863
2024-08-16 10:02:28,41250.0,500,Buy,232057864
2024-08-16 10:02:28,41250.0,1000,Buy,232057865
2024-08-16 10:02:28,41250.0,1000,Buy,232057866
2024-08-16 10:02:28,41250.0,2000,Buy,232057867
2024-08-16 10:02:28,41250.0,900,Buy,232057868
2024-08-16 10:02:36,41200.0,100,Sell,232058245
2024-08-16 10:02:57,41200.0,3900,Sell,232058739
2024-08-16 10:02:57,41200.0,200,Sell,232058740
2024-08-16 10:02:57,41200.0,100,Sell,232058730
2024-08-16 10:02:57,41200.0,4900,Sell,232058738
2024-08-16 10:02:58,41250.0,500,Buy,232058759
2024-08-16 10:02:58,41200.0,100,Sell,232058766
2024-08-16 10:03:00,41250.0,100,Buy,232058821
2024-08-16 10:03:02,41200.0,200,Sell,232058839
2024-08-16 10:03:02,41200.0,100,Sell,232058840
2024-08-16 10:03:34,41250.0,1000,Buy,232059506
2024-08-16 10:03:39,41200.0,100,Sell,232059623
2024-08-16 10:03:39,41200.0,300,Sell,232059624
2024-08-16 10:03:58,41250.0,200,Buy,232059926
2024-08-16 10:03:58,41250.0,1000,Buy,232059927
2024-08-16 10:04:06,41200.0,2000,Sell,232060166
2024-08-16 10:04:33,41250.0,100,Buy,232060814
2024-08-16 10:04:50,41250.0,2000,Buy,232061542
2024-08-16 10:05:00,41250.0,1000,Buy,232061781
2024-08-16 10:05:21,41250.0,300,Buy,232062233
2024-08-16 10:05:25,41250.0,300,Buy,232062384
2024-08-16 10:05:29,41250.0,1000,Buy,232062454
2024-08-16 10:05:57,41200.0,600,Sell,232063067
2024-08-16 10:06:10,41250.0,100,Buy,232063343
2024-08-16 10:06:24,41250.0,300,Buy,232063687
2024-08-16 10:06:24,41250.0,400,Buy,232063686
2024-08-16 10:06:24,41250.0,100,Buy,232063684
2024-08-16 10:06:24,41250.0,400,Buy,232063685
2024-08-16 10:06:24,41250.0,600,Buy,232063682
2024-08-16 10:06:24,41250.0,400,Buy,232063681
2024-08-16 10:06:24,41250.0,2200,Buy,232063680
2024-08-16 10:06:24,41250.0,100,Buy,232063683
2024-08-16 10:06:33,41250.0,700,Buy,232063861
2024-08-16 10:06:33,41250.0,200,Buy,232063862
2024-08-16 10:06:33,41250.0,900,Buy,232063863
2024-08-16 10:06:53,41200.0,200,Sell,232064406
2024-08-16 10:07:11,41200.0,1000,Sell,232064796
2024-08-16 10:07:13,41200.0,200,Sell,232064846
2024-08-16 10:07:48,41250.0,100,Buy,232065849
2024-08-16 10:07:55,41200.0,3000,Sell,232066008
2024-08-16 10:08:38,41200.0,2000,Sell,232067188
2024-08-16 10:08:45,41200.0,1400,Sell,232067353
2024-08-16 10:08:45,41200.0,100,Sell,232067352
2024-08-16 10:08:49,41200.0,100,Sell,232067447
2024-08-16 10:08:51,41250.0,500,Buy,232067501
2024-08-16 10:09:01,41250.0,100,Buy,232067779
2024-08-16 10:09:02,41250.0,400,Buy,232067820
2024-08-16 10:09:10,41250.0,400,Buy,232068117
2024-08-16 10:09:10,41200.0,1000,Sell,232068132
2024-08-16 10:09:11,41200.0,100,Sell,232068357
2024-08-16 10:09:19,41200.0,900,Sell,232068549
2024-08-16 10:09:21,41250.0,4600,Buy,232068574
2024-08-16 10:09:21,41250.0,400,Buy,232068575
2024-08-16 10:09:29,41200.0,2000,Sell,232068783
2024-08-16 10:09:29,41250.0,300,Buy,232068789
2024-08-16 10:09:33,41250.0,300,Buy,232068925
2024-08-16 10:09:41,41250.0,500,Buy,232069123
2024-08-16 10:09:46,41250.0,600,Buy,232069296
2024-08-16 10:09:46,41250.0,3400,Buy,232069293
2024-08-16 10:09:46,41250.0,500,Buy,232069294
2024-08-16 10:09:46,41250.0,5500,Buy,232069295
2024-08-16 10:09:53,41200.0,500,Sell,232069567
2024-08-16 10:09:54,41250.0,500,Buy,232069572
2024-08-16 10:09:54,41200.0,2000,Sell,232069589
2024-08-16 10:09:57,41250.0,1000,Buy,232069801
2024-08-16 10:10:04,41250.0,800,Buy,232069955
2024-08-16 10:10:12,41250.0,100,Buy,232070155
2024-08-16 10:10:12,41250.0,100,Buy,232070156
2024-08-16 10:10:12,41250.0,700,Buy,232070157
2024-08-16 10:10:12,41250.0,1100,Buy,232070158
2024-08-16 10:10:20,41250.0,3700,Buy,232070384
2024-08-16 10:10:20,41250.0,1000,Buy,232070383
2024-08-16 10:10:20,41250.0,3900,Buy,232070380
2024-08-16 10:10:20,41250.0,1000,Buy,232070381
2024-08-16 10:10:20,41250.0,100,Buy,232070382
2024-08-16 10:10:36,41300.0,100,Buy,232070904
2024-08-16 10:10:39,41300.0,300,Buy,232070997
2024-08-16 10:10:47,41250.0,900,Sell,232071334
2024-08-16 10:10:58,41300.0,600,Buy,232071679
2024-08-16 10:10:58,41300.0,1000,Buy,232071677
2024-08-16 10:10:58,41300.0,5000,Buy,232071678
2024-08-16 10:10:58,41300.0,2000,Buy,232071675
2024-08-16 10:10:58,41300.0,300,Buy,232071674
2024-08-16 10:10:58,41300.0,1100,Buy,232071676
2024-08-16 10:11:13,41300.0,400,Buy,232072137
2024-08-16 10:11:13,41300.0,2000,Buy,232072138
2024-08-16 10:11:13,41300.0,1000,Buy,232072139
2024-08-16 10:11:13,41300.0,2000,Buy,232072140
2024-08-16 10:11:13,41300.0,14600,Buy,232072141
2024-08-16 10:11:13,41300.0,100,Buy,232072153
2024-08-16 10:11:14,41300.0,300,Buy,232072174
2024-08-16 10:11:15,41300.0,2000,Buy,232072186
2024-08-16 10:11:17,41300.0,400,Buy,232072323
2024-08-16 10:11:17,41300.0,100,Buy,232072322
2024-08-16 10:11:17,41300.0,100,Buy,232072321
2024-08-16 10:11:17,41300.0,100,Buy,232072320
2024-08-16 10:11:17,41300.0,100,Buy,232072318
2024-08-16 10:11:17,41300.0,200,Buy,232072317
2024-08-16 10:11:17,41300.0,5000,Buy,232072316
2024-08-16 10:11:17,41300.0,3000,Buy,232072315
2024-08-16 10:11:17,41300.0,1000,Buy,232072319
2024-08-16 10:11:19,41300.0,1000,Buy,232072378
2024-08-16 10:11:19,41300.0,1000,Buy,232072401
2024-08-16 10:11:20,41300.0,1700,Buy,232072406
2024-08-16 10:11:21,41300.0,1300,Buy,232072436
2024-08-16 10:11:25,41250.0,200,Sell,232072507
2024-08-16 10:11:31,41300.0,800,Buy,232072719
2024-08-16 10:11:33,41300.0,1100,Buy,232072781
2024-08-16 10:11:35,41300.0,1000,Buy,232072886
2024-08-16 10:11:38,41300.0,1000,Buy,232073019
2024-08-16 10:11:38,41300.0,3700,Buy,232073018
2024-08-16 10:11:38,41350.0,400,Buy,232073041
2024-08-16 10:11:38,41300.0,500,Buy,232073040
2024-08-16 10:11:38,41300.0,100,Buy,232073039
2024-08-16 10:11:38,41300.0,1000,Buy,232073038
2024-08-16 10:11:38,41300.0,3000,Buy,232073037
2024-08-16 10:11:38,41300.0,100,Buy,232073036
2024-08-16 10:11:38,41300.0,100,Buy,232073035
2024-08-16 10:11:38,41300.0,200,Buy,232073034
2024-08-16 10:11:38,41300.0,5000,Buy,232073033
2024-08-16 10:11:38,41300.0,300,Buy,232073031
2024-08-16 10:11:38,41300.0,100,Buy,232073032
2024-08-16 10:11:38,41300.0,100,Buy,232073029
2024-08-16 10:11:38,41300.0,1000,Buy,232073028
2024-08-16 10:11:38,41300.0,1000,Buy,232073027
2024-08-16 10:11:38,41300.0,100,Buy,232073026
2024-08-16 10:11:38,41300.0,200,Buy,232073025
2024-08-16 10:11:38,41300.0,300,Buy,232073024
2024-08-16 10:11:38,41300.0,100,Buy,232073023
2024-08-16 10:11:38,41300.0,100,Buy,232073022
2024-08-16 10:11:38,41300.0,300,Buy,232073021
2024-08-16 10:11:38,41300.0,300,Buy,232073020
2024-08-16 10:11:38,41300.0,200,Buy,232073030
2024-08-16 10:11:50,41350.0,100,Buy,232073500
2024-08-16 10:11:50,41350.0,100,Buy,232073501
2024-08-16 10:11:50,41350.0,1000,Buy,232073499
2024-08-16 10:11:50,41350.0,2000,Buy,232073495
2024-08-16 10:11:50,41350.0,3000,Buy,232073497
2024-08-16 10:11:50,41350.0,500,Buy,232073496
2024-08-16 10:11:50,41350.0,2600,Buy,232073494
2024-08-16 10:11:50,41350.0,700,Buy,232073498
2024-08-16 10:11:51,41350.0,900,Buy,232073526
2024-08-16 10:11:51,41350.0,100,Buy,232073527
2024-08-16 10:11:54,41350.0,2200,Buy,232073688
2024-08-16 10:11:54,41350.0,300,Buy,232073687
2024-08-16 10:11:54,41350.0,500,Buy,232073675
2024-08-16 10:11:54,41350.0,4500,Buy,232073674
2024-08-16 10:11:54,41350.0,500,Buy,232073673
2024-08-16 10:11:54,41350.0,5000,Buy,232073672
2024-08-16 10:11:54,41350.0,500,Buy,232073670
2024-08-16 10:11:54,41350.0,2000,Buy,232073669
2024-08-16 10:11:54,41350.0,2000,Buy,232073668
2024-08-16 10:11:54,41350.0,6000,Buy,232073667
2024-08-16 10:11:54,41350.0,3500,Buy,232073671
2024-08-16 10:11:59,41350.0,600,Buy,232073853
2024-08-16 10:11:59,41350.0,100,Buy,232073854
2024-08-16 10:11:59,41350.0,100,Buy,232073855
2024-08-16 10:11:59,41350.0,200,Buy,232073856
2024-08-16 10:12:00,41350.0,800,Buy,232073924
2024-08-16 10:12:00,41350.0,400,Buy,232073913
2024-08-16 10:12:00,41350.0,100,Buy,232073923
2024-08-16 10:12:02,41350.0,100,Buy,232073972
2024-08-16 10:12:02,41350.0,100,Buy,232073966
2024-08-16 10:12:02,41350.0,100,Buy,232073971
2024-08-16 10:12:08,41400.0,100,Buy,232074158
2024-08-16 10:12:11,41350.0,1200,Sell,232074232
2024-08-16 10:12:16,41400.0,1200,Buy,232074393
2024-08-16 10:12:16,41400.0,100,Buy,232074391
2024-08-16 10:12:16,41400.0,100,Buy,232074390
2024-08-16 10:12:16,41400.0,1200,Buy,232074389
2024-08-16 10:12:16,41400.0,100,Buy,232074392
2024-08-16 10:12:16,41400.0,100,Buy,232074387
2024-08-16 10:12:16,41400.0,100,Buy,232074386
2024-08-16 10:12:16,41400.0,100,Buy,232074385
2024-08-16 10:12:16,41400.0,1900,Buy,232074384
2024-08-16 10:12:16,41400.0,100,Buy,232074388
2024-08-16 10:12:18,41400.0,800,Buy,232074475
2024-08-16 10:12:18,41400.0,1000,Buy,232074476
2024-08-16 10:12:18,41400.0,200,Buy,232074477
2024-08-16 10:12:20,41400.0,600,Buy,232074523
2024-08-16 10:12:20,41400.0,200,Buy,232074522
2024-08-16 10:12:20,41400.0,200,Buy,232074521
2024-08-16 10:12:20,41400.0,400,Buy,232074520
2024-08-16 10:12:20,41400.0,100,Buy,232074518
2024-08-16 10:12:20,41400.0,100,Buy,232074519
2024-08-16 10:12:20,41400.0,5000,Buy,232074516
2024-08-16 10:12:20,41400.0,500,Buy,232074511
2024-08-16 10:12:20,41400.0,100,Buy,232074512
2024-08-16 10:12:20,41400.0,100,Buy,232074517
2024-08-16 10:12:20,41400.0,500,Buy,232074514
2024-08-16 10:12:20,41400.0,200,Buy,232074515
2024-08-16 10:12:20,41400.0,2000,Buy,232074513
2024-08-16 10:12:25,41400.0,500,Buy,232074683
2024-08-16 10:12:28,41400.0,8900,Buy,232074758
2024-08-16 10:12:28,41400.0,300,Buy,232074759
2024-08-16 10:12:28,41400.0,800,Buy,232074760
2024-08-16 10:12:29,41350.0,100,Sell,232074768
2024-08-16 10:12:32,41400.0,1000,Buy,232074860
2024-08-16 10:12:42,41400.0,4000,Buy,232075116
2024-08-16 10:12:43,41400.0,500,Buy,232075141
2024-08-16 10:12:48,41400.0,5000,Buy,232075258
2024-08-16 10:12:50,41400.0,100,Buy,232075352
2024-08-16 10:12:51,41400.0,1000,Buy,232075387
2024-08-16 10:12:52,41400.0,3000,Buy,232075440
2024-08-16 10:12:55,41400.0,1800,Buy,232075549
2024-08-16 10:12:58,41400.0,100,Buy,232075641
2024-08-16 10:12:58,41400.0,5300,Buy,232075642
2024-08-16 10:12:58,41400.0,4700,Buy,232075643
2024-08-16 10:12:59,41400.0,2000,Buy,232075681
2024-08-16 10:13:02,41400.0,500,Buy,232075748
2024-08-16 10:13:02,41400.0,2000,Buy,232075744
2024-08-16 10:13:02,41400.0,4000,Buy,232075733
2024-08-16 10:13:02,41400.0,400,Buy,232075745
2024-08-16 10:13:03,41400.0,2000,Buy,232075812
2024-08-16 10:13:04,41400.0,100,Sell,232075865
2024-08-16 10:13:04,41400.0,2000,Buy,232075858
2024-08-16 10:13:04,41400.0,200,Buy,232075857
2024-08-16 10:13:04,41400.0,800,Buy,232075856
2024-08-16 10:13:04,41400.0,1000,Buy,232075855
2024-08-16 10:13:04,41400.0,2000,Buy,232075854
2024-08-16 10:13:04,41400.0,500,Buy,232075852
2024-08-16 10:13:04,41400.0,1500,Buy,232075851
2024-08-16 10:13:04,41400.0,5000,Buy,232075850
2024-08-16 10:13:04,41400.0,100,Buy,232075849
2024-08-16 10:13:04,41400.0,1000,Buy,232075848
2024-08-16 10:13:04,41400.0,100,Buy,232075847
2024-08-16 10:13:04,41400.0,100,Buy,232075846
2024-08-16 10:13:04,41400.0,100,Buy,232075853
2024-08-16 10:13:04,41400.0,100,Buy,232075844
2024-08-16 10:13:04,41400.0,1000,Buy,232075843
2024-08-16 10:13:04,41400.0,100,Buy,232075842
2024-08-16 10:13:04,41400.0,100,Buy,232075841
2024-08-16 10:13:04,41400.0,500,Buy,232075840
2024-08-16 10:13:04,41400.0,1000,Buy,232075839
2024-08-16 10:13:04,41400.0,100,Buy,232075838
2024-08-16 10:13:04,41400.0,300,Buy,232075837
2024-08-16 10:13:04,41400.0,1000,Buy,232075836
2024-08-16 10:13:04,41400.0,100,Buy,232075835
2024-08-16 10:13:04,41400.0,100,Buy,232075834
2024-08-16 10:13:04,41400.0,700,Buy,232075833
2024-08-16 10:13:04,41400.0,3700,Buy,232075821
2024-08-16 10:13:04,41400.0,200,Buy,232075845
2024-08-16 10:13:08,41450.0,200,Buy,232075931
2024-08-16 10:13:10,41400.0,200,Sell,232075989
2024-08-16 10:13:14,41450.0,2000,Buy,232076135
2024-08-16 10:13:16,41450.0,500,Buy,232076264
2024-08-16 10:13:18,41450.0,2000,Buy,232076312
2024-08-16 10:13:19,41450.0,900,Buy,232076391
2024-08-16 10:13:19,41500.0,100,Buy,232076402
2024-08-16 10:13:19,41500.0,100,Buy,232076401
2024-08-16 10:13:19,41500.0,600,Buy,232076400
2024-08-16 10:13:19,41500.0,1000,Buy,232076399
2024-08-16 10:13:19,41500.0,3000,Buy,232076397
2024-08-16 10:13:19,41500.0,300,Buy,232076396
2024-08-16 10:13:19,41500.0,100,Buy,232076395
2024-08-16 10:13:19,41450.0,3000,Buy,232076394
2024-08-16 10:13:19,41450.0,300,Buy,232076393
2024-08-16 10:13:19,41450.0,100,Buy,232076392
2024-08-16 10:13:19,41450.0,5000,Buy,232076374
2024-08-16 10:13:19,41500.0,500,Buy,232076398
2024-08-16 10:13:19,41450.0,100,Buy,232076347
2024-08-16 10:13:19,41450.0,100,Buy,232076337
2024-08-16 10:13:19,41450.0,500,Buy,232076338
2024-08-16 10:13:19,41450.0,300,Buy,232076339
2024-08-16 10:13:19,41450.0,300,Buy,232076340
2024-08-16 10:13:19,41450.0,300,Buy,232076336
2024-08-16 10:13:19,41450.0,1000,Buy,232076348
2024-08-16 10:13:19,41450.0,100,Buy,232076342
2024-08-16 10:13:19,41450.0,200,Buy,232076343
2024-08-16 10:13:19,41450.0,600,Buy,232076344
2024-08-16 10:13:19,41450.0,200,Buy,232076345
2024-08-16 10:13:19,41450.0,200,Buy,232076346
2024-08-16 10:13:19,41450.0,100,Buy,232076341
2024-08-16 10:13:20,41500.0,500,Buy,232076447
2024-08-16 10:13:20,41500.0,500,Buy,232076446
2024-08-16 10:13:20,41500.0,100,Buy,232076445
2024-08-16 10:13:20,41500.0,300,Buy,232076443
2024-08-16 10:13:20,41500.0,700,Buy,232076442
2024-08-16 10:13:20,41500.0,300,Buy,232076420
2024-08-16 10:13:20,41500.0,200,Buy,232076419
2024-08-16 10:13:20,41500.0,400,Buy,232076444
2024-08-16 10:13:21,41500.0,100,Buy,232076491
2024-08-16 10:13:21,41500.0,300,Buy,232076492
2024-08-16 10:13:21,41500.0,500,Buy,232076490
2024-08-16 10:13:21,41500.0,1500,Buy,232076486
2024-08-16 10:13:21,41500.0,2000,Buy,232076488
2024-08-16 10:13:21,41500.0,100,Buy,232076487
2024-08-16 10:13:21,41500.0,500,Buy,232076489
2024-08-16 10:13:22,41500.0,1200,Buy,232076513
2024-08-16 10:13:22,41500.0,500,Buy,232076512
2024-08-16 10:13:22,41500.0,300,Buy,232076511
2024-08-16 10:13:22,41500.0,200,Buy,232076510
2024-08-16 10:13:22,41500.0,1000,Buy,232076509
2024-08-16 10:13:22,41500.0,800,Buy,232076508
2024-08-16 10:13:22,41500.0,1000,Buy,232076507
2024-08-16 10:13:22,41500.0,500,Buy,232076505
2024-08-16 10:13:22,41500.0,100,Buy,232076504
2024-08-16 10:13:22,41500.0,100,Buy,232076503
2024-08-16 10:13:22,41500.0,200,Buy,232076502
2024-08-16 10:13:22,41500.0,1000,Buy,232076501
2024-08-16 10:13:22,41500.0,1000,Buy,232076500
2024-08-16 10:13:22,41500.0,100,Buy,232076499
2024-08-16 10:13:22,41500.0,2000,Buy,232076506
2024-08-16 10:13:24,41500.0,100,Buy,232076590
2024-08-16 10:13:24,41500.0,100,Buy,232076589
2024-08-16 10:13:24,41500.0,100,Buy,232076546
2024-08-16 10:13:24,41500.0,100,Buy,232076547
2024-08-16 10:13:24,41500.0,1000,Buy,232076544
2024-08-16 10:13:24,41500.0,500,Buy,232076543
2024-08-16 10:13:24,41500.0,800,Buy,232076542
2024-08-16 10:13:24,41500.0,500,Buy,232076545
2024-08-16 10:13:25,41500.0,2500,Buy,232076602
2024-08-16 10:13:25,41500.0,1000,Buy,232076611
2024-08-16 10:13:26,41500.0,5500,Buy,232076670
2024-08-16 10:13:26,41500.0,800,Buy,232076669
2024-08-16 10:13:26,41500.0,200,Buy,232076668
2024-08-16 10:13:26,41500.0,100,Buy,232076666
2024-08-16 10:13:26,41500.0,400,Buy,232076665
2024-08-16 10:13:26,41500.0,100,Buy,232076664
2024-08-16 10:13:26,41500.0,500,Buy,232076663
2024-08-16 10:13:26,41500.0,1000,Buy,232076661
2024-08-16 10:13:26,41500.0,500,Buy,232076660
2024-08-16 10:13:26,41500.0,1600,Buy,232076662
2024-08-16 10:13:26,41500.0,25800,Buy,232076655
2024-08-16 10:13:26,41500.0,600,Buy,232076656
2024-08-16 10:13:26,41500.0,1000,Buy,232076657
2024-08-16 10:13:26,41500.0,1000,Buy,232076658
2024-08-16 10:13:26,41500.0,1000,Buy,232076659
2024-08-16 10:13:30,41500.0,1000,Buy,232076773
2024-08-16 10:13:32,41500.0,2000,Buy,232077136
2024-08-16 10:13:32,41500.0,2000,Buy,232077137
2024-08-16 10:13:32,41500.0,400,Buy,232077138
2024-08-16 10:13:33,41500.0,300,Buy,232077161
2024-08-16 10:13:33,41500.0,200,Buy,232077192
2024-08-16 10:13:33,41500.0,100,Buy,232077193
2024-08-16 10:13:35,41500.0,900,Buy,232077250
2024-08-16 10:13:35,41500.0,100,Buy,232077246
2024-08-16 10:13:41,41550.0,100,Buy,232077567
2024-08-16 10:13:41,41550.0,400,Buy,232077568
2024-08-16 10:13:41,41550.0,500,Buy,232077566
2024-08-16 10:13:42,41550.0,2000,Buy,232077578
2024-08-16 10:13:44,41550.0,1400,Buy,232077610
2024-08-16 10:13:44,41550.0,100,Buy,232077611
2024-08-16 10:13:44,41550.0,100,Sell,232077616
2024-08-16 10:13:49,41600.0,300,Buy,232077746
2024-08-16 10:13:49,41550.0,100,Sell,232077750
2024-08-16 10:13:50,41600.0,300,Buy,232077769
2024-08-16 10:13:53,41600.0,100,Buy,232077934
2024-08-16 10:13:53,41600.0,100,Buy,232077935
2024-08-16 10:13:53,41600.0,100,Buy,232077936
2024-08-16 10:13:53,41550.0,500,Sell,232077933
2024-08-16 10:13:55,41600.0,100,Buy,232078037
2024-08-16 10:13:55,41600.0,5000,Buy,232078036
2024-08-16 10:13:55,41600.0,500,Buy,232078035
2024-08-16 10:13:55,41600.0,100,Buy,232078034
2024-08-16 10:13:55,41600.0,1000,Buy,232078032
2024-08-16 10:13:55,41600.0,1000,Buy,232078033
2024-08-16 10:13:55,41600.0,1500,Buy,232078030
2024-08-16 10:13:55,41600.0,100,Buy,232078029
2024-08-16 10:13:55,41600.0,100,Buy,232078028
2024-08-16 10:13:55,41600.0,100,Buy,232078027
2024-08-16 10:13:55,41600.0,200,Buy,232078026
2024-08-16 10:13:55,41600.0,300,Buy,232078025
2024-08-16 10:13:55,41600.0,100,Buy,232078031
2024-08-16 10:13:56,41700.0,300,Buy,232078065
2024-08-16 10:13:56,41700.0,4500,Buy,232078064
2024-08-16 10:13:56,41700.0,2000,Buy,232078063
2024-08-16 10:13:56,41700.0,100,Buy,232078062
2024-08-16 10:13:56,41700.0,100,Buy,232078061
2024-08-16 10:13:56,41650.0,500,Buy,232078060
2024-08-16 10:13:56,41650.0,500,Buy,232078059
2024-08-16 10:13:56,41650.0,100,Buy,232078057
2024-08-16 10:13:56,41650.0,100,Buy,232078053
2024-08-16 10:13:56,41650.0,1000,Buy,232078054
2024-08-16 10:13:56,41650.0,200,Buy,232078058
2024-08-16 10:13:56,41650.0,500,Buy,232078056
2024-08-16 10:13:56,41650.0,100,Buy,232078055
2024-08-16 10:14:05,41700.0,200,Buy,232078375
2024-08-16 10:14:05,41600.0,200,Sell,232078392
2024-08-16 10:14:05,41600.0,800,Sell,232078393
2024-08-16 10:14:07,41700.0,100,Buy,232078482
2024-08-16 10:14:07,41700.0,1000,Buy,232078480
2024-08-16 10:14:07,41700.0,500,Buy,232078481
2024-08-16 10:14:07,41700.0,3000,Buy,232078478
2024-08-16 10:14:07,41700.0,1700,Buy,232078477
2024-08-16 10:14:07,41700.0,500,Buy,232078479
2024-08-16 10:14:10,41750.0,300,Buy,232078588
2024-08-16 10:14:13,41750.0,300,Buy,232078720
2024-08-16 10:14:14,41750.0,400,Buy,232078758
2024-08-16 10:14:14,41750.0,100,Buy,232078759
2024-08-16 10:14:16,41800.0,200,Buy,232078867
2024-08-16 10:14:16,41800.0,100,Buy,232078868
2024-08-16 10:14:19,41750.0,1000,Sell,232079008
2024-08-16 10:14:22,41800.0,100,Buy,232079097
2024-08-16 10:14:22,41800.0,100,Buy,232079098
2024-08-16 10:14:22,41800.0,800,Buy,232079099
2024-08-16 10:14:24,41750.0,100,Sell,232079165
2024-08-16 10:14:25,41800.0,2800,Buy,232079217
2024-08-16 10:14:26,41800.0,200,Buy,232079258
2024-08-16 10:14:28,41800.0,1000,Buy,232079451
2024-08-16 10:14:32,41750.0,1200,Sell,232079660
2024-08-16 10:14:33,41800.0,1000,Buy,232079715
2024-08-16 10:14:33,41800.0,5000,Buy,232079716
2024-08-16 10:14:33,41800.0,3200,Buy,232079740
2024-08-16 10:14:34,41800.0,3000,Buy,232079781
2024-08-16 10:14:36,41800.0,300,Buy,232079834
2024-08-16 10:14:36,41800.0,900,Buy,232079835
2024-08-16 10:14:37,41800.0,2800,Buy,232079903
2024-08-16 10:14:37,41800.0,300,Buy,232079902
2024-08-16 10:14:37,41800.0,200,Buy,232079901
2024-08-16 10:14:37,41800.0,100,Buy,232079899
2024-08-16 10:14:37,41800.0,2300,Buy,232079897
2024-08-16 10:14:37,41800.0,100,Buy,232079900
2024-08-16 10:14:38,41800.0,200,Buy,232079918
2024-08-16 10:14:38,41800.0,100,Buy,232079919
2024-08-16 10:14:38,41800.0,900,Buy,232079922
2024-08-16 10:14:38,41800.0,100,Buy,232079923
2024-08-16 10:14:38,41800.0,2600,Buy,232079924
2024-08-16 10:14:38,41800.0,3400,Buy,232079928
2024-08-16 10:14:38,41800.0,400,Buy,232079929
2024-08-16 10:14:39,41800.0,500,Buy,232079938
2024-08-16 10:14:39,41800.0,800,Buy,232079936
2024-08-16 10:14:39,41800.0,2000,Buy,232079937
2024-08-16 10:14:39,41800.0,100,Buy,232079934
2024-08-16 10:14:39,41800.0,600,Buy,232079932
2024-08-16 10:14:39,41800.0,400,Buy,232079935
2024-08-16 10:14:39,41800.0,700,Buy,232079933
2024-08-16 10:14:42,41800.0,200,Sell,232080050
2024-08-16 10:14:42,41850.0,100,Buy,232080068
2024-08-16 10:14:42,41850.0,100,Buy,232080069
2024-08-16 10:14:42,41850.0,1000,Buy,232080070
2024-08-16 10:14:42,41900.0,100,Buy,232080071
2024-08-16 10:14:42,41900.0,1000,Buy,232080072
2024-08-16 10:14:42,41900.0,500,Buy,232080073
2024-08-16 10:14:42,41900.0,200,Buy,232080074
2024-08-16 10:14:43,41800.0,1000,Sell,232080115
2024-08-16 10:14:47,41900.0,100,Buy,232080263
2024-08-16 10:14:47,41900.0,100,Buy,232080275
2024-08-16 10:14:47,41900.0,1800,Buy,232080261
2024-08-16 10:14:47,41900.0,100,Buy,232080262
2024-08-16 10:14:50,41900.0,900,Buy,232080444
2024-08-16 10:14:50,41900.0,300,Buy,232080445
2024-08-16 10:14:50,41900.0,2000,Buy,232080446
2024-08-16 10:14:50,41900.0,100,Buy,232080447
2024-08-16 10:14:50,41900.0,100,Buy,232080448
2024-08-16 10:14:50,41900.0,100,Buy,232080449
2024-08-16 10:14:50,41900.0,100,Buy,232080450
2024-08-16 10:14:50,41900.0,100,Buy,232080451
2024-08-16 10:14:50,41900.0,6000,Buy,232080452
2024-08-16 10:14:50,41900.0,100,Sell,232080468
2024-08-16 10:14:51,41900.0,1200,Sell,232080511
2024-08-16 10:14:51,41900.0,800,Sell,232080510
2024-08-16 10:14:51,41900.0,200,Sell,232080509
2024-08-16 10:14:54,41900.0,1300,Buy,232080706
2024-08-16 10:14:55,41900.0,400,Buy,232080772
2024-08-16 10:14:58,41900.0,1000,Buy,232080890
2024-08-16 10:14:58,41900.0,300,Buy,232080917
2024-08-16 10:14:59,41900.0,1000,Buy,232080941
2024-08-16 10:15:00,41900.0,2000,Buy,232081025
2024-08-16 10:15:01,41900.0,7700,Buy,232081033
2024-08-16 10:15:01,41950.0,1500,Buy,232081034
2024-08-16 10:15:01,41950.0,1500,Buy,232081035
2024-08-16 10:15:01,41950.0,2300,Buy,232081036
2024-08-16 10:15:01,41900.0,400,Sell,232081039
2024-08-16 10:15:01,41900.0,600,Sell,232081056
2024-08-16 10:15:01,41900.0,400,Sell,232081057
2024-08-16 10:15:02,41900.0,200,Sell,232081214
2024-08-16 10:15:03,41950.0,1900,Buy,232081242
2024-08-16 10:15:07,41950.0,800,Buy,232081443
2024-08-16 10:15:08,41950.0,2000,Buy,232081478
2024-08-16 10:15:09,41900.0,800,Sell,232081517
2024-08-16 10:15:09,41900.0,300,Sell,232081518
2024-08-16 10:15:09,41900.0,900,Sell,232081519
2024-08-16 10:15:11,41950.0,100,Buy,232081703
2024-08-16 10:15:20,41950.0,100,Buy,232082153
2024-08-16 10:15:21,41900.0,1000,Sell,232082243
2024-08-16 10:15:21,41900.0,100,Buy,232082246
2024-08-16 10:15:21,41900.0,1000,Sell,232082244
2024-08-16 10:15:21,41900.0,200,Sell,232082242
2024-08-16 10:15:21,41900.0,1100,Sell,232082236
2024-08-16 10:15:21,41900.0,500,Sell,232082240
2024-08-16 10:15:21,41900.0,500,Sell,232082237
2024-08-16 10:15:21,41900.0,500,Sell,232082241
2024-08-16 10:15:21,41900.0,200,Sell,232082239
2024-08-16 10:15:21,41900.0,2000,Sell,232082238
2024-08-16 10:15:22,41900.0,300,Buy,232082311
2024-08-16 10:15:22,41950.0,2800,Buy,232082312
2024-08-16 10:15:22,41950.0,6900,Buy,232082313
2024-08-16 10:15:22,41900.0,2700,Buy,232082294
2024-08-16 10:15:24,41950.0,200,Buy,232082397
2024-08-16 10:15:24,41950.0,100,Buy,232082396
2024-08-16 10:15:24,41950.0,100,Buy,232082428
2024-08-16 10:15:24,41950.0,1000,Buy,232082394
2024-08-16 10:15:24,41950.0,100,Buy,232082393
2024-08-16 10:15:24,41950.0,100,Buy,232082395
2024-08-16 10:15:29,41900.0,100,Buy,232082641
2024-08-16 10:15:29,41900.0,500,Buy,232082618
2024-08-16 10:15:31,41900.0,400,Sell,232082727
2024-08-16 10:15:32,41900.0,2000,Buy,232082770
2024-08-16 10:15:34,41900.0,5000,Sell,232082867
2024-08-16 10:15:38,41900.0,900,Buy,232083077
2024-08-16 10:15:38,41900.0,1000,Sell,232082976
2024-08-16 10:15:38,41900.0,100,Sell,232082977
2024-08-16 10:15:38,41900.0,100,Sell,232083057
2024-08-16 10:15:40,41900.0,2100,Sell,232083116
2024-08-16 10:15:44,41950.0,300,Buy,232083416
2024-08-16 10:15:46,41900.0,200,Sell,232083513
2024-08-16 10:15:46,41950.0,1200,Buy,232083524
2024-08-16 10:15:48,41900.0,100,Sell,232083603
2024-08-16 10:15:49,41900.0,300,Buy,232083624
2024-08-16 10:15:50,41900.0,600,Buy,232083748
2024-08-16 10:15:50,41900.0,400,Buy,232083749
2024-08-16 10:15:51,41900.0,4500,Buy,232083777
2024-08-16 10:15:51,41900.0,500,Buy,232083778
2024-08-16 10:15:55,41950.0,6800,Buy,232084043
2024-08-16 10:15:55,41950.0,3200,Buy,232084042
2024-08-16 10:15:56,41900.0,100,Sell,232084086
2024-08-16 10:15:56,41900.0,200,Sell,232084087
2024-08-16 10:15:56,41950.0,100,Buy,232084095
2024-08-16 10:15:57,41950.0,100,Buy,232084122
2024-08-16 10:15:57,41950.0,2000,Buy,232084126
2024-08-16 10:15:57,41950.0,2000,Buy,232084125
2024-08-16 10:15:57,41950.0,1000,Buy,232084124
2024-08-16 10:15:57,41950.0,1000,Buy,232084123
2024-08-16 10:15:57,41950.0,800,Buy,232084121
2024-08-16 10:15:57,41950.0,100,Buy,232084127
2024-08-16 10:15:57,41950.0,200,Buy,232084119
2024-08-16 10:15:57,41950.0,500,Buy,232084118
2024-08-16 10:15:57,41950.0,100,Buy,232084117
2024-08-16 10:15:57,41950.0,100,Buy,232084116
2024-08-16 10:15:57,41950.0,200,Buy,232084115
2024-08-16 10:15:57,41950.0,3100,Buy,232084114
2024-08-16 10:15:57,41950.0,100,Buy,232084120
2024-08-16 10:16:00,41950.0,1500,Sell,232084270
2024-08-16 10:16:00,41950.0,900,Sell,232084274
2024-08-16 10:16:01,41950.0,1000,Sell,232084333
2024-08-16 10:16:01,41950.0,1900,Sell,232084318
2024-08-16 10:16:01,42000.0,200,Buy,232084304
2024-08-16 10:16:01,42000.0,200,Buy,232084305
2024-08-16 10:16:01,42000.0,400,Buy,232084306
2024-08-16 10:16:02,42000.0,100,Buy,232084363
2024-08-16 10:16:03,42000.0,1400,Buy,232084416
2024-08-16 10:16:03,42000.0,2000,Buy,232084415
2024-08-16 10:16:03,42000.0,3000,Buy,232084424
2024-08-16 10:16:03,42000.0,1000,Buy,232084413
2024-08-16 10:16:03,42000.0,100,Buy,232084412
2024-08-16 10:16:03,42000.0,100,Buy,232084414
2024-08-16 10:16:04,41950.0,1000,Sell,232084450
2024-08-16 10:16:05,42000.0,100,Buy,232084461
2024-08-16 10:16:07,42000.0,500,Buy,232084545
2024-08-16 10:16:09,41950.0,100,Sell,232084640
2024-08-16 10:16:09,42000.0,300,Buy,232084641
2024-08-16 10:16:09,42000.0,100,Buy,232084677
2024-08-16 10:16:11,42000.0,200,Buy,232084791
2024-08-16 10:16:11,42000.0,100,Buy,232084790
2024-08-16 10:16:11,42000.0,500,Buy,232084789
2024-08-16 10:16:11,42000.0,5000,Buy,232084788
2024-08-16 10:16:11,42000.0,200,Buy,232084787
2024-08-16 10:16:11,42000.0,100,Buy,232084783
2024-08-16 10:16:11,42000.0,1000,Buy,232084785
2024-08-16 10:16:11,42000.0,5000,Buy,232084784
2024-08-16 10:16:11,42000.0,100,Buy,232084780
2024-08-16 10:16:11,42000.0,100,Buy,232084792
2024-08-16 10:16:11,42000.0,300,Buy,232084786
2024-08-16 10:16:11,42000.0,100,Buy,232084793
2024-08-16 10:16:11,42050.0,100,Buy,232084806
2024-08-16 10:16:11,42000.0,100,Buy,232084795
2024-08-16 10:16:11,42000.0,100,Buy,232084796
2024-08-16 10:16:11,42000.0,400,Buy,232084797
2024-08-16 10:16:11,42000.0,200,Buy,232084798
2024-08-16 10:16:11,42000.0,1000,Buy,232084799
2024-08-16 10:16:11,42000.0,1000,Buy,232084800
2024-08-16 10:16:11,42000.0,1000,Buy,232084801
2024-08-16 10:16:11,42000.0,5000,Buy,232084802
2024-08-16 10:16:11,42000.0,500,Buy,232084803
2024-08-16 10:16:11,42000.0,100,Buy,232084804
2024-08-16 10:16:11,42000.0,100,Buy,232084805
2024-08-16 10:16:11,42000.0,100,Buy,232084779
2024-08-16 10:16:11,42000.0,200,Buy,232084794
2024-08-16 10:16:11,42000.0,100,Buy,232084778
2024-08-16 10:16:11,42000.0,10000,Buy,232084782
2024-08-16 10:16:11,42000.0,500,Buy,232084776
2024-08-16 10:16:11,42000.0,1000,Buy,232084777
2024-08-16 10:16:11,42000.0,2900,Buy,232084750
2024-08-16 10:16:11,42000.0,100,Buy,232084751
2024-08-16 10:16:11,42000.0,1000,Buy,232084752
2024-08-16 10:16:11,42000.0,200,Buy,232084753
2024-08-16 10:16:11,42000.0,100,Buy,232084754
2024-08-16 10:16:11,42000.0,200,Buy,232084755
2024-08-16 10:16:11,42000.0,1000,Buy,232084756
2024-08-16 10:16:11,42000.0,1000,Buy,232084757
2024-08-16 10:16:11,42000.0,100,Buy,232084758
2024-08-16 10:16:11,42000.0,2000,Buy,232084759
2024-08-16 10:16:11,42000.0,100,Buy,232084760
2024-08-16 10:16:11,42000.0,5000,Buy,232084761
2024-08-16 10:16:11,42000.0,200,Buy,232084762
2024-08-16 10:16:11,42000.0,500,Buy,232084781
2024-08-16 10:16:11,42000.0,100,Buy,232084764
2024-08-16 10:16:11,42000.0,1000,Buy,232084763
2024-08-16 10:16:11,42000.0,200,Buy,232084774
2024-08-16 10:16:11,42000.0,2000,Buy,232084773
2024-08-16 10:16:11,42000.0,100,Buy,232084772
2024-08-16 10:16:11,42000.0,600,Buy,232084771
2024-08-16 10:16:11,42000.0,100,Buy,232084775
2024-08-16 10:16:11,42000.0,500,Buy,232084769
2024-08-16 10:16:11,42000.0,1400,Buy,232084768
2024-08-16 10:16:11,42000.0,2000,Buy,232084767
2024-08-16 10:16:11,42000.0,100,Buy,232084766
2024-08-16 10:16:11,42000.0,600,Buy,232084765
2024-08-16 10:16:11,42000.0,2000,Buy,232084770
2024-08-16 10:16:13,42000.0,100,Sell,232084903
2024-08-16 10:16:14,42000.0,700,Sell,232084930
2024-08-16 10:16:14,42000.0,300,Sell,232084931
2024-08-16 10:16:14,42050.0,400,Buy,232084932
2024-08-16 10:16:14,42000.0,400,Sell,232084943
2024-08-16 10:16:19,42050.0,1200,Buy,232085184
2024-08-16 10:16:19,42000.0,200,Sell,232085142
2024-08-16 10:16:19,42000.0,300,Sell,232085141
2024-08-16 10:16:19,42050.0,200,Buy,232085162
2024-08-16 10:16:20,42000.0,1000,Sell,232085225
2024-08-16 10:16:24,42050.0,1800,Buy,232085484
2024-08-16 10:16:24,42050.0,100,Buy,232085485
2024-08-16 10:16:24,42050.0,2000,Buy,232085486
2024-08-16 10:16:24,42050.0,800,Buy,232085487
2024-08-16 10:16:30,42050.0,1400,Sell,232085823
2024-08-16 10:16:30,42100.0,100,Buy,232085796
2024-08-16 10:16:30,42100.0,100,Buy,232085797
2024-08-16 10:16:31,42100.0,100,Buy,232085891
2024-08-16 10:16:31,42100.0,100,Buy,232085892
2024-08-16 10:16:31,42100.0,2000,Buy,232085893
2024-08-16 10:16:31,42100.0,500,Buy,232085894
2024-08-16 10:16:32,42150.0,100,Buy,232085956
2024-08-16 10:16:32,42150.0,300,Buy,232085957
2024-08-16 10:16:32,42200.0,1600,Buy,232085958
2024-08-16 10:16:34,42200.0,100,Buy,232086123
2024-08-16 10:16:34,42200.0,300,Buy,232086124
2024-08-16 10:16:40,42150.0,100,Sell,232086515
2024-08-16 10:16:40,42100.0,100,Sell,232086516
2024-08-16 10:16:40,42100.0,100,Sell,232086517
2024-08-16 10:16:41,42200.0,100,Buy,232086537
2024-08-16 10:16:42,42200.0,500,Buy,232086604
2024-08-16 10:16:42,42200.0,400,Buy,232086601
2024-08-16 10:16:42,42200.0,100,Buy,232086600
2024-08-16 10:16:43,42200.0,1000,Buy,232086613
2024-08-16 10:16:43,42100.0,2800,Sell,232086623
2024-08-16 10:16:43,42100.0,200,Buy,232086631
2024-08-16 10:16:43,42200.0,100,Buy,232086632
2024-08-16 10:16:43,42200.0,700,Buy,232086633
2024-08-16 10:16:44,42200.0,300,Buy,232086638
2024-08-16 10:16:44,42200.0,100,Buy,232086639
2024-08-16 10:16:44,42200.0,200,Sell,232086640
2024-08-16 10:16:46,42200.0,500,Sell,232086763
2024-08-16 10:16:47,42200.0,2000,Sell,232086787
2024-08-16 10:16:48,42250.0,400,Buy,232086857
2024-08-16 10:16:48,42250.0,100,Buy,232086856
2024-08-16 10:16:49,42200.0,1000,Sell,232086868
2024-08-16 10:16:50,42250.0,100,Buy,232086905
2024-08-16 10:16:51,42250.0,500,Buy,232086993
2024-08-16 10:16:54,42400.0,800,Buy,232087122
2024-08-16 10:16:54,42400.0,500,Buy,232087123
2024-08-16 10:16:54,42400.0,100,Buy,232087124
2024-08-16 10:16:54,42450.0,100,Buy,232087125
2024-08-16 10:16:54,42450.0,500,Buy,232087126
2024-08-16 10:16:54,42300.0,100,Buy,232087112
2024-08-16 10:16:54,42450.0,500,Buy,232087130
2024-08-16 10:16:54,42450.0,3000,Buy,232087131
2024-08-16 10:16:54,42500.0,5000,Buy,232087132
2024-08-16 10:16:54,42500.0,3000,Buy,232087133
2024-08-16 10:16:54,42400.0,100,Buy,232087121
2024-08-16 10:16:54,42450.0,600,Buy,232087127
2024-08-16 10:16:54,42400.0,200,Buy,232087120
2024-08-16 10:16:54,42300.0,1000,Buy,232087109
2024-08-16 10:16:54,42350.0,400,Buy,232087118
2024-08-16 10:16:54,42350.0,400,Buy,232087117
2024-08-16 10:16:54,42350.0,1000,Buy,232087116
2024-08-16 10:16:54,42300.0,100,Buy,232087115
2024-08-16 10:16:54,42300.0,100,Buy,232087114
2024-08-16 10:16:54,42300.0,500,Buy,232087113
2024-08-16 10:16:54,42300.0,100,Buy,232087111
2024-08-16 10:16:54,42300.0,1000,Buy,232087110
2024-08-16 10:16:54,42300.0,100,Buy,232087108
2024-08-16 10:16:54,42300.0,100,Buy,232087107
2024-08-16 10:16:54,42300.0,100,Buy,232087106
2024-08-16 10:16:54,42400.0,600,Buy,232087119
2024-08-16 10:16:56,42250.0,200,Sell,232087267
2024-08-16 10:16:56,42250.0,300,Sell,232087268
2024-08-16 10:16:56,42250.0,100,Sell,232087269
2024-08-16 10:16:57,42300.0,200,Buy,232087374
2024-08-16 10:16:57,42300.0,5500,Sell,232087386
2024-08-16 10:16:58,42300.0,600,Sell,232087432
2024-08-16 10:17:02,42300.0,100,Sell,232087658
2024-08-16 10:17:03,42500.0,2000,Buy,232087728
2024-08-16 10:17:03,42500.0,700,Buy,232087764
2024-08-16 10:17:03,42500.0,500,Buy,232087763
2024-08-16 10:17:03,42500.0,1800,Buy,232087762
2024-08-16 10:17:03,42500.0,200,Buy,232087761
2024-08-16 10:17:03,42500.0,700,Buy,232087738
2024-08-16 10:17:03,42500.0,2000,Buy,232087737
2024-08-16 10:17:03,42500.0,1000,Buy,232087739
2024-08-16 10:17:03,42500.0,500,Buy,232087735
2024-08-16 10:17:03,42500.0,500,Buy,232087734
2024-08-16 10:17:03,42500.0,200,Buy,232087733
2024-08-16 10:17:03,42500.0,200,Buy,232087732
2024-08-16 10:17:03,42500.0,600,Buy,232087731
2024-08-16 10:17:03,42500.0,500,Buy,232087730
2024-08-16 10:17:03,42500.0,1000,Buy,232087729
2024-08-16 10:17:03,42500.0,800,Buy,232087736
2024-08-16 10:17:04,42300.0,500,Sell,232087809
2024-08-16 10:17:04,42300.0,1000,Sell,232087850
2024-08-16 10:17:07,42500.0,900,Buy,232087993
2024-08-16 10:17:07,42500.0,200,Buy,232088053
2024-08-16 10:17:07,42400.0,300,Buy,232088052
2024-08-16 10:17:07,42500.0,200,Buy,232087992
2024-08-16 10:17:07,42500.0,1000,Buy,232087990
2024-08-16 10:17:07,42500.0,1000,Buy,232087989
2024-08-16 10:17:07,42500.0,1300,Buy,232087988
2024-08-16 10:17:07,42500.0,200,Buy,232087991
2024-08-16 10:17:07,42400.0,500,Buy,232087987
2024-08-16 10:17:08,42500.0,500,Buy,232088066
2024-08-16 10:17:09,42500.0,3000,Buy,232088086
2024-08-16 10:17:10,42500.0,700,Buy,232088171
2024-08-16 10:17:10,42500.0,400,Buy,232088167
2024-08-16 10:17:10,42500.0,200,Buy,232088168
2024-08-16 10:17:10,42500.0,1000,Buy,232088169
2024-08-16 10:17:10,42500.0,3000,Buy,232088170
2024-08-16 10:17:10,42500.0,600,Buy,232088172
2024-08-16 10:17:11,42500.0,100,Buy,232088192
2024-08-16 10:17:12,42550.0,200,Buy,232088246
2024-08-16 10:17:12,42600.0,100,Buy,232088247
2024-08-16 10:17:12,42550.0,200,Buy,232088245
2024-08-16 10:17:12,42500.0,100,Buy,232088259
2024-08-16 10:17:12,42600.0,100,Buy,232088248
2024-08-16 10:17:12,42500.0,100,Buy,232088244
2024-08-16 10:17:12,42600.0,2700,Buy,232088250
2024-08-16 10:17:12,42500.0,1000,Buy,232088242
2024-08-16 10:17:12,42500.0,200,Buy,232088243
2024-08-16 10:17:12,42500.0,2300,Buy,232088236
2024-08-16 10:17:12,42500.0,500,Buy,232088237
2024-08-16 10:17:12,42600.0,1800,Buy,232088249
2024-08-16 10:17:12,42500.0,100,Buy,232088238
2024-08-16 10:17:12,42500.0,500,Buy,232088239
2024-08-16 10:17:12,42500.0,100,Buy,232088240
2024-08-16 10:17:12,42500.0,100,Buy,232088241
2024-08-16 10:17:13,42500.0,500,Sell,232088304
2024-08-16 10:17:13,42500.0,1000,Sell,232088340
2024-08-16 10:17:13,42500.0,1000,Sell,232088356
2024-08-16 10:17:15,42500.0,400,Sell,232088400
2024-08-16 10:17:15,42500.0,600,Sell,232088401
2024-08-16 10:17:17,42550.0,1000,Buy,232088492
2024-08-16 10:17:17,42600.0,7300,Buy,232088493
2024-08-16 10:17:17,42600.0,1700,Buy,232088494
2024-08-16 10:17:19,42600.0,500,Buy,232088704
2024-08-16 10:17:19,42600.0,1300,Buy,232088703
2024-08-16 10:17:19,42600.0,1500,Buy,232088702
2024-08-16 10:17:19,42600.0,700,Buy,232088642
2024-08-16 10:17:19,42550.0,200,Buy,232088700
2024-08-16 10:17:19,42600.0,500,Buy,232088643
2024-08-16 10:17:19,42600.0,300,Buy,232088641
2024-08-16 10:17:19,42600.0,500,Buy,232088701
2024-08-16 10:17:20,42600.0,100,Buy,232088731
2024-08-16 10:17:20,42600.0,1000,Buy,232088743
2024-08-16 10:17:20,42600.0,400,Buy,232088744
2024-08-16 10:17:20,42600.0,300,Buy,232088745
2024-08-16 10:17:21,42750.0,500,Buy,232088817
2024-08-16 10:17:21,42750.0,500,Buy,232088815
2024-08-16 10:17:21,42700.0,200,Buy,232088813
2024-08-16 10:17:21,42700.0,1000,Buy,232088814
2024-08-16 10:17:21,42750.0,3300,Buy,232088816
2024-08-16 10:17:22,42600.0,300,Sell,232088836
2024-08-16 10:17:23,42600.0,100,Sell,232088885
2024-08-16 10:17:23,42600.0,300,Sell,232088889
2024-08-16 10:17:24,42600.0,1000,Sell,232088929
2024-08-16 10:17:24,42700.0,100,Buy,232088945
2024-08-16 10:17:24,42750.0,4900,Buy,232088946
2024-08-16 10:17:24,42600.0,300,Sell,232088964
2024-08-16 10:17:25,42750.0,300,Buy,232088968
2024-08-16 10:17:26,42800.0,10400,Buy,232089071
2024-08-16 10:17:26,42800.0,200,Buy,232089070
2024-08-16 10:17:26,42750.0,1000,Buy,232089068
2024-08-16 10:17:26,42700.0,300,Buy,232089067
2024-08-16 10:17:26,42800.0,100,Buy,232089069
2024-08-16 10:17:27,42600.0,1000,Sell,232089099
2024-08-16 10:17:27,42600.0,300,Sell,232089124
2024-08-16 10:17:30,42800.0,1000,Buy,232089306
2024-08-16 10:17:30,42600.0,3500,Sell,232089322
2024-08-16 10:17:31,42700.0,200,Buy,232089380
2024-08-16 10:17:31,42800.0,1800,Buy,232089381
2024-08-16 10:17:31,42800.0,300,Buy,232089400
2024-08-16 10:17:31,42800.0,200,Buy,232089401
2024-08-16 10:17:33,42650.0,400,Sell,232089525
2024-08-16 10:17:36,42800.0,1700,Buy,232089754
2024-08-16 10:17:36,42800.0,1300,Buy,232089753
2024-08-16 10:17:36,42800.0,500,Buy,232089730
2024-08-16 10:17:40,42750.0,1000,Buy,232090050
2024-08-16 10:17:40,42750.0,200,Buy,232090032
2024-08-16 10:17:40,42700.0,100,Sell,232090033
2024-08-16 10:17:40,42750.0,800,Buy,232090049
2024-08-16 10:17:41,42750.0,2000,Buy,232090072
2024-08-16 10:17:43,42700.0,100,Sell,232090160
2024-08-16 10:17:43,42700.0,100,Sell,232090171
2024-08-16 10:17:44,42700.0,5300,Sell,232090275
2024-08-16 10:17:44,42700.0,200,Sell,232090276
2024-08-16 10:17:46,42750.0,2000,Buy,232090398
2024-08-16 10:17:46,42750.0,1000,Buy,232090386
2024-08-16 10:17:46,42800.0,1000,Buy,232090399
2024-08-16 10:17:46,42700.0,100,Buy,232090384
2024-08-16 10:17:46,42700.0,1900,Buy,232090383
2024-08-16 10:17:46,42750.0,7000,Buy,232090385
2024-08-16 10:17:47,42750.0,1000,Sell,232090412
2024-08-16 10:17:50,42700.0,800,Sell,232090554
2024-08-16 10:17:50,42700.0,100,Sell,232090555
2024-08-16 10:17:50,42700.0,3100,Sell,232090568
2024-08-16 10:17:52,42800.0,1000,Buy,232090665
2024-08-16 10:17:52,42650.0,5900,Sell,232090674
2024-08-16 10:17:52,42800.0,100,Buy,232090669
2024-08-16 10:17:52,42800.0,200,Buy,232090668
2024-08-16 10:17:52,42800.0,100,Buy,232090667
2024-08-16 10:17:52,42800.0,1000,Buy,232090666
2024-08-16 10:17:52,42800.0,1300,Buy,232090663
2024-08-16 10:17:52,42750.0,1000,Buy,232090662
2024-08-16 10:17:52,42750.0,2200,Buy,232090661
2024-08-16 10:17:52,42700.0,3000,Buy,232090660
2024-08-16 10:17:52,42750.0,800,Buy,232090636
2024-08-16 10:17:52,42750.0,200,Buy,232090635
2024-08-16 10:17:52,42700.0,4000,Buy,232090634
2024-08-16 10:17:52,42800.0,100,Buy,232090664
2024-08-16 10:17:53,42750.0,1000,Buy,232090761
2024-08-16 10:17:54,42750.0,1000,Sell,232090777
2024-08-16 10:17:54,42750.0,1400,Buy,232090805
2024-08-16 10:17:55,42700.0,100,Sell,232090855
2024-08-16 10:17:56,42800.0,2500,Buy,232090894
2024-08-16 10:17:56,42800.0,2000,Buy,232090893
2024-08-16 10:17:56,42800.0,100,Buy,232090892
2024-08-16 10:17:56,42700.0,500,Sell,232090872
2024-08-16 10:17:56,42750.0,500,Buy,232090890
2024-08-16 10:17:56,42700.0,100,Sell,232090873
2024-08-16 10:17:56,42800.0,4900,Buy,232090891
2024-08-16 10:17:57,42750.0,500,Buy,232090986
2024-08-16 10:17:58,42750.0,1000,Buy,232090995
2024-08-16 10:17:59,42750.0,100,Buy,232091074
2024-08-16 10:18:00,42750.0,600,Buy,232091118
2024-08-16 10:18:00,42750.0,1400,Buy,232091117
2024-08-16 10:18:00,42700.0,1000,Sell,232091107
2024-08-16 10:18:00,42700.0,100,Sell,232091108
2024-08-16 10:18:00,42700.0,400,Sell,232091106
2024-08-16 10:18:01,42700.0,1000,Sell,232091158
2024-08-16 10:18:01,42700.0,1500,Buy,232091159
2024-08-16 10:18:01,42700.0,1000,Buy,232091160
2024-08-16 10:18:01,42750.0,4400,Buy,232091161
2024-08-16 10:18:01,42750.0,3000,Buy,232091162
2024-08-16 10:18:01,42750.0,500,Buy,232091163
2024-08-16 10:18:02,42750.0,2000,Sell,232091196
2024-08-16 10:18:03,42750.0,17600,Sell,232091289
2024-08-16 10:18:03,42700.0,200,Sell,232091301
2024-08-16 10:18:05,42800.0,3000,Buy,232091413
2024-08-16 10:18:05,42750.0,3000,Buy,232091412
2024-08-16 10:18:05,42750.0,1000,Buy,232091411
2024-08-16 10:18:05,42750.0,1000,Buy,232091409
2024-08-16 10:18:05,42750.0,2000,Buy,232091410
2024-08-16 10:18:06,42700.0,800,Sell,232091458
2024-08-16 10:18:08,42750.0,100,Buy,232091730
2024-08-16 10:18:08,42700.0,200,Sell,232091756
2024-08-16 10:18:10,42750.0,100,Buy,232091865
2024-08-16 10:18:11,42750.0,1000,Buy,232091877
2024-08-16 10:18:11,42750.0,3000,Buy,232091895
2024-08-16 10:18:11,42750.0,2000,Buy,232091896
2024-08-16 10:18:11,42750.0,1000,Buy,232091897
2024-08-16 10:18:12,42700.0,3000,Sell,232091918
2024-08-16 10:18:12,42700.0,3000,Sell,232091910
2024-08-16 10:18:13,42700.0,2000,Sell,232092047
2024-08-16 10:18:13,42700.0,1000,Buy,232092065
2024-08-16 10:18:14,42700.0,1000,Buy,232092096
2024-08-16 10:18:14,42700.0,400,Buy,232092157
2024-08-16 10:18:15,42600.0,2500,Sell,232092265
2024-08-16 10:18:15,42600.0,1000,Sell,232092266
2024-08-16 10:18:15,42600.0,7100,Sell,232092267
2024-08-16 10:18:15,42700.0,100,Buy,232092271
2024-08-16 10:18:17,42700.0,1900,Buy,232092435
2024-08-16 10:18:19,42700.0,700,Buy,232092582
2024-08-16 10:18:19,42700.0,3000,Buy,232092583
2024-08-16 10:18:19,42700.0,5000,Buy,232092584
2024-08-16 10:18:20,42700.0,3000,Buy,232092667
2024-08-16 10:18:20,42700.0,100,Buy,232092666
2024-08-16 10:18:20,42750.0,200,Buy,232092620
2024-08-16 10:18:20,42700.0,100,Sell,232092621
2024-08-16 10:18:20,42700.0,1200,Sell,232092653
2024-08-16 10:18:21,42700.0,2000,Sell,232092689
2024-08-16 10:18:21,42700.0,3000,Sell,232092726
2024-08-16 10:18:21,42700.0,1000,Sell,232092727
2024-08-16 10:18:21,42700.0,900,Sell,232092752
2024-08-16 10:18:21,42700.0,400,Sell,232092753
2024-08-16 10:18:21,42700.0,1000,Buy,232092754
2024-08-16 10:18:23,42700.0,2000,Buy,232092837
2024-08-16 10:18:23,42700.0,100,Sell,232092805
2024-08-16 10:18:23,42700.0,1200,Buy,232092836
2024-08-16 10:18:23,42750.0,200,Buy,232092803
2024-08-16 10:18:23,42750.0,1000,Buy,232092804
2024-08-16 10:18:23,42750.0,800,Buy,232092801
2024-08-16 10:18:23,42700.0,1700,Buy,232092815
2024-08-16 10:18:23,42750.0,1000,Buy,232092802
2024-08-16 10:18:25,42700.0,200,Sell,232092942
2024-08-16 10:18:25,42700.0,1000,Sell,232092943
2024-08-16 10:18:25,42750.0,500,Buy,232092967
2024-08-16 10:18:25,42700.0,1000,Sell,232093001
2024-08-16 10:18:26,42750.0,500,Buy,232093066
2024-08-16 10:18:26,42750.0,5000,Buy,232093067
2024-08-16 10:18:26,42750.0,1000,Buy,232093068
2024-08-16 10:18:26,42750.0,100,Buy,232093069
2024-08-16 10:18:26,42750.0,100,Buy,232093070
2024-08-16 10:18:26,42750.0,100,Buy,232093071
2024-08-16 10:18:26,42800.0,3200,Buy,232093072
2024-08-16 10:18:26,42700.0,300,Sell,232093073
2024-08-16 10:18:27,42700.0,100,Sell,232093110
2024-08-16 10:18:27,42800.0,1000,Buy,232093109
2024-08-16 10:18:27,42800.0,500,Buy,232093108
2024-08-16 10:18:27,42800.0,500,Buy,232093105
2024-08-16 10:18:27,42800.0,100,Buy,232093106
2024-08-16 10:18:27,42750.0,700,Buy,232093104
2024-08-16 10:18:27,42800.0,200,Buy,232093107
2024-08-16 10:18:28,42750.0,100,Sell,232093170
2024-08-16 10:18:29,42700.0,1000,Sell,232093195
2024-08-16 10:18:30,42750.0,2900,Buy,232093217
2024-08-16 10:18:30,42750.0,100,Buy,232093219
2024-08-16 10:18:32,42750.0,2000,Buy,232093361
2024-08-16 10:18:33,42750.0,200,Buy,232093373
2024-08-16 10:18:33,42750.0,500,Buy,232093374
2024-08-16 10:18:35,42750.0,2700,Sell,232093518
2024-08-16 10:18:35,42750.0,500,Buy,232093542
2024-08-16 10:18:35,42750.0,100,Sell,232093496
2024-08-16 10:18:35,42750.0,200,Sell,232093517
2024-08-16 10:18:36,42700.0,5000,Sell,232093589
2024-08-16 10:18:36,42700.0,200,Sell,232093613
2024-08-16 10:18:36,42700.0,2000,Sell,232093634
2024-08-16 10:18:38,42750.0,1000,Buy,232093744
2024-08-16 10:18:38,42750.0,1400,Buy,232093745
2024-08-16 10:18:38,42750.0,600,Buy,232093746
2024-08-16 10:18:38,42750.0,200,Buy,232093747
2024-08-16 10:18:38,42750.0,1200,Buy,232093770
2024-08-16 10:18:38,42750.0,2000,Buy,232093771
2024-08-16 10:18:38,42750.0,1300,Buy,232093772
2024-08-16 10:18:38,42750.0,500,Buy,232093811
2024-08-16 10:18:39,42700.0,100,Sell,232093833
2024-08-16 10:18:39,42750.0,200,Buy,232093878
2024-08-16 10:18:39,42750.0,1200,Buy,232093877
2024-08-16 10:18:39,42700.0,1000,Sell,232093831
2024-08-16 10:18:39,42700.0,100,Sell,232093832
2024-08-16 10:18:39,42700.0,1000,Sell,232093830
2024-08-16 10:18:39,42750.0,2000,Buy,232093858
2024-08-16 10:18:41,42750.0,300,Buy,232094074
2024-08-16 10:18:41,42750.0,100,Buy,232094075
2024-08-16 10:18:41,42750.0,300,Buy,232094076
2024-08-16 10:18:41,42750.0,100,Buy,232094077
2024-08-16 10:18:41,42800.0,1200,Buy,232094078
2024-08-16 10:18:46,42750.0,1000,Sell,232094395
2024-08-16 10:18:47,42800.0,100,Buy,232094454
2024-08-16 10:18:47,42800.0,900,Buy,232094453
2024-08-16 10:18:47,42800.0,2300,Buy,232094456
2024-08-16 10:18:47,42800.0,2000,Buy,232094455
2024-08-16 10:18:47,42800.0,1000,Buy,232094452
2024-08-16 10:18:47,42750.0,3000,Sell,232094422
2024-08-16 10:18:47,42800.0,1000,Buy,232094450
2024-08-16 10:18:47,42800.0,100,Buy,232094449
2024-08-16 10:18:47,42800.0,1000,Buy,232094448
2024-08-16 10:18:47,42800.0,100,Buy,232094447
2024-08-16 10:18:47,42800.0,1300,Buy,232094446
2024-08-16 10:18:47,42800.0,200,Buy,232094451
2024-08-16 10:18:49,42800.0,1000,Buy,232094627
2024-08-16 10:18:49,42800.0,1000,Buy,232094587
2024-08-16 10:18:49,42800.0,8100,Buy,232094588
2024-08-16 10:18:49,42800.0,200,Buy,232094585
2024-08-16 10:18:49,42800.0,2000,Buy,232094584
2024-08-16 10:18:49,42800.0,17700,Buy,232094583
2024-08-16 10:18:49,42800.0,1000,Buy,232094586
2024-08-16 10:18:50,42800.0,500,Buy,232094662
2024-08-16 10:18:50,42800.0,800,Buy,232094695
2024-08-16 10:18:50,42750.0,1000,Sell,232094696
2024-08-16 10:18:52,42800.0,100,Buy,232094835
2024-08-16 10:18:52,42800.0,1200,Buy,232094839
2024-08-16 10:18:52,42800.0,100,Buy,232094838
2024-08-16 10:18:52,42800.0,1400,Buy,232094837
2024-08-16 10:18:52,42800.0,1000,Buy,232094834
2024-08-16 10:18:52,42800.0,200,Buy,232094836
2024-08-16 10:18:52,42800.0,100,Buy,232094827
2024-08-16 10:18:52,42800.0,500,Buy,232094826
2024-08-16 10:18:52,42800.0,200,Buy,232094825
2024-08-16 10:18:52,42800.0,4600,Buy,232094824
2024-08-16 10:18:52,42750.0,1000,Sell,232094794
2024-08-16 10:18:52,42750.0,2000,Sell,232094790
2024-08-16 10:18:52,42800.0,600,Buy,232094828
2024-08-16 10:18:53,42800.0,100,Buy,232094873
2024-08-16 10:18:54,42750.0,1000,Sell,232094959
2024-08-16 10:18:54,42800.0,3000,Buy,232094962
2024-08-16 10:18:54,42750.0,1000,Sell,232094963
2024-08-16 10:18:54,42750.0,200,Sell,232094964
2024-08-16 10:18:56,42850.0,1200,Buy,232095083
2024-08-16 10:18:56,42850.0,100,Buy,232095082
2024-08-16 10:18:56,42850.0,200,Buy,232095081
2024-08-16 10:18:56,42800.0,100,Buy,232095075
2024-08-16 10:18:56,42800.0,100,Buy,232095076
2024-08-16 10:18:56,42800.0,200,Buy,232095074
2024-08-16 10:18:56,42800.0,700,Buy,232095073
2024-08-16 10:18:56,42800.0,100,Buy,232095077
2024-08-16 10:18:57,42800.0,100,Sell,232095177
2024-08-16 10:19:01,42800.0,5000,Sell,232095417
2024-08-16 10:19:02,42900.0,500,Buy,232095438
2024-08-16 10:19:02,42800.0,200,Sell,232095454
2024-08-16 10:19:02,42800.0,1000,Sell,232095453
2024-08-16 10:19:02,42900.0,700,Buy,232095439
2024-08-16 10:19:02,42900.0,1600,Buy,232095437
2024-08-16 10:19:02,42900.0,1000,Buy,232095436
2024-08-16 10:19:02,42900.0,100,Buy,232095435
2024-08-16 10:19:02,42900.0,200,Buy,232095434
2024-08-16 10:19:02,42900.0,1000,Buy,232095433
2024-08-16 10:19:02,42850.0,1000,Buy,232095432
2024-08-16 10:19:02,42850.0,100,Buy,232095431
2024-08-16 10:19:02,42850.0,3800,Buy,232095430
2024-08-16 10:19:02,42800.0,200,Sell,232095420
2024-08-16 10:19:03,42800.0,900,Sell,232095495
2024-08-16 10:19:03,42800.0,2600,Sell,232095494
2024-08-16 10:19:03,42800.0,1500,Sell,232095493
2024-08-16 10:19:03,42800.0,300,Sell,232095474
2024-08-16 10:19:04,42850.0,200,Sell,232095563
2024-08-16 10:19:05,42850.0,500,Sell,232095580
2024-08-16 10:19:05,42800.0,500,Sell,232095581
2024-08-16 10:19:10,42900.0,1000,Buy,232095845
2024-08-16 10:19:10,42900.0,100,Buy,232095844
2024-08-16 10:19:10,42900.0,500,Buy,232095843
2024-08-16 10:19:10,42900.0,4300,Buy,232095788
2024-08-16 10:19:10,42900.0,300,Buy,232095791
2024-08-16 10:19:10,42900.0,100,Buy,232095790
2024-08-16 10:19:10,42900.0,300,Buy,232095789
2024-08-16 10:19:10,42900.0,700,Buy,232095842
2024-08-16 10:19:11,42900.0,1000,Sell,232095889
2024-08-16 10:19:11,42900.0,500,Sell,232095951
2024-08-16 10:19:13,42950.0,500,Buy,232096051
2024-08-16 10:19:13,42950.0,400,Buy,232096052
2024-08-16 10:19:13,42950.0,4100,Buy,232096053
2024-08-16 10:19:17,42950.0,900,Buy,232096358
2024-08-16 10:19:17,42950.0,100,Buy,232096356
2024-08-16 10:19:17,42950.0,100,Buy,232096357
2024-08-16 10:19:17,42950.0,900,Buy,232096355
2024-08-16 10:19:18,42950.0,2000,Buy,232096395
2024-08-16 10:19:18,42900.0,100,Sell,232096402
2024-08-16 10:19:18,42950.0,1000,Buy,232096403
2024-08-16 10:19:19,42900.0,1000,Sell,232096474
2024-08-16 10:19:19,42900.0,100,Sell,232096479
2024-08-16 10:19:19,42950.0,100,Buy,232096480
2024-08-16 10:19:21,42900.0,100,Sell,232096622
2024-08-16 10:19:22,42900.0,500,Sell,232096667
2024-08-16 10:19:22,42950.0,1000,Buy,232096678
2024-08-16 10:19:22,42950.0,8000,Buy,232096679
2024-08-16 10:19:22,42950.0,1000,Buy,232096680
2024-08-16 10:19:24,42950.0,1000,Buy,232096767
2024-08-16 10:19:24,42950.0,1800,Buy,232096807
2024-08-16 10:19:24,42950.0,200,Sell,232096819
2024-08-16 10:19:25,42950.0,4800,Sell,232096877
2024-08-16 10:19:25,42950.0,200,Sell,232096876
2024-08-16 10:19:27,42950.0,200,Buy,232096951
2024-08-16 10:19:27,42950.0,1000,Sell,232096982
2024-08-16 10:19:28,43000.0,100,Buy,232097047
2024-08-16 10:19:28,43000.0,100,Buy,232097048
2024-08-16 10:19:29,42950.0,500,Sell,232097051
2024-08-16 10:19:29,42950.0,800,Sell,232097052
2024-08-16 10:19:29,42950.0,700,Sell,232097076
2024-08-16 10:19:29,42950.0,300,Sell,232097077
2024-08-16 10:19:31,42950.0,1000,Sell,232097219
2024-08-16 10:19:31,42950.0,100,Sell,232097210
2024-08-16 10:19:33,42950.0,600,Sell,232097309
2024-08-16 10:19:33,42950.0,100,Sell,232097310
2024-08-16 10:19:33,42950.0,300,Sell,232097311
2024-08-16 10:19:35,43000.0,300,Buy,232097401
2024-08-16 10:19:36,43000.0,200,Buy,232097508
2024-08-16 10:19:37,42950.0,200,Sell,232097570
2024-08-16 10:19:37,42950.0,1000,Sell,232097571
2024-08-16 10:19:37,42950.0,1300,Sell,232097572
2024-08-16 10:19:37,42950.0,2500,Buy,232097587
2024-08-16 10:19:38,42950.0,500,Sell,232097611
2024-08-16 10:19:38,43000.0,300,Buy,232097592
2024-08-16 10:19:38,43000.0,700,Buy,232097595
2024-08-16 10:19:41,42950.0,500,Buy,232097865
2024-08-16 10:19:41,42950.0,100,Buy,232097872
2024-08-16 10:19:41,42950.0,400,Buy,232097873
2024-08-16 10:19:43,43000.0,1000,Buy,232097981
2024-08-16 10:19:43,43000.0,100,Buy,232097987
2024-08-16 10:19:43,43000.0,500,Buy,232097986
2024-08-16 10:19:43,43000.0,500,Buy,232097985
2024-08-16 10:19:43,43000.0,100,Buy,232097984
2024-08-16 10:19:43,43000.0,800,Buy,232097983
2024-08-16 10:19:43,43000.0,100,Buy,232097982
2024-08-16 10:19:43,43000.0,1000,Buy,232097980
2024-08-16 10:19:43,43000.0,200,Buy,232097972
2024-08-16 10:19:43,43000.0,100,Buy,232097978
2024-08-16 10:19:43,43000.0,2500,Buy,232097977
2024-08-16 10:19:43,43000.0,100,Buy,232097976
2024-08-16 10:19:43,43000.0,11900,Buy,232097975
2024-08-16 10:19:43,43000.0,600,Buy,232097974
2024-08-16 10:19:43,43000.0,1800,Buy,232097973
2024-08-16 10:19:43,43000.0,2000,Buy,232097971
2024-08-16 10:19:43,43000.0,500,Buy,232097988
2024-08-16 10:19:43,43000.0,200,Buy,232097979
2024-08-16 10:19:43,43000.0,100,Buy,232097989
2024-08-16 10:19:43,43000.0,300,Buy,232097970
2024-08-16 10:19:43,43000.0,5000,Buy,232097991
2024-08-16 10:19:43,42950.0,400,Sell,232098090
2024-08-16 10:19:43,43000.0,200,Buy,232098009
2024-08-16 10:19:43,43000.0,300,Buy,232098006
2024-08-16 10:19:43,43000.0,100,Buy,232098005
2024-08-16 10:19:43,43000.0,100,Buy,232098004
2024-08-16 10:19:43,43000.0,200,Buy,232098003
2024-08-16 10:19:43,43000.0,100,Buy,232098002
2024-08-16 10:19:43,43000.0,5000,Buy,232098001
2024-08-16 10:19:43,43000.0,500,Buy,232098000
2024-08-16 10:19:43,43000.0,100,Buy,232097999
2024-08-16 10:19:43,43000.0,400,Buy,232097998
2024-08-16 10:19:43,43000.0,1000,Buy,232097997
2024-08-16 10:19:43,43000.0,500,Buy,232097996
2024-08-16 10:19:43,43000.0,100,Buy,232097995
2024-08-16 10:19:43,43000.0,500,Buy,232097994
2024-08-16 10:19:43,43000.0,300,Buy,232097993
2024-08-16 10:19:43,43000.0,200,Buy,232097992
2024-08-16 10:19:43,43000.0,500,Buy,232097990
2024-08-16 10:19:43,43000.0,100,Buy,232097969
2024-08-16 10:19:43,43000.0,300,Buy,232097956
2024-08-16 10:19:43,43000.0,200,Buy,232097967
2024-08-16 10:19:43,43000.0,1000,Buy,232097945
2024-08-16 10:19:43,43000.0,1000,Buy,232097944
2024-08-16 10:19:43,43000.0,500,Buy,232097943
2024-08-16 10:19:43,43000.0,200,Buy,232097942
2024-08-16 10:19:43,43000.0,8400,Buy,232097941
2024-08-16 10:19:43,43000.0,600,Buy,232097940
2024-08-16 10:19:43,43000.0,100,Buy,232097925
2024-08-16 10:19:43,43000.0,100,Buy,232097924
2024-08-16 10:19:43,43000.0,1000,Buy,232097923
2024-08-16 10:19:43,43000.0,500,Buy,232097922
2024-08-16 10:19:43,43000.0,300,Buy,232097921
2024-08-16 10:19:43,43000.0,3700,Buy,232097920
2024-08-16 10:19:43,43000.0,100,Buy,232097919
2024-08-16 10:19:43,43000.0,1100,Buy,232097918
2024-08-16 10:19:43,43000.0,4000,Buy,232097917
2024-08-16 10:19:43,43000.0,300,Buy,232097916
2024-08-16 10:19:43,42950.0,200,Buy,232097915
2024-08-16 10:19:43,43000.0,5000,Buy,232097946
2024-08-16 10:19:43,43000.0,3000,Buy,232097947
2024-08-16 10:19:43,43000.0,1000,Buy,232097968
2024-08-16 10:19:43,43000.0,300,Buy,232097949
2024-08-16 10:19:43,43000.0,3500,Buy,232097966
2024-08-16 10:19:43,43000.0,2000,Buy,232097965
2024-08-16 10:19:43,43000.0,600,Buy,232097964
2024-08-16 10:19:43,43000.0,800,Buy,232097963
2024-08-16 10:19:43,43000.0,1000,Buy,232097962
2024-08-16 10:19:43,43000.0,400,Buy,232097961
2024-08-16 10:19:43,43000.0,1000,Buy,232097960
2024-08-16 10:19:43,43000.0,500,Buy,232097959
2024-08-16 10:19:43,43000.0,1500,Buy,232097948
2024-08-16 10:19:43,43000.0,5000,Buy,232097957
2024-08-16 10:19:43,42950.0,600,Buy,232097914
2024-08-16 10:19:43,43000.0,3000,Buy,232097955
2024-08-16 10:19:43,43000.0,1300,Buy,232097954
2024-08-16 10:19:43,43000.0,100,Buy,232097953
2024-08-16 10:19:43,43000.0,200,Buy,232097952
2024-08-16 10:19:43,43000.0,600,Buy,232097951
2024-08-16 10:19:43,43000.0,5000,Buy,232097950
2024-08-16 10:19:43,43000.0,600,Buy,232097958
2024-08-16 10:19:46,42950.0,2000,Sell,232098222
2024-08-16 10:19:46,42950.0,1000,Sell,232098221
2024-08-16 10:19:46,42950.0,200,Sell,232098218
2024-08-16 10:19:46,42950.0,1700,Sell,232098219
2024-08-16 10:19:46,42950.0,100,Sell,232098217
2024-08-16 10:19:46,42950.0,800,Sell,232098220
2024-08-16 10:19:47,43000.0,500,Buy,232098302
2024-08-16 10:19:47,43000.0,100,Buy,232098303
2024-08-16 10:19:47,43000.0,200,Buy,232098304
2024-08-16 10:19:47,43000.0,3000,Buy,232098305
2024-08-16 10:19:47,43000.0,200,Buy,232098306
2024-08-16 10:19:47,43000.0,100,Buy,232098307
2024-08-16 10:19:47,43000.0,500,Buy,232098308
2024-08-16 10:19:47,43000.0,300,Buy,232098310
2024-08-16 10:19:47,43000.0,1700,Buy,232098311
2024-08-16 10:19:47,43000.0,1000,Buy,232098347
2024-08-16 10:19:47,43000.0,2200,Buy,232098348
2024-08-16 10:19:47,43000.0,200,Buy,232098301
2024-08-16 10:19:47,43000.0,100,Buy,232098309
2024-08-16 10:19:47,43000.0,100,Sell,232098364
2024-08-16 10:19:47,43000.0,100,Buy,232098299
2024-08-16 10:19:47,43000.0,100,Buy,232098298
2024-08-16 10:19:47,43000.0,100,Buy,232098300
2024-08-16 10:19:47,42950.0,1200,Buy,232098283
2024-08-16 10:19:47,43000.0,4500,Buy,232098286
2024-08-16 10:19:47,43000.0,500,Buy,232098287
2024-08-16 10:19:47,43000.0,300,Buy,232098289
2024-08-16 10:19:47,43000.0,100,Buy,232098290
2024-08-16 10:19:47,43000.0,1000,Buy,232098288
2024-08-16 10:19:47,43000.0,1000,Buy,232098292
2024-08-16 10:19:47,43000.0,1000,Buy,232098293
2024-08-16 10:19:47,43000.0,100,Buy,232098294
2024-08-16 10:19:47,43000.0,1000,Buy,232098295
2024-08-16 10:19:47,43000.0,2000,Buy,232098296
2024-08-16 10:19:47,43000.0,200,Buy,232098297
2024-08-16 10:19:47,43000.0,1600,Buy,232098291
2024-08-16 10:19:48,43000.0,100,Sell,232098389
2024-08-16 10:19:49,43000.0,1000,Sell,232098429
2024-08-16 10:19:50,43000.0,5000,Sell,232098566
2024-08-16 10:19:51,43000.0,4800,Sell,232098654
2024-08-16 10:19:52,43000.0,2000,Sell,232098722
2024-08-16 10:19:52,43000.0,6200,Sell,232098711
2024-08-16 10:19:52,43000.0,100,Sell,232098710
2024-08-16 10:19:52,43000.0,4100,Sell,232098709
2024-08-16 10:19:52,43050.0,100,Buy,232098684
2024-08-16 10:19:52,43050.0,300,Buy,232098683
2024-08-16 10:19:52,43050.0,1600,Sell,232098708
2024-08-16 10:19:52,43050.0,1000,Buy,232098682
2024-08-16 10:19:54,43000.0,1000,Sell,232098864
2024-08-16 10:19:57,43100.0,100,Buy,232098999
2024-08-16 10:19:57,43100.0,300,Buy,232099000
2024-08-16 10:19:57,43100.0,1000,Buy,232099001
2024-08-16 10:19:57,43100.0,1100,Buy,232099002
2024-08-16 10:19:58,43050.0,3000,Sell,232099117
2024-08-16 10:20:00,43000.0,600,Sell,232099368
2024-08-16 10:20:01,43100.0,1000,Buy,232099420
2024-08-16 10:20:07,43100.0,800,Buy,232099905
2024-08-16 10:20:08,43050.0,300,Sell,232099955
2024-08-16 10:20:09,43050.0,100,Sell,232100023
2024-08-16 10:20:09,43100.0,600,Buy,232100011
2024-08-16 10:20:10,43100.0,3000,Buy,232100026
2024-08-16 10:20:10,43100.0,200,Buy,232100027
2024-08-16 10:20:10,43100.0,100,Buy,232100028
2024-08-16 10:20:10,43100.0,200,Buy,232100029
2024-08-16 10:20:10,43100.0,100,Buy,232100030
2024-08-16 10:20:10,43100.0,1000,Buy,232100031
2024-08-16 10:20:10,43100.0,200,Buy,232100032
2024-08-16 10:20:10,43100.0,5000,Buy,232100033
2024-08-16 10:20:10,43100.0,200,Buy,232100034
2024-08-16 10:20:10,43100.0,500,Buy,232100063
2024-08-16 10:20:12,43100.0,500,Buy,232100164
2024-08-16 10:20:12,43100.0,200,Buy,232100163
2024-08-16 10:20:12,43100.0,1400,Buy,232100162
2024-08-16 10:20:12,43100.0,1800,Buy,232100161
2024-08-16 10:20:12,43050.0,100,Sell,232100148
2024-08-16 10:20:13,43100.0,100,Sell,232100184
2024-08-16 10:20:14,43100.0,200,Sell,232100237
2024-08-16 10:20:15,43150.0,1000,Buy,232100301
2024-08-16 10:20:15,43150.0,3900,Buy,232100302
2024-08-16 10:20:15,43200.0,2700,Buy,232100303
2024-08-16 10:20:15,43200.0,500,Buy,232100304
2024-08-16 10:20:15,43200.0,1900,Buy,232100305
2024-08-16 10:20:15,43100.0,1000,Sell,232100306
2024-08-16 10:20:16,43100.0,200,Sell,232100402
2024-08-16 10:20:16,43200.0,300,Buy,232100396
2024-08-16 10:20:16,43200.0,1100,Buy,232100393
2024-08-16 10:20:16,43200.0,5600,Buy,232100394
2024-08-16 10:20:16,43200.0,3000,Buy,232100395
2024-08-16 10:20:17,43100.0,100,Sell,232100443
2024-08-16 10:20:17,43200.0,2000,Buy,232100476
2024-08-16 10:20:18,43100.0,200,Sell,232100521
2024-08-16 10:20:18,43100.0,200,Sell,232100556
2024-08-16 10:20:23,43150.0,1000,Sell,232100879
2024-08-16 10:20:23,43200.0,100,Buy,232100880
2024-08-16 10:20:25,43200.0,400,Buy,232100983
2024-08-16 10:20:25,43150.0,100,Sell,232100981
2024-08-16 10:20:25,43200.0,2600,Buy,232100982
2024-08-16 10:20:26,43150.0,1000,Sell,232101034
2024-08-16 10:20:26,43200.0,3000,Buy,232101037
2024-08-16 10:20:28,43150.0,100,Sell,232101175
2024-08-16 10:20:29,43200.0,200,Buy,232101282
2024-08-16 10:20:29,43200.0,100,Buy,232101281
2024-08-16 10:20:29,43200.0,200,Buy,232101280
2024-08-16 10:20:29,43200.0,100,Buy,232101279
2024-08-16 10:20:29,43200.0,5000,Buy,232101278
2024-08-16 10:20:29,43200.0,200,Buy,232101276
2024-08-16 10:20:29,43200.0,500,Buy,232101277
2024-08-16 10:20:29,43200.0,700,Buy,232101274
2024-08-16 10:20:29,43200.0,200,Buy,232101254
2024-08-16 10:20:29,43200.0,300,Buy,232101255
2024-08-16 10:20:29,43200.0,200,Buy,232101275
2024-08-16 10:20:29,43200.0,100,Buy,232101272
2024-08-16 10:20:29,43200.0,2000,Buy,232101273
2024-08-16 10:20:29,43200.0,10700,Buy,232101271
2024-08-16 10:20:30,43200.0,1000,Buy,232101305
2024-08-16 10:20:30,43200.0,2000,Buy,232101306
2024-08-16 10:20:30,43200.0,100,Buy,232101307
2024-08-16 10:20:31,43150.0,300,Sell,232101329
2024-08-16 10:20:33,43150.0,300,Sell,232101460
2024-08-16 10:20:33,43200.0,900,Buy,232101448
2024-08-16 10:20:33,43200.0,100,Buy,232101449
2024-08-16 10:20:34,43150.0,1100,Sell,232101480
2024-08-16 10:20:35,43200.0,200,Buy,232101531
2024-08-16 10:20:35,43200.0,500,Buy,232101532
2024-08-16 10:20:35,43200.0,100,Buy,232101533
2024-08-16 10:20:35,43200.0,500,Buy,232101534
2024-08-16 10:20:35,43200.0,300,Sell,232101571
2024-08-16 10:20:35,43200.0,1500,Sell,232101619
2024-08-16 10:20:35,43150.0,500,Sell,232101620
2024-08-16 10:20:35,43200.0,1900,Buy,232101530
2024-08-16 10:20:36,43150.0,400,Buy,232101675
2024-08-16 10:20:36,43150.0,600,Sell,232101674
2024-08-16 10:20:37,43200.0,2000,Sell,232101731
2024-08-16 10:20:38,43150.0,500,Sell,232101840
2024-08-16 10:20:38,43150.0,100,Sell,232101820
2024-08-16 10:20:39,43150.0,100,Sell,232101902
2024-08-16 10:20:40,43200.0,500,Buy,232101933
2024-08-16 10:20:40,43200.0,1500,Sell,232101967
2024-08-16 10:20:42,43150.0,100,Sell,232102019
2024-08-16 10:20:42,43100.0,1900,Sell,232102020
2024-08-16 10:20:43,43150.0,100,Sell,232102120
2024-08-16 10:20:43,43100.0,2400,Sell,232102121
2024-08-16 10:20:43,43100.0,3000,Sell,232102122
2024-08-16 10:20:43,43100.0,200,Sell,232102123
2024-08-16 10:20:47,43200.0,200,Buy,232102470
2024-08-16 10:20:47,43200.0,100,Buy,232102433
2024-08-16 10:20:47,43150.0,100,Buy,232102432
2024-08-16 10:20:47,43200.0,800,Buy,232102434
2024-08-16 10:20:48,43200.0,1800,Buy,232102475
2024-08-16 10:20:48,43100.0,100,Sell,232102501
2024-08-16 10:20:49,43150.0,100,Buy,232102549
2024-08-16 10:20:52,43100.0,700,Sell,232102689
2024-08-16 10:20:52,43100.0,300,Sell,232102690
2024-08-16 10:20:52,43100.0,200,Sell,232102719
2024-08-16 10:20:53,43150.0,100,Buy,232102775
2024-08-16 10:20:54,43150.0,800,Buy,232102882
2024-08-16 10:20:54,43150.0,200,Buy,232102881
2024-08-16 10:20:54,43150.0,100,Buy,232102823
2024-08-16 10:20:54,43150.0,1000,Buy,232102825
2024-08-16 10:20:54,43150.0,100,Buy,232102826
2024-08-16 10:20:54,43150.0,300,Buy,232102824
2024-08-16 10:20:55,43150.0,2000,Buy,232102973
2024-08-16 10:20:56,43100.0,500,Sell,232103024
2024-08-16 10:20:56,43100.0,500,Sell,232103026
2024-08-16 10:20:56,43100.0,500,Sell,232103023
2024-08-16 10:20:56,43100.0,500,Sell,232103025
2024-08-16 10:20:59,43100.0,500,Sell,232103378
2024-08-16 10:20:59,43100.0,100,Sell,232103379
2024-08-16 10:21:00,43100.0,2000,Sell,232103503
2024-08-16 10:21:01,43100.0,500,Sell,232103520
2024-08-16 10:21:03,43100.0,200,Sell,232103680
2024-08-16 10:21:03,43100.0,100,Sell,232103699
2024-08-16 10:21:04,43150.0,100,Buy,232103791
2024-08-16 10:21:04,43150.0,1000,Buy,232103792
2024-08-16 10:21:04,43150.0,500,Buy,232103793
2024-08-16 10:21:04,43150.0,500,Buy,232103794
2024-08-16 10:21:05,43150.0,300,Sell,232103864
2024-08-16 10:21:05,43150.0,200,Sell,232103863
2024-08-16 10:21:07,43150.0,400,Sell,232103995
2024-08-16 10:21:07,43150.0,500,Sell,232103996
2024-08-16 10:21:10,43150.0,1000,Buy,232104281
2024-08-16 10:21:11,43150.0,1000,Buy,232104356
2024-08-16 10:21:11,43150.0,100,Buy,232104357
2024-08-16 10:21:11,43150.0,900,Buy,232104388
2024-08-16 10:21:11,43150.0,100,Buy,232104389
2024-08-16 10:21:12,43150.0,100,Buy,232104414
2024-08-16 10:21:12,43150.0,200,Buy,232104413
2024-08-16 10:21:12,43150.0,200,Buy,232104411
2024-08-16 10:21:12,43150.0,500,Buy,232104412
2024-08-16 10:21:15,43150.0,900,Buy,232104720
2024-08-16 10:21:17,43150.0,100,Sell,232104806
2024-08-16 10:21:17,43150.0,600,Sell,232104807
2024-08-16 10:21:18,43150.0,1000,Sell,232104853
2024-08-16 10:21:19,43150.0,200,Sell,232104962
2024-08-16 10:21:19,43150.0,100,Sell,232104977
