time,price,volume,match_type,id
2024-07-18 09:14:40,40500.0,20100,ATO/ATC,224075259
2024-07-18 09:14:45,40500.0,600,Sell,224075706
2024-07-18 09:14:45,40500.0,200,Sell,224075705
2024-07-18 09:14:45,40500.0,100,Sell,224075704
2024-07-18 09:14:45,40500.0,100,Sell,224075703
2024-07-18 09:14:45,40500.0,100,Sell,224075702
2024-07-18 09:14:45,40500.0,100,Sell,224075701
2024-07-18 09:14:45,40500.0,100,Sell,224075700
2024-07-18 09:14:45,40500.0,2000,Sell,224075699
2024-07-18 09:14:45,40500.0,100,Sell,224075689
2024-07-18 09:14:45,40500.0,200,Sell,224075697
2024-07-18 09:14:45,40500.0,100,Sell,224075690
2024-07-18 09:14:45,40500.0,100,Sell,224075691
2024-07-18 09:14:45,40500.0,200,Sell,224075692
2024-07-18 09:14:45,40500.0,100,Sell,224075698
2024-07-18 09:14:45,40500.0,500,Sell,224075694
2024-07-18 09:14:45,40500.0,2000,Sell,224075696
2024-07-18 09:14:45,40500.0,100,Sell,224075693
2024-07-18 09:14:45,40500.0,5000,Sell,224075695
2024-07-18 09:15:01,40600.0,100,Buy,224076036
2024-07-18 09:15:01,40600.0,2900,Buy,224076037
2024-07-18 09:15:19,40500.0,1300,Sell,224076545
2024-07-18 09:15:26,40600.0,100,Buy,224076731
2024-07-18 09:15:38,40650.0,100,Buy,224077127
2024-07-18 09:15:38,40650.0,200,Buy,224077128
2024-07-18 09:15:48,40600.0,200,Sell,224077433
2024-07-18 09:15:48,40600.0,100,Sell,224077430
2024-07-18 09:15:48,40600.0,500,Sell,224077431
2024-07-18 09:15:48,40600.0,400,Sell,224077432
2024-07-18 09:15:54,40600.0,800,Buy,224077660
2024-07-18 09:15:57,40600.0,500,Sell,224077730
2024-07-18 09:16:03,40650.0,100,Buy,224078008
2024-07-18 09:16:22,40650.0,100,Sell,224078726
2024-07-18 09:16:23,40700.0,400,Buy,224078763
2024-07-18 09:16:23,40700.0,200,Buy,224078764
2024-07-18 09:16:23,40650.0,200,Buy,224078761
2024-07-18 09:16:23,40650.0,100,Sell,224078760
2024-07-18 09:16:23,40700.0,100,Buy,224078762
2024-07-18 09:16:29,40750.0,100,Buy,224078954
2024-07-18 09:16:29,40800.0,2000,Buy,224078955
2024-07-18 09:16:29,40800.0,100,Buy,224078956
2024-07-18 09:16:29,40800.0,2600,Buy,224078957
2024-07-18 09:16:29,40800.0,200,Buy,224078958
2024-07-18 09:16:46,40800.0,100,Sell,224079614
2024-07-18 09:16:46,40800.0,100,Sell,224079615
2024-07-18 09:16:46,40800.0,500,Sell,224079616
2024-07-18 09:16:49,40800.0,1000,Buy,224079720
2024-07-18 09:16:49,40800.0,500,Buy,224079718
2024-07-18 09:16:51,40800.0,500,Buy,224079777
2024-07-18 09:16:52,40800.0,100,Buy,224079804
2024-07-18 09:16:53,40800.0,100,Buy,224079852
2024-07-18 09:16:53,40800.0,1000,Buy,224079853
2024-07-18 09:16:55,40800.0,100,Buy,224079895
2024-07-18 09:16:57,40800.0,100,Buy,224079955
2024-07-18 09:17:02,40800.0,2000,Buy,224080195
2024-07-18 09:17:03,40800.0,400,Buy,224080229
2024-07-18 09:17:03,40800.0,300,Buy,224080260
2024-07-18 09:17:07,40800.0,100,Buy,224080416
2024-07-18 09:17:09,40800.0,100,Buy,224080473
2024-07-18 09:17:12,40800.0,2500,Buy,224080623
2024-07-18 09:17:12,40800.0,500,Buy,224080607
2024-07-18 09:17:17,40800.0,1900,Sell,224080898
2024-07-18 09:17:19,40800.0,100,Buy,224080972
2024-07-18 09:17:39,40850.0,200,Buy,224081790
2024-07-18 09:17:39,40850.0,4800,Buy,224081791
2024-07-18 09:17:45,40850.0,200,Buy,224082069
2024-07-18 09:18:08,40900.0,100,Buy,224082997
2024-07-18 09:18:08,40900.0,400,Buy,224082998
2024-07-18 09:18:12,40900.0,300,Buy,224083130
2024-07-18 09:18:12,40900.0,200,Buy,224083128
2024-07-18 09:18:12,40900.0,600,Buy,224083127
2024-07-18 09:18:12,40900.0,200,Buy,224083129
2024-07-18 09:18:16,40900.0,800,Buy,224083265
2024-07-18 09:18:16,40900.0,200,Buy,224083264
2024-07-18 09:18:24,40900.0,100,Buy,224083560
2024-07-18 09:18:25,40900.0,100,Buy,224083606
2024-07-18 09:19:07,40900.0,100,Sell,224085459
2024-07-18 09:19:07,40900.0,500,Sell,224085460
2024-07-18 09:19:11,40900.0,300,Sell,224085625
2024-07-18 09:19:11,40950.0,100,Buy,224085641
2024-07-18 09:19:12,40900.0,100,Sell,224085694
2024-07-18 09:19:12,40900.0,200,Sell,224085693
2024-07-18 09:19:12,40900.0,100,Sell,224085691
2024-07-18 09:19:12,40900.0,200,Sell,224085679
2024-07-18 09:19:12,40900.0,500,Sell,224085692
2024-07-18 09:19:12,40900.0,700,Sell,224085690
2024-07-18 09:19:13,40900.0,400,Buy,224085749
2024-07-18 09:19:14,40900.0,100,Sell,224085779
2024-07-18 09:19:14,40900.0,200,Sell,224085789
2024-07-18 09:19:43,40850.0,500,Sell,224087094
2024-07-18 09:19:43,40850.0,1000,Sell,224087093
2024-07-18 09:19:44,40850.0,100,Sell,224087156
2024-07-18 09:19:44,40850.0,300,Sell,224087154
2024-07-18 09:19:44,40850.0,100,Sell,224087155
2024-07-18 09:19:50,40850.0,300,Buy,224087402
2024-07-18 09:20:02,40800.0,500,Sell,224087936
2024-07-18 09:20:02,40800.0,200,Sell,224087944
2024-07-18 09:20:02,40800.0,700,Sell,224087945
2024-07-18 09:20:02,40800.0,100,Sell,224087946
2024-07-18 09:20:02,40800.0,3700,Sell,224087947
2024-07-18 09:20:03,40800.0,100,Sell,224087995
2024-07-18 09:20:03,40800.0,300,Sell,224087994
2024-07-18 09:20:03,40800.0,3000,Sell,224087993
2024-07-18 09:20:03,40800.0,200,Sell,224087991
2024-07-18 09:20:03,40800.0,1400,Sell,224087990
2024-07-18 09:20:03,40800.0,1300,Sell,224087989
2024-07-18 09:20:03,40800.0,5000,Sell,224087992
2024-07-18 09:20:05,40800.0,100,Sell,224088159
2024-07-18 09:20:06,40850.0,400,Buy,224088187
2024-07-18 09:20:06,40850.0,200,Buy,224088188
2024-07-18 09:20:06,40850.0,500,Buy,224088189
2024-07-18 09:20:06,40850.0,700,Buy,224088190
2024-07-18 09:20:08,40850.0,600,Buy,224088249
2024-07-18 09:20:12,40850.0,100,Buy,224088587
2024-07-18 09:20:19,40800.0,400,Buy,224088911
2024-07-18 09:20:47,40750.0,100,Sell,224090203
2024-07-18 09:20:52,40750.0,100,Buy,224090410
2024-07-18 09:20:58,40700.0,5000,Sell,224090661
2024-07-18 09:20:58,40700.0,1000,Sell,224090668
2024-07-18 09:20:58,40700.0,900,Sell,224090667
2024-07-18 09:20:58,40700.0,500,Sell,224090666
2024-07-18 09:20:58,40700.0,100,Sell,224090660
2024-07-18 09:20:58,40700.0,100,Sell,224090664
2024-07-18 09:20:58,40700.0,100,Sell,224090663
2024-07-18 09:20:58,40700.0,700,Sell,224090662
2024-07-18 09:20:58,40700.0,100,Sell,224090665
2024-07-18 09:20:59,40700.0,100,Sell,224090685
2024-07-18 09:20:59,40700.0,100,Sell,224090686
2024-07-18 09:20:59,40700.0,200,Buy,224090687
2024-07-18 09:20:59,40700.0,600,Buy,224090730
2024-07-18 09:20:59,40750.0,200,Buy,224090731
2024-07-18 09:20:59,40800.0,200,Buy,224090732
2024-07-18 09:21:07,40700.0,100,Buy,224091092
2024-07-18 09:21:33,40700.0,1000,Buy,224092163
2024-07-18 09:21:44,40650.0,100,Sell,224092700
2024-07-18 09:21:44,40650.0,900,Sell,224092701
2024-07-18 09:21:46,40700.0,100,Buy,224092877
2024-07-18 09:22:02,40650.0,300,Sell,224093568
2024-07-18 09:22:02,40650.0,100,Sell,224093569
2024-07-18 09:22:25,40700.0,100,Buy,224094505
2024-07-18 09:22:31,40650.0,200,Sell,224094762
2024-07-18 09:22:31,40650.0,100,Sell,224094763
2024-07-18 09:22:31,40650.0,500,Sell,224094764
2024-07-18 09:22:31,40650.0,200,Sell,224094765
2024-07-18 09:22:54,40650.0,100,Sell,224095715
2024-07-18 09:22:54,40650.0,100,Sell,224095713
2024-07-18 09:22:54,40650.0,100,Sell,224095714
2024-07-18 09:23:10,40650.0,600,Buy,224096270
2024-07-18 09:23:23,40650.0,100,Buy,224096746
2024-07-18 09:23:31,40600.0,1000,Sell,224096972
2024-07-18 09:23:31,40600.0,200,Sell,224096973
2024-07-18 09:23:31,40600.0,600,Sell,224096974
2024-07-18 09:23:31,40600.0,100,Sell,224096975
2024-07-18 09:23:31,40600.0,200,Sell,224096976
2024-07-18 09:23:31,40600.0,100,Sell,224096977
2024-07-18 09:23:31,40600.0,500,Sell,224096978
2024-07-18 09:23:42,40600.0,100,Sell,224097555
2024-07-18 09:23:42,40600.0,100,Sell,224097554
2024-07-18 09:23:42,40600.0,100,Sell,224097550
2024-07-18 09:23:42,40600.0,100,Sell,224097552
2024-07-18 09:23:42,40600.0,400,Sell,224097551
2024-07-18 09:23:42,40600.0,200,Sell,224097553
2024-07-18 09:23:48,40600.0,900,Sell,224097815
2024-07-18 09:23:48,40600.0,500,Sell,224097816
2024-07-18 09:23:56,40600.0,300,Buy,224098179
2024-07-18 09:23:56,40550.0,100,Sell,224098146
2024-07-18 09:23:56,40550.0,200,Sell,224098147
2024-07-18 09:23:56,40550.0,100,Sell,224098144
2024-07-18 09:23:56,40550.0,100,Sell,224098145
2024-07-18 09:23:56,40550.0,100,Sell,224098143
2024-07-18 09:24:07,40600.0,700,Buy,224098739
2024-07-18 09:24:07,40600.0,3000,Buy,224098740
2024-07-18 09:24:15,40600.0,7300,Sell,224098990
2024-07-18 09:24:15,40600.0,200,Sell,224098991
2024-07-18 09:24:16,40600.0,500,Buy,224099018
2024-07-18 09:24:21,40600.0,100,Buy,224099236
2024-07-18 09:24:48,40600.0,100,Buy,224100136
2024-07-18 09:24:54,40600.0,500,Buy,224100368
2024-07-18 09:25:03,40600.0,100,Buy,224100667
2024-07-18 09:25:15,40650.0,400,Buy,224101138
2024-07-18 09:25:15,40650.0,100,Buy,224101137
2024-07-18 09:25:15,40600.0,1000,Buy,224101135
2024-07-18 09:25:15,40600.0,1000,Buy,224101133
2024-07-18 09:25:15,40600.0,500,Buy,224101136
2024-07-18 09:25:15,40600.0,2000,Buy,224101134
2024-07-18 09:25:39,40650.0,200,Buy,224102032
2024-07-18 09:25:39,40600.0,800,Sell,224102040
2024-07-18 09:25:42,40650.0,1000,Buy,224102167
2024-07-18 09:25:42,40650.0,400,Buy,224102165
2024-07-18 09:25:42,40650.0,100,Buy,224102166
2024-07-18 09:26:04,40650.0,200,Sell,224103050
2024-07-18 09:26:04,40650.0,400,Sell,224103048
2024-07-18 09:26:04,40650.0,100,Sell,224103049
2024-07-18 09:26:39,40650.0,300,Buy,224104285
2024-07-18 09:26:46,40700.0,200,Buy,224104505
2024-07-18 09:26:46,40700.0,1000,Buy,224104506
2024-07-18 09:26:46,40700.0,800,Buy,224104507
2024-07-18 09:26:59,40650.0,500,Sell,224104894
2024-07-18 09:27:36,40650.0,500,Sell,224106182
2024-07-18 09:27:38,40650.0,1000,Sell,224106240
2024-07-18 09:27:45,40650.0,100,Sell,224106442
2024-07-18 09:27:55,40650.0,400,Sell,224106683
2024-07-18 09:27:58,40650.0,100,Sell,224106811
2024-07-18 09:28:29,40650.0,100,Sell,224107783
2024-07-18 09:28:29,40650.0,100,Sell,224107782
2024-07-18 09:28:55,40700.0,100,Buy,224108652
2024-07-18 09:29:18,40700.0,100,Buy,224109348
2024-07-18 09:29:18,40700.0,100,Buy,224109349
2024-07-18 09:29:23,40700.0,200,Buy,224109627
2024-07-18 09:29:44,40650.0,100,Sell,224110422
2024-07-18 09:29:44,40650.0,100,Sell,224110423
2024-07-18 09:29:44,40700.0,300,Buy,224110438
2024-07-18 09:29:45,40700.0,500,Buy,224110476
2024-07-18 09:30:38,40650.0,100,Sell,224112273
2024-07-18 09:30:38,40650.0,100,Sell,224112272
2024-07-18 09:30:38,40650.0,200,Sell,224112271
2024-07-18 09:30:38,40650.0,400,Sell,224112268
2024-07-18 09:30:38,40650.0,100,Sell,224112270
2024-07-18 09:30:38,40650.0,100,Sell,224112269
2024-07-18 09:30:43,40650.0,400,Sell,224112499
2024-07-18 09:30:54,40700.0,200,Buy,224112834
2024-07-18 09:30:54,40700.0,400,Buy,224112833
2024-07-18 09:30:54,40700.0,400,Buy,224112835
2024-07-18 09:30:58,40700.0,100,Buy,224112920
2024-07-18 09:31:01,40700.0,200,Buy,224113021
2024-07-18 09:31:09,40700.0,200,Buy,224113247
2024-07-18 09:31:12,40700.0,100,Buy,224113327
2024-07-18 09:31:34,40700.0,1900,Buy,224113900
2024-07-18 09:31:53,40700.0,100,Sell,224114453
2024-07-18 09:31:53,40700.0,100,Sell,224114454
2024-07-18 09:32:00,40700.0,100,Sell,224114634
2024-07-18 09:32:28,40800.0,900,Buy,224115582
2024-07-18 09:32:28,40800.0,1000,Buy,224115580
2024-07-18 09:32:28,40800.0,100,Buy,224115581
2024-07-18 09:32:35,40750.0,300,Sell,224115753
2024-07-18 09:32:39,40750.0,1000,Buy,224115849
2024-07-18 09:32:58,40750.0,700,Buy,224116524
2024-07-18 09:33:04,40750.0,1000,Buy,224116678
2024-07-18 09:33:04,40750.0,500,Buy,224116679
2024-07-18 09:33:56,40750.0,500,Sell,224118100
2024-07-18 09:33:56,40750.0,1000,Sell,224118101
2024-07-18 09:33:56,40750.0,500,Sell,224118102
2024-07-18 09:34:04,40750.0,600,Sell,224118285
2024-07-18 09:34:22,40750.0,100,Sell,224118783
2024-07-18 09:34:22,40750.0,400,Sell,224118781
2024-07-18 09:34:22,40750.0,400,Sell,224118780
2024-07-18 09:34:22,40750.0,100,Sell,224118782
2024-07-18 09:34:43,40750.0,800,Buy,224119338
2024-07-18 09:34:43,40750.0,100,Buy,224119339
2024-07-18 09:34:43,40750.0,100,Buy,224119340
2024-07-18 09:35:16,40750.0,500,Buy,224120208
2024-07-18 09:35:48,40750.0,300,Buy,224120890
2024-07-18 09:35:56,40750.0,100,Buy,224121100
2024-07-18 09:35:57,40750.0,100,Buy,224121130
2024-07-18 09:36:01,40750.0,100,Buy,224121210
2024-07-18 09:36:01,40750.0,200,Buy,224121211
2024-07-18 09:36:24,40800.0,100,Buy,224121931
2024-07-18 09:36:24,40800.0,200,Buy,224121924
2024-07-18 09:36:24,40800.0,100,Buy,224121930
2024-07-18 09:36:51,40800.0,100,Buy,224122660
2024-07-18 09:37:12,40800.0,600,Buy,224123193
2024-07-18 09:37:12,40800.0,1000,Buy,224123194
2024-07-18 09:37:12,40800.0,300,Buy,224123195
2024-07-18 09:37:12,40800.0,600,Buy,224123196
2024-07-18 09:37:23,40800.0,2000,Sell,224123515
2024-07-18 09:37:46,40800.0,200,Sell,224124130
2024-07-18 09:37:46,40800.0,200,Sell,224124108
2024-07-18 09:37:46,40800.0,100,Sell,224124107
2024-07-18 09:37:46,40800.0,500,Sell,224124094
2024-07-18 09:37:46,40800.0,200,Sell,224124106
2024-07-18 09:38:24,40850.0,200,Buy,224125223
2024-07-18 09:38:24,40850.0,2500,Buy,224125224
2024-07-18 09:38:24,40850.0,1000,Buy,224125225
2024-07-18 09:38:24,40850.0,600,Buy,224125222
2024-07-18 09:38:26,40850.0,100,Sell,224125268
2024-07-18 09:38:36,40900.0,100,Buy,224125569
2024-07-18 09:38:36,40900.0,100,Buy,224125570
2024-07-18 09:38:36,40900.0,100,Buy,224125571
2024-07-18 09:38:41,40900.0,200,Buy,224125677
2024-07-18 09:38:46,40900.0,200,Buy,224125885
2024-07-18 09:38:46,40900.0,300,Buy,224125883
2024-07-18 09:38:46,40900.0,500,Buy,224125884
2024-07-18 09:38:55,40900.0,500,Buy,224126160
2024-07-18 09:38:55,40900.0,300,Buy,224126175
2024-07-18 09:38:55,40900.0,600,Buy,224126176
2024-07-18 09:38:55,40900.0,600,Buy,224126177
2024-07-18 09:38:55,40900.0,500,Buy,224126178
2024-07-18 09:39:12,40900.0,100,Buy,224126603
2024-07-18 09:39:12,40900.0,900,Buy,224126604
2024-07-18 09:39:40,40900.0,100,Buy,224127201
2024-07-18 09:39:40,40900.0,100,Buy,224127202
2024-07-18 09:39:45,40900.0,900,Buy,224127394
2024-07-18 09:40:01,40900.0,100,Sell,224127786
2024-07-18 09:40:01,40900.0,100,Sell,224127791
2024-07-18 09:40:22,40900.0,1000,Sell,224128330
2024-07-18 09:40:23,40950.0,9100,Buy,224128355
2024-07-18 09:40:23,40950.0,500,Buy,224128356
2024-07-18 09:40:23,40950.0,100,Buy,224128357
2024-07-18 09:40:23,40950.0,300,Buy,224128358
2024-07-18 09:40:23,40950.0,100,Buy,224128359
2024-07-18 09:40:48,40950.0,100,Buy,224129090
2024-07-18 09:40:48,40950.0,200,Buy,224129091
2024-07-18 09:40:48,40950.0,700,Buy,224129092
2024-07-18 09:40:52,40950.0,500,Buy,224129163
2024-07-18 09:41:02,40900.0,300,Sell,224129483
2024-07-18 09:41:11,40950.0,100,Buy,224129681
2024-07-18 09:41:12,40950.0,100,Buy,224129700
2024-07-18 09:41:17,40900.0,100,Sell,224129820
2024-07-18 09:42:10,40900.0,100,Sell,224131192
2024-07-18 09:42:13,40900.0,300,Sell,224131307
2024-07-18 09:42:13,40900.0,100,Sell,224131308
2024-07-18 09:42:13,40900.0,2600,Sell,224131309
2024-07-18 09:42:15,40900.0,500,Sell,224131373
2024-07-18 09:42:22,40900.0,100,Sell,224131589
2024-07-18 09:42:38,40900.0,400,Sell,224132015
2024-07-18 09:42:40,40900.0,300,Sell,224132056
2024-07-18 09:42:40,40900.0,200,Sell,224132055
2024-07-18 09:42:47,40900.0,100,Buy,224132230
2024-07-18 09:43:00,40850.0,500,Sell,224132584
2024-07-18 09:43:02,40850.0,100,Sell,224132628
2024-07-18 09:43:02,40850.0,400,Sell,224132629
2024-07-18 09:43:06,40850.0,600,Sell,224132722
2024-07-18 09:43:06,40850.0,200,Sell,224132723
2024-07-18 09:43:06,40850.0,1000,Sell,224132724
2024-07-18 09:43:06,40850.0,200,Sell,224132725
2024-07-18 09:43:50,40850.0,900,Sell,224133615
2024-07-18 09:44:21,40850.0,100,Sell,224134229
2024-07-18 09:45:45,40850.0,100,Sell,224136184
2024-07-18 09:46:00,40800.0,400,Sell,224136583
2024-07-18 09:46:00,40800.0,600,Sell,224136582
2024-07-18 09:46:19,40800.0,600,Sell,224137147
2024-07-18 09:46:19,40800.0,100,Sell,224137148
2024-07-18 09:46:19,40800.0,1000,Sell,224137149
2024-07-18 09:46:19,40800.0,100,Sell,224137150
2024-07-18 09:46:19,40800.0,500,Sell,224137151
2024-07-18 09:46:19,40800.0,1700,Sell,224137152
2024-07-18 09:46:24,40800.0,300,Sell,224137275
2024-07-18 09:46:24,40800.0,200,Sell,224137276
2024-07-18 09:46:24,40800.0,500,Sell,224137277
2024-07-18 09:46:30,40800.0,500,Sell,224137423
2024-07-18 09:46:40,40800.0,100,Sell,224137657
2024-07-18 09:46:40,40800.0,100,Sell,224137658
2024-07-18 09:46:40,40800.0,300,Sell,224137655
2024-07-18 09:46:40,40800.0,100,Sell,224137656
2024-07-18 09:46:43,40800.0,400,Buy,224137724
2024-07-18 09:46:45,40800.0,400,Sell,224137804
2024-07-18 09:46:48,40800.0,200,Sell,224137862
2024-07-18 09:46:50,40800.0,200,Buy,224137899
2024-07-18 09:47:12,40750.0,200,Sell,224138367
2024-07-18 09:47:19,40650.0,600,Sell,224138507
2024-07-18 09:47:19,40650.0,200,Sell,224138506
2024-07-18 09:47:19,40700.0,500,Sell,224138505
2024-07-18 09:47:19,40700.0,500,Sell,224138504
2024-07-18 09:47:19,40700.0,100,Sell,224138502
2024-07-18 09:47:19,40700.0,100,Sell,224138503
2024-07-18 09:47:19,40700.0,100,Sell,224138500
2024-07-18 09:47:19,40700.0,300,Sell,224138499
2024-07-18 09:47:19,40750.0,400,Sell,224138498
2024-07-18 09:47:19,40750.0,100,Sell,224138497
2024-07-18 09:47:19,40750.0,800,Sell,224138496
2024-07-18 09:47:19,40700.0,100,Sell,224138501
2024-07-18 09:48:33,40700.0,100,Sell,224140081
2024-07-18 09:49:13,40700.0,100,Sell,224141003
2024-07-18 09:50:04,40700.0,400,Sell,224142045
2024-07-18 09:50:10,40700.0,100,Buy,224142186
2024-07-18 09:50:32,40650.0,100,Sell,224142706
2024-07-18 09:50:32,40650.0,100,Sell,224142705
2024-07-18 09:50:32,40650.0,500,Sell,224142710
2024-07-18 09:50:32,40650.0,100,Sell,224142709
2024-07-18 09:50:32,40650.0,100,Sell,224142704
2024-07-18 09:50:32,40650.0,3000,Sell,224142699
2024-07-18 09:50:32,40650.0,1000,Sell,224142702
2024-07-18 09:50:32,40650.0,100,Sell,224142701
2024-07-18 09:50:32,40650.0,5000,Sell,224142700
2024-07-18 09:50:32,40650.0,1400,Sell,224142698
2024-07-18 09:50:32,40650.0,1000,Sell,224142703
2024-07-18 09:50:45,40650.0,1000,Sell,224143112
2024-07-18 09:50:49,40800.0,500,Buy,224143169
2024-07-18 09:50:49,40800.0,1000,Buy,224143170
2024-07-18 09:50:49,40800.0,1000,Buy,224143171
2024-07-18 09:50:49,40800.0,500,Buy,224143172
2024-07-18 09:51:08,40700.0,100,Buy,224143629
2024-07-18 09:51:31,40700.0,100,Buy,224144160
2024-07-18 09:52:01,40700.0,100,Buy,224144794
2024-07-18 09:52:11,40700.0,100,Buy,224145053
2024-07-18 09:52:17,40700.0,100,Buy,224145159
2024-07-18 09:52:33,40700.0,100,Buy,224145590
2024-07-18 09:52:50,40700.0,100,Buy,224146033
2024-07-18 09:52:52,40650.0,500,Sell,224146063
2024-07-18 09:53:13,40650.0,500,Sell,224146577
2024-07-18 09:53:13,40650.0,300,Sell,224146575
2024-07-18 09:53:13,40650.0,100,Sell,224146576
2024-07-18 09:53:13,40650.0,100,Sell,224146573
2024-07-18 09:53:13,40650.0,100,Sell,224146572
2024-07-18 09:53:13,40650.0,500,Sell,224146570
2024-07-18 09:53:13,40650.0,100,Sell,224146574
2024-07-18 09:53:14,40650.0,1800,Buy,224146606
2024-07-18 09:53:53,40650.0,1200,Sell,224147470
2024-07-18 09:53:53,40650.0,200,Sell,224147471
2024-07-18 09:53:53,40650.0,300,Sell,224147472
2024-07-18 09:53:53,40650.0,100,Sell,224147473
2024-07-18 09:53:53,40650.0,200,Sell,224147474
2024-07-18 09:54:01,40600.0,200,Sell,224147661
2024-07-18 09:54:01,40600.0,4800,Sell,224147662
2024-07-18 09:54:18,40600.0,500,Sell,224147998
2024-07-18 09:54:28,40600.0,200,Sell,224148225
2024-07-18 09:54:31,40600.0,3300,Sell,224148283
2024-07-18 09:54:42,40650.0,4500,Buy,224148493
2024-07-18 09:54:42,40650.0,500,Buy,224148494
2024-07-18 09:54:52,40650.0,100,Buy,224148769
2024-07-18 09:55:32,40650.0,500,Sell,224149660
2024-07-18 09:55:51,40600.0,800,Sell,224150083
2024-07-18 09:56:13,40600.0,300,Sell,224150665
2024-07-18 09:56:16,40650.0,500,Buy,224150718
2024-07-18 09:56:16,40650.0,1100,Buy,224150719
2024-07-18 09:56:51,40650.0,100,Buy,224151518
2024-07-18 09:56:57,40650.0,100,Buy,224151661
2024-07-18 09:57:04,40650.0,100,Sell,224151799
2024-07-18 09:58:12,40650.0,900,Buy,224153219
2024-07-18 09:58:12,40650.0,100,Buy,224153220
2024-07-18 09:58:15,40650.0,200,Buy,224153282
2024-07-18 09:58:15,40650.0,200,Buy,224153280
2024-07-18 09:58:15,40650.0,100,Buy,224153281
2024-07-18 09:58:25,40650.0,100,Sell,224153554
2024-07-18 09:58:25,40650.0,100,Sell,224153555
2024-07-18 09:58:43,40650.0,400,Buy,224154002
2024-07-18 09:58:44,40650.0,300,Sell,224154022
2024-07-18 09:58:45,40600.0,100,Sell,224154028
2024-07-18 09:58:45,40600.0,3000,Sell,224154032
2024-07-18 09:58:45,40600.0,2700,Sell,224154033
2024-07-18 09:58:51,40650.0,100,Buy,224154178
2024-07-18 09:58:59,40600.0,2300,Sell,224154361
2024-07-18 09:58:59,40600.0,100,Sell,224154362
2024-07-18 09:58:59,40600.0,600,Sell,224154365
2024-07-18 09:59:02,40600.0,200,Sell,224154400
2024-07-18 09:59:02,40600.0,100,Sell,224154398
2024-07-18 09:59:02,40600.0,200,Sell,224154399
2024-07-18 10:00:49,40600.0,1000,Sell,224157287
2024-07-18 10:01:03,40650.0,200,Buy,224157618
2024-07-18 10:01:38,40600.0,2200,Sell,224158639
2024-07-18 10:01:38,40600.0,100,Sell,224158638
2024-07-18 10:01:38,40600.0,3700,Sell,224158637
2024-07-18 10:01:38,40600.0,100,Sell,224158636
2024-07-18 10:01:38,40600.0,100,Sell,224158635
2024-07-18 10:01:38,40600.0,100,Sell,224158634
2024-07-18 10:01:38,40600.0,1000,Sell,224158633
2024-07-18 10:01:38,40600.0,2000,Sell,224158632
2024-07-18 10:01:38,40600.0,1000,Sell,224158630
2024-07-18 10:01:38,40600.0,400,Sell,224158624
2024-07-18 10:01:38,40600.0,300,Sell,224158625
2024-07-18 10:01:38,40600.0,100,Sell,224158626
2024-07-18 10:01:38,40600.0,100,Sell,224158631
2024-07-18 10:01:38,40600.0,200,Sell,224158628
2024-07-18 10:01:38,40600.0,100,Sell,224158629
2024-07-18 10:01:38,40600.0,500,Sell,224158627
2024-07-18 10:02:28,40600.0,1200,Sell,224159864
2024-07-18 10:02:57,40600.0,100,Sell,224160431
2024-07-18 10:03:19,40600.0,100,Sell,224160921
2024-07-18 10:03:23,40600.0,600,Sell,224160992
2024-07-18 10:03:23,40600.0,2000,Sell,224160991
2024-07-18 10:03:23,40600.0,100,Sell,224160990
2024-07-18 10:03:23,40600.0,100,Sell,224160988
2024-07-18 10:03:23,40600.0,10000,Sell,224160989
2024-07-18 10:03:23,40600.0,400,Sell,224160987
2024-07-18 10:03:29,40550.0,100,Sell,224161128
2024-07-18 10:03:29,40550.0,100,Sell,224161132
2024-07-18 10:03:29,40550.0,100,Sell,224161131
2024-07-18 10:03:29,40550.0,200,Sell,224161130
2024-07-18 10:03:29,40550.0,100,Sell,224161129
2024-07-18 10:03:29,40550.0,100,Sell,224161126
2024-07-18 10:03:29,40550.0,200,Sell,224161125
2024-07-18 10:03:29,40550.0,100,Sell,224161124
2024-07-18 10:03:29,40550.0,500,Sell,224161123
2024-07-18 10:03:29,40550.0,100,Sell,224161122
2024-07-18 10:03:29,40550.0,9800,Sell,224161121
2024-07-18 10:03:29,40550.0,10000,Sell,224161127
2024-07-18 10:03:39,40500.0,500,Sell,224161308
2024-07-18 10:03:39,40500.0,100,Sell,224161306
2024-07-18 10:03:39,40500.0,1000,Sell,224161305
2024-07-18 10:03:39,40500.0,500,Sell,224161304
2024-07-18 10:03:39,40500.0,100,Sell,224161303
2024-07-18 10:03:39,40500.0,300,Sell,224161302
2024-07-18 10:03:39,40500.0,300,Sell,224161301
2024-07-18 10:03:39,40500.0,100,Sell,224161300
2024-07-18 10:03:39,40500.0,500,Sell,224161307
2024-07-18 10:03:39,40500.0,100,Sell,224161298
2024-07-18 10:03:39,40500.0,100,Sell,224161297
2024-07-18 10:03:39,40500.0,1000,Sell,224161296
2024-07-18 10:03:39,40500.0,100,Sell,224161295
2024-07-18 10:03:39,40500.0,200,Sell,224161294
2024-07-18 10:03:39,40500.0,2000,Sell,224161293
2024-07-18 10:03:39,40500.0,500,Sell,224161292
2024-07-18 10:03:39,40500.0,200,Sell,224161291
2024-07-18 10:03:39,40500.0,3100,Sell,224161290
2024-07-18 10:03:39,40500.0,500,Sell,224161299
2024-07-18 10:03:40,40500.0,100,Sell,224161327
2024-07-18 10:03:40,40500.0,100,Sell,224161325
2024-07-18 10:03:40,40500.0,500,Sell,224161324
2024-07-18 10:03:40,40500.0,100,Sell,224161326
2024-07-18 10:03:40,40500.0,200,Sell,224161322
2024-07-18 10:03:40,40500.0,100,Sell,224161321
2024-07-18 10:03:40,40500.0,1000,Sell,224161320
2024-07-18 10:03:40,40500.0,1000,Sell,224161323
2024-07-18 10:04:18,40600.0,100,Buy,224162175
2024-07-18 10:05:48,40500.0,100,Sell,224164162
2024-07-18 10:05:48,40500.0,300,Sell,224164163
2024-07-18 10:05:48,40500.0,500,Sell,224164164
2024-07-18 10:05:48,40500.0,100,Sell,224164165
2024-07-18 10:06:20,40600.0,300,Buy,224164805
2024-07-18 10:06:20,40600.0,3000,Buy,224164804
2024-07-18 10:06:20,40600.0,200,Buy,224164801
2024-07-18 10:06:20,40600.0,1000,Buy,224164802
2024-07-18 10:06:20,40600.0,8400,Buy,224164803
2024-07-18 10:07:23,40550.0,100,Sell,224166345
2024-07-18 10:07:50,40550.0,200,Sell,224166967
2024-07-18 10:07:56,40550.0,300,Buy,224167177
2024-07-18 10:08:50,40550.0,100,Sell,224168882
2024-07-18 10:08:50,40550.0,200,Sell,224168881
2024-07-18 10:08:50,40550.0,200,Sell,224168880
2024-07-18 10:09:29,40550.0,500,Sell,224169960
2024-07-18 10:09:31,40550.0,500,Sell,224169974
2024-07-18 10:09:31,40550.0,300,Sell,224169975
2024-07-18 10:09:31,40550.0,300,Sell,224169976
2024-07-18 10:09:31,40550.0,100,Sell,224169973
2024-07-18 10:09:48,40550.0,200,Sell,224170650
2024-07-18 10:09:48,40550.0,100,Sell,224170651
2024-07-18 10:09:48,40550.0,100,Sell,224170652
2024-07-18 10:09:48,40550.0,100,Sell,224170653
2024-07-18 10:09:54,40550.0,200,Sell,224170956
2024-07-18 10:10:13,40550.0,300,Buy,224171559
2024-07-18 10:10:37,40550.0,100,Buy,224172179
2024-07-18 10:10:49,40550.0,100,Buy,224172495
2024-07-18 10:11:04,40550.0,300,Buy,224172860
2024-07-18 10:11:04,40550.0,100,Buy,224172861
2024-07-18 10:11:04,40550.0,100,Buy,224172859
2024-07-18 10:11:10,40550.0,500,Buy,224173023
2024-07-18 10:11:21,40550.0,2000,Buy,224173331
2024-07-18 10:11:44,40550.0,200,Sell,224174118
2024-07-18 10:11:48,40550.0,1000,Sell,224174314
2024-07-18 10:12:08,40550.0,100,Sell,224174863
2024-07-18 10:12:08,40550.0,500,Sell,224174860
2024-07-18 10:12:08,40550.0,400,Sell,224174861
2024-07-18 10:12:08,40550.0,100,Sell,224174862
2024-07-18 10:12:29,40500.0,200,Sell,224175423
2024-07-18 10:12:29,40500.0,100,Sell,224175422
2024-07-18 10:12:34,40500.0,100,Sell,224175600
2024-07-18 10:12:34,40500.0,500,Sell,224175601
2024-07-18 10:12:34,40500.0,200,Sell,224175602
2024-07-18 10:12:34,40500.0,500,Sell,224175603
2024-07-18 10:12:34,40500.0,200,Sell,224175604
2024-07-18 10:12:39,40500.0,800,Sell,224175692
2024-07-18 10:12:39,40500.0,200,Sell,224175693
2024-07-18 10:12:39,40500.0,100,Sell,224175694
2024-07-18 10:12:39,40500.0,200,Sell,224175695
2024-07-18 10:12:39,40500.0,100,Sell,224175696
2024-07-18 10:12:39,40500.0,100,Sell,224175697
2024-07-18 10:12:56,40500.0,100,Sell,224176209
2024-07-18 10:12:57,40550.0,1000,Buy,224176236
2024-07-18 10:13:55,40550.0,100,Buy,224177789
2024-07-18 10:13:55,40550.0,100,Buy,224177790
2024-07-18 10:14:06,40500.0,400,Sell,224178024
2024-07-18 10:14:06,40500.0,100,Sell,224178025
2024-07-18 10:14:18,40500.0,400,Sell,224178351
2024-07-18 10:14:18,40500.0,100,Sell,224178352
2024-07-18 10:14:19,40500.0,600,Sell,224178381
2024-07-18 10:14:19,40500.0,500,Sell,224178380
2024-07-18 10:14:19,40500.0,400,Sell,224178379
2024-07-18 10:14:19,40500.0,2000,Sell,224178378
2024-07-18 10:14:19,40500.0,900,Sell,224178376
2024-07-18 10:14:19,40500.0,500,Sell,224178377
2024-07-18 10:14:19,40500.0,500,Sell,224178375
2024-07-18 10:14:19,40500.0,200,Sell,224178371
2024-07-18 10:14:19,40500.0,100,Sell,224178373
2024-07-18 10:14:19,40500.0,100,Sell,224178367
2024-07-18 10:14:19,40500.0,100,Sell,224178368
2024-07-18 10:14:19,40500.0,2000,Sell,224178374
2024-07-18 10:14:19,40500.0,100,Sell,224178370
2024-07-18 10:14:19,40500.0,500,Sell,224178372
2024-07-18 10:14:19,40500.0,500,Sell,224178369
2024-07-18 10:14:24,40500.0,1000,Sell,224178617
2024-07-18 10:14:48,40550.0,3900,Buy,224179169
2024-07-18 10:14:48,40550.0,1000,Buy,224179170
2024-07-18 10:14:48,40550.0,800,Buy,224179171
2024-07-18 10:14:48,40550.0,1300,Buy,224179172
2024-07-18 10:15:06,40550.0,700,Buy,224179724
2024-07-18 10:15:06,40550.0,1300,Buy,224179725
2024-07-18 10:15:08,40500.0,1000,Sell,224179759
2024-07-18 10:15:17,40550.0,100,Buy,224180014
2024-07-18 10:16:11,40600.0,1000,Buy,224181362
2024-07-18 10:16:19,40600.0,300,Buy,224181664
2024-07-18 10:16:19,40600.0,400,Buy,224181665
2024-07-18 10:16:19,40600.0,300,Buy,224181666
2024-07-18 10:16:42,40600.0,2700,Buy,224182229
2024-07-18 10:16:42,40600.0,300,Buy,224182230
2024-07-18 10:17:27,40550.0,400,Sell,224183314
2024-07-18 10:18:01,40550.0,100,Sell,224184030
2024-07-18 10:18:46,40550.0,500,Sell,224185037
2024-07-18 10:19:10,40550.0,100,Sell,224185566
2024-07-18 10:19:36,40550.0,400,Sell,224186221
2024-07-18 10:19:36,40550.0,1000,Sell,224186222
2024-07-18 10:19:36,40550.0,1000,Sell,224186223
2024-07-18 10:19:36,40550.0,1000,Sell,224186224
2024-07-18 10:19:36,40550.0,100,Sell,224186225
2024-07-18 10:20:36,40600.0,200,Buy,224187498
2024-07-18 10:20:48,40600.0,3000,Buy,224187821
2024-07-18 10:21:25,40550.0,700,Sell,224188691
2024-07-18 10:21:25,40550.0,100,Sell,224188690
2024-07-18 10:21:25,40550.0,4000,Sell,224188689
2024-07-18 10:21:25,40550.0,100,Sell,224188687
2024-07-18 10:21:25,40550.0,600,Sell,224188686
2024-07-18 10:21:25,40550.0,500,Sell,224188688
2024-07-18 10:21:51,40550.0,1200,Sell,224189233
2024-07-18 10:22:37,40600.0,300,Buy,224190148
2024-07-18 10:22:59,40600.0,100,Buy,224190596
2024-07-18 10:23:05,40600.0,400,Buy,224190693
2024-07-18 10:23:32,40600.0,200,Buy,224191172
2024-07-18 10:23:35,40600.0,100,Buy,224191220
2024-07-18 10:23:57,40600.0,400,Buy,224191661
2024-07-18 10:23:57,40600.0,100,Buy,224191662
2024-07-18 10:24:28,40600.0,100,Buy,224192287
2024-07-18 10:25:02,40600.0,200,Buy,224193056
2024-07-18 10:25:14,40600.0,700,Buy,224193328
2024-07-18 10:25:35,40600.0,100,Buy,224193646
2024-07-18 10:25:49,40600.0,100,Buy,224193940
2024-07-18 10:25:54,40600.0,300,Buy,224194025
2024-07-18 10:26:32,40600.0,500,Buy,224194708
2024-07-18 10:26:40,40600.0,200,Buy,224194827
2024-07-18 10:26:40,40600.0,300,Buy,224194828
2024-07-18 10:26:47,40600.0,1000,Buy,224195025
2024-07-18 10:27:00,40600.0,300,Buy,224195183
2024-07-18 10:27:03,40600.0,500,Buy,224195255
2024-07-18 10:27:06,40600.0,1500,Buy,224195312
2024-07-18 10:27:12,40600.0,100,Buy,224195375
2024-07-18 10:27:21,40600.0,400,Buy,224195583
2024-07-18 10:27:30,40600.0,1100,Buy,224195771
2024-07-18 10:27:30,40600.0,300,Buy,224195773
2024-07-18 10:27:30,40600.0,600,Buy,224195774
2024-07-18 10:27:45,40600.0,400,Buy,224195997
2024-07-18 10:27:45,40600.0,200,Buy,224195998
2024-07-18 10:28:27,40600.0,100,Buy,224196761
2024-07-18 10:28:35,40600.0,500,Buy,224196914
2024-07-18 10:28:41,40600.0,200,Buy,224197014
2024-07-18 10:28:41,40600.0,5800,Buy,224197015
2024-07-18 10:29:02,40600.0,2000,Buy,224197362
2024-07-18 10:29:49,40600.0,100,Buy,224198326
2024-07-18 10:29:50,40600.0,100,Buy,224198365
2024-07-18 10:30:16,40600.0,300,Buy,224198828
2024-07-18 10:30:22,40550.0,300,Sell,224198934
2024-07-18 10:30:22,40550.0,600,Sell,224198933
2024-07-18 10:30:22,40550.0,100,Sell,224198932
2024-07-18 10:30:22,40550.0,100,Sell,224198928
2024-07-18 10:30:22,40550.0,100,Sell,224198930
2024-07-18 10:30:22,40550.0,200,Sell,224198931
2024-07-18 10:30:22,40550.0,500,Sell,224198927
2024-07-18 10:30:22,40550.0,100,Sell,224198929
2024-07-18 10:31:20,40550.0,500,Sell,224200163
2024-07-18 10:31:20,40550.0,100,Sell,224200168
2024-07-18 10:31:58,40550.0,100,Sell,224200862
2024-07-18 10:31:58,40550.0,200,Sell,224200863
2024-07-18 10:31:58,40550.0,1000,Sell,224200864
2024-07-18 10:31:58,40550.0,100,Sell,224200865
2024-07-18 10:31:58,40550.0,5600,Sell,224200866
2024-07-18 10:32:11,40550.0,500,Sell,224201058
2024-07-18 10:32:13,40600.0,300,Buy,224201092
2024-07-18 10:32:35,40600.0,100,Buy,224201514
2024-07-18 10:32:54,40550.0,3900,Sell,224201795
2024-07-18 10:32:54,40550.0,100,Sell,224201796
2024-07-18 10:32:59,40600.0,100,Buy,224201926
2024-07-18 10:33:20,40600.0,400,Buy,224202238
2024-07-18 10:34:52,40550.0,200,Sell,224204192
2024-07-18 10:34:52,40550.0,100,Sell,224204191
2024-07-18 10:34:52,40550.0,1000,Sell,224204190
2024-07-18 10:34:52,40550.0,2000,Sell,224204189
2024-07-18 10:34:52,40550.0,300,Sell,224204187
2024-07-18 10:34:52,40550.0,10000,Sell,224204188
2024-07-18 10:34:52,40550.0,200,Sell,224204186
2024-07-18 10:35:01,40550.0,500,Sell,224204346
2024-07-18 10:35:01,40550.0,300,Sell,224204344
2024-07-18 10:35:01,40550.0,200,Sell,224204345
2024-07-18 10:35:12,40550.0,100,Sell,224204502
2024-07-18 10:35:39,40600.0,1100,Buy,224205041
2024-07-18 10:36:03,40550.0,300,Sell,224205371
2024-07-18 10:36:03,40550.0,100,Sell,224205372
2024-07-18 10:36:20,40550.0,100,Sell,224205746
2024-07-18 10:37:16,40550.0,100,Sell,224206712
2024-07-18 10:37:18,40550.0,400,Sell,224206764
2024-07-18 10:37:18,40550.0,500,Sell,224206763
2024-07-18 10:37:18,40550.0,700,Sell,224206761
2024-07-18 10:37:18,40550.0,200,Sell,224206762
2024-07-18 10:37:19,40550.0,600,Sell,224206771
2024-07-18 10:37:51,40550.0,100,Buy,224207483
2024-07-18 10:37:56,40550.0,500,Buy,224207541
2024-07-18 10:38:18,40550.0,100,Buy,224207879
2024-07-18 10:38:42,40500.0,1000,Sell,224208161
2024-07-18 10:38:52,40500.0,700,Sell,224208318
2024-07-18 10:39:31,40500.0,300,Sell,224209112
2024-07-18 10:40:12,40500.0,200,Sell,224209678
2024-07-18 10:40:12,40550.0,100,Buy,224209675
2024-07-18 10:40:41,40550.0,100,Buy,224210205
2024-07-18 10:41:17,40550.0,300,Buy,224210709
2024-07-18 10:41:24,40500.0,700,Sell,224210801
2024-07-18 10:42:14,40500.0,100,Sell,224211469
2024-07-18 10:42:16,40500.0,2200,Sell,224211495
2024-07-18 10:42:26,40550.0,100,Buy,224211643
2024-07-18 10:43:03,40550.0,100,Buy,224212116
2024-07-18 10:43:14,40500.0,500,Sell,224212295
2024-07-18 10:43:14,40500.0,300,Sell,224212294
2024-07-18 10:43:14,40500.0,200,Sell,224212293
2024-07-18 10:43:14,40500.0,1000,Sell,224212290
2024-07-18 10:43:14,40500.0,1000,Sell,224212289
2024-07-18 10:43:14,40500.0,2200,Sell,224212288
2024-07-18 10:43:14,40500.0,200,Sell,224212291
2024-07-18 10:43:14,40500.0,100,Sell,224212292
2024-07-18 10:44:14,40500.0,900,Sell,224213049
2024-07-18 10:45:38,40550.0,500,Buy,224214050
2024-07-18 10:45:38,40550.0,900,Buy,224214044
2024-07-18 10:45:38,40550.0,100,Buy,224214045
2024-07-18 10:45:38,40550.0,2000,Buy,224214046
2024-07-18 10:45:38,40550.0,800,Buy,224214047
2024-07-18 10:45:38,40550.0,500,Buy,224214048
2024-07-18 10:45:38,40550.0,200,Buy,224214049
2024-07-18 10:45:41,40500.0,2000,Sell,224214081
2024-07-18 10:45:55,40500.0,300,Sell,224214291
2024-07-18 10:46:12,40500.0,600,Sell,224214469
2024-07-18 10:46:33,40500.0,500,Sell,224214745
2024-07-18 10:47:29,40500.0,800,Sell,224215497
2024-07-18 10:47:55,40500.0,3000,Sell,224215840
2024-07-18 10:48:13,40550.0,500,Buy,224216092
2024-07-18 10:48:13,40550.0,500,Buy,224216093
2024-07-18 10:48:15,40500.0,1400,Sell,224216116
2024-07-18 10:48:16,40500.0,500,Sell,224216134
2024-07-18 10:48:16,40500.0,1000,Sell,224216133
2024-07-18 10:48:16,40500.0,100,Sell,224216132
2024-07-18 10:48:16,40500.0,200,Sell,224216131
2024-07-18 10:48:16,40500.0,200,Sell,224216130
2024-07-18 10:48:16,40500.0,2000,Sell,224216129
2024-07-18 10:48:16,40500.0,500,Sell,224216127
2024-07-18 10:48:16,40500.0,400,Sell,224216128
2024-07-18 10:48:16,40500.0,400,Sell,224216125
2024-07-18 10:48:16,40500.0,1200,Sell,224216126
2024-07-18 10:48:16,40500.0,300,Sell,224216119
2024-07-18 10:48:16,40500.0,100,Sell,224216120
2024-07-18 10:48:16,40500.0,1000,Sell,224216121
2024-07-18 10:48:16,40500.0,300,Sell,224216118
2024-07-18 10:48:16,40500.0,200,Sell,224216123
2024-07-18 10:48:16,40500.0,100,Sell,224216124
2024-07-18 10:48:16,40500.0,100,Sell,224216122
2024-07-18 10:48:35,40500.0,400,Sell,224216465
2024-07-18 10:49:05,40500.0,200,Sell,224216917
2024-07-18 10:49:05,40500.0,200,Sell,224216925
2024-07-18 10:49:05,40500.0,300,Sell,224216924
2024-07-18 10:49:05,40500.0,100,Sell,224216923
2024-07-18 10:49:05,40500.0,300,Sell,224216922
2024-07-18 10:49:05,40500.0,1200,Sell,224216921
2024-07-18 10:49:05,40500.0,400,Sell,224216920
2024-07-18 10:49:05,40500.0,100,Sell,224216919
2024-07-18 10:49:05,40500.0,100,Sell,224216918
2024-07-18 10:49:05,40500.0,100,Sell,224216916
2024-07-18 10:49:05,40500.0,800,Sell,224216910
2024-07-18 10:49:05,40500.0,300,Sell,224216914
2024-07-18 10:49:05,40500.0,200,Sell,224216915
2024-07-18 10:49:05,40500.0,300,Sell,224216905
2024-07-18 10:49:05,40500.0,1000,Sell,224216906
2024-07-18 10:49:05,40500.0,100,Sell,224216907
2024-07-18 10:49:05,40500.0,100,Sell,224216908
2024-07-18 10:49:05,40500.0,2100,Sell,224216904
2024-07-18 10:49:05,40500.0,400,Sell,224216911
2024-07-18 10:49:05,40500.0,200,Sell,224216912
2024-07-18 10:49:05,40500.0,500,Sell,224216913
2024-07-18 10:49:05,40500.0,200,Sell,224216909
2024-07-18 10:49:30,40500.0,300,Buy,224217342
2024-07-18 10:49:53,40500.0,100,Buy,224217620
2024-07-18 10:50:02,40400.0,1000,Sell,224217803
2024-07-18 10:50:02,40400.0,100,Sell,224217804
2024-07-18 10:50:02,40400.0,100,Sell,224217805
2024-07-18 10:50:02,40400.0,100,Sell,224217806
2024-07-18 10:50:02,40400.0,500,Sell,224217807
2024-07-18 10:50:02,40400.0,200,Sell,224217808
2024-07-18 10:50:02,40400.0,500,Sell,224217816
2024-07-18 10:50:02,40400.0,100,Sell,224217815
2024-07-18 10:50:02,40400.0,1000,Sell,224217817
2024-07-18 10:50:02,40400.0,100,Sell,224217818
2024-07-18 10:50:02,40400.0,100,Sell,224217819
2024-07-18 10:50:02,40400.0,100,Sell,224217814
2024-07-18 10:50:02,40400.0,200,Sell,224217802
2024-07-18 10:50:02,40450.0,100,Sell,224217787
2024-07-18 10:50:02,40400.0,200,Sell,224217800
2024-07-18 10:50:02,40400.0,100,Sell,224217799
2024-07-18 10:50:02,40400.0,100,Sell,224217798
2024-07-18 10:50:02,40450.0,100,Sell,224217797
2024-07-18 10:50:02,40450.0,100,Sell,224217796
2024-07-18 10:50:02,40450.0,100,Sell,224217795
2024-07-18 10:50:02,40450.0,200,Sell,224217794
2024-07-18 10:50:02,40450.0,100,Sell,224217793
2024-07-18 10:50:02,40450.0,200,Sell,224217792
2024-07-18 10:50:02,40450.0,1000,Sell,224217791
2024-07-18 10:50:02,40450.0,100,Sell,224217790
2024-07-18 10:50:02,40450.0,200,Sell,224217789
2024-07-18 10:50:02,40450.0,100,Sell,224217788
2024-07-18 10:50:02,40400.0,100,Sell,224217801
2024-07-18 10:50:23,40300.0,500,Sell,224218099
2024-07-18 10:50:23,40300.0,100,Sell,224218098
2024-07-18 10:50:23,40350.0,200,Sell,224218097
2024-07-18 10:50:23,40350.0,200,Sell,224218095
2024-07-18 10:50:23,40350.0,100,Sell,224218094
2024-07-18 10:50:23,40350.0,100,Sell,224218093
2024-07-18 10:50:23,40350.0,1000,Sell,224218096
2024-07-18 10:50:56,40300.0,100,Sell,224218496
2024-07-18 10:51:10,40300.0,500,Sell,224218713
2024-07-18 10:51:10,40300.0,500,Sell,224218714
2024-07-18 10:51:18,40300.0,100,Sell,224218814
2024-07-18 10:51:18,40300.0,100,Sell,224218813
2024-07-18 10:51:18,40300.0,100,Sell,224218812
2024-07-18 10:51:18,40300.0,100,Sell,224218809
2024-07-18 10:51:18,40300.0,300,Sell,224218810
2024-07-18 10:51:18,40300.0,100,Sell,224218808
2024-07-18 10:51:18,40300.0,100,Sell,224218807
2024-07-18 10:51:18,40300.0,100,Sell,224218811
2024-07-18 10:51:20,40300.0,300,Sell,224218831
2024-07-18 10:51:20,40300.0,100,Sell,224218832
2024-07-18 10:51:20,40300.0,100,Sell,224218833
2024-07-18 10:51:26,40400.0,5000,Buy,224218950
2024-07-18 10:51:32,40300.0,200,Sell,224219026
2024-07-18 10:51:32,40300.0,400,Sell,224219027
2024-07-18 10:51:32,40300.0,400,Sell,224219025
2024-07-18 10:51:46,40300.0,500,Sell,224219205
2024-07-18 10:52:04,40400.0,500,Buy,224219536
2024-07-18 10:52:20,40400.0,200,Buy,224219779
2024-07-18 10:52:40,40400.0,200,Buy,224220103
2024-07-18 10:52:48,40400.0,400,Buy,224220202
2024-07-18 10:52:56,40400.0,100,Buy,224220318
2024-07-18 10:52:56,40400.0,100,Buy,224220319
2024-07-18 10:53:06,40400.0,200,Buy,224220462
2024-07-18 10:53:08,40300.0,100,Sell,224220477
2024-07-18 10:53:20,40350.0,200,Sell,224220645
2024-07-18 10:54:00,40350.0,300,Sell,224221070
2024-07-18 10:55:16,40350.0,200,Sell,224221970
2024-07-18 10:56:00,40400.0,500,Buy,224222552
2024-07-18 10:56:06,40400.0,100,Buy,224222619
2024-07-18 10:56:35,40400.0,100,Buy,224222994
2024-07-18 10:56:37,40400.0,1700,Buy,224223016
2024-07-18 10:56:37,40400.0,300,Buy,224223017
2024-07-18 10:56:58,40350.0,100,Sell,224223325
2024-07-18 10:57:01,40350.0,300,Sell,224223382
2024-07-18 10:57:01,40350.0,100,Sell,224223381
2024-07-18 10:57:01,40350.0,200,Sell,224223378
2024-07-18 10:57:01,40350.0,100,Sell,224223379
2024-07-18 10:57:01,40350.0,500,Sell,224223380
2024-07-18 10:57:01,40350.0,200,Sell,224223377
2024-07-18 10:58:01,40350.0,100,Buy,224224194
2024-07-18 10:58:08,40300.0,700,Sell,224224275
2024-07-18 10:58:09,40300.0,500,Sell,224224308
2024-07-18 10:58:09,40300.0,200,Sell,224224311
2024-07-18 10:58:09,40300.0,100,Sell,224224310
2024-07-18 10:58:09,40300.0,100,Sell,224224309
2024-07-18 10:58:09,40300.0,1000,Sell,224224307
2024-07-18 10:58:09,40300.0,200,Sell,224224305
2024-07-18 10:58:09,40300.0,1300,Sell,224224302
2024-07-18 10:58:09,40300.0,300,Sell,224224306
2024-07-18 10:58:09,40300.0,100,Sell,224224304
2024-07-18 10:58:09,40300.0,200,Sell,224224303
2024-07-18 10:58:14,40300.0,100,Sell,224224402
2024-07-18 10:58:14,40300.0,200,Sell,224224403
2024-07-18 10:58:43,40300.0,2700,Buy,224224898
2024-07-18 10:58:52,40250.0,100,Sell,224225055
2024-07-18 10:58:52,40250.0,200,Sell,224225053
2024-07-18 10:58:52,40250.0,700,Sell,224225056
2024-07-18 10:58:52,40250.0,100,Sell,224225051
2024-07-18 10:58:52,40300.0,1300,Sell,224225050
2024-07-18 10:58:52,40250.0,200,Sell,224225052
2024-07-18 10:58:52,40250.0,100,Sell,224225054
2024-07-18 10:58:55,40300.0,1000,Buy,224225109
2024-07-18 10:58:58,40300.0,100,Buy,224225151
2024-07-18 10:59:27,40300.0,200,Buy,224225504
2024-07-18 10:59:31,40300.0,700,Buy,224225579
2024-07-18 11:00:04,40300.0,200,Sell,224226040
2024-07-18 11:00:04,40300.0,100,Sell,224226041
2024-07-18 11:00:04,40300.0,2800,Sell,224226042
2024-07-18 11:00:04,40300.0,200,Sell,224226043
2024-07-18 11:00:06,40300.0,400,Buy,224226070
2024-07-18 11:00:09,40300.0,100,Buy,224226132
2024-07-18 11:00:45,40300.0,100,Buy,224226596
2024-07-18 11:01:23,40250.0,1300,Sell,224227522
2024-07-18 11:01:23,40150.0,200,Sell,224227542
2024-07-18 11:01:23,40150.0,200,Sell,224227543
2024-07-18 11:01:23,40150.0,100,Sell,224227544
2024-07-18 11:01:23,40150.0,100,Sell,224227545
2024-07-18 11:01:23,40100.0,500,Sell,224227547
2024-07-18 11:01:23,40100.0,5000,Sell,224227548
2024-07-18 11:01:23,40100.0,500,Sell,224227549
2024-07-18 11:01:23,40100.0,100,Sell,224227550
2024-07-18 11:01:23,40100.0,300,Sell,224227551
2024-07-18 11:01:23,40100.0,500,Sell,224227552
2024-07-18 11:01:23,40100.0,500,Sell,224227553
2024-07-18 11:01:23,40100.0,300,Sell,224227554
2024-07-18 11:01:23,40100.0,1000,Sell,224227555
2024-07-18 11:01:23,40100.0,2800,Sell,224227556
2024-07-18 11:01:23,40150.0,2000,Sell,224227541
2024-07-18 11:01:23,40200.0,100,Sell,224227540
2024-07-18 11:01:23,40100.0,100,Sell,224227546
2024-07-18 11:01:23,40200.0,1000,Sell,224227538
2024-07-18 11:01:23,40200.0,500,Sell,224227539
2024-07-18 11:01:23,40250.0,1000,Sell,224227524
2024-07-18 11:01:23,40250.0,300,Sell,224227525
2024-07-18 11:01:23,40250.0,100,Sell,224227526
2024-07-18 11:01:23,40250.0,500,Sell,224227527
2024-07-18 11:01:23,40200.0,100,Sell,224227528
2024-07-18 11:01:23,40200.0,500,Sell,224227529
2024-07-18 11:01:23,40250.0,200,Sell,224227523
2024-07-18 11:01:23,40200.0,200,Sell,224227531
2024-07-18 11:01:23,40200.0,100,Sell,224227532
2024-07-18 11:01:23,40200.0,400,Sell,224227533
2024-07-18 11:01:23,40200.0,200,Sell,224227534
2024-07-18 11:01:23,40200.0,5000,Sell,224227535
2024-07-18 11:01:23,40200.0,4000,Sell,224227536
2024-07-18 11:01:23,40200.0,100,Sell,224227537
2024-07-18 11:01:23,40200.0,500,Sell,224227530
2024-07-18 11:02:10,40100.0,1000,Buy,224228313
2024-07-18 11:02:10,40100.0,300,Buy,224228325
2024-07-18 11:02:12,40100.0,100,Buy,224228378
2024-07-18 11:02:26,40100.0,800,Buy,224228653
2024-07-18 11:02:26,40100.0,100,Buy,224228654
2024-07-18 11:02:37,40150.0,100,Sell,224228889
2024-07-18 11:02:37,40100.0,100,Sell,224228891
2024-07-18 11:02:37,40100.0,2000,Sell,224228892
2024-07-18 11:02:37,40100.0,500,Sell,224228893
2024-07-18 11:02:37,40050.0,5000,Sell,224228894
2024-07-18 11:02:37,40050.0,3900,Sell,224228895
2024-07-18 11:02:38,40050.0,8000,Buy,224228909
2024-07-18 11:02:38,40050.0,200,Sell,224228906
2024-07-18 11:02:38,40050.0,5000,Sell,224228905
2024-07-18 11:02:38,40050.0,1000,Sell,224228902
2024-07-18 11:02:38,40050.0,300,Sell,224228903
2024-07-18 11:02:38,40050.0,2000,Sell,224228904
2024-07-18 11:02:38,40050.0,1100,Sell,224228901
2024-07-18 11:02:41,40100.0,100,Buy,224228951
2024-07-18 11:02:45,40100.0,700,Buy,224229021
2024-07-18 11:02:58,40100.0,200,Buy,224229405
2024-07-18 11:03:07,40100.0,100,Buy,224229557
2024-07-18 11:03:11,40100.0,2000,Buy,224229630
2024-07-18 11:03:12,40100.0,100,Buy,224229677
2024-07-18 11:03:13,40100.0,200,Buy,224229691
2024-07-18 11:03:13,40100.0,1100,Buy,224229692
2024-07-18 11:03:19,40100.0,900,Buy,224229854
2024-07-18 11:03:34,40100.0,100,Buy,224230114
2024-07-18 11:03:36,40050.0,600,Sell,224230168
2024-07-18 11:03:47,40100.0,100,Buy,224230419
2024-07-18 11:03:48,40100.0,100,Buy,224230536
2024-07-18 11:03:48,40100.0,900,Buy,224230528
2024-07-18 11:03:49,40100.0,4900,Buy,224230548
2024-07-18 11:04:13,40100.0,5000,Buy,224231049
2024-07-18 11:04:56,40100.0,100,Sell,224232213
2024-07-18 11:04:56,40100.0,100,Sell,224232214
2024-07-18 11:05:17,40150.0,100,Sell,224232840
2024-07-18 11:05:25,40150.0,100,Sell,224233075
2024-07-18 11:05:41,40150.0,1000,Sell,224233415
2024-07-18 11:05:42,40150.0,200,Buy,224233424
2024-07-18 11:05:42,40150.0,300,Buy,224233425
2024-07-18 11:06:07,40150.0,700,Sell,224233928
2024-07-18 11:06:07,40150.0,100,Sell,224233929
2024-07-18 11:06:17,40100.0,300,Sell,224234215
2024-07-18 11:06:17,40100.0,1200,Sell,224234216
2024-07-18 11:06:36,40150.0,100,Sell,224234562
2024-07-18 11:06:36,40100.0,100,Sell,224234563
2024-07-18 11:06:42,40100.0,300,Sell,224234682
2024-07-18 11:06:45,40250.0,200,Buy,224234738
2024-07-18 11:07:18,40250.0,100,Buy,224235310
2024-07-18 11:07:29,40250.0,100,Buy,224235568
2024-07-18 11:08:01,40250.0,100,Buy,224236215
2024-07-18 11:08:12,40250.0,100,Buy,224236455
2024-07-18 11:08:13,40150.0,500,Sell,224236468
2024-07-18 11:08:13,40150.0,200,Sell,224236469
2024-07-18 11:08:15,40150.0,200,Buy,224236550
2024-07-18 11:08:23,40100.0,4100,Sell,224236726
2024-07-18 11:08:23,40100.0,100,Sell,224236725
2024-07-18 11:08:23,40100.0,400,Sell,224236719
2024-07-18 11:08:23,40100.0,100,Sell,224236723
2024-07-18 11:08:23,40100.0,200,Sell,224236722
2024-07-18 11:08:23,40100.0,1000,Sell,224236724
2024-07-18 11:09:03,40100.0,3900,Sell,224237526
2024-07-18 11:09:03,40100.0,500,Sell,224237525
2024-07-18 11:09:03,40100.0,100,Sell,224237517
2024-07-18 11:09:03,40100.0,100,Sell,224237516
2024-07-18 11:09:03,40100.0,100,Sell,224237515
2024-07-18 11:09:03,40100.0,1000,Sell,224237511
2024-07-18 11:09:03,40100.0,100,Sell,224237513
2024-07-18 11:09:03,40100.0,100,Sell,224237514
2024-07-18 11:09:03,40100.0,900,Sell,224237508
2024-07-18 11:09:03,40100.0,100,Sell,224237509
2024-07-18 11:09:03,40100.0,1000,Sell,224237510
2024-07-18 11:09:03,40100.0,100,Sell,224237512
2024-07-18 11:09:09,40100.0,100,Sell,224237683
2024-07-18 11:09:09,40100.0,400,Sell,224237684
2024-07-18 11:09:09,40100.0,800,Sell,224237682
2024-07-18 11:09:16,40050.0,400,Sell,224237834
2024-07-18 11:09:16,40050.0,100,Sell,224237835
2024-07-18 11:09:16,40050.0,200,Sell,224237836
2024-07-18 11:09:16,40050.0,300,Sell,224237837
2024-07-18 11:09:16,40050.0,500,Sell,224237838
2024-07-18 11:09:25,40050.0,200,Sell,224238092
2024-07-18 11:09:49,40050.0,300,Sell,224238825
2024-07-18 11:09:49,40050.0,100,Sell,224238826
2024-07-18 11:09:49,40050.0,100,Sell,224238827
2024-07-18 11:09:49,40050.0,100,Sell,224238828
2024-07-18 11:09:49,40050.0,200,Sell,224238829
2024-07-18 11:09:59,40050.0,200,Sell,224238996
2024-07-18 11:10:10,40050.0,100,Sell,224239306
2024-07-18 11:10:10,40050.0,100,Sell,224239305
2024-07-18 11:10:11,40050.0,100,Sell,224239326
2024-07-18 11:10:11,40050.0,700,Sell,224239329
2024-07-18 11:10:11,40050.0,100,Sell,224239327
2024-07-18 11:10:11,40050.0,100,Sell,224239328
2024-07-18 11:10:12,40100.0,200,Buy,224239354
2024-07-18 11:10:20,40050.0,200,Sell,224239496
2024-07-18 11:10:20,40050.0,500,Sell,224239494
2024-07-18 11:10:20,40050.0,400,Sell,224239497
2024-07-18 11:10:20,40050.0,300,Sell,224239492
2024-07-18 11:10:20,40050.0,100,Sell,224239491
2024-07-18 11:10:20,40050.0,300,Sell,224239490
2024-07-18 11:10:20,40050.0,100,Sell,224239493
2024-07-18 11:10:20,40050.0,100,Sell,224239495
2024-07-18 11:10:36,40050.0,600,Sell,224239817
2024-07-18 11:10:36,40050.0,100,Sell,224239818
2024-07-18 11:10:36,40050.0,100,Sell,224239819
2024-07-18 11:10:38,40100.0,300,Buy,224239857
2024-07-18 11:10:39,40100.0,300,Buy,224239866
2024-07-18 11:10:39,40100.0,100,Buy,224239860
2024-07-18 11:10:39,40100.0,700,Buy,224239861
2024-07-18 11:10:45,40100.0,200,Sell,224239965
2024-07-18 11:11:08,40100.0,500,Sell,224240426
2024-07-18 11:11:08,40100.0,500,Sell,224240425
2024-07-18 11:11:18,40100.0,500,Sell,224240661
2024-07-18 11:11:23,40150.0,3000,Buy,224240797
2024-07-18 11:11:23,40150.0,600,Buy,224240796
2024-07-18 11:11:23,40100.0,1800,Buy,224240792
2024-07-18 11:11:23,40150.0,100,Buy,224240794
2024-07-18 11:11:23,40150.0,100,Buy,224240793
2024-07-18 11:11:23,40150.0,500,Buy,224240795
2024-07-18 11:11:32,40150.0,100,Sell,224241018
2024-07-18 11:11:36,40150.0,400,Sell,224241114
2024-07-18 11:11:47,40150.0,200,Sell,224241296
2024-07-18 11:12:02,40150.0,500,Sell,224241534
2024-07-18 11:12:20,40150.0,100,Sell,224241881
2024-07-18 11:12:26,40250.0,100,Buy,224241974
2024-07-18 11:13:02,40200.0,600,Buy,224242702
2024-07-18 11:13:12,40200.0,1000,Buy,224242867
2024-07-18 11:13:30,40200.0,900,Buy,224243149
2024-07-18 11:13:30,40200.0,500,Buy,224243150
2024-07-18 11:13:30,40200.0,600,Buy,224243151
2024-07-18 11:14:24,40200.0,200,Buy,224244225
2024-07-18 11:14:25,40200.0,100,Buy,224244251
2024-07-18 11:14:48,40200.0,300,Buy,224244962
2024-07-18 11:14:51,40200.0,500,Buy,224245013
2024-07-18 11:15:00,40200.0,200,Buy,224245174
2024-07-18 11:15:14,40200.0,100,Buy,224245542
2024-07-18 11:15:23,40200.0,100,Buy,224245779
2024-07-18 11:15:32,40200.0,400,Buy,224245976
2024-07-18 11:15:58,40200.0,300,Buy,224246786
2024-07-18 11:16:34,40200.0,100,Buy,224247658
2024-07-18 11:16:51,40200.0,200,Buy,224248026
2024-07-18 11:17:08,40200.0,700,Buy,224248313
2024-07-18 11:17:08,40200.0,200,Buy,224248314
2024-07-18 11:17:08,40200.0,200,Buy,224248315
2024-07-18 11:17:08,40200.0,100,Buy,224248316
2024-07-18 11:17:16,40150.0,100,Sell,224248460
2024-07-18 11:17:16,40150.0,12600,Sell,224248458
2024-07-18 11:17:16,40150.0,100,Sell,224248459
2024-07-18 11:18:05,40100.0,2000,Sell,224249668
2024-07-18 11:18:05,40100.0,500,Sell,224249669
2024-07-18 11:18:05,40100.0,800,Sell,224249670
2024-07-18 11:18:14,40100.0,100,Buy,224249922
2024-07-18 11:18:29,40100.0,500,Buy,224250244
2024-07-18 11:18:37,40050.0,500,Sell,224250483
2024-07-18 11:18:42,40050.0,100,Sell,224250551
2024-07-18 11:18:58,40050.0,100,Sell,224250822
2024-07-18 11:18:58,40050.0,500,Sell,224250821
2024-07-18 11:18:58,40050.0,500,Sell,224250823
2024-07-18 11:18:58,40050.0,1000,Sell,224250819
2024-07-18 11:18:58,40050.0,100,Sell,224250820
2024-07-18 11:18:58,40050.0,1200,Sell,224250818
2024-07-18 11:18:59,40050.0,100,Sell,224250836
2024-07-18 11:19:13,40050.0,1100,Sell,224251128
2024-07-18 11:19:13,40050.0,100,Sell,224251127
2024-07-18 11:19:15,40050.0,900,Sell,224251177
2024-07-18 11:19:15,40050.0,2000,Sell,224251178
2024-07-18 11:19:15,40050.0,200,Sell,224251179
2024-07-18 11:19:15,40050.0,200,Sell,224251180
2024-07-18 11:19:15,40050.0,500,Sell,224251181
2024-07-18 11:19:15,40050.0,100,Sell,224251182
2024-07-18 11:19:15,40050.0,500,Sell,224251183
2024-07-18 11:19:15,40050.0,100,Sell,224251184
2024-07-18 11:19:26,40000.0,100,Sell,224251362
2024-07-18 11:19:26,40000.0,500,Sell,224251364
2024-07-18 11:19:26,40000.0,800,Sell,224251365
2024-07-18 11:19:26,40000.0,100,Sell,224251369
2024-07-18 11:19:26,40000.0,500,Sell,224251367
2024-07-18 11:19:26,40000.0,100,Sell,224251368
2024-07-18 11:19:26,40000.0,1000,Sell,224251360
2024-07-18 11:19:26,40000.0,1000,Sell,224251366
2024-07-18 11:19:26,40000.0,300,Sell,224251359
2024-07-18 11:19:26,40000.0,300,Sell,224251363
2024-07-18 11:19:26,40000.0,1000,Sell,224251357
2024-07-18 11:19:26,40000.0,100,Sell,224251358
2024-07-18 11:19:26,40000.0,100,Sell,224251349
2024-07-18 11:19:26,40000.0,100,Sell,224251350
2024-07-18 11:19:26,40000.0,100,Sell,224251351
2024-07-18 11:19:26,40000.0,500,Sell,224251352
2024-07-18 11:19:26,40000.0,1000,Sell,224251361
2024-07-18 11:19:26,40000.0,800,Sell,224251354
2024-07-18 11:19:26,40000.0,1000,Sell,224251355
2024-07-18 11:19:26,40000.0,100,Sell,224251356
2024-07-18 11:19:26,40000.0,500,Sell,224251353
2024-07-18 11:19:27,40000.0,300,Sell,224251406
2024-07-18 11:19:27,40000.0,2000,Sell,224251426
2024-07-18 11:19:41,40000.0,3900,Sell,224251807
2024-07-18 11:19:41,40000.0,700,Sell,224251806
2024-07-18 11:19:41,40000.0,100,Sell,224251805
2024-07-18 11:19:41,40000.0,100,Sell,224251804
2024-07-18 11:19:41,40000.0,100,Sell,224251803
2024-07-18 11:19:41,40000.0,2800,Sell,224251802
2024-07-18 11:19:41,40000.0,1600,Sell,224251799
2024-07-18 11:19:41,40000.0,200,Sell,224251800
2024-07-18 11:19:41,40000.0,500,Sell,224251798
2024-07-18 11:19:41,40000.0,200,Sell,224251797
2024-07-18 11:19:41,40000.0,100,Sell,224251796
2024-07-18 11:19:41,40000.0,2600,Sell,224251794
2024-07-18 11:19:41,40000.0,2000,Sell,224251801
2024-07-18 11:19:41,40000.0,100,Sell,224251795
2024-07-18 11:20:10,40000.0,1400,Sell,224252377
2024-07-18 11:20:14,40000.0,5000,Sell,224252444
2024-07-18 11:20:16,40050.0,500,Buy,224252469
2024-07-18 11:20:26,40050.0,1700,Sell,224252676
2024-07-18 11:20:46,40050.0,400,Buy,224253003
2024-07-18 11:20:46,40050.0,100,Buy,224253002
2024-07-18 11:21:03,40050.0,100,Buy,224253346
2024-07-18 11:21:03,40050.0,400,Buy,224253347
2024-07-18 11:21:07,40050.0,100,Buy,224253426
2024-07-18 11:21:16,40050.0,100,Buy,224253680
2024-07-18 11:21:17,40050.0,600,Buy,224253692
2024-07-18 11:21:17,40050.0,400,Buy,224253693
2024-07-18 11:21:17,40050.0,200,Buy,224253696
2024-07-18 11:21:31,40050.0,200,Buy,224253996
2024-07-18 11:21:35,40050.0,300,Buy,224254050
2024-07-18 11:21:42,40050.0,500,Buy,224254182
2024-07-18 11:22:07,40050.0,1000,Buy,224254596
2024-07-18 11:22:08,40050.0,200,Buy,224254617
2024-07-18 11:22:11,40050.0,500,Buy,224254675
2024-07-18 11:22:46,40000.0,1000,Sell,224255315
2024-07-18 11:22:50,40050.0,200,Buy,224255367
2024-07-18 11:22:57,40050.0,1000,Buy,224255481
2024-07-18 11:23:10,40050.0,2000,Buy,224255748
2024-07-18 11:23:14,40050.0,100,Buy,224255825
2024-07-18 11:23:21,40050.0,1000,Buy,224255951
2024-07-18 11:23:25,40050.0,100,Buy,224256004
2024-07-18 11:23:26,40050.0,100,Buy,224256024
2024-07-18 11:23:26,40050.0,500,Buy,224256029
2024-07-18 11:23:34,40050.0,1000,Buy,224256148
2024-07-18 11:23:41,40000.0,2000,Sell,224256280
2024-07-18 11:23:46,40050.0,100,Buy,224256346
2024-07-18 11:23:58,40000.0,100,Sell,224256582
2024-07-18 11:24:07,40000.0,500,Sell,224256676
2024-07-18 11:24:07,40050.0,1600,Buy,224256737
2024-07-18 11:24:07,40050.0,100,Buy,224256738
2024-07-18 11:24:07,40050.0,400,Buy,224256739
2024-07-18 11:24:07,40050.0,1000,Buy,224256740
2024-07-18 11:24:07,40050.0,400,Buy,224256741
2024-07-18 11:24:07,40050.0,100,Buy,224256742
2024-07-18 11:24:07,40050.0,400,Buy,224256743
2024-07-18 11:24:07,40050.0,400,Buy,224256744
2024-07-18 11:24:07,40050.0,600,Buy,224256745
2024-07-18 11:24:09,40000.0,1500,Sell,224256767
2024-07-18 11:24:16,40050.0,1000,Buy,224256874
2024-07-18 11:24:31,40000.0,1000,Sell,224257123
2024-07-18 11:24:39,40000.0,300,Sell,224257264
2024-07-18 11:24:42,40000.0,3300,Sell,224257302
2024-07-18 11:24:42,40000.0,400,Sell,224257303
2024-07-18 11:24:42,40000.0,1300,Sell,224257304
2024-07-18 11:24:53,40000.0,800,Sell,224257527
2024-07-18 11:24:53,40000.0,100,Sell,224257526
2024-07-18 11:24:53,40000.0,100,Sell,224257525
2024-07-18 11:24:53,40000.0,100,Sell,224257521
2024-07-18 11:24:53,40000.0,500,Sell,224257524
2024-07-18 11:24:53,40000.0,500,Sell,224257523
2024-07-18 11:24:53,40000.0,3700,Sell,224257522
2024-07-18 11:24:53,40000.0,100,Sell,224257520
2024-07-18 11:24:53,40000.0,100,Sell,224257487
2024-07-18 11:24:53,40000.0,1000,Sell,224257518
2024-07-18 11:24:53,40000.0,100,Sell,224257517
2024-07-18 11:24:53,40000.0,500,Sell,224257516
2024-07-18 11:24:53,40000.0,900,Sell,224257489
2024-07-18 11:24:53,40000.0,100,Sell,224257488
2024-07-18 11:24:53,40000.0,100,Sell,224257486
2024-07-18 11:24:53,40000.0,100,Sell,224257485
2024-07-18 11:24:53,40000.0,3700,Sell,224257484
2024-07-18 11:24:53,40000.0,500,Sell,224257519
2024-07-18 11:24:55,40000.0,1100,Sell,224257549
2024-07-18 11:24:58,40000.0,200,Sell,224257604
2024-07-18 11:24:58,40000.0,500,Sell,224257605
2024-07-18 11:24:58,40000.0,300,Sell,224257602
2024-07-18 11:24:58,40000.0,200,Sell,224257603
2024-07-18 11:24:59,40000.0,500,Sell,224257616
2024-07-18 11:24:59,40000.0,100,Sell,224257617
2024-07-18 11:24:59,40000.0,500,Sell,224257618
2024-07-18 11:24:59,40000.0,200,Sell,224257619
2024-07-18 11:24:59,40000.0,100,Sell,224257620
2024-07-18 11:24:59,40000.0,200,Sell,224257621
2024-07-18 11:24:59,40000.0,400,Sell,224257622
2024-07-18 11:25:00,40000.0,200,Sell,224257647
2024-07-18 11:25:00,40000.0,1000,Sell,224257650
2024-07-18 11:25:00,40000.0,100,Sell,224257649
2024-07-18 11:25:00,40000.0,200,Sell,224257648
2024-07-18 11:25:00,40000.0,100,Sell,224257646
2024-07-18 11:25:00,40000.0,100,Sell,224257640
2024-07-18 11:25:00,40000.0,100,Sell,224257644
2024-07-18 11:25:00,40000.0,100,Sell,224257643
2024-07-18 11:25:00,40000.0,1000,Sell,224257642
2024-07-18 11:25:00,40000.0,200,Sell,224257641
2024-07-18 11:25:00,40000.0,1600,Sell,224257639
2024-07-18 11:25:00,40000.0,300,Sell,224257645
2024-07-18 11:25:03,40000.0,500,Sell,224257747
2024-07-18 11:25:03,40000.0,100,Sell,224257746
2024-07-18 11:25:03,40000.0,200,Sell,224257745
2024-07-18 11:25:03,40000.0,500,Sell,224257744
2024-07-18 11:25:03,40000.0,100,Sell,224257743
2024-07-18 11:25:03,40000.0,3000,Sell,224257742
2024-07-18 11:25:03,40000.0,100,Sell,224257741
2024-07-18 11:25:03,40000.0,500,Sell,224257740
2024-07-18 11:25:03,40000.0,500,Sell,224257738
2024-07-18 11:25:03,40000.0,300,Sell,224257736
2024-07-18 11:25:03,40000.0,200,Sell,224257739
2024-07-18 11:25:03,40000.0,500,Sell,224257730
2024-07-18 11:25:03,40000.0,100,Sell,224257731
2024-07-18 11:25:03,40000.0,200,Sell,224257720
2024-07-18 11:25:03,40000.0,100,Sell,224257721
2024-07-18 11:25:03,40000.0,100,Sell,224257722
2024-07-18 11:25:03,40000.0,200,Sell,224257723
2024-07-18 11:25:03,40000.0,200,Sell,224257724
2024-07-18 11:25:03,40000.0,100,Sell,224257737
2024-07-18 11:25:03,40000.0,100,Sell,224257726
2024-07-18 11:25:03,40000.0,100,Sell,224257729
2024-07-18 11:25:03,40000.0,100,Sell,224257725
2024-07-18 11:25:03,40000.0,200,Sell,224257727
2024-07-18 11:25:03,40000.0,100,Sell,224257728
2024-07-18 11:25:04,40000.0,100,Buy,224257780
2024-07-18 11:25:09,39950.0,200,Sell,224257872
2024-07-18 11:25:09,39950.0,100,Sell,224257873
2024-07-18 11:25:09,39950.0,200,Sell,224257874
2024-07-18 11:25:09,39950.0,200,Sell,224257875
2024-07-18 11:25:09,39950.0,200,Sell,224257876
2024-07-18 11:25:09,39950.0,100,Sell,224257877
2024-07-18 11:25:20,39950.0,100,Sell,224258070
2024-07-18 11:25:23,39950.0,300,Buy,224258123
2024-07-18 11:25:27,39950.0,100,Buy,224258211
2024-07-18 11:25:33,39900.0,100,Sell,224258390
2024-07-18 11:25:34,39800.0,100,Sell,224258412
2024-07-18 11:25:34,39800.0,100,Sell,224258413
2024-07-18 11:25:34,39800.0,100,Sell,224258414
2024-07-18 11:25:34,39800.0,100,Sell,224258415
2024-07-18 11:25:34,39800.0,300,Sell,224258416
2024-07-18 11:25:34,39800.0,100,Sell,224258421
2024-07-18 11:25:34,39800.0,1900,Sell,224258418
2024-07-18 11:25:34,39800.0,1000,Sell,224258419
2024-07-18 11:25:34,39800.0,2000,Sell,224258420
2024-07-18 11:25:34,39800.0,9000,Sell,224258411
2024-07-18 11:25:34,39800.0,2000,Buy,224258422
2024-07-18 11:25:34,39800.0,500,Sell,224258417
2024-07-18 11:25:34,39800.0,100,Sell,224258410
2024-07-18 11:25:34,39800.0,100,Sell,224258406
2024-07-18 11:25:34,39800.0,500,Sell,224258408
2024-07-18 11:25:34,39900.0,1000,Sell,224258395
2024-07-18 11:25:34,39900.0,1000,Sell,224258396
2024-07-18 11:25:34,39900.0,500,Sell,224258397
2024-07-18 11:25:34,39900.0,500,Sell,224258398
2024-07-18 11:25:34,39800.0,500,Sell,224258409
2024-07-18 11:25:34,39900.0,100,Sell,224258400
2024-07-18 11:25:34,39900.0,300,Sell,224258399
2024-07-18 11:25:34,39900.0,100,Sell,224258402
2024-07-18 11:25:34,39850.0,100,Sell,224258403
2024-07-18 11:25:34,39850.0,200,Sell,224258404
2024-07-18 11:25:34,39800.0,10000,Sell,224258407
2024-07-18 11:25:34,39900.0,200,Sell,224258401
2024-07-18 11:25:34,39800.0,100,Sell,224258405
2024-07-18 11:25:37,39800.0,100,Buy,224258466
2024-07-18 11:25:50,39800.0,300,Buy,224258721
2024-07-18 11:26:04,39800.0,500,Buy,224259051
2024-07-18 11:26:08,39800.0,100,Buy,224259102
2024-07-18 11:26:12,39750.0,100,Sell,224259200
2024-07-18 11:26:12,39750.0,300,Sell,224259199
2024-07-18 11:26:14,39800.0,1500,Buy,224259238
2024-07-18 11:26:15,39800.0,200,Buy,224259253
2024-07-18 11:26:20,39750.0,100,Sell,224259398
2024-07-18 11:26:20,39750.0,100,Sell,224259396
2024-07-18 11:26:20,39750.0,500,Sell,224259397
2024-07-18 11:26:22,39750.0,200,Buy,224259426
2024-07-18 11:26:25,39750.0,100,Buy,224259493
2024-07-18 11:26:34,39750.0,3000,Sell,224259621
2024-07-18 11:26:36,39800.0,1000,Buy,224259637
2024-07-18 11:26:36,39750.0,2200,Sell,224259639
2024-07-18 11:26:37,39750.0,500,Sell,224259656
2024-07-18 11:26:39,39800.0,100,Buy,224259723
2024-07-18 11:26:42,39750.0,500,Sell,224259760
2024-07-18 11:26:46,39750.0,6500,Sell,224259832
2024-07-18 11:26:49,39800.0,5000,Buy,224259880
2024-07-18 11:26:53,39800.0,200,Buy,224259943
2024-07-18 11:26:56,39750.0,300,Sell,224259969
2024-07-18 11:26:56,39800.0,100,Buy,224259975
2024-07-18 11:26:57,39800.0,1000,Buy,224259986
2024-07-18 11:26:57,39800.0,100,Buy,224259987
2024-07-18 11:27:01,39750.0,3000,Sell,224260036
2024-07-18 11:27:03,39750.0,1000,Sell,224260087
2024-07-18 11:27:03,39750.0,1000,Sell,224260086
2024-07-18 11:27:03,39750.0,7000,Sell,224260084
2024-07-18 11:27:03,39750.0,1000,Sell,224260085
2024-07-18 11:27:15,39800.0,100,Buy,224260293
2024-07-18 11:27:18,39750.0,500,Sell,224260333
2024-07-18 11:27:18,39750.0,1000,Sell,224260334
2024-07-18 11:27:18,39750.0,500,Sell,224260335
2024-07-18 11:27:18,39750.0,200,Sell,224260336
2024-07-18 11:27:18,39750.0,100,Sell,224260337
2024-07-18 11:27:18,39750.0,100,Sell,224260338
2024-07-18 11:27:18,39750.0,400,Sell,224260339
2024-07-18 11:27:18,39750.0,200,Sell,224260340
2024-07-18 11:27:18,39750.0,200,Sell,224260341
2024-07-18 11:27:20,39750.0,100,Buy,224260384
2024-07-18 11:27:21,39750.0,100,Buy,224260393
2024-07-18 11:27:23,39750.0,200,Buy,224260441
2024-07-18 11:27:27,39750.0,200,Buy,224260522
2024-07-18 11:27:28,39750.0,200,Buy,224260527
2024-07-18 11:27:32,39750.0,1000,Buy,224260581
2024-07-18 11:27:34,39750.0,4000,Buy,224260607
2024-07-18 11:27:39,39750.0,100,Buy,224260679
2024-07-18 11:27:41,39700.0,100,Sell,224260710
2024-07-18 11:27:41,39700.0,500,Sell,224260711
2024-07-18 11:27:41,39700.0,1500,Sell,224260712
2024-07-18 11:27:41,39700.0,100,Sell,224260713
2024-07-18 11:27:42,39700.0,100,Sell,224260722
2024-07-18 11:27:42,39700.0,100,Sell,224260721
2024-07-18 11:27:43,39750.0,900,Buy,224260762
2024-07-18 11:27:43,39750.0,1100,Buy,224260763
2024-07-18 11:27:44,39750.0,800,Buy,224260781
2024-07-18 11:27:44,39750.0,200,Buy,224260782
2024-07-18 11:27:44,39750.0,800,Buy,224260783
2024-07-18 11:27:45,39750.0,1600,Sell,224260791
2024-07-18 11:27:48,39750.0,300,Sell,224260825
2024-07-18 11:27:50,39750.0,1100,Sell,224260840
2024-07-18 11:27:55,39750.0,200,Sell,224260912
2024-07-18 11:27:55,39750.0,800,Sell,224260913
2024-07-18 11:27:55,39750.0,100,Sell,224260914
2024-07-18 11:27:56,39750.0,400,Sell,224260944
2024-07-18 11:27:56,39750.0,100,Sell,224260945
2024-07-18 11:27:59,39700.0,800,Sell,224260987
2024-07-18 11:27:59,39700.0,100,Sell,224260986
2024-07-18 11:27:59,39700.0,500,Sell,224260985
2024-07-18 11:27:59,39750.0,100,Sell,224260982
2024-07-18 11:27:59,39750.0,500,Sell,224260983
2024-07-18 11:27:59,39750.0,500,Buy,224260978
2024-07-18 11:27:59,39750.0,400,Buy,224260977
2024-07-18 11:27:59,39700.0,100,Sell,224260984
2024-07-18 11:28:08,39750.0,200,Sell,224261207
2024-07-18 11:28:10,39700.0,800,Sell,224261251
2024-07-18 11:28:10,39700.0,1100,Sell,224261256
2024-07-18 11:28:10,39700.0,100,Sell,224261255
2024-07-18 11:28:10,39700.0,700,Sell,224261254
2024-07-18 11:28:10,39700.0,100,Sell,224261253
2024-07-18 11:28:10,39700.0,1000,Sell,224261252
2024-07-18 11:28:10,39700.0,100,Sell,224261250
2024-07-18 11:28:10,39700.0,500,Sell,224261244
2024-07-18 11:28:10,39700.0,500,Sell,224261248
2024-07-18 11:28:10,39700.0,200,Sell,224261249
2024-07-18 11:28:10,39700.0,1200,Sell,224261242
2024-07-18 11:28:10,39700.0,100,Sell,224261243
2024-07-18 11:28:10,39700.0,3000,Sell,224261246
2024-07-18 11:28:10,39700.0,100,Sell,224261247
2024-07-18 11:28:10,39700.0,400,Sell,224261245
2024-07-18 11:28:21,39700.0,3900,Sell,224261443
2024-07-18 11:28:21,39700.0,100,Sell,224261444
2024-07-18 11:28:24,39750.0,100,Buy,224261502
2024-07-18 11:28:27,39700.0,900,Sell,224261535
2024-07-18 11:28:27,39700.0,100,Sell,224261536
2024-07-18 11:28:28,39750.0,300,Buy,224261554
2024-07-18 11:28:30,39700.0,1000,Sell,224261593
2024-07-18 11:28:34,39700.0,100,Sell,224261685
2024-07-18 11:28:34,39700.0,1900,Sell,224261683
2024-07-18 11:28:34,39700.0,1000,Sell,224261684
2024-07-18 11:28:38,39750.0,200,Buy,224261752
2024-07-18 11:28:38,39750.0,100,Buy,224261751
2024-07-18 11:28:39,39750.0,300,Buy,224261781
2024-07-18 11:28:39,39750.0,200,Buy,224261782
2024-07-18 11:28:39,39800.0,3500,Buy,224261783
2024-07-18 11:28:39,39800.0,1000,Buy,224261784
2024-07-18 11:28:39,39800.0,500,Buy,224261785
2024-07-18 11:28:39,39800.0,1100,Buy,224261786
2024-07-18 11:28:39,39800.0,100,Buy,224261787
2024-07-18 11:28:39,39800.0,2400,Sell,224261803
2024-07-18 11:28:43,39750.0,600,Buy,224261883
2024-07-18 11:28:45,39800.0,300,Buy,224261909
2024-07-18 11:28:49,39800.0,300,Sell,224261983
2024-07-18 11:28:58,39800.0,200,Sell,224262159
2024-07-18 11:29:07,39800.0,300,Sell,224262342
2024-07-18 11:29:07,39800.0,200,Sell,224262340
2024-07-18 11:29:07,39800.0,1000,Sell,224262341
2024-07-18 11:29:14,39900.0,1000,Buy,224262435
2024-07-18 12:59:39,39900.0,100,Sell,224262919
2024-07-18 12:59:39,39900.0,100,Sell,224262920
2024-07-18 12:59:40,39900.0,200,Sell,224263457
2024-07-18 12:59:41,39900.0,1000,Sell,224263881
2024-07-18 12:59:42,39900.0,100,Sell,224264153
2024-07-18 12:59:42,39900.0,100,Sell,224264154
2024-07-18 12:59:42,39900.0,100,Sell,224264155
2024-07-18 12:59:42,39900.0,100,Sell,224264156
2024-07-18 12:59:44,39900.0,200,Buy,224265060
2024-07-18 12:59:44,39900.0,600,Buy,224265058
2024-07-18 12:59:44,39900.0,100,Buy,224265059
2024-07-18 12:59:45,39900.0,300,Buy,224265370
2024-07-18 12:59:45,39900.0,100,Buy,224265371
2024-07-18 12:59:46,39900.0,300,Buy,224265819
2024-07-18 12:59:50,39950.0,100,Buy,224267105
2024-07-18 12:59:50,39800.0,2100,Sell,224266975
2024-07-18 12:59:50,39800.0,200,Sell,224266974
2024-07-18 12:59:50,39950.0,300,Buy,224267106
2024-07-18 12:59:50,39900.0,900,Buy,224266972
2024-07-18 12:59:50,39900.0,1000,Buy,224266971
2024-07-18 12:59:50,39900.0,100,Buy,224266970
2024-07-18 12:59:50,39850.0,200,Sell,224266973
2024-07-18 12:59:51,39950.0,200,Sell,224267199
2024-07-18 12:59:51,39950.0,1000,Sell,224267294
2024-07-18 12:59:54,39950.0,1900,Sell,224267814
2024-07-18 12:59:54,39950.0,100,Sell,224267815
2024-07-18 12:59:55,39950.0,100,Sell,224267915
2024-07-18 12:59:58,39950.0,800,Sell,224268287
2024-07-18 12:59:58,39900.0,100,Sell,224268288
2024-07-18 12:59:59,39900.0,100,Buy,224268360
2024-07-18 13:00:01,39850.0,200,Buy,224268786
2024-07-18 13:00:04,39800.0,100,Sell,224269004
2024-07-18 13:00:04,39800.0,1300,Sell,224269005
2024-07-18 13:00:04,39800.0,700,Sell,224269003
2024-07-18 13:00:04,39800.0,2900,Sell,224269002
2024-07-18 13:00:07,39850.0,500,Buy,224269269
2024-07-18 13:00:07,39850.0,300,Buy,224269270
2024-07-18 13:00:07,39900.0,200,Buy,224269271
2024-07-18 13:00:08,39900.0,100,Buy,224269281
2024-07-18 13:00:08,39900.0,500,Buy,224269279
2024-07-18 13:00:08,39900.0,500,Buy,224269280
2024-07-18 13:00:10,39900.0,100,Sell,224269367
2024-07-18 13:00:12,39900.0,100,Sell,224269499
2024-07-18 13:00:16,39900.0,100,Sell,224269664
2024-07-18 13:00:19,40000.0,600,Buy,224269768
2024-07-18 13:00:19,39950.0,1000,Buy,224269767
2024-07-18 13:00:29,39900.0,100,Sell,224270127
2024-07-18 13:00:29,39900.0,500,Sell,224270128
2024-07-18 13:00:29,39900.0,300,Sell,224270129
2024-07-18 13:00:29,39900.0,100,Sell,224270130
2024-07-18 13:00:41,39850.0,100,Sell,224270505
2024-07-18 13:00:54,39850.0,400,Sell,224270918
2024-07-18 13:00:54,39850.0,100,Sell,224270919
2024-07-18 13:01:03,39850.0,100,Buy,224271195
2024-07-18 13:01:04,39800.0,2100,Sell,224271225
2024-07-18 13:01:04,39800.0,700,Sell,224271224
2024-07-18 13:01:20,39800.0,1800,Sell,224271609
2024-07-18 13:01:20,39800.0,1000,Sell,224271610
2024-07-18 13:01:20,39800.0,200,Sell,224271611
2024-07-18 13:01:20,39800.0,900,Sell,224271612
2024-07-18 13:01:20,39800.0,100,Sell,224271613
2024-07-18 13:01:20,39800.0,700,Sell,224271614
2024-07-18 13:01:20,39800.0,300,Sell,224271615
2024-07-18 13:01:21,39800.0,100,Sell,224271644
2024-07-18 13:01:21,39800.0,200,Sell,224271643
2024-07-18 13:01:39,39800.0,100,Sell,224272429
2024-07-18 13:02:00,39800.0,100,Sell,224273277
2024-07-18 13:02:00,39700.0,100,Sell,224273290
2024-07-18 13:02:00,39700.0,500,Sell,224273289
2024-07-18 13:02:00,39700.0,1000,Sell,224273288
2024-07-18 13:02:00,39700.0,100,Sell,224273287
2024-07-18 13:02:00,39800.0,300,Sell,224273274
2024-07-18 13:02:00,39750.0,500,Sell,224273284
2024-07-18 13:02:00,39700.0,100,Sell,224273286
2024-07-18 13:02:00,39750.0,300,Sell,224273282
2024-07-18 13:02:00,39750.0,400,Sell,224273281
2024-07-18 13:02:00,39800.0,100,Sell,224273280
2024-07-18 13:02:00,39800.0,200,Sell,224273279
2024-07-18 13:02:00,39800.0,100,Sell,224273278
2024-07-18 13:02:00,39750.0,100,Sell,224273283
2024-07-18 13:02:00,39700.0,100,Sell,224273285
2024-07-18 13:02:04,39800.0,100,Sell,224273482
2024-07-18 13:02:15,39800.0,200,Buy,224273829
2024-07-18 13:02:22,39800.0,100,Buy,224274101
2024-07-18 13:02:25,39800.0,100,Buy,224274257
2024-07-18 13:02:36,39800.0,100,Buy,224274669
2024-07-18 13:02:36,39800.0,400,Buy,224274670
2024-07-18 13:02:37,39800.0,600,Buy,224274714
2024-07-18 13:02:37,39800.0,3000,Buy,224274715
2024-07-18 13:03:09,39800.0,200,Sell,224276214
2024-07-18 13:03:09,39800.0,100,Sell,224276216
2024-07-18 13:03:09,39850.0,100,Buy,224276213
2024-07-18 13:03:09,39800.0,100,Sell,224276215
2024-07-18 13:03:11,39800.0,1400,Sell,224276314
2024-07-18 13:03:11,39700.0,1000,Sell,224276327
2024-07-18 13:03:11,39700.0,100,Sell,224276326
2024-07-18 13:03:11,39700.0,100,Sell,224276325
2024-07-18 13:03:11,39700.0,400,Sell,224276324
2024-07-18 13:03:11,39700.0,3000,Sell,224276322
2024-07-18 13:03:11,39700.0,100,Sell,224276323
2024-07-18 13:03:11,39700.0,300,Sell,224276320
2024-07-18 13:03:11,39700.0,100,Sell,224276319
2024-07-18 13:03:11,39700.0,200,Sell,224276318
2024-07-18 13:03:11,39700.0,100,Sell,224276317
2024-07-18 13:03:11,39700.0,1000,Sell,224276316
2024-07-18 13:03:11,39700.0,100,Sell,224276315
2024-07-18 13:03:11,39700.0,100,Sell,224276321
2024-07-18 13:03:27,39700.0,100,Sell,224277167
2024-07-18 13:03:27,39700.0,100,Sell,224277168
2024-07-18 13:03:36,39700.0,500,Sell,224277449
2024-07-18 13:03:36,39700.0,500,Sell,224277450
2024-07-18 13:03:44,39700.0,300,Sell,224277802
2024-07-18 13:03:44,39700.0,1000,Sell,224277803
2024-07-18 13:03:45,39800.0,2000,Buy,224277862
2024-07-18 13:03:50,39700.0,100,Sell,224278040
2024-07-18 13:03:51,39750.0,1500,Buy,224278111
2024-07-18 13:04:10,39750.0,200,Sell,224279010
2024-07-18 13:04:11,39750.0,800,Buy,224279040
2024-07-18 13:04:19,39750.0,200,Buy,224279409
2024-07-18 13:04:24,39750.0,300,Sell,224279566
2024-07-18 13:04:32,39750.0,100,Sell,224279939
2024-07-18 13:04:33,39750.0,900,Buy,224279968
2024-07-18 13:04:38,39800.0,1000,Buy,224280214
2024-07-18 13:04:38,39800.0,600,Buy,224280213
2024-07-18 13:04:38,39750.0,400,Sell,224280174
2024-07-18 13:04:38,39750.0,200,Sell,224280172
2024-07-18 13:04:38,39750.0,100,Sell,224280173
2024-07-18 13:04:41,39750.0,100,Sell,224280306
2024-07-18 13:04:41,39750.0,900,Sell,224280307
2024-07-18 13:04:46,39750.0,300,Sell,224280487
2024-07-18 13:04:47,39750.0,1900,Buy,224280511
2024-07-18 13:05:14,39750.0,200,Sell,224281740
2024-07-18 13:05:20,39800.0,2000,Buy,224282043
2024-07-18 13:05:20,39800.0,500,Buy,224282044
2024-07-18 13:05:21,39750.0,200,Sell,224282070
2024-07-18 13:05:21,39750.0,100,Sell,224282069
2024-07-18 13:05:21,39750.0,200,Sell,224282067
2024-07-18 13:05:21,39750.0,100,Sell,224282066
2024-07-18 13:05:21,39750.0,100,Sell,224282068
2024-07-18 13:05:21,39750.0,300,Sell,224282065
2024-07-18 13:05:28,39800.0,100,Sell,224282332
2024-07-18 13:05:33,39800.0,900,Sell,224282512
2024-07-18 13:05:33,39750.0,2100,Sell,224282513
2024-07-18 13:05:46,39750.0,1500,Sell,224283198
2024-07-18 13:06:03,39800.0,400,Buy,224283901
2024-07-18 13:06:12,39800.0,300,Sell,224284277
2024-07-18 13:06:12,39800.0,100,Sell,224284278
2024-07-18 13:06:13,39800.0,1100,Buy,224284325
2024-07-18 13:06:18,39750.0,1000,Sell,224284604
2024-07-18 13:06:18,39750.0,100,Sell,224284603
2024-07-18 13:06:18,39750.0,1500,Sell,224284602
2024-07-18 13:06:18,39750.0,100,Sell,224284601
2024-07-18 13:06:18,39750.0,100,Sell,224284599
2024-07-18 13:06:18,39750.0,100,Sell,224284597
2024-07-18 13:06:18,39750.0,6200,Sell,224284596
2024-07-18 13:06:18,39800.0,100,Sell,224284595
2024-07-18 13:06:18,39750.0,100,Sell,224284600
2024-07-18 13:06:18,39750.0,1200,Sell,224284598
2024-07-18 13:06:19,39750.0,500,Buy,224284695
2024-07-18 13:06:36,39850.0,200,Buy,224285405
2024-07-18 13:07:00,39800.0,100,Buy,224286505
2024-07-18 13:07:00,39750.0,100,Sell,224286506
2024-07-18 13:07:00,39750.0,200,Sell,224286507
2024-07-18 13:07:07,39750.0,100,Buy,224286797
2024-07-18 13:07:11,39750.0,500,Buy,224286976
2024-07-18 13:07:12,39750.0,100,Buy,224287012
2024-07-18 13:07:16,39750.0,400,Sell,224287156
2024-07-18 13:07:32,39750.0,200,Sell,224287900
2024-07-18 13:07:33,39750.0,600,Sell,224287915
2024-07-18 13:07:33,39750.0,200,Sell,224287916
2024-07-18 13:07:33,39750.0,1500,Sell,224287917
2024-07-18 13:07:34,39750.0,200,Buy,224287942
2024-07-18 13:07:41,39700.0,100,Sell,224288302
2024-07-18 13:07:41,39700.0,2000,Sell,224288301
2024-07-18 13:07:41,39700.0,200,Sell,224288303
2024-07-18 13:07:41,39700.0,100,Sell,224288299
2024-07-18 13:07:41,39700.0,100,Sell,224288298
2024-07-18 13:07:41,39750.0,300,Sell,224288297
2024-07-18 13:07:41,39700.0,2000,Sell,224288300
2024-07-18 13:07:48,39700.0,300,Sell,224288749
2024-07-18 13:07:48,39700.0,100,Sell,224288750
2024-07-18 13:07:48,39700.0,300,Sell,224288751
2024-07-18 13:07:48,39700.0,100,Sell,224288752
2024-07-18 13:07:48,39700.0,200,Sell,224288753
2024-07-18 13:08:22,39700.0,800,Sell,224290205
2024-07-18 13:08:30,39700.0,1800,Sell,224290578
2024-07-18 13:08:30,39700.0,300,Sell,224290577
2024-07-18 13:08:30,39700.0,100,Sell,224290576
2024-07-18 13:08:30,39700.0,100,Sell,224290575
2024-07-18 13:08:30,39700.0,100,Sell,224290574
2024-07-18 13:08:30,39700.0,100,Sell,224290570
2024-07-18 13:08:30,39700.0,200,Sell,224290572
2024-07-18 13:08:30,39700.0,100,Sell,224290567
2024-07-18 13:08:30,39700.0,300,Sell,224290568
2024-07-18 13:08:30,39700.0,500,Sell,224290573
2024-07-18 13:08:30,39700.0,100,Sell,224290571
2024-07-18 13:08:30,39700.0,100,Sell,224290569
2024-07-18 13:08:36,39700.0,200,Sell,224290841
2024-07-18 13:08:36,39700.0,100,Sell,224290842
2024-07-18 13:08:36,39700.0,9700,Sell,224290843
2024-07-18 13:08:37,39750.0,10000,Buy,224290901
2024-07-18 13:08:37,39750.0,100,Buy,224290902
2024-07-18 13:08:43,39750.0,400,Sell,224291177
2024-07-18 13:08:48,39750.0,100,Sell,224291313
2024-07-18 13:09:01,39750.0,500,Sell,224291799
2024-07-18 13:09:02,39800.0,500,Buy,224291879
2024-07-18 13:09:05,39800.0,200,Buy,224291965
2024-07-18 13:09:07,39800.0,6200,Buy,224292010
2024-07-18 13:09:07,39800.0,100,Buy,224292011
2024-07-18 13:09:22,39800.0,100,Sell,224292605
2024-07-18 13:09:26,39750.0,100,Sell,224292757
2024-07-18 13:09:26,39800.0,2000,Buy,224292768
2024-07-18 13:09:27,39800.0,1900,Buy,224292799
2024-07-18 13:09:30,39750.0,300,Sell,224293042
2024-07-18 13:09:34,39750.0,400,Sell,224293201
2024-07-18 13:09:44,39850.0,100,Buy,224293516
2024-07-18 13:09:45,39800.0,200,Sell,224293556
2024-07-18 13:09:45,39800.0,200,Sell,224293557
2024-07-18 13:09:45,39800.0,100,Sell,224293555
2024-07-18 13:09:55,39900.0,200,Buy,224293869
2024-07-18 13:09:58,39800.0,200,Sell,224293961
2024-07-18 13:10:05,39800.0,100,Sell,224294228
2024-07-18 13:10:05,39800.0,800,Sell,224294229
2024-07-18 13:10:09,39950.0,700,Buy,224294347
2024-07-18 13:10:17,39800.0,1000,Sell,224294676
2024-07-18 13:10:39,39850.0,100,Sell,224295432
2024-07-18 13:11:16,39900.0,1100,Sell,224296716
2024-07-18 13:11:29,39950.0,500,Buy,224297076
2024-07-18 13:11:29,39950.0,200,Buy,224297075
2024-07-18 13:11:29,39950.0,500,Buy,224297074
2024-07-18 13:11:33,40000.0,1400,Buy,224297248
2024-07-18 13:11:33,40000.0,500,Buy,224297249
2024-07-18 13:11:33,40000.0,400,Buy,224297250
2024-07-18 13:11:33,40000.0,100,Buy,224297251
2024-07-18 13:11:33,40000.0,1000,Buy,224297252
2024-07-18 13:11:33,40000.0,500,Buy,224297253
2024-07-18 13:11:33,40000.0,1000,Buy,224297254
2024-07-18 13:11:33,40000.0,100,Buy,224297255
2024-07-18 13:11:51,40000.0,100,Buy,224297885
2024-07-18 13:11:51,40000.0,600,Buy,224297886
2024-07-18 13:11:51,40000.0,300,Buy,224297910
2024-07-18 13:11:51,40000.0,300,Buy,224297887
2024-07-18 13:11:54,40000.0,200,Buy,224298039
2024-07-18 13:12:06,40000.0,700,Sell,224298495
2024-07-18 13:12:06,40000.0,100,Sell,224298494
2024-07-18 13:12:06,40000.0,800,Sell,224298491
2024-07-18 13:12:06,40000.0,2000,Sell,224298492
2024-07-18 13:12:06,40000.0,100,Sell,224298493
2024-07-18 13:12:08,40000.0,100,Sell,224298543
2024-07-18 13:12:08,40000.0,200,Sell,224298536
2024-07-18 13:12:08,39950.0,100,Buy,224298546
2024-07-18 13:12:09,39950.0,300,Buy,224298577
2024-07-18 13:12:19,40000.0,2700,Sell,224298987
2024-07-18 13:12:19,40000.0,1500,Sell,224298988
2024-07-18 13:12:19,40000.0,100,Sell,224298989
2024-07-18 13:12:19,40000.0,700,Sell,224298990
2024-07-18 13:12:39,40000.0,1000,Sell,224299637
2024-07-18 13:12:49,40000.0,1000,Sell,224300028
2024-07-18 13:12:49,40000.0,200,Sell,224300026
2024-07-18 13:12:49,40000.0,1000,Sell,224300027
2024-07-18 13:13:02,40000.0,600,Buy,224300452
2024-07-18 13:13:07,40000.0,1400,Sell,224300604
2024-07-18 13:13:08,40000.0,200,Buy,224300639
2024-07-18 13:13:24,40000.0,1400,Buy,224301119
2024-07-18 13:13:24,40000.0,600,Buy,224301120
2024-07-18 13:13:29,40000.0,400,Buy,224301260
2024-07-18 13:13:30,40000.0,300,Sell,224301295
2024-07-18 13:13:31,40000.0,300,Sell,224301308
2024-07-18 13:13:35,40000.0,500,Sell,224301418
2024-07-18 13:13:35,40000.0,1000,Sell,224301417
2024-07-18 13:13:46,40000.0,100,Buy,224301781
2024-07-18 13:13:48,40000.0,200,Buy,224301815
2024-07-18 13:13:49,40000.0,100,Buy,224301847
2024-07-18 13:13:56,39950.0,3000,Sell,224301976
2024-07-18 13:13:56,39950.0,2000,Sell,224301977
2024-07-18 13:14:08,39950.0,3000,Sell,224302286
2024-07-18 13:14:11,39950.0,100,Sell,224302414
2024-07-18 13:14:11,39950.0,1000,Sell,224302415
2024-07-18 13:14:11,39950.0,1000,Sell,224302416
2024-07-18 13:14:11,39950.0,300,Sell,224302417
2024-07-18 13:14:11,39950.0,2000,Sell,224302418
2024-07-18 13:14:30,39900.0,800,Sell,224302995
2024-07-18 13:14:30,39950.0,500,Buy,224302981
2024-07-18 13:14:35,39950.0,100,Buy,224303151
2024-07-18 13:14:56,39950.0,2000,Buy,224303954
2024-07-18 13:14:56,39950.0,500,Buy,224303955
2024-07-18 13:14:56,39950.0,1800,Buy,224303956
2024-07-18 13:14:56,39950.0,6500,Buy,224303957
2024-07-18 13:14:56,39950.0,1000,Buy,224303958
2024-07-18 13:15:02,39950.0,1900,Sell,224304131
2024-07-18 13:15:26,40000.0,500,Buy,224304877
2024-07-18 13:15:32,40000.0,1000,Buy,224305025
2024-07-18 13:15:42,39950.0,15000,Sell,224305323
2024-07-18 13:16:10,39950.0,2000,Sell,224306195
2024-07-18 13:16:10,39950.0,300,Sell,224306183
2024-07-18 13:16:19,40000.0,500,Buy,224306501
2024-07-18 13:16:21,39950.0,2500,Sell,224306558
2024-07-18 13:16:21,39950.0,100,Sell,224306559
2024-07-18 13:16:21,39950.0,400,Sell,224306560
2024-07-18 13:16:21,39950.0,1000,Sell,224306561
2024-07-18 13:16:22,39950.0,200,Sell,224306563
2024-07-18 13:16:22,39950.0,100,Sell,224306564
2024-07-18 13:16:24,39950.0,5700,Buy,224306609
2024-07-18 13:16:24,40000.0,4300,Buy,224306610
2024-07-18 13:16:46,39900.0,100,Sell,224307190
2024-07-18 13:16:46,39900.0,200,Sell,224307188
2024-07-18 13:16:46,39900.0,200,Sell,224307189
2024-07-18 13:16:49,39950.0,500,Buy,224307293
2024-07-18 13:16:54,39950.0,500,Buy,224307403
2024-07-18 13:16:54,40000.0,100,Buy,224307404
2024-07-18 13:17:14,40000.0,100,Buy,224308010
2024-07-18 13:17:23,39950.0,100,Sell,224308268
2024-07-18 13:17:23,39950.0,400,Sell,224308269
2024-07-18 13:17:23,39950.0,1500,Sell,224308270
2024-07-18 13:17:26,40000.0,100,Buy,224308360
2024-07-18 13:18:10,40000.0,900,Buy,224309589
2024-07-18 13:18:15,40000.0,100,Buy,224309715
2024-07-18 13:18:29,40000.0,1300,Buy,224310025
2024-07-18 13:18:29,40000.0,100,Buy,224310023
2024-07-18 13:18:29,40000.0,1500,Buy,224310022
2024-07-18 13:18:29,40000.0,100,Buy,224310024
2024-07-18 13:18:30,39950.0,5000,Sell,224310083
2024-07-18 13:19:42,39950.0,100,Sell,224312332
2024-07-18 13:19:50,39950.0,2800,Sell,224312581
2024-07-18 13:19:50,39950.0,1000,Sell,224312582
2024-07-18 13:19:50,39950.0,400,Sell,224312583
2024-07-18 13:19:50,39950.0,1000,Sell,224312584
2024-07-18 13:19:50,39950.0,1800,Sell,224312585
2024-07-18 13:19:59,39950.0,100,Sell,224312960
2024-07-18 13:20:24,39950.0,200,Sell,224313723
2024-07-18 13:20:24,39950.0,100,Sell,224313722
2024-07-18 13:20:24,39950.0,600,Sell,224313720
2024-07-18 13:20:24,39950.0,100,Sell,224313721
2024-07-18 13:20:30,39950.0,700,Sell,224313970
2024-07-18 13:20:30,39950.0,100,Sell,224313971
2024-07-18 13:20:30,39950.0,100,Sell,224313972
2024-07-18 13:20:30,39950.0,100,Sell,224313973
2024-07-18 13:20:38,39950.0,1000,Sell,224314273
2024-07-18 13:20:46,40000.0,1000,Buy,224314492
2024-07-18 13:21:02,40000.0,1000,Buy,224315052
2024-07-18 13:21:04,39950.0,900,Sell,224315112
2024-07-18 13:21:04,39950.0,100,Sell,224315113
2024-07-18 13:21:16,39950.0,300,Sell,224315500
2024-07-18 13:21:16,39950.0,200,Sell,224315495
2024-07-18 13:21:16,39950.0,100,Sell,224315496
2024-07-18 13:21:27,39950.0,200,Sell,224315933
2024-07-18 13:21:27,39950.0,2800,Sell,224315938
2024-07-18 13:21:31,39950.0,1000,Sell,224316099
2024-07-18 13:21:59,39950.0,1200,Sell,224316919
2024-07-18 13:21:59,39950.0,200,Sell,224316920
2024-07-18 13:21:59,39950.0,200,Sell,224316921
2024-07-18 13:21:59,39950.0,200,Sell,224316922
2024-07-18 13:21:59,39950.0,1000,Sell,224316923
2024-07-18 13:21:59,39950.0,1200,Sell,224316924
2024-07-18 13:22:02,39950.0,800,Sell,224317007
2024-07-18 13:22:02,39950.0,500,Sell,224317008
2024-07-18 13:22:02,39950.0,700,Sell,224317009
2024-07-18 13:22:14,39950.0,300,Sell,224317381
2024-07-18 13:22:18,39950.0,500,Buy,224317484
2024-07-18 13:22:32,39900.0,900,Sell,224318068
2024-07-18 13:23:00,39900.0,100,Sell,224318964
2024-07-18 13:23:00,39900.0,1000,Sell,224318965
2024-07-18 13:23:00,39900.0,100,Sell,224318966
2024-07-18 13:23:00,39900.0,500,Sell,224318967
2024-07-18 13:23:00,39900.0,100,Sell,224318968
2024-07-18 13:23:00,39900.0,2000,Sell,224318969
2024-07-18 13:23:00,39900.0,2000,Sell,224318970
2024-07-18 13:23:00,39900.0,100,Sell,224318971
2024-07-18 13:23:00,39900.0,900,Sell,224318972
2024-07-18 13:23:30,39900.0,100,Sell,224320411
2024-07-18 13:23:30,39900.0,100,Sell,224320412
2024-07-18 13:23:33,39900.0,600,Sell,224320506
2024-07-18 13:23:33,39900.0,200,Sell,224320503
2024-07-18 13:23:33,39900.0,1200,Sell,224320504
2024-07-18 13:23:33,39900.0,1000,Sell,224320505
2024-07-18 13:23:41,39900.0,400,Sell,224320976
2024-07-18 13:23:41,39900.0,100,Sell,224320977
2024-07-18 13:23:41,39900.0,300,Sell,224320978
2024-07-18 13:23:41,39900.0,200,Sell,224320979
2024-07-18 13:23:41,39900.0,100,Sell,224320980
2024-07-18 13:23:41,39900.0,100,Sell,224320981
2024-07-18 13:23:41,39900.0,200,Sell,224320982
2024-07-18 13:23:53,39850.0,100,Sell,224321452
2024-07-18 13:23:53,39850.0,200,Sell,224321453
2024-07-18 13:24:03,39900.0,200,Buy,224321919
2024-07-18 13:24:03,39900.0,100,Buy,224321917
2024-07-18 13:24:03,39900.0,400,Buy,224321918
2024-07-18 13:24:16,39900.0,1300,Sell,224322634
2024-07-18 13:24:22,39900.0,100,Buy,224322834
2024-07-18 13:24:39,39900.0,200,Buy,224323403
2024-07-18 13:24:41,39900.0,1000,Buy,224323487
2024-07-18 13:24:44,39900.0,100,Buy,224323634
2024-07-18 13:24:48,39900.0,300,Buy,224323815
2024-07-18 13:24:48,39900.0,700,Buy,224323816
2024-07-18 13:25:03,39850.0,100,Sell,224324457
2024-07-18 13:25:28,39850.0,100,Sell,224325225
2024-07-18 13:25:28,39850.0,100,Sell,224325227
2024-07-18 13:25:28,39850.0,100,Sell,224325226
2024-07-18 13:25:28,39850.0,100,Sell,224325224
2024-07-18 13:25:28,39850.0,1100,Sell,224325218
2024-07-18 13:25:28,39850.0,100,Sell,224325222
2024-07-18 13:25:28,39850.0,100,Sell,224325219
2024-07-18 13:25:28,39850.0,100,Sell,224325223
2024-07-18 13:25:28,39850.0,1000,Sell,224325221
2024-07-18 13:25:28,39850.0,100,Sell,224325220
2024-07-18 13:25:44,39850.0,300,Buy,224325712
2024-07-18 13:25:54,39850.0,100,Buy,224326098
2024-07-18 13:25:58,39800.0,1200,Sell,224326272
2024-07-18 13:25:58,39800.0,500,Sell,224326273
2024-07-18 13:25:58,39800.0,8300,Sell,224326274
2024-07-18 13:26:14,39800.0,200,Sell,224326809
2024-07-18 13:26:30,39800.0,100,Sell,224327329
2024-07-18 13:26:33,39850.0,8100,Buy,224327423
2024-07-18 13:26:33,39800.0,1100,Sell,224327438
2024-07-18 13:26:39,39850.0,100,Buy,224327556
2024-07-18 13:26:48,39850.0,200,Buy,224327773
2024-07-18 13:26:49,39850.0,500,Buy,224327830
2024-07-18 13:26:51,39800.0,300,Sell,224327902
2024-07-18 13:26:51,39800.0,200,Sell,224327903
2024-07-18 13:26:56,39850.0,500,Buy,224328039
2024-07-18 13:27:03,39850.0,700,Buy,224328218
2024-07-18 13:27:06,39850.0,300,Sell,224328301
2024-07-18 13:27:06,39850.0,1000,Sell,224328302
2024-07-18 13:27:13,39850.0,5700,Buy,224328482
2024-07-18 13:27:24,39850.0,200,Sell,224328861
2024-07-18 13:27:26,39900.0,100,Buy,224328931
2024-07-18 13:27:26,39900.0,500,Buy,224328930
2024-07-18 13:27:27,39850.0,100,Sell,224328976
2024-07-18 13:27:28,39850.0,400,Sell,224329018
2024-07-18 13:27:31,39900.0,100,Buy,224329054
2024-07-18 13:27:31,39900.0,1000,Buy,224329055
2024-07-18 13:27:31,39900.0,1000,Buy,224329056
2024-07-18 13:27:31,39900.0,2900,Buy,224329057
2024-07-18 13:27:38,39900.0,100,Buy,224329254
2024-07-18 13:27:38,39900.0,400,Buy,224329255
2024-07-18 13:27:38,39900.0,100,Buy,224329267
2024-07-18 13:27:41,39900.0,1000,Buy,224329399
2024-07-18 13:27:49,39900.0,100,Buy,224329655
2024-07-18 13:27:51,39900.0,200,Buy,224329694
2024-07-18 13:27:52,39900.0,100,Buy,224329729
2024-07-18 13:28:18,39900.0,1900,Sell,224330453
2024-07-18 13:28:18,39900.0,100,Sell,224330454
2024-07-18 13:28:20,39900.0,200,Buy,224330504
2024-07-18 13:28:23,39900.0,500,Buy,224330568
2024-07-18 13:28:30,39900.0,100,Buy,224330755
2024-07-18 13:28:30,39900.0,100,Buy,224330763
2024-07-18 13:28:41,39900.0,500,Buy,224331028
2024-07-18 13:29:00,39900.0,600,Sell,224331525
2024-07-18 13:29:00,39900.0,400,Sell,224331526
2024-07-18 13:29:04,39900.0,1000,Sell,224331662
2024-07-18 13:29:05,39900.0,200,Sell,224331674
2024-07-18 13:29:12,39900.0,400,Sell,224331838
2024-07-18 13:29:12,39900.0,200,Sell,224331835
2024-07-18 13:29:12,39900.0,200,Sell,224331836
2024-07-18 13:29:12,39900.0,100,Sell,224331837
2024-07-18 13:29:15,39900.0,100,Buy,224331931
2024-07-18 13:29:32,39950.0,1600,Buy,224332506
2024-07-18 13:30:15,39900.0,4000,Sell,224333861
2024-07-18 13:31:10,39950.0,500,Buy,224335709
2024-07-18 13:31:26,39950.0,100,Buy,224336343
2024-07-18 13:31:30,39950.0,100,Buy,224336454
2024-07-18 13:31:35,39900.0,200,Sell,224336601
2024-07-18 13:31:49,39950.0,100,Buy,224337064
2024-07-18 13:32:13,39950.0,2000,Buy,224337886
2024-07-18 13:32:30,39950.0,500,Buy,224338431
2024-07-18 13:32:30,39950.0,100,Buy,224338414
2024-07-18 13:32:32,39950.0,3000,Buy,224338503
2024-07-18 13:32:32,39950.0,500,Buy,224338504
2024-07-18 13:32:32,39950.0,500,Buy,224338505
2024-07-18 13:32:32,39950.0,300,Buy,224338506
2024-07-18 13:32:33,39950.0,600,Buy,224338567
2024-07-18 13:32:46,39950.0,100,Buy,224339115
2024-07-18 13:32:52,39950.0,1000,Buy,224339391
2024-07-18 13:32:52,39950.0,300,Sell,224339392
2024-07-18 13:32:52,39950.0,1000,Buy,224339389
2024-07-18 13:32:52,39950.0,100,Buy,224339390
2024-07-18 13:33:02,39950.0,1200,Sell,224339733
2024-07-18 13:33:02,39950.0,1300,Sell,224339732
2024-07-18 13:33:15,39950.0,200,Sell,224340178
2024-07-18 13:33:22,39950.0,3600,Sell,224340478
2024-07-18 13:33:22,39950.0,200,Sell,224340479
2024-07-18 13:33:22,39950.0,2000,Sell,224340480
2024-07-18 13:33:22,39950.0,1400,Sell,224340481
2024-07-18 13:33:32,40000.0,200,Buy,224340869
2024-07-18 13:33:45,40000.0,300,Buy,224341230
2024-07-18 13:33:49,40000.0,2000,Buy,224341348
2024-07-18 13:33:52,40000.0,300,Buy,224341433
2024-07-18 13:33:53,40000.0,2000,Buy,224341478
2024-07-18 13:33:58,40000.0,2000,Buy,224341641
2024-07-18 13:33:58,40000.0,500,Buy,224341642
2024-07-18 13:33:58,40000.0,1900,Buy,224341643
2024-07-18 13:33:58,40000.0,800,Buy,224341644
2024-07-18 13:33:58,40000.0,100,Buy,224341645
2024-07-18 13:33:58,40000.0,1600,Buy,224341646
2024-07-18 13:33:58,40000.0,1900,Buy,224341640
2024-07-18 13:34:08,40000.0,5000,Buy,224342038
2024-07-18 13:34:13,40000.0,100,Buy,224342261
2024-07-18 13:34:19,40000.0,500,Buy,224342509
2024-07-18 13:34:40,40000.0,1200,Buy,224343353
2024-07-18 13:34:42,39950.0,500,Sell,224343403
2024-07-18 13:34:44,39950.0,400,Sell,224343508
2024-07-18 13:34:44,39950.0,100,Sell,224343507
2024-07-18 13:34:45,40000.0,100,Buy,224343517
2024-07-18 13:34:47,40000.0,100,Buy,224343596
2024-07-18 13:34:47,40000.0,100,Buy,224343591
2024-07-18 13:34:53,40000.0,200,Buy,224343865
2024-07-18 13:34:59,40000.0,200,Buy,224344098
2024-07-18 13:35:01,40000.0,100,Buy,224344168
2024-07-18 13:35:02,40000.0,100,Buy,224344178
2024-07-18 13:35:05,40000.0,700,Buy,224344311
2024-07-18 13:35:05,40000.0,300,Buy,224344312
2024-07-18 13:35:07,40000.0,1000,Buy,224344363
2024-07-18 13:35:07,40000.0,200,Buy,224344362
2024-07-18 13:35:07,40000.0,100,Buy,224344361
2024-07-18 13:35:07,40000.0,2100,Buy,224344360
2024-07-18 13:35:07,40000.0,1000,Buy,224344359
2024-07-18 13:35:07,40000.0,500,Buy,224344358
2024-07-18 13:35:07,40000.0,3000,Buy,224344356
2024-07-18 13:35:07,40000.0,200,Buy,224344355
2024-07-18 13:35:07,40000.0,100,Buy,224344354
2024-07-18 13:35:07,40000.0,600,Buy,224344353
2024-07-18 13:35:07,40000.0,500,Buy,224344357
2024-07-18 13:35:15,40050.0,500,Buy,224344633
2024-07-18 13:35:16,40050.0,100,Buy,224344675
2024-07-18 13:35:23,40050.0,100,Buy,224344884
2024-07-18 13:35:24,40050.0,500,Buy,224344918
2024-07-18 13:35:28,40100.0,100,Buy,224345013
2024-07-18 13:35:28,40100.0,1000,Buy,224345012
2024-07-18 13:35:28,40100.0,2000,Buy,224345010
2024-07-18 13:35:28,40050.0,1300,Buy,224345009
2024-07-18 13:35:28,40100.0,1000,Buy,224345011
2024-07-18 13:35:52,40200.0,800,Buy,224345724
2024-07-18 13:35:52,40200.0,700,Buy,224345725
2024-07-18 13:35:56,40200.0,300,Buy,224345865
2024-07-18 13:35:56,40200.0,100,Buy,224345866
2024-07-18 13:35:56,40200.0,100,Buy,224345867
2024-07-18 13:35:56,40200.0,2400,Buy,224345868
2024-07-18 13:35:56,40200.0,100,Buy,224345869
2024-07-18 13:35:56,40200.0,1000,Buy,224345870
2024-07-18 13:35:58,40200.0,100,Buy,224345991
2024-07-18 13:36:15,40200.0,500,Buy,224346520
2024-07-18 13:36:37,40200.0,100,Buy,224347113
2024-07-18 13:36:40,40200.0,500,Buy,224347192
2024-07-18 13:36:40,40200.0,900,Buy,224347201
2024-07-18 13:36:55,40200.0,2500,Buy,224347687
2024-07-18 13:37:26,40100.0,4600,Sell,224348620
2024-07-18 13:37:26,40100.0,100,Sell,224348621
2024-07-18 13:37:26,40100.0,100,Sell,224348622
2024-07-18 13:37:42,40100.0,100,Buy,224349133
2024-07-18 13:37:45,40100.0,100,Buy,224349228
2024-07-18 13:38:01,40050.0,500,Sell,224349673
2024-07-18 13:38:15,40150.0,1000,Buy,224350134
2024-07-18 13:38:27,40150.0,200,Buy,224350461
2024-07-18 13:38:42,40150.0,800,Buy,224350990
2024-07-18 13:38:58,40150.0,1000,Sell,224351430
2024-07-18 13:39:24,40100.0,1000,Sell,224352241
2024-07-18 13:39:24,40100.0,1000,Sell,224352242
2024-07-18 13:39:24,40100.0,3000,Sell,224352243
2024-07-18 13:39:24,40100.0,500,Sell,224352244
2024-07-18 13:39:24,40100.0,1100,Sell,224352245
2024-07-18 13:39:25,40100.0,200,Buy,224352313
2024-07-18 13:39:29,40100.0,100,Buy,224352401
2024-07-18 13:39:33,40100.0,2000,Buy,224352515
2024-07-18 13:39:47,40100.0,2200,Buy,224352988
2024-07-18 13:39:54,40100.0,2000,Buy,224353177
2024-07-18 13:40:15,40050.0,200,Sell,224353722
2024-07-18 13:40:15,40050.0,300,Sell,224353721
2024-07-18 13:40:20,40100.0,100,Buy,224353880
2024-07-18 13:40:41,40050.0,800,Sell,224354507
2024-07-18 13:40:41,40050.0,100,Sell,224354508
2024-07-18 13:40:41,40050.0,500,Sell,224354510
2024-07-18 13:40:41,40050.0,2000,Sell,224354511
2024-07-18 13:40:41,40050.0,300,Sell,224354512
2024-07-18 13:40:41,40050.0,200,Sell,224354513
2024-07-18 13:40:41,40050.0,100,Sell,224354514
2024-07-18 13:40:41,40050.0,200,Sell,224354515
2024-07-18 13:40:41,40050.0,100,Sell,224354516
2024-07-18 13:40:41,40050.0,100,Sell,224354517
2024-07-18 13:40:42,40050.0,800,Buy,224354532
2024-07-18 13:40:46,40050.0,100,Buy,224354650
2024-07-18 13:40:53,40050.0,500,Buy,224354926
2024-07-18 13:40:53,40050.0,700,Buy,224354925
2024-07-18 13:40:58,40050.0,800,Sell,224355018
2024-07-18 13:40:58,40050.0,100,Sell,224355019
2024-07-18 13:41:02,40050.0,100,Buy,224355180
2024-07-18 13:41:03,40050.0,100,Sell,224355203
2024-07-18 13:41:04,40050.0,400,Buy,224355211
2024-07-18 13:41:27,40100.0,100,Buy,224355819
2024-07-18 13:42:09,40000.0,700,Sell,224357172
2024-07-18 13:42:09,40000.0,500,Sell,224357171
2024-07-18 13:42:09,40000.0,200,Sell,224357170
2024-07-18 13:42:09,40000.0,1000,Sell,224357169
2024-07-18 13:42:09,40000.0,1500,Sell,224357168
2024-07-18 13:42:09,40000.0,500,Sell,224357167
2024-07-18 13:42:09,40000.0,100,Sell,224357165
2024-07-18 13:42:09,40000.0,1000,Sell,224357164
2024-07-18 13:42:09,40000.0,10700,Sell,224357163
2024-07-18 13:42:09,40050.0,2000,Sell,224357162
2024-07-18 13:42:09,40050.0,1000,Sell,224357161
2024-07-18 13:42:09,40050.0,600,Sell,224357160
2024-07-18 13:42:09,40000.0,200,Sell,224357166
2024-07-18 13:42:29,40000.0,300,Sell,224357673
2024-07-18 13:42:37,40000.0,100,Sell,224357887
2024-07-18 13:42:37,40000.0,100,Sell,224357886
2024-07-18 13:42:37,40000.0,400,Sell,224357885
2024-07-18 13:42:37,40000.0,100,Sell,224357882
2024-07-18 13:42:37,40000.0,100,Sell,224357883
2024-07-18 13:42:37,40000.0,200,Sell,224357884
2024-07-18 13:42:37,40000.0,2000,Sell,224357881
2024-07-18 13:42:50,40000.0,100,Sell,224358268
2024-07-18 13:42:51,40000.0,200,Buy,224358304
2024-07-18 13:42:55,40050.0,100,Buy,224358406
2024-07-18 13:42:55,40000.0,800,Sell,224358407
2024-07-18 13:42:59,40000.0,200,Buy,224358502
2024-07-18 13:43:01,40000.0,100,Buy,224358529
2024-07-18 13:43:01,40000.0,100,Buy,224358530
2024-07-18 13:43:01,40000.0,900,Buy,224358545
2024-07-18 13:43:07,40000.0,500,Sell,224358682
2024-07-18 13:43:07,40000.0,100,Sell,224358681
2024-07-18 13:43:30,40000.0,2000,Sell,224359456
2024-07-18 13:43:30,40000.0,1500,Sell,224359457
2024-07-18 13:43:30,40000.0,1000,Sell,224359458
2024-07-18 13:43:30,40000.0,500,Sell,224359455
2024-07-18 13:43:35,40000.0,200,Sell,224359560
2024-07-18 13:43:50,40000.0,100,Buy,224360003
2024-07-18 13:43:51,39950.0,100,Sell,224360006
2024-07-18 13:43:51,39950.0,100,Sell,224360007
2024-07-18 13:43:51,39950.0,300,Sell,224360008
2024-07-18 13:43:51,39950.0,500,Sell,224360009
2024-07-18 13:44:11,39950.0,500,Sell,224360757
2024-07-18 13:44:11,39950.0,500,Sell,224360756
2024-07-18 13:44:18,40000.0,100,Buy,224360925
2024-07-18 13:44:25,40000.0,200,Buy,224361122
2024-07-18 13:44:27,40000.0,300,Buy,224361208
2024-07-18 13:44:27,40000.0,100,Buy,224361209
2024-07-18 13:44:50,40000.0,500,Buy,224362163
2024-07-18 13:45:00,40000.0,200,Buy,224362552
2024-07-18 13:45:01,40000.0,200,Buy,224362572
2024-07-18 13:45:01,40000.0,300,Buy,224362573
2024-07-18 13:45:10,40000.0,200,Buy,224362774
2024-07-18 13:45:39,40000.0,500,Buy,224363400
2024-07-18 13:45:40,40000.0,100,Buy,224363418
2024-07-18 13:45:46,40000.0,500,Buy,224363530
2024-07-18 13:45:52,40000.0,500,Buy,224363696
2024-07-18 13:45:52,40000.0,400,Buy,224363697
2024-07-18 13:45:52,40000.0,2100,Buy,224363695
2024-07-18 13:45:53,40000.0,2000,Buy,224363718
2024-07-18 13:45:53,40000.0,200,Buy,224363719
2024-07-18 13:45:53,40000.0,1500,Buy,224363720
2024-07-18 13:45:53,40000.0,500,Buy,224363721
2024-07-18 13:45:53,40000.0,800,Buy,224363722
2024-07-18 13:45:59,40000.0,200,Buy,224363890
2024-07-18 13:46:12,40000.0,300,Sell,224364234
2024-07-18 13:46:12,40000.0,500,Sell,224364232
2024-07-18 13:46:12,40000.0,100,Sell,224364233
2024-07-18 13:46:32,40000.0,700,Sell,224364626
2024-07-18 13:46:32,40000.0,300,Sell,224364627
2024-07-18 13:46:39,40000.0,200,Sell,224364770
2024-07-18 13:46:39,40050.0,100,Buy,224364761
2024-07-18 13:46:39,40050.0,400,Buy,224364762
2024-07-18 13:46:47,40000.0,1500,Sell,224364954
2024-07-18 13:46:47,40000.0,100,Sell,224364955
2024-07-18 13:47:30,40050.0,1000,Buy,224366100
2024-07-18 13:47:32,40050.0,100,Buy,224366141
2024-07-18 13:47:53,40050.0,100,Buy,224366697
2024-07-18 13:48:03,40050.0,100,Buy,224366963
2024-07-18 13:48:07,40050.0,1100,Buy,224367059
2024-07-18 13:48:07,40050.0,500,Buy,224367058
2024-07-18 13:48:07,40050.0,100,Buy,224367057
2024-07-18 13:48:07,40050.0,3300,Buy,224367056
2024-07-18 13:49:10,40050.0,100,Sell,224368495
2024-07-18 13:49:10,40050.0,2000,Sell,224368496
2024-07-18 13:49:37,40050.0,200,Buy,224369187
2024-07-18 13:49:38,40050.0,1000,Buy,224369208
2024-07-18 13:49:51,40050.0,800,Buy,224369580
2024-07-18 13:49:51,40050.0,100,Buy,224369579
2024-07-18 13:49:51,40050.0,2000,Buy,224369577
2024-07-18 13:49:51,40050.0,1700,Buy,224369576
2024-07-18 13:49:51,40050.0,400,Buy,224369578
2024-07-18 13:49:58,40000.0,400,Sell,224369774
2024-07-18 13:49:58,40050.0,1700,Buy,224369798
2024-07-18 13:49:58,40000.0,700,Sell,224369782
2024-07-18 13:49:58,40000.0,100,Sell,224369781
2024-07-18 13:49:58,40000.0,100,Sell,224369780
2024-07-18 13:49:58,40000.0,300,Sell,224369779
2024-07-18 13:49:58,40000.0,5000,Sell,224369778
2024-07-18 13:49:58,40000.0,30000,Sell,224369777
2024-07-18 13:49:58,40000.0,5000,Sell,224369776
2024-07-18 13:49:58,40000.0,500,Sell,224369775
2024-07-18 13:49:58,40000.0,500,Sell,224369773
2024-07-18 13:49:58,40000.0,200,Sell,224369764
2024-07-18 13:49:58,40000.0,300,Sell,224369771
2024-07-18 13:49:58,40000.0,5000,Sell,224369770
2024-07-18 13:49:58,40000.0,100,Sell,224369769
2024-07-18 13:49:58,40000.0,600,Sell,224369768
2024-07-18 13:49:58,40000.0,1000,Sell,224369767
2024-07-18 13:49:58,40000.0,200,Sell,224369766
2024-07-18 13:49:58,40000.0,100,Sell,224369765
2024-07-18 13:49:58,40000.0,100,Sell,224369762
2024-07-18 13:49:58,40000.0,100,Sell,224369761
2024-07-18 13:49:58,40000.0,1000,Sell,224369772
2024-07-18 13:49:58,40000.0,200,Sell,224369763
2024-07-18 13:50:36,40050.0,200,Sell,224370627
2024-07-18 13:51:03,40100.0,100,Buy,224371477
2024-07-18 13:51:20,40050.0,200,Sell,224372080
2024-07-18 13:51:26,40050.0,100,Sell,224372229
2024-07-18 13:51:31,40050.0,100,Sell,224372412
2024-07-18 13:51:39,40100.0,1000,Buy,224372699
2024-07-18 13:51:44,40050.0,1000,Sell,224372826
2024-07-18 13:52:20,40050.0,1700,Sell,224374115
2024-07-18 13:52:20,40050.0,2400,Sell,224374116
2024-07-18 13:52:20,40050.0,100,Sell,224374117
2024-07-18 13:52:20,40050.0,3900,Sell,224374118
2024-07-18 13:52:20,40050.0,300,Sell,224374119
2024-07-18 13:52:20,40050.0,2000,Sell,224374120
2024-07-18 13:52:20,40050.0,2000,Sell,224374121
2024-07-18 13:52:33,40000.0,100,Sell,224374525
2024-07-18 13:52:33,40000.0,500,Sell,224374524
2024-07-18 13:52:33,40000.0,2000,Sell,224374523
2024-07-18 13:52:33,40000.0,100,Sell,224374522
2024-07-18 13:52:33,40000.0,2800,Sell,224374521
2024-07-18 13:52:33,40000.0,100,Sell,224374517
2024-07-18 13:52:33,40000.0,300,Sell,224374519
2024-07-18 13:52:33,40000.0,100,Sell,224374518
2024-07-18 13:52:33,40000.0,300,Sell,224374515
2024-07-18 13:52:33,40000.0,300,Sell,224374514
2024-07-18 13:52:33,40000.0,200,Sell,224374520
2024-07-18 13:52:33,40000.0,100,Sell,224374516
2024-07-18 13:52:39,40000.0,100,Buy,224374687
2024-07-18 13:52:45,40000.0,200,Buy,224374862
2024-07-18 13:52:45,40000.0,200,Buy,224374861
