time,price,volume,match_type,id
2024-07-30 09:14:41,37850.0,44500,ATO/ATC,227139699
2024-07-30 09:14:42,37850.0,100,Buy,227139803
2024-07-30 09:14:57,37850.0,100,Sell,227140177
2024-07-30 09:16:02,38000.0,500,Buy,227142685
2024-07-30 09:16:10,38000.0,100,Buy,227142869
2024-07-30 09:16:11,38000.0,200,Buy,227142879
2024-07-30 09:16:18,38000.0,600,Buy,227143093
2024-07-30 09:16:23,38000.0,500,Buy,227143199
2024-07-30 09:16:28,38000.0,100,Buy,227143347
2024-07-30 09:16:35,38100.0,100,Buy,227143539
2024-07-30 09:17:09,38100.0,400,Buy,227144661
2024-07-30 09:17:09,38100.0,100,Buy,227144660
2024-07-30 09:17:19,38100.0,1000,Buy,227145015
2024-07-30 09:17:55,38100.0,3600,Buy,227146505
2024-07-30 09:17:55,38100.0,300,Buy,227146506
2024-07-30 09:18:26,37950.0,100,Sell,227147517
2024-07-30 09:18:26,38000.0,1000,Sell,227147515
2024-07-30 09:18:26,38000.0,100,Sell,227147516
2024-07-30 09:18:26,38000.0,100,Sell,227147513
2024-07-30 09:18:26,38000.0,2000,Sell,227147512
2024-07-30 09:18:26,38000.0,200,Sell,227147511
2024-07-30 09:18:26,38000.0,200,Sell,227147514
2024-07-30 09:18:39,37950.0,100,Buy,227147990
2024-07-30 09:18:40,37900.0,400,Sell,227148031
2024-07-30 09:18:45,37900.0,200,Sell,227148192
2024-07-30 09:19:03,37950.0,5000,Buy,227148888
2024-07-30 09:19:07,37900.0,400,Sell,227149031
2024-07-30 09:19:07,37950.0,1000,Buy,227149041
2024-07-30 09:19:07,37900.0,900,Sell,227149030
2024-07-30 09:19:07,37900.0,100,Sell,227149027
2024-07-30 09:19:07,37900.0,100,Sell,227149028
2024-07-30 09:19:07,37900.0,400,Sell,227149026
2024-07-30 09:19:07,37900.0,100,Sell,227149029
2024-07-30 09:19:17,37900.0,200,Buy,227149421
2024-07-30 09:19:19,37900.0,300,Buy,227149486
2024-07-30 09:19:20,37850.0,300,Sell,227149531
2024-07-30 09:19:33,37850.0,2000,Sell,227149900
2024-07-30 09:19:33,37850.0,1000,Sell,227149906
2024-07-30 09:19:33,37850.0,500,Sell,227149905
2024-07-30 09:19:33,37850.0,700,Sell,227149904
2024-07-30 09:19:33,37850.0,300,Sell,227149903
2024-07-30 09:19:33,37850.0,200,Sell,227149902
2024-07-30 09:19:33,37850.0,100,Sell,227149901
2024-07-30 09:19:33,37850.0,300,Sell,227149899
2024-07-30 09:19:33,37850.0,500,Sell,227149892
2024-07-30 09:19:33,37850.0,100,Sell,227149897
2024-07-30 09:19:33,37850.0,1300,Sell,227149898
2024-07-30 09:19:33,37850.0,400,Sell,227149890
2024-07-30 09:19:33,37850.0,200,Sell,227149893
2024-07-30 09:19:33,37850.0,100,Sell,227149891
2024-07-30 09:19:33,37850.0,1000,Sell,227149895
2024-07-30 09:19:33,37850.0,1000,Sell,227149896
2024-07-30 09:19:33,37850.0,100,Sell,227149894
2024-07-30 09:19:49,37800.0,100,Sell,227150472
2024-07-30 09:19:49,37800.0,6900,Sell,227150473
2024-07-30 09:19:55,37800.0,3000,Sell,227150759
2024-07-30 09:20:01,37800.0,100,Sell,227150936
2024-07-30 09:20:01,37800.0,200,Sell,227150937
2024-07-30 09:20:01,37800.0,500,Sell,227150938
2024-07-30 09:20:01,37800.0,100,Sell,227150939
2024-07-30 09:20:01,37800.0,200,Sell,227150940
2024-07-30 09:20:01,37800.0,100,Sell,227150941
2024-07-30 09:20:01,37800.0,100,Sell,227150942
2024-07-30 09:20:01,37800.0,700,Sell,227150943
2024-07-30 09:20:05,37800.0,400,Sell,227151067
2024-07-30 09:20:05,37800.0,200,Sell,227151066
2024-07-30 09:20:05,37800.0,100,Sell,227151064
2024-07-30 09:20:05,37800.0,200,Sell,227151065
2024-07-30 09:20:05,37800.0,100,Sell,227151063
2024-07-30 09:20:19,37800.0,100,Sell,227151509
2024-07-30 09:20:19,37800.0,300,Sell,227151510
2024-07-30 09:20:19,37800.0,100,Sell,227151511
2024-07-30 09:20:19,37800.0,200,Sell,227151512
2024-07-30 09:20:19,37800.0,300,Sell,227151513
2024-07-30 09:20:21,37850.0,500,Buy,227151548
2024-07-30 09:20:23,37800.0,100,Sell,227151585
2024-07-30 09:20:24,37800.0,200,Sell,227151613
2024-07-30 09:20:46,37800.0,600,Sell,227152268
2024-07-30 09:21:28,37850.0,500,Buy,227153546
2024-07-30 09:21:34,37800.0,400,Sell,227153731
2024-07-30 09:21:35,37850.0,200,Buy,227153766
2024-07-30 09:21:51,37850.0,100,Buy,227154209
2024-07-30 09:21:54,37800.0,200,Sell,227154276
2024-07-30 09:21:54,37800.0,800,Sell,227154277
2024-07-30 09:21:54,37800.0,700,Sell,227154275
2024-07-30 09:22:03,37800.0,100,Sell,227154512
2024-07-30 09:22:42,37800.0,100,Sell,227155556
2024-07-30 09:22:42,37800.0,100,Sell,227155562
2024-07-30 09:22:42,37800.0,300,Sell,227155563
2024-07-30 09:22:44,37800.0,200,Sell,227155662
2024-07-30 09:22:46,37800.0,100,Sell,227155720
2024-07-30 09:22:46,37800.0,500,Sell,227155717
2024-07-30 09:22:46,37800.0,1000,Sell,227155716
2024-07-30 09:22:46,37800.0,1600,Sell,227155719
2024-07-30 09:22:46,37800.0,100,Sell,227155714
2024-07-30 09:22:46,37800.0,500,Sell,227155715
2024-07-30 09:22:46,37800.0,300,Sell,227155712
2024-07-30 09:22:46,37800.0,600,Sell,227155718
2024-07-30 09:22:46,37800.0,300,Sell,227155713
2024-07-30 09:23:00,37800.0,100,Sell,227156202
2024-07-30 09:23:00,37800.0,100,Sell,227156203
2024-07-30 09:23:00,37800.0,800,Sell,227156204
2024-07-30 09:23:04,37800.0,200,Sell,227156365
2024-07-30 09:23:20,37800.0,300,Buy,227156795
2024-07-30 09:23:41,37800.0,600,Sell,227157365
2024-07-30 09:23:41,37800.0,1000,Sell,227157366
2024-07-30 09:23:41,37800.0,1100,Sell,227157367
2024-07-30 09:23:53,37800.0,100,Buy,227157692
2024-07-30 09:24:04,37800.0,3000,Buy,227157949
2024-07-30 09:24:10,37800.0,1000,Buy,227158155
2024-07-30 09:24:37,37800.0,100,Buy,227158797
2024-07-30 09:24:41,37800.0,100,Buy,227158901
2024-07-30 09:25:31,37800.0,2700,Buy,227160306
2024-07-30 09:25:31,37800.0,300,Buy,227160305
2024-07-30 09:25:36,37800.0,500,Buy,227160425
2024-07-30 09:25:44,37800.0,500,Buy,227160647
2024-07-30 09:25:45,37800.0,100,Buy,227160702
2024-07-30 09:25:46,37800.0,400,Buy,227160727
2024-07-30 09:25:55,37800.0,200,Buy,227160943
2024-07-30 09:25:56,37800.0,500,Buy,227161008
2024-07-30 09:26:04,37800.0,100,Buy,227161255
2024-07-30 09:26:04,37800.0,3300,Buy,227161258
2024-07-30 09:26:04,37850.0,100,Buy,227161263
2024-07-30 09:26:04,37850.0,100,Buy,227161264
2024-07-30 09:26:07,37850.0,200,Buy,227161326
2024-07-30 09:26:26,37850.0,500,Buy,227161809
2024-07-30 09:26:26,37850.0,100,Buy,227161808
2024-07-30 09:26:29,37850.0,200,Buy,227161932
2024-07-30 09:26:37,37850.0,500,Buy,227162107
2024-07-30 09:26:37,37850.0,300,Buy,227162106
2024-07-30 09:26:47,37850.0,300,Sell,227162378
2024-07-30 09:26:47,37850.0,200,Sell,227162377
2024-07-30 09:27:13,37900.0,300,Buy,227163103
2024-07-30 09:27:27,37900.0,100,Buy,227163622
2024-07-30 09:27:42,37900.0,100,Buy,227164010
2024-07-30 09:27:49,37900.0,1000,Buy,227164198
2024-07-30 09:27:53,37900.0,1000,Buy,227164306
2024-07-30 09:27:55,37900.0,1000,Buy,227164365
2024-07-30 09:27:55,37900.0,1000,Buy,227164366
2024-07-30 09:27:55,37900.0,400,Buy,227164367
2024-07-30 09:27:55,37900.0,200,Buy,227164368
2024-07-30 09:27:55,37900.0,200,Buy,227164369
2024-07-30 09:27:58,37900.0,700,Sell,227164495
2024-07-30 09:28:00,37950.0,200,Buy,227164522
2024-07-30 09:28:00,38000.0,300,Buy,227164523
2024-07-30 09:28:00,38000.0,3000,Buy,227164524
2024-07-30 09:28:00,38000.0,300,Buy,227164525
2024-07-30 09:28:00,37950.0,200,Buy,227164521
2024-07-30 09:28:24,38000.0,1000,Sell,227165259
2024-07-30 09:28:24,37900.0,1500,Sell,227165260
2024-07-30 09:28:24,37900.0,500,Sell,227165261
2024-07-30 09:28:24,37850.0,700,Sell,227165262
2024-07-30 09:28:24,37850.0,1000,Sell,227165263
2024-07-30 09:28:24,37850.0,100,Sell,227165264
2024-07-30 09:29:39,38000.0,3200,Buy,227167895
2024-07-30 09:29:44,38000.0,200,Sell,227168059
2024-07-30 09:30:22,38000.0,800,Sell,227169421
2024-07-30 09:31:19,38000.0,500,Sell,227171135
2024-07-30 09:31:38,38050.0,4000,Buy,227171712
2024-07-30 09:31:55,38050.0,200,Buy,227172234
2024-07-30 09:32:04,38050.0,300,Buy,227172501
2024-07-30 09:32:37,38050.0,200,Buy,227173564
2024-07-30 09:32:40,38050.0,300,Buy,227173644
2024-07-30 09:32:40,38050.0,200,Buy,227173645
2024-07-30 09:32:40,38050.0,300,Buy,227173646
2024-07-30 09:32:47,38050.0,100,Buy,227173811
2024-07-30 09:33:03,38050.0,100,Sell,227174211
2024-07-30 09:33:03,38050.0,100,Sell,227174212
2024-07-30 09:33:03,38050.0,200,Sell,227174213
2024-07-30 09:33:09,38050.0,2000,Buy,227174361
2024-07-30 09:33:12,38000.0,200,Sell,227174395
2024-07-30 09:33:12,38000.0,200,Sell,227174394
2024-07-30 09:33:12,38000.0,300,Sell,227174393
2024-07-30 09:33:21,38000.0,800,Sell,227174591
2024-07-30 09:33:21,38000.0,500,Sell,227174592
2024-07-30 09:33:21,38000.0,100,Sell,227174593
2024-07-30 09:33:21,38000.0,100,Sell,227174594
2024-07-30 09:33:29,38000.0,100,Sell,227174793
2024-07-30 09:33:43,37900.0,500,Sell,227175156
2024-07-30 09:34:49,37950.0,200,Sell,227176844
2024-07-30 09:34:58,37950.0,100,Sell,227177083
2024-07-30 09:35:57,37950.0,200,Sell,227178443
2024-07-30 09:35:57,37950.0,300,Sell,227178444
2024-07-30 09:36:19,37950.0,1000,Sell,227178924
2024-07-30 09:36:19,37950.0,2100,Sell,227178925
2024-07-30 09:36:19,37950.0,100,Sell,227178922
2024-07-30 09:36:19,37950.0,100,Sell,227178923
2024-07-30 09:36:19,37950.0,700,Sell,227178921
2024-07-30 09:36:42,38000.0,100,Buy,227179397
2024-07-30 09:37:00,38000.0,100,Buy,227179856
2024-07-30 09:37:02,37950.0,1400,Sell,227179900
2024-07-30 09:37:02,37950.0,8100,Sell,227179901
2024-07-30 09:37:02,37950.0,100,Sell,227179902
2024-07-30 09:38:19,37950.0,500,Sell,227181774
2024-07-30 09:38:35,38000.0,1700,Buy,227182090
2024-07-30 09:38:35,38000.0,1000,Buy,227182091
2024-07-30 09:38:35,38000.0,200,Buy,227182092
2024-07-30 09:38:35,38000.0,2100,Buy,227182093
2024-07-30 09:39:05,38000.0,200,Buy,227182723
2024-07-30 09:39:08,38000.0,700,Buy,227182805
2024-07-30 09:39:08,38000.0,100,Buy,227182806
2024-07-30 09:39:08,38000.0,1200,Buy,227182807
2024-07-30 09:39:36,38000.0,400,Buy,227183338
2024-07-30 09:39:36,38000.0,300,Buy,227183337
2024-07-30 09:39:36,38000.0,300,Buy,227183336
2024-07-30 09:39:41,38000.0,600,Buy,227183450
2024-07-30 09:40:15,38000.0,500,Sell,227184153
2024-07-30 09:40:16,38000.0,1900,Sell,227184162
2024-07-30 09:40:16,38000.0,100,Sell,227184163
2024-07-30 09:40:16,38000.0,200,Sell,227184164
2024-07-30 09:40:16,38000.0,1100,Sell,227184165
2024-07-30 09:40:26,38000.0,1000,Buy,227184418
2024-07-30 09:40:48,38050.0,2600,Buy,227184879
2024-07-30 09:40:48,38050.0,2400,Buy,227184880
2024-07-30 09:40:49,38000.0,3000,Sell,227184896
2024-07-30 09:41:06,38050.0,200,Buy,227185280
2024-07-30 09:41:06,38050.0,200,Buy,227185281
2024-07-30 09:41:06,38050.0,1800,Buy,227185278
2024-07-30 09:41:06,38050.0,500,Buy,227185279
2024-07-30 09:41:35,38050.0,2000,Sell,227185881
2024-07-30 09:41:36,38050.0,300,Sell,227185912
2024-07-30 09:41:36,38050.0,1500,Sell,227185913
2024-07-30 09:41:51,38050.0,500,Sell,227186215
2024-07-30 09:41:52,38050.0,1500,Sell,227186229
2024-07-30 09:41:52,38050.0,1200,Sell,227186230
2024-07-30 09:42:23,38050.0,5000,Sell,227186725
2024-07-30 09:42:24,38050.0,1000,Sell,227186739
2024-07-30 09:43:11,38050.0,100,Sell,227187655
2024-07-30 09:43:11,38050.0,400,Sell,227187658
2024-07-30 09:43:36,38000.0,100,Sell,227188281
2024-07-30 09:43:36,38000.0,500,Sell,227188282
2024-07-30 09:43:36,38000.0,100,Sell,227188279
2024-07-30 09:43:36,38000.0,300,Sell,227188280
2024-07-30 09:43:47,38000.0,100,Buy,227188502
2024-07-30 09:44:14,38000.0,100,Buy,227189041
2024-07-30 09:44:19,38000.0,200,Buy,227189145
2024-07-30 09:44:42,38000.0,500,Buy,227189604
2024-07-30 09:45:42,37950.0,400,Sell,227190812
2024-07-30 09:45:42,37950.0,1100,Sell,227190803
2024-07-30 09:45:42,37950.0,500,Sell,227190804
2024-07-30 09:45:42,37950.0,300,Sell,227190805
2024-07-30 09:45:42,37950.0,100,Sell,227190806
2024-07-30 09:45:42,37950.0,500,Sell,227190807
2024-07-30 09:45:42,37950.0,100,Sell,227190808
2024-07-30 09:45:42,37950.0,200,Sell,227190809
2024-07-30 09:45:42,37950.0,100,Sell,227190810
2024-07-30 09:45:42,37950.0,100,Sell,227190811
2024-07-30 09:46:16,37950.0,100,Buy,227191501
2024-07-30 09:46:37,37950.0,500,Buy,227192136
2024-07-30 09:46:47,37950.0,1000,Buy,227192362
2024-07-30 09:46:47,37950.0,200,Buy,227192363
2024-07-30 09:47:26,37950.0,100,Sell,227193270
2024-07-30 09:47:47,38000.0,100,Buy,227193699
2024-07-30 09:47:47,38000.0,100,Buy,227193698
2024-07-30 09:47:52,38000.0,100,Buy,227193802
2024-07-30 09:48:14,38000.0,100,Buy,227194555
2024-07-30 09:48:19,38000.0,100,Buy,227194720
2024-07-30 09:48:43,38000.0,300,Buy,227195210
2024-07-30 09:48:43,38000.0,100,Buy,227195211
2024-07-30 09:48:43,38000.0,1000,Buy,227195212
2024-07-30 09:48:43,38000.0,500,Buy,227195213
2024-07-30 09:48:43,38000.0,400,Buy,227195214
2024-07-30 09:49:11,37950.0,400,Sell,227195764
2024-07-30 09:49:24,37950.0,100,Sell,227196053
2024-07-30 09:51:52,38000.0,100,Buy,227199542
2024-07-30 09:55:03,38000.0,100,Buy,227203446
2024-07-30 09:55:25,38000.0,200,Buy,227203910
2024-07-30 09:55:25,38000.0,200,Buy,227203911
2024-07-30 09:55:25,38000.0,100,Buy,227203909
2024-07-30 09:55:35,38000.0,200,Buy,227204202
2024-07-30 09:56:15,37950.0,300,Sell,227204966
2024-07-30 09:56:15,37950.0,100,Sell,227204967
2024-07-30 09:56:15,37950.0,2500,Sell,227204968
2024-07-30 09:56:15,37950.0,400,Sell,227204969
2024-07-30 09:56:27,37950.0,9100,Sell,227205156
2024-07-30 09:56:27,37950.0,900,Sell,227205163
2024-07-30 09:57:07,37950.0,800,Buy,227206004
2024-07-30 09:57:25,37950.0,100,Buy,227206372
2024-07-30 09:58:02,37950.0,1100,Buy,227207069
2024-07-30 09:58:02,37950.0,100,Buy,227207067
2024-07-30 09:58:02,37950.0,800,Buy,227207068
2024-07-30 09:58:17,37950.0,300,Buy,227207299
2024-07-30 09:58:38,37950.0,100,Buy,227207763
2024-07-30 09:59:16,37900.0,300,Sell,227208451
2024-07-30 09:59:17,37900.0,4200,Sell,227208493
2024-07-30 09:59:17,37900.0,100,Sell,227208492
2024-07-30 09:59:17,37900.0,100,Sell,227208491
2024-07-30 09:59:17,37900.0,1000,Sell,227208490
2024-07-30 09:59:17,37900.0,400,Sell,227208489
2024-07-30 09:59:17,37900.0,500,Sell,227208488
2024-07-30 09:59:17,37900.0,300,Sell,227208487
2024-07-30 09:59:17,37900.0,100,Sell,227208486
2024-07-30 09:59:17,37900.0,500,Sell,227208485
2024-07-30 09:59:17,37900.0,500,Sell,227208484
2024-07-30 09:59:17,37900.0,1000,Sell,227208482
2024-07-30 09:59:17,37900.0,1600,Sell,227208481
2024-07-30 09:59:17,37900.0,100,Sell,227208480
2024-07-30 09:59:17,37900.0,100,Sell,227208479
2024-07-30 09:59:17,37900.0,400,Sell,227208478
2024-07-30 09:59:17,37900.0,1000,Sell,227208477
2024-07-30 09:59:17,37900.0,1000,Sell,227208476
2024-07-30 09:59:17,37900.0,100,Sell,227208475
2024-07-30 09:59:17,37900.0,1000,Sell,227208474
2024-07-30 09:59:17,37900.0,100,Sell,227208473
2024-07-30 09:59:17,37900.0,200,Sell,227208472
2024-07-30 09:59:17,37900.0,100,Sell,227208483
2024-07-30 09:59:59,37900.0,1000,Sell,227209354
2024-07-30 10:00:08,37900.0,500,Sell,227209675
2024-07-30 10:00:57,37900.0,4000,Sell,227210410
2024-07-30 10:00:58,37900.0,100,Sell,227210440
2024-07-30 10:01:00,37900.0,1100,Sell,227210473
2024-07-30 10:01:00,37900.0,1000,Sell,227210478
2024-07-30 10:01:00,37900.0,200,Sell,227210472
2024-07-30 10:01:00,37900.0,1000,Sell,227210477
2024-07-30 10:01:15,37950.0,1000,Buy,227210701
2024-07-30 10:01:15,37950.0,5000,Buy,227210702
2024-07-30 10:01:15,37950.0,500,Buy,227210703
2024-07-30 10:01:15,37950.0,5000,Buy,227210704
2024-07-30 10:01:19,38000.0,100,Buy,227210848
2024-07-30 10:01:19,38000.0,200,Buy,227210849
2024-07-30 10:01:19,38000.0,300,Buy,227210850
2024-07-30 10:01:53,37950.0,3500,Sell,227211422
2024-07-30 10:02:14,37950.0,1500,Buy,227211802
2024-07-30 10:03:56,37850.0,4000,Sell,227213490
2024-07-30 10:03:56,37850.0,4300,Sell,227213489
2024-07-30 10:03:56,37850.0,100,Sell,227213488
2024-07-30 10:03:56,37900.0,100,Sell,227213486
2024-07-30 10:03:56,37850.0,500,Sell,227213487
2024-07-30 10:04:19,37850.0,300,Sell,227213943
2024-07-30 10:04:19,37850.0,100,Sell,227213944
2024-07-30 10:04:19,37850.0,100,Sell,227213945
2024-07-30 10:04:41,37900.0,100,Buy,227214359
2024-07-30 10:04:41,37900.0,900,Buy,227214360
2024-07-30 10:05:03,37850.0,500,Sell,227214686
2024-07-30 10:05:03,37850.0,100,Sell,227214687
2024-07-30 10:05:03,37850.0,100,Sell,227214688
2024-07-30 10:05:05,37850.0,200,Sell,227214710
2024-07-30 10:05:05,37850.0,700,Sell,227214709
2024-07-30 10:05:05,37850.0,500,Sell,227214707
2024-07-30 10:05:05,37850.0,4800,Sell,227214706
2024-07-30 10:05:05,37850.0,800,Sell,227214708
2024-07-30 10:05:07,37850.0,300,Sell,227214766
2024-07-30 10:05:07,37850.0,200,Sell,227214767
2024-07-30 10:05:08,37850.0,2200,Sell,227214795
2024-07-30 10:05:08,37850.0,100,Sell,227214794
2024-07-30 10:05:08,37850.0,100,Sell,227214796
2024-07-30 10:05:08,37850.0,100,Sell,227214792
2024-07-30 10:05:08,37850.0,1000,Sell,227214791
2024-07-30 10:05:08,37850.0,3000,Sell,227214793
2024-07-30 10:05:51,37800.0,1000,Sell,227215477
2024-07-30 10:05:51,37800.0,500,Sell,227215478
2024-07-30 10:05:51,37800.0,300,Sell,227215479
2024-07-30 10:05:51,37800.0,200,Sell,227215480
2024-07-30 10:05:53,37800.0,1000,Sell,227215513
2024-07-30 10:05:53,37800.0,900,Sell,227215516
2024-07-30 10:05:53,37800.0,100,Sell,227215515
2024-07-30 10:05:53,37800.0,200,Sell,227215514
2024-07-30 10:05:53,37800.0,100,Sell,227215512
2024-07-30 10:05:53,37800.0,200,Sell,227215506
2024-07-30 10:05:53,37800.0,200,Sell,227215510
2024-07-30 10:05:53,37800.0,100,Sell,227215509
2024-07-30 10:05:53,37800.0,1000,Sell,227215508
2024-07-30 10:05:53,37800.0,200,Sell,227215507
2024-07-30 10:05:53,37800.0,300,Sell,227215511
2024-07-30 10:06:25,37800.0,400,Sell,227215948
2024-07-30 10:06:25,37800.0,100,Sell,227215945
2024-07-30 10:06:25,37800.0,100,Sell,227215944
2024-07-30 10:06:25,37800.0,100,Sell,227215947
2024-07-30 10:06:25,37800.0,1000,Sell,227215942
2024-07-30 10:06:25,37800.0,100,Sell,227215943
2024-07-30 10:06:25,37800.0,1100,Sell,227215940
2024-07-30 10:06:25,37800.0,100,Sell,227215946
2024-07-30 10:06:25,37800.0,2000,Sell,227215941
2024-07-30 10:06:27,37850.0,200,Buy,227215986
2024-07-30 10:07:18,37850.0,2000,Buy,227217205
2024-07-30 10:07:37,37850.0,2800,Buy,227217520
2024-07-30 10:07:37,37850.0,300,Buy,227217521
2024-07-30 10:08:23,37850.0,100,Buy,227218369
2024-07-30 10:08:58,37800.0,100,Sell,227218854
2024-07-30 10:08:58,37800.0,100,Sell,227218855
2024-07-30 10:08:58,37800.0,100,Sell,227218856
2024-07-30 10:08:58,37800.0,100,Sell,227218857
2024-07-30 10:08:58,37800.0,2600,Sell,227218858
2024-07-30 10:08:59,37850.0,600,Buy,227218876
2024-07-30 10:09:05,37850.0,500,Buy,227218941
2024-07-30 10:09:08,37850.0,500,Buy,227219004
2024-07-30 10:09:08,37850.0,100,Buy,227219005
2024-07-30 10:09:51,37850.0,100,Buy,227219643
2024-07-30 10:09:57,37800.0,1000,Sell,227219729
2024-07-30 10:10:01,37850.0,600,Buy,227219828
2024-07-30 10:10:24,37850.0,400,Buy,227220232
2024-07-30 10:10:24,37850.0,500,Buy,227220233
2024-07-30 10:11:44,37800.0,100,Sell,227221337
2024-07-30 10:12:10,37850.0,600,Buy,227221739
2024-07-30 10:12:42,37800.0,400,Sell,227222132
2024-07-30 10:13:54,37800.0,2900,Sell,227223229
2024-07-30 10:14:00,37800.0,100,Sell,227223314
2024-07-30 10:14:01,37800.0,3300,Sell,227223360
2024-07-30 10:14:07,37850.0,2000,Buy,227223487
2024-07-30 10:14:11,37800.0,100,Sell,227223536
2024-07-30 10:14:12,37800.0,6900,Sell,227223553
2024-07-30 10:14:14,37800.0,500,Sell,227223565
2024-07-30 10:14:22,37800.0,400,Sell,227223743
2024-07-30 10:14:49,37800.0,100,Sell,227224222
2024-07-30 10:15:51,37800.0,100,Sell,227225433
2024-07-30 10:16:42,37850.0,1000,Buy,227226185
2024-07-30 10:17:21,37800.0,4000,Sell,227226852
2024-07-30 10:17:39,37850.0,100,Buy,227227092
2024-07-30 10:17:50,37800.0,1000,Sell,227227241
2024-07-30 10:17:52,37850.0,100,Buy,227227273
2024-07-30 10:18:18,37850.0,600,Buy,227227688
2024-07-30 10:18:29,37850.0,200,Buy,227227887
2024-07-30 10:18:40,37800.0,1500,Sell,227228042
2024-07-30 10:18:40,37800.0,1000,Sell,227228043
2024-07-30 10:18:40,37800.0,500,Sell,227228044
2024-07-30 10:18:44,37850.0,200,Buy,227228248
2024-07-30 10:18:45,37800.0,800,Sell,227228250
2024-07-30 10:18:45,37800.0,200,Sell,227228251
2024-07-30 10:18:47,37800.0,500,Sell,227228269
2024-07-30 10:18:47,37800.0,500,Sell,227228270
2024-07-30 10:18:55,37800.0,500,Sell,227228404
2024-07-30 10:18:55,37800.0,100,Sell,227228405
2024-07-30 10:18:55,37800.0,500,Sell,227228406
2024-07-30 10:18:55,37800.0,100,Sell,227228407
2024-07-30 10:18:55,37800.0,1000,Sell,227228408
2024-07-30 10:18:55,37800.0,100,Sell,227228409
2024-07-30 10:18:55,37800.0,500,Sell,227228410
2024-07-30 10:18:55,37800.0,100,Sell,227228411
2024-07-30 10:18:55,37800.0,100,Sell,227228412
2024-07-30 10:19:04,37800.0,200,Sell,227228564
2024-07-30 10:19:04,37800.0,1000,Sell,227228565
2024-07-30 10:19:04,37800.0,100,Sell,227228562
2024-07-30 10:19:04,37800.0,1100,Sell,227228563
2024-07-30 10:19:06,37800.0,100,Buy,227228587
2024-07-30 10:19:14,37750.0,100,Sell,227228815
2024-07-30 10:19:14,37750.0,400,Sell,227228816
2024-07-30 10:20:22,37750.0,200,Sell,227230056
2024-07-30 10:20:25,37750.0,1000,Sell,227230149
2024-07-30 10:21:14,37800.0,400,Buy,227230945
2024-07-30 10:21:14,37750.0,400,Sell,227230947
2024-07-30 10:21:14,37750.0,300,Sell,227230948
2024-07-30 10:21:14,37750.0,300,Sell,227230949
2024-07-30 10:21:14,37750.0,1000,Sell,227230950
2024-07-30 10:21:14,37800.0,600,Buy,227230951
2024-07-30 10:21:14,37800.0,400,Buy,227230952
2024-07-30 10:21:30,37800.0,500,Buy,227231164
2024-07-30 10:21:34,37800.0,1000,Buy,227231218
2024-07-30 10:21:51,37800.0,1000,Buy,227231448
2024-07-30 10:21:51,37800.0,1100,Buy,227231447
2024-07-30 10:22:16,37800.0,100,Sell,227232059
2024-07-30 10:22:16,37800.0,100,Sell,227232060
2024-07-30 10:22:16,37800.0,600,Sell,227232061
2024-07-30 10:22:17,37800.0,100,Buy,227232076
2024-07-30 10:22:19,37800.0,1100,Buy,227232122
2024-07-30 10:22:39,37850.0,5200,Buy,227232453
2024-07-30 10:22:39,37850.0,1100,Buy,227232454
2024-07-30 10:22:46,37850.0,3000,Buy,227232687
2024-07-30 10:22:53,37850.0,4000,Buy,227232841
2024-07-30 10:22:53,37850.0,1000,Buy,227232842
2024-07-30 10:23:41,37850.0,300,Buy,227233818
2024-07-30 10:24:14,37800.0,1000,Sell,227234380
2024-07-30 10:25:56,37850.0,100,Buy,227236188
2024-07-30 10:25:56,37850.0,5000,Buy,227236187
2024-07-30 10:25:56,37850.0,200,Buy,227236185
2024-07-30 10:25:56,37850.0,700,Buy,227236184
2024-07-30 10:25:56,37850.0,400,Buy,227236186
2024-07-30 10:26:12,37850.0,100,Sell,227236395
2024-07-30 10:26:12,37800.0,1900,Sell,227236396
2024-07-30 10:26:39,37800.0,5000,Sell,227236743
2024-07-30 10:26:47,37850.0,100,Buy,227236841
2024-07-30 10:26:47,37850.0,800,Buy,227236842
2024-07-30 10:27:28,37850.0,1000,Buy,227237355
2024-07-30 10:28:00,37800.0,500,Sell,227237892
2024-07-30 10:28:00,37800.0,200,Sell,227237891
2024-07-30 10:28:00,37800.0,500,Sell,227237890
2024-07-30 10:28:00,37800.0,200,Sell,227237889
2024-07-30 10:28:00,37800.0,500,Sell,227237888
2024-07-30 10:28:00,37800.0,100,Sell,227237887
2024-07-30 10:28:00,37800.0,300,Sell,227237885
2024-07-30 10:28:00,37800.0,100,Sell,227237884
2024-07-30 10:28:00,37800.0,400,Sell,227237883
2024-07-30 10:28:00,37800.0,1200,Sell,227237882
2024-07-30 10:28:00,37800.0,1300,Sell,227237881
2024-07-30 10:28:00,37800.0,500,Sell,227237880
2024-07-30 10:28:00,37800.0,1000,Sell,227237879
2024-07-30 10:28:00,37800.0,200,Sell,227237886
2024-07-30 10:28:55,37800.0,100,Sell,227238563
2024-07-30 10:28:55,37800.0,500,Sell,227238564
2024-07-30 10:29:10,37800.0,100,Buy,227238728
2024-07-30 10:29:10,37850.0,100,Buy,227238729
2024-07-30 10:29:25,37750.0,100,Sell,227238935
2024-07-30 10:29:25,37750.0,200,Sell,227238933
2024-07-30 10:29:25,37750.0,100,Sell,227238932
2024-07-30 10:29:25,37750.0,100,Sell,227238934
2024-07-30 10:29:48,37750.0,200,Sell,227239171
2024-07-30 10:29:48,37750.0,200,Sell,227239172
2024-07-30 10:29:48,37750.0,700,Sell,227239173
2024-07-30 10:29:48,37750.0,1900,Sell,227239170
2024-07-30 10:31:04,37800.0,1000,Sell,227240215
2024-07-30 10:31:04,37800.0,100,Sell,227240216
2024-07-30 10:31:10,37800.0,900,Buy,227240281
2024-07-30 10:31:10,37800.0,100,Buy,227240282
2024-07-30 10:31:51,37800.0,100,Sell,227240903
2024-07-30 10:31:52,37750.0,200,Sell,227240924
2024-07-30 10:31:52,37750.0,100,Sell,227240925
2024-07-30 10:31:52,37750.0,100,Sell,227240929
2024-07-30 10:31:52,37750.0,200,Sell,227240927
2024-07-30 10:31:52,37750.0,100,Sell,227240928
2024-07-30 10:31:52,37750.0,100,Sell,227240923
2024-07-30 10:31:52,37750.0,5000,Sell,227240926
2024-07-30 10:31:52,37750.0,500,Sell,227240922
2024-07-30 10:31:52,37750.0,200,Sell,227240917
2024-07-30 10:31:52,37750.0,300,Sell,227240920
2024-07-30 10:31:52,37750.0,200,Sell,227240919
2024-07-30 10:31:52,37750.0,500,Sell,227240918
2024-07-30 10:31:52,37750.0,500,Sell,227240916
2024-07-30 10:31:52,37750.0,500,Sell,227240915
2024-07-30 10:31:52,37750.0,200,Sell,227240914
2024-07-30 10:31:52,37750.0,1000,Sell,227240913
2024-07-30 10:31:52,37750.0,1300,Sell,227240912
2024-07-30 10:31:52,37750.0,100,Sell,227240921
2024-07-30 10:33:29,37750.0,200,Sell,227242278
2024-07-30 10:33:29,37750.0,100,Sell,227242279
2024-07-30 10:33:29,37750.0,100,Sell,227242277
2024-07-30 10:33:29,37750.0,100,Sell,227242276
2024-07-30 10:34:17,37750.0,100,Sell,227243007
2024-07-30 10:34:17,37750.0,100,Sell,227243008
2024-07-30 10:34:17,37750.0,200,Sell,227243009
2024-07-30 10:34:22,37750.0,2000,Sell,227243130
2024-07-30 10:34:37,37750.0,300,Sell,227243317
2024-07-30 10:35:12,37750.0,2000,Sell,227243888
2024-07-30 10:35:22,37750.0,100,Sell,227244071
2024-07-30 10:35:22,37750.0,2200,Sell,227244069
2024-07-30 10:35:22,37750.0,1700,Sell,227244070
2024-07-30 10:35:22,37750.0,800,Sell,227244072
2024-07-30 10:35:25,37700.0,100,Sell,227244143
2024-07-30 10:35:25,37700.0,500,Sell,227244144
2024-07-30 10:35:25,37700.0,200,Sell,227244136
2024-07-30 10:35:25,37700.0,1000,Sell,227244146
2024-07-30 10:35:25,37700.0,100,Sell,227244142
2024-07-30 10:35:25,37700.0,5000,Sell,227244145
2024-07-30 10:35:25,37700.0,200,Sell,227244141
2024-07-30 10:35:25,37700.0,100,Sell,227244134
2024-07-30 10:35:25,37700.0,1000,Sell,227244139
2024-07-30 10:35:25,37700.0,100,Sell,227244138
2024-07-30 10:35:25,37700.0,300,Sell,227244137
2024-07-30 10:35:25,37700.0,500,Sell,227244135
2024-07-30 10:35:25,37700.0,100,Sell,227244133
2024-07-30 10:35:25,37700.0,100,Sell,227244132
2024-07-30 10:35:25,37700.0,1000,Sell,227244140
2024-07-30 10:35:26,37700.0,300,Sell,227244161
2024-07-30 10:35:26,37700.0,500,Sell,227244160
2024-07-30 10:35:26,37700.0,200,Sell,227244162
2024-07-30 10:35:26,37700.0,100,Sell,227244159
2024-07-30 10:35:26,37700.0,600,Sell,227244157
2024-07-30 10:35:26,37700.0,100,Sell,227244154
2024-07-30 10:35:26,37700.0,200,Sell,227244155
2024-07-30 10:35:26,37700.0,200,Sell,227244158
2024-07-30 10:35:26,37700.0,100,Sell,227244156
2024-07-30 10:35:48,37700.0,100,Sell,227244505
2024-07-30 10:36:10,37700.0,100,Buy,227244872
2024-07-30 10:36:12,37700.0,200,Buy,227244884
2024-07-30 10:36:24,37700.0,100,Buy,227245140
2024-07-30 10:36:36,37700.0,100,Sell,227245276
2024-07-30 10:36:39,37700.0,200,Buy,227245307
2024-07-30 10:36:50,37700.0,200,Buy,227245491
2024-07-30 10:36:55,37700.0,100,Buy,227245533
2024-07-30 10:37:07,37650.0,200,Sell,227245769
2024-07-30 10:37:07,37650.0,100,Sell,227245768
2024-07-30 10:37:07,37650.0,1000,Sell,227245767
2024-07-30 10:37:07,37650.0,400,Sell,227245766
2024-07-30 10:37:07,37650.0,100,Sell,227245764
2024-07-30 10:37:07,37650.0,2000,Sell,227245763
2024-07-30 10:37:07,37650.0,100,Sell,227245761
2024-07-30 10:37:07,37650.0,1000,Sell,227245765
2024-07-30 10:37:07,37650.0,100,Sell,227245762
2024-07-30 10:37:29,37700.0,400,Buy,227246201
2024-07-30 10:37:29,37750.0,100,Buy,227246202
2024-07-30 10:41:06,37750.0,500,Buy,227249893
2024-07-30 10:43:06,37750.0,500,Buy,227251856
2024-07-30 10:43:16,37700.0,100,Sell,227252013
2024-07-30 10:43:25,37700.0,600,Sell,227252182
2024-07-30 10:43:25,37700.0,500,Sell,227252180
2024-07-30 10:43:25,37700.0,100,Sell,227252181
2024-07-30 10:43:32,37700.0,1100,Sell,227252289
2024-07-30 10:44:02,37700.0,500,Sell,227252843
2024-07-30 10:44:06,37700.0,300,Sell,227252887
2024-07-30 10:44:06,37700.0,300,Sell,227252888
2024-07-30 10:44:06,37700.0,200,Sell,227252889
2024-07-30 10:44:06,37700.0,100,Sell,227252890
2024-07-30 10:44:06,37700.0,100,Sell,227252891
2024-07-30 10:44:07,37700.0,1700,Sell,227252905
2024-07-30 10:44:41,37700.0,200,Sell,227253406
2024-07-30 10:44:57,37700.0,1000,Sell,227253589
2024-07-30 10:44:57,37700.0,100,Sell,227253590
2024-07-30 10:44:57,37700.0,900,Sell,227253591
2024-07-30 10:45:55,37750.0,1000,Buy,227254583
2024-07-30 10:46:12,37700.0,200,Sell,227254859
2024-07-30 10:46:16,37750.0,100,Buy,227254963
2024-07-30 10:46:30,37750.0,600,Buy,227255142
2024-07-30 10:47:12,37700.0,900,Sell,227255779
2024-07-30 10:47:12,37700.0,100,Sell,227255780
2024-07-30 10:47:12,37700.0,100,Sell,227255781
2024-07-30 10:47:12,37700.0,500,Sell,227255782
2024-07-30 10:47:12,37700.0,100,Sell,227255783
2024-07-30 10:47:12,37700.0,100,Sell,227255784
2024-07-30 10:47:12,37700.0,2000,Sell,227255785
2024-07-30 10:47:12,37700.0,200,Sell,227255786
2024-07-30 10:47:18,37700.0,500,Sell,227255852
2024-07-30 10:47:37,37700.0,400,Sell,227256148
2024-07-30 10:47:37,37700.0,1000,Sell,227256147
2024-07-30 10:47:37,37700.0,1000,Sell,227256149
2024-07-30 10:47:37,37700.0,600,Sell,227256145
2024-07-30 10:47:37,37700.0,100,Sell,227256146
2024-07-30 10:47:37,37700.0,1500,Sell,227256144
2024-07-30 10:47:55,37700.0,100,Buy,227256473
2024-07-30 10:47:55,37700.0,400,Buy,227256471
2024-07-30 10:47:55,37700.0,100,Buy,227256472
2024-07-30 10:48:39,37700.0,300,Sell,227257173
2024-07-30 10:48:53,37700.0,3300,Sell,227257408
2024-07-30 10:48:53,37700.0,700,Sell,227257407
2024-07-30 10:48:53,37700.0,500,Sell,227257409
2024-07-30 10:49:03,37700.0,200,Sell,227257547
2024-07-30 10:49:03,37700.0,100,Sell,227257548
2024-07-30 10:49:14,37700.0,100,Sell,227257698
2024-07-30 10:49:14,37700.0,100,Sell,227257699
2024-07-30 10:49:14,37700.0,400,Sell,227257700
2024-07-30 10:49:19,37700.0,600,Sell,227257803
2024-07-30 10:49:19,37700.0,3500,Sell,227257804
2024-07-30 10:49:31,37700.0,200,Buy,227257984
2024-07-30 10:49:49,37700.0,100,Buy,227258218
2024-07-30 10:50:08,37650.0,1100,Sell,227258544
2024-07-30 10:50:08,37650.0,1000,Sell,227258541
2024-07-30 10:50:08,37650.0,100,Sell,227258542
2024-07-30 10:50:08,37650.0,300,Sell,227258543
2024-07-30 10:50:13,37700.0,300,Buy,227258628
2024-07-30 10:50:51,37650.0,900,Sell,227259395
2024-07-30 10:50:51,37650.0,100,Sell,227259396
2024-07-30 10:50:54,37650.0,900,Sell,227259437
2024-07-30 10:50:54,37650.0,100,Sell,227259438
2024-07-30 10:50:54,37650.0,2000,Sell,227259439
2024-07-30 10:51:27,37650.0,100,Sell,227259981
2024-07-30 10:51:40,37650.0,300,Sell,227260131
2024-07-30 10:51:40,37650.0,100,Sell,227260135
2024-07-30 10:51:40,37650.0,100,Sell,227260134
2024-07-30 10:51:40,37650.0,100,Sell,227260133
2024-07-30 10:51:40,37650.0,100,Sell,227260132
2024-07-30 10:51:40,37650.0,1000,Sell,227260130
2024-07-30 10:51:40,37650.0,100,Sell,227260128
2024-07-30 10:51:40,37650.0,1100,Sell,227260125
2024-07-30 10:51:40,37650.0,800,Sell,227260129
2024-07-30 10:51:40,37650.0,200,Sell,227260127
2024-07-30 10:51:40,37650.0,500,Sell,227260126
2024-07-30 10:51:43,37650.0,100,Buy,227260177
2024-07-30 10:51:49,37650.0,800,Buy,227260258
2024-07-30 10:52:22,37700.0,100,Buy,227260728
2024-07-30 10:52:22,37700.0,200,Buy,227260729
2024-07-30 10:52:24,37650.0,1200,Sell,227260763
2024-07-30 10:52:24,37650.0,200,Sell,227260764
2024-07-30 10:52:24,37650.0,700,Sell,227260765
2024-07-30 10:53:38,37650.0,500,Sell,227261795
2024-07-30 10:53:38,37650.0,300,Sell,227261794
2024-07-30 10:54:02,37650.0,4200,Buy,227262142
2024-07-30 10:54:13,37700.0,900,Buy,227262272
2024-07-30 10:54:41,37650.0,10000,Sell,227262979
2024-07-30 10:55:58,37650.0,100,Sell,227264580
2024-07-30 10:56:19,37700.0,1000,Buy,227264836
2024-07-30 10:56:34,37700.0,300,Buy,227265053
2024-07-30 10:56:43,37700.0,100,Buy,227265150
2024-07-30 10:57:07,37700.0,2500,Buy,227265458
2024-07-30 10:57:07,37700.0,100,Buy,227265459
2024-07-30 10:57:07,37700.0,7400,Buy,227265460
2024-07-30 10:57:15,37700.0,2000,Buy,227265590
2024-07-30 10:57:40,37700.0,100,Buy,227265979
2024-07-30 10:57:43,37700.0,5000,Buy,227266015
2024-07-30 10:57:48,37700.0,300,Buy,227266114
2024-07-30 10:57:58,37700.0,200,Buy,227266274
2024-07-30 10:58:00,37700.0,600,Buy,227266301
2024-07-30 10:58:00,37700.0,400,Buy,227266302
2024-07-30 10:59:26,37700.0,500,Sell,227268298
2024-07-30 10:59:33,37700.0,4800,Sell,227268423
2024-07-30 10:59:33,37700.0,2200,Sell,227268422
2024-07-30 11:00:02,37700.0,200,Sell,227268924
2024-07-30 11:00:20,37700.0,500,Sell,227269186
2024-07-30 11:00:43,37700.0,1000,Sell,227269752
2024-07-30 11:00:53,37700.0,500,Sell,227269901
2024-07-30 11:00:53,37700.0,100,Sell,227269902
2024-07-30 11:01:31,37700.0,200,Buy,227270623
2024-07-30 11:02:08,37700.0,200,Buy,227271233
2024-07-30 11:02:16,37700.0,100,Buy,227271494
2024-07-30 11:02:35,37700.0,500,Buy,227271753
2024-07-30 11:02:35,37700.0,100,Buy,227271751
2024-07-30 11:02:35,37700.0,400,Buy,227271752
2024-07-30 11:02:53,37700.0,100,Buy,227271950
2024-07-30 11:03:16,37700.0,400,Buy,227272256
2024-07-30 11:03:29,37700.0,100,Buy,227272413
2024-07-30 11:03:48,37700.0,100,Buy,227272793
2024-07-30 11:04:00,37650.0,500,Sell,227272982
2024-07-30 11:05:33,37700.0,100,Buy,227274589
2024-07-30 11:05:43,37650.0,200,Sell,227274818
2024-07-30 11:06:00,37700.0,1700,Buy,227275137
2024-07-30 11:07:27,37700.0,200,Buy,227276547
2024-07-30 11:07:27,37700.0,500,Buy,227276548
2024-07-30 11:07:27,37700.0,4300,Buy,227276549
2024-07-30 11:07:40,37700.0,600,Buy,227276867
2024-07-30 11:08:02,37700.0,200,Buy,227277250
2024-07-30 11:08:03,37700.0,100,Buy,227277271
2024-07-30 11:08:08,37700.0,500,Buy,227277314
2024-07-30 11:08:13,37650.0,300,Sell,227277367
2024-07-30 11:08:13,37650.0,700,Sell,227277368
2024-07-30 11:09:09,37650.0,200,Sell,227278203
2024-07-30 11:09:21,37700.0,100,Buy,227278359
2024-07-30 11:09:24,37700.0,1200,Buy,227278404
2024-07-30 11:09:46,37700.0,300,Buy,227278782
2024-07-30 11:09:46,37700.0,700,Buy,227278783
2024-07-30 11:10:11,37650.0,100,Sell,227279154
2024-07-30 11:10:11,37650.0,500,Sell,227279155
2024-07-30 11:10:11,37650.0,400,Sell,227279156
2024-07-30 11:10:31,37650.0,100,Sell,227279512
2024-07-30 11:10:31,37650.0,400,Sell,227279513
2024-07-30 11:10:58,37650.0,100,Sell,227280087
2024-07-30 11:10:58,37650.0,4600,Sell,227280084
2024-07-30 11:10:58,37650.0,200,Sell,227280085
2024-07-30 11:10:58,37650.0,100,Sell,227280086
2024-07-30 11:11:50,37650.0,100,Sell,227280957
2024-07-30 11:11:50,37650.0,300,Sell,227280946
2024-07-30 11:11:50,37650.0,300,Sell,227280947
2024-07-30 11:11:50,37650.0,100,Sell,227280948
2024-07-30 11:11:50,37650.0,100,Sell,227280949
2024-07-30 11:11:50,37650.0,200,Sell,227280950
2024-07-30 11:11:50,37650.0,100,Sell,227280951
2024-07-30 11:11:50,37650.0,1000,Sell,227280952
2024-07-30 11:11:50,37650.0,200,Sell,227280953
2024-07-30 11:11:50,37650.0,100,Sell,227280954
2024-07-30 11:11:50,37650.0,300,Sell,227280955
2024-07-30 11:11:50,37650.0,200,Sell,227280956
2024-07-30 11:13:19,37650.0,300,Sell,227282352
2024-07-30 11:13:19,37650.0,700,Sell,227282353
2024-07-30 11:14:03,37650.0,100,Sell,227283110
2024-07-30 11:14:03,37650.0,300,Sell,227283108
2024-07-30 11:14:03,37650.0,100,Sell,227283109
2024-07-30 11:14:36,37650.0,100,Sell,227283529
2024-07-30 11:14:36,37650.0,400,Sell,227283531
2024-07-30 11:16:23,37650.0,100,Sell,227285216
2024-07-30 11:16:23,37650.0,1900,Sell,227285217
2024-07-30 11:17:31,37650.0,3000,Sell,227286370
2024-07-30 11:17:53,37650.0,100,Sell,227286676
2024-07-30 11:17:53,37650.0,1900,Sell,227286677
2024-07-30 11:17:56,37700.0,100,Buy,227286732
2024-07-30 11:18:01,37700.0,300,Buy,227286820
2024-07-30 11:18:16,37700.0,2000,Buy,227287023
2024-07-30 11:18:16,37700.0,600,Buy,227287024
2024-07-30 11:18:16,37700.0,5600,Buy,227287021
2024-07-30 11:18:16,37700.0,100,Buy,227287022
2024-07-30 11:18:22,37700.0,200,Sell,227287128
2024-07-30 11:18:25,37700.0,1000,Sell,227287153
2024-07-30 11:18:57,37700.0,100,Sell,227287619
2024-07-30 11:19:02,37750.0,100,Buy,227287666
2024-07-30 11:19:55,37700.0,400,Sell,227288462
2024-07-30 11:19:55,37700.0,300,Sell,227288463
2024-07-30 11:19:55,37700.0,700,Sell,227288464
2024-07-30 11:19:57,37700.0,100,Buy,227288534
2024-07-30 11:20:04,37700.0,500,Buy,227288657
2024-07-30 11:20:30,37750.0,300,Buy,227289019
2024-07-30 11:21:20,37700.0,300,Sell,227289626
2024-07-30 11:21:20,37700.0,100,Sell,227289625
2024-07-30 11:22:03,37750.0,100,Buy,227290140
2024-07-30 11:22:03,37700.0,100,Buy,227290138
2024-07-30 11:22:03,37700.0,400,Buy,227290139
2024-07-30 11:27:25,37650.0,500,Sell,227294613
2024-07-30 11:27:25,37650.0,1000,Sell,227294614
2024-07-30 11:27:25,37650.0,500,Sell,227294615
2024-07-30 11:28:01,37650.0,200,Sell,227295061
2024-07-30 11:28:23,37650.0,200,Sell,227295358
2024-07-30 11:28:41,37650.0,200,Sell,227295757
2024-07-30 11:28:53,37650.0,200,Sell,227295915
2024-07-30 11:28:53,37650.0,1000,Sell,227295914
2024-07-30 11:28:53,37650.0,500,Sell,227295913
2024-07-30 11:28:53,37650.0,800,Sell,227295911
2024-07-30 11:28:53,37650.0,500,Sell,227295912
2024-07-30 11:28:53,37650.0,300,Sell,227295909
2024-07-30 11:28:53,37650.0,100,Sell,227295908
2024-07-30 11:28:53,37650.0,100,Sell,227295907
2024-07-30 11:28:53,37650.0,200,Sell,227295906
2024-07-30 11:28:53,37650.0,3100,Sell,227295905
2024-07-30 11:28:53,37650.0,500,Sell,227295910
2024-07-30 11:29:33,37600.0,100,Sell,227296436
2024-07-30 11:29:33,37600.0,600,Sell,227296437
2024-07-30 11:29:33,37600.0,800,Sell,227296438
2024-07-30 11:29:35,37600.0,2000,Sell,227296449
2024-07-30 12:59:39,37600.0,2400,Sell,227296856
2024-07-30 12:59:39,37600.0,200,Sell,227296855
2024-07-30 12:59:39,37600.0,100,Sell,227296854
2024-07-30 12:59:39,37600.0,200,Sell,227296853
2024-07-30 12:59:39,37600.0,3000,Sell,227296852
2024-07-30 12:59:39,37600.0,300,Sell,227296850
2024-07-30 12:59:39,37600.0,5000,Sell,227296851
2024-07-30 12:59:39,37600.0,600,Sell,227296849
2024-07-30 12:59:39,37600.0,500,Sell,227296847
2024-07-30 12:59:39,37600.0,100,Sell,227296846
2024-07-30 12:59:39,37600.0,200,Sell,227296845
2024-07-30 12:59:39,37600.0,500,Sell,227296844
2024-07-30 12:59:39,37600.0,100,Sell,227296843
2024-07-30 12:59:39,37600.0,100,Sell,227296842
2024-07-30 12:59:39,37600.0,100,Sell,227296731
2024-07-30 12:59:39,37600.0,3000,Sell,227296848
2024-07-30 12:59:43,37600.0,100,Sell,227298213
2024-07-30 12:59:48,37600.0,800,Sell,227299514
2024-07-30 12:59:48,37600.0,1000,Sell,227299513
2024-07-30 12:59:48,37600.0,200,Sell,227299512
2024-07-30 12:59:48,37600.0,100,Sell,227299511
2024-07-30 12:59:48,37600.0,100,Sell,227299509
2024-07-30 12:59:48,37600.0,100,Sell,227299508
2024-07-30 12:59:48,37600.0,300,Sell,227299510
2024-07-30 12:59:48,37600.0,100,Sell,227299506
2024-07-30 12:59:48,37600.0,500,Sell,227299501
2024-07-30 12:59:48,37600.0,200,Sell,227299505
2024-07-30 12:59:48,37600.0,200,Sell,227299504
2024-07-30 12:59:48,37600.0,200,Sell,227299503
2024-07-30 12:59:48,37600.0,1000,Sell,227299502
2024-07-30 12:59:48,37600.0,200,Sell,227299507
2024-07-30 12:59:54,37650.0,2500,Buy,227300459
2024-07-30 13:00:27,37650.0,200,Buy,227301825
2024-07-30 13:00:53,37650.0,2000,Buy,227302667
2024-07-30 13:01:27,37650.0,3000,Buy,227303439
2024-07-30 13:01:33,37650.0,2000,Buy,227303572
2024-07-30 13:01:58,37600.0,500,Sell,227304171
2024-07-30 13:02:03,37600.0,200,Sell,227304342
2024-07-30 13:02:03,37600.0,500,Sell,227304335
2024-07-30 13:02:03,37600.0,500,Sell,227304341
2024-07-30 13:02:03,37600.0,100,Sell,227304340
2024-07-30 13:02:03,37600.0,1000,Sell,227304339
2024-07-30 13:02:03,37600.0,100,Sell,227304338
2024-07-30 13:02:03,37600.0,200,Sell,227304337
2024-07-30 13:02:03,37600.0,500,Sell,227304334
2024-07-30 13:02:03,37600.0,500,Sell,227304325
2024-07-30 13:02:03,37600.0,200,Sell,227304332
2024-07-30 13:02:03,37600.0,300,Sell,227304331
2024-07-30 13:02:03,37600.0,200,Sell,227304330
2024-07-30 13:02:03,37600.0,100,Sell,227304329
2024-07-30 13:02:03,37600.0,100,Sell,227304328
2024-07-30 13:02:03,37600.0,200,Sell,227304327
2024-07-30 13:02:03,37600.0,500,Sell,227304326
2024-07-30 13:02:03,37600.0,1700,Sell,227304324
2024-07-30 13:02:03,37600.0,100,Sell,227304333
2024-07-30 13:02:09,37650.0,1600,Buy,227304504
2024-07-30 13:02:14,37650.0,500,Buy,227304610
2024-07-30 13:02:44,37650.0,100,Buy,227305424
2024-07-30 13:02:59,37650.0,100,Buy,227305850
2024-07-30 13:03:11,37650.0,200,Buy,227306122
2024-07-30 13:03:13,37600.0,600,Sell,227306239
2024-07-30 13:03:15,37650.0,100,Buy,227306268
2024-07-30 13:04:24,37650.0,400,Buy,227308309
2024-07-30 13:04:24,37650.0,600,Buy,227308310
2024-07-30 13:04:42,37650.0,200,Buy,227308827
2024-07-30 13:04:44,37600.0,200,Sell,227308868
2024-07-30 13:04:44,37600.0,800,Sell,227308869
2024-07-30 13:04:47,37650.0,100,Buy,227308950
2024-07-30 13:05:14,37600.0,800,Sell,227309720
2024-07-30 13:05:30,37600.0,1100,Sell,227310076
2024-07-30 13:05:48,37600.0,6800,Sell,227310620
2024-07-30 13:05:48,37600.0,200,Sell,227310635
2024-07-30 13:05:48,37600.0,16000,Sell,227310634
2024-07-30 13:05:48,37600.0,5000,Sell,227310633
2024-07-30 13:05:48,37600.0,100,Sell,227310632
2024-07-30 13:05:48,37600.0,1000,Sell,227310631
2024-07-30 13:05:48,37600.0,100,Sell,227310630
2024-07-30 13:05:48,37600.0,100,Sell,227310629
2024-07-30 13:05:48,37600.0,500,Sell,227310619
2024-07-30 13:05:48,37600.0,100,Sell,227310627
2024-07-30 13:05:48,37600.0,100,Sell,227310626
2024-07-30 13:05:48,37600.0,500,Sell,227310625
2024-07-30 13:05:48,37600.0,100,Sell,227310624
2024-07-30 13:05:48,37600.0,200,Sell,227310623
2024-07-30 13:05:48,37600.0,1000,Sell,227310622
2024-07-30 13:05:48,37600.0,200,Sell,227310621
2024-07-30 13:05:48,37600.0,5000,Sell,227310628
2024-07-30 13:05:49,37600.0,300,Sell,227310649
2024-07-30 13:05:49,37600.0,1000,Sell,227310650
2024-07-30 13:05:49,37600.0,100,Sell,227310651
2024-07-30 13:05:53,37550.0,100,Sell,227310726
2024-07-30 13:05:53,37550.0,100,Sell,227310723
2024-07-30 13:05:53,37550.0,300,Sell,227310724
2024-07-30 13:05:53,37550.0,500,Sell,227310725
2024-07-30 13:06:02,37550.0,400,Sell,227310943
2024-07-30 13:06:16,37550.0,500,Sell,227311507
2024-07-30 13:06:16,37550.0,300,Sell,227311508
2024-07-30 13:06:16,37550.0,200,Sell,227311509
2024-07-30 13:06:19,37550.0,1500,Sell,227311720
2024-07-30 13:06:19,37550.0,1000,Sell,227311719
2024-07-30 13:06:19,37550.0,100,Sell,227311717
2024-07-30 13:06:19,37550.0,100,Sell,227311716
2024-07-30 13:06:19,37550.0,200,Sell,227311715
2024-07-30 13:06:19,37550.0,100,Sell,227311718
2024-07-30 13:06:22,37550.0,100,Sell,227311782
2024-07-30 13:06:22,37600.0,100,Sell,227311781
2024-07-30 13:06:35,37550.0,8400,Sell,227312131
2024-07-30 13:07:10,37550.0,300,Sell,227313163
2024-07-30 13:07:10,37550.0,200,Sell,227313164
2024-07-30 13:07:10,37550.0,100,Sell,227313165
2024-07-30 13:07:10,37550.0,200,Sell,227313166
2024-07-30 13:07:15,37550.0,1100,Sell,227313332
2024-07-30 13:07:15,37550.0,200,Sell,227313331
2024-07-30 13:07:15,37550.0,300,Sell,227313329
2024-07-30 13:07:15,37550.0,100,Sell,227313330
2024-07-30 13:07:15,37550.0,200,Sell,227313327
2024-07-30 13:07:15,37550.0,100,Sell,227313326
2024-07-30 13:07:15,37550.0,800,Sell,227313325
2024-07-30 13:07:15,37550.0,200,Sell,227313328
2024-07-30 13:08:35,37600.0,500,Buy,227315894
2024-07-30 13:08:35,37600.0,500,Buy,227315895
2024-07-30 13:08:51,37600.0,1200,Sell,227316294
2024-07-30 13:08:51,37600.0,500,Sell,227316295
2024-07-30 13:08:51,37600.0,500,Sell,227316296
2024-07-30 13:08:51,37600.0,300,Sell,227316297
2024-07-30 13:08:51,37550.0,700,Sell,227316298
2024-07-30 13:09:12,37550.0,200,Sell,227316964
2024-07-30 13:09:12,37550.0,100,Sell,227316965
2024-07-30 13:09:12,37550.0,100,Sell,227316966
2024-07-30 13:09:38,37600.0,400,Buy,227317605
2024-07-30 13:09:38,37600.0,300,Buy,227317604
2024-07-30 13:09:38,37600.0,300,Buy,227317603
2024-07-30 13:10:05,37600.0,1500,Sell,227318514
2024-07-30 13:10:05,37600.0,1000,Sell,227318515
2024-07-30 13:10:16,37600.0,200,Buy,227318793
2024-07-30 13:10:19,37600.0,2000,Buy,227318869
2024-07-30 13:10:35,37600.0,300,Buy,227319329
2024-07-30 13:10:35,37600.0,200,Buy,227319330
2024-07-30 13:10:36,37600.0,200,Buy,227319415
2024-07-30 13:10:37,37550.0,1400,Sell,227319428
2024-07-30 13:10:37,37550.0,300,Sell,227319429
2024-07-30 13:10:47,37600.0,100,Buy,227319794
2024-07-30 13:10:55,37550.0,100,Sell,227320043
2024-07-30 13:11:08,37600.0,200,Buy,227320611
2024-07-30 13:11:10,37600.0,800,Buy,227320661
2024-07-30 13:11:17,37600.0,200,Sell,227320845
2024-07-30 13:11:22,37600.0,100,Sell,227320980
2024-07-30 13:11:22,37600.0,100,Sell,227320981
2024-07-30 13:11:22,37600.0,2000,Sell,227320982
2024-07-30 13:11:22,37550.0,100,Sell,227320993
2024-07-30 13:11:22,37550.0,400,Sell,227320994
2024-07-30 13:11:22,37550.0,100,Sell,227320995
2024-07-30 13:11:22,37550.0,300,Sell,227320996
2024-07-30 13:11:22,37600.0,1000,Sell,227320979
2024-07-30 13:11:28,37600.0,500,Buy,227321139
2024-07-30 13:11:37,37600.0,1500,Buy,227321438
2024-07-30 13:11:37,37600.0,300,Buy,227321439
2024-07-30 13:11:56,37600.0,4000,Sell,227321890
2024-07-30 13:12:28,37600.0,4000,Sell,227322808
2024-07-30 13:13:07,37600.0,1300,Sell,227323847
2024-07-30 13:13:07,37650.0,100,Sell,227323845
2024-07-30 13:13:07,37600.0,200,Sell,227323846
2024-07-30 13:13:13,37700.0,100,Buy,227323990
2024-07-30 13:13:19,37700.0,200,Buy,227324098
2024-07-30 13:13:29,37700.0,700,Buy,227324335
2024-07-30 13:13:29,37700.0,1000,Buy,227324336
2024-07-30 13:15:21,37750.0,1000,Buy,227327037
2024-07-30 13:15:21,37750.0,5000,Buy,227327047
2024-07-30 13:15:22,37750.0,1500,Buy,227327061
2024-07-30 13:15:22,37750.0,1000,Buy,227327062
2024-07-30 13:15:22,37750.0,200,Buy,227327063
2024-07-30 13:15:22,37750.0,3200,Buy,227327064
2024-07-30 13:15:29,37800.0,100,Buy,227327227
2024-07-30 13:15:29,37800.0,500,Buy,227327228
2024-07-30 13:15:29,37750.0,1300,Buy,227327225
2024-07-30 13:15:29,37800.0,100,Buy,227327226
2024-07-30 13:15:35,37800.0,500,Buy,227327452
2024-07-30 13:15:35,37800.0,1000,Buy,227327453
2024-07-30 13:15:35,37850.0,500,Buy,227327454
2024-07-30 13:16:18,37850.0,2000,Buy,227328607
2024-07-30 13:16:45,37800.0,100,Sell,227329219
2024-07-30 13:17:23,37800.0,500,Sell,227330207
2024-07-30 13:17:23,37800.0,400,Sell,227330214
2024-07-30 13:17:23,37800.0,200,Sell,227330215
2024-07-30 13:17:23,37800.0,300,Sell,227330216
2024-07-30 13:17:28,37800.0,300,Buy,227330352
2024-07-30 13:17:51,37750.0,300,Sell,227331053
2024-07-30 13:17:51,37750.0,200,Sell,227331054
2024-07-30 13:17:51,37750.0,100,Sell,227331055
2024-07-30 13:18:01,37750.0,1000,Buy,227331398
2024-07-30 13:18:10,37750.0,100,Buy,227331671
2024-07-30 13:18:10,37800.0,1000,Buy,227331673
2024-07-30 13:18:10,37800.0,200,Buy,227331672
2024-07-30 13:18:10,37850.0,700,Buy,227331674
2024-07-30 13:18:44,37850.0,800,Buy,227332600
2024-07-30 13:18:44,37850.0,1200,Buy,227332601
2024-07-30 13:18:55,37900.0,1700,Buy,227332884
2024-07-30 13:18:55,37850.0,200,Buy,227332882
2024-07-30 13:18:55,37850.0,100,Buy,227332883
2024-07-30 13:19:08,37800.0,100,Sell,227333247
2024-07-30 13:19:15,37800.0,1700,Buy,227333513
2024-07-30 13:19:15,37900.0,300,Buy,227333514
2024-07-30 13:19:58,37900.0,300,Buy,227334804
2024-07-30 13:19:59,37800.0,100,Sell,227334843
2024-07-30 13:20:00,37900.0,2700,Buy,227334876
2024-07-30 13:20:00,37900.0,2300,Buy,227334877
2024-07-30 13:20:20,37900.0,2900,Buy,227335545
2024-07-30 13:20:53,37900.0,300,Buy,227336546
2024-07-30 13:21:27,37900.0,100,Buy,227337531
2024-07-30 13:21:27,37850.0,100,Sell,227337530
2024-07-30 13:22:10,37850.0,200,Sell,227338969
2024-07-30 13:22:10,37850.0,200,Sell,227338970
2024-07-30 13:22:20,37850.0,500,Sell,227339259
2024-07-30 13:22:20,37850.0,200,Sell,227339260
2024-07-30 13:23:06,37850.0,100,Buy,227340583
2024-07-30 13:23:18,37800.0,100,Sell,227340952
2024-07-30 13:23:50,37800.0,2000,Sell,227341746
2024-07-30 13:23:54,37800.0,1200,Sell,227341851
2024-07-30 13:23:54,37800.0,300,Sell,227341852
2024-07-30 13:23:54,37800.0,300,Sell,227341853
2024-07-30 13:23:54,37800.0,500,Sell,227341854
2024-07-30 13:23:54,37800.0,300,Sell,227341855
2024-07-30 13:24:02,37800.0,400,Buy,227342108
2024-07-30 13:24:49,37800.0,100,Buy,227343402
2024-07-30 13:24:53,37750.0,200,Sell,227343532
2024-07-30 13:24:53,37750.0,300,Sell,227343531
2024-07-30 13:24:57,37750.0,200,Sell,227343622
2024-07-30 13:24:57,37750.0,200,Sell,227343623
2024-07-30 13:24:57,37750.0,100,Sell,227343624
2024-07-30 13:24:57,37750.0,500,Sell,227343621
2024-07-30 13:25:08,37700.0,300,Sell,227343908
2024-07-30 13:25:08,37700.0,100,Sell,227343909
2024-07-30 13:25:08,37700.0,500,Sell,227343910
2024-07-30 13:25:08,37700.0,1000,Sell,227343911
2024-07-30 13:25:08,37700.0,100,Sell,227343912
2024-07-30 13:25:15,37750.0,100,Buy,227344061
2024-07-30 13:25:31,37700.0,200,Sell,227344451
2024-07-30 13:25:39,37700.0,700,Sell,227344627
2024-07-30 13:25:39,37700.0,800,Sell,227344626
2024-07-30 13:25:44,37700.0,500,Sell,227344737
2024-07-30 13:26:18,37700.0,800,Sell,227345573
2024-07-30 13:26:18,37700.0,100,Sell,227345574
2024-07-30 13:26:18,37700.0,100,Sell,227345575
2024-07-30 13:26:35,37700.0,100,Sell,227345941
2024-07-30 13:26:35,37700.0,100,Sell,227345942
2024-07-30 13:26:35,37700.0,300,Sell,227345943
2024-07-30 13:26:35,37700.0,100,Sell,227345944
2024-07-30 13:26:35,37700.0,400,Sell,227345945
2024-07-30 13:26:39,37700.0,1000,Sell,227346025
2024-07-30 13:26:40,37700.0,800,Sell,227346050
2024-07-30 13:26:40,37700.0,100,Sell,227346049
2024-07-30 13:26:40,37700.0,1000,Sell,227346048
2024-07-30 13:26:40,37700.0,500,Sell,227346047
2024-07-30 13:26:40,37700.0,100,Sell,227346045
2024-07-30 13:26:40,37700.0,200,Sell,227346046
2024-07-30 13:26:40,37700.0,800,Sell,227346044
2024-07-30 13:26:50,37650.0,100,Sell,227346257
2024-07-30 13:26:57,37700.0,100,Buy,227346373
2024-07-30 13:27:04,37650.0,1000,Sell,227346572
2024-07-30 13:27:14,37700.0,1000,Buy,227346781
2024-07-30 13:27:39,37700.0,2000,Buy,227347335
2024-07-30 13:27:39,37700.0,500,Buy,227347336
2024-07-30 13:27:48,37700.0,1000,Buy,227347531
2024-07-30 13:27:57,37700.0,100,Buy,227347730
2024-07-30 13:28:43,37700.0,200,Buy,227348752
2024-07-30 13:29:03,37650.0,200,Sell,227349234
2024-07-30 13:29:15,37650.0,100,Sell,227349533
2024-07-30 13:29:37,37650.0,100,Sell,227350207
2024-07-30 13:30:18,37650.0,600,Sell,227351471
2024-07-30 13:30:23,37700.0,1800,Buy,227351610
2024-07-30 13:30:23,37700.0,200,Buy,227351609
2024-07-30 13:30:35,37700.0,700,Buy,227351915
2024-07-30 13:30:38,37700.0,2500,Buy,227352032
2024-07-30 13:30:38,37700.0,3000,Buy,227352033
2024-07-30 13:30:38,37700.0,100,Buy,227352034
2024-07-30 13:31:10,37700.0,100,Sell,227353177
2024-07-30 13:31:20,37700.0,300,Sell,227353582
2024-07-30 13:31:20,37700.0,100,Sell,227353583
2024-07-30 13:31:27,37650.0,200,Sell,227353797
2024-07-30 13:31:27,37650.0,100,Sell,227353798
2024-07-30 13:31:27,37650.0,2700,Sell,227353799
2024-07-30 13:32:31,37650.0,200,Sell,227356108
2024-07-30 13:32:31,37650.0,300,Sell,227356106
2024-07-30 13:32:31,37650.0,500,Sell,227356107
2024-07-30 13:32:32,37650.0,500,Sell,227356149
2024-07-30 13:32:32,37650.0,100,Sell,227356150
2024-07-30 13:32:32,37650.0,100,Sell,227356151
2024-07-30 13:32:32,37650.0,500,Sell,227356152
2024-07-30 13:32:32,37650.0,800,Sell,227356148
2024-07-30 13:32:35,37650.0,2500,Sell,227356242
2024-07-30 13:32:35,37650.0,300,Sell,227356243
2024-07-30 13:32:35,37650.0,1000,Sell,227356244
2024-07-30 13:32:35,37650.0,100,Sell,227356245
2024-07-30 13:32:35,37650.0,500,Sell,227356246
2024-07-30 13:32:35,37650.0,100,Sell,227356247
2024-07-30 13:32:35,37650.0,100,Sell,227356248
2024-07-30 13:33:02,37600.0,500,Sell,227357228
2024-07-30 13:33:02,37600.0,100,Sell,227357227
2024-07-30 13:33:02,37600.0,100,Sell,227357226
2024-07-30 13:33:02,37600.0,100,Sell,227357224
2024-07-30 13:33:02,37600.0,100,Sell,227357222
2024-07-30 13:33:02,37600.0,300,Sell,227357225
2024-07-30 13:33:02,37600.0,100,Sell,227357223
2024-07-30 13:33:23,37600.0,2900,Sell,227357836
2024-07-30 13:33:23,37600.0,400,Sell,227357837
2024-07-30 13:33:28,37600.0,200,Sell,227357963
2024-07-30 13:33:28,37600.0,600,Sell,227357958
2024-07-30 13:33:28,37600.0,200,Sell,227357959
2024-07-30 13:33:28,37600.0,700,Sell,227357960
2024-07-30 13:33:28,37600.0,100,Sell,227357961
2024-07-30 13:33:28,37600.0,200,Sell,227357962
2024-07-30 13:33:43,37600.0,200,Sell,227358528
2024-07-30 13:33:43,37600.0,200,Sell,227358529
2024-07-30 13:33:50,37600.0,100,Sell,227358654
2024-07-30 13:33:50,37600.0,300,Sell,227358653
2024-07-30 13:33:50,37600.0,100,Sell,227358650
2024-07-30 13:33:50,37600.0,100,Sell,227358651
2024-07-30 13:33:50,37600.0,100,Sell,227358652
2024-07-30 13:34:09,37600.0,3900,Sell,227359359
2024-07-30 13:34:09,37600.0,100,Sell,227359360
2024-07-30 13:34:09,37600.0,100,Sell,227359361
2024-07-30 13:34:09,37600.0,1000,Sell,227359362
2024-07-30 13:34:09,37600.0,100,Sell,227359363
2024-07-30 13:34:22,37600.0,3000,Sell,227359936
2024-07-30 13:35:40,37600.0,1900,Sell,227362440
2024-07-30 13:35:40,37600.0,3100,Sell,227362441
2024-07-30 13:35:52,37600.0,1000,Sell,227362876
2024-07-30 13:36:09,37600.0,700,Sell,227363562
2024-07-30 13:36:12,37600.0,100,Sell,227363663
2024-07-30 13:36:12,37600.0,100,Sell,227363662
2024-07-30 13:36:12,37600.0,1200,Sell,227363659
2024-07-30 13:36:12,37600.0,100,Sell,227363660
2024-07-30 13:36:12,37600.0,700,Sell,227363661
2024-07-30 13:36:18,37600.0,100,Sell,227363834
2024-07-30 13:36:37,37600.0,800,Sell,227364885
2024-07-30 13:36:37,37600.0,200,Sell,227364886
2024-07-30 13:36:41,37600.0,100,Sell,227365049
2024-07-30 13:36:41,37600.0,300,Sell,227365050
2024-07-30 13:36:55,37600.0,100,Buy,227365436
2024-07-30 13:37:23,37550.0,200,Sell,227366649
2024-07-30 13:37:23,37550.0,3200,Sell,227366650
2024-07-30 13:37:23,37550.0,500,Sell,227366648
2024-07-30 13:37:23,37550.0,900,Sell,227366646
2024-07-30 13:37:23,37550.0,100,Sell,227366645
2024-07-30 13:37:23,37550.0,100,Sell,227366647
2024-07-30 13:37:38,37550.0,200,Sell,227367214
2024-07-30 13:37:42,37550.0,1600,Sell,227367286
2024-07-30 13:37:42,37550.0,200,Sell,227367287
2024-07-30 13:37:42,37550.0,200,Sell,227367288
2024-07-30 13:37:42,37550.0,1000,Sell,227367289
2024-07-30 13:37:42,37550.0,500,Sell,227367290
2024-07-30 13:37:42,37550.0,100,Sell,227367291
2024-07-30 13:37:42,37550.0,300,Sell,227367292
2024-07-30 13:37:42,37550.0,1000,Sell,227367293
2024-07-30 13:37:42,37550.0,100,Sell,227367294
2024-07-30 13:38:19,37550.0,200,Sell,227368533
2024-07-30 13:38:19,37550.0,100,Sell,227368532
2024-07-30 13:38:19,37550.0,100,Sell,227368531
2024-07-30 13:38:28,37600.0,200,Buy,227368900
2024-07-30 13:38:28,37600.0,800,Buy,227368901
2024-07-30 13:38:44,37550.0,100,Sell,227369411
2024-07-30 13:38:52,37550.0,100,Sell,227369710
2024-07-30 13:38:52,37550.0,100,Sell,227369711
2024-07-30 13:38:52,37550.0,100,Sell,227369712
2024-07-30 13:39:06,37550.0,100,Sell,227370345
2024-07-30 13:39:06,37550.0,100,Sell,227370346
2024-07-30 13:39:06,37550.0,100,Sell,227370347
2024-07-30 13:39:06,37550.0,100,Sell,227370348
2024-07-30 13:39:09,37550.0,3000,Sell,227370429
2024-07-30 13:39:09,37550.0,1000,Sell,227370428
2024-07-30 13:39:09,37550.0,100,Sell,227370427
2024-07-30 13:39:09,37550.0,100,Sell,227370426
2024-07-30 13:39:09,37550.0,3000,Sell,227370424
2024-07-30 13:39:09,37550.0,100,Sell,227370423
2024-07-30 13:39:09,37550.0,100,Sell,227370425
2024-07-30 13:39:21,37550.0,1000,Buy,227370811
2024-07-30 13:39:23,37550.0,100,Buy,227370844
2024-07-30 13:39:25,37550.0,100,Buy,227370951
2024-07-30 13:39:37,37550.0,3000,Buy,227371416
2024-07-30 13:39:37,37550.0,100,Buy,227371420
2024-07-30 13:39:49,37500.0,900,Sell,227371740
2024-07-30 13:39:49,37550.0,300,Buy,227371755
2024-07-30 13:39:49,37500.0,2000,Sell,227371738
2024-07-30 13:39:49,37500.0,100,Sell,227371739
2024-07-30 13:39:52,37500.0,100,Sell,227371846
2024-07-30 13:39:52,37500.0,100,Sell,227371847
2024-07-30 13:39:52,37500.0,300,Sell,227371848
2024-07-30 13:39:52,37500.0,500,Sell,227371849
2024-07-30 13:39:56,37500.0,100,Sell,227371995
2024-07-30 13:39:56,37500.0,200,Sell,227371999
2024-07-30 13:39:56,37500.0,500,Sell,227371998
2024-07-30 13:39:56,37500.0,100,Sell,227371997
2024-07-30 13:39:56,37500.0,300,Sell,227371996
2024-07-30 13:39:56,37500.0,500,Sell,227371994
2024-07-30 13:39:56,37550.0,18000,Buy,227371979
2024-07-30 13:39:56,37500.0,100,Sell,227371992
2024-07-30 13:39:56,37500.0,200,Sell,227371991
2024-07-30 13:39:56,37500.0,500,Sell,227371990
2024-07-30 13:39:56,37500.0,400,Sell,227371989
2024-07-30 13:39:56,37550.0,2000,Sell,227371988
2024-07-30 13:39:56,37500.0,100,Sell,227371993
2024-07-30 13:40:10,37500.0,300,Sell,227372414
2024-07-30 13:40:10,37500.0,100,Sell,227372413
2024-07-30 13:40:10,37550.0,200,Sell,227372410
2024-07-30 13:40:10,37500.0,300,Sell,227372411
2024-07-30 13:40:10,37500.0,100,Sell,227372412
2024-07-30 13:40:48,37600.0,200,Buy,227373618
2024-07-30 13:40:48,37600.0,100,Buy,227373619
2024-07-30 13:40:49,37550.0,1000,Sell,227373638
2024-07-30 13:40:54,37550.0,500,Sell,227373777
2024-07-30 13:40:54,37550.0,300,Sell,227373778
2024-07-30 13:41:29,37550.0,100,Sell,227375118
2024-07-30 13:41:29,37550.0,200,Sell,227375121
2024-07-30 13:41:29,37550.0,300,Sell,227375122
2024-07-30 13:41:29,37550.0,100,Sell,227375123
2024-07-30 13:41:29,37550.0,300,Sell,227375124
2024-07-30 13:41:32,37550.0,200,Sell,227375245
2024-07-30 13:41:52,37550.0,500,Sell,227376010
2024-07-30 13:41:52,37550.0,200,Sell,227376011
2024-07-30 13:42:11,37500.0,2500,Sell,227376980
2024-07-30 13:42:11,37500.0,200,Sell,227376979
2024-07-30 13:42:11,37500.0,200,Sell,227376978
2024-07-30 13:42:11,37500.0,200,Sell,227376977
2024-07-30 13:42:11,37500.0,100,Sell,227376976
2024-07-30 13:42:11,37500.0,100,Sell,227376970
2024-07-30 13:42:11,37500.0,200,Sell,227376974
2024-07-30 13:42:11,37500.0,100,Sell,227376973
2024-07-30 13:42:11,37500.0,100,Sell,227376972
2024-07-30 13:42:11,37500.0,200,Sell,227376971
2024-07-30 13:42:11,37500.0,100,Sell,227376969
2024-07-30 13:42:11,37500.0,100,Sell,227376975
2024-07-30 13:42:11,37500.0,2100,Sell,227376967
2024-07-30 13:42:11,37500.0,200,Sell,227376957
2024-07-30 13:42:11,37500.0,100,Sell,227376958
2024-07-30 13:42:11,37500.0,100,Sell,227376959
2024-07-30 13:42:11,37500.0,300,Sell,227376960
2024-07-30 13:42:11,37500.0,500,Sell,227376961
2024-07-30 13:42:11,37500.0,100,Sell,227376968
2024-07-30 13:42:11,37500.0,100,Sell,227376963
2024-07-30 13:42:11,37500.0,200,Sell,227376966
2024-07-30 13:42:11,37500.0,3000,Sell,227376962
2024-07-30 13:42:11,37500.0,1000,Sell,227376964
2024-07-30 13:42:11,37500.0,100,Sell,227376965
2024-07-30 13:42:17,37500.0,7500,Sell,227377207
2024-07-30 13:42:17,37500.0,400,Sell,227377208
2024-07-30 13:42:19,37550.0,1000,Buy,227377298
2024-07-30 13:42:56,37500.0,100,Sell,227379254
2024-07-30 13:42:56,37500.0,400,Sell,227379255
2024-07-30 13:42:57,37500.0,100,Sell,227379348
2024-07-30 13:42:57,37500.0,200,Sell,227379347
2024-07-30 13:42:57,37500.0,500,Sell,227379346
2024-07-30 13:42:57,37500.0,100,Sell,227379345
2024-07-30 13:42:57,37500.0,200,Sell,227379344
2024-07-30 13:42:57,37500.0,1300,Sell,227379343
2024-07-30 13:42:57,37500.0,100,Sell,227379342
2024-07-30 13:42:57,37500.0,100,Sell,227379341
2024-07-30 13:42:57,37500.0,100,Sell,227379349
2024-07-30 13:42:57,37500.0,300,Sell,227379339
2024-07-30 13:42:57,37500.0,500,Sell,227379336
2024-07-30 13:42:57,37500.0,100,Sell,227379335
2024-07-30 13:42:57,37500.0,300,Sell,227379334
2024-07-30 13:42:57,37500.0,5000,Sell,227379333
2024-07-30 13:42:57,37500.0,200,Sell,227379332
2024-07-30 13:42:57,37500.0,1000,Sell,227379331
2024-07-30 13:42:57,37500.0,1000,Sell,227379330
2024-07-30 13:42:57,37500.0,100,Sell,227379340
2024-07-30 13:42:57,37500.0,600,Sell,227379329
2024-07-30 13:42:59,37500.0,300,Sell,227379399
2024-07-30 13:43:00,37500.0,100,Sell,227379441
2024-07-30 13:43:00,37500.0,100,Sell,227379440
2024-07-30 13:43:00,37500.0,100,Sell,227379452
2024-07-30 13:43:00,37500.0,100,Sell,227379451
2024-07-30 13:43:00,37500.0,200,Sell,227379450
2024-07-30 13:43:00,37500.0,100,Sell,227379449
2024-07-30 13:43:00,37500.0,200,Sell,227379448
2024-07-30 13:43:00,37500.0,100,Sell,227379447
2024-07-30 13:43:00,37500.0,300,Sell,227379446
2024-07-30 13:43:00,37500.0,100,Sell,227379445
2024-07-30 13:43:00,37500.0,200,Sell,227379444
2024-07-30 13:43:00,37500.0,200,Sell,227379443
2024-07-30 13:43:00,37500.0,100,Sell,227379442
2024-07-30 13:43:02,37500.0,100,Buy,227379605
2024-07-30 13:43:14,37500.0,4000,Sell,227380220
2024-07-30 13:43:14,37500.0,200,Buy,227380209
2024-07-30 13:43:15,37500.0,2300,Sell,227380258
2024-07-30 13:43:16,37500.0,3500,Sell,227380324
2024-07-30 13:43:22,37550.0,200,Buy,227380584
2024-07-30 13:43:22,37550.0,2000,Buy,227380585
2024-07-30 13:43:22,37550.0,200,Buy,227380586
2024-07-30 13:43:49,37500.0,2000,Sell,227381887
2024-07-30 13:43:49,37450.0,100,Sell,227381888
2024-07-30 13:43:49,37450.0,2900,Sell,227381889
2024-07-30 13:43:58,37500.0,500,Sell,227382370
2024-07-30 13:44:44,37500.0,1500,Sell,227384947
2024-07-30 13:44:44,37500.0,500,Sell,227384946
2024-07-30 13:45:01,37500.0,500,Sell,227385857
2024-07-30 13:45:06,37500.0,200,Sell,227386164
2024-07-30 13:45:06,37500.0,1400,Sell,227386165
2024-07-30 13:45:12,37500.0,100,Sell,227386858
2024-07-30 13:45:17,37500.0,300,Sell,227387236
2024-07-30 13:45:18,37450.0,100,Sell,227387288
2024-07-30 13:45:18,37500.0,200,Sell,227387285
2024-07-30 13:45:18,37500.0,200,Sell,227387286
2024-07-30 13:45:18,37500.0,1000,Sell,227387287
2024-07-30 13:45:23,37500.0,200,Sell,227387542
2024-07-30 13:45:33,37500.0,300,Buy,227388110
2024-07-30 13:45:40,37500.0,100,Sell,227388599
2024-07-30 13:45:41,37500.0,500,Sell,227388621
2024-07-30 13:45:52,37500.0,500,Buy,227389133
2024-07-30 13:46:13,37500.0,500,Sell,227390146
2024-07-30 13:46:19,37500.0,100,Buy,227390407
2024-07-30 13:46:25,37500.0,400,Buy,227390662
2024-07-30 13:46:25,37500.0,100,Buy,227390663
2024-07-30 13:46:28,37500.0,500,Sell,227390806
2024-07-30 13:46:43,37450.0,300,Sell,227391335
2024-07-30 13:46:43,37450.0,200,Sell,227391336
2024-07-30 13:46:43,37450.0,200,Sell,227391337
2024-07-30 13:46:43,37450.0,100,Sell,227391338
2024-07-30 13:46:43,37450.0,200,Sell,227391334
2024-07-30 13:46:45,37500.0,100,Buy,227391425
2024-07-30 13:46:58,37450.0,100,Sell,227391999
2024-07-30 13:47:19,37500.0,300,Buy,227392640
2024-07-30 13:47:22,37500.0,100,Buy,227392720
2024-07-30 13:47:22,37500.0,400,Buy,227392721
2024-07-30 13:47:34,37500.0,600,Buy,227393231
2024-07-30 13:47:34,37500.0,400,Buy,227393232
2024-07-30 13:47:39,37500.0,300,Buy,227393395
2024-07-30 13:47:39,37500.0,100,Buy,227393393
2024-07-30 13:47:39,37500.0,100,Buy,227393394
2024-07-30 13:47:50,37500.0,200,Buy,227393874
2024-07-30 13:47:52,37500.0,500,Buy,227393928
2024-07-30 13:47:57,37500.0,1000,Buy,227394149
2024-07-30 13:48:07,37500.0,100,Buy,227394564
2024-07-30 13:48:16,37500.0,1600,Buy,227394875
2024-07-30 13:48:16,37500.0,500,Buy,227394889
2024-07-30 13:48:17,37500.0,100,Buy,227394930
2024-07-30 13:48:18,37450.0,100,Sell,227394970
2024-07-30 13:48:18,37450.0,600,Sell,227394969
2024-07-30 13:48:18,37450.0,100,Sell,227394968
2024-07-30 13:48:18,37450.0,100,Sell,227394967
2024-07-30 13:48:18,37450.0,200,Sell,227394966
2024-07-30 13:48:18,37450.0,200,Sell,227394964
2024-07-30 13:48:18,37450.0,100,Sell,227394963
2024-07-30 13:48:18,37450.0,300,Sell,227394962
2024-07-30 13:48:18,37450.0,100,Sell,227394961
2024-07-30 13:48:18,37450.0,300,Sell,227394960
2024-07-30 13:48:18,37450.0,100,Sell,227394965
2024-07-30 13:48:19,37500.0,100,Buy,227394974
2024-07-30 13:48:19,37450.0,100,Sell,227394981
2024-07-30 13:48:19,37450.0,900,Sell,227394982
2024-07-30 13:48:21,37450.0,2000,Sell,227395038
2024-07-30 13:48:22,37450.0,1200,Sell,227395076
2024-07-30 13:48:22,37450.0,100,Sell,227395077
2024-07-30 13:48:22,37450.0,200,Sell,227395078
2024-07-30 13:48:22,37450.0,100,Sell,227395079
2024-07-30 13:48:22,37450.0,5000,Sell,227395080
2024-07-30 13:48:22,37450.0,1000,Sell,227395081
2024-07-30 13:48:37,37450.0,500,Buy,227395534
2024-07-30 13:48:38,37400.0,1000,Sell,227395567
2024-07-30 13:48:38,37400.0,400,Sell,227395566
2024-07-30 13:48:38,37400.0,600,Sell,227395568
2024-07-30 13:48:39,37400.0,100,Sell,227395593
2024-07-30 13:48:39,37400.0,200,Sell,227395594
2024-07-30 13:48:40,37400.0,100,Sell,227395643
2024-07-30 13:48:40,37400.0,300,Sell,227395654
2024-07-30 13:48:40,37400.0,300,Sell,227395653
2024-07-30 13:48:40,37400.0,2000,Sell,227395652
2024-07-30 13:48:40,37400.0,200,Sell,227395651
2024-07-30 13:48:40,37400.0,100,Sell,227395650
2024-07-30 13:48:40,37400.0,100,Sell,227395655
2024-07-30 13:48:40,37400.0,100,Sell,227395648
2024-07-30 13:48:40,37400.0,100,Sell,227395647
2024-07-30 13:48:40,37400.0,100,Sell,227395646
2024-07-30 13:48:40,37400.0,700,Sell,227395645
2024-07-30 13:48:40,37400.0,100,Sell,227395649
2024-07-30 13:48:40,37400.0,200,Sell,227395644
2024-07-30 13:48:46,37400.0,200,Sell,227395866
2024-07-30 13:48:56,37400.0,100,Sell,227396242
2024-07-30 13:48:56,37400.0,100,Sell,227396241
2024-07-30 13:49:03,37400.0,100,Sell,227396437
2024-07-30 13:49:13,37400.0,1000,Sell,227396732
2024-07-30 13:49:13,37400.0,400,Sell,227396733
2024-07-30 13:49:13,37400.0,100,Sell,227396734
2024-07-30 13:49:13,37400.0,200,Sell,227396731
2024-07-30 13:49:26,37400.0,300,Buy,227397133
2024-07-30 13:49:26,37400.0,700,Buy,227397134
2024-07-30 13:49:36,37400.0,100,Buy,227397657
2024-07-30 13:49:47,37400.0,3000,Buy,227398071
2024-07-30 13:49:51,37400.0,100,Buy,227398190
2024-07-30 13:49:52,37400.0,2000,Buy,227398214
2024-07-30 13:49:53,37400.0,3000,Sell,227398273
2024-07-30 13:50:00,37400.0,1000,Buy,227398500
2024-07-30 13:50:00,37400.0,900,Buy,227398511
2024-07-30 13:50:05,37400.0,100,Buy,227398649
2024-07-30 13:50:30,37450.0,1000,Buy,227399360
2024-07-30 13:50:38,37400.0,100,Sell,227399582
2024-07-30 13:50:38,37400.0,200,Sell,227399583
2024-07-30 13:50:38,37400.0,1000,Sell,227399584
2024-07-30 13:50:38,37400.0,100,Sell,227399585
2024-07-30 13:50:38,37400.0,300,Sell,227399586
2024-07-30 13:50:38,37400.0,500,Sell,227399587
2024-07-30 13:50:38,37400.0,500,Sell,227399588
2024-07-30 13:50:38,37400.0,4000,Sell,227399589
2024-07-30 13:50:39,37450.0,1200,Buy,227399635
2024-07-30 13:50:39,37450.0,2500,Buy,227399633
2024-07-30 13:50:39,37450.0,1000,Buy,227399634
2024-07-30 13:50:52,37450.0,300,Sell,227399964
2024-07-30 13:50:53,37450.0,500,Buy,227400003
2024-07-30 13:51:02,37450.0,200,Buy,227400274
2024-07-30 13:51:14,37450.0,300,Sell,227400594
2024-07-30 13:51:17,37450.0,100,Buy,227400663
2024-07-30 13:51:18,37450.0,200,Buy,227400702
2024-07-30 13:51:23,37450.0,100,Buy,227400863
2024-07-30 13:51:28,37450.0,1300,Buy,227401038
2024-07-30 13:51:28,37450.0,200,Buy,227401039
2024-07-30 13:51:50,37450.0,300,Sell,227401876
2024-07-30 13:52:19,37500.0,200,Buy,227402736
2024-07-30 13:52:37,37500.0,200,Buy,227403282
2024-07-30 13:52:43,37500.0,100,Buy,227403513
2024-07-30 13:52:46,37500.0,100,Buy,227403568
2024-07-30 13:52:48,37500.0,1000,Buy,227403657
2024-07-30 13:52:52,37500.0,100,Buy,227403824
2024-07-30 13:52:54,37500.0,600,Buy,227403877
2024-07-30 13:52:59,37500.0,200,Buy,227404012
2024-07-30 13:53:00,37500.0,1100,Buy,227404074
2024-07-30 13:53:00,37500.0,500,Buy,227404075
2024-07-30 13:53:00,37500.0,400,Buy,227404076
2024-07-30 13:53:01,37500.0,600,Buy,227404100
2024-07-30 13:53:27,37550.0,200,Buy,227404950
2024-07-30 13:53:34,37550.0,1000,Buy,227405178
2024-07-30 13:53:42,37550.0,1100,Buy,227405443
2024-07-30 13:53:42,37550.0,300,Buy,227405441
2024-07-30 13:53:42,37550.0,400,Buy,227405442
2024-07-30 13:53:43,37550.0,200,Sell,227405465
2024-07-30 13:54:06,37550.0,100,Buy,227406066
2024-07-30 13:54:07,37550.0,100,Sell,227406088
2024-07-30 13:55:02,37400.0,1000,Sell,227407392
2024-07-30 13:55:02,37400.0,100,Sell,227407387
2024-07-30 13:55:02,37400.0,300,Sell,227407388
2024-07-30 13:55:02,37400.0,1000,Sell,227407389
2024-07-30 13:55:02,37400.0,500,Sell,227407390
2024-07-30 13:55:02,37400.0,100,Sell,227407391
2024-07-30 13:55:02,37400.0,300,Sell,227407393
2024-07-30 13:55:02,37350.0,500,Sell,227407402
2024-07-30 13:55:02,37400.0,300,Sell,227407396
2024-07-30 13:55:02,37400.0,100,Sell,227407397
2024-07-30 13:55:02,37350.0,100,Sell,227407398
2024-07-30 13:55:02,37350.0,1000,Sell,227407399
2024-07-30 13:55:02,37350.0,200,Sell,227407400
2024-07-30 13:55:02,37350.0,100,Sell,227407401
2024-07-30 13:55:02,37350.0,4200,Sell,227407403
2024-07-30 13:55:02,37400.0,1000,Sell,227407394
2024-07-30 13:55:02,37400.0,100,Sell,227407386
2024-07-30 13:55:02,37450.0,100,Sell,227407383
2024-07-30 13:55:02,37400.0,500,Sell,227407384
2024-07-30 13:55:02,37500.0,1400,Sell,227407367
2024-07-30 13:55:02,37500.0,100,Sell,227407368
2024-07-30 13:55:02,37500.0,300,Sell,227407369
2024-07-30 13:55:02,37400.0,100,Sell,227407385
2024-07-30 13:55:02,37500.0,100,Sell,227407371
2024-07-30 13:55:02,37500.0,100,Sell,227407372
2024-07-30 13:55:02,37500.0,500,Sell,227407373
2024-07-30 13:55:02,37450.0,3200,Sell,227407374
2024-07-30 13:55:02,37500.0,500,Sell,227407370
2024-07-30 13:55:02,37450.0,100,Sell,227407376
2024-07-30 13:55:02,37450.0,100,Sell,227407377
2024-07-30 13:55:02,37450.0,400,Sell,227407378
2024-07-30 13:55:02,37450.0,5000,Sell,227407379
2024-07-30 13:55:02,37450.0,400,Sell,227407380
2024-07-30 13:55:02,37450.0,100,Sell,227407381
2024-07-30 13:55:02,37450.0,100,Sell,227407382
2024-07-30 13:55:02,37450.0,1000,Sell,227407375
2024-07-30 13:55:21,37400.0,500,Sell,227407899
2024-07-30 13:55:21,37550.0,100,Buy,227407892
2024-07-30 13:55:47,37400.0,1100,Sell,227408584
2024-07-30 13:55:47,37400.0,200,Sell,227408585
2024-07-30 13:55:48,37400.0,100,Sell,227408599
2024-07-30 13:55:48,37400.0,1600,Sell,227408600
2024-07-30 13:57:31,37400.0,100,Sell,227411646
2024-07-30 13:57:31,37400.0,200,Sell,227411645
2024-07-30 13:57:31,37400.0,300,Sell,227411644
2024-07-30 13:57:31,37400.0,100,Sell,227411643
2024-07-30 13:57:31,37400.0,1000,Sell,227411641
2024-07-30 13:57:31,37400.0,200,Sell,227411640
2024-07-30 13:57:31,37400.0,700,Sell,227411638
2024-07-30 13:57:31,37400.0,100,Sell,227411642
2024-07-30 13:57:31,37400.0,300,Sell,227411639
2024-07-30 13:57:39,37400.0,200,Sell,227411875
2024-07-30 13:57:39,37400.0,100,Sell,227411876
2024-07-30 13:57:39,37400.0,100,Sell,227411877
2024-07-30 13:58:13,37400.0,700,Buy,227412678
2024-07-30 13:58:31,37350.0,800,Sell,227413311
2024-07-30 13:58:31,37350.0,2000,Sell,227413312
2024-07-30 13:58:31,37350.0,1600,Sell,227413313
2024-07-30 13:58:49,37350.0,400,Sell,227414037
2024-07-30 13:58:49,37350.0,300,Sell,227414038
2024-07-30 13:58:49,37350.0,100,Sell,227414039
2024-07-30 13:58:49,37350.0,2100,Sell,227414040
2024-07-30 13:59:06,37350.0,100,Sell,227414554
2024-07-30 13:59:06,37350.0,500,Sell,227414553
2024-07-30 13:59:06,37350.0,200,Sell,227414551
2024-07-30 13:59:06,37350.0,4600,Sell,227414550
2024-07-30 13:59:06,37350.0,100,Sell,227414552
2024-07-30 13:59:33,37350.0,500,Sell,227415539
2024-07-30 13:59:41,37350.0,500,Sell,227415810
2024-07-30 13:59:58,37350.0,900,Sell,227416549
2024-07-30 13:59:58,37350.0,100,Sell,227416550
2024-07-30 14:00:08,37350.0,100,Sell,227416964
2024-07-30 14:00:08,37350.0,800,Sell,227416966
2024-07-30 14:00:08,37350.0,200,Sell,227416965
2024-07-30 14:00:08,37350.0,2000,Sell,227416963
2024-07-30 14:00:08,37350.0,100,Sell,227416962
2024-07-30 14:00:08,37350.0,100,Sell,227416961
2024-07-30 14:00:08,37350.0,100,Sell,227416960
2024-07-30 14:00:08,37350.0,500,Sell,227416959
2024-07-30 14:00:08,37350.0,2900,Sell,227416958
2024-07-30 14:00:15,37350.0,600,Sell,227417291
2024-07-30 14:00:20,37350.0,100,Buy,227417455
2024-07-30 14:00:36,37350.0,100,Buy,227418184
2024-07-30 14:00:49,37350.0,200,Buy,227418685
2024-07-30 14:00:49,37350.0,300,Buy,227418686
2024-07-30 14:00:50,37350.0,200,Buy,227418806
2024-07-30 14:01:15,37350.0,1700,Sell,227419928
2024-07-30 14:01:15,37350.0,100,Sell,227419926
2024-07-30 14:01:15,37350.0,200,Sell,227419927
2024-07-30 14:01:16,37350.0,1700,Sell,227419978
2024-07-30 14:01:23,37350.0,300,Sell,227420320
2024-07-30 14:01:26,37300.0,100,Sell,227420485
2024-07-30 14:01:26,37300.0,100,Sell,227420494
2024-07-30 14:01:26,37300.0,10000,Sell,227420493
2024-07-30 14:01:26,37300.0,100,Sell,227420492
2024-07-30 14:01:26,37300.0,100,Sell,227420489
2024-07-30 14:01:26,37300.0,6700,Sell,227420488
2024-07-30 14:01:26,37300.0,1000,Sell,227420487
2024-07-30 14:01:26,37300.0,100,Sell,227420486
2024-07-30 14:01:26,37300.0,1000,Sell,227420484
2024-07-30 14:01:26,37300.0,2300,Sell,227420491
2024-07-30 14:01:26,37300.0,100,Sell,227420482
2024-07-30 14:01:26,37300.0,100,Sell,227420483
2024-07-30 14:01:26,37300.0,3000,Sell,227420473
2024-07-30 14:01:26,37300.0,200,Sell,227420474
2024-07-30 14:01:26,37300.0,1000,Sell,227420475
2024-07-30 14:01:26,37300.0,500,Sell,227420476
2024-07-30 14:01:26,37300.0,500,Sell,227420490
2024-07-30 14:01:26,37300.0,500,Sell,227420477
2024-07-30 14:01:26,37300.0,100,Sell,227420480
2024-07-30 14:01:26,37300.0,500,Sell,227420481
2024-07-30 14:01:26,37300.0,2000,Sell,227420478
2024-07-30 14:01:26,37300.0,200,Sell,227420479
2024-07-30 14:01:27,37300.0,500,Buy,227420534
2024-07-30 14:01:27,37250.0,100,Sell,227420540
2024-07-30 14:01:27,37250.0,200,Sell,227420541
2024-07-30 14:01:27,37250.0,100,Sell,227420542
2024-07-30 14:01:27,37250.0,100,Sell,227420543
2024-07-30 14:01:27,37250.0,100,Sell,227420544
2024-07-30 14:01:27,37250.0,800,Sell,227420545
2024-07-30 14:01:27,37250.0,600,Sell,227420546
2024-07-30 14:01:43,37250.0,1500,Sell,227421528
2024-07-30 14:01:49,37250.0,400,Sell,227422174
2024-07-30 14:01:51,37250.0,500,Sell,227422567
2024-07-30 14:01:55,37250.0,300,Sell,227422785
2024-07-30 14:01:55,37250.0,700,Sell,227422786
2024-07-30 14:02:10,37250.0,1000,Sell,227423536
2024-07-30 14:02:13,37250.0,100,Sell,227423734
2024-07-30 14:02:16,37250.0,200,Sell,227424199
2024-07-30 14:02:17,37250.0,2300,Sell,227424301
2024-07-30 14:02:17,37250.0,200,Sell,227424302
2024-07-30 14:02:17,37250.0,100,Sell,227424303
2024-07-30 14:02:17,37250.0,100,Sell,227424304
2024-07-30 14:02:18,37250.0,300,Sell,227424350
2024-07-30 14:02:21,37250.0,1700,Buy,227424558
2024-07-30 14:02:23,37250.0,300,Sell,227424904
2024-07-30 14:02:30,37200.0,100,Sell,227425341
2024-07-30 14:02:31,37200.0,200,Sell,227425364
2024-07-30 14:02:31,37200.0,200,Sell,227425365
2024-07-30 14:02:31,37200.0,2300,Sell,227425366
2024-07-30 14:02:37,37200.0,100,Sell,227425968
2024-07-30 14:02:38,37200.0,7600,Sell,227426041
2024-07-30 14:02:38,37200.0,300,Sell,227426042
2024-07-30 14:02:38,37200.0,100,Sell,227426043
2024-07-30 14:02:38,37200.0,200,Sell,227426044
2024-07-30 14:02:38,37200.0,300,Sell,227426045
2024-07-30 14:02:38,37200.0,2200,Sell,227426046
2024-07-30 14:02:38,37200.0,1000,Sell,227426047
2024-07-30 14:02:38,37200.0,100,Sell,227426048
2024-07-30 14:02:38,37200.0,800,Sell,227426049
2024-07-30 14:02:38,37200.0,200,Sell,227426050
2024-07-30 14:02:38,37200.0,600,Sell,227426051
2024-07-30 14:02:44,37250.0,300,Buy,227426361
2024-07-30 14:02:46,37200.0,900,Sell,227426558
2024-07-30 14:02:46,37200.0,400,Sell,227426571
2024-07-30 14:02:49,37250.0,1000,Buy,227426782
2024-07-30 14:02:50,37250.0,100,Buy,227426900
2024-07-30 14:02:56,37200.0,300,Sell,227427541
2024-07-30 14:02:58,37250.0,600,Buy,227427786
2024-07-30 14:03:08,37200.0,800,Sell,227428645
2024-07-30 14:03:08,37200.0,1000,Sell,227428646
2024-07-30 14:03:08,37200.0,100,Sell,227428647
2024-07-30 14:03:08,37200.0,500,Sell,227428648
2024-07-30 14:03:08,37200.0,200,Sell,227428649
2024-07-30 14:03:08,37200.0,100,Sell,227428650
2024-07-30 14:03:08,37200.0,1400,Sell,227428651
2024-07-30 14:03:15,37200.0,500,Buy,227429134
2024-07-30 14:03:16,37200.0,100,Buy,227429464
2024-07-30 14:03:19,37150.0,900,Sell,227429681
2024-07-30 14:03:19,37200.0,100,Buy,227429630
2024-07-30 14:03:19,37150.0,100,Sell,227429680
2024-07-30 14:03:21,37150.0,100,Sell,227429784
2024-07-30 14:03:21,37150.0,300,Sell,227429785
2024-07-30 14:03:21,37150.0,1000,Sell,227429786
2024-07-30 14:03:21,37150.0,100,Sell,227429787
2024-07-30 14:03:21,37150.0,2100,Sell,227429783
2024-07-30 14:03:26,37200.0,100,Buy,227430213
2024-07-30 14:03:33,37150.0,100,Sell,227430879
2024-07-30 14:03:43,37150.0,200,Sell,227431614
2024-07-30 14:03:43,37150.0,500,Sell,227431613
2024-07-30 14:03:43,37150.0,100,Sell,227431612
2024-07-30 14:03:43,37150.0,200,Sell,227431611
2024-07-30 14:03:49,37100.0,200,Sell,227432137
2024-07-30 14:03:49,37100.0,2000,Sell,227432136
2024-07-30 14:03:49,37100.0,300,Sell,227432135
2024-07-30 14:03:49,37100.0,500,Sell,227432134
2024-07-30 14:03:49,37100.0,1000,Sell,227432133
2024-07-30 14:03:49,37100.0,2000,Sell,227432132
2024-07-30 14:03:49,37100.0,10000,Sell,227432128
2024-07-30 14:03:49,37100.0,200,Sell,227432130
2024-07-30 14:03:49,37100.0,600,Sell,227432129
2024-07-30 14:03:49,37100.0,1000,Sell,227432126
2024-07-30 14:03:49,37100.0,500,Sell,227432125
2024-07-30 14:03:49,37100.0,500,Sell,227432124
2024-07-30 14:03:49,37100.0,1000,Sell,227432131
2024-07-30 14:03:49,37100.0,200,Sell,227432127
2024-07-30 14:03:57,37150.0,100,Buy,227432836
2024-07-30 14:03:58,37100.0,800,Sell,227432871
2024-07-30 14:03:58,37100.0,100,Sell,227432872
2024-07-30 14:03:58,37100.0,100,Sell,227432873
2024-07-30 14:04:01,37100.0,500,Buy,227433082
2024-07-30 14:04:06,37100.0,100,Buy,227433596
2024-07-30 14:04:07,37100.0,100,Buy,227433636
2024-07-30 14:04:15,37100.0,100,Buy,227434256
2024-07-30 14:04:24,37050.0,100,Sell,227435223
2024-07-30 14:04:24,37050.0,2200,Sell,227435224
2024-07-30 14:04:27,37050.0,1600,Sell,227435418
2024-07-30 14:04:27,37050.0,600,Sell,227435419
2024-07-30 14:04:27,37050.0,800,Sell,227435420
2024-07-30 14:04:30,37050.0,1200,Sell,227435545
2024-07-30 14:04:30,37050.0,100,Sell,227435546
2024-07-30 14:04:30,37050.0,500,Sell,227435547
2024-07-30 14:04:30,37050.0,500,Sell,227435548
2024-07-30 14:04:30,37050.0,300,Sell,227435549
2024-07-30 14:04:34,37050.0,2200,Sell,227435818
2024-07-30 14:04:36,37050.0,100,Sell,227436033
2024-07-30 14:04:54,37050.0,100,Sell,227437434
2024-07-30 14:04:54,37050.0,400,Sell,227437433
2024-07-30 14:04:56,37050.0,200,Sell,227437572
2024-07-30 14:04:56,37050.0,800,Sell,227437573
2024-07-30 14:05:01,37100.0,200,Buy,227437951
2024-07-30 14:05:01,37100.0,300,Buy,227437952
2024-07-30 14:05:04,37050.0,100,Sell,227438141
2024-07-30 14:05:08,37050.0,2300,Sell,227438481
2024-07-30 14:05:09,37050.0,100,Sell,227438523
2024-07-30 14:05:09,37100.0,1000,Buy,227438553
2024-07-30 14:05:12,37050.0,300,Sell,227438759
2024-07-30 14:05:16,37050.0,4600,Sell,227439099
2024-07-30 14:05:16,37050.0,300,Sell,227439100
2024-07-30 14:05:16,37050.0,100,Sell,227439101
2024-07-30 14:05:24,37050.0,300,Sell,227439893
2024-07-30 14:05:24,37050.0,100,Sell,227439892
2024-07-30 14:05:24,37050.0,100,Sell,227439890
2024-07-30 14:05:24,37050.0,500,Sell,227439873
2024-07-30 14:05:24,37050.0,500,Sell,227439891
2024-07-30 14:05:26,37050.0,200,Sell,227440028
2024-07-30 14:05:43,37100.0,1000,Buy,227441225
2024-07-30 14:05:58,37050.0,100,Sell,227442235
2024-07-30 14:06:04,37100.0,100,Buy,227442628
2024-07-30 14:06:08,37100.0,100,Buy,227442920
2024-07-30 14:06:14,37100.0,200,Buy,227443212
2024-07-30 14:06:14,37100.0,300,Buy,227443213
2024-07-30 14:06:17,37050.0,100,Buy,227443389
2024-07-30 14:06:17,37000.0,100,Sell,227443358
2024-07-30 14:06:17,37000.0,100,Sell,227443357
2024-07-30 14:06:17,37000.0,100,Sell,227443356
2024-07-30 14:06:17,37000.0,5000,Sell,227443355
2024-07-30 14:06:17,37000.0,100,Sell,227443354
2024-07-30 14:06:17,37000.0,200,Sell,227443353
2024-07-30 14:06:17,37000.0,500,Sell,227443352
2024-07-30 14:06:17,37000.0,100,Sell,227443351
2024-07-30 14:06:17,37050.0,1000,Sell,227443347
2024-07-30 14:06:17,37050.0,700,Sell,227443348
2024-07-30 14:06:17,37050.0,2900,Sell,227443345
2024-07-30 14:06:17,37050.0,100,Sell,227443344
2024-07-30 14:06:17,37050.0,100,Sell,227443343
2024-07-30 14:06:17,37050.0,300,Sell,227443342
2024-07-30 14:06:17,37050.0,300,Sell,227443341
2024-07-30 14:06:17,37050.0,400,Sell,227443340
2024-07-30 14:06:17,37050.0,2000,Sell,227443349
2024-07-30 14:06:17,37050.0,100,Sell,227443346
2024-07-30 14:06:19,37050.0,100,Buy,227443461
2024-07-30 14:06:34,37050.0,100,Buy,227444530
2024-07-30 14:06:34,37050.0,1900,Buy,227444529
2024-07-30 14:06:36,37050.0,300,Buy,227444618
2024-07-30 14:06:37,37050.0,200,Buy,227444756
2024-07-30 14:06:40,37000.0,500,Sell,227444877
2024-07-30 14:06:40,37050.0,4400,Buy,227444884
2024-07-30 14:06:49,37100.0,500,Buy,227445443
2024-07-30 14:06:49,37100.0,500,Buy,227445444
2024-07-30 14:06:49,37100.0,1600,Buy,227445445
2024-07-30 14:06:50,37100.0,1500,Buy,227445502
2024-07-30 14:06:53,37100.0,1500,Buy,227445659
2024-07-30 14:06:57,37100.0,500,Buy,227445894
2024-07-30 14:06:59,37100.0,2100,Buy,227445991
2024-07-30 14:06:59,37100.0,400,Buy,227446004
2024-07-30 14:07:02,37100.0,100,Buy,227446110
2024-07-30 14:07:03,37100.0,1600,Buy,227446195
2024-07-30 14:07:05,37100.0,700,Buy,227446341
2024-07-30 14:07:05,37100.0,200,Buy,227446342
2024-07-30 14:07:06,37100.0,1000,Buy,227446403
2024-07-30 14:07:07,37100.0,100,Buy,227446465
2024-07-30 14:07:07,37100.0,500,Buy,227446466
2024-07-30 14:07:07,37100.0,100,Buy,227446467
2024-07-30 14:07:16,37150.0,100,Buy,227446886
2024-07-30 14:07:25,37200.0,800,Buy,227447320
2024-07-30 14:07:25,37200.0,200,Buy,227447321
2024-07-30 14:07:25,37200.0,100,Buy,227447335
2024-07-30 14:07:30,37200.0,600,Buy,227447712
2024-07-30 14:07:50,37300.0,400,Buy,227448835
2024-07-30 14:07:58,37350.0,500,Buy,227449123
2024-07-30 14:08:17,37450.0,3500,Buy,227450029
2024-07-30 14:08:17,37450.0,500,Buy,227450027
2024-07-30 14:08:17,37450.0,1000,Buy,227450028
2024-07-30 14:08:28,37450.0,200,Buy,227450648
2024-07-30 14:08:28,37450.0,1100,Buy,227450646
2024-07-30 14:08:28,37450.0,5900,Buy,227450647
2024-07-30 14:08:29,37450.0,900,Sell,227450703
2024-07-30 14:08:30,37450.0,1000,Sell,227450750
2024-07-30 14:08:42,37450.0,1000,Sell,227451324
2024-07-30 14:08:43,37450.0,100,Sell,227451364
2024-07-30 14:08:43,37450.0,200,Sell,227451365
2024-07-30 14:08:43,37450.0,9900,Sell,227451363
2024-07-30 14:08:54,37500.0,500,Buy,227451750
2024-07-30 14:09:00,37500.0,100,Buy,227451912
2024-07-30 14:09:04,37450.0,100,Sell,227452104
2024-07-30 14:09:04,37450.0,100,Sell,227452105
2024-07-30 14:09:05,37450.0,100,Buy,227452117
2024-07-30 14:09:08,37450.0,200,Buy,227452249
2024-07-30 14:09:10,37500.0,500,Buy,227452298
2024-07-30 14:09:18,37500.0,100,Buy,227452571
2024-07-30 14:09:34,37500.0,100,Buy,227453065
2024-07-30 14:09:38,37500.0,300,Buy,227453195
2024-07-30 14:09:38,37500.0,200,Buy,227453194
2024-07-30 14:09:42,37450.0,100,Sell,227453293
2024-07-30 14:09:42,37450.0,200,Buy,227453299
2024-07-30 14:09:42,37450.0,200,Sell,227453292
2024-07-30 14:09:52,37450.0,2800,Sell,227453555
2024-07-30 14:10:17,37450.0,100,Buy,227454333
2024-07-30 14:10:24,37450.0,100,Buy,227454559
2024-07-30 14:10:26,37450.0,200,Buy,227454613
2024-07-30 14:10:32,37450.0,100,Buy,227454824
2024-07-30 14:10:34,37400.0,100,Sell,227454851
2024-07-30 14:10:34,37400.0,100,Sell,227454852
2024-07-30 14:10:34,37400.0,200,Sell,227454853
2024-07-30 14:10:34,37400.0,100,Sell,227454854
2024-07-30 14:10:38,37350.0,1400,Sell,227455041
2024-07-30 14:10:38,37400.0,600,Sell,227455039
2024-07-30 14:10:38,37400.0,500,Sell,227455038
2024-07-30 14:10:38,37350.0,1000,Sell,227455040
2024-07-30 14:10:40,37400.0,100,Sell,227455085
2024-07-30 14:10:49,37400.0,100,Buy,227455406
2024-07-30 14:11:02,37400.0,100,Buy,227455819
2024-07-30 14:11:05,37400.0,4700,Buy,227455933
2024-07-30 14:11:05,37400.0,1500,Buy,227455934
2024-07-30 14:11:33,37400.0,100,Sell,227456941
2024-07-30 14:11:34,37400.0,400,Sell,227456943
2024-07-30 14:11:37,37400.0,2900,Sell,227457086
2024-07-30 14:11:37,37400.0,5000,Sell,227457087
2024-07-30 14:11:37,37400.0,2100,Sell,227457088
2024-07-30 14:11:38,37400.0,2000,Sell,227457091
2024-07-30 14:11:39,37400.0,2500,Sell,227457137
2024-07-30 14:11:40,37400.0,500,Sell,227457200
2024-07-30 14:11:44,37400.0,100,Sell,227457317
2024-07-30 14:11:44,37400.0,900,Sell,227457316
2024-07-30 14:11:45,37400.0,100,Sell,227457370
2024-07-30 14:11:45,37400.0,1800,Sell,227457371
2024-07-30 14:11:57,37350.0,600,Sell,227457787
2024-07-30 14:11:57,37350.0,400,Sell,227457788
2024-07-30 14:11:57,37350.0,100,Sell,227457789
2024-07-30 14:11:57,37350.0,400,Sell,227457790
2024-07-30 14:11:57,37350.0,300,Sell,227457808
2024-07-30 14:11:57,37350.0,100,Sell,227457809
2024-07-30 14:12:03,37300.0,100,Sell,227457994
2024-07-30 14:12:03,37300.0,100,Sell,227457993
2024-07-30 14:12:03,37300.0,200,Sell,227457992
2024-07-30 14:12:03,37300.0,100,Sell,227457990
2024-07-30 14:12:03,37300.0,200,Sell,227457991
2024-07-30 14:12:22,37300.0,500,Buy,227458562
2024-07-30 14:12:32,37300.0,500,Buy,227458861
2024-07-30 14:12:38,37300.0,200,Buy,227459085
2024-07-30 14:13:06,37250.0,500,Sell,227460025
2024-07-30 14:13:06,37200.0,500,Sell,227460026
2024-07-30 14:13:26,37200.0,500,Sell,227460539
2024-07-30 14:13:26,37200.0,1000,Sell,227460540
2024-07-30 14:13:26,37200.0,500,Sell,227460541
2024-07-30 14:13:43,37200.0,1300,Sell,227460977
2024-07-30 14:13:43,37200.0,100,Sell,227460978
2024-07-30 14:13:43,37200.0,600,Sell,227460979
2024-07-30 14:13:55,37200.0,2000,Sell,227461239
2024-07-30 14:14:04,37200.0,100,Sell,227461433
2024-07-30 14:14:04,37200.0,100,Sell,227461430
2024-07-30 14:14:04,37200.0,1000,Sell,227461431
2024-07-30 14:14:04,37200.0,1000,Sell,227461432
2024-07-30 14:14:42,37200.0,2800,Buy,227462293
2024-07-30 14:14:42,37200.0,2000,Buy,227462294
2024-07-30 14:14:42,37200.0,200,Buy,227462295
2024-07-30 14:14:48,37200.0,100,Buy,227462431
2024-07-30 14:14:48,37200.0,400,Buy,227462432
2024-07-30 14:14:48,37150.0,1000,Sell,227462433
2024-07-30 14:14:53,37200.0,700,Buy,227462612
2024-07-30 14:15:05,37200.0,1500,Buy,227462872
2024-07-30 14:15:05,37150.0,300,Sell,227462864
2024-07-30 14:15:05,37150.0,500,Sell,227462865
2024-07-30 14:15:05,37150.0,500,Buy,227462871
2024-07-30 14:15:15,37100.0,1000,Sell,227463082
2024-07-30 14:15:28,37100.0,500,Sell,227463442
2024-07-30 14:15:28,37150.0,500,Sell,227463441
2024-07-30 14:15:28,37200.0,100,Buy,227463448
2024-07-30 14:15:42,37200.0,1100,Buy,227463909
2024-07-30 14:15:42,37200.0,900,Buy,227463910
2024-07-30 14:15:48,37200.0,500,Sell,227464055
2024-07-30 14:15:57,37200.0,4300,Buy,227464310
2024-07-30 14:16:06,37200.0,1700,Sell,227464580
2024-07-30 14:16:06,37200.0,1000,Sell,227464581
2024-07-30 14:16:06,37200.0,1900,Sell,227464582
2024-07-30 14:16:06,37200.0,1000,Sell,227464583
2024-07-30 14:16:16,37150.0,1000,Sell,227464810
2024-07-30 14:16:30,37200.0,500,Buy,227465280
2024-07-30 14:16:48,37150.0,300,Sell,227465788
2024-07-30 14:17:05,37150.0,100,Sell,227466181
2024-07-30 14:17:31,37200.0,400,Buy,227466850
2024-07-30 14:17:32,37150.0,1000,Sell,227466870
2024-07-30 14:18:09,37150.0,100,Sell,227467902
2024-07-30 14:18:11,37200.0,500,Buy,227467948
2024-07-30 14:18:23,37200.0,100,Buy,227468509
2024-07-30 14:18:28,37150.0,10000,Sell,227468679
2024-07-30 14:18:34,37200.0,1000,Buy,227468843
2024-07-30 14:18:44,37200.0,100,Buy,227469169
2024-07-30 14:18:46,37200.0,500,Buy,227469215
2024-07-30 14:18:47,37200.0,400,Buy,227469249
2024-07-30 14:18:47,37200.0,1000,Buy,227469250
2024-07-30 14:18:47,37200.0,100,Buy,227469251
2024-07-30 14:19:10,37300.0,600,Buy,227470042
2024-07-30 14:19:23,37300.0,100,Buy,227470511
2024-07-30 14:19:35,37300.0,100,Buy,227470814
2024-07-30 14:19:43,37300.0,400,Buy,227470970
2024-07-30 14:19:43,37300.0,1100,Buy,227470967
2024-07-30 14:19:43,37300.0,400,Buy,227470968
2024-07-30 14:19:43,37300.0,100,Buy,227470969
2024-07-30 14:20:03,37300.0,1500,Buy,227471687
2024-07-30 14:20:18,37300.0,100,Buy,227472129
2024-07-30 14:20:23,37300.0,2000,Buy,227472288
2024-07-30 14:20:26,37300.0,100,Buy,227472356
2024-07-30 14:20:32,37300.0,100,Buy,227472517
2024-07-30 14:20:43,37300.0,100,Buy,227472893
2024-07-30 14:20:45,37300.0,700,Buy,227472988
2024-07-30 14:20:45,37300.0,300,Buy,227472989
2024-07-30 14:20:46,37300.0,1900,Buy,227473115
2024-07-30 14:20:49,37300.0,100,Sell,227473233
2024-07-30 14:20:49,37300.0,100,Sell,227473234
2024-07-30 14:20:52,37400.0,100,Buy,227473283
2024-07-30 14:21:46,37400.0,300,Buy,227474959
2024-07-30 14:21:52,37400.0,2200,Buy,227475162
2024-07-30 14:21:52,37400.0,1600,Buy,227475161
2024-07-30 14:22:04,37350.0,200,Sell,227475538
2024-07-30 14:22:04,37350.0,200,Sell,227475539
2024-07-30 14:22:04,37350.0,500,Sell,227475540
2024-07-30 14:22:32,37350.0,300,Buy,227476243
2024-07-30 14:22:35,37350.0,1000,Buy,227476354
2024-07-30 14:22:35,37350.0,100,Buy,227476361
2024-07-30 14:22:42,37350.0,400,Buy,227476544
2024-07-30 14:22:45,37350.0,200,Buy,227476645
2024-07-30 14:22:54,37350.0,100,Buy,227477054
2024-07-30 14:22:55,37350.0,200,Buy,227477099
2024-07-30 14:22:58,37350.0,300,Buy,227477188
2024-07-30 14:23:06,37350.0,100,Buy,227477443
2024-07-30 14:23:06,37350.0,100,Buy,227477438
2024-07-30 14:23:26,37350.0,100,Buy,227477959
2024-07-30 14:23:26,37350.0,100,Buy,227477960
2024-07-30 14:23:29,37350.0,1800,Sell,227478104
2024-07-30 14:23:33,37400.0,100,Buy,227478225
2024-07-30 14:23:40,37400.0,1700,Buy,227478455
2024-07-30 14:23:40,37450.0,2800,Buy,227478456
2024-07-30 14:23:40,37450.0,1000,Buy,227478457
2024-07-30 14:23:57,37450.0,1000,Buy,227479270
2024-07-30 14:24:10,37500.0,100,Buy,227479853
2024-07-30 14:24:24,37500.0,400,Buy,227480507
2024-07-30 14:24:24,37500.0,600,Buy,227480508
2024-07-30 14:24:26,37500.0,400,Buy,227480569
2024-07-30 14:24:26,37550.0,5000,Buy,227480570
2024-07-30 14:24:29,37600.0,100,Buy,227480676
2024-07-30 14:24:30,37550.0,4600,Sell,227480765
2024-07-30 14:24:32,37500.0,1200,Sell,227480868
2024-07-30 14:24:32,37450.0,600,Sell,227480869
2024-07-30 14:24:32,37450.0,2000,Sell,227480870
2024-07-30 14:24:32,37450.0,100,Buy,227480874
2024-07-30 14:24:47,37450.0,200,Buy,227481503
2024-07-30 14:24:52,37450.0,200,Buy,227481636
2024-07-30 14:24:53,37450.0,100,Buy,227481671
2024-07-30 14:25:14,37450.0,1000,Buy,227482521
2024-07-30 14:25:23,37400.0,300,Sell,227482804
2024-07-30 14:25:27,37400.0,100,Buy,227482937
2024-07-30 14:25:35,37400.0,100,Buy,227483378
2024-07-30 14:25:47,37400.0,100,Buy,227483773
2024-07-30 14:25:53,37400.0,100,Buy,227483988
2024-07-30 14:26:02,37400.0,100,Buy,227484320
2024-07-30 14:26:30,37400.0,1000,Buy,227485608
2024-07-30 14:26:33,37400.0,500,Buy,227485753
2024-07-30 14:26:55,37400.0,600,Buy,227486841
2024-07-30 14:26:58,37400.0,100,Buy,227486984
2024-07-30 14:27:02,37400.0,100,Buy,227487232
2024-07-30 14:27:10,37400.0,500,Buy,227487542
2024-07-30 14:27:14,37400.0,1100,Buy,227487739
2024-07-30 14:27:15,37400.0,300,Buy,227487829
2024-07-30 14:27:15,37400.0,200,Buy,227487830
2024-07-30 14:27:19,37400.0,200,Buy,227488007
2024-07-30 14:27:19,37400.0,100,Buy,227488042
2024-07-30 14:27:19,37400.0,100,Buy,227488043
2024-07-30 14:27:19,37400.0,2000,Buy,227488044
2024-07-30 14:27:22,37400.0,500,Buy,227488108
2024-07-30 14:27:24,37400.0,300,Buy,227488221
2024-07-30 14:27:35,37400.0,100,Sell,227488603
2024-07-30 14:27:35,37400.0,200,Sell,227488602
2024-07-30 14:27:57,37400.0,700,Sell,227489584
2024-07-30 14:27:59,37400.0,900,Sell,227489687
2024-07-30 14:27:59,37400.0,100,Sell,227489688
2024-07-30 14:28:02,37400.0,1900,Sell,227489893
2024-07-30 14:28:02,37400.0,100,Sell,227489894
2024-07-30 14:28:16,37400.0,400,Sell,227490473
2024-07-30 14:28:16,37400.0,900,Sell,227490474
2024-07-30 14:28:17,37400.0,100,Buy,227490517
2024-07-30 14:28:27,37400.0,400,Buy,227491036
2024-07-30 14:28:27,37400.0,600,Buy,227491035
2024-07-30 14:28:27,37350.0,1000,Sell,227491031
2024-07-30 14:28:27,37350.0,300,Sell,227491030
2024-07-30 14:28:27,37350.0,2000,Sell,227491028
2024-07-30 14:28:27,37350.0,1000,Sell,227491027
2024-07-30 14:28:27,37350.0,200,Sell,227491026
2024-07-30 14:28:27,37350.0,100,Sell,227491029
2024-07-30 14:28:34,37350.0,100,Sell,227491317
2024-07-30 14:28:40,37400.0,2000,Buy,227491605
2024-07-30 14:28:44,37350.0,500,Sell,227491879
2024-07-30 14:28:47,37350.0,500,Sell,227492056
2024-07-30 14:28:50,37350.0,1500,Sell,227492210
2024-07-30 14:28:50,37350.0,100,Sell,227492211
2024-07-30 14:28:50,37350.0,200,Sell,227492212
2024-07-30 14:28:50,37350.0,200,Sell,227492213
2024-07-30 14:28:52,37350.0,200,Buy,227492322
2024-07-30 14:28:53,37350.0,100,Buy,227492401
2024-07-30 14:28:59,37350.0,200,Buy,227492713
2024-07-30 14:29:01,37350.0,800,Buy,227492836
2024-07-30 14:29:02,37350.0,200,Buy,227492859
2024-07-30 14:29:03,37350.0,200,Buy,227492894
2024-07-30 14:29:04,37350.0,100,Buy,227492986
2024-07-30 14:29:08,37350.0,100,Buy,227493201
2024-07-30 14:29:22,37350.0,200,Buy,227494002
2024-07-30 14:29:23,37300.0,200,Sell,227494087
2024-07-30 14:29:23,37300.0,200,Sell,227494088
2024-07-30 14:29:23,37300.0,100,Sell,227494089
2024-07-30 14:29:23,37300.0,500,Sell,227494090
2024-07-30 14:29:23,37300.0,200,Sell,227494091
2024-07-30 14:29:37,37300.0,300,Buy,227494900
2024-07-30 14:29:37,37350.0,200,Buy,227494901
2024-07-30 14:44:40,37150.0,84700,ATO/ATC,227495690
