time,price,volume,match_type,id
2024-07-29 09:14:38,38100.0,23100,ATO/ATC,226839372
2024-07-29 09:15:00,38200.0,100,Buy,226840315
2024-07-29 09:15:00,38200.0,400,Buy,226840316
2024-07-29 09:15:11,38200.0,100,Buy,226840593
2024-07-29 09:15:18,38250.0,100,Buy,226840780
2024-07-29 09:15:26,38200.0,1800,Sell,226840987
2024-07-29 09:15:26,38250.0,100,Sell,226840985
2024-07-29 09:15:26,38250.0,100,Sell,226840986
2024-07-29 09:15:27,38300.0,100,Buy,226841021
2024-07-29 09:15:27,38300.0,200,Buy,226841022
2024-07-29 09:15:37,38300.0,100,Sell,226841311
2024-07-29 09:15:57,38400.0,100,Buy,226841960
2024-07-29 09:15:57,38400.0,1300,Buy,226841961
2024-07-29 09:15:57,38400.0,100,Buy,226841959
2024-07-29 09:16:01,38400.0,100,Buy,226842057
2024-07-29 09:16:13,38400.0,600,Buy,226842380
2024-07-29 09:16:23,38450.0,300,Buy,226842739
2024-07-29 09:17:09,38500.0,100,Buy,226844186
2024-07-29 09:17:09,38500.0,300,Buy,226844187
2024-07-29 09:17:20,38500.0,200,Buy,226844524
2024-07-29 09:17:27,38500.0,200,Sell,226844771
2024-07-29 09:17:27,38500.0,400,Sell,226844772
2024-07-29 09:17:35,38500.0,2000,Sell,226845168
2024-07-29 09:17:46,38500.0,100,Buy,226845489
2024-07-29 09:17:57,38500.0,100,Buy,226845926
2024-07-29 09:17:57,38500.0,500,Buy,226845927
2024-07-29 09:17:57,38500.0,3300,Buy,226845928
2024-07-29 09:17:59,38500.0,100,Buy,226845978
2024-07-29 09:17:59,38500.0,500,Buy,226845977
2024-07-29 09:18:10,38550.0,400,Buy,226846399
2024-07-29 09:18:11,38500.0,800,Sell,226846413
2024-07-29 09:18:15,38500.0,100,Sell,226846610
2024-07-29 09:18:16,38500.0,5000,Sell,226846645
2024-07-29 09:18:17,38500.0,2400,Sell,226846668
2024-07-29 09:18:18,38500.0,1100,Sell,226846713
2024-07-29 09:18:18,38500.0,800,Sell,226846714
2024-07-29 09:18:25,38500.0,400,Buy,226846977
2024-07-29 09:18:25,38500.0,100,Sell,226846988
2024-07-29 09:18:26,38500.0,1800,Buy,226846990
2024-07-29 09:18:32,38500.0,500,Sell,226847197
2024-07-29 09:18:41,38450.0,200,Sell,226847439
2024-07-29 09:18:41,38450.0,600,Sell,226847440
2024-07-29 09:18:55,38450.0,200,Sell,226847880
2024-07-29 09:18:55,38450.0,100,Sell,226847881
2024-07-29 09:19:31,38450.0,200,Buy,226849147
2024-07-29 09:19:38,38450.0,100,Buy,226849323
2024-07-29 09:19:46,38450.0,2000,Buy,226849543
2024-07-29 09:19:46,38450.0,100,Buy,226849542
2024-07-29 09:19:46,38450.0,500,Buy,226849540
2024-07-29 09:19:46,38450.0,500,Buy,226849541
2024-07-29 09:19:46,38450.0,100,Buy,226849539
2024-07-29 09:19:54,38450.0,500,Sell,226849833
2024-07-29 09:19:55,38450.0,3400,Sell,226849861
2024-07-29 09:20:07,38450.0,100,Sell,226850213
2024-07-29 09:20:13,38450.0,100,Sell,226850374
2024-07-29 09:20:18,38450.0,100,Buy,226850500
2024-07-29 09:20:36,38450.0,100,Sell,226851062
2024-07-29 09:20:38,38450.0,1100,Sell,226851108
2024-07-29 09:20:38,38450.0,600,Sell,226851109
2024-07-29 09:20:52,38500.0,500,Buy,226851599
2024-07-29 09:20:52,38500.0,500,Buy,226851600
2024-07-29 09:20:52,38500.0,1000,Buy,226851601
2024-07-29 09:20:52,38500.0,100,Buy,226851602
2024-07-29 09:20:52,38500.0,500,Buy,226851598
2024-07-29 09:21:07,38500.0,500,Sell,226852067
2024-07-29 09:21:07,38550.0,100,Buy,226852048
2024-07-29 09:21:07,38550.0,500,Buy,226852049
2024-07-29 09:21:11,38550.0,500,Buy,226852167
2024-07-29 09:21:11,38550.0,1300,Buy,226852166
2024-07-29 09:21:20,38550.0,100,Sell,226852526
2024-07-29 09:21:24,38550.0,1100,Sell,226852688
2024-07-29 09:21:30,38550.0,100,Buy,226852895
2024-07-29 09:21:33,38550.0,200,Buy,226852993
2024-07-29 09:21:36,38500.0,3000,Sell,226853095
2024-07-29 09:21:46,38500.0,3900,Sell,226853467
2024-07-29 09:21:46,38500.0,1000,Sell,226853468
2024-07-29 09:21:46,38500.0,100,Sell,226853469
2024-07-29 09:21:58,38500.0,300,Buy,226853838
2024-07-29 09:22:00,38500.0,1000,Buy,226853912
2024-07-29 09:22:03,38450.0,100,Sell,226853961
2024-07-29 09:22:17,38500.0,1000,Buy,226854356
2024-07-29 09:22:25,38500.0,500,Buy,226854574
2024-07-29 09:22:25,38500.0,100,Sell,226854578
2024-07-29 09:22:29,38500.0,1400,Sell,226854663
2024-07-29 09:22:37,38500.0,500,Buy,226854937
2024-07-29 09:22:41,38500.0,100,Buy,226855040
2024-07-29 09:22:41,38500.0,500,Buy,226855041
2024-07-29 09:23:00,38550.0,1000,Buy,226855592
2024-07-29 09:23:06,38500.0,1000,Sell,226855743
2024-07-29 09:23:06,38550.0,800,Buy,226855731
2024-07-29 09:23:06,38550.0,100,Buy,226855730
2024-07-29 09:23:06,38550.0,600,Buy,226855729
2024-07-29 09:23:16,38550.0,200,Buy,226855987
2024-07-29 09:23:21,38500.0,1300,Sell,226856116
2024-07-29 09:23:24,38550.0,200,Buy,226856171
2024-07-29 09:24:23,38500.0,500,Sell,226857973
2024-07-29 09:24:34,38500.0,500,Sell,226858289
2024-07-29 09:24:47,38550.0,800,Buy,226858593
2024-07-29 09:24:47,38550.0,300,Buy,226858594
2024-07-29 09:24:47,38550.0,1000,Buy,226858595
2024-07-29 09:24:47,38550.0,100,Buy,226858596
2024-07-29 09:25:08,38500.0,200,Sell,226859095
2024-07-29 09:25:22,38550.0,300,Buy,226859443
2024-07-29 09:25:27,38500.0,1000,Sell,226859588
2024-07-29 09:25:45,38500.0,400,Sell,226860054
2024-07-29 09:26:09,38500.0,2500,Sell,226860694
2024-07-29 09:26:09,38500.0,200,Sell,226860695
2024-07-29 09:26:09,38500.0,1000,Sell,226860696
2024-07-29 09:26:09,38500.0,200,Sell,226860697
2024-07-29 09:26:09,38500.0,100,Sell,226860698
2024-07-29 09:26:40,38500.0,800,Sell,226861327
2024-07-29 09:26:40,38500.0,400,Sell,226861325
2024-07-29 09:26:40,38500.0,500,Sell,226861326
2024-07-29 09:27:07,38500.0,100,Buy,226861919
2024-07-29 09:27:07,38500.0,1900,Buy,226861920
2024-07-29 09:27:07,38500.0,200,Buy,226861911
2024-07-29 09:27:13,38450.0,100,Sell,226862023
2024-07-29 09:27:20,38450.0,100,Sell,226862145
2024-07-29 09:27:27,38450.0,1000,Sell,226862296
2024-07-29 09:27:42,38450.0,600,Sell,226862602
2024-07-29 09:27:42,38450.0,1200,Sell,226862603
2024-07-29 09:27:42,38450.0,100,Sell,226862600
2024-07-29 09:27:42,38450.0,100,Sell,226862601
2024-07-29 09:28:03,38450.0,500,Sell,226863087
2024-07-29 09:28:13,38450.0,300,Sell,226863313
2024-07-29 09:28:13,38450.0,700,Sell,226863314
2024-07-29 09:28:44,38450.0,300,Sell,226864055
2024-07-29 09:28:44,38450.0,700,Sell,226864056
2024-07-29 09:28:51,38450.0,2300,Sell,226864231
2024-07-29 09:28:53,38450.0,800,Sell,226864288
2024-07-29 09:29:19,38400.0,2000,Sell,226864765
2024-07-29 09:29:34,38400.0,200,Sell,226865161
2024-07-29 09:29:44,38400.0,2100,Sell,226865354
2024-07-29 09:30:07,38450.0,100,Buy,226865969
2024-07-29 09:30:07,38450.0,1200,Buy,226865968
2024-07-29 09:30:36,38450.0,1000,Sell,226866790
2024-07-29 09:30:40,38450.0,2700,Sell,226866893
2024-07-29 09:31:07,38400.0,100,Sell,226867501
2024-07-29 09:31:16,38400.0,100,Sell,226867668
2024-07-29 09:31:23,38450.0,1000,Buy,226867809
2024-07-29 09:31:33,38400.0,600,Sell,226867992
2024-07-29 09:31:33,38400.0,200,Sell,226867993
2024-07-29 09:31:33,38400.0,100,Sell,226867994
2024-07-29 09:31:33,38400.0,100,Sell,226867995
2024-07-29 09:31:51,38400.0,100,Sell,226868375
2024-07-29 09:31:54,38400.0,100,Sell,226868439
2024-07-29 09:31:54,38400.0,4700,Sell,226868440
2024-07-29 09:31:54,38400.0,800,Sell,226868438
2024-07-29 09:32:22,38450.0,100,Buy,226869055
2024-07-29 09:32:22,38450.0,1100,Buy,226869056
2024-07-29 09:32:22,38450.0,500,Buy,226869057
2024-07-29 09:32:36,38450.0,500,Buy,226869406
2024-07-29 09:32:40,38450.0,100,Sell,226869486
2024-07-29 09:32:56,38450.0,2000,Sell,226869849
2024-07-29 09:33:04,38450.0,300,Sell,226870058
2024-07-29 09:33:18,38400.0,200,Sell,226870409
2024-07-29 09:33:29,38400.0,100,Sell,226870673
2024-07-29 09:33:29,38400.0,500,Sell,226870674
2024-07-29 09:33:29,38400.0,1000,Sell,226870675
2024-07-29 09:33:29,38400.0,2000,Sell,226870676
2024-07-29 09:33:29,38400.0,200,Sell,226870677
2024-07-29 09:33:29,38350.0,300,Sell,226870678
2024-07-29 09:33:29,38350.0,2000,Sell,226870679
2024-07-29 09:34:36,38300.0,100,Sell,226872233
2024-07-29 09:34:36,38300.0,400,Sell,226872234
2024-07-29 09:34:41,38300.0,100,Sell,226872344
2024-07-29 09:34:41,38300.0,100,Sell,226872345
2024-07-29 09:35:09,38300.0,100,Buy,226873102
2024-07-29 09:35:09,38300.0,200,Buy,226873103
2024-07-29 09:35:16,38300.0,200,Buy,226873268
2024-07-29 09:35:44,38300.0,200,Buy,226874015
2024-07-29 09:35:44,38300.0,500,Buy,226874016
2024-07-29 09:35:44,38300.0,100,Buy,226874018
2024-07-29 09:35:44,38300.0,1000,Buy,226874019
2024-07-29 09:35:44,38300.0,200,Buy,226874020
2024-07-29 09:36:04,38250.0,500,Sell,226874544
2024-07-29 09:36:04,38300.0,300,Buy,226874540
2024-07-29 09:36:16,38250.0,100,Buy,226874824
2024-07-29 09:36:26,38300.0,100,Buy,226875100
2024-07-29 09:36:41,38300.0,200,Buy,226875487
2024-07-29 09:36:41,38300.0,500,Buy,226875488
2024-07-29 09:37:12,38300.0,100,Sell,226876343
2024-07-29 09:37:12,38300.0,200,Sell,226876341
2024-07-29 09:37:12,38300.0,100,Sell,226876342
2024-07-29 09:37:13,38300.0,600,Buy,226876386
2024-07-29 09:37:21,38300.0,3700,Sell,226876604
2024-07-29 09:38:00,38300.0,500,Buy,226877668
2024-07-29 09:38:35,38300.0,100,Buy,226878463
2024-07-29 09:39:41,38250.0,100,Sell,226880048
2024-07-29 09:40:35,38250.0,100,Sell,226881395
2024-07-29 09:40:35,38250.0,2000,Sell,226881396
2024-07-29 09:40:35,38250.0,100,Sell,226881397
2024-07-29 09:41:17,38250.0,100,Buy,226882433
2024-07-29 09:41:17,38250.0,900,Buy,226882431
2024-07-29 09:41:17,38250.0,1000,Buy,226882432
2024-07-29 09:41:29,38250.0,100,Buy,226882760
2024-07-29 09:41:54,38200.0,100,Sell,226883246
2024-07-29 09:41:54,38200.0,100,Sell,226883247
2024-07-29 09:41:54,38200.0,300,Sell,226883248
2024-07-29 09:41:54,38200.0,500,Sell,226883249
2024-07-29 09:42:10,38200.0,200,Sell,226883549
2024-07-29 09:42:16,38250.0,1800,Buy,226883728
2024-07-29 09:42:16,38250.0,2900,Buy,226883729
2024-07-29 09:42:16,38200.0,700,Sell,226883718
2024-07-29 09:42:16,38200.0,1300,Sell,226883715
2024-07-29 09:42:16,38200.0,100,Sell,226883716
2024-07-29 09:42:16,38200.0,100,Sell,226883717
2024-07-29 09:42:16,38200.0,300,Sell,226883714
2024-07-29 09:42:25,38250.0,500,Sell,226883924
2024-07-29 09:42:27,38250.0,300,Sell,226883947
2024-07-29 09:45:12,38300.0,100,Buy,226887385
2024-07-29 09:45:29,38300.0,1200,Buy,226887808
2024-07-29 09:45:29,38300.0,600,Buy,226887809
2024-07-29 09:45:29,38300.0,10000,Buy,226887810
2024-07-29 09:45:29,38300.0,5000,Buy,226887811
2024-07-29 09:45:29,38300.0,3000,Buy,226887812
2024-07-29 09:45:34,38300.0,200,Sell,226887933
2024-07-29 09:45:35,38300.0,300,Buy,226887955
2024-07-29 09:47:38,38350.0,100,Buy,226890595
2024-07-29 09:47:38,38350.0,100,Buy,226890596
2024-07-29 09:47:53,38350.0,100,Buy,226890882
2024-07-29 09:47:54,38350.0,200,Buy,226890910
2024-07-29 09:47:54,38350.0,300,Buy,226890909
2024-07-29 09:48:02,38350.0,800,Buy,226891088
2024-07-29 09:48:02,38350.0,200,Buy,226891089
2024-07-29 09:48:19,38400.0,1000,Sell,226891395
2024-07-29 09:48:19,38350.0,200,Sell,226891396
2024-07-29 09:48:19,38350.0,800,Sell,226891397
2024-07-29 09:49:44,38400.0,700,Buy,226893758
2024-07-29 09:49:44,38450.0,700,Buy,226893759
2024-07-29 09:49:44,38500.0,3100,Buy,226893760
2024-07-29 09:49:44,38500.0,500,Buy,226893761
2024-07-29 09:50:19,38500.0,1400,Buy,226894618
2024-07-29 09:50:19,38500.0,2000,Buy,226894617
2024-07-29 09:50:19,38500.0,1000,Buy,226894616
2024-07-29 09:50:19,38500.0,2000,Buy,226894612
2024-07-29 09:50:19,38500.0,100,Buy,226894613
2024-07-29 09:50:19,38500.0,1000,Buy,226894611
2024-07-29 09:50:19,38500.0,500,Buy,226894614
2024-07-29 09:50:23,38500.0,500,Buy,226894710
2024-07-29 09:50:28,38500.0,3000,Buy,226894848
2024-07-29 09:50:28,38500.0,200,Buy,226894849
2024-07-29 09:50:28,38500.0,3100,Buy,226894846
2024-07-29 09:50:28,38500.0,500,Buy,226894847
2024-07-29 09:50:45,38500.0,500,Buy,226895414
2024-07-29 09:50:49,38500.0,100,Buy,226895512
2024-07-29 09:50:50,38500.0,200,Buy,226895536
2024-07-29 09:50:51,38500.0,1000,Buy,226895542
2024-07-29 09:50:51,38500.0,100,Buy,226895543
2024-07-29 09:50:51,38500.0,100,Buy,226895544
2024-07-29 09:50:51,38500.0,600,Buy,226895545
2024-07-29 09:51:10,38500.0,100,Buy,226896075
2024-07-29 09:51:41,38400.0,300,Sell,226896807
2024-07-29 09:51:41,38400.0,100,Sell,226896806
2024-07-29 09:52:04,38500.0,100,Buy,226897354
2024-07-29 09:52:30,38400.0,200,Sell,226898077
2024-07-29 09:52:30,38400.0,1000,Sell,226898078
2024-07-29 09:52:30,38400.0,100,Sell,226898079
2024-07-29 09:52:31,38400.0,500,Buy,226898102
2024-07-29 09:52:37,38400.0,200,Buy,226898308
2024-07-29 09:54:05,38400.0,500,Sell,226900700
2024-07-29 09:54:22,38450.0,200,Sell,226901125
2024-07-29 09:54:23,38450.0,1600,Sell,226901145
2024-07-29 09:55:14,38450.0,100,Buy,226902520
2024-07-29 09:55:16,38450.0,200,Sell,226902559
2024-07-29 09:55:27,38450.0,100,Buy,226902924
2024-07-29 09:55:34,38450.0,100,Buy,226903108
2024-07-29 09:55:34,38450.0,400,Buy,226903107
2024-07-29 09:56:12,38450.0,500,Sell,226904053
2024-07-29 09:56:43,38450.0,1000,Sell,226904685
2024-07-29 09:57:06,38450.0,800,Buy,226905262
2024-07-29 09:57:45,38450.0,900,Buy,226906197
2024-07-29 09:57:45,38450.0,1000,Buy,226906198
2024-07-29 09:57:45,38450.0,100,Buy,226906199
2024-07-29 09:57:56,38450.0,100,Buy,226906447
2024-07-29 09:58:02,38450.0,200,Buy,226906546
2024-07-29 09:58:11,38450.0,100,Buy,226906745
2024-07-29 09:58:23,38450.0,500,Buy,226906991
2024-07-29 09:59:38,38400.0,500,Sell,226908248
2024-07-29 09:59:44,38400.0,400,Sell,226908308
2024-07-29 09:59:44,38400.0,400,Sell,226908309
2024-07-29 09:59:44,38400.0,200,Sell,226908310
2024-07-29 09:59:44,38400.0,100,Sell,226908311
2024-07-29 09:59:44,38400.0,100,Sell,226908312
2024-07-29 09:59:44,38400.0,700,Sell,226908313
2024-07-29 09:59:44,38400.0,900,Sell,226908314
2024-07-29 09:59:44,38400.0,4000,Sell,226908307
2024-07-29 09:59:47,38400.0,100,Sell,226908344
2024-07-29 09:59:47,38400.0,3000,Sell,226908343
2024-07-29 09:59:47,38400.0,100,Sell,226908341
2024-07-29 09:59:47,38400.0,1100,Sell,226908340
2024-07-29 09:59:47,38400.0,100,Sell,226908342
2024-07-29 09:59:55,38350.0,800,Sell,226908446
2024-07-29 09:59:55,38350.0,100,Sell,226908447
2024-07-29 09:59:55,38350.0,100,Sell,226908448
2024-07-29 10:00:50,38350.0,100,Sell,226909485
2024-07-29 10:00:50,38350.0,2100,Sell,226909486
2024-07-29 10:00:50,38350.0,100,Sell,226909487
2024-07-29 10:00:50,38350.0,1000,Sell,226909488
2024-07-29 10:00:59,38350.0,100,Sell,226909598
2024-07-29 10:01:06,38350.0,500,Buy,226909720
2024-07-29 10:01:26,38300.0,100,Sell,226909998
2024-07-29 10:01:44,38250.0,100,Sell,226910305
2024-07-29 10:01:44,38250.0,100,Sell,226910304
2024-07-29 10:01:44,38250.0,1000,Sell,226910303
2024-07-29 10:01:44,38250.0,4000,Sell,226910302
2024-07-29 10:01:44,38250.0,100,Sell,226910298
2024-07-29 10:01:44,38300.0,3500,Sell,226910297
2024-07-29 10:01:44,38300.0,1000,Sell,226910296
2024-07-29 10:01:44,38300.0,100,Sell,226910293
2024-07-29 10:01:44,38300.0,500,Sell,226910294
2024-07-29 10:01:44,38300.0,10000,Sell,226910295
2024-07-29 10:01:44,38300.0,1900,Sell,226910287
2024-07-29 10:01:44,38300.0,300,Sell,226910288
2024-07-29 10:01:44,38300.0,100,Sell,226910292
2024-07-29 10:01:44,38300.0,1000,Sell,226910290
2024-07-29 10:01:44,38300.0,200,Sell,226910291
2024-07-29 10:01:44,38300.0,500,Sell,226910289
2024-07-29 10:01:56,38350.0,500,Sell,226910539
2024-07-29 10:01:57,38350.0,1000,Sell,226910559
2024-07-29 10:03:45,38350.0,100,Sell,226912796
2024-07-29 10:04:15,38350.0,200,Sell,226913312
2024-07-29 10:04:32,38350.0,1000,Sell,226913676
2024-07-29 10:04:33,38350.0,4000,Sell,226913697
2024-07-29 10:06:05,38350.0,200,Buy,226915461
2024-07-29 10:06:34,38350.0,100,Buy,226915893
2024-07-29 10:06:55,38350.0,200,Buy,226916182
2024-07-29 10:06:55,38350.0,2000,Buy,226916183
2024-07-29 10:06:55,38350.0,100,Buy,226916184
2024-07-29 10:08:08,38400.0,100,Buy,226917383
2024-07-29 10:10:58,38400.0,400,Buy,226920166
2024-07-29 10:10:58,38400.0,100,Buy,226920167
2024-07-29 10:11:14,38350.0,100,Sell,226920405
2024-07-29 10:12:18,38350.0,400,Sell,226921296
2024-07-29 10:13:40,38400.0,3000,Buy,226922568
2024-07-29 10:14:07,38400.0,100,Buy,226922890
2024-07-29 10:14:43,38350.0,1000,Sell,226923423
2024-07-29 10:15:16,38350.0,400,Sell,226923796
2024-07-29 10:15:16,38350.0,3300,Sell,226923795
2024-07-29 10:15:16,38350.0,3700,Sell,226923794
2024-07-29 10:15:16,38350.0,400,Sell,226923792
2024-07-29 10:15:16,38350.0,1200,Sell,226923791
2024-07-29 10:15:16,38350.0,1000,Sell,226923793
2024-07-29 10:15:20,38350.0,100,Sell,226923890
2024-07-29 10:16:43,38350.0,100,Sell,226925315
2024-07-29 10:20:16,38350.0,200,Sell,226928615
2024-07-29 10:20:16,38350.0,300,Sell,226928616
2024-07-29 10:20:53,38350.0,500,Sell,226929114
2024-07-29 10:21:14,38350.0,200,Sell,226929486
2024-07-29 10:21:14,38350.0,100,Sell,226929485
2024-07-29 10:21:14,38350.0,200,Sell,226929484
2024-07-29 10:21:22,38350.0,400,Sell,226929672
2024-07-29 10:21:22,38350.0,100,Sell,226929673
2024-07-29 10:21:27,38350.0,100,Sell,226929729
2024-07-29 10:21:27,38350.0,300,Sell,226929727
2024-07-29 10:21:27,38350.0,400,Sell,226929728
2024-07-29 10:22:28,38350.0,500,Buy,226931026
2024-07-29 10:22:48,38350.0,200,Buy,226931662
2024-07-29 10:22:59,38350.0,200,Buy,226931902
2024-07-29 10:23:14,38350.0,800,Buy,226932219
2024-07-29 10:23:23,38350.0,600,Buy,226932338
2024-07-29 10:23:23,38350.0,200,Buy,226932339
2024-07-29 10:24:02,38350.0,300,Buy,226932929
2024-07-29 10:24:02,38350.0,700,Buy,226932930
2024-07-29 10:24:09,38350.0,500,Buy,226933046
2024-07-29 10:24:09,38350.0,200,Buy,226933050
2024-07-29 10:24:28,38350.0,1000,Buy,226933378
2024-07-29 10:24:33,38350.0,500,Buy,226933471
2024-07-29 10:25:10,38350.0,1000,Buy,226933900
2024-07-29 10:25:21,38350.0,1100,Buy,226934054
2024-07-29 10:25:21,38350.0,500,Buy,226934055
2024-07-29 10:25:21,38350.0,1000,Buy,226934056
2024-07-29 10:25:21,38350.0,400,Buy,226934057
2024-07-29 10:26:02,38350.0,500,Buy,226934706
2024-07-29 10:26:11,38350.0,100,Buy,226934832
2024-07-29 10:26:30,38350.0,100,Buy,226935145
2024-07-29 10:27:11,38350.0,300,Sell,226935754
2024-07-29 10:27:11,38350.0,100,Sell,226935755
2024-07-29 10:27:35,38300.0,100,Sell,226936104
2024-07-29 10:27:46,38350.0,100,Buy,226936242
2024-07-29 10:27:49,38350.0,100,Buy,226936275
2024-07-29 10:27:54,38350.0,100,Buy,226936362
2024-07-29 10:28:14,38350.0,500,Buy,226936667
2024-07-29 10:28:31,38300.0,200,Sell,226936942
2024-07-29 10:29:10,38300.0,700,Sell,226937579
2024-07-29 10:29:10,38300.0,1300,Sell,226937580
2024-07-29 10:29:28,38300.0,500,Sell,226937830
2024-07-29 10:29:40,38350.0,400,Buy,226938064
2024-07-29 10:30:19,38350.0,800,Buy,226938567
2024-07-29 10:30:19,38350.0,500,Buy,226938566
2024-07-29 10:30:19,38350.0,2100,Buy,226938564
2024-07-29 10:30:19,38350.0,600,Buy,226938565
2024-07-29 10:31:16,38350.0,500,Sell,226939386
2024-07-29 10:31:47,38350.0,500,Sell,226939820
2024-07-29 10:31:47,38350.0,100,Sell,226939821
2024-07-29 10:32:15,38350.0,300,Buy,226940239
2024-07-29 10:32:15,38350.0,100,Buy,226940240
2024-07-29 10:32:48,38350.0,300,Buy,226940630
2024-07-29 10:33:40,38350.0,500,Buy,226941275
2024-07-29 10:33:40,38350.0,2000,Buy,226941274
2024-07-29 10:33:40,38350.0,600,Buy,226941271
2024-07-29 10:33:40,38350.0,200,Buy,226941272
2024-07-29 10:33:40,38350.0,300,Buy,226941273
2024-07-29 10:34:07,38350.0,500,Sell,226941724
2024-07-29 10:34:07,38350.0,1400,Sell,226941723
2024-07-29 10:34:13,38350.0,500,Buy,226941803
2024-07-29 10:34:21,38350.0,500,Buy,226941886
2024-07-29 10:34:22,38300.0,4500,Sell,226941902
2024-07-29 10:34:25,38350.0,5000,Buy,226941933
2024-07-29 10:35:46,38350.0,2100,Buy,226943230
2024-07-29 10:35:46,38350.0,2400,Buy,226943231
2024-07-29 10:36:04,38350.0,300,Buy,226943468
2024-07-29 10:36:22,38350.0,2000,Buy,226943670
2024-07-29 10:36:33,38300.0,600,Sell,226943781
2024-07-29 10:36:34,38300.0,2100,Sell,226943794
2024-07-29 10:36:34,38300.0,1000,Sell,226943795
2024-07-29 10:36:34,38300.0,300,Sell,226943796
2024-07-29 10:36:35,38350.0,2300,Buy,226943827
2024-07-29 10:36:35,38350.0,500,Buy,226943828
2024-07-29 10:36:35,38350.0,200,Buy,226943829
2024-07-29 10:36:35,38350.0,2000,Buy,226943830
2024-07-29 10:36:59,38350.0,500,Buy,226944130
2024-07-29 10:38:49,38300.0,2000,Sell,226945625
2024-07-29 10:38:50,38300.0,2700,Sell,226945633
2024-07-29 10:38:50,38300.0,10000,Sell,226945634
2024-07-29 10:38:50,38300.0,100,Sell,226945635
2024-07-29 10:38:50,38300.0,300,Sell,226945636
2024-07-29 10:38:50,38300.0,300,Sell,226945637
2024-07-29 10:38:51,38300.0,600,Sell,226945664
2024-07-29 10:38:57,38300.0,1000,Sell,226945728
2024-07-29 10:38:57,38300.0,5100,Sell,226945727
2024-07-29 10:38:57,38300.0,300,Sell,226945726
2024-07-29 10:38:57,38300.0,200,Sell,226945723
2024-07-29 10:38:57,38300.0,200,Sell,226945724
2024-07-29 10:38:57,38300.0,2000,Sell,226945722
2024-07-29 10:38:57,38300.0,100,Sell,226945721
2024-07-29 10:38:57,38300.0,500,Sell,226945725
2024-07-29 10:39:53,38250.0,6600,Sell,226946636
2024-07-29 10:40:09,38250.0,5000,Sell,226946966
2024-07-29 10:40:09,38250.0,10000,Sell,226946965
2024-07-29 10:40:09,38250.0,2000,Sell,226946963
2024-07-29 10:40:09,38250.0,1300,Sell,226946962
2024-07-29 10:40:09,38250.0,2000,Sell,226946964
2024-07-29 10:40:10,38200.0,300,Sell,226947064
2024-07-29 10:40:10,38200.0,1900,Sell,226947070
2024-07-29 10:40:10,38200.0,500,Sell,226947069
2024-07-29 10:40:10,38200.0,500,Sell,226947068
2024-07-29 10:40:10,38200.0,1000,Sell,226947063
2024-07-29 10:40:10,38200.0,100,Sell,226947066
2024-07-29 10:40:10,38200.0,7900,Sell,226947065
2024-07-29 10:40:10,38200.0,1000,Sell,226947067
2024-07-29 10:40:11,38200.0,100,Sell,226947075
2024-07-29 10:40:11,38200.0,100,Sell,226947076
2024-07-29 10:40:12,38200.0,5000,Sell,226947091
2024-07-29 10:40:12,38250.0,300,Buy,226947080
2024-07-29 10:40:12,38200.0,2900,Sell,226947085
2024-07-29 10:40:12,38200.0,100,Sell,226947086
2024-07-29 10:40:12,38200.0,500,Sell,226947087
2024-07-29 10:40:12,38200.0,1000,Sell,226947088
2024-07-29 10:40:12,38200.0,400,Sell,226947089
2024-07-29 10:40:12,38200.0,100,Sell,226947090
2024-07-29 10:41:24,38200.0,200,Sell,226948121
2024-07-29 10:41:24,38200.0,300,Sell,226948120
2024-07-29 10:41:36,38200.0,200,Sell,226948275
2024-07-29 10:41:36,38200.0,800,Sell,226948273
2024-07-29 10:41:36,38200.0,200,Sell,226948274
2024-07-29 10:41:44,38200.0,200,Buy,226948402
2024-07-29 10:41:47,38200.0,4000,Buy,226948477
2024-07-29 10:42:06,38200.0,500,Sell,226948695
2024-07-29 10:42:26,38250.0,300,Buy,226948910
2024-07-29 10:42:28,38200.0,2000,Sell,226948937
2024-07-29 10:42:29,38250.0,3500,Buy,226948945
2024-07-29 10:42:36,38200.0,8500,Sell,226949007
2024-07-29 10:42:36,38200.0,500,Sell,226949008
2024-07-29 10:42:39,38250.0,200,Buy,226949073
2024-07-29 10:42:50,38250.0,100,Buy,226949196
2024-07-29 10:42:50,38250.0,600,Buy,226949197
2024-07-29 10:42:56,38200.0,1000,Sell,226949289
2024-07-29 10:43:31,38200.0,1300,Sell,226949820
2024-07-29 10:45:51,38200.0,200,Buy,226951610
2024-07-29 10:46:13,38200.0,200,Buy,226951909
2024-07-29 10:46:38,38150.0,800,Sell,226952247
2024-07-29 10:46:38,38150.0,100,Sell,226952246
2024-07-29 10:46:38,38150.0,100,Sell,226952245
2024-07-29 10:47:18,38150.0,600,Sell,226952781
2024-07-29 10:47:18,38150.0,400,Sell,226952782
2024-07-29 10:47:18,38150.0,100,Sell,226952783
2024-07-29 10:47:18,38150.0,500,Sell,226952784
2024-07-29 10:47:18,38150.0,300,Sell,226952785
2024-07-29 10:47:18,38150.0,200,Sell,226952786
2024-07-29 10:47:18,38150.0,500,Sell,226952787
2024-07-29 10:48:42,38100.0,4500,Sell,226953803
2024-07-29 10:48:42,38100.0,100,Sell,226953802
2024-07-29 10:48:42,38100.0,100,Sell,226953801
2024-07-29 10:48:42,38100.0,2500,Sell,226953800
2024-07-29 10:48:42,38100.0,2000,Sell,226953799
2024-07-29 10:48:42,38100.0,200,Sell,226953796
2024-07-29 10:48:42,38100.0,100,Sell,226953797
2024-07-29 10:48:42,38100.0,100,Sell,226953795
2024-07-29 10:48:42,38100.0,200,Sell,226953794
2024-07-29 10:48:42,38150.0,100,Sell,226953793
2024-07-29 10:48:42,38100.0,100,Sell,226953798
2024-07-29 10:48:43,38100.0,2500,Sell,226953827
2024-07-29 10:48:43,38100.0,300,Sell,226953828
2024-07-29 10:48:43,38100.0,500,Sell,226953826
2024-07-29 10:48:43,38100.0,300,Sell,226953822
2024-07-29 10:48:43,38100.0,200,Sell,226953824
2024-07-29 10:48:43,38100.0,100,Sell,226953823
2024-07-29 10:48:43,38100.0,2500,Sell,226953821
2024-07-29 10:48:43,38100.0,300,Sell,226953825
2024-07-29 10:48:53,38150.0,300,Sell,226953972
2024-07-29 10:49:09,38100.0,700,Sell,226954286
2024-07-29 10:49:09,38100.0,300,Sell,226954287
2024-07-29 10:49:10,38100.0,100,Sell,226954323
2024-07-29 10:49:10,38100.0,100,Sell,226954322
2024-07-29 10:49:10,38100.0,1000,Sell,226954321
2024-07-29 10:49:10,38100.0,300,Sell,226954319
2024-07-29 10:49:10,38100.0,1500,Sell,226954320
2024-07-29 10:49:37,38100.0,100,Sell,226954801
2024-07-29 10:49:37,38100.0,500,Sell,226954800
2024-07-29 10:49:37,38100.0,500,Sell,226954799
2024-07-29 10:49:37,38100.0,2000,Sell,226954798
2024-07-29 10:49:37,38100.0,300,Sell,226954797
2024-07-29 10:49:37,38100.0,100,Sell,226954796
2024-07-29 10:49:37,38100.0,300,Sell,226954794
2024-07-29 10:49:37,38100.0,100,Sell,226954790
2024-07-29 10:49:37,38100.0,200,Sell,226954791
2024-07-29 10:49:37,38100.0,200,Sell,226954795
2024-07-29 10:49:37,38100.0,100,Sell,226954793
2024-07-29 10:49:37,38100.0,100,Sell,226954792
2024-07-29 10:49:51,38100.0,100,Sell,226955045
2024-07-29 10:50:09,38100.0,100,Sell,226955202
2024-07-29 10:50:11,38150.0,200,Buy,226955274
2024-07-29 10:50:19,38150.0,900,Buy,226955391
2024-07-29 10:50:55,38150.0,300,Buy,226955829
2024-07-29 10:51:03,38150.0,100,Buy,226955915
2024-07-29 10:51:15,38150.0,300,Buy,226956109
2024-07-29 10:51:30,38100.0,200,Sell,226956431
2024-07-29 10:51:30,38100.0,200,Sell,226956432
2024-07-29 10:51:30,38100.0,400,Sell,226956433
2024-07-29 10:51:30,38100.0,800,Sell,226956434
2024-07-29 10:52:00,38100.0,200,Sell,226956909
2024-07-29 10:52:41,38100.0,200,Sell,226957459
2024-07-29 10:52:41,38100.0,100,Sell,226957460
2024-07-29 10:53:06,38100.0,200,Sell,226957757
2024-07-29 10:53:06,38100.0,400,Sell,226957758
2024-07-29 10:53:51,38100.0,100,Sell,226958338
2024-07-29 10:53:55,38100.0,100,Sell,226958417
2024-07-29 10:55:09,38100.0,100,Sell,226959373
2024-07-29 10:56:39,38150.0,1000,Buy,226960699
2024-07-29 10:56:42,38150.0,200,Buy,226960759
2024-07-29 10:56:56,38150.0,1000,Buy,226960992
2024-07-29 10:56:56,38150.0,500,Buy,226960984
2024-07-29 10:56:58,38150.0,300,Buy,226961019
2024-07-29 10:56:58,38150.0,100,Buy,226961020
2024-07-29 10:56:58,38150.0,1000,Buy,226961021
2024-07-29 10:56:58,38150.0,200,Buy,226961022
2024-07-29 10:56:58,38150.0,200,Buy,226961018
2024-07-29 10:57:57,38150.0,1100,Sell,226961621
2024-07-29 10:58:07,38150.0,200,Buy,226961694
2024-07-29 10:59:16,38150.0,100,Sell,226962583
2024-07-29 10:59:25,38150.0,100,Sell,226962804
2024-07-29 10:59:54,38150.0,300,Sell,226963145
2024-07-29 11:00:12,38150.0,2000,Sell,226963415
2024-07-29 11:00:12,38150.0,300,Sell,226963416
2024-07-29 11:00:12,38150.0,100,Sell,226963417
2024-07-29 11:00:29,38100.0,1100,Sell,226963643
2024-07-29 11:00:29,38100.0,400,Sell,226963641
2024-07-29 11:00:29,38100.0,500,Sell,226963642
2024-07-29 11:01:23,38150.0,100,Buy,226964315
2024-07-29 11:02:28,38150.0,200,Buy,226965141
2024-07-29 11:02:33,38150.0,500,Buy,226965263
2024-07-29 11:03:04,38150.0,300,Buy,226965849
2024-07-29 11:03:05,38150.0,500,Buy,226965860
2024-07-29 11:03:06,38150.0,100,Buy,226965918
2024-07-29 11:03:20,38150.0,300,Buy,226966135
2024-07-29 11:03:25,38150.0,300,Buy,226966179
2024-07-29 11:03:37,38150.0,5000,Buy,226966328
2024-07-29 11:03:39,38150.0,300,Buy,226966362
2024-07-29 11:03:39,38150.0,200,Buy,226966365
2024-07-29 11:03:44,38150.0,200,Buy,226966406
2024-07-29 11:03:55,38150.0,100,Buy,226966552
2024-07-29 11:04:10,38150.0,500,Buy,226966749
2024-07-29 11:04:20,38150.0,100,Buy,226966894
2024-07-29 11:04:37,38150.0,100,Buy,226967117
2024-07-29 11:04:46,38150.0,400,Sell,226967239
2024-07-29 11:05:45,38100.0,900,Sell,226968004
2024-07-29 11:05:45,38100.0,1000,Sell,226968005
2024-07-29 11:05:45,38100.0,1500,Sell,226968006
2024-07-29 11:05:49,38100.0,300,Sell,226968044
2024-07-29 11:05:49,38100.0,500,Sell,226968043
2024-07-29 11:05:49,38100.0,100,Sell,226968040
2024-07-29 11:05:49,38100.0,100,Sell,226968042
2024-07-29 11:05:49,38100.0,1000,Sell,226968041
2024-07-29 11:05:49,38100.0,2000,Sell,226968039
2024-07-29 11:05:49,38100.0,200,Sell,226968033
2024-07-29 11:05:49,38100.0,500,Sell,226968037
2024-07-29 11:05:49,38100.0,700,Sell,226968036
2024-07-29 11:05:49,38100.0,1000,Sell,226968035
2024-07-29 11:05:49,38100.0,500,Sell,226968034
2024-07-29 11:05:49,38100.0,300,Sell,226968031
2024-07-29 11:05:49,38100.0,500,Sell,226968038
2024-07-29 11:05:49,38100.0,400,Sell,226968032
2024-07-29 11:06:02,38100.0,200,Sell,226968173
2024-07-29 11:06:14,38100.0,300,Sell,226968308
2024-07-29 11:06:15,38100.0,100,Buy,226968321
2024-07-29 11:06:34,38100.0,100,Buy,226968514
2024-07-29 11:06:34,38100.0,200,Buy,226968515
2024-07-29 11:06:48,38100.0,200,Buy,226968663
2024-07-29 11:06:53,38100.0,200,Buy,226968710
2024-07-29 11:07:07,38100.0,300,Buy,226968837
2024-07-29 11:07:15,38100.0,300,Buy,226968924
2024-07-29 11:08:06,38100.0,800,Buy,226969451
2024-07-29 11:08:39,38050.0,100,Sell,226969971
2024-07-29 11:08:39,38050.0,2600,Sell,226969978
2024-07-29 11:08:39,38050.0,500,Sell,226969977
2024-07-29 11:08:39,38050.0,500,Sell,226969976
2024-07-29 11:08:39,38050.0,100,Sell,226969970
2024-07-29 11:08:39,38050.0,500,Sell,226969974
2024-07-29 11:08:39,38050.0,100,Sell,226969973
2024-07-29 11:08:39,38050.0,100,Sell,226969972
2024-07-29 11:08:39,38050.0,500,Sell,226969975
2024-07-29 11:08:40,38100.0,200,Buy,226969989
2024-07-29 11:08:40,38100.0,300,Buy,226969990
2024-07-29 11:08:45,38050.0,400,Sell,226970055
2024-07-29 11:08:45,38050.0,200,Sell,226970056
2024-07-29 11:08:45,38050.0,2000,Sell,226970057
2024-07-29 11:08:45,38050.0,1200,Sell,226970058
2024-07-29 11:08:45,38050.0,100,Sell,226970059
2024-07-29 11:08:45,38050.0,300,Sell,226970060
2024-07-29 11:08:45,38050.0,1000,Sell,226970061
2024-07-29 11:09:06,38050.0,200,Sell,226970364
2024-07-29 11:09:27,38050.0,600,Sell,226970610
2024-07-29 11:10:12,38050.0,200,Buy,226971218
2024-07-29 11:10:17,38000.0,500,Sell,226971292
2024-07-29 11:10:18,38000.0,4200,Sell,226971317
2024-07-29 11:10:18,38000.0,500,Sell,226971316
2024-07-29 11:10:18,38000.0,400,Sell,226971312
2024-07-29 11:10:18,38000.0,200,Sell,226971314
2024-07-29 11:10:18,38000.0,100,Sell,226971313
2024-07-29 11:10:18,38000.0,2000,Sell,226971315
2024-07-29 11:10:21,38050.0,2600,Buy,226971342
2024-07-29 11:10:21,38050.0,1700,Buy,226971343
2024-07-29 11:10:48,38050.0,700,Sell,226971714
2024-07-29 11:10:48,38050.0,900,Sell,226971715
2024-07-29 11:10:49,38050.0,1300,Sell,226971719
2024-07-29 11:11:01,38050.0,300,Sell,226971848
2024-07-29 11:11:32,38050.0,1000,Sell,226972232
2024-07-29 11:11:32,38050.0,1000,Sell,226972234
2024-07-29 11:11:51,38050.0,100,Buy,226972524
2024-07-29 11:12:41,38100.0,100,Buy,226973101
2024-07-29 11:14:14,38050.0,200,Sell,226974453
2024-07-29 11:14:14,38050.0,100,Sell,226974454
2024-07-29 11:14:32,38050.0,300,Sell,226974828
2024-07-29 11:14:39,38050.0,500,Buy,226974971
2024-07-29 11:14:47,38050.0,200,Sell,226975053
2024-07-29 11:15:04,38000.0,100,Sell,226975313
2024-07-29 11:15:16,38050.0,100,Buy,226975460
2024-07-29 11:15:25,38100.0,100,Buy,226975653
2024-07-29 11:16:00,38100.0,200,Buy,226976115
2024-07-29 11:16:14,38100.0,100,Buy,226976286
2024-07-29 11:16:14,38100.0,400,Buy,226976287
2024-07-29 11:16:49,38100.0,1000,Buy,226976770
2024-07-29 11:17:23,38100.0,100,Buy,226977295
2024-07-29 11:18:15,38100.0,200,Buy,226978033
2024-07-29 11:18:16,38100.0,100,Buy,226978040
2024-07-29 11:20:16,38100.0,600,Buy,226979230
2024-07-29 11:20:17,38050.0,4800,Sell,226979253
2024-07-29 11:20:17,38100.0,400,Sell,226979252
2024-07-29 11:20:35,38050.0,200,Sell,226979439
2024-07-29 11:20:35,38050.0,300,Sell,226979442
2024-07-29 11:21:29,38150.0,100,Buy,226979973
2024-07-29 11:23:06,38150.0,100,Buy,226981008
2024-07-29 11:26:06,38150.0,100,Buy,226983055
2024-07-29 11:27:15,38150.0,1000,Buy,226983867
2024-07-29 11:27:25,38150.0,200,Buy,226983949
2024-07-29 11:27:30,38150.0,100,Buy,226983982
2024-07-29 11:27:47,38150.0,2600,Buy,226984163
2024-07-29 11:28:15,38150.0,800,Buy,226984491
2024-07-29 11:28:27,38150.0,700,Buy,226984653
2024-07-29 12:59:38,38100.0,2000,Sell,226986173
2024-07-29 12:59:38,38100.0,200,Sell,226986174
2024-07-29 12:59:38,38100.0,500,Sell,226986175
2024-07-29 12:59:38,38100.0,700,Sell,226986176
2024-07-29 12:59:38,38100.0,300,Sell,226986177
2024-07-29 12:59:38,38100.0,3100,Sell,226986178
2024-07-29 12:59:39,38100.0,100,Sell,226986709
2024-07-29 12:59:39,38100.0,1900,Sell,226986708
2024-07-29 12:59:41,38150.0,1000,Buy,226986977
2024-07-29 12:59:45,38150.0,1000,Buy,226988085
2024-07-29 12:59:47,38100.0,900,Sell,226988353
2024-07-29 12:59:47,38100.0,100,Sell,226988354
2024-07-29 12:59:48,38050.0,100,Sell,226988428
2024-07-29 12:59:48,38050.0,500,Sell,226988429
2024-07-29 13:00:03,38050.0,100,Sell,226989263
2024-07-29 13:00:05,38050.0,400,Sell,226989340
2024-07-29 13:00:05,38050.0,1900,Sell,226989341
2024-07-29 13:00:20,38050.0,600,Sell,226989622
2024-07-29 13:00:22,38050.0,400,Sell,226989647
2024-07-29 13:00:22,38050.0,500,Sell,226989644
2024-07-29 13:00:22,38050.0,10000,Sell,226989645
2024-07-29 13:00:22,38050.0,200,Sell,226989646
2024-07-29 13:00:23,38050.0,1600,Sell,226989650
2024-07-29 13:00:23,38050.0,3300,Sell,226989649
2024-07-29 13:00:27,38050.0,7200,Sell,226989772
2024-07-29 13:00:29,38050.0,11200,Sell,226989797
2024-07-29 13:00:32,38050.0,2500,Sell,226989839
2024-07-29 13:00:39,38000.0,6900,Sell,226989979
2024-07-29 13:00:40,38050.0,100,Buy,226990013
2024-07-29 13:01:00,38050.0,1000,Sell,226990460
2024-07-29 13:01:05,38000.0,400,Sell,226990583
2024-07-29 13:01:05,38000.0,1000,Sell,226990582
2024-07-29 13:01:05,38000.0,500,Sell,226990581
2024-07-29 13:01:05,38000.0,2000,Sell,226990580
2024-07-29 13:01:05,38000.0,100,Sell,226990571
2024-07-29 13:01:05,38000.0,1000,Sell,226990570
2024-07-29 13:01:05,38000.0,200,Sell,226990568
2024-07-29 13:01:05,38000.0,400,Sell,226990567
2024-07-29 13:01:05,38000.0,1000,Sell,226990569
2024-07-29 13:01:05,38000.0,300,Sell,226990565
2024-07-29 13:01:05,38000.0,3800,Sell,226990558
2024-07-29 13:01:05,38000.0,2000,Sell,226990564
2024-07-29 13:01:05,38000.0,400,Sell,226990563
2024-07-29 13:01:05,38000.0,200,Sell,226990562
2024-07-29 13:01:05,38000.0,100,Sell,226990561
2024-07-29 13:01:05,38000.0,200,Sell,226990560
2024-07-29 13:01:05,38000.0,100,Sell,226990559
2024-07-29 13:01:05,38000.0,100,Sell,226990566
2024-07-29 13:01:15,38000.0,200,Sell,226990801
2024-07-29 13:01:41,38000.0,2000,Sell,226991387
2024-07-29 13:01:56,38000.0,1000,Sell,226991653
2024-07-29 13:02:03,38050.0,400,Buy,226991788
2024-07-29 13:02:21,38000.0,1000,Sell,226992205
2024-07-29 13:02:27,38000.0,200,Sell,226992420
2024-07-29 13:02:27,38000.0,500,Sell,226992423
2024-07-29 13:02:27,38000.0,300,Sell,226992422
2024-07-29 13:02:27,38000.0,300,Sell,226992421
2024-07-29 13:02:27,38000.0,100,Sell,226992419
2024-07-29 13:02:27,38000.0,400,Sell,226992425
2024-07-29 13:02:27,38000.0,100,Sell,226992417
2024-07-29 13:02:27,38000.0,100,Sell,226992418
2024-07-29 13:02:27,38000.0,5400,Sell,226992412
2024-07-29 13:02:27,38000.0,100,Sell,226992413
2024-07-29 13:02:27,38000.0,100,Sell,226992424
2024-07-29 13:02:27,38000.0,100,Sell,226992416
2024-07-29 13:02:27,38000.0,500,Sell,226992415
2024-07-29 13:02:27,38000.0,400,Sell,226992414
2024-07-29 13:02:31,38000.0,100,Sell,226992504
2024-07-29 13:02:31,38000.0,400,Sell,226992505
2024-07-29 13:02:33,38050.0,900,Buy,226992543
2024-07-29 13:02:55,38050.0,800,Buy,226993093
2024-07-29 13:03:02,38000.0,100,Sell,226993229
2024-07-29 13:03:22,38050.0,100,Buy,226993612
2024-07-29 13:03:30,38000.0,1800,Sell,226993811
2024-07-29 13:03:30,38000.0,500,Sell,226993810
2024-07-29 13:03:30,38000.0,1000,Sell,226993809
2024-07-29 13:03:30,38000.0,1300,Sell,226993807
2024-07-29 13:03:30,38000.0,500,Sell,226993806
2024-07-29 13:03:30,38000.0,200,Sell,226993805
2024-07-29 13:03:30,38000.0,300,Sell,226993808
2024-07-29 13:03:30,38000.0,500,Sell,226993804
2024-07-29 13:03:42,38000.0,300,Sell,226994074
2024-07-29 13:03:45,38000.0,100,Sell,226994152
2024-07-29 13:03:45,38000.0,900,Sell,226994151
2024-07-29 13:03:51,38000.0,2800,Sell,226994405
2024-07-29 13:03:51,38000.0,200,Sell,226994404
2024-07-29 13:03:51,38000.0,100,Sell,226994403
2024-07-29 13:03:51,38000.0,200,Sell,226994400
2024-07-29 13:03:51,38000.0,500,Sell,226994401
2024-07-29 13:03:51,38000.0,100,Sell,226994399
2024-07-29 13:03:51,38000.0,100,Sell,226994398
2024-07-29 13:03:51,38000.0,1000,Sell,226994402
2024-07-29 13:04:12,38050.0,5000,Buy,226994882
2024-07-29 13:04:15,38050.0,1000,Buy,226994964
2024-07-29 13:04:22,38050.0,500,Buy,226995116
2024-07-29 13:04:29,38050.0,100,Buy,226995257
2024-07-29 13:04:31,38050.0,500,Buy,226995343
2024-07-29 13:04:36,38050.0,1400,Buy,226995426
2024-07-29 13:04:36,38050.0,2100,Buy,226995425
2024-07-29 13:04:58,38050.0,100,Sell,226995950
2024-07-29 13:06:44,38050.0,400,Sell,226998244
2024-07-29 13:06:44,38050.0,4600,Sell,226998245
2024-07-29 13:06:45,38100.0,6400,Buy,226998288
2024-07-29 13:06:55,38100.0,1000,Buy,226998473
2024-07-29 13:07:08,38100.0,700,Buy,226998852
2024-07-29 13:07:11,38100.0,300,Buy,226998936
2024-07-29 13:07:11,38100.0,5900,Buy,226998947
2024-07-29 13:07:14,38100.0,100,Buy,226999001
2024-07-29 13:07:27,38100.0,100,Buy,226999287
2024-07-29 13:07:36,38100.0,100,Buy,226999510
2024-07-29 13:07:36,38100.0,2100,Buy,226999508
2024-07-29 13:07:36,38100.0,6800,Buy,226999509
2024-07-29 13:08:14,38050.0,100,Sell,227000282
2024-07-29 13:08:40,38050.0,500,Sell,227000913
2024-07-29 13:08:41,38050.0,600,Sell,227000940
2024-07-29 13:09:26,38100.0,500,Buy,227002022
2024-07-29 13:09:31,38100.0,100,Buy,227002121
2024-07-29 13:09:37,38100.0,1200,Buy,227002271
2024-07-29 13:09:40,38100.0,200,Buy,227002361
2024-07-29 13:09:44,38100.0,300,Buy,227002453
2024-07-29 13:09:45,38100.0,100,Buy,227002454
2024-07-29 13:09:46,38100.0,400,Sell,227002501
2024-07-29 13:10:02,38050.0,300,Sell,227002988
2024-07-29 13:10:02,38050.0,100,Sell,227002982
2024-07-29 13:10:02,38050.0,200,Sell,227002983
2024-07-29 13:10:02,38050.0,500,Sell,227002984
2024-07-29 13:10:02,38050.0,1000,Sell,227002985
2024-07-29 13:10:02,38050.0,2000,Sell,227002986
2024-07-29 13:10:02,38050.0,1000,Sell,227002987
2024-07-29 13:10:02,38050.0,1200,Sell,227002981
2024-07-29 13:10:09,38050.0,600,Sell,227003182
2024-07-29 13:10:09,38050.0,700,Sell,227003181
2024-07-29 13:11:05,38050.0,4400,Sell,227004483
2024-07-29 13:11:05,38050.0,600,Sell,227004484
2024-07-29 13:11:29,38050.0,8300,Sell,227005093
2024-07-29 13:11:31,38050.0,400,Sell,227005124
2024-07-29 13:11:31,38050.0,1000,Sell,227005123
2024-07-29 13:11:31,38050.0,1000,Sell,227005120
2024-07-29 13:11:31,38050.0,1000,Sell,227005122
2024-07-29 13:11:31,38050.0,100,Sell,227005118
2024-07-29 13:11:31,38050.0,300,Sell,227005117
2024-07-29 13:11:31,38050.0,100,Sell,227005116
2024-07-29 13:11:31,38050.0,4400,Sell,227005114
2024-07-29 13:11:31,38050.0,400,Sell,227005119
2024-07-29 13:11:31,38050.0,3000,Sell,227005121
2024-07-29 13:11:40,38050.0,2000,Buy,227005419
2024-07-29 13:11:42,38050.0,2000,Buy,227005468
2024-07-29 13:11:54,38050.0,100,Buy,227005689
2024-07-29 13:12:04,38050.0,400,Buy,227005936
2024-07-29 13:12:30,38050.0,1200,Buy,227006561
2024-07-29 13:12:37,38050.0,100,Buy,227006682
2024-07-29 13:12:52,38050.0,200,Buy,227007067
2024-07-29 13:12:55,38050.0,400,Buy,227007164
2024-07-29 13:12:55,38050.0,600,Buy,227007163
2024-07-29 13:13:16,38050.0,300,Buy,227007742
2024-07-29 13:13:19,38050.0,1000,Buy,227007845
2024-07-29 13:13:24,38050.0,100,Buy,227007999
2024-07-29 13:13:35,38100.0,200,Buy,227008192
2024-07-29 13:13:45,38100.0,300,Sell,227008391
2024-07-29 13:13:45,38050.0,700,Sell,227008392
2024-07-29 13:13:54,38150.0,2000,Buy,227008616
2024-07-29 13:13:57,38150.0,100,Buy,227008698
2024-07-29 13:14:29,38150.0,300,Buy,227009442
2024-07-29 13:14:33,38150.0,500,Buy,227009606
2024-07-29 13:15:11,38150.0,100,Buy,227010620
2024-07-29 13:15:18,38150.0,100,Buy,227010784
2024-07-29 13:15:18,38150.0,400,Buy,227010785
2024-07-29 13:15:18,38150.0,1500,Buy,227010783
2024-07-29 13:16:09,38150.0,100,Buy,227012024
2024-07-29 13:16:14,38150.0,100,Buy,227012126
2024-07-29 13:16:14,38150.0,100,Buy,227012127
2024-07-29 13:16:14,38150.0,200,Buy,227012128
2024-07-29 13:16:28,38150.0,100,Buy,227012417
2024-07-29 13:17:15,38150.0,100,Buy,227013558
2024-07-29 13:18:32,38150.0,100,Buy,227015285
2024-07-29 13:18:45,38150.0,1500,Buy,227015567
2024-07-29 13:18:45,38150.0,2000,Buy,227015568
2024-07-29 13:18:58,38150.0,800,Buy,227015857
2024-07-29 13:19:13,38150.0,100,Buy,227016230
2024-07-29 13:19:23,38100.0,1000,Sell,227016475
2024-07-29 13:20:25,38100.0,1000,Sell,227017869
2024-07-29 13:21:00,38100.0,1000,Sell,227018614
2024-07-29 13:22:35,38150.0,200,Buy,227020487
2024-07-29 13:22:57,38150.0,100,Buy,227020895
2024-07-29 13:23:20,38150.0,500,Buy,227021419
2024-07-29 13:23:23,38150.0,500,Buy,227021508
2024-07-29 13:26:09,38100.0,4000,Sell,227025598
2024-07-29 13:26:09,38100.0,200,Sell,227025599
2024-07-29 13:26:09,38100.0,500,Sell,227025600
2024-07-29 13:26:09,38100.0,1300,Sell,227025601
2024-07-29 13:26:12,38100.0,300,Sell,227025695
2024-07-29 13:26:12,38100.0,2700,Sell,227025686
2024-07-29 13:26:12,38100.0,200,Sell,227025685
2024-07-29 13:26:12,38100.0,300,Sell,227025684
2024-07-29 13:26:12,38100.0,100,Sell,227025682
2024-07-29 13:26:12,38100.0,100,Sell,227025683
2024-07-29 13:26:12,38100.0,1700,Sell,227025681
2024-07-29 13:26:13,38150.0,300,Buy,227025704
2024-07-29 13:26:23,38100.0,100,Buy,227025954
2024-07-29 13:27:23,38100.0,1400,Buy,227027174
2024-07-29 13:27:36,38100.0,100,Buy,227027505
2024-07-29 13:27:42,38100.0,100,Buy,227027634
2024-07-29 13:27:44,38100.0,100,Buy,227027677
2024-07-29 13:27:59,38100.0,500,Buy,227027991
2024-07-29 13:28:11,38100.0,200,Buy,227028297
2024-07-29 13:28:11,38100.0,800,Buy,227028298
2024-07-29 13:28:26,38100.0,100,Buy,227028549
2024-07-29 13:28:33,38100.0,100,Buy,227028722
2024-07-29 13:28:33,38100.0,100,Buy,227028723
2024-07-29 13:28:55,38100.0,2900,Sell,227029383
2024-07-29 13:29:07,38100.0,900,Sell,227029745
2024-07-29 13:29:07,38100.0,4200,Sell,227029743
2024-07-29 13:29:07,38100.0,200,Sell,227029744
2024-07-29 13:31:30,38150.0,4200,Buy,227033706
2024-07-29 13:31:30,38150.0,500,Buy,227033704
2024-07-29 13:31:30,38150.0,300,Buy,227033705
2024-07-29 13:31:33,38100.0,1100,Sell,227033768
2024-07-29 13:31:33,38100.0,100,Sell,227033769
2024-07-29 13:31:33,38100.0,1000,Sell,227033770
2024-07-29 13:31:33,38100.0,400,Sell,227033771
2024-07-29 13:31:33,38100.0,1000,Sell,227033772
2024-07-29 13:31:33,38100.0,400,Sell,227033773
2024-07-29 13:31:33,38100.0,1000,Sell,227033774
2024-07-29 13:32:39,38100.0,100,Sell,227035405
2024-07-29 13:32:39,38100.0,400,Sell,227035404
2024-07-29 13:32:39,38100.0,100,Sell,227035402
2024-07-29 13:32:39,38100.0,200,Sell,227035401
2024-07-29 13:32:39,38100.0,200,Sell,227035403
2024-07-29 13:33:35,38150.0,100,Buy,227036773
2024-07-29 13:33:40,38150.0,700,Buy,227036895
2024-07-29 13:33:40,38150.0,300,Buy,227036896
2024-07-29 13:33:43,38150.0,700,Buy,227036998
2024-07-29 13:33:43,38150.0,300,Buy,227036999
2024-07-29 13:33:44,38150.0,100,Buy,227037046
2024-07-29 13:33:44,38150.0,3500,Buy,227037048
2024-07-29 13:33:44,38150.0,100,Buy,227037044
2024-07-29 13:33:44,38150.0,500,Buy,227037045
2024-07-29 13:33:44,38150.0,600,Buy,227037047
2024-07-29 13:33:44,38150.0,200,Buy,227037043
2024-07-29 13:33:49,38150.0,100,Buy,227037156
2024-07-29 13:34:07,38150.0,200,Buy,227037615
2024-07-29 13:34:07,38150.0,100,Buy,227037603
2024-07-29 13:34:42,38150.0,200,Buy,227038586
2024-07-29 13:34:51,38150.0,800,Buy,227038824
2024-07-29 13:34:55,38150.0,200,Buy,227038923
2024-07-29 13:34:57,38150.0,500,Buy,227038988
2024-07-29 13:34:57,38150.0,500,Buy,227038989
2024-07-29 13:34:57,38150.0,4900,Buy,227038986
2024-07-29 13:34:57,38150.0,600,Buy,227038987
2024-07-29 13:35:13,38150.0,8000,Sell,227039424
2024-07-29 13:35:33,38150.0,100,Sell,227039974
2024-07-29 13:35:38,38150.0,6000,Sell,227040062
2024-07-29 13:35:38,38150.0,500,Sell,227040063
2024-07-29 13:35:57,38150.0,500,Buy,227040505
2024-07-29 13:36:17,38150.0,100,Sell,227041073
2024-07-29 13:36:21,38150.0,400,Sell,227041142
2024-07-29 13:37:07,38200.0,1900,Buy,227042250
2024-07-29 13:37:07,38200.0,100,Buy,227042249
2024-07-29 13:37:50,38150.0,100,Sell,227043394
2024-07-29 13:38:33,38150.0,100,Sell,227044561
2024-07-29 13:39:46,38200.0,100,Buy,227046543
2024-07-29 13:40:03,38200.0,100,Buy,227047186
2024-07-29 13:40:03,38200.0,900,Buy,227047187
2024-07-29 13:40:03,38200.0,1000,Buy,227047185
2024-07-29 13:40:09,38200.0,200,Buy,227047458
2024-07-29 13:40:27,38200.0,100,Buy,227047986
2024-07-29 13:40:51,38150.0,100,Sell,227048725
2024-07-29 13:41:08,38150.0,200,Sell,227049236
2024-07-29 13:42:01,38150.0,300,Sell,227051050
2024-07-29 13:42:03,38150.0,200,Sell,227051167
2024-07-29 13:42:03,38150.0,300,Sell,227051166
2024-07-29 13:42:03,38150.0,500,Sell,227051165
2024-07-29 13:42:03,38150.0,400,Sell,227051163
2024-07-29 13:42:03,38150.0,100,Sell,227051164
2024-07-29 13:42:23,38200.0,200,Buy,227051780
2024-07-29 13:42:38,38200.0,400,Buy,227052203
2024-07-29 13:42:44,38200.0,3000,Buy,227052502
2024-07-29 13:42:51,38200.0,200,Buy,227052770
2024-07-29 13:42:52,38200.0,500,Buy,227052817
2024-07-29 13:42:54,38200.0,200,Buy,227052905
2024-07-29 13:42:59,38200.0,300,Buy,227053036
2024-07-29 13:42:59,38200.0,700,Buy,227053037
2024-07-29 13:43:09,38200.0,300,Buy,227053305
2024-07-29 13:43:09,38200.0,500,Buy,227053306
2024-07-29 13:43:29,38200.0,200,Sell,227053885
2024-07-29 13:43:55,38200.0,100,Sell,227054567
2024-07-29 13:44:21,38200.0,1000,Sell,227055346
2024-07-29 13:44:29,38250.0,100,Buy,227055637
2024-07-29 13:44:29,38250.0,5000,Buy,227055638
2024-07-29 13:44:29,38250.0,9700,Buy,227055639
2024-07-29 13:44:32,38200.0,1000,Sell,227055809
2024-07-29 13:44:47,38200.0,100,Sell,227056267
2024-07-29 13:45:03,38250.0,2000,Buy,227056760
2024-07-29 13:45:16,38250.0,300,Buy,227057167
2024-07-29 13:45:18,38250.0,900,Buy,227057241
2024-07-29 13:45:18,38250.0,100,Buy,227057240
2024-07-29 13:45:30,38250.0,100,Buy,227057608
2024-07-29 13:45:30,38250.0,100,Buy,227057609
2024-07-29 13:45:33,38250.0,100,Sell,227057670
2024-07-29 13:46:02,38250.0,700,Sell,227058576
2024-07-29 13:46:08,38250.0,8000,Buy,227058741
2024-07-29 13:46:12,38250.0,100,Buy,227058913
2024-07-29 13:46:17,38250.0,1000,Buy,227059078
2024-07-29 13:46:41,38250.0,100,Buy,227059813
2024-07-29 13:46:45,38250.0,100,Buy,227059924
2024-07-29 13:46:47,38250.0,100,Buy,227059964
2024-07-29 13:46:47,38250.0,1600,Buy,227059965
2024-07-29 13:46:47,38250.0,300,Buy,227059963
2024-07-29 13:46:52,38250.0,1000,Buy,227060137
2024-07-29 13:47:06,38250.0,1000,Buy,227060559
2024-07-29 13:47:30,38250.0,100,Buy,227061314
2024-07-29 13:48:24,38200.0,600,Sell,227062997
2024-07-29 13:48:43,38200.0,500,Sell,227063567
2024-07-29 13:48:53,38200.0,4500,Sell,227063812
2024-07-29 13:48:53,38200.0,800,Sell,227063811
2024-07-29 13:48:53,38200.0,1000,Sell,227063809
2024-07-29 13:48:53,38200.0,200,Sell,227063810
2024-07-29 13:48:53,38200.0,700,Sell,227063808
2024-07-29 13:48:55,38200.0,10000,Sell,227063890
2024-07-29 13:48:57,38200.0,3000,Sell,227063943
2024-07-29 13:48:57,38200.0,100,Sell,227063945
2024-07-29 13:48:57,38200.0,100,Sell,227063944
2024-07-29 13:48:57,38200.0,300,Sell,227063942
2024-07-29 13:48:57,38200.0,1000,Sell,227063940
2024-07-29 13:48:57,38200.0,500,Sell,227063938
2024-07-29 13:48:57,38200.0,1000,Sell,227063941
2024-07-29 13:48:57,38200.0,500,Sell,227063939
2024-07-29 13:49:03,38200.0,400,Buy,227064122
2024-07-29 13:49:04,38200.0,1000,Buy,227064141
2024-07-29 13:49:09,38200.0,3000,Buy,227064250
2024-07-29 13:49:51,38200.0,100,Buy,227065459
2024-07-29 13:50:24,38200.0,1000,Buy,227066399
2024-07-29 13:50:29,38150.0,500,Sell,227066490
2024-07-29 13:50:55,38150.0,100,Sell,227067173
2024-07-29 13:51:31,38150.0,200,Sell,227068262
2024-07-29 13:51:42,38150.0,200,Sell,227068571
2024-07-29 13:51:42,38150.0,1500,Sell,227068572
2024-07-29 13:51:42,38150.0,1200,Sell,227068573
2024-07-29 13:51:42,38150.0,100,Sell,227068570
2024-07-29 13:51:50,38150.0,100,Sell,227068743
2024-07-29 13:51:53,38150.0,700,Sell,227068834
2024-07-29 13:51:53,38150.0,300,Sell,227068835
2024-07-29 13:52:02,38150.0,1000,Sell,227069078
2024-07-29 13:52:05,38150.0,2000,Sell,227069165
2024-07-29 13:52:07,38150.0,3000,Sell,227069201
2024-07-29 13:52:48,38150.0,500,Sell,227070396
2024-07-29 13:52:48,38150.0,100,Sell,227070390
2024-07-29 13:53:06,38150.0,100,Sell,227070787
2024-07-29 13:53:16,38150.0,900,Sell,227070980
2024-07-29 13:53:16,38150.0,4100,Sell,227070981
2024-07-29 13:53:24,38150.0,200,Sell,227071155
2024-07-29 13:53:37,38150.0,100,Sell,227071425
2024-07-29 13:53:37,38150.0,100,Sell,227071423
2024-07-29 13:53:37,38150.0,100,Sell,227071424
2024-07-29 13:53:37,38150.0,100,Sell,227071421
2024-07-29 13:53:37,38150.0,8300,Sell,227071420
2024-07-29 13:53:37,38150.0,300,Sell,227071422
2024-07-29 13:54:22,38050.0,1900,Sell,227072680
2024-07-29 13:54:22,38050.0,500,Sell,227072679
2024-07-29 13:54:22,38050.0,200,Sell,227072678
2024-07-29 13:54:22,38050.0,2000,Sell,227072677
2024-07-29 13:54:22,38050.0,500,Sell,227072676
2024-07-29 13:54:22,38050.0,300,Sell,227072675
2024-07-29 13:54:22,38050.0,200,Sell,227072674
2024-07-29 13:54:22,38100.0,100,Sell,227072673
2024-07-29 13:54:22,38100.0,200,Sell,227072672
2024-07-29 13:54:22,38100.0,500,Sell,227072670
2024-07-29 13:54:22,38100.0,900,Sell,227072664
2024-07-29 13:54:22,38100.0,500,Sell,227072665
2024-07-29 13:54:22,38100.0,200,Sell,227072666
2024-07-29 13:54:22,38100.0,100,Sell,227072671
2024-07-29 13:54:22,38100.0,400,Sell,227072668
2024-07-29 13:54:22,38100.0,500,Sell,227072669
2024-07-29 13:54:22,38100.0,500,Sell,227072667
2024-07-29 13:54:42,38050.0,1200,Sell,227073101
2024-07-29 13:54:58,38050.0,1900,Sell,227073465
2024-07-29 13:54:58,38050.0,100,Sell,227073466
2024-07-29 13:55:16,38100.0,100,Buy,227073832
2024-07-29 13:55:32,38100.0,200,Sell,227074220
2024-07-29 13:55:41,38100.0,300,Buy,227074457
2024-07-29 13:55:48,38100.0,200,Buy,227074615
2024-07-29 13:55:48,38150.0,2000,Buy,227074616
2024-07-29 13:55:48,38150.0,1000,Buy,227074617
2024-07-29 13:56:00,38150.0,500,Sell,227075038
2024-07-29 13:56:02,38150.0,6900,Sell,227075067
2024-07-29 13:56:10,38150.0,7400,Sell,227075248
2024-07-29 13:56:41,38150.0,900,Buy,227075890
2024-07-29 13:57:50,38100.0,400,Sell,227077678
2024-07-29 13:58:56,38150.0,100,Buy,227079551
2024-07-29 13:59:03,38150.0,200,Buy,227079768
2024-07-29 13:59:04,38150.0,200,Buy,227079791
2024-07-29 13:59:43,38150.0,100,Buy,227081063
2024-07-29 13:59:53,38150.0,1200,Buy,227081281
2024-07-29 14:00:37,38150.0,800,Buy,227082229
2024-07-29 14:01:10,38150.0,500,Buy,227082987
2024-07-29 14:01:19,38150.0,2500,Buy,227083196
2024-07-29 14:01:29,38150.0,900,Buy,227083452
2024-07-29 14:01:29,38150.0,100,Buy,227083453
2024-07-29 14:01:37,38150.0,400,Buy,227083668
2024-07-29 14:02:11,38150.0,1000,Sell,227084874
2024-07-29 14:02:46,38200.0,200,Buy,227086136
2024-07-29 14:02:48,38150.0,400,Sell,227086162
2024-07-29 14:03:37,38150.0,500,Sell,227087793
2024-07-29 14:04:35,38200.0,2800,Buy,227089647
2024-07-29 14:04:35,38200.0,2500,Buy,227089648
2024-07-29 14:04:44,38200.0,1000,Buy,227089878
2024-07-29 14:05:12,38150.0,500,Sell,227090645
2024-07-29 14:05:47,38150.0,300,Sell,227091731
2024-07-29 14:05:47,38150.0,100,Sell,227091730
2024-07-29 14:05:47,38150.0,1600,Sell,227091729
2024-07-29 14:05:51,38150.0,200,Sell,227091838
2024-07-29 14:05:51,38150.0,100,Sell,227091839
2024-07-29 14:05:56,38150.0,100,Sell,227091958
2024-07-29 14:06:06,38150.0,200,Buy,227092296
2024-07-29 14:06:12,38150.0,200,Buy,227092455
2024-07-29 14:06:19,38150.0,800,Sell,227092646
2024-07-29 14:06:26,38150.0,200,Buy,227092804
2024-07-29 14:06:35,38150.0,1000,Buy,227093134
2024-07-29 14:07:04,38150.0,100,Buy,227094060
2024-07-29 14:07:53,38150.0,100,Buy,227095451
2024-07-29 14:08:32,38150.0,100,Buy,227096574
2024-07-29 14:08:33,38100.0,900,Sell,227096591
2024-07-29 14:08:43,38100.0,100,Sell,227096847
2024-07-29 14:09:25,38100.0,1000,Sell,227097933
2024-07-29 14:09:30,38150.0,1000,Buy,227098024
2024-07-29 14:09:50,38150.0,900,Buy,227098514
2024-07-29 14:09:59,38150.0,3800,Buy,227098723
2024-07-29 14:10:04,38150.0,100,Buy,227098832
2024-07-29 14:10:06,38150.0,300,Buy,227098902
2024-07-29 14:10:13,38100.0,100,Sell,227099036
2024-07-29 14:10:42,38150.0,5000,Buy,227099888
2024-07-29 14:10:43,38100.0,100,Sell,227099911
2024-07-29 14:10:56,38150.0,3000,Buy,227100224
2024-07-29 14:11:02,38150.0,500,Buy,227100422
2024-07-29 14:11:05,38150.0,200,Buy,227100496
2024-07-29 14:11:06,38150.0,2900,Buy,227100519
2024-07-29 14:11:06,38150.0,2100,Buy,227100520
2024-07-29 14:11:08,38150.0,900,Buy,227100555
2024-07-29 14:11:08,38150.0,100,Buy,227100556
2024-07-29 14:11:09,38150.0,1000,Buy,227100567
2024-07-29 14:11:10,38150.0,3000,Buy,227100620
2024-07-29 14:11:10,38150.0,700,Buy,227100615
2024-07-29 14:11:10,38150.0,1800,Buy,227100614
2024-07-29 14:11:19,38150.0,6300,Buy,227100845
2024-07-29 14:11:19,38150.0,300,Buy,227100846
2024-07-29 14:11:19,38150.0,500,Buy,227100847
2024-07-29 14:11:19,38150.0,100,Buy,227100848
2024-07-29 14:11:44,38200.0,100,Buy,227101451
2024-07-29 14:11:44,38200.0,1000,Buy,227101452
2024-07-29 14:11:44,38200.0,300,Buy,227101450
2024-07-29 14:11:44,38200.0,400,Buy,227101453
2024-07-29 14:11:44,38200.0,500,Buy,227101448
2024-07-29 14:11:44,38200.0,1500,Buy,227101445
2024-07-29 14:11:44,38200.0,14600,Buy,227101449
2024-07-29 14:11:44,38200.0,10300,Buy,227101447
2024-07-29 14:11:44,38200.0,1300,Buy,227101446
2024-07-29 14:11:47,38150.0,100,Sell,227101515
2024-07-29 14:11:48,38200.0,600,Buy,227101532
2024-07-29 14:11:48,38200.0,100,Buy,227101533
2024-07-29 14:11:48,38200.0,400,Buy,227101534
2024-07-29 14:11:58,38200.0,400,Sell,227101769
2024-07-29 14:12:03,38250.0,500,Buy,227101901
2024-07-29 14:12:03,38250.0,100,Buy,227101902
2024-07-29 14:12:03,38250.0,100,Buy,227101903
2024-07-29 14:12:10,38300.0,100,Buy,227102072
2024-07-29 14:12:11,38350.0,400,Buy,227102100
2024-07-29 14:12:11,38350.0,500,Buy,227102099
2024-07-29 14:12:11,38350.0,300,Buy,227102098
2024-07-29 14:12:11,38350.0,1000,Buy,227102096
2024-07-29 14:12:11,38350.0,500,Buy,227102094
2024-07-29 14:12:11,38350.0,2100,Buy,227102097
2024-07-29 14:12:11,38300.0,500,Buy,227102092
2024-07-29 14:12:11,38300.0,100,Buy,227102093
2024-07-29 14:12:11,38300.0,1400,Buy,227102087
2024-07-29 14:12:11,38300.0,500,Buy,227102088
2024-07-29 14:12:11,38350.0,1000,Buy,227102095
2024-07-29 14:12:11,38300.0,1000,Buy,227102090
2024-07-29 14:12:11,38300.0,100,Buy,227102091
2024-07-29 14:12:11,38300.0,100,Buy,227102089
2024-07-29 14:12:22,38400.0,100,Buy,227102308
2024-07-29 14:12:22,38400.0,900,Buy,227102309
2024-07-29 14:12:36,38350.0,200,Sell,227102701
2024-07-29 14:12:37,38400.0,1000,Buy,227102718
2024-07-29 14:12:48,38400.0,500,Buy,227102978
2024-07-29 14:12:53,38400.0,100,Buy,227103075
2024-07-29 14:12:54,38400.0,200,Buy,227103102
2024-07-29 14:12:59,38400.0,1000,Buy,227103220
2024-07-29 14:12:59,38400.0,700,Buy,227103221
2024-07-29 14:12:59,38400.0,4300,Buy,227103219
2024-07-29 14:13:03,38400.0,300,Buy,227103397
2024-07-29 14:13:04,38400.0,100,Buy,227103398
2024-07-29 14:13:05,38400.0,200,Buy,227103426
2024-07-29 14:13:05,38400.0,200,Buy,227103429
2024-07-29 14:13:05,38400.0,7900,Buy,227103428
2024-07-29 14:13:05,38400.0,2000,Buy,227103427
2024-07-29 14:13:05,38400.0,500,Buy,227103425
2024-07-29 14:13:05,38400.0,3000,Buy,227103423
2024-07-29 14:13:05,38400.0,2000,Buy,227103419
2024-07-29 14:13:05,38400.0,1000,Buy,227103420
2024-07-29 14:13:05,38400.0,500,Buy,227103424
2024-07-29 14:13:05,38400.0,100,Buy,227103422
2024-07-29 14:13:05,38400.0,1000,Buy,227103421
2024-07-29 14:13:13,38450.0,800,Buy,227103693
2024-07-29 14:13:13,38450.0,500,Buy,227103694
2024-07-29 14:13:13,38450.0,2000,Buy,227103695
2024-07-29 14:13:13,38450.0,300,Buy,227103696
2024-07-29 14:13:13,38450.0,500,Buy,227103697
2024-07-29 14:13:13,38450.0,1200,Buy,227103698
2024-07-29 14:13:18,38450.0,1000,Buy,227103845
2024-07-29 14:13:19,38450.0,200,Buy,227103873
2024-07-29 14:13:30,38450.0,1000,Buy,227104186
2024-07-29 14:13:31,38450.0,100,Buy,227104211
2024-07-29 14:13:37,38450.0,500,Buy,227104333
2024-07-29 14:13:37,38450.0,1000,Buy,227104334
2024-07-29 14:13:53,38450.0,500,Sell,227104740
2024-07-29 14:13:53,38450.0,500,Sell,227104741
2024-07-29 14:13:56,38450.0,500,Sell,227104823
2024-07-29 14:13:57,38450.0,100,Buy,227104831
2024-07-29 14:13:57,38450.0,100,Sell,227104829
2024-07-29 14:14:03,38450.0,200,Buy,227104997
2024-07-29 14:14:03,38450.0,800,Buy,227104996
2024-07-29 14:14:08,38450.0,400,Buy,227105102
2024-07-29 14:14:12,38450.0,200,Sell,227105161
2024-07-29 14:14:18,38450.0,200,Buy,227105278
2024-07-29 14:14:18,38450.0,500,Buy,227105279
2024-07-29 14:14:22,38500.0,5000,Buy,227105450
2024-07-29 14:14:22,38500.0,500,Buy,227105449
2024-07-29 14:14:22,38500.0,6800,Buy,227105451
2024-07-29 14:14:22,38500.0,100,Buy,227105452
2024-07-29 14:14:22,38500.0,500,Buy,227105453
2024-07-29 14:14:22,38500.0,100,Buy,227105455
2024-07-29 14:14:22,38500.0,1000,Buy,227105456
2024-07-29 14:14:22,38500.0,200,Buy,227105457
2024-07-29 14:14:22,38500.0,300,Buy,227105459
2024-07-29 14:14:22,38500.0,500,Buy,227105460
2024-07-29 14:14:22,38500.0,100,Buy,227105461
2024-07-29 14:14:22,38500.0,500,Buy,227105462
2024-07-29 14:14:22,38500.0,500,Buy,227105463
2024-07-29 14:14:22,38500.0,200,Buy,227105464
2024-07-29 14:14:22,38500.0,1000,Buy,227105465
2024-07-29 14:14:22,38500.0,300,Sell,227105474
2024-07-29 14:14:22,38500.0,500,Buy,227105458
2024-07-29 14:14:22,38500.0,500,Buy,227105448
2024-07-29 14:14:22,38500.0,5000,Buy,227105444
2024-07-29 14:14:22,38500.0,500,Buy,227105446
2024-07-29 14:14:22,38500.0,200,Buy,227105428
2024-07-29 14:14:22,38500.0,1000,Buy,227105429
2024-07-29 14:14:22,38500.0,200,Buy,227105430
2024-07-29 14:14:22,38500.0,2000,Buy,227105431
2024-07-29 14:14:22,38500.0,100,Buy,227105432
2024-07-29 14:14:22,38500.0,100,Buy,227105433
2024-07-29 14:14:22,38500.0,1000,Buy,227105434
2024-07-29 14:14:22,38500.0,1000,Buy,227105435
2024-07-29 14:14:22,38500.0,1000,Buy,227105447
2024-07-29 14:14:22,38500.0,1000,Buy,227105437
2024-07-29 14:14:22,38500.0,2000,Buy,227105445
2024-07-29 14:14:22,38500.0,100,Buy,227105443
2024-07-29 14:14:22,38500.0,100,Buy,227105442
2024-07-29 14:14:22,38500.0,100,Buy,227105436
2024-07-29 14:14:22,38500.0,5000,Buy,227105439
2024-07-29 14:14:22,38500.0,1000,Buy,227105438
2024-07-29 14:14:22,38500.0,100,Buy,227105440
2024-07-29 14:14:28,38500.0,200,Sell,227105579
2024-07-29 14:14:42,38500.0,100,Sell,227105903
2024-07-29 14:14:53,38500.0,1000,Sell,227106218
2024-07-29 14:14:58,38500.0,700,Sell,227106341
2024-07-29 14:15:04,38500.0,100,Sell,227106543
2024-07-29 14:15:05,38550.0,100,Buy,227106568
2024-07-29 14:15:05,38550.0,100,Buy,227106567
2024-07-29 14:15:05,38550.0,100,Buy,227106566
2024-07-29 14:15:05,38550.0,200,Buy,227106565
2024-07-29 14:15:05,38550.0,1000,Buy,227106564
2024-07-29 14:15:05,38550.0,300,Buy,227106563
2024-07-29 14:15:05,38550.0,1000,Buy,227106562
2024-07-29 14:15:05,38550.0,1000,Buy,227106559
2024-07-29 14:15:05,38550.0,4700,Buy,227106560
2024-07-29 14:15:05,38550.0,500,Buy,227106558
2024-07-29 14:15:05,38550.0,100,Buy,227106556
2024-07-29 14:15:05,38550.0,200,Buy,227106555
2024-07-29 14:15:05,38550.0,500,Buy,227106554
2024-07-29 14:15:05,38550.0,100,Buy,227106561
2024-07-29 14:15:05,38550.0,100,Buy,227106557
2024-07-29 14:15:08,38500.0,2000,Sell,227106662
2024-07-29 14:15:19,38500.0,500,Sell,227106897
2024-07-29 14:15:19,38500.0,500,Sell,227106895
2024-07-29 14:15:30,38500.0,100,Sell,227107301
2024-07-29 14:15:30,38500.0,100,Sell,227107300
2024-07-29 14:15:30,38500.0,4800,Sell,227107299
2024-07-29 14:15:31,38550.0,800,Buy,227107392
2024-07-29 14:15:31,38500.0,200,Sell,227107402
2024-07-29 14:15:40,38450.0,1300,Sell,227107773
2024-07-29 14:15:40,38450.0,300,Sell,227107775
2024-07-29 14:15:51,38450.0,200,Buy,227108031
2024-07-29 14:16:06,38450.0,100,Buy,227108450
2024-07-29 14:16:06,38450.0,200,Buy,227108449
2024-07-29 14:16:21,38450.0,900,Buy,227108793
2024-07-29 14:16:22,38400.0,10000,Sell,227108830
2024-07-29 14:16:29,38400.0,3100,Sell,227108997
2024-07-29 14:16:29,38400.0,300,Sell,227108998
2024-07-29 14:16:29,38400.0,500,Sell,227108999
2024-07-29 14:16:29,38350.0,2000,Sell,227109000
2024-07-29 14:16:29,38300.0,2000,Sell,227109001
2024-07-29 14:16:29,38300.0,500,Sell,227109002
2024-07-29 14:16:29,38400.0,2000,Sell,227108996
2024-07-29 14:16:55,38300.0,100,Sell,227109634
2024-07-29 14:16:56,38400.0,1000,Buy,227109645
2024-07-29 14:17:39,38400.0,1000,Buy,227110768
2024-07-29 14:17:39,38400.0,1000,Buy,227110767
2024-07-29 14:18:11,38300.0,1100,Sell,227111981
2024-07-29 14:18:18,38350.0,100,Buy,227112107
2024-07-29 14:19:08,38350.0,300,Buy,227113526
2024-07-29 14:19:09,38350.0,100,Buy,227113547
2024-07-29 14:19:12,38350.0,100,Buy,227113609
2024-07-29 14:19:12,38350.0,400,Buy,227113610
2024-07-29 14:20:44,38350.0,100,Buy,227116253
2024-07-29 14:20:56,38300.0,1000,Sell,227116636
2024-07-29 14:20:56,38300.0,1000,Sell,227116635
2024-07-29 14:20:56,38300.0,2000,Sell,227116634
2024-07-29 14:20:56,38300.0,1000,Sell,227116633
2024-07-29 14:20:56,38300.0,4000,Sell,227116631
2024-07-29 14:20:56,38300.0,100,Sell,227116630
2024-07-29 14:20:56,38300.0,1000,Sell,227116629
2024-07-29 14:20:56,38300.0,300,Sell,227116628
2024-07-29 14:20:56,38300.0,900,Sell,227116627
2024-07-29 14:20:56,38300.0,1000,Sell,227116632
2024-07-29 14:21:31,38250.0,1000,Sell,227117531
2024-07-29 14:21:32,38300.0,1000,Buy,227117561
2024-07-29 14:21:32,38300.0,500,Buy,227117562
2024-07-29 14:21:32,38300.0,8500,Buy,227117563
2024-07-29 14:21:36,38300.0,500,Buy,227117706
2024-07-29 14:21:43,38250.0,1000,Sell,227118117
2024-07-29 14:22:07,38250.0,100,Buy,227118733
2024-07-29 14:22:07,38250.0,2500,Buy,227118734
2024-07-29 14:22:15,38250.0,2100,Buy,227118910
2024-07-29 14:22:17,38200.0,500,Sell,227119007
2024-07-29 14:22:17,38200.0,2000,Sell,227119008
2024-07-29 14:22:17,38200.0,100,Sell,227119009
2024-07-29 14:22:17,38200.0,200,Sell,227119010
2024-07-29 14:22:17,38200.0,500,Sell,227119011
2024-07-29 14:22:17,38200.0,200,Sell,227119012
2024-07-29 14:22:17,38200.0,2000,Sell,227119006
2024-07-29 14:22:17,38200.0,300,Sell,227119013
2024-07-29 14:22:37,38200.0,11200,Buy,227119772
2024-07-29 14:22:43,38200.0,500,Sell,227120088
2024-07-29 14:22:44,38200.0,9300,Sell,227120100
2024-07-29 14:23:02,38200.0,700,Buy,227120584
2024-07-29 14:23:02,38200.0,1300,Buy,227120585
2024-07-29 14:23:02,38200.0,400,Buy,227120586
2024-07-29 14:23:25,38200.0,300,Sell,227121336
2024-07-29 14:23:38,38200.0,8000,Sell,227121687
2024-07-29 14:23:38,38200.0,2000,Sell,227121686
2024-07-29 14:24:20,38200.0,200,Sell,227123098
2024-07-29 14:24:36,38200.0,100,Sell,227123624
2024-07-29 14:24:50,38200.0,200,Sell,227124243
2024-07-29 14:24:55,38200.0,500,Sell,227124432
2024-07-29 14:25:03,38200.0,200,Sell,227124691
2024-07-29 14:25:31,38200.0,400,Sell,227126181
2024-07-29 14:25:54,38200.0,100,Sell,227127067
2024-07-29 14:25:55,38200.0,100,Sell,227127089
2024-07-29 14:25:56,38200.0,1700,Sell,227127128
2024-07-29 14:25:56,38200.0,200,Sell,227127126
2024-07-29 14:25:56,38200.0,100,Sell,227127127
2024-07-29 14:26:12,38200.0,200,Sell,227127544
2024-07-29 14:26:15,38200.0,1000,Sell,227127689
2024-07-29 14:26:30,38200.0,100,Sell,227128187
2024-07-29 14:26:30,38200.0,4900,Sell,227128188
2024-07-29 14:26:37,38200.0,1000,Sell,227128438
2024-07-29 14:26:39,38200.0,1000,Sell,227128518
2024-07-29 14:26:40,38200.0,2200,Sell,227128532
2024-07-29 14:26:49,38200.0,1300,Sell,227128856
2024-07-29 14:26:49,38200.0,200,Sell,227128855
2024-07-29 14:26:49,38200.0,500,Sell,227128853
2024-07-29 14:26:49,38200.0,900,Sell,227128852
2024-07-29 14:26:49,38200.0,100,Sell,227128854
2024-07-29 14:26:50,38200.0,200,Sell,227128899
2024-07-29 14:27:03,38200.0,1000,Sell,227129333
2024-07-29 14:27:11,38200.0,1000,Buy,227129714
2024-07-29 14:27:15,38200.0,300,Sell,227129812
2024-07-29 14:27:27,38200.0,200,Sell,227130200
2024-07-29 14:27:29,38200.0,100,Sell,227130266
2024-07-29 14:27:29,38200.0,500,Sell,227130265
2024-07-29 14:27:37,38200.0,500,Sell,227130564
2024-07-29 14:27:37,38150.0,11500,Sell,227130565
2024-07-29 14:27:51,38200.0,700,Sell,227131099
2024-07-29 14:28:03,38200.0,4300,Sell,227131503
2024-07-29 14:28:03,38150.0,1200,Sell,227131504
2024-07-29 14:28:03,38150.0,500,Sell,227131505
2024-07-29 14:28:43,38150.0,100,Sell,227132993
2024-07-29 14:28:48,38150.0,500,Sell,227133164
2024-07-29 14:28:48,38150.0,900,Sell,227133165
2024-07-29 14:28:48,38150.0,100,Sell,227133162
2024-07-29 14:28:48,38150.0,300,Sell,227133161
2024-07-29 14:28:48,38150.0,200,Sell,227133163
2024-07-29 14:28:51,38150.0,900,Sell,227133269
2024-07-29 14:28:52,38200.0,2000,Buy,227133370
2024-07-29 14:28:59,38200.0,200,Buy,227133797
2024-07-29 14:29:11,38200.0,200,Buy,227134333
2024-07-29 14:29:14,38150.0,1900,Sell,227134431
2024-07-29 14:29:14,38150.0,3100,Sell,227134432
2024-07-29 14:29:18,38150.0,1000,Sell,227134600
2024-07-29 14:29:18,38150.0,1000,Sell,227134603
2024-07-29 14:29:22,38150.0,200,Sell,227134777
2024-07-29 14:29:22,38150.0,800,Sell,227134776
2024-07-29 14:29:23,38150.0,400,Sell,227134865
2024-07-29 14:29:27,38150.0,100,Sell,227135007
2024-07-29 14:29:28,38150.0,200,Sell,227135036
2024-07-29 14:29:28,38150.0,1000,Sell,227135037
2024-07-29 14:29:28,38150.0,200,Sell,227135038
2024-07-29 14:29:28,38150.0,2000,Sell,227135039
2024-07-29 14:29:28,38150.0,100,Sell,227135040
2024-07-29 14:29:34,38150.0,1500,Buy,227135242
2024-07-29 14:29:34,38150.0,100,Buy,227135243
2024-07-29 14:44:38,38150.0,58500,ATO/ATC,227136036
